  <div class='ocr_page' id='page_1' title='image "/cluster/home/n/w/nwhite01/storage/ocr_20150623/94/hvd.32044020406492/539.png"; bbox 0 0 4064 6346; ppageno 0'>
   <div class='ocr_carea' id='block_1_1' title="bbox 620 334 760 395">
    <p class='ocr_par' dir='ltr' id='par_1_1' title="bbox 620 334 760 395">
     <span class='ocr_line' id='line_1_1' title="bbox 620 334 760 395; baseline -0.05 0"><span class='ocrx_word' id='word_1_1' title='bbox 620 334 760 395; x_wconf 76' lang='grc'><strong>1063</strong></span> 
     </span>
    </p>
   </div>
   <div class='ocr_carea' id='block_1_2' title="bbox 1331 278 3091 379">
    <p class='ocr_par' dir='ltr' id='par_1_2' title="bbox 1331 278 3091 379">
     <span class='ocr_line' id='line_1_2' title="bbox 1331 278 3091 379; baseline -0.013 0"><span class='ocrx_word' id='word_1_2' title='bbox 1331 278 1533 379; x_wconf 57' lang='lat' dir='ltr'><strong>BENE</strong></span> <span class='ocrx_word' id='word_1_3' title='bbox 1579 315 2032 376; x_wconf 69' lang='lat' dir='ltr'><strong>VENERABILIS</strong></span> <span class='ocrx_word' id='word_1_4' title='bbox 2071 313 2220 369; x_wconf 84' lang='lat' dir='ltr'><strong>OPP.</strong></span> <span class='ocrx_word' id='word_1_5' title='bbox 2264 311 2438 366; x_wconf 80' lang='lat' dir='ltr'><strong>PARS</strong></span> <span class='ocrx_word' id='word_1_6' title='bbox 2478 310 2564 363; x_wconf 76' lang='lat' dir='ltr'><strong>IV.</strong></span> <span class='ocrx_word' id='word_1_7' title='bbox 2605 340 2673 351; x_wconf 90' lang='lat'>—</span> <span class='ocrx_word' id='word_1_8' title='bbox 2715 304 3091 364; x_wconf 76' lang='lat' dir='ltr'><strong>lllSTORlCA.</strong></span> 
     </span>
    </p>
   </div>
   <div class='ocr_carea' id='block_1_3' title="bbox 3743 301 3872 359">
    <p class='ocr_par' dir='ltr' id='par_1_3' title="bbox 3743 301 3872 359">
     <span class='ocr_line' id='line_1_3' title="bbox 3743 301 3872 359; baseline 0.031 -4"><span class='ocrx_word' id='word_1_9' title='bbox 3743 301 3872 359; x_wconf 66' lang='grc'><strong>1064</strong></span> 
     </span>
    </p>
   </div>
   <div class='ocr_carea' id='block_1_4' title="bbox 1889 401 2624 464">
    <p class='ocr_par' dir='ltr' id='par_1_4' title="bbox 1889 401 2624 464">
     <span class='ocr_line' id='line_1_4' title="bbox 1889 401 2624 464; baseline -0.011 0"><span class='ocrx_word' id='word_1_10' title='bbox 1889 408 2120 464; x_wconf 80' lang='grc' dir='ltr'><strong>Εῡιτιυ</strong></span> <span class='ocrx_word' id='word_1_11' title='bbox 2157 401 2624 462; x_wconf 74' lang='lat' dir='ltr'><strong>COLONIENSIS.</strong></span> 
     </span>
    </p>
   </div>
   <div class='ocr_carea' id='block_1_5' title="bbox 686 484 3870 577">
    <p class='ocr_par' dir='ltr' id='par_1_5' title="bbox 686 484 3870 577">
     <span class='ocr_line' id='line_1_5' title="bbox 686 484 3870 577; baseline -0.013 -1"><span class='ocrx_word' id='word_1_12' title='bbox 686 523 750 576; x_wconf 93' lang='lat' dir='ltr'><strong>D.</strong></span> <span class='ocrx_word' id='word_1_13' title='bbox 790 518 857 574; x_wconf 84' lang='lat' dir='ltr'><strong>IV</strong></span> <span class='ocrx_word' id='word_1_14' title='bbox 897 517 1027 572; x_wconf 73' lang='lat' dir='ltr'><strong>Non.</strong></span> <span class='ocrx_word' id='word_1_15' title='bbox 1067 513 1309 569; x_wconf 74' lang='lat' dir='ltr'><strong>Oc&#39;r.-—</strong></span> <span class='ocrx_word' id='word_1_16' title='bbox 1349 507 1500 577; x_wconf 84' lang='lat' dir='ltr'><strong>Apud</strong></span> <span class='ocrx_word' id='word_1_17' title='bbox 1547 503 1864 560; x_wconf 80' lang='lat' dir='ltr'><strong>Corinthum</strong></span> <span class='ocrx_word' id='word_1_18' title='bbox 1908 502 2187 556; x_wconf 91' lang='lat' dir='ltr'><strong>beatorum</strong></span> <span class='ocrx_word' id='word_1_19' title='bbox 2217 512 2265 571; x_wconf 74' lang='grc' dir='ltr'>Α</span> <span class='ocrx_word' id='word_1_20' title='bbox 2296 498 2350 551; x_wconf 91' lang='lat' dir='ltr'><strong>In</strong></span> <span class='ocrx_word' id='word_1_21' title='bbox 2375 496 2552 550; x_wconf 86' lang='lat' dir='ltr'><strong>Africa</strong></span> <span class='ocrx_word' id='word_1_22' title='bbox 2577 491 2821 556; x_wconf 87' lang='lat' dir='ltr'><strong>Andacti,</strong></span> <span class='ocrx_word' id='word_1_23' title='bbox 2847 490 3032 544; x_wconf 69' lang='lat' dir='ltr'><strong>Roma:</strong></span> <span class='ocrx_word' id='word_1_24' title='bbox 3060 484 3292 577; x_wconf 78' lang='lat' dir='ltr'><strong>Marcelli</strong></span> <span class='ocrx_word' id='word_1_25' title='bbox 3324 484 3870 577; x_wconf 73' lang='lat' dir='ltr'><strong>papm,Autissiodm-o</strong></span> 
     </span>
    </p>
   </div>
   <div class='ocr_carea' id='block_1_6' title="bbox 615 595 2192 684">
    <p class='ocr_par' dir='ltr' id='par_1_6' title="bbox 615 595 2192 684">
     <span class='ocr_line' id='line_1_6' title="bbox 615 595 2192 684; baseline -0.016 -12"><span class='ocrx_word' id='word_1_26' title='bbox 615 615 788 684; x_wconf 79' lang='lat' dir='ltr'><strong>Crispi</strong></span> <span class='ocrx_word' id='word_1_27' title='bbox 819 621 873 668; x_wconf 89' lang='lat' dir='ltr'><strong>et</strong></span> <span class='ocrx_word' id='word_1_28' title='bbox 898 610 1033 672; x_wconf 88' lang='lat' dir='ltr'><strong>Gaii,</strong></span> <span class='ocrx_word' id='word_1_29' title='bbox 1066 623 1200 677; x_wconf 90' lang='lat' dir='ltr'><strong>quos</strong></span> <span class='ocrx_word' id='word_1_30' title='bbox 1228 607 1414 660; x_wconf 91' lang='lat' dir='ltr'><strong>beatus</strong></span> <span class='ocrx_word' id='word_1_31' title='bbox 1443 601 1727 668; x_wconf 83' lang='lat' dir='ltr'><strong>Apostolus</strong></span> <span class='ocrx_word' id='word_1_32' title='bbox 1764 613 1823 652; x_wconf 91' lang='lat' dir='ltr'><strong>se</strong></span> <span class='ocrx_word' id='word_1_33' title='bbox 1848 597 1977 651; x_wconf 86' lang='lat' dir='ltr'><strong>dicit</strong></span> <span class='ocrx_word' id='word_1_34' title='bbox 2015 595 2192 663; x_wconf 90' lang='lat' dir='ltr'><strong>bapti-</strong></span> 
     </span>
    </p>
   </div>
   <div class='ocr_carea' id='block_1_7' title="bbox 616 686 2190 772">
    <p class='ocr_par' dir='ltr' id='par_1_7' title="bbox 616 686 2190 772">
     <span class='ocr_line' id='line_1_7' title="bbox 616 686 2190 772; baseline -0.019 -9"><span class='ocrx_word' id='word_1_35' title='bbox 616 723 786 769; x_wconf 82' lang='lat' dir='ltr'><strong>zasse,</strong></span> <span class='ocrx_word' id='word_1_36' title='bbox 818 705 968 772; x_wconf 90' lang='lat' dir='ltr'><strong>cujus</strong></span> <span class='ocrx_word' id='word_1_37' title='bbox 998 701 1112 757; x_wconf 85' lang='lat' dir='ltr'><strong>Gaii</strong></span> <span class='ocrx_word' id='word_1_38' title='bbox 1147 696 1390 753; x_wconf 91' lang='lat' dir='ltr'><strong>meminit</strong></span> <span class='ocrx_word' id='word_1_39' title='bbox 1419 695 1559 749; x_wconf 91' lang='lat' dir='ltr'><strong>idem</strong></span> <span class='ocrx_word' id='word_1_40' title='bbox 1593 690 1877 759; x_wconf 87' lang='lat' dir='ltr'><strong>Apostolus</strong></span> <span class='ocrx_word' id='word_1_41' title='bbox 1904 689 1968 739; x_wconf 92' lang='lat' dir='ltr'><strong>ad</strong></span> <span class='ocrx_word' id='word_1_42' title='bbox 1997 686 2190 738; x_wconf 73' lang='lat' dir='ltr'><strong>Roma-</strong></span> 
     </span>
    </p>
   </div>
   <div class='ocr_carea' id='block_1_8' title="bbox 615 771 2194 857">
    <p class='ocr_par' dir='ltr' id='par_1_8' title="bbox 615 771 2194 857">
     <span class='ocr_line' id='line_1_8' title="bbox 615 771 2194 857; baseline -0.019 -7"><span class='ocrx_word' id='word_1_43' title='bbox 615 811 716 850; x_wconf 92' lang='lat' dir='ltr'><strong>nos</strong></span> <span class='ocrx_word' id='word_1_44' title='bbox 753 812 766 847; x_wconf 90' lang='lat'><strong>:</strong></span> <span class='ocrx_word' id='word_1_45' title='bbox 797 771 1005 849; x_wconf 77' lang='lat' dir='ltr'><strong>Salutat</strong></span> <span class='ocrx_word' id='word_1_46' title='bbox 1035 807 1140 857; x_wconf 76' lang='lat' dir='ltr'><strong>vos,</strong></span> <span class='ocrx_word' id='word_1_47' title='bbox 1177 788 1364 856; x_wconf 84' lang='lat' dir='ltr'><strong>inquit,</strong></span> <span class='ocrx_word' id='word_1_48' title='bbox 1401 784 1560 836; x_wconf 75' lang='lat' dir='ltr'><strong>Gaius</strong></span> <span class='ocrx_word' id='word_1_49' title='bbox 1585 781 1766 846; x_wconf 77' lang='lat' dir='ltr'><strong>hospes</strong></span> <span class='ocrx_word' id='word_1_50' title='bbox 1795 790 1962 837; x_wconf 83' lang='lat' dir='ltr'><strong>meus,</strong></span> <span class='ocrx_word' id='word_1_51' title='bbox 1991 781 2036 826; x_wconf 85' lang='lat' dir='ltr'><strong>et</strong></span> <span class='ocrx_word' id='word_1_52' title='bbox 2079 771 2194 823; x_wconf 85' lang='lat' dir='ltr'><strong>uni-</strong></span> 
     </span>
    </p>
   </div>
   <div class='ocr_carea' id='block_1_9' title="bbox 614 861 2197 945">
    <p class='ocr_par' dir='ltr' id='par_1_9' title="bbox 614 861 2197 945">
     <span class='ocr_line' id='line_1_9' title="bbox 614 861 2197 945; baseline -0.019 -5"><span class='ocrx_word' id='word_1_53' title='bbox 614 899 772 939; x_wconf 72' lang='lat' dir='ltr'><strong>versa:</strong></span> <span class='ocrx_word' id='word_1_54' title='bbox 829 881 1096 936; x_wconf 80' lang='lat' dir='ltr'><strong>Ecclesiw.</strong></span> <span class='ocrx_word' id='word_1_55' title='bbox 1159 877 1324 945; x_wconf 85' lang='lat' dir='ltr'><strong>Cujus</strong></span> <span class='ocrx_word' id='word_1_56' title='bbox 1379 873 1562 926; x_wconf 90' lang='lat' dir='ltr'><strong>beatus</strong></span> <span class='ocrx_word' id='word_1_57' title='bbox 1619 866 1852 921; x_wconf 82' lang='lat' dir='ltr'><strong>Joannes</strong></span> <span class='ocrx_word' id='word_1_58' title='bbox 1909 861 2197 930; x_wconf 84' lang='lat' dir='ltr'><strong>Epistulam</strong></span> 
     </span>
    </p>
   </div>
   <div class='ocr_carea' id='block_1_10' title="bbox 615 958 2200 1036">
    <p class='ocr_par' dir='ltr' id='par_1_10' title="bbox 615 958 2200 1036">
     <span class='ocr_line' id='line_1_10' title="bbox 615 958 2200 1036; baseline -0.021 1"><span class='ocrx_word' id='word_1_59' title='bbox 615 981 856 1036; x_wconf 89' lang='lat' dir='ltr'><strong>scribens</strong></span> <span class='ocrx_word' id='word_1_60' title='bbox 897 974 1144 1032; x_wconf 85' lang='lat' dir='ltr'><strong>meminit</strong></span> <span class='ocrx_word' id='word_1_61' title='bbox 1177 974 1243 1024; x_wconf 90' lang='lat' dir='ltr'><strong>ita</strong></span> <span class='ocrx_word' id='word_1_62' title='bbox 1277 986 1292 1022; x_wconf 90' lang='lat'><strong>:</strong></span> <span class='ocrx_word' id='word_1_63' title='bbox 1325 967 1508 1023; x_wconf 83' lang='lat' dir='ltr'><strong>Senior</strong></span> <span class='ocrx_word' id='word_1_64' title='bbox 1545 962 1676 1016; x_wconf 88' lang='lat' dir='ltr'><strong>Gaio</strong></span> <span class='ocrx_word' id='word_1_65' title='bbox 1705 958 2028 1016; x_wconf 81' lang='lat' dir='ltr'><strong>charissima,</strong></span> <span class='ocrx_word' id='word_1_66' title='bbox 2053 967 2200 1021; x_wconf 85' lang='lat' dir='ltr'><strong>quem</strong></span> 
     </span>
    </p>
   </div>
   <div class='ocr_carea' id='block_1_11' title="bbox 615 1052 2198 1140">
    <p class='ocr_par' dir='ltr' id='par_1_11' title="bbox 615 1052 2198 1140">
     <span class='ocr_line' id='line_1_11' title="bbox 615 1052 2198 1140; baseline -0.017 -15"><span class='ocrx_word' id='word_1_67' title='bbox 615 1085 711 1140; x_wconf 80' lang='lat' dir='ltr'><strong>ego</strong></span> <span class='ocrx_word' id='word_1_68' title='bbox 760 1069 917 1138; x_wconf 81' lang='lat' dir='ltr'><strong>diligo</strong></span> <span class='ocrx_word' id='word_1_69' title='bbox 963 1067 1016 1118; x_wconf 86' lang='lat' dir='ltr'><strong>in</strong></span> <span class='ocrx_word' id='word_1_70' title='bbox 1064 1063 1290 1118; x_wconf 71' lang='lat' dir='ltr'><strong>veritate.</strong></span> <span class='ocrx_word' id='word_1_71' title='bbox 1347 1055 1499 1125; x_wconf 93' lang='lat' dir='ltr'><strong>Apud</strong></span> <span class='ocrx_word' id='word_1_72' title='bbox 1551 1052 1843 1122; x_wconf 66' lang='lat' dir='ltr'><strong>Egyptum</strong></span> <span class='ocrx_word' id='word_1_73' title='bbox 1895 1055 2198 1140; x_wconf 86' lang='lat' dir='ltr'><strong>sanctorum</strong></span> 
     </span>
    </p>
   </div>
   <div class='ocr_carea' id='block_1_12' title="bbox 618 1135 2202 1229">
    <p class='ocr_par' dir='ltr' id='par_1_12' title="bbox 618 1135 2202 1229">
     <span class='ocr_line' id='line_1_12' title="bbox 618 1135 2202 1229; baseline -0.019 -15"><span class='ocrx_word' id='word_1_74' title='bbox 618 1135 910 1229; x_wconf 76' lang='lat' dir='ltr'><strong>martyrum</strong></span> <span class='ocrx_word' id='word_1_75' title='bbox 958 1153 1121 1208; x_wconf 82' lang='lat' dir='ltr'><strong>Marci</strong></span> <span class='ocrx_word' id='word_1_76' title='bbox 1165 1161 1220 1207; x_wconf 90' lang='lat' dir='ltr'><strong>et</strong></span> <span class='ocrx_word' id='word_1_77' title='bbox 1264 1143 1505 1203; x_wconf 91' lang='lat' dir='ltr'><strong>Martiani</strong></span> <span class='ocrx_word' id='word_1_78' title='bbox 1553 1145 1808 1204; x_wconf 90' lang='lat' dir='ltr'><strong>fratrum,</strong></span> <span class='ocrx_word' id='word_1_79' title='bbox 1855 1145 1910 1192; x_wconf 90' lang='lat' dir='ltr'><strong>et</strong></span> <span class='ocrx_word' id='word_1_80' title='bbox 1955 1150 2077 1190; x_wconf 90' lang='lat' dir='ltr'><strong>cum</strong></span> <span class='ocrx_word' id='word_1_81' title='bbox 2122 1135 2202 1187; x_wconf 91' lang='lat' dir='ltr'><strong>cis</strong></span> 
     </span>
    </p>
   </div>
   <div class='ocr_carea' id='block_1_13' title="bbox 619 1225 2201 1308">
    <p class='ocr_par' dir='ltr' id='par_1_13' title="bbox 619 1225 2201 1308">
     <span class='ocr_line' id='line_1_13' title="bbox 619 1225 2201 1308; baseline -0.021 -1"><span class='ocrx_word' id='word_1_82' title='bbox 619 1225 1037 1308; x_wconf 85' lang='lat' dir='ltr'><strong>innumerabiles</strong></span> <span class='ocrx_word' id='word_1_83' title='bbox 1067 1243 1157 1297; x_wconf 91' lang='lat' dir='ltr'><strong>alii</strong></span> <span class='ocrx_word' id='word_1_84' title='bbox 1187 1255 1294 1296; x_wconf 91' lang='lat' dir='ltr'><strong>non</strong></span> <span class='ocrx_word' id='word_1_85' title='bbox 1323 1234 1561 1291; x_wconf 78' lang='lat' dir='ltr'><strong>inferiori</strong></span> <span class='ocrx_word' id='word_1_86' title='bbox 1593 1230 1759 1301; x_wconf 81' lang='lat' dir='ltr'><strong>gloria</strong></span> <span class='ocrx_word' id='word_1_87' title='bbox 1789 1239 1894 1282; x_wconf 90' lang='lat' dir='ltr'><strong>tam</strong></span> <span class='ocrx_word' id='word_1_88' title='bbox 1923 1225 2020 1278; x_wconf 91' lang='lat' dir='ltr'><strong>viri</strong></span> <span class='ocrx_word' id='word_1_89' title='bbox 2046 1236 2201 1291; x_wconf 87' lang='lat' dir='ltr'><strong>quam</strong></span> 
     </span>
    </p>
   </div>
   <div class='ocr_carea' id='block_1_14' title="bbox 617 1315 2203 1410">
    <p class='ocr_par' dir='ltr' id='par_1_14' title="bbox 617 1315 2203 1410">
     <span class='ocr_line' id='line_1_14' title="bbox 617 1315 2203 1410; baseline -0.02 -12"><span class='ocrx_word' id='word_1_90' title='bbox 617 1342 856 1410; x_wconf 70' lang='lat' dir='ltr'><strong>feminae,</strong></span> <span class='ocrx_word' id='word_1_91' title='bbox 887 1339 982 1394; x_wconf 90' lang='lat' dir='ltr'><strong>sed</strong></span> <span class='ocrx_word' id='word_1_92' title='bbox 1012 1346 1064 1392; x_wconf 88' lang='lat' dir='ltr'><strong>et</strong></span> <span class='ocrx_word' id='word_1_93' title='bbox 1091 1335 1240 1405; x_wconf 90' lang='lat' dir='ltr'><strong>pueri</strong></span> <span class='ocrx_word' id='word_1_94' title='bbox 1271 1346 1334 1386; x_wconf 88' lang='lat' dir='ltr'><strong>ac</strong></span> <span class='ocrx_word' id='word_1_95' title='bbox 1359 1342 1538 1392; x_wconf 89' lang='lat' dir='ltr'><strong>senes,</strong></span> <span class='ocrx_word' id='word_1_96' title='bbox 1577 1339 1672 1394; x_wconf 92' lang='lat' dir='ltr'><strong>pro</strong></span> <span class='ocrx_word' id='word_1_97' title='bbox 1719 1322 1821 1376; x_wconf 87' lang='lat' dir='ltr'><strong>llde</strong></span> <span class='ocrx_word' id='word_1_98' title='bbox 1861 1315 2063 1373; x_wconf 89' lang='lat' dir='ltr'><strong>Domini</strong></span> <span class='ocrx_word' id='word_1_99' title='bbox 2105 1329 2203 1369; x_wconf 90' lang='lat' dir='ltr'><strong>no-</strong></span> 
     </span>
    </p>
   </div>
   <div class='ocr_carea' id='block_1_15' title="bbox 620 1409 2205 1494">
    <p class='ocr_par' dir='ltr' id='par_1_15' title="bbox 620 1409 2205 1494">
     <span class='ocr_line' id='line_1_15' title="bbox 620 1409 2205 1494; baseline -0.02 -4"><span class='ocrx_word' id='word_1_100' title='bbox 620 1436 718 1491; x_wconf 85' lang='lat' dir='ltr'><strong>stri</strong></span> <span class='ocrx_word' id='word_1_101' title='bbox 749 1435 874 1489; x_wconf 83' lang='lat' dir='ltr'><strong>Jesn</strong></span> <span class='ocrx_word' id='word_1_102' title='bbox 904 1429 1125 1493; x_wconf 82' lang='lat' dir='ltr'><strong>Christi,</strong></span> <span class='ocrx_word' id='word_1_103' title='bbox 1160 1433 1474 1494; x_wconf 72' lang='lat' dir='ltr'><strong>prtesentem</strong></span> <span class='ocrx_word' id='word_1_104' title='bbox 1528 1419 1687 1471; x_wconf 87' lang='lat' dir='ltr'><strong>vitam</strong></span> <span class='ocrx_word' id='word_1_105' title='bbox 1735 1411 1883 1483; x_wconf 90' lang='lat' dir='ltr'><strong>parvi</strong></span> <span class='ocrx_word' id='word_1_106' title='bbox 1915 1409 2205 1478; x_wconf 85' lang='lat' dir='ltr'><strong>pendentes</strong></span> 
     </span>
    </p>
   </div>
   <div class='ocr_carea' id='block_1_16' title="bbox 621 1500 2204 1592">
    <p class='ocr_par' dir='ltr' id='par_1_16' title="bbox 621 1500 2204 1592">
     <span class='ocr_line' id='line_1_16' title="bbox 621 1500 2204 1592; baseline -0.018 -14"><span class='ocrx_word' id='word_1_107' title='bbox 621 1525 816 1579; x_wconf 73' lang='lat' dir='ltr'><strong>futurae</strong></span> <span class='ocrx_word' id='word_1_108' title='bbox 858 1521 1043 1592; x_wconf 85' lang='lat' dir='ltr'><strong>gloriae</strong></span> <span class='ocrx_word' id='word_1_109' title='bbox 1089 1513 1468 1572; x_wconf 87' lang='lat' dir='ltr'><strong>beatitudinem</strong></span> <span class='ocrx_word' id='word_1_110' title='bbox 1512 1510 1811 1578; x_wconf 62' lang='lat' dir='ltr'><strong>quaesivere</strong></span> <span class='ocrx_word' id='word_1_111' title='bbox 1853 1500 2112 1571; x_wconf 90' lang='lat' dir='ltr'><strong>:qnidam</strong></span> <span class='ocrx_word' id='word_1_112' title='bbox 2139 1512 2204 1551; x_wconf 83' lang='lat' dir='ltr'><strong>ex</strong></span> 
     </span>
    </p>
   </div>
   <div class='ocr_carea' id='block_1_17' title="bbox 622 1595 2207 1686">
    <p class='ocr_par' dir='ltr' id='par_1_17' title="bbox 622 1595 2207 1686">
     <span class='ocr_line' id='line_1_17' title="bbox 622 1595 2207 1686; baseline -0.014 -16"><span class='ocrx_word' id='word_1_113' title='bbox 622 1617 754 1686; x_wconf 82' lang='lat' dir='ltr'><strong>ipsis</strong></span> <span class='ocrx_word' id='word_1_114' title='bbox 783 1625 905 1685; x_wconf 92' lang='lat' dir='ltr'><strong>post</strong></span> <span class='ocrx_word' id='word_1_115' title='bbox 931 1614 1154 1668; x_wconf 82' lang='lat' dir='ltr'><strong>verbera</strong></span> <span class='ocrx_word' id='word_1_116' title='bbox 1188 1611 1426 1678; x_wconf 90' lang='lat' dir='ltr'><strong>aliosque</strong></span> <span class='ocrx_word' id='word_1_117' title='bbox 1455 1606 1653 1662; x_wconf 83' lang='lat' dir='ltr'><strong>diversi</strong></span> <span class='ocrx_word' id='word_1_118' title='bbox 1683 1601 1893 1674; x_wconf 79' lang='lat' dir='ltr'><strong>generis</strong></span> <span class='ocrx_word' id='word_1_119' title='bbox 1922 1595 2207 1652; x_wconf 85' lang='lat' dir='ltr'><strong>horribiles</strong></span> 
     </span>
    </p>
   </div>
   <div class='ocr_carea' id='block_1_18' title="bbox 621 1685 2199 1774">
    <p class='ocr_par' dir='ltr' id='par_1_18' title="bbox 621 1685 2199 1774">
     <span class='ocr_line' id='line_1_18' title="bbox 621 1685 2199 1774; baseline -0.016 -12"><span class='ocrx_word' id='word_1_120' title='bbox 621 1685 908 1774; x_wconf 81' lang='lat' dir='ltr'><strong>cruciatus,</strong></span> <span class='ocrx_word' id='word_1_121' title='bbox 940 1703 1169 1758; x_wconf 84' lang='lat' dir='ltr'><strong>flammis</strong></span> <span class='ocrx_word' id='word_1_122' title='bbox 1202 1701 1380 1756; x_wconf 85' lang='lat' dir='ltr'><strong>traditi</strong></span> <span class='ocrx_word' id='word_1_123' title='bbox 1411 1707 1555 1763; x_wconf 91' lang='lat' dir='ltr'><strong>sunt,</strong></span> <span class='ocrx_word' id='word_1_124' title='bbox 1599 1695 1686 1750; x_wconf 89' lang='lat' dir='ltr'><strong>alii</strong></span> <span class='ocrx_word' id='word_1_125' title='bbox 1737 1695 1788 1747; x_wconf 92' lang='lat' dir='ltr'><strong>in</strong></span> <span class='ocrx_word' id='word_1_126' title='bbox 1834 1705 1982 1746; x_wconf 92' lang='lat' dir='ltr'><strong>mare</strong></span> <span class='ocrx_word' id='word_1_127' title='bbox 2013 1685 2199 1758; x_wconf 70' lang='lat' dir='ltr'><strong>praeci-</strong></span> 
     </span>
    </p>
   </div>
   <div class='ocr_carea' id='block_1_19' title="bbox 622 1778 2205 1866">
    <p class='ocr_par' dir='ltr' id='par_1_19' title="bbox 622 1778 2205 1866">
     <span class='ocr_line' id='line_1_19' title="bbox 622 1778 2205 1866; baseline -0.015 -13"><span class='ocrx_word' id='word_1_128' title='bbox 622 1800 796 1866; x_wconf 80' lang='lat' dir='ltr'><strong>pitati,</strong></span> <span class='ocrx_word' id='word_1_129' title='bbox 824 1797 1062 1852; x_wconf 88' lang='lat' dir='ltr'><strong>nonnulli</strong></span> <span class='ocrx_word' id='word_1_130' title='bbox 1094 1794 1265 1848; x_wconf 88' lang='lat' dir='ltr'><strong>inedia</strong></span> <span class='ocrx_word' id='word_1_131' title='bbox 1295 1789 1620 1860; x_wconf 90' lang='lat' dir='ltr'><strong>consumpti,</strong></span> <span class='ocrx_word' id='word_1_132' title='bbox 1647 1787 1734 1841; x_wconf 89' lang='lat' dir='ltr'><strong>alii</strong></span> <span class='ocrx_word' id='word_1_133' title='bbox 1761 1781 2010 1856; x_wconf 81' lang='lat' dir='ltr'><strong>patibulis</strong></span> <span class='ocrx_word' id='word_1_134' title='bbox 2041 1778 2205 1841; x_wconf 77' lang='lat' dir='ltr'><strong>afﬁxi,</strong></span> 
     </span>
    </p>
   </div>
   <div class='ocr_carea' id='block_1_20' title="bbox 626 1881 1604 1951">
    <p class='ocr_par' dir='ltr' id='par_1_20' title="bbox 626 1881 1604 1951">
     <span class='ocr_line' id='line_1_20' title="bbox 626 1881 1604 1951; baseline -0.011 -8"><span class='ocrx_word' id='word_1_135' title='bbox 626 1887 866 1943; x_wconf 90' lang='lat' dir='ltr'><strong>nonnulli</strong></span> <span class='ocrx_word' id='word_1_136' title='bbox 913 1887 1073 1941; x_wconf 89' lang='lat' dir='ltr'><strong>etiam</strong></span> <span class='ocrx_word' id='word_1_137' title='bbox 1122 1885 1296 1951; x_wconf 88' lang='lat' dir='ltr'><strong>capite</strong></span> <span class='ocrx_word' id='word_1_138' title='bbox 1341 1881 1489 1951; x_wconf 67' lang='lat' dir='ltr'><strong>caesi,</strong></span> <span class='ocrx_word' id='word_1_139' title='bbox 1536 1881 1604 1933; x_wconf 92' lang='lat' dir='ltr'><strong>ita</strong></span> 
     </span>
    </p>
   </div>
   <div class='ocr_carea' id='block_1_21' title="bbox 625 1967 2210 2040">
    <p class='ocr_par' dir='ltr' id='par_1_21' title="bbox 625 1967 2210 2040">
     <span class='ocr_line' id='line_1_21' title="bbox 625 1967 2210 2040; baseline -0.016 -6"><span class='ocrx_word' id='word_1_140' title='bbox 625 1995 749 2034; x_wconf 87' lang='lat' dir='ltr'><strong>suas</strong></span> <span class='ocrx_word' id='word_1_141' title='bbox 778 1977 1054 2032; x_wconf 89' lang='lat' dir='ltr'><strong>securibus</strong></span> <span class='ocrx_word' id='word_1_142' title='bbox 1083 1976 1295 2028; x_wconf 84' lang='lat' dir='ltr'><strong>darent.</strong></span> <span class='ocrx_word' id='word_1_143' title='bbox 1341 1973 1396 2026; x_wconf 93' lang='lat' dir='ltr'><strong>In</strong></span> <span class='ocrx_word' id='word_1_144' title='bbox 1446 1972 1636 2040; x_wconf 85' lang='lat' dir='ltr'><strong>quibus</strong></span> <span class='ocrx_word' id='word_1_145' title='bbox 1665 1967 1879 2036; x_wconf 82' lang='lat' dir='ltr'><strong>quidam</strong></span> <span class='ocrx_word' id='word_1_146' title='bbox 1913 1977 2062 2016; x_wconf 86' lang='lat' dir='ltr'><strong>more</strong></span> <span class='ocrx_word' id='word_1_147' title='bbox 2093 1974 2210 2026; x_wconf 86' lang='lat' dir='ltr'><strong>per-</strong></span> 
     </span>
    </p>
   </div>
   <div class='ocr_carea' id='block_1_22' title="bbox 625 2051 2242 2138">
    <p class='ocr_par' dir='ltr' id='par_1_22' title="bbox 625 2051 2242 2138">
     <span class='ocr_line' id='line_1_22' title="bbox 625 2051 2242 2138; baseline -0.014 -16"><span class='ocrx_word' id='word_1_148' title='bbox 625 2085 781 2124; x_wconf 89' lang='lat' dir='ltr'><strong>verso</strong></span> <span class='ocrx_word' id='word_1_149' title='bbox 809 2070 982 2138; x_wconf 88' lang='lat' dir='ltr'><strong>capite</strong></span> <span class='ocrx_word' id='word_1_150' title='bbox 1011 2070 1260 2121; x_wconf 88' lang='lat' dir='ltr'><strong>deorsum</strong></span> <span class='ocrx_word' id='word_1_151' title='bbox 1295 2079 1500 2134; x_wconf 89' lang='lat' dir='ltr'><strong>presso,</strong></span> <span class='ocrx_word' id='word_1_152' title='bbox 1532 2072 1585 2116; x_wconf 93' lang='lat' dir='ltr'><strong>et</strong></span> <span class='ocrx_word' id='word_1_153' title='bbox 1628 2060 1852 2130; x_wconf 88' lang='lat' dir='ltr'><strong>pedibus</strong></span> <span class='ocrx_word' id='word_1_154' title='bbox 1894 2057 1947 2110; x_wconf 90' lang='lat' dir='ltr'><strong>in</strong></span> <span class='ocrx_word' id='word_1_155' title='bbox 1985 2051 2242 2107; x_wconf 63' lang='lat' dir='ltr'><strong>sublime</strong></span> 
     </span>
    </p>
   </div>
   <div class='ocr_carea' id='block_1_23' title="bbox 626 2148 2214 2227">
    <p class='ocr_par' dir='ltr' id='par_1_23' title="bbox 626 2148 2214 2227">
     <span class='ocr_line' id='line_1_23' title="bbox 626 2148 2214 2227; baseline -0.013 -12"><span class='ocrx_word' id='word_1_156' title='bbox 626 2161 871 2227; x_wconf 82' lang='lat' dir='ltr'><strong>sublatis,</strong></span> <span class='ocrx_word' id='word_1_157' title='bbox 905 2159 1267 2214; x_wconf 89' lang='lat' dir='ltr'><strong>beatissimam</strong></span> <span class='ocrx_word' id='word_1_158' title='bbox 1298 2169 1550 2212; x_wconf 90' lang='lat' dir='ltr'><strong>coronam</strong></span> <span class='ocrx_word' id='word_1_159' title='bbox 1581 2151 1848 2221; x_wconf 88' lang='lat' dir='ltr'><strong>passionis</strong></span> <span class='ocrx_word' id='word_1_160' title='bbox 1879 2148 2214 2201; x_wconf 88' lang='lat' dir='ltr'><strong>meruerunt.</strong></span> 
     </span>
    </p>
   </div>
   <div class='ocr_carea' id='block_1_24' title="bbox 2297 573 3872 654">
    <p class='ocr_par' dir='ltr' id='par_1_24' title="bbox 2297 573 3872 654">
     <span class='ocr_line' id='line_1_24' title="bbox 2297 573 3872 654; baseline -0.006 -14"><span class='ocrx_word' id='word_1_161' title='bbox 2297 585 2559 654; x_wconf 77' lang='lat' dir='ltr'><strong>depositio</strong></span> <span class='ocrx_word' id='word_1_162' title='bbox 2587 584 2741 638; x_wconf 80' lang='lat' dir='ltr'><strong>Marsi</strong></span> <span class='ocrx_word' id='word_1_163' title='bbox 2773 579 3094 653; x_wconf 86' lang='lat' dir='ltr'><strong>presbyteri.</strong></span> <span class='ocrx_word' id='word_1_164' title='bbox 3125 575 3326 632; x_wconf 85' lang='lat' dir='ltr'><strong>Eodem</strong></span> <span class='ocrx_word' id='word_1_165' title='bbox 3376 573 3465 630; x_wconf 86' lang='lat' dir='ltr'><strong>die</strong></span> <span class='ocrx_word' id='word_1_166' title='bbox 3509 576 3676 629; x_wconf 84' lang='lat' dir='ltr'><strong>sancti</strong></span> <span class='ocrx_word' id='word_1_167' title='bbox 3718 573 3872 630; x_wconf 81' lang='lat' dir='ltr'><strong>Fran-</strong></span> 
     </span>
    </p>
   </div>
   <div class='ocr_carea' id='block_1_25' title="bbox 2295 674 2792 731">
    <p class='ocr_par' dir='ltr' id='par_1_25' title="bbox 2295 674 2792 731">
     <span class='ocr_line' id='line_1_25' title="bbox 2295 674 2792 731; baseline -0.008 -1"><span class='ocrx_word' id='word_1_168' title='bbox 2295 677 2421 731; x_wconf 90' lang='lat' dir='ltr'><strong>cisci</strong></span> <span class='ocrx_word' id='word_1_169' title='bbox 2449 674 2792 730; x_wconf 80' lang='lat' dir='ltr'><strong>confessoris.</strong></span> 
     </span>
    </p>
   </div>
   <div class='ocr_carea' id='block_1_26' title="bbox 2373 758 3874 828">
    <p class='ocr_par' dir='ltr' id='par_1_26' title="bbox 2373 758 3874 828">
     <span class='ocr_line' id='line_1_26' title="bbox 2373 758 3874 828; baseline -0.004 -8"><span class='ocrx_word' id='word_1_170' title='bbox 2373 767 2432 820; x_wconf 85' lang='lat' dir='ltr'><strong>E.</strong></span> <span class='ocrx_word' id='word_1_171' title='bbox 2475 767 2536 820; x_wconf 92' lang='lat' dir='ltr'><strong>Ill</strong></span> <span class='ocrx_word' id='word_1_172' title='bbox 2579 765 2712 820; x_wconf 75' lang='lat' dir='ltr'><strong>Non.</strong></span> <span class='ocrx_word' id='word_1_173' title='bbox 2754 764 2874 818; x_wconf 68' lang='lat' dir='ltr'><strong>Jan.</strong></span> <span class='ocrx_word' id='word_1_174' title='bbox 2913 790 2984 802; x_wconf 93' lang='lat'><strong><em>—</em></strong></span> <span class='ocrx_word' id='word_1_175' title='bbox 3023 759 3175 828; x_wconf 86' lang='lat' dir='ltr'><strong>Apud</strong></span> <span class='ocrx_word' id='word_1_176' title='bbox 3206 758 3441 815; x_wconf 90' lang='lat' dir='ltr'><strong>Siciliam</strong></span> <span class='ocrx_word' id='word_1_177' title='bbox 3473 759 3645 812; x_wconf 83' lang='lat' dir='ltr'><strong>natale</strong></span> <span class='ocrx_word' id='word_1_178' title='bbox 3675 768 3874 814; x_wconf 83' lang='lat' dir='ltr'><strong>sancto-</strong></span> 
     </span>
    </p>
   </div>
   <div class='ocr_carea' id='block_1_27' title="bbox 2301 848 3871 926">
    <p class='ocr_par' dir='ltr' id='par_1_27' title="bbox 2301 848 3871 926">
     <span class='ocr_line' id='line_1_27' title="bbox 2301 848 3871 926; baseline -0.003 -16"><span class='ocrx_word' id='word_1_179' title='bbox 2301 873 2416 910; x_wconf 90' lang='lat' dir='ltr'><strong>rum</strong></span> <span class='ocrx_word' id='word_1_180' title='bbox 2461 856 2684 920; x_wconf 84' lang='lat' dir='ltr'><strong>Placidi,</strong></span> <span class='ocrx_word' id='word_1_181' title='bbox 2729 854 2976 926; x_wconf 87' lang='lat' dir='ltr'><strong>Eutycbii</strong></span> <span class='ocrx_word' id='word_1_182' title='bbox 3007 862 3060 906; x_wconf 89' lang='lat' dir='ltr'><strong>et</strong></span> <span class='ocrx_word' id='word_1_183' title='bbox 3087 853 3314 906; x_wconf 91' lang='lat' dir='ltr'><strong>aliorum</strong></span> <span class='ocrx_word' id='word_1_184' title='bbox 3347 850 3580 918; x_wconf 82' lang='lat' dir='ltr'><strong>triginta.</strong></span> <span class='ocrx_word' id='word_1_185' title='bbox 3611 848 3669 903; x_wconf 91' lang='lat' dir='ltr'><strong>ln</strong></span> <span class='ocrx_word' id='word_1_186' title='bbox 3714 850 3871 905; x_wconf 86' lang='lat' dir='ltr'><strong>Gallia</strong></span> 
     </span>
    </p>
   </div>
   <div class='ocr_carea' id='block_1_28' title="bbox 2300 939 3872 1008">
    <p class='ocr_par' dir='ltr' id='par_1_28' title="bbox 2300 939 3872 1008">
     <span class='ocr_line' id='line_1_28' title="bbox 2300 939 3872 1008; baseline -0.004 -8"><span class='ocrx_word' id='word_1_187' title='bbox 2300 947 2513 1000; x_wconf 80' lang='lat' dir='ltr'><strong>civitate</strong></span> <span class='ocrx_word' id='word_1_188' title='bbox 2575 945 2853 1008; x_wconf 81' lang='lat' dir='ltr'><strong>Valentia,</strong></span> <span class='ocrx_word' id='word_1_189' title='bbox 2909 943 3084 996; x_wconf 89' lang='lat' dir='ltr'><strong>natale</strong></span> <span class='ocrx_word' id='word_1_190' title='bbox 3152 941 3321 994; x_wconf 88' lang='lat' dir='ltr'><strong>sancti</strong></span> <span class='ocrx_word' id='word_1_191' title='bbox 3387 939 3713 1006; x_wconf 76' lang='lat' dir='ltr'><strong>Apollinaris</strong></span> <span class='ocrx_word' id='word_1_192' title='bbox 3767 941 3872 1008; x_wconf 88' lang='lat' dir='ltr'><strong>epi-</strong></span> 
     </span>
    </p>
   </div>
   <div class='ocr_carea' id='block_1_29' title="bbox 2301 1029 3877 1104">
    <p class='ocr_par' dir='ltr' id='par_1_29' title="bbox 2301 1029 3877 1104">
     <span class='ocr_line' id='line_1_29' title="bbox 2301 1029 3877 1104; baseline -0.005 -13"><span class='ocrx_word' id='word_1_193' title='bbox 2301 1037 2469 1104; x_wconf 88' lang='lat' dir='ltr'><strong>scopi,</strong></span> <span class='ocrx_word' id='word_1_194' title='bbox 2508 1037 2660 1104; x_wconf 84' lang='lat' dir='ltr'><strong>cujus</strong></span> <span class='ocrx_word' id='word_1_195' title='bbox 2702 1035 2805 1089; x_wconf 86' lang='lat' dir='ltr'><strong>vita</strong></span> <span class='ocrx_word' id='word_1_196' title='bbox 2857 1044 2908 1088; x_wconf 92' lang='lat' dir='ltr'><strong>et</strong></span> <span class='ocrx_word' id='word_1_197' title='bbox 2938 1031 3220 1086; x_wconf 81' lang='lat' dir='ltr'><strong>virtutibus</strong></span> <span class='ocrx_word' id='word_1_198' title='bbox 3260 1031 3481 1100; x_wconf 79' lang='lat' dir='ltr'><strong>insignis</strong></span> <span class='ocrx_word' id='word_1_199' title='bbox 3513 1029 3629 1093; x_wconf 90' lang='lat' dir='ltr'><strong>fuit,</strong></span> <span class='ocrx_word' id='word_1_200' title='bbox 3662 1039 3714 1083; x_wconf 91' lang='lat' dir='ltr'><strong>et</strong></span> <span class='ocrx_word' id='word_1_201' title='bbox 3745 1044 3877 1083; x_wconf 83' lang='lat' dir='ltr'><strong>mors</strong></span> 
     </span>
    </p>
   </div>
   <div class='ocr_carea' id='block_1_30' title="bbox 2303 1125 3874 1197">
    <p class='ocr_par' dir='ltr' id='par_1_30' title="bbox 2303 1125 3874 1197">
     <span class='ocr_line' id='line_1_30' title="bbox 2303 1125 3874 1197; baseline -0.005 -12"><span class='ocrx_word' id='word_1_202' title='bbox 2303 1131 2650 1186; x_wconf 86' lang='lat' dir='ltr'><strong>nihilominus</strong></span> <span class='ocrx_word' id='word_1_203' title='bbox 2707 1127 2872 1197; x_wconf 84' lang='lat' dir='ltr'><strong>signis</strong></span> <span class='ocrx_word' id='word_1_204' title='bbox 2923 1136 2979 1182; x_wconf 93' lang='lat' dir='ltr'><strong>et</strong></span> <span class='ocrx_word' id='word_1_205' title='bbox 3052 1127 3304 1195; x_wconf 87' lang='lat' dir='ltr'><strong>prodigiis</strong></span> <span class='ocrx_word' id='word_1_206' title='bbox 3371 1125 3680 1180; x_wconf 88' lang='lat' dir='ltr'><strong>decoratur.</strong></span> <span class='ocrx_word' id='word_1_207' title='bbox 3738 1126 3874 1194; x_wconf 83' lang='lat' dir='ltr'><strong>Apud</strong></span> 
     </span>
    </p>
   </div>
   <div class='ocr_carea' id='block_1_31' title="bbox 2305 1215 3873 1284">
    <p class='ocr_par' dir='ltr' id='par_1_31' title="bbox 2305 1215 3873 1284">
     <span class='ocr_line' id='line_1_31' title="bbox 2305 1215 3873 1284; baseline -0.006 -8"><span class='ocrx_word' id='word_1_208' title='bbox 2305 1221 2616 1276; x_wconf 87' lang='lat' dir='ltr'><strong>Eumeniam</strong></span> <span class='ocrx_word' id='word_1_209' title='bbox 2658 1219 2797 1274; x_wconf 86' lang='lat' dir='ltr'><strong>beati</strong></span> <span class='ocrx_word' id='word_1_210' title='bbox 2847 1219 3058 1273; x_wconf 78' lang='lat' dir='ltr'><strong>Praseac</strong></span> <span class='ocrx_word' id='word_1_211' title='bbox 3098 1215 3358 1283; x_wconf 86' lang='lat' dir='ltr'><strong>episcopi,</strong></span> <span class='ocrx_word' id='word_1_212' title='bbox 3401 1216 3543 1284; x_wconf 89' lang='lat' dir='ltr'><strong>apud</strong></span> <span class='ocrx_word' id='word_1_213' title='bbox 3588 1215 3873 1284; x_wconf 81' lang='lat' dir='ltr'><strong>Smyrniam</strong></span> 
     </span>
    </p>
   </div>
   <div class='ocr_carea' id='block_1_32' title="bbox 2304 1306 3874 1382">
    <p class='ocr_par' dir='ltr' id='par_1_32' title="bbox 2304 1306 3874 1382">
     <span class='ocr_line' id='line_1_32' title="bbox 2304 1306 3874 1382; baseline -0.006 -15"><span class='ocrx_word' id='word_1_214' title='bbox 2304 1313 2561 1382; x_wconf 83' lang='lat' dir='ltr'><strong>martyrio</strong></span> <span class='ocrx_word' id='word_1_215' title='bbox 2589 1309 2974 1374; x_wconf 86' lang='lat' dir='ltr'><strong>consummati,</strong></span> <span class='ocrx_word' id='word_1_216' title='bbox 2998 1308 3089 1378; x_wconf 90' lang='lat' dir='ltr'><strong>qui</strong></span> <span class='ocrx_word' id='word_1_217' title='bbox 3123 1322 3258 1360; x_wconf 90' lang='lat' dir='ltr'><strong>unus</strong></span> <span class='ocrx_word' id='word_1_218' title='bbox 3285 1323 3351 1361; x_wconf 77' lang='lat' dir='ltr'><strong>ex</strong></span> <span class='ocrx_word' id='word_1_219' title='bbox 3383 1306 3620 1374; x_wconf 73' lang='lat' dir='ltr'><strong>antiquis</strong></span> <span class='ocrx_word' id='word_1_220' title='bbox 3649 1306 3799 1374; x_wconf 90' lang='lat' dir='ltr'><strong>quasi</strong></span> <span class='ocrx_word' id='word_1_221' title='bbox 3820 1321 3874 1359; x_wconf 81' lang='lat' dir='ltr'><strong>et</strong></span> 
     </span>
    </p>
   </div>
   <div class='ocr_carea' id='block_1_33' title="bbox 2307 1397 3874 1470">
    <p class='ocr_par' dir='ltr' id='par_1_33' title="bbox 2307 1397 3874 1470">
     <span class='ocr_line' id='line_1_33' title="bbox 2307 1397 3874 1470; baseline -0.005 -12"><span class='ocrx_word' id='word_1_222' title='bbox 2307 1406 2594 1458; x_wconf 89' lang='lat' dir='ltr'><strong>traditione</strong></span> <span class='ocrx_word' id='word_1_223' title='bbox 2625 1402 2861 1470; x_wconf 88' lang='lat' dir='ltr'><strong>priorum</strong></span> <span class='ocrx_word' id='word_1_224' title='bbox 2890 1415 2951 1455; x_wconf 88' lang='lat' dir='ltr'><strong>se</strong></span> <span class='ocrx_word' id='word_1_225' title='bbox 2975 1401 3247 1468; x_wconf 87' lang='lat' dir='ltr'><strong>accepisse</strong></span> <span class='ocrx_word' id='word_1_226' title='bbox 3282 1399 3534 1464; x_wconf 87' lang='lat' dir='ltr'><strong>asseruit,</strong></span> <span class='ocrx_word' id='word_1_227' title='bbox 3562 1397 3874 1452; x_wconf 83' lang='lat' dir='ltr'><strong>Salvatorem</strong></span> 
     </span>
    </p>
   </div>
   <div class='ocr_carea' id='block_1_34' title="bbox 2305 1489 3872 1563">
    <p class='ocr_par' dir='ltr' id='par_1_34' title="bbox 2305 1489 3872 1563">
     <span class='ocr_line' id='line_1_34' title="bbox 2305 1489 3872 1563; baseline -0.006 -15"><span class='ocrx_word' id='word_1_228' title='bbox 2305 1494 2622 1563; x_wconf 66' lang='lat' dir='ltr'><strong>praecepisse</strong></span> <span class='ocrx_word' id='word_1_229' title='bbox 2646 1493 2896 1562; x_wconf 86' lang='lat' dir='ltr'><strong>apostolis</strong></span> <span class='ocrx_word' id='word_1_230' title='bbox 2920 1495 3126 1555; x_wconf 91' lang='lat' dir='ltr'><strong>suis,ut</strong></span> <span class='ocrx_word' id='word_1_231' title='bbox 3148 1490 3279 1544; x_wconf 88' lang='lat' dir='ltr'><strong>infra</strong></span> <span class='ocrx_word' id='word_1_232' title='bbox 3304 1489 3677 1544; x_wconf 89' lang='lat' dir='ltr'><strong>duodecimum</strong></span> <span class='ocrx_word' id='word_1_233' title='bbox 3693 1503 3872 1541; x_wconf 89' lang='lat' dir='ltr'><strong>annum</strong></span> 
     </span>
    </p>
   </div>
   <div class='ocr_carea' id='block_1_35' title="bbox 2307 1579 3875 1654">
    <p class='ocr_par' dir='ltr' id='par_1_35' title="bbox 2307 1579 3875 1654">
     <span class='ocr_line' id='line_1_35' title="bbox 2307 1579 3875 1654; baseline -0.008 -14"><span class='ocrx_word' id='word_1_234' title='bbox 2307 1601 2334 1639; x_wconf 90' lang='lat' dir='ltr'><strong>a</strong></span> <span class='ocrx_word' id='word_1_235' title='bbox 2351 1585 2700 1654; x_wconf 84' lang='lat' dir='ltr'><strong>Jerosolymis</strong></span> <span class='ocrx_word' id='word_1_236' title='bbox 2727 1598 2832 1637; x_wconf 94' lang='lat' dir='ltr'><strong>non</strong></span> <span class='ocrx_word' id='word_1_237' title='bbox 2854 1582 3207 1637; x_wconf 87' lang='lat' dir='ltr'><strong>discederent.</strong></span> <span class='ocrx_word' id='word_1_238' title='bbox 3239 1579 3612 1636; x_wconf 87' lang='lat' dir='ltr'><strong>Autissiodoro</strong></span> <span class='ocrx_word' id='word_1_239' title='bbox 3633 1580 3875 1646; x_wconf 84' lang='lat' dir='ltr'><strong>depositio</strong></span> 
     </span>
    </p>
   </div>
   <div class='ocr_carea' id='block_1_36' title="bbox 2309 1669 3879 1750">
    <p class='ocr_par' dir='ltr' id='par_1_36' title="bbox 2309 1669 3879 1750">
     <span class='ocr_line' id='line_1_36' title="bbox 2309 1669 3879 1750; baseline -0.006 -20"><span class='ocrx_word' id='word_1_240' title='bbox 2309 1686 2612 1730; x_wconf 89' lang='lat' dir='ltr'><strong>sanctorum</strong></span> <span class='ocrx_word' id='word_1_241' title='bbox 2654 1674 3069 1750; x_wconf 79' lang='lat' dir='ltr'><strong>Germanorum,</strong></span> <span class='ocrx_word' id='word_1_242' title='bbox 3099 1682 3153 1725; x_wconf 90' lang='lat' dir='ltr'><strong>et</strong></span> <span class='ocrx_word' id='word_1_243' title='bbox 3185 1671 3402 1726; x_wconf 82' lang='lat' dir='ltr'><strong>Firmati</strong></span> <span class='ocrx_word' id='word_1_244' title='bbox 3433 1669 3670 1733; x_wconf 87' lang='lat' dir='ltr'><strong>diaconi,</strong></span> <span class='ocrx_word' id='word_1_245' title='bbox 3696 1679 3750 1723; x_wconf 89' lang='lat' dir='ltr'><strong>et</strong></span> <span class='ocrx_word' id='word_1_246' title='bbox 3775 1669 3879 1723; x_wconf 83' lang='lat' dir='ltr'><strong>Fla-</strong></span> 
     </span>
    </p>
   </div>
   <div class='ocr_carea' id='block_1_37' title="bbox 2310 1765 3108 1836">
    <p class='ocr_par' dir='ltr' id='par_1_37' title="bbox 2310 1765 3108 1836">
     <span class='ocr_line' id='line_1_37' title="bbox 2310 1765 3108 1836; baseline -0.009 -13"><span class='ocrx_word' id='word_1_247' title='bbox 2310 1770 2444 1823; x_wconf 69' lang='lat' dir='ltr'><strong>vinze</strong></span> <span class='ocrx_word' id='word_1_248' title='bbox 2477 1765 2694 1836; x_wconf 82' lang='lat' dir='ltr'><strong>virginis</strong></span> <span class='ocrx_word' id='word_1_249' title='bbox 2726 1765 2836 1820; x_wconf 92' lang='lat' dir='ltr'><strong>Deo</strong></span> <span class='ocrx_word' id='word_1_250' title='bbox 2866 1775 3108 1820; x_wconf 77' lang='lat' dir='ltr'><strong>sacratte.</strong></span> 
     </span>
    </p>
   </div>
   <div class='ocr_carea' id='block_1_38' title="bbox 1648 1851 3879 1944">
    <p class='ocr_par' dir='ltr' id='par_1_38' title="bbox 1648 1851 3879 1944">
     <span class='ocr_line' id='line_1_38' title="bbox 1648 1851 3879 1944; baseline -0.013 -12"><span class='ocrx_word' id='word_1_251' title='bbox 1648 1888 1704 1932; x_wconf 94' lang='lat' dir='ltr'><strong>ut</strong></span> <span class='ocrx_word' id='word_1_252' title='bbox 1741 1851 1931 1944; x_wconf 77' lang='lat' dir='ltr'><strong>sponte</strong></span> <span class='ocrx_word' id='word_1_253' title='bbox 1973 1869 2206 1926; x_wconf 89' lang='lat' dir='ltr'><strong>cervices</strong></span> <span class='ocrx_word' id='word_1_254' title='bbox 2239 1883 2284 1942; x_wconf 73' lang='grc' dir='ltr'><strong>Β</strong></span> <span class='ocrx_word' id='word_1_255' title='bbox 2383 1860 2446 1913; x_wconf 87' lang='lat' dir='ltr'><strong>F.</strong></span> <span class='ocrx_word' id='word_1_256' title='bbox 2491 1859 2637 1912; x_wconf 78' lang='lat' dir='ltr'><strong>Pam.</strong></span> <span class='ocrx_word' id='word_1_257' title='bbox 2681 1857 2814 1912; x_wconf 70' lang='lat' dir='ltr'><strong>Non.</strong></span> <span class='ocrx_word' id='word_1_258' title='bbox 2854 1856 2986 1910; x_wconf 76' lang='lat' dir='ltr'><strong>Ocr.</strong></span> <span class='ocrx_word' id='word_1_259' title='bbox 3020 1884 3091 1895; x_wconf 94' lang='lat'><strong>—</strong></span> <span class='ocrx_word' id='word_1_260' title='bbox 3117 1852 3270 1921; x_wconf 89' lang='lat' dir='ltr'><strong>Apud</strong></span> <span class='ocrx_word' id='word_1_261' title='bbox 3302 1852 3535 1921; x_wconf 87' lang='lat' dir='ltr'><strong>Capuam</strong></span> <span class='ocrx_word' id='word_1_262' title='bbox 3568 1851 3747 1905; x_wconf 82' lang='lat' dir='ltr'><strong>natale</strong></span> <span class='ocrx_word' id='word_1_263' title='bbox 3774 1863 3879 1904; x_wconf 83' lang='lat' dir='ltr'><strong>san-</strong></span> 
     </span>
    </p>
   </div>
   <div class='ocr_carea' id='block_1_39' title="bbox 2317 1941 3880 2013">
    <p class='ocr_par' dir='ltr' id='par_1_39' title="bbox 2317 1941 3880 2013">
     <span class='ocr_line' id='line_1_39' title="bbox 2317 1941 3880 2013; baseline -0.007 -7"><span class='ocrx_word' id='word_1_264' title='bbox 2317 1963 2522 2006; x_wconf 86' lang='lat' dir='ltr'><strong>ctorum</strong></span> <span class='ocrx_word' id='word_1_265' title='bbox 2557 1949 2813 2013; x_wconf 81' lang='lat' dir='ltr'><strong>Marcelli,</strong></span> <span class='ocrx_word' id='word_1_266' title='bbox 2842 1949 3007 2012; x_wconf 88' lang='lat' dir='ltr'><strong>Casti,</strong></span> <span class='ocrx_word' id='word_1_267' title='bbox 3037 1946 3260 2007; x_wconf 64' lang='lat' dir='ltr'><strong>Aimrli,</strong></span> <span class='ocrx_word' id='word_1_268' title='bbox 3294 1945 3586 2000; x_wconf 88' lang='lat' dir='ltr'><strong>Saturnini.</strong></span> <span class='ocrx_word' id='word_1_269' title='bbox 3631 1944 3686 1996; x_wconf 90' lang='lat' dir='ltr'><strong>In</strong></span> <span class='ocrx_word' id='word_1_270' title='bbox 3717 1941 3880 1996; x_wconf 81' lang='lat' dir='ltr'><strong>Galliis</strong></span> 
     </span>
    </p>
   </div>
   <div class='ocr_carea' id='block_1_40' title="bbox 2318 2036 3880 2109">
    <p class='ocr_par' dir='ltr' id='par_1_40' title="bbox 2318 2036 3880 2109">
     <span class='ocr_line' id='line_1_40' title="bbox 2318 2036 3880 2109; baseline -0.008 -13"><span class='ocrx_word' id='word_1_271' title='bbox 2318 2044 2537 2096; x_wconf 89' lang='lat' dir='ltr'><strong>civitate</strong></span> <span class='ocrx_word' id='word_1_272' title='bbox 2586 2040 2825 2109; x_wconf 88' lang='lat' dir='ltr'><strong>Agavino</strong></span> <span class='ocrx_word' id='word_1_273' title='bbox 2869 2038 3046 2091; x_wconf 85' lang='lat' dir='ltr'><strong>natale</strong></span> <span class='ocrx_word' id='word_1_274' title='bbox 3090 2037 3236 2091; x_wconf 84' lang='lat' dir='ltr'><strong>Fidei</strong></span> <span class='ocrx_word' id='word_1_275' title='bbox 3285 2036 3505 2104; x_wconf 76' lang='lat' dir='ltr'><strong>virginis</strong></span> <span class='ocrx_word' id='word_1_276' title='bbox 3543 2045 3598 2088; x_wconf 92' lang='lat' dir='ltr'><strong>et</strong></span> <span class='ocrx_word' id='word_1_277' title='bbox 3629 2037 3880 2101; x_wconf 86' lang='lat' dir='ltr'><strong>martyris,</strong></span> 
     </span>
    </p>
   </div>
   <div class='ocr_carea' id='block_1_41' title="bbox 2321 2125 3880 2203">
    <p class='ocr_par' dir='ltr' id='par_1_41' title="bbox 2321 2125 3880 2203">
     <span class='ocr_line' id='line_1_41' title="bbox 2321 2125 3880 2203; baseline -0.008 -15"><span class='ocrx_word' id='word_1_278' title='bbox 2321 2134 2475 2203; x_wconf 83' lang='lat' dir='ltr'><strong>cujus</strong></span> <span class='ocrx_word' id='word_1_279' title='bbox 2504 2131 2754 2200; x_wconf 76' lang='lat' dir='ltr'><strong>exemplo</strong></span> <span class='ocrx_word' id='word_1_280' title='bbox 2784 2132 2968 2186; x_wconf 86' lang='lat' dir='ltr'><strong>beatus</strong></span> <span class='ocrx_word' id='word_1_281' title='bbox 2992 2128 3276 2196; x_wconf 80' lang='lat' dir='ltr'><strong>Capra-ius</strong></span> <span class='ocrx_word' id='word_1_282' title='bbox 3303 2129 3367 2182; x_wconf 90' lang='lat' dir='ltr'><strong>ad</strong></span> <span class='ocrx_word' id='word_1_283' title='bbox 3398 2142 3627 2198; x_wconf 82' lang='lat' dir='ltr'><strong>agonem</strong></span> <span class='ocrx_word' id='word_1_284' title='bbox 3666 2125 3880 2195; x_wconf 80' lang='lat' dir='ltr'><strong>martyrii</strong></span> 
     </span>
    </p>
   </div>
   <div class='ocr_carea' id='block_1_42' title="bbox 1875 2227 2649 2293">
    <p class='ocr_par' dir='ltr' id='par_1_42' title="bbox 1875 2227 2649 2293">
     <span class='ocr_line' id='line_1_42' title="bbox 1875 2227 2649 2293; baseline -0.018 1"><span class='ocrx_word' id='word_1_285' title='bbox 1875 2236 2104 2293; x_wconf 81' lang='lat' dir='ltr'><strong>EDITIO</strong></span> <span class='ocrx_word' id='word_1_286' title='bbox 2146 2227 2649 2288; x_wconf 75' lang='lat' dir='ltr'><strong>llULLANDlANA.</strong></span> 
     </span>
    </p>
   </div>
   <div class='ocr_carea' id='block_1_43' title="bbox 629 2331 2195 2418">
    <p class='ocr_par' dir='ltr' id='par_1_43' title="bbox 629 2331 2195 2418">
     <span class='ocr_line' id='line_1_43' title="bbox 629 2331 2195 2418; baseline -0.015 -15"><span class='ocrx_word' id='word_1_287' title='bbox 629 2343 1083 2418; x_wconf 38' lang='lat' dir='ltr'><strong>nysiiepiscopi;</strong></span> <span class='ocrx_word' id='word_1_288' title='bbox 1111 2342 1193 2402; x_wconf 81' lang='lat' dir='ltr'><strong>D.,</strong></span> <span class='ocrx_word' id='word_1_289' title='bbox 1228 2340 1282 2393; x_wconf 92' lang='lat' dir='ltr'><strong>In</strong></span> <span class='ocrx_word' id='word_1_290' title='bbox 1313 2339 1602 2418; x_wconf 71' lang='lat' dir='ltr'><strong>Antiochia</strong></span> <span class='ocrx_word' id='word_1_291' title='bbox 1628 2333 1817 2418; x_wconf 68' lang='lat' dir='ltr'><strong>natalis</strong></span> <span class='ocrx_word' id='word_1_292' title='bbox 1839 2331 1922 2418; x_wconf 71' lang='lat' dir='ltr'><strong>_S.</strong></span> <span class='ocrx_word' id='word_1_293' title='bbox 1953 2331 2195 2418; x_wconf 50' lang='lat' dir='ltr'><strong>Theoge-</strong></span> 
     </span>
    </p>
   </div>
   <div class='ocr_carea' id='block_1_44' title="bbox 631 2405 2194 2498">
    <p class='ocr_par' dir='ltr' id='par_1_44' title="bbox 631 2405 2194 2498">
     <span class='ocr_line' id='line_1_44' title="bbox 631 2405 2194 2498; baseline -0.013 -27"><span class='ocrx_word' id='word_1_294' title='bbox 631 2405 732 2498; x_wconf 62' lang='lat' dir='ltr'><strong>nis:</strong></span> <span class='ocrx_word' id='word_1_295' title='bbox 779 2405 844 2468; x_wconf 61' lang='lat' dir='ltr'><strong>ln&#39;</strong></span> <span class='ocrx_word' id='word_1_296' title='bbox 866 2405 999 2482; x_wconf 81' lang='lat' dir='ltr'><strong>pago</strong></span> <span class='ocrx_word' id='word_1_297' title='bbox 1031 2413 1328 2465; x_wconf 88' lang='lat' dir='ltr'><strong>Pictavensi</strong></span> <span class='ocrx_word' id='word_1_298' title='bbox 1361 2411 1540 2478; x_wconf 90' lang='lat' dir='ltr'><strong>passio</strong></span> <span class='ocrx_word' id='word_1_299' title='bbox 1570 2411 1628 2462; x_wconf 74' lang='grc' dir='ltr'>ὃ.</span> <span class='ocrx_word' id='word_1_300' title='bbox 1657 2416 1681 2442; x_wconf 74' lang='grc' dir='ltr'>ι</span> <span class='ocrx_word' id='word_1_301' title='bbox 1711 2405 2022 2472; x_wconf 87' lang='lat' dir='ltr'><strong>Leodegarii</strong></span> <span class='ocrx_word' id='word_1_302' title='bbox 2056 2413 2194 2453; x_wconf 89' lang='lat' dir='ltr'><strong>mar-</strong></span> 
     </span>
    </p>
   </div>
   <div class='ocr_carea' id='block_1_45' title="bbox 631 2501 1570 2630">
    <p class='ocr_par' dir='ltr' id='par_1_45' title="bbox 631 2501 1570 2630">
     <span class='ocr_line' id='line_1_45' title="bbox 631 2501 1570 2630; baseline -0.011 0"><span class='ocrx_word' id='word_1_303' title='bbox 631 2501 854 2630; x_wconf 38' lang='lat' dir='ltr'><strong>lyTZ—</strong></span> <span class='ocrx_word' id='word_1_304' title='bbox 878 2575 943 2628; x_wconf 87' lang='lat' dir='ltr'><strong>IV</strong></span> <span class='ocrx_word' id='word_1_305' title='bbox 973 2573 1170 2626; x_wconf 66' lang='lat' dir='ltr'><strong>Nonas.</strong></span> <span class='ocrx_word' id='word_1_306' title='bbox 1200 2570 1363 2623; x_wconf 83' lang='lat' dir='ltr'><strong>Vacat</strong></span> <span class='ocrx_word' id='word_1_307' title='bbox 1396 2567 1570 2621; x_wconf 71' lang='lat' dir='ltr'><strong>Dteda.</strong></span> 
     </span>
    </p>
   </div>
   <div class='ocr_carea' id='block_1_46' title="bbox 709 2648 2210 2729">
    <p class='ocr_par' dir='ltr' id='par_1_46' title="bbox 709 2648 2210 2729">
     <span class='ocr_line' id='line_1_46' title="bbox 709 2648 2210 2729; baseline -0.011 -10"><span class='ocrx_word' id='word_1_308' title='bbox 709 2667 770 2719; x_wconf 81' lang='grc' dir='ltr'>Β.</span> <span class='ocrx_word' id='word_1_309' title='bbox 801 2665 864 2717; x_wconf 75' lang='grc' dir='ltr'>ν.</span> <span class='ocrx_word' id='word_1_310' title='bbox 895 2665 978 2726; x_wconf 71' lang='grc'><strong>(2.,</strong></span> <span class='ocrx_word' id='word_1_311' title='bbox 1008 2661 1066 2716; x_wconf 88' lang='lat' dir='ltr'><strong>in</strong></span> <span class='ocrx_word' id='word_1_312' title='bbox 1099 2660 1333 2729; x_wconf 65' lang='lat' dir='ltr'><strong>ngyplo</strong></span> <span class='ocrx_word' id='word_1_313' title='bbox 1355 2657 1378 2693; x_wconf 71' lang='grc' dir='ltr'><strong>ι)</strong></span> <span class='ocrx_word' id='word_1_314' title='bbox 1409 2657 1568 2729; x_wconf 64' lang='lat' dir='ltr'><strong>Marci</strong></span> <span class='ocrx_word' id='word_1_315' title='bbox 1593 2664 1666 2729; x_wconf 83' lang='lat' dir='ltr'><strong>_ct</strong></span> <span class='ocrx_word' id='word_1_316' title='bbox 1705 2650 1976 2729; x_wconf 75' lang='lat' dir='ltr'><strong>Marciani.</strong></span> <span class='ocrx_word' id='word_1_317' title='bbox 2123 2648 2210 2729; x_wconf 54' lang='grc' dir='ltr'><strong>ϐε,</strong></span> 
     </span>
    </p>
   </div>
   <div class='ocr_carea' id='block_1_47' title="bbox 636 2721 2210 2798">
    <p class='ocr_par' dir='ltr' id='par_1_47' title="bbox 636 2721 2210 2798">
     <span class='ocr_line' id='line_1_47' title="bbox 636 2721 2210 2798; baseline -0.013 -6"><span class='ocrx_word' id='word_1_318' title='bbox 636 2736 777 2793; x_wconf 82' lang='lat' dir='ltr'><strong>Alibi</strong></span> <span class='ocrx_word' id='word_1_319' title='bbox 809 2721 1039 2787; x_wconf 79' lang='lat' dir='ltr'><strong>Marcelli</strong></span> <span class='ocrx_word' id='word_1_320' title='bbox 1069 2721 1327 2798; x_wconf 47' lang='lat' dir='ltr'><strong>epis&#39;c&#39;o&#39;pi.</strong></span> <span class='ocrx_word' id='word_1_321' title='bbox 1366 2729 1452 2798; x_wconf 83' lang='lat' dir='ltr'><strong>V.,</strong></span> <span class='ocrx_word' id='word_1_322' title='bbox 1487 2726 1548 2778; x_wconf 80' lang='lat' dir='ltr'><strong>Et</strong></span> <span class='ocrx_word' id='word_1_323' title='bbox 1574 2725 1840 2798; x_wconf 77' lang='lat' dir='ltr'><strong>depositio</strong></span> <span class='ocrx_word' id='word_1_324' title='bbox 1867 2721 2076 2798; x_wconf 45' lang='lat' dir='ltr'><strong>{Marsi</strong></span> <span class='ocrx_word' id='word_1_325' title='bbox 2099 2721 2210 2788; x_wconf 86' lang='lat' dir='ltr'><strong>epi-</strong></span> 
     </span>
    </p>
   </div>
   <div class='ocr_carea' id='block_1_48' title="bbox 635 2790 2210 2874">
    <p class='ocr_par' dir='ltr' id='par_1_48' title="bbox 635 2790 2210 2874">
     <span class='ocr_line' id='line_1_48' title="bbox 635 2790 2210 2874; baseline -0.015 -12"><span class='ocrx_word' id='word_1_326' title='bbox 635 2790 805 2874; x_wconf 75' lang='lat' dir='ltr'><strong>sCOpi.</strong></span> <span class='ocrx_word' id='word_1_327' title='bbox 826 2806 886 2858; x_wconf 81' lang='grc' dir='ltr'>Β.</span> <span class='ocrx_word' id='word_1_328' title='bbox 903 2803 988 2868; x_wconf 88' lang='lat' dir='ltr'><strong>C.,</strong></span> <span class='ocrx_word' id='word_1_329' title='bbox 1011 2790 1380 2874; x_wconf 67' lang='lat' dir='ltr'><strong>Auitssitidoro</strong></span> <span class='ocrx_word' id='word_1_330' title='bbox 1404 2797 1492 2874; x_wconf 59' lang='grc' dir='ltr'><strong>[ζῖἒ</strong></span> <span class='ocrx_word' id='word_1_331' title='bbox 1510 2813 1612 2872; x_wconf 86' lang='lat' dir='ltr'><strong>om.</strong></span> <span class='ocrx_word' id='word_1_332' title='bbox 1631 2790 2027 2874; x_wconf 60' lang='lat' dir='ltr'><strong>Autissiodorol</strong></span> <span class='ocrx_word' id='word_1_333' title='bbox 2047 2791 2210 2874; x_wconf 72' lang='lat' dir='ltr'><strong>depo-</strong></span> 
     </span>
    </p>
   </div>
   <div class='ocr_carea' id='block_1_49' title="bbox 639 2861 2205 2940">
    <p class='ocr_par' dir='ltr' id='par_1_49' title="bbox 639 2861 2205 2940">
     <span class='ocr_line' id='line_1_49' title="bbox 639 2861 2205 2940; baseline -0.012 -10"><span class='ocrx_word' id='word_1_334' title='bbox 639 2861 762 2931; x_wconf 74' lang='lat' dir='ltr'><strong>sitib</strong></span> <span class='ocrx_word' id='word_1_335' title='bbox 792 2875 952 2929; x_wconf 87' lang='lat' dir='ltr'><strong>Marci</strong></span> <span class='ocrx_word' id='word_1_336' title='bbox 977 2861 1302 2940; x_wconf 76' lang='lat' dir='ltr'><strong>presbyteri.</strong></span> <span class='ocrx_word' id='word_1_337' title='bbox 1345 2861 1595 2940; x_wconf 39' lang='lat' dir='ltr'><strong>Iri-Africa</strong></span> <span class='ocrx_word' id='word_1_338' title='bbox 1622 2864 1905 2940; x_wconf 76' lang='lat' dir='ltr'><strong>Maurusii,</strong></span> <span class='ocrx_word' id='word_1_339' title='bbox 1940 2861 2205 2940; x_wconf 70' lang='lat' dir='ltr'><strong>Restituti.</strong></span> 
     </span>
    </p>
   </div>
   <div class='ocr_carea' id='block_1_50' title="bbox 639 2931 2211 3013">
    <p class='ocr_par' dir='ltr' id='par_1_50' title="bbox 639 2931 2211 3013">
     <span class='ocr_line' id='line_1_50' title="bbox 639 2931 2211 3013; baseline -0.013 -11"><span class='ocrx_word' id='word_1_340' title='bbox 639 2947 732 3009; x_wconf 90' lang='lat' dir='ltr'><strong>D.,</strong></span> <span class='ocrx_word' id='word_1_341' title='bbox 761 2945 913 3013; x_wconf 86' lang='lat' dir='ltr'><strong>Apud</strong></span> <span class='ocrx_word' id='word_1_342' title='bbox 934 2931 1254 3013; x_wconf 62' lang='lat' dir='ltr'><strong>corinthium</strong></span> <span class='ocrx_word' id='word_1_343' title='bbox 1271 2939 1517 3013; x_wconf 82' lang='lat' dir='ltr'><strong>Crispiet</strong></span> <span class='ocrx_word' id='word_1_344' title='bbox 1539 2935 1697 3013; x_wconf 47' lang='lat' dir='ltr'><strong>Gaiii</strong></span> <span class='ocrx_word' id='word_1_345' title='bbox 1715 2947 1950 3013; x_wconf 36' lang='lat' dir='ltr'><strong>quorum‘</strong></span> <span class='ocrx_word' id='word_1_346' title='bbox 1970 2931 2211 3013; x_wconf 73' lang='lat' dir='ltr'><strong>meminit</strong></span> 
     </span>
    </p>
   </div>
   <div class='ocr_carea' id='block_1_51' title="bbox 637 2999 2206 3085">
    <p class='ocr_par' dir='ltr' id='par_1_51' title="bbox 637 2999 2206 3085">
     <span class='ocr_line' id='line_1_51' title="bbox 637 2999 2206 3085; baseline -0.013 -13"><span class='ocrx_word' id='word_1_347' title='bbox 637 2999 926 3085; x_wconf 69' lang='lat' dir='ltr'><strong>Apostolus</strong></span> <span class='ocrx_word' id='word_1_348' title='bbox 949 2999 1604 3085; x_wconf 29' lang='grc' dir='ltr'><strong>ιιρυιῂἰ-ιιιιιὶἰςηςιςὶηὶκξηε.Δ</strong></span> <span class='ocrx_word' id='word_1_349' title='bbox 1629 2999 1762 3085; x_wconf 41' lang='grc'>⁸1)..</span> <span class='ocrx_word' id='word_1_350' title='bbox 1819 3001 1870 3054; x_wconf 93' lang='lat' dir='ltr'><strong>In</strong></span> <span class='ocrx_word' id='word_1_351' title='bbox 1918 2999 2206 3085; x_wconf 58' lang='lat' dir='ltr'><strong>Anxiopoli</strong></span> 
     </span>
    </p>
   </div>
   <div class='ocr_carea' id='block_1_52' title="bbox 640 3071 2206 3140">
    <p class='ocr_par' dir='ltr' id='par_1_52' title="bbox 640 3071 2206 3140">
     <span class='ocr_line' id='line_1_52' title="bbox 640 3071 2206 3140; baseline -0.012 0"><span class='ocrx_word' id='word_1_352' title='bbox 640 3071 812 3140; x_wconf 65' lang='lat' dir='ltr'><strong>natale</strong></span> <span class='ocrx_word' id='word_1_353' title='bbox 839 3087 898 3139; x_wconf 87' lang='lat' dir='ltr'><strong>S.</strong></span> <span class='ocrx_word' id='word_1_354' title='bbox 926 3091 950 3120; x_wconf 76' lang='grc' dir='ltr'>ε</span> <span class='ocrx_word' id='word_1_355' title='bbox 974 3082 1155 3135; x_wconf 88' lang='lat' dir='ltr'><strong>Clasii.</strong></span> <span class='ocrx_word' id='word_1_356' title='bbox 1187 3085 1250 3134; x_wconf 88' lang='lat' dir='ltr'><strong>A.</strong></span> <span class='ocrx_word' id='word_1_357' title='bbox 1278 3078 1341 3132; x_wconf 86' lang='grc' dir='ltr'>Τ.</span> <span class='ocrx_word' id='word_1_358' title='bbox 1377 3077 1462 3134; x_wconf 83' lang='grc' dir='ltr'>ι...</span> <span class='ocrx_word' id='word_1_359' title='bbox 1493 3077 1545 3127; x_wconf 89' lang='lat' dir='ltr'><strong>in</strong></span> <span class='ocrx_word' id='word_1_360' title='bbox 1579 3073 1752 3128; x_wconf 80' lang='lat' dir='ltr'><strong>Africa</strong></span> <span class='ocrx_word' id='word_1_361' title='bbox 1788 3071 1964 3124; x_wconf 87' lang='lat' dir='ltr'><strong>natale</strong></span> <span class='ocrx_word' id='word_1_362' title='bbox 1995 3081 2206 3122; x_wconf 84' lang='lat' dir='ltr'><strong>sancto-</strong></span> 
     </span>
    </p>
   </div>
   <div class='ocr_carea' id='block_1_53' title="bbox 638 3141 2210 3214">
    <p class='ocr_par' dir='ltr' id='par_1_53' title="bbox 638 3141 2210 3214">
     <span class='ocr_line' id='line_1_53' title="bbox 638 3141 2210 3214; baseline -0.011 -4"><span class='ocrx_word' id='word_1_363' title='bbox 638 3172 755 3212; x_wconf 88' lang='lat' dir='ltr'><strong>rum</strong></span> <span class='ocrx_word' id='word_1_364' title='bbox 803 3151 1051 3210; x_wconf 75' lang='lat' dir='ltr'><strong>Restituti</strong></span> <span class='ocrx_word' id='word_1_365' title='bbox 1099 3159 1154 3205; x_wconf 92' lang='lat' dir='ltr'><strong>et</strong></span> <span class='ocrx_word' id='word_1_366' title='bbox 1200 3150 1258 3205; x_wconf 77' lang='grc'>8.</span> <span class='ocrx_word' id='word_1_367' title='bbox 1291 3146 1525 3203; x_wconf 79' lang='lat' dir='ltr'><strong>Marcelli</strong></span> <span class='ocrx_word' id='word_1_368' title='bbox 1553 3141 2210 3214; x_wconf 81' lang='lat' dir='ltr'><strong>episc0pi.Autissiodoro</strong></span> 
     </span>
    </p>
   </div>
   <div class='ocr_carea' id='block_1_54' title="bbox 2324 2315 3884 2389">
    <p class='ocr_par' dir='ltr' id='par_1_54' title="bbox 2324 2315 3884 2389">
     <span class='ocr_line' id='line_1_54' title="bbox 2324 2315 3884 2389; baseline -0.001 -16"><span class='ocrx_word' id='word_1_369' title='bbox 2324 2320 2584 2385; x_wconf 70' lang='lat' dir='ltr'><strong>depositio</strong></span> <span class='ocrx_word' id='word_1_370' title='bbox 2607 2321 2664 2374; x_wconf 90' lang='lat' dir='ltr'><strong>S.</strong></span> <span class='ocrx_word' id='word_1_371' title='bbox 2685 2319 2843 2374; x_wconf 84' lang='lat' dir='ltr'><strong>Marci</strong></span> <span class='ocrx_word' id='word_1_372' title='bbox 2870 2317 3186 2389; x_wconf 78' lang='lat' dir='ltr'><strong>presbyteri.</strong></span> <span class='ocrx_word' id='word_1_373' title='bbox 3221 2317 3306 2384; x_wconf 86' lang='lat' dir='ltr'><strong>L.,</strong></span> <span class='ocrx_word' id='word_1_374' title='bbox 3326 2317 3389 2370; x_wconf 86' lang='lat' dir='ltr'><strong>Et</strong></span> <span class='ocrx_word' id='word_1_375' title='bbox 3412 2317 3589 2371; x_wconf 88' lang='lat' dir='ltr'><strong>natale</strong></span> <span class='ocrx_word' id='word_1_376' title='bbox 3615 2318 3678 2372; x_wconf 87' lang='lat' dir='ltr'><strong>S.</strong></span> <span class='ocrx_word' id='word_1_377' title='bbox 3700 2317 3718 2354; x_wconf 74' lang='grc' dir='ltr'>ί</span> <span class='ocrx_word' id='word_1_378' title='bbox 3741 2315 3884 2372; x_wconf 72' lang='grc' dir='ltr'><strong>Ρτςιηο</strong></span> 
     </span>
    </p>
   </div>
   <div class='ocr_carea' id='block_1_55' title="bbox 2316 2391 2820 2445">
    <p class='ocr_par' dir='ltr' id='par_1_55' title="bbox 2316 2391 2820 2445">
     <span class='ocr_line' id='line_1_55' title="bbox 2316 2391 2820 2445; baseline -0.004 -1"><span class='ocrx_word' id='word_1_379' title='bbox 2316 2391 2442 2444; x_wconf 83' lang='lat' dir='ltr'><strong>cisci</strong></span> <span class='ocrx_word' id='word_1_380' title='bbox 2471 2391 2820 2445; x_wconf 77' lang='lat' dir='ltr'><strong>confessoris.</strong></span> 
     </span>
    </p>
   </div>
   <div class='ocr_carea' id='block_1_56' title="bbox 2388 2503 3251 2561">
    <p class='ocr_par' dir='ltr' id='par_1_56' title="bbox 2388 2503 3251 2561">
     <span class='ocr_line' id='line_1_56' title="bbox 2388 2503 3251 2561; baseline -0.005 -1"><span class='ocrx_word' id='word_1_381' title='bbox 2388 2507 2440 2561; x_wconf 89' lang='lat'><strong>5.</strong></span> <span class='ocrx_word' id='word_1_382' title='bbox 2463 2537 2534 2548; x_wconf 88' lang='lat'><strong>--</strong></span> <span class='ocrx_word' id='word_1_383' title='bbox 2557 2505 2621 2558; x_wconf 92' lang='grc' dir='ltr'><strong>ΙΙΙ</strong></span> <span class='ocrx_word' id='word_1_384' title='bbox 2653 2503 2851 2559; x_wconf 72' lang='lat' dir='ltr'><strong>Notus.</strong></span> <span class='ocrx_word' id='word_1_385' title='bbox 2885 2503 3047 2557; x_wconf 83' lang='lat' dir='ltr'><strong>Vacat</strong></span> <span class='ocrx_word' id='word_1_386' title='bbox 3075 2503 3251 2556; x_wconf 69' lang='lat' dir='ltr'><strong>Bazda.</strong></span> 
     </span>
    </p>
   </div>
   <div class='ocr_carea' id='block_1_57' title="bbox 2393 2613 3876 2682">
    <p class='ocr_par' dir='ltr' id='par_1_57' title="bbox 2393 2613 3876 2682">
     <span class='ocr_line' id='line_1_57' title="bbox 2393 2613 3876 2682; baseline -0.003 -13"><span class='ocrx_word' id='word_1_387' title='bbox 2393 2617 2455 2670; x_wconf 88' lang='lat' dir='ltr'><strong>V.</strong></span> <span class='ocrx_word' id='word_1_388' title='bbox 2485 2618 2572 2682; x_wconf 90' lang='lat' dir='ltr'><strong>C.,</strong></span> <span class='ocrx_word' id='word_1_389' title='bbox 2605 2617 2661 2671; x_wconf 91' lang='lat' dir='ltr'><strong>ln</strong></span> <span class='ocrx_word' id='word_1_390' title='bbox 2692 2616 2871 2671; x_wconf 83' lang='lat' dir='ltr'><strong>Sicilia</strong></span> <span class='ocrx_word' id='word_1_391' title='bbox 2898 2625 2921 2663; x_wconf 71' lang='grc' dir='ltr'>ε</span> <span class='ocrx_word' id='word_1_392' title='bbox 2947 2615 3182 2678; x_wconf 84' lang='lat' dir='ltr'><strong>Placidi,</strong></span> <span class='ocrx_word' id='word_1_393' title='bbox 3228 2614 3394 2668; x_wconf 89' lang='lat' dir='ltr'><strong>Eutici</strong></span> <span class='ocrx_word' id='word_1_394' title='bbox 3441 2623 3494 2667; x_wconf 89' lang='lat' dir='ltr'><strong>ct</strong></span> <span class='ocrx_word' id='word_1_395' title='bbox 3537 2613 3626 2666; x_wconf 86' lang='lat' dir='ltr'><strong>alii</strong></span> <span class='ocrx_word' id='word_1_396' title='bbox 3662 2613 3876 2680; x_wconf 80' lang='lat' dir='ltr'><strong>triginta.</strong></span> 
     </span>
    </p>
   </div>
   <div class='ocr_carea' id='block_1_58' title="bbox 2331 2682 3881 2753">
    <p class='ocr_par' dir='ltr' id='par_1_58' title="bbox 2331 2682 3881 2753">
     <span class='ocr_line' id='line_1_58' title="bbox 2331 2682 3881 2753; baseline -0.005 -11"><span class='ocrx_word' id='word_1_397' title='bbox 2331 2687 2469 2742; x_wconf 81' lang='lat' dir='ltr'><strong>Alibi</strong></span> <span class='ocrx_word' id='word_1_398' title='bbox 2500 2688 2786 2748; x_wconf 75' lang='lat' dir='ltr'><strong>Victorini,</strong></span> <span class='ocrx_word' id='word_1_399' title='bbox 2819 2686 3021 2740; x_wconf 82' lang='lat' dir='ltr'><strong>Fausti.</strong></span> <span class='ocrx_word' id='word_1_400' title='bbox 3075 2686 3163 2748; x_wconf 90' lang='lat' dir='ltr'><strong>D.,</strong></span> <span class='ocrx_word' id='word_1_401' title='bbox 3196 2685 3346 2753; x_wconf 82' lang='lat' dir='ltr'><strong>Apud</strong></span> <span class='ocrx_word' id='word_1_402' title='bbox 3380 2682 3613 2738; x_wconf 82' lang='lat' dir='ltr'><strong>Siciliam</strong></span> <span class='ocrx_word' id='word_1_403' title='bbox 3649 2685 3746 2738; x_wconf 78' lang='lat' dir='ltr'><strong>SS.</strong></span> <span class='ocrx_word' id='word_1_404' title='bbox 3777 2683 3881 2753; x_wconf 63' lang='lat' dir='ltr'><strong>l’lao</strong></span> 
     </span>
    </p>
   </div>
   <div class='ocr_carea' id='block_1_59' title="bbox 2321 2752 3877 2828">
    <p class='ocr_par' dir='ltr' id='par_1_59' title="bbox 2321 2752 3877 2828">
     <span class='ocr_line' id='line_1_59' title="bbox 2321 2752 3877 2828; baseline -0.003 -18"><span class='ocrx_word' id='word_1_405' title='bbox 2321 2758 2422 2810; x_wconf 75' lang='lat' dir='ltr'><strong>cidi</strong></span> <span class='ocrx_word' id='word_1_406' title='bbox 2447 2798 2460 2820; x_wconf 90' lang='lat'><strong>,</strong></span> <span class='ocrx_word' id='word_1_407' title='bbox 2511 2757 2753 2828; x_wconf 72' lang='lat' dir='ltr'><strong>Eutycliii</strong></span> <span class='ocrx_word' id='word_1_408' title='bbox 2784 2759 3088 2828; x_wconf 91' lang='lat' dir='ltr'><strong>et_aliorum</strong></span> <span class='ocrx_word' id='word_1_409' title='bbox 3119 2752 3354 2828; x_wconf 62' lang='lat' dir='ltr'><strong>triginta.</strong></span> <span class='ocrx_word' id='word_1_410' title='bbox 3410 2755 3470 2828; x_wconf 65' lang='lat' dir='ltr'><strong>ll.</strong></span> <span class='ocrx_word' id='word_1_411' title='bbox 3702 2755 3782 2828; x_wconf 86' lang='lat' dir='ltr'><strong>_L.,</strong></span> <span class='ocrx_word' id='word_1_412' title='bbox 3832 2752 3877 2828; x_wconf 82' lang='lat' dir='ltr'><strong>hi</strong></span> 
     </span>
    </p>
   </div>
   <div class='ocr_carea' id='block_1_60' title="bbox 2322 2823 3881 2898">
    <p class='ocr_par' dir='ltr' id='par_1_60' title="bbox 2322 2823 3881 2898">
     <span class='ocr_line' id='line_1_60' title="bbox 2322 2823 3881 2898; baseline -0.004 -19"><span class='ocrx_word' id='word_1_413' title='bbox 2322 2828 2491 2898; x_wconf 77' lang='lat' dir='ltr'><strong>Callia</strong></span> <span class='ocrx_word' id='word_1_414' title='bbox 2516 2823 2632 2898; x_wconf 69' lang='lat' dir='ltr'><strong>[D.,</strong></span> <span class='ocrx_word' id='word_1_415' title='bbox 2652 2825 3374 2898; x_wconf 13' lang='lat' dir='ltr'><strong>Africa],civitateAValentire</strong></span> <span class='ocrx_word' id='word_1_416' title='bbox 3396 2823 3674 2898; x_wconf 79' lang='lat' dir='ltr'><strong>depositio</strong></span> <span class='ocrx_word' id='word_1_417' title='bbox 3701 2826 3723 2858; x_wconf 77' lang='grc' dir='ltr'>ιι</span> <span class='ocrx_word' id='word_1_418' title='bbox 3745 2827 3881 2889; x_wconf 73' lang='lat' dir='ltr'><strong>App!-</strong></span> 
     </span>
    </p>
   </div>
   <div class='ocr_carea' id='block_1_61' title="bbox 2322 2894 3880 2965">
    <p class='ocr_par' dir='ltr' id='par_1_61' title="bbox 2322 2894 3880 2965">
     <span class='ocr_line' id='line_1_61' title="bbox 2322 2894 3880 2965; baseline -0.004 -15"><span class='ocrx_word' id='word_1_419' title='bbox 2322 2894 2804 2965; x_wconf 42' lang='lat' dir='ltr'><strong>lgtiaris’episcopi.</strong></span> <span class='ocrx_word' id='word_1_420' title='bbox 2834 2894 2873 2933; x_wconf 58' lang='grc' dir='ltr'><strong>Ἰ</strong></span> <span class='ocrx_word' id='word_1_421' title='bbox 2916 2895 3287 2950; x_wconf 86' lang='lat' dir='ltr'><strong>Antissiudoro</strong></span> <span class='ocrx_word' id='word_1_422' title='bbox 3307 2894 3574 2965; x_wconf 66' lang='lat' dir='ltr'><strong>depositio</strong></span> <span class='ocrx_word' id='word_1_423' title='bbox 3595 2905 3880 2947; x_wconf 81' lang='lat' dir='ltr'><strong>sanctorum</strong></span> 
     </span>
    </p>
   </div>
   <div class='ocr_carea' id='block_1_62' title="bbox 2325 2963 3880 3032">
    <p class='ocr_par' dir='ltr' id='par_1_62' title="bbox 2325 2963 3880 3032">
     <span class='ocr_line' id='line_1_62' title="bbox 2325 2963 3880 3032; baseline 0.001 -17"><span class='ocrx_word' id='word_1_424' title='bbox 2325 2969 2340 3015; x_wconf 85' lang='lat' dir='ltr'><strong>t</strong></span> <span class='ocrx_word' id='word_1_425' title='bbox 2381 2963 2756 3031; x_wconf 78' lang='lat' dir='ltr'><strong>germanorum</strong></span> <span class='ocrx_word' id='word_1_426' title='bbox 2789 2965 2812 3002; x_wconf 76' lang='grc' dir='ltr'><strong>ιι</strong></span> <span class='ocrx_word' id='word_1_427' title='bbox 2841 2965 3060 3020; x_wconf 81' lang='lat' dir='ltr'><strong>Firmati</strong></span> <span class='ocrx_word' id='word_1_428' title='bbox 3090 2965 3326 3032; x_wconf 87' lang='lat' dir='ltr'><strong>diaconi,</strong></span> <span class='ocrx_word' id='word_1_429' title='bbox 3357 2974 3410 3019; x_wconf 90' lang='lat' dir='ltr'><strong>et</strong></span> <span class='ocrx_word' id='word_1_430' title='bbox 3435 2963 3494 3018; x_wconf 91' lang='lat' dir='ltr'><strong>S.</strong></span> <span class='ocrx_word' id='word_1_431' title='bbox 3528 2963 3786 3025; x_wconf 74' lang='lat' dir='ltr'><strong>Flavinze,</strong></span> <span class='ocrx_word' id='word_1_432' title='bbox 3815 2967 3880 3016; x_wconf 69' lang='lat' dir='ltr'><strong>vel</strong></span> 
     </span>
    </p>
   </div>
   <div class='ocr_carea' id='block_1_63' title="bbox 2325 3034 3200 3104">
    <p class='ocr_par' dir='ltr' id='par_1_63' title="bbox 2325 3034 3200 3104">
     <span class='ocr_line' id='line_1_63' title="bbox 2325 3034 3200 3104; baseline -0.002 -14"><span class='ocrx_word' id='word_1_433' title='bbox 2325 3036 2519 3090; x_wconf 66' lang='lat' dir='ltr'><strong>Flaviae</strong></span> <span class='ocrx_word' id='word_1_434' title='bbox 2549 3039 2631 3091; x_wconf 89' lang='lat' dir='ltr'><strong>vel</strong></span> <span class='ocrx_word' id='word_1_435' title='bbox 2663 3036 2933 3090; x_wconf 69' lang='lat' dir='ltr'><strong>Flaviana:</strong></span> <span class='ocrx_word' id='word_1_436' title='bbox 2962 3034 3200 3104; x_wconf 87' lang='lat' dir='ltr'><strong>virginis.</strong></span> 
     </span>
    </p>
   </div>
   <div class='ocr_carea' id='block_1_64' title="bbox 2387 3127 3245 3182">
    <p class='ocr_par' dir='ltr' id='par_1_64' title="bbox 2387 3127 3245 3182">
     <span class='ocr_line' id='line_1_64' title="bbox 2387 3127 3245 3182; baseline 0 0"><span class='ocrx_word' id='word_1_437' title='bbox 2387 3127 2440 3182; x_wconf 88' lang='grc'>6.</span> <span class='ocrx_word' id='word_1_438' title='bbox 2467 3157 2536 3167; x_wconf 95' lang='grc'><strong><em>-</em></strong></span> <span class='ocrx_word' id='word_1_439' title='bbox 2565 3128 2605 3182; x_wconf 92' lang='lat' dir='ltr'><strong>ll</strong></span> <span class='ocrx_word' id='word_1_440' title='bbox 2639 3128 2836 3182; x_wconf 71' lang='lat' dir='ltr'><strong>Nonas.</strong></span> <span class='ocrx_word' id='word_1_441' title='bbox 2873 3127 3035 3182; x_wconf 83' lang='lat' dir='ltr'><strong>Vacat</strong></span> <span class='ocrx_word' id='word_1_442' title='bbox 3065 3127 3245 3182; x_wconf 66' lang='lat' dir='ltr'><strong>Bmda.</strong></span> 
     </span>
    </p>
   </div>
   <div class='ocr_carea' id='block_1_65' title="bbox 2034 3231 2509 3293">
    <p class='ocr_par' dir='ltr' id='par_1_65' title="bbox 2034 3231 2509 3293">
     <span class='ocr_line' id='line_1_65' title="bbox 2034 3231 2509 3293; baseline 0.013 -6"><span class='ocrx_word' id='word_1_443' title='bbox 2034 3231 2241 3288; x_wconf 79' lang='lat' dir='ltr'><strong>SMITlI</strong></span> <span class='ocrx_word' id='word_1_444' title='bbox 2285 3237 2509 3293; x_wconf 78' lang='lat' dir='ltr'><strong>l\&#39;0T.-E.</strong></span> 
     </span>
    </p>
   </div>
   <div class='ocr_carea' id='block_1_66' title="bbox 641 3322 2207 3390">
    <p class='ocr_par' dir='ltr' id='par_1_66' title="bbox 641 3322 2207 3390">
     <span class='ocr_line' id='line_1_66' title="bbox 641 3322 2207 3390; baseline -0.008 -1"><span class='ocrx_word' id='word_1_445' title='bbox 641 3335 788 3390; x_wconf 87' lang='lat' dir='ltr'><strong>Pauli</strong></span> <span class='ocrx_word' id='word_1_446' title='bbox 822 3331 1072 3387; x_wconf 88' lang='lat' dir='ltr'><strong>manibus</strong></span> <span class='ocrx_word' id='word_1_447' title='bbox 1097 3327 1372 3382; x_wconf 90' lang='lat' dir='ltr'><strong>ordinatus</strong></span> <span class='ocrx_word' id='word_1_448' title='bbox 1400 3335 1504 3380; x_wconf 90' lang='lat' dir='ltr'><strong>est.</strong></span> <span class='ocrx_word' id='word_1_449' title='bbox 1556 3324 1775 3378; x_wconf 91' lang='lat' dir='ltr'><strong>Demum</strong></span> <span class='ocrx_word' id='word_1_450' title='bbox 1816 3331 1937 3389; x_wconf 88' lang='lat' dir='ltr'><strong>post</strong></span> <span class='ocrx_word' id='word_1_451' title='bbox 1967 3322 2207 3376; x_wconf 88' lang='lat' dir='ltr'><strong>clarissi-</strong></span> 
     </span>
    </p>
   </div>
   <div class='ocr_carea' id='block_1_67' title="bbox 641 3395 2206 3464">
    <p class='ocr_par' dir='ltr' id='par_1_67' title="bbox 641 3395 2206 3464">
     <span class='ocr_line' id='line_1_67' title="bbox 641 3395 2206 3464; baseline -0.007 -5"><span class='ocrx_word' id='word_1_452' title='bbox 641 3421 782 3459; x_wconf 89' lang='lat' dir='ltr'><strong>mam</strong></span> <span class='ocrx_word' id='word_1_453' title='bbox 813 3403 936 3457; x_wconf 88' lang='lat' dir='ltr'><strong>tidei</strong></span> <span class='ocrx_word' id='word_1_454' title='bbox 966 3399 1357 3454; x_wconf 80' lang='lat' dir='ltr'><strong>confessionem</strong></span> <span class='ocrx_word' id='word_1_455' title='bbox 1383 3435 1400 3460; x_wconf 92' lang='lat'><strong>,</strong></span> <span class='ocrx_word' id='word_1_456' title='bbox 1451 3403 1570 3462; x_wconf 89' lang='lat' dir='ltr'><strong>post</strong></span> <span class='ocrx_word' id='word_1_457' title='bbox 1616 3395 1929 3464; x_wconf 84' lang='lat' dir='ltr'><strong>gravissima</strong></span> <span class='ocrx_word' id='word_1_458' title='bbox 1963 3403 2206 3448; x_wconf 88' lang='lat' dir='ltr'><strong>tormen-</strong></span> 
     </span>
    </p>
   </div>
   <div class='ocr_carea' id='block_1_68' title="bbox 642 3469 2210 3541">
    <p class='ocr_par' dir='ltr' id='par_1_68' title="bbox 642 3469 2210 3541">
     <span class='ocr_line' id='line_1_68' title="bbox 642 3469 2210 3541; baseline -0.008 -13"><span class='ocrx_word' id='word_1_459' title='bbox 642 3488 814 3529; x_wconf 89' lang='lat' dir='ltr'><strong>torum</strong></span> <span class='ocrx_word' id='word_1_460' title='bbox 864 3485 1060 3541; x_wconf 85' lang='lat' dir='ltr'><strong>genera</strong></span> <span class='ocrx_word' id='word_1_461' title='bbox 1088 3510 1102 3534; x_wconf 96' lang='lat'><strong>,</strong></span> <span class='ocrx_word' id='word_1_462' title='bbox 1154 3469 1388 3541; x_wconf 74' lang='lat' dir='ltr'><strong>glorioso</strong></span> <span class='ocrx_word' id='word_1_463' title='bbox 1435 3470 1692 3541; x_wconf 83' lang='lat' dir='ltr'><strong>martyrio</strong></span> <span class='ocrx_word' id='word_1_464' title='bbox 1728 3474 2041 3541; x_wconf 74' lang='lat' dir='ltr'><strong>coronatum</strong></span> <span class='ocrx_word' id='word_1_465' title='bbox 2073 3480 2210 3541; x_wconf 72' lang='lat' dir='ltr'><strong>esse</strong></span> 
     </span>
    </p>
   </div>
   <div class='ocr_carea' id='block_1_69' title="bbox 642 3531 2206 3606">
    <p class='ocr_par' dir='ltr' id='par_1_69' title="bbox 642 3531 2206 3606">
     <span class='ocr_line' id='line_1_69' title="bbox 642 3531 2206 3606; baseline -0.007 -7"><span class='ocrx_word' id='word_1_466' title='bbox 642 3544 808 3599; x_wconf 82' lang='lat' dir='ltr'><strong>refert</strong></span> <span class='ocrx_word' id='word_1_467' title='bbox 836 3531 1099 3595; x_wconf 44' lang='lat' dir='ltr'><strong>Avristides&#39;</strong></span> <span class='ocrx_word' id='word_1_468' title='bbox 1125 3531 1476 3606; x_wconf 78' lang='lat' dir='ltr'><strong>phil050phns</strong></span> <span class='ocrx_word' id='word_1_469' title='bbox 1498 3531 1840 3606; x_wconf 80' lang='lat' dir='ltr'><strong>Atheniensis</strong></span> <span class='ocrx_word' id='word_1_470' title='bbox 1872 3534 1922 3606; x_wconf 85' lang='lat' dir='ltr'><strong>in</strong></span> <span class='ocrx_word' id='word_1_471' title='bbox 1948 3531 2206 3602; x_wconf 81' lang='lat' dir='ltr'><strong>Apologia</strong></span> 
     </span>
    </p>
   </div>
   <div class='ocr_carea' id='block_1_70' title="bbox 643 3604 2210 3674">
    <p class='ocr_par' dir='ltr' id='par_1_70' title="bbox 643 3604 2210 3674">
     <span class='ocr_line' id='line_1_70' title="bbox 643 3604 2210 3674; baseline -0.006 -7"><span class='ocrx_word' id='word_1_472' title='bbox 643 3630 739 3667; x_wconf 87' lang='lat' dir='ltr'><strong>sua</strong></span> <span class='ocrx_word' id='word_1_473' title='bbox 766 3653 781 3674; x_wconf 90' lang='lat'><strong>,</strong></span> <span class='ocrx_word' id='word_1_474' title='bbox 830 3612 876 3664; x_wconf 90' lang='lat' dir='ltr'><strong>si</strong></span> <span class='ocrx_word' id='word_1_475' title='bbox 926 3610 1084 3663; x_wconf 91' lang='lat' dir='ltr'><strong>modo</strong></span> <span class='ocrx_word' id='word_1_476' title='bbox 1113 3604 1231 3662; x_wconf 84' lang='lat' dir='ltr'><strong>eam</strong></span> <span class='ocrx_word' id='word_1_477' title='bbox 1259 3620 1382 3660; x_wconf 89' lang='lat' dir='ltr'><strong>vere</strong></span> <span class='ocrx_word' id='word_1_478' title='bbox 1413 3605 1645 3672; x_wconf 87' lang='lat' dir='ltr'><strong>allegant</strong></span> <span class='ocrx_word' id='word_1_479' title='bbox 1678 3604 1952 3674; x_wconf 90' lang='lat' dir='ltr'><strong>Usuardus</strong></span> <span class='ocrx_word' id='word_1_480' title='bbox 2000 3614 2054 3657; x_wconf 92' lang='lat' dir='ltr'><strong>et</strong></span> <span class='ocrx_word' id='word_1_481' title='bbox 2092 3609 2210 3658; x_wconf 90' lang='lat' dir='ltr'><strong>Ado</strong></span> 
     </span>
    </p>
   </div>
   <div class='ocr_carea' id='block_1_71' title="bbox 644 3673 2210 3751">
    <p class='ocr_par' dir='ltr' id='par_1_71' title="bbox 644 3673 2210 3751">
     <span class='ocr_line' id='line_1_71' title="bbox 644 3673 2210 3751; baseline -0.006 -14"><span class='ocrx_word' id='word_1_482' title='bbox 644 3685 698 3737; x_wconf 93' lang='lat' dir='ltr'><strong>in</strong></span> <span class='ocrx_word' id='word_1_483' title='bbox 733 3680 1140 3751; x_wconf 77' lang='lat' dir='ltr'><strong>Martyrologiis.</strong></span> <span class='ocrx_word' id='word_1_484' title='bbox 1189 3677 1308 3751; x_wconf 79' lang='lat' dir='ltr'><strong>Quo</strong></span> <span class='ocrx_word' id='word_1_485' title='bbox 1353 3690 1479 3729; x_wconf 90' lang='lat' dir='ltr'><strong>vero</strong></span> <span class='ocrx_word' id='word_1_486' title='bbox 1519 3684 1759 3751; x_wconf 75' lang='lat' dir='ltr'><strong>tempore</strong></span> <span class='ocrx_word' id='word_1_487' title='bbox 1789 3673 1920 3751; x_wconf 66' lang='lat' dir='ltr'><strong>obiit</strong></span> <span class='ocrx_word' id='word_1_488' title='bbox 1943 3688 2078 3751; x_wconf 50' lang='lat' dir='ltr'><strong>,“an</strong></span> <span class='ocrx_word' id='word_1_489' title='bbox 2108 3677 2210 3751; x_wconf 85' lang='lat' dir='ltr'><strong>sub</strong></span> 
     </span>
    </p>
   </div>
   <div class='ocr_carea' id='block_1_72' title="bbox 645 3743 2205 3822">
    <p class='ocr_par' dir='ltr' id='par_1_72' title="bbox 645 3743 2205 3822">
     <span class='ocr_line' id='line_1_72' title="bbox 645 3743 2205 3822; baseline -0.005 -17"><span class='ocrx_word' id='word_1_490' title='bbox 645 3743 1143 3822; x_wconf 39' lang='lat' dir='ltr'><strong>Trajatio&#39;Lan&#39;suh</strong></span> <span class='ocrx_word' id='word_1_491' title='bbox 1165 3746 1429 3822; x_wconf 78' lang='lat' dir='ltr'><strong>Adriano,</strong></span> <span class='ocrx_word' id='word_1_492' title='bbox 1463 3744 1545 3822; x_wconf 75' lang='lat' dir='ltr'><strong>yel</strong></span> <span class='ocrx_word' id='word_1_493' title='bbox 1578 3743 2090 3822; x_wconf 76' lang='lat' dir='ltr'><strong>quod_verisi_milius</strong></span> <span class='ocrx_word' id='word_1_494' title='bbox 2125 3747 2205 3797; x_wconf 87' lang='lat' dir='ltr'><strong>vi-</strong></span> 
     </span>
    </p>
   </div>
   <div class='ocr_carea' id='block_1_73' title="bbox 645 3812 2212 3887">
    <p class='ocr_par' dir='ltr' id='par_1_73' title="bbox 645 3812 2212 3887">
     <span class='ocr_line' id='line_1_73' title="bbox 645 3812 2212 3887; baseline -0.007 -11"><span class='ocrx_word' id='word_1_495' title='bbox 645 3812 823 3887; x_wconf 86' lang='lat' dir='ltr'><strong>detnr,</strong></span> <span class='ocrx_word' id='word_1_496' title='bbox 853 3812 954 3875; x_wconf 86' lang='lat' dir='ltr'><strong>sub</strong></span> <span class='ocrx_word' id='word_1_497' title='bbox 987 3817 1305 3882; x_wconf 90' lang='lat' dir='ltr'><strong>Domitiano,</strong></span> <span class='ocrx_word' id='word_1_498' title='bbox 1335 3815 1656 3887; x_wconf 80' lang='lat' dir='ltr'><strong>nonliquet.</strong></span> <span class='ocrx_word' id='word_1_499' title='bbox 1703 3812 1869 3880; x_wconf 82' lang='lat' dir='ltr'><strong>Hujus</strong></span> <span class='ocrx_word' id='word_1_500' title='bbox 1900 3815 2016 3866; x_wconf 89' lang='lat' dir='ltr'><strong>loco</strong></span> <span class='ocrx_word' id='word_1_501' title='bbox 2045 3815 2212 3868; x_wconf 84' lang='lat' dir='ltr'><strong>Baro-</strong></span> 
     </span>
    </p>
   </div>
   <div class='ocr_carea' id='block_1_74' title="bbox 649 3883 2210 3956">
    <p class='ocr_par' dir='ltr' id='par_1_74' title="bbox 649 3883 2210 3956">
     <span class='ocr_line' id='line_1_74' title="bbox 649 3883 2210 3956; baseline -0.004 -10"><span class='ocrx_word' id='word_1_502' title='bbox 649 3895 769 3946; x_wconf 89' lang='lat' dir='ltr'><strong>nius</strong></span> <span class='ocrx_word' id='word_1_503' title='bbox 794 3883 846 3946; x_wconf 84' lang='lat' dir='ltr'><strong>in</strong></span> <span class='ocrx_word' id='word_1_504' title='bbox 873 3907 970 3946; x_wconf 91' lang='lat' dir='ltr'><strong>suo</strong></span> <span class='ocrx_word' id='word_1_505' title='bbox 995 3887 1374 3956; x_wconf 80' lang='lat' dir='ltr'><strong>Martyrologio</strong></span> <span class='ocrx_word' id='word_1_506' title='bbox 1397 3885 1555 3956; x_wconf 75' lang='lat' dir='ltr'><strong>alium</strong></span> <span class='ocrx_word' id='word_1_507' title='bbox 1585 3883 1888 3956; x_wconf 79' lang='lat' dir='ltr'><strong>Dionysium</strong></span> <span class='ocrx_word' id='word_1_508' title='bbox 1923 3887 2093 3950; x_wconf 91' lang='lat' dir='ltr'><strong>ponit,</strong></span> <span class='ocrx_word' id='word_1_509' title='bbox 2121 3887 2210 3954; x_wconf 91' lang='lat' dir='ltr'><strong>qui</strong></span> 
     </span>
    </p>
   </div>
   <div class='ocr_carea' id='block_1_75' title="bbox 647 3952 2087 4021">
    <p class='ocr_par' dir='ltr' id='par_1_75' title="bbox 647 3952 2087 4021">
     <span class='ocr_line' id='line_1_75' title="bbox 647 3952 2087 4021; baseline -0.006 -4"><span class='ocrx_word' id='word_1_510' title='bbox 647 3979 771 4019; x_wconf 90' lang='lat' dir='ltr'><strong>cum</strong></span> <span class='ocrx_word' id='word_1_511' title='bbox 799 3963 960 4015; x_wconf 89' lang='lat' dir='ltr'><strong>sociis</strong></span> <span class='ocrx_word' id='word_1_512' title='bbox 991 3961 1089 4014; x_wconf 85' lang='lat' dir='ltr'><strong>sub</strong></span> <span class='ocrx_word' id='word_1_513' title='bbox 1115 3952 1394 4011; x_wconf 74' lang='lat' dir='ltr'><strong>Valeriano</strong></span> <span class='ocrx_word' id='word_1_514' title='bbox 1421 3963 1477 4009; x_wconf 91' lang='lat' dir='ltr'><strong>et</strong></span> <span class='ocrx_word' id='word_1_515' title='bbox 1504 3952 1742 4008; x_wconf 85' lang='lat' dir='ltr'><strong>Gallieno</strong></span> <span class='ocrx_word' id='word_1_516' title='bbox 1773 3967 1956 4021; x_wconf 86' lang='lat' dir='ltr'><strong>passus</strong></span> <span class='ocrx_word' id='word_1_517' title='bbox 1983 3965 2087 4009; x_wconf 85' lang='lat' dir='ltr'><strong>est.</strong></span> 
     </span>
    </p>
   </div>
   <div class='ocr_carea' id='block_1_76' title="bbox 722 4025 2088 4101">
    <p class='ocr_par' dir='ltr' id='par_1_76' title="bbox 722 4025 2088 4101">
     <span class='ocr_line' id='line_1_76' title="bbox 722 4025 2088 4101; baseline -0.007 -15"><span class='ocrx_word' id='word_1_518' title='bbox 722 4034 750 4062; x_wconf 81' lang='grc'>⁸</span> <span class='ocrx_word' id='word_1_519' title='bbox 779 4031 1098 4101; x_wconf 80' lang='lat' dir='ltr'><strong>Leodegorii.</strong></span> <span class='ocrx_word' id='word_1_520' title='bbox 1136 4031 1206 4081; x_wconf 89' lang='lat' dir='ltr'><strong>De</strong></span> <span class='ocrx_word' id='word_1_521' title='bbox 1235 4025 1478 4101; x_wconf 76' lang='lat' dir='ltr'><strong>hocvide</strong></span> <span class='ocrx_word' id='word_1_522' title='bbox 1508 4025 1646 4101; x_wconf 83' lang='lat' dir='ltr'><strong>diem</strong></span> <span class='ocrx_word' id='word_1_523' title='bbox 1678 4025 2088 4101; x_wconf 64' lang='lat' dir='ltr'><strong>praecedentem.</strong></span> 
     </span>
    </p>
   </div>
   <div class='ocr_carea' id='block_1_77' title="bbox 722 4095 2214 4162">
    <p class='ocr_par' dir='ltr' id='par_1_77' title="bbox 722 4095 2214 4162">
     <span class='ocr_line' id='line_1_77' title="bbox 722 4095 2214 4162; baseline -0.007 -5"><span class='ocrx_word' id='word_1_524' title='bbox 722 4102 748 4138; x_wconf 83' lang='grc'><strong>¹³</strong></span> <span class='ocrx_word' id='word_1_525' title='bbox 784 4095 970 4157; x_wconf 57' lang='grc' dir='ltr'><em>Ματρί.</em></span> <span class='ocrx_word' id='word_1_526' title='bbox 1026 4100 1138 4154; x_wconf 89' lang='lat' dir='ltr'><strong>Una</strong></span> <span class='ocrx_word' id='word_1_527' title='bbox 1178 4113 1298 4152; x_wconf 91' lang='lat' dir='ltr'><strong>cum</strong></span> <span class='ocrx_word' id='word_1_528' title='bbox 1332 4098 1414 4149; x_wconf 91' lang='lat' dir='ltr'><strong>his</strong></span> <span class='ocrx_word' id='word_1_529' title='bbox 1446 4095 1582 4162; x_wconf 87' lang='lat' dir='ltr'><strong>passi</strong></span> <span class='ocrx_word' id='word_1_530' title='bbox 1613 4103 1737 4147; x_wconf 92' lang='lat' dir='ltr'><strong>sunt</strong></span> <span class='ocrx_word' id='word_1_531' title='bbox 1765 4096 1852 4146; x_wconf 90' lang='lat' dir='ltr'><strong>alii</strong></span> <span class='ocrx_word' id='word_1_532' title='bbox 1906 4095 2214 4148; x_wconf 87' lang='lat' dir='ltr'><strong>innumera-</strong></span> 
     </span>
    </p>
   </div>
   <div class='ocr_carea' id='block_1_78' title="bbox 653 4164 2212 4236">
    <p class='ocr_par' dir='ltr' id='par_1_78' title="bbox 653 4164 2212 4236">
     <span class='ocr_line' id='line_1_78' title="bbox 653 4164 2212 4236; baseline -0.007 -8"><span class='ocrx_word' id='word_1_533' title='bbox 653 4175 788 4229; x_wconf 86' lang='lat' dir='ltr'><strong>biles</strong></span> <span class='ocrx_word' id='word_1_534' title='bbox 819 4173 1092 4236; x_wconf 88' lang='lat' dir='ltr'><strong>ntriusque</strong></span> <span class='ocrx_word' id='word_1_535' title='bbox 1122 4183 1302 4232; x_wconf 85' lang='lat' dir='ltr'><strong>sexus,</strong></span> <span class='ocrx_word' id='word_1_536' title='bbox 1343 4178 1509 4236; x_wconf 13' lang='lat' dir='ltr'><strong>atque,</strong></span> <span class='ocrx_word' id='word_1_537' title='bbox 1535 4179 1710 4236; x_wconf 79' lang='lat' dir='ltr'><strong>omnis</strong></span> <span class='ocrx_word' id='word_1_538' title='bbox 1741 4164 1913 4218; x_wconf 65' lang='lat' dir='ltr'><strong>artatis</strong></span> <span class='ocrx_word' id='word_1_539' title='bbox 1941 4183 1954 4217; x_wconf 89' lang='lat'>:</span> <span class='ocrx_word' id='word_1_540' title='bbox 1987 4181 2212 4236; x_wconf 70' lang='lat' dir='ltr'><strong>quiorum</strong></span> 
     </span>
    </p>
   </div>
   <div class='ocr_carea' id='block_1_79' title="bbox 655 4234 2216 4310">
    <p class='ocr_par' dir='ltr' id='par_1_79' title="bbox 655 4234 2216 4310">
     <span class='ocr_line' id='line_1_79' title="bbox 655 4234 2216 4310; baseline -0.005 -13"><span class='ocrx_word' id='word_1_541' title='bbox 655 4244 746 4298; x_wconf 90' lang='lat' dir='ltr'><strong>alii</strong></span> <span class='ocrx_word' id='word_1_542' title='bbox 777 4253 895 4310; x_wconf 89' lang='lat' dir='ltr'><strong>post</strong></span> <span class='ocrx_word' id='word_1_543' title='bbox 922 4234 1161 4310; x_wconf 75' lang='lat' dir='ltr'><strong>verbera,</strong></span> <span class='ocrx_word' id='word_1_544' title='bbox 1197 4239 1282 4291; x_wconf 87' lang='lat' dir='ltr'><strong>alii</strong></span> <span class='ocrx_word' id='word_1_545' title='bbox 1313 4246 1434 4310; x_wconf 81' lang='lat' dir='ltr'><strong>post</strong></span> <span class='ocrx_word' id='word_1_546' title='bbox 1462 4234 1658 4310; x_wconf 70' lang='lat' dir='ltr'><strong>diversi</strong></span> <span class='ocrx_word' id='word_1_547' title='bbox 1687 4236 1900 4302; x_wconf 90' lang='lat' dir='ltr'><strong>generis</strong></span> <span class='ocrx_word' id='word_1_548' title='bbox 1933 4235 2216 4310; x_wconf 84' lang='lat' dir='ltr'><strong>horribiles</strong></span> 
     </span>
    </p>
   </div>
   <div class='ocr_carea' id='block_1_80' title="bbox 658 4306 2214 4374">
    <p class='ocr_par' dir='ltr' id='par_1_80' title="bbox 658 4306 2214 4374">
     <span class='ocr_line' id='line_1_80' title="bbox 658 4306 2214 4374; baseline -0.007 -8"><span class='ocrx_word' id='word_1_549' title='bbox 658 4306 945 4374; x_wconf 85' lang='lat' dir='ltr'><strong>cruciatus,</strong></span> <span class='ocrx_word' id='word_1_550' title='bbox 977 4309 1205 4361; x_wconf 79' lang='lat' dir='ltr'><strong>tlaimnis</strong></span> <span class='ocrx_word' id='word_1_551' title='bbox 1236 4308 1443 4369; x_wconf 88' lang='lat' dir='ltr'><strong>traditi,</strong></span> <span class='ocrx_word' id='word_1_552' title='bbox 1483 4307 1574 4358; x_wconf 92' lang='lat' dir='ltr'><strong>alii</strong></span> <span class='ocrx_word' id='word_1_553' title='bbox 1607 4306 1659 4358; x_wconf 94' lang='lat' dir='ltr'><strong>in</strong></span> <span class='ocrx_word' id='word_1_554' title='bbox 1690 4319 1837 4357; x_wconf 89' lang='lat' dir='ltr'><strong>mare</strong></span> <span class='ocrx_word' id='word_1_555' title='bbox 1868 4308 2214 4370; x_wconf 66' lang='lat' dir='ltr'><strong>praecipitati,</strong></span> 
     </span>
    </p>
   </div>
   <div class='ocr_carea' id='block_1_81' title="bbox 661 4374 2216 4445">
    <p class='ocr_par' dir='ltr' id='par_1_81' title="bbox 661 4374 2216 4445">
     <span class='ocr_line' id='line_1_81' title="bbox 661 4374 2216 4445; baseline -0.006 -8"><span class='ocrx_word' id='word_1_556' title='bbox 661 4383 900 4437; x_wconf 90' lang='lat' dir='ltr'><strong>nonnulli</strong></span> <span class='ocrx_word' id='word_1_557' title='bbox 930 4381 1101 4445; x_wconf 89' lang='lat' dir='ltr'><strong>capite</strong></span> <span class='ocrx_word' id='word_1_558' title='bbox 1133 4379 1283 4442; x_wconf 65' lang='lat' dir='ltr'><strong>catsi,</strong></span> <span class='ocrx_word' id='word_1_559' title='bbox 1317 4376 1525 4445; x_wconf 87' lang='lat' dir='ltr'><strong>plurimi</strong></span> <span class='ocrx_word' id='word_1_560' title='bbox 1557 4374 1731 4428; x_wconf 91' lang='lat' dir='ltr'><strong>inedia</strong></span> <span class='ocrx_word' id='word_1_561' title='bbox 1762 4375 2096 4445; x_wconf 84' lang='lat' dir='ltr'><strong>consumpti,</strong></span> <span class='ocrx_word' id='word_1_562' title='bbox 2127 4375 2216 4427; x_wconf 91' lang='lat' dir='ltr'><strong>alii</strong></span> 
     </span>
    </p>
   </div>
   <div class='ocr_carea' id='block_1_82' title="bbox 661 4444 2218 4520">
    <p class='ocr_par' dir='ltr' id='par_1_82' title="bbox 661 4444 2218 4520">
     <span class='ocr_line' id='line_1_82' title="bbox 661 4444 2218 4520; baseline -0.004 -16"><span class='ocrx_word' id='word_1_563' title='bbox 661 4452 909 4520; x_wconf 87' lang='lat' dir='ltr'><strong>patibulis</strong></span> <span class='ocrx_word' id='word_1_564' title='bbox 940 4444 1106 4515; x_wconf 78' lang='lat' dir='ltr'><strong>affixi,</strong></span> <span class='ocrx_word' id='word_1_565' title='bbox 1135 4444 1346 4515; x_wconf 88' lang='lat' dir='ltr'><strong>quidam</strong></span> <span class='ocrx_word' id='word_1_566' title='bbox 1376 4448 1534 4520; x_wconf 78' lang='lat' dir='ltr'><strong>etiam</strong></span> <span class='ocrx_word' id='word_1_567' title='bbox 1565 4444 2011 4520; x_wconf 78' lang='lat' dir='ltr'><strong>capitedeorsum</strong></span> <span class='ocrx_word' id='word_1_568' title='bbox 2042 4461 2218 4509; x_wconf 75' lang='lat' dir='ltr'><strong>verso,</strong></span> 
     </span>
    </p>
   </div>
   <div class='ocr_carea' id='block_1_83' title="bbox 659 4515 2222 4591">
    <p class='ocr_par' dir='ltr' id='par_1_83' title="bbox 659 4515 2222 4591">
     <span class='ocr_line' id='line_1_83' title="bbox 659 4515 2222 4591; baseline -0.005 -14"><span class='ocrx_word' id='word_1_569' title='bbox 659 4515 716 4578; x_wconf 81' lang='lat' dir='ltr'><strong>et</strong></span> <span class='ocrx_word' id='word_1_570' title='bbox 745 4521 968 4591; x_wconf 88' lang='lat' dir='ltr'><strong>pedibus</strong></span> <span class='ocrx_word' id='word_1_571' title='bbox 997 4521 1048 4571; x_wconf 91' lang='lat' dir='ltr'><strong>in</strong></span> <span class='ocrx_word' id='word_1_572' title='bbox 1078 4521 1302 4571; x_wconf 88' lang='lat' dir='ltr'><strong>sublime</strong></span> <span class='ocrx_word' id='word_1_573' title='bbox 1324 4516 1577 4591; x_wconf 73' lang='lat' dir='ltr'><strong>sublatis,</strong></span> <span class='ocrx_word' id='word_1_574' title='bbox 1614 4515 1972 4591; x_wconf 78' lang='lat' dir='ltr'><strong>beatissimam</strong></span> <span class='ocrx_word' id='word_1_575' title='bbox 2001 4520 2222 4591; x_wconf 82' lang='lat' dir='ltr'><strong>_r_n_aty_rii</strong></span> 
     </span>
    </p>
   </div>
   <div class='ocr_carea' id='block_1_84' title="bbox 659 4585 2228 4653">
    <p class='ocr_par' dir='ltr' id='par_1_84' title="bbox 659 4585 2228 4653">
     <span class='ocr_line' id='line_1_84' title="bbox 659 4585 2228 4653; baseline -0.005 -8"><span class='ocrx_word' id='word_1_576' title='bbox 659 4585 911 4645; x_wconf 68' lang='lat' dir='ltr'><strong>coronant</strong></span> <span class='ocrx_word' id='word_1_577' title='bbox 943 4599 1270 4642; x_wconf 89' lang='lat' dir='ltr'><strong>meruerunt.</strong></span> <span class='ocrx_word' id='word_1_578' title='bbox 1322 4588 1518 4640; x_wconf 84' lang='lat' dir='ltr'><strong>ﬂorum</strong></span> <span class='ocrx_word' id='word_1_579' title='bbox 1551 4585 1863 4653; x_wconf 87' lang='lat' dir='ltr'><strong>martyrium</strong></span> <span class='ocrx_word' id='word_1_580' title='bbox 1907 4587 2095 4638; x_wconf 86' lang='lat' dir='ltr'><strong>scribit</strong></span> <span class='ocrx_word' id='word_1_581' title='bbox 2125 4587 2228 4638; x_wconf 78' lang='lat' dir='ltr'><strong>Eu-</strong></span> 
     </span>
    </p>
   </div>
   <div class='ocr_carea' id='block_1_85' title="bbox 660 4656 2233 4726">
    <p class='ocr_par' dir='ltr' id='par_1_85' title="bbox 660 4656 2233 4726">
     <span class='ocr_line' id='line_1_85' title="bbox 660 4656 2233 4726; baseline -0.006 -9"><span class='ocrx_word' id='word_1_582' title='bbox 660 4665 840 4718; x_wconf 83' lang='lat' dir='ltr'><strong>sebius</strong></span> <span class='ocrx_word' id='word_1_583' title='bbox 869 4661 1002 4714; x_wconf 89' lang='lat' dir='ltr'><strong>llist.</strong></span> <span class='ocrx_word' id='word_1_584' title='bbox 1026 4673 1136 4722; x_wconf 88' lang='lat' dir='ltr'><strong>vnt,</strong></span> <span class='ocrx_word' id='word_1_585' title='bbox 1163 4659 1216 4721; x_wconf 84' lang='lat'><strong>8,</strong></span> <span class='ocrx_word' id='word_1_586' title='bbox 1239 4672 1536 4726; x_wconf 80' lang='lat' dir='ltr'><strong>quanquam</strong></span> <span class='ocrx_word' id='word_1_587' title='bbox 1565 4670 1747 4709; x_wconf 85' lang='lat' dir='ltr'><strong>eorum</strong></span> <span class='ocrx_word' id='word_1_588' title='bbox 1776 4657 1988 4708; x_wconf 91' lang='lat' dir='ltr'><strong>nomina</strong></span> <span class='ocrx_word' id='word_1_589' title='bbox 2014 4656 2233 4710; x_wconf 89' lang='lat' dir='ltr'><strong>silentio</strong></span> 
     </span>
    </p>
   </div>
   <div class='ocr_carea' id='block_1_86' title="bbox 661 4731 994 4804">
    <p class='ocr_par' dir='ltr' id='par_1_86' title="bbox 661 4731 994 4804">
     <span class='ocr_line' id='line_1_86' title="bbox 661 4731 994 4804; baseline 0 -22"><span class='ocrx_word' id='word_1_590' title='bbox 661 4731 994 4804; x_wconf 69' lang='lat' dir='ltr'><strong>praeterierit.</strong></span> 
     </span>
    </p>
   </div>
   <div class='ocr_carea' id='block_1_87' title="bbox 734 4794 2236 4866">
    <p class='ocr_par' dir='ltr' id='par_1_87' title="bbox 734 4794 2236 4866">
     <span class='ocr_line' id='line_1_87' title="bbox 734 4794 2236 4866; baseline -0.004 -11"><span class='ocrx_word' id='word_1_591' title='bbox 734 4808 756 4834; x_wconf 71' lang='grc' dir='ltr'><strong>ο</strong></span> <span class='ocrx_word' id='word_1_592' title='bbox 790 4801 974 4855; x_wconf 70' lang='lat' dir='ltr'><strong>Marsi.</strong></span> <span class='ocrx_word' id='word_1_593' title='bbox 1011 4797 1124 4853; x_wconf 85' lang='lat' dir='ltr'><strong>Non</strong></span> <span class='ocrx_word' id='word_1_594' title='bbox 1155 4796 1412 4866; x_wconf 87' lang='lat' dir='ltr'><strong>episcopi,</strong></span> <span class='ocrx_word' id='word_1_595' title='bbox 1445 4795 1540 4850; x_wconf 92' lang='lat' dir='ltr'><strong>sed</strong></span> <span class='ocrx_word' id='word_1_596' title='bbox 1573 4794 1866 4866; x_wconf 81' lang='lat' dir='ltr'><strong>presbyteri</strong></span> <span class='ocrx_word' id='word_1_597' title='bbox 1897 4795 2236 4850; x_wconf 85' lang='lat' dir='ltr'><strong>Autissiodu-</strong></span> 
     </span>
    </p>
   </div>
   <div class='ocr_carea' id='block_1_88' title="bbox 663 4865 2236 4934">
    <p class='ocr_par' dir='ltr' id='par_1_88' title="bbox 663 4865 2236 4934">
     <span class='ocr_line' id='line_1_88' title="bbox 663 4865 2236 4934; baseline -0.006 -4"><span class='ocrx_word' id='word_1_598' title='bbox 663 4874 852 4930; x_wconf 91' lang='lat' dir='ltr'><strong>rensis.</strong></span> <span class='ocrx_word' id='word_1_599' title='bbox 883 4871 1166 4924; x_wconf 83' lang='lat' dir='ltr'><strong>Ordinatus</strong></span> <span class='ocrx_word' id='word_1_600' title='bbox 1187 4865 1270 4924; x_wconf 80' lang='lat' dir='ltr'><strong>est</strong></span> <span class='ocrx_word' id='word_1_601' title='bbox 1291 4869 1570 4934; x_wconf 76' lang='lat' dir='ltr'><strong>presbyter</strong></span> <span class='ocrx_word' id='word_1_602' title='bbox 1594 4883 1620 4916; x_wconf 71' lang='grc' dir='ltr'><strong>ει</strong></span> <span class='ocrx_word' id='word_1_603' title='bbox 1649 4865 1799 4918; x_wconf 78' lang='lat' dir='ltr'><strong>Xlstu</strong></span> <span class='ocrx_word' id='word_1_604' title='bbox 1829 4882 1960 4934; x_wconf 85' lang='lat' dir='ltr'><strong>papa</strong></span> <span class='ocrx_word' id='word_1_605' title='bbox 1991 4867 2236 4920; x_wconf 78' lang='lat' dir='ltr'><strong>Romano</strong></span> 
     </span>
    </p>
   </div>
   <div class='ocr_carea' id='block_1_89' title="bbox 664 4936 2236 5007">
    <p class='ocr_par' dir='ltr' id='par_1_89' title="bbox 664 4936 2236 5007">
     <span class='ocr_line' id='line_1_89' title="bbox 664 4936 2236 5007; baseline -0.004 -10"><span class='ocrx_word' id='word_1_606' title='bbox 664 4945 850 4998; x_wconf 88' lang='lat' dir='ltr'><strong>eodem</strong></span> <span class='ocrx_word' id='word_1_607' title='bbox 879 4953 1134 5007; x_wconf 86' lang='lat' dir='ltr'><strong>tempore,</strong></span> <span class='ocrx_word' id='word_1_608' title='bbox 1160 4953 1264 5004; x_wconf 92' lang='lat' dir='ltr'><strong>quo</strong></span> <span class='ocrx_word' id='word_1_609' title='bbox 1288 4937 1602 5005; x_wconf 79' lang='lat' dir='ltr'><strong>Peregrinus</strong></span> <span class='ocrx_word' id='word_1_610' title='bbox 1622 4936 1903 4989; x_wconf 82' lang='lat' dir='ltr'><strong>ordinatus</strong></span> <span class='ocrx_word' id='word_1_611' title='bbox 1927 4948 2008 4989; x_wconf 87' lang='lat' dir='ltr'><strong>est</strong></span> <span class='ocrx_word' id='word_1_612' title='bbox 2034 4939 2236 5005; x_wconf 87' lang='lat' dir='ltr'><strong>primus</strong></span> 
     </span>
    </p>
   </div>
   <div class='ocr_carea' id='block_1_90' title="bbox 662 5007 2234 5082">
    <p class='ocr_par' dir='ltr' id='par_1_90' title="bbox 662 5007 2234 5082">
     <span class='ocr_line' id='line_1_90' title="bbox 662 5007 2234 5082; baseline -0.005 -15"><span class='ocrx_word' id='word_1_613' title='bbox 662 5013 945 5082; x_wconf 84' lang='lat' dir='ltr'><strong>episcopus</strong></span> <span class='ocrx_word' id='word_1_614' title='bbox 967 5010 1469 5082; x_wconf 74' lang='lat' dir='ltr'><strong>Alitissiodorensis.</strong></span> <span class='ocrx_word' id='word_1_615' title='bbox 1495 5007 1646 5082; x_wconf 71' lang='lat' dir='ltr'><strong>Pint.</strong></span> <span class='ocrx_word' id='word_1_616' title='bbox 1675 5008 1873 5074; x_wconf 69' lang='lat' dir='ltr'><strong>Lause,</strong></span> <span class='ocrx_word' id='word_1_617' title='bbox 1909 5008 2043 5061; x_wconf 80' lang='lat' dir='ltr'><strong>Bibl.</strong></span> <span class='ocrx_word' id='word_1_618' title='bbox 2068 5009 2234 5074; x_wconf 88' lang='lat' dir='ltr'><strong>Nova,</strong></span> 
     </span>
    </p>
   </div>
   <div class='ocr_carea' id='block_1_91' title="bbox 667 5079 2231 5148">
    <p class='ocr_par' dir='ltr' id='par_1_91' title="bbox 667 5079 2231 5148">
     <span class='ocr_line' id='line_1_91' title="bbox 667 5079 2231 5148; baseline -0.011 -11"><span class='ocrx_word' id='word_1_619' title='bbox 667 5079 719 5138; x_wconf 91' lang='lat' dir='ltr'><strong>in</strong></span> <span class='ocrx_word' id='word_1_620' title='bbox 747 5079 994 5135; x_wconf 88' lang='lat' dir='ltr'><strong>Passione</strong></span> <span class='ocrx_word' id='word_1_621' title='bbox 1022 5081 1078 5135; x_wconf 88' lang='lat' dir='ltr'><strong>S.</strong></span> <span class='ocrx_word' id='word_1_622' title='bbox 1106 5079 1398 5148; x_wconf 82' lang='lat' dir='ltr'><strong>Peregrini,</strong></span> <span class='ocrx_word' id='word_1_623' title='bbox 1432 5094 1485 5143; x_wconf 92' lang='lat' dir='ltr'><strong>p.</strong></span> <span class='ocrx_word' id='word_1_624' title='bbox 1520 5079 1642 5130; x_wconf 73' lang='lat'><strong>526.</strong></span> <span class='ocrx_word' id='word_1_625' title='bbox 1862 5146 1894 5148; x_wconf 35' lang='grc' dir='ltr'><em>ᾼ</em></span> <span class='ocrx_word' id='word_1_626' title='bbox 2221 5112 2231 5120; x_wconf 91' lang='grc'><strong>.</strong></span> 
     </span>
    </p>
   </div>
   <div class='ocr_carea' id='block_1_92' title="bbox 736 5146 2236 5217">
    <p class='ocr_par' dir='ltr' id='par_1_92' title="bbox 736 5146 2236 5217">
     <span class='ocr_line' id='line_1_92' title="bbox 736 5146 2236 5217; baseline -0.004 -11"><span class='ocrx_word' id='word_1_627' title='bbox 736 5152 763 5190; x_wconf 70' lang='grc' dir='ltr'><em>ἀ</em></span> <span class='ocrx_word' id='word_1_628' title='bbox 794 5152 1090 5206; x_wconf 82' lang='lat' dir='ltr'><strong>Corinthiis.</strong></span> <span class='ocrx_word' id='word_1_629' title='bbox 1127 5151 1179 5203; x_wconf 93' lang='lat' dir='ltr'><strong>In</strong></span> <span class='ocrx_word' id='word_1_630' title='bbox 1208 5146 1373 5217; x_wconf 78' lang='lat' dir='ltr'><strong>prima</strong></span> <span class='ocrx_word' id='word_1_631' title='bbox 1411 5148 1605 5216; x_wconf 84' lang='lat' dir='ltr'><strong>Epist.,</strong></span> <span class='ocrx_word' id='word_1_632' title='bbox 1637 5160 1754 5214; x_wconf 89' lang='lat' dir='ltr'><strong>cap.</strong></span> <span class='ocrx_word' id='word_1_633' title='bbox 1785 5161 1822 5198; x_wconf 91' lang='lat' dir='ltr'><strong>t.</strong></span> <span class='ocrx_word' id='word_1_634' title='bbox 1859 5146 2052 5201; x_wconf 89' lang='lat' dir='ltr'><strong>Eorum</strong></span> <span class='ocrx_word' id='word_1_635' title='bbox 2079 5148 2236 5202; x_wconf 89' lang='lat' dir='ltr'><strong>etiam</strong></span> 
     </span>
    </p>
   </div>
   <div class='ocr_carea' id='block_1_93' title="bbox 667 5219 2237 5288">
    <p class='ocr_par' dir='ltr' id='par_1_93' title="bbox 667 5219 2237 5288">
     <span class='ocr_line' id='line_1_93' title="bbox 667 5219 2237 5288; baseline -0.004 -10"><span class='ocrx_word' id='word_1_636' title='bbox 667 5225 870 5278; x_wconf 89' lang='lat' dir='ltr'><strong>mentio</strong></span> <span class='ocrx_word' id='word_1_637' title='bbox 902 5224 959 5274; x_wconf 85' lang='lat' dir='ltr'><strong>fit</strong></span> <span class='ocrx_word' id='word_1_638' title='bbox 991 5223 1039 5273; x_wconf 92' lang='lat' dir='ltr'><strong>in</strong></span> <span class='ocrx_word' id='word_1_639' title='bbox 1073 5221 1303 5288; x_wconf 79' lang='lat' dir='ltr'><strong>Epistula</strong></span> <span class='ocrx_word' id='word_1_640' title='bbox 1335 5221 1396 5272; x_wconf 86' lang='lat' dir='ltr'><strong>ad</strong></span> <span class='ocrx_word' id='word_1_641' title='bbox 1430 5219 1720 5278; x_wconf 76' lang='lat' dir='ltr'><strong>liotnanos,</strong></span> <span class='ocrx_word' id='word_1_642' title='bbox 1753 5233 1800 5269; x_wconf 92' lang='lat' dir='ltr'><strong>c.</strong></span> <span class='ocrx_word' id='word_1_643' title='bbox 1837 5232 1922 5270; x_wconf 70' lang='grc' dir='ltr'><strong>ΠΙ</strong></span> <span class='ocrx_word' id='word_1_644' title='bbox 1950 5261 1963 5286; x_wconf 84' lang='grc'>,</span> <span class='ocrx_word' id='word_1_645' title='bbox 2015 5227 2068 5271; x_wconf 88' lang='lat' dir='ltr'><strong>et</strong></span> <span class='ocrx_word' id='word_1_646' title='bbox 2114 5220 2237 5272; x_wconf 81' lang='lat' dir='ltr'><strong>Act.</strong></span> 
     </span>
    </p>
   </div>
   <div class='ocr_carea' id='block_1_94' title="bbox 666 5303 1093 5364">
    <p class='ocr_par' dir='ltr' id='par_1_94' title="bbox 666 5303 1093 5364">
     <span class='ocr_line' id='line_1_94' title="bbox 666 5303 1093 5364; baseline -0.014 -15"><span class='ocrx_word' id='word_1_647' title='bbox 666 5303 838 5364; x_wconf 80' lang='lat' dir='ltr'><strong>apust.</strong></span> <span class='ocrx_word' id='word_1_648' title='bbox 868 5308 917 5346; x_wconf 93' lang='lat' dir='ltr'><strong>c.</strong></span> <span class='ocrx_word' id='word_1_649' title='bbox 947 5305 1093 5364; x_wconf 73' lang='lat' dir='ltr'><strong>xvut.</strong></span> 
     </span>
    </p>
   </div>
   <div class='ocr_carea' id='block_1_95' title="bbox 745 5356 2243 5428">
    <p class='ocr_par' dir='ltr' id='par_1_95' title="bbox 745 5356 2243 5428">
     <span class='ocr_line' id='line_1_95' title="bbox 745 5356 2243 5428; baseline -0.003 -12"><span class='ocrx_word' id='word_1_650' title='bbox 745 5373 770 5400; x_wconf 76' lang='grc' dir='ltr'>ε</span> <span class='ocrx_word' id='word_1_651' title='bbox 799 5363 978 5416; x_wconf 80' lang='lat' dir='ltr'><strong>Clusii.</strong></span> <span class='ocrx_word' id='word_1_652' title='bbox 1012 5363 1106 5415; x_wconf 89' lang='lat' dir='ltr'><strong>llic</strong></span> <span class='ocrx_word' id='word_1_653' title='bbox 1137 5360 1318 5414; x_wconf 87' lang='lat' dir='ltr'><strong>Dasius</strong></span> <span class='ocrx_word' id='word_1_654' title='bbox 1351 5359 1656 5412; x_wconf 88' lang='lat' dir='ltr'><strong>nominatur</strong></span> <span class='ocrx_word' id='word_1_655' title='bbox 1685 5357 1737 5411; x_wconf 91' lang='lat' dir='ltr'><strong>in</strong></span> <span class='ocrx_word' id='word_1_656' title='bbox 1767 5356 2075 5428; x_wconf 80' lang='lat' dir='ltr'><strong>Hieronymi</strong></span> <span class='ocrx_word' id='word_1_657' title='bbox 2105 5358 2243 5412; x_wconf 87' lang='lat' dir='ltr'><strong>Mar-</strong></span> 
     </span>
    </p>
   </div>
   <div class='ocr_carea' id='block_1_96' title="bbox 669 5435 948 5490">
    <p class='ocr_par' dir='ltr' id='par_1_96' title="bbox 669 5435 948 5490">
     <span class='ocr_line' id='line_1_96' title="bbox 669 5435 948 5490; baseline -0.018 0"><span class='ocrx_word' id='word_1_658' title='bbox 669 5435 948 5490; x_wconf 74' lang='lat' dir='ltr'><strong>tvroloaio.</strong></span> 
     </span>
    </p>
   </div>
   <div class='ocr_carea' id='block_1_97' title="bbox 695 5450 2244 5568">
    <p class='ocr_par' dir='ltr' id='par_1_97' title="bbox 695 5450 2244 5568">
     <span class='ocr_line' id='line_1_97' title="bbox 695 5450 2244 5568; baseline -0.003 -13"><span class='ocrx_word' id='word_1_659' title='bbox 695 5450 1087 5557; x_wconf 48' lang='grc' dir='ltr'><strong>ἲφιὲἐέιοιίεὶδσὶ.</strong></span> <span class='ocrx_word' id='word_1_660' title='bbox 1118 5500 1216 5568; x_wconf 85' lang='lat' dir='ltr'><strong>Qui</strong></span> <span class='ocrx_word' id='word_1_661' title='bbox 1247 5500 1379 5552; x_wconf 91' lang='lat' dir='ltr'><strong>obiit</strong></span> <span class='ocrx_word' id='word_1_662' title='bbox 1403 5497 1589 5552; x_wconf 87' lang='lat' dir='ltr'><strong>Assisii</strong></span> <span class='ocrx_word' id='word_1_663' title='bbox 1626 5498 1678 5550; x_wconf 91' lang='lat' dir='ltr'><strong>in</strong></span> <span class='ocrx_word' id='word_1_664' title='bbox 1704 5496 1940 5552; x_wconf 89' lang='lat' dir='ltr'><strong>Umbria.</strong></span> <span class='ocrx_word' id='word_1_665' title='bbox 1974 5496 2244 5551; x_wconf 86' lang='lat' dir='ltr'><strong>Fundator</strong></span> 
     </span>
    </p>
   </div>
   <div class='ocr_carea' id='block_1_98' title="bbox 674 5568 2242 5634">
    <p class='ocr_par' dir='ltr' id='par_1_98' title="bbox 674 5568 2242 5634">
     <span class='ocr_line' id='line_1_98' title="bbox 674 5568 2242 5634; baseline -0.007 -6"><span class='ocrx_word' id='word_1_666' title='bbox 674 5574 776 5628; x_wconf 71' lang='lat' dir='ltr'><strong>fuit</strong></span> <span class='ocrx_word' id='word_1_667' title='bbox 803 5574 1006 5626; x_wconf 85' lang='lat' dir='ltr'><strong>ordinis</strong></span> <span class='ocrx_word' id='word_1_668' title='bbox 1036 5573 1321 5630; x_wconf 84' lang='lat' dir='ltr'><strong>Minornm,</strong></span> <span class='ocrx_word' id='word_1_669' title='bbox 1362 5572 1514 5634; x_wconf 79' lang='lat' dir='ltr'><strong>cuius</strong></span> <span class='ocrx_word' id='word_1_670' title='bbox 1543 5568 1714 5621; x_wconf 75' lang='lat' dir='ltr'><strong>Vitam</strong></span> <span class='ocrx_word' id='word_1_671' title='bbox 1748 5568 2027 5622; x_wconf 86' lang='lat' dir='ltr'><strong>sanctitate</strong></span> <span class='ocrx_word' id='word_1_672' title='bbox 2057 5580 2109 5622; x_wconf 88' lang='lat' dir='ltr'><strong>et</strong></span> <span class='ocrx_word' id='word_1_673' title='bbox 2140 5585 2242 5620; x_wconf 84' lang='lat' dir='ltr'><strong>nn-</strong></span> 
     </span>
    </p>
   </div>
   <div class='ocr_carea' id='block_1_99' title="bbox 676 5639 2244 5709">
    <p class='ocr_par' dir='ltr' id='par_1_99' title="bbox 676 5639 2244 5709">
     <span class='ocr_line' id='line_1_99' title="bbox 676 5639 2244 5709; baseline -0.004 -12"><span class='ocrx_word' id='word_1_674' title='bbox 676 5645 871 5698; x_wconf 89' lang='lat' dir='ltr'><strong>raculis</strong></span> <span class='ocrx_word' id='word_1_675' title='bbox 903 5645 1109 5709; x_wconf 85' lang='lat' dir='ltr'><strong>plenam</strong></span> <span class='ocrx_word' id='word_1_676' title='bbox 1137 5642 1192 5695; x_wconf 79' lang='grc'>8.</span> <span class='ocrx_word' id='word_1_677' title='bbox 1218 5640 1586 5694; x_wconf 85' lang='lat' dir='ltr'><strong>Bonaventura</strong></span> <span class='ocrx_word' id='word_1_678' title='bbox 1620 5639 1960 5706; x_wconf 83' lang='lat' dir='ltr'><strong>conscripsit,</strong></span> <span class='ocrx_word' id='word_1_679' title='bbox 1983 5651 2034 5692; x_wconf 91' lang='lat' dir='ltr'><strong>et</strong></span> <span class='ocrx_word' id='word_1_680' title='bbox 2056 5644 2244 5690; x_wconf 74' lang='lat' dir='ltr'><strong>Surius</strong></span> 
     </span>
    </p>
   </div>
   <div class='ocr_carea' id='block_1_100' title="bbox 675 5709 2243 5779">
    <p class='ocr_par' dir='ltr' id='par_1_100' title="bbox 675 5709 2243 5779">
     <span class='ocr_line' id='line_1_100' title="bbox 675 5709 2243 5779; baseline -0.005 -13"><span class='ocrx_word' id='word_1_681' title='bbox 675 5723 807 5766; x_wconf 90' lang='lat' dir='ltr'><strong>tom.</strong></span> <span class='ocrx_word' id='word_1_682' title='bbox 837 5712 870 5764; x_wconf 80' lang='grc' dir='ltr'><strong>ν</strong></span> <span class='ocrx_word' id='word_1_683' title='bbox 901 5715 1081 5767; x_wconf 85' lang='lat' dir='ltr'><strong>edidit.</strong></span> <span class='ocrx_word' id='word_1_684' title='bbox 1116 5711 1354 5779; x_wconf 82' lang='lat' dir='ltr'><strong>Migravit</strong></span> <span class='ocrx_word' id='word_1_685' title='bbox 1384 5725 1451 5764; x_wconf 82' lang='lat' dir='ltr'><strong>ex</strong></span> <span class='ocrx_word' id='word_1_686' title='bbox 1483 5714 1578 5763; x_wconf 86' lang='lat' dir='ltr'><strong>hac</strong></span> <span class='ocrx_word' id='word_1_687' title='bbox 1606 5711 1705 5762; x_wconf 78' lang='lat' dir='ltr'><strong>vita</strong></span> <span class='ocrx_word' id='word_1_688' title='bbox 1735 5723 1874 5762; x_wconf 89' lang='lat' dir='ltr'><strong>anno</strong></span> <span class='ocrx_word' id='word_1_689' title='bbox 1900 5709 2052 5762; x_wconf 68' lang='lat'><strong>12:26.</strong></span> <span class='ocrx_word' id='word_1_690' title='bbox 2091 5711 2243 5762; x_wconf 75' lang='lat' dir='ltr'><strong>llela-</strong></span> 
     </span>
    </p>
   </div>
   <div class='ocr_carea' id='block_1_101' title="bbox 675 5779 2238 5852">
    <p class='ocr_par' dir='ltr' id='par_1_101' title="bbox 675 5779 2238 5852">
     <span class='ocr_line' id='line_1_101' title="bbox 675 5779 2238 5852; baseline -0.003 -14"><span class='ocrx_word' id='word_1_691' title='bbox 675 5796 760 5839; x_wconf 85' lang='lat' dir='ltr'><strong>tus</strong></span> <span class='ocrx_word' id='word_1_692' title='bbox 790 5795 870 5840; x_wconf 87' lang='lat' dir='ltr'><strong>est</strong></span> <span class='ocrx_word' id='word_1_693' title='bbox 901 5794 1036 5838; x_wconf 81' lang='lat' dir='ltr'><strong>inter</strong></span> <span class='ocrx_word' id='word_1_694' title='bbox 1063 5796 1274 5838; x_wconf 87' lang='lat' dir='ltr'><strong>sanctos</strong></span> <span class='ocrx_word' id='word_1_695' title='bbox 1313 5798 1342 5836; x_wconf 92' lang='lat' dir='ltr'><strong>a</strong></span> <span class='ocrx_word' id='word_1_696' title='bbox 1372 5781 1629 5852; x_wconf 81' lang='lat' dir='ltr'><strong>Gregorio</strong></span> <span class='ocrx_word' id='word_1_697' title='bbox 1661 5795 1795 5849; x_wconf 86' lang='lat' dir='ltr'><strong>papa</strong></span> <span class='ocrx_word' id='word_1_698' title='bbox 1828 5779 1890 5835; x_wconf 82' lang='grc' dir='ltr'><strong>ΙΧ</strong></span> <span class='ocrx_word' id='word_1_699' title='bbox 1913 5820 1926 5846; x_wconf 88' lang='grc'><em>,</em></span> <span class='ocrx_word' id='word_1_700' title='bbox 1958 5797 2046 5836; x_wconf 85' lang='lat' dir='ltr'><strong>an.</strong></span> <span class='ocrx_word' id='word_1_701' title='bbox 2081 5782 2238 5834; x_wconf 70' lang='lat'><strong>12:23.</strong></span> 
     </span>
    </p>
   </div>
   <div class='ocr_carea' id='block_1_102' title="bbox 2314 3326 3445 3396">
    <p class='ocr_par' dir='ltr' id='par_1_102' title="bbox 2314 3326 3445 3396">
     <span class='ocr_line' id='line_1_102' title="bbox 2314 3326 3445 3396; baseline -0.003 -13"><span class='ocrx_word' id='word_1_702' title='bbox 2314 3331 2651 3383; x_wconf 63' lang='lat' dir='ltr'><strong>&#39;l‘t‘anslatum</strong></span> <span class='ocrx_word' id='word_1_703' title='bbox 2685 3337 2767 3381; x_wconf 89' lang='lat' dir='ltr'><strong>est</strong></span> <span class='ocrx_word' id='word_1_704' title='bbox 2793 3342 2986 3395; x_wconf 88' lang='lat' dir='ltr'><strong>corpus</strong></span> <span class='ocrx_word' id='word_1_705' title='bbox 3015 3327 3133 3396; x_wconf 74' lang='lat' dir='ltr'><strong>ejus</strong></span> <span class='ocrx_word' id='word_1_706' title='bbox 3165 3343 3250 3379; x_wconf 91' lang='lat' dir='ltr'><strong>an.</strong></span> <span class='ocrx_word' id='word_1_707' title='bbox 3282 3326 3445 3381; x_wconf 65' lang='lat'><strong>1230.</strong></span> 
     </span>
    </p>
   </div>
   <div class='ocr_carea' id='block_1_103' title="bbox 2386 3396 3884 3465">
    <p class='ocr_par' dir='ltr' id='par_1_103' title="bbox 2386 3396 3884 3465">
     <span class='ocr_line' id='line_1_103' title="bbox 2386 3396 3884 3465; baseline -0.001 -12"><span class='ocrx_word' id='word_1_708' title='bbox 2386 3409 2411 3446; x_wconf 71' lang='grc' dir='ltr'><strong><em>κ</em></strong></span> <span class='ocrx_word' id='word_1_709' title='bbox 2445 3400 2671 3453; x_wconf 81' lang='lat' dir='ltr'><strong>Placidi.</strong></span> <span class='ocrx_word' id='word_1_710' title='bbox 2706 3399 2800 3454; x_wconf 91' lang='lat' dir='ltr'><strong>llic</strong></span> <span class='ocrx_word' id='word_1_711' title='bbox 2831 3414 2896 3453; x_wconf 77' lang='lat' dir='ltr'><strong>ex</strong></span> <span class='ocrx_word' id='word_1_712' title='bbox 2925 3401 3091 3465; x_wconf 87' lang='lat' dir='ltr'><strong>stirpe</strong></span> <span class='ocrx_word' id='word_1_713' title='bbox 3120 3396 3306 3452; x_wconf 84' lang='lat' dir='ltr'><strong>Anicia</strong></span> <span class='ocrx_word' id='word_1_714' title='bbox 3339 3396 3622 3465; x_wconf 77' lang='lat' dir='ltr'><strong>septennis</strong></span> <span class='ocrx_word' id='word_1_715' title='bbox 3652 3397 3714 3450; x_wconf 89' lang='lat' dir='ltr'><strong>S.</strong></span> <span class='ocrx_word' id='word_1_716' title='bbox 3740 3396 3884 3452; x_wconf 80' lang='lat' dir='ltr'><strong>Bene-</strong></span> 
     </span>
    </p>
   </div>
   <div class='ocr_carea' id='block_1_104' title="bbox 2313 3467 3883 3537">
    <p class='ocr_par' dir='ltr' id='par_1_104' title="bbox 2313 3467 3883 3537">
     <span class='ocr_line' id='line_1_104' title="bbox 2313 3467 3883 3537; baseline -0.001 -14"><span class='ocrx_word' id='word_1_717' title='bbox 2313 3469 2458 3523; x_wconf 92' lang='lat' dir='ltr'><strong>dicto</strong></span> <span class='ocrx_word' id='word_1_718' title='bbox 2487 3472 2699 3524; x_wconf 86' lang='lat' dir='ltr'><strong>oblatus</strong></span> <span class='ocrx_word' id='word_1_719' title='bbox 2729 3477 2833 3535; x_wconf 92' lang='lat' dir='ltr'><strong>est,</strong></span> <span class='ocrx_word' id='word_1_720' title='bbox 2866 3479 3051 3537; x_wconf 87' lang='lat' dir='ltr'><strong>postea</strong></span> <span class='ocrx_word' id='word_1_721' title='bbox 3081 3483 3112 3520; x_wconf 92' lang='lat' dir='ltr'><strong>e</strong></span> <span class='ocrx_word' id='word_1_722' title='bbox 3142 3469 3418 3535; x_wconf 81' lang='lat' dir='ltr'><strong>naufragio</strong></span> <span class='ocrx_word' id='word_1_723' title='bbox 3451 3482 3546 3534; x_wconf 87' lang='lat' dir='ltr'><strong>per</strong></span> <span class='ocrx_word' id='word_1_724' title='bbox 3580 3469 3636 3519; x_wconf 84' lang='grc' dir='ltr'>Β.</span> <span class='ocrx_word' id='word_1_725' title='bbox 3672 3467 3883 3521; x_wconf 86' lang='lat' dir='ltr'><strong>Maurum</strong></span> 
     </span>
    </p>
   </div>
   <div class='ocr_carea' id='block_1_105' title="bbox 2315 3537 3886 3607">
    <p class='ocr_par' dir='ltr' id='par_1_105' title="bbox 2315 3537 3886 3607">
     <span class='ocr_line' id='line_1_105' title="bbox 2315 3537 3886 3607; baseline -0.002 -14"><span class='ocrx_word' id='word_1_726' title='bbox 2315 3552 2533 3607; x_wconf 89' lang='lat' dir='ltr'><strong>ereptus</strong></span> <span class='ocrx_word' id='word_1_727' title='bbox 2564 3540 2794 3604; x_wconf 89' lang='lat' dir='ltr'><strong>dicitur;</strong></span> <span class='ocrx_word' id='word_1_728' title='bbox 2846 3550 2900 3592; x_wconf 91' lang='lat' dir='ltr'><strong>et</strong></span> <span class='ocrx_word' id='word_1_729' title='bbox 2946 3539 3004 3592; x_wconf 89' lang='lat' dir='ltr'><strong>S.</strong></span> <span class='ocrx_word' id='word_1_730' title='bbox 3038 3539 3327 3590; x_wconf 80' lang='lat' dir='ltr'><strong>Benedicto</strong></span> <span class='ocrx_word' id='word_1_731' title='bbox 3369 3537 3587 3607; x_wconf 11' lang='lat' dir='ltr'><strong>fontem,</strong></span> <span class='ocrx_word' id='word_1_732' title='bbox 3626 3539 3680 3590; x_wconf 83' lang='lat' dir='ltr'><strong>in</strong></span> <span class='ocrx_word' id='word_1_733' title='bbox 3731 3549 3886 3590; x_wconf 85' lang='lat' dir='ltr'><strong>monte</strong></span> 
     </span>
    </p>
   </div>
   <div class='ocr_carea' id='block_1_106' title="bbox 2318 3606 3890 3677">
    <p class='ocr_par' dir='ltr' id='par_1_106' title="bbox 2318 3606 3890 3677">
     <span class='ocr_line' id='line_1_106' title="bbox 2318 3606 3890 3677; baseline -0.003 -13"><span class='ocrx_word' id='word_1_734' title='bbox 2318 3606 2625 3677; x_wconf 89' lang='lat' dir='ltr'><strong>impetranti</strong></span> <span class='ocrx_word' id='word_1_735' title='bbox 2657 3610 2916 3662; x_wconf 82' lang='lat' dir='ltr'><strong>adfuisse.</strong></span> <span class='ocrx_word' id='word_1_736' title='bbox 2964 3610 3023 3662; x_wconf 92' lang='lat' dir='ltr'><strong>S.</strong></span> <span class='ocrx_word' id='word_1_737' title='bbox 3058 3609 3262 3661; x_wconf 88' lang='lat' dir='ltr'><strong>Erasmi</strong></span> <span class='ocrx_word' id='word_1_738' title='bbox 3298 3606 3694 3661; x_wconf 74' lang='lat' dir='ltr'><strong>monasterium</strong></span> <span class='ocrx_word' id='word_1_739' title='bbox 3725 3608 3890 3661; x_wconf 86' lang='lat' dir='ltr'><strong>cundi-</strong></span> 
     </span>
    </p>
   </div>
   <div class='ocr_carea' id='block_1_107' title="bbox 2315 3678 3888 3744">
    <p class='ocr_par' dir='ltr' id='par_1_107' title="bbox 2315 3678 3888 3744">
     <span class='ocr_line' id='line_1_107' title="bbox 2315 3678 3888 3744; baseline -0.003 -12"><span class='ocrx_word' id='word_1_740' title='bbox 2315 3681 2413 3733; x_wconf 83' lang='lat' dir='ltr'><strong>dit.</strong></span> <span class='ocrx_word' id='word_1_741' title='bbox 2465 3681 2660 3736; x_wconf 86' lang='lat' dir='ltr'><strong>Missus</strong></span> <span class='ocrx_word' id='word_1_742' title='bbox 2691 3681 2744 3732; x_wconf 91' lang='lat' dir='ltr'><strong>in</strong></span> <span class='ocrx_word' id='word_1_743' title='bbox 2775 3679 3032 3741; x_wconf 81' lang='lat' dir='ltr'><strong>Siciliam,</strong></span> <span class='ocrx_word' id='word_1_744' title='bbox 3069 3678 3323 3730; x_wconf 88' lang='lat' dir='ltr'><strong>miracula</strong></span> <span class='ocrx_word' id='word_1_745' title='bbox 3360 3678 3486 3730; x_wconf 90' lang='lat' dir='ltr'><strong>fecit</strong></span> <span class='ocrx_word' id='word_1_746' title='bbox 3532 3679 3801 3744; x_wconf 86' lang='lat' dir='ltr'><strong>plurima:</strong></span> <span class='ocrx_word' id='word_1_747' title='bbox 3845 3687 3888 3730; x_wconf 88' lang='lat' dir='ltr'><strong>et</strong></span> 
     </span>
    </p>
   </div>
   <div class='ocr_carea' id='block_1_108' title="bbox 2316 3748 3890 3817">
    <p class='ocr_par' dir='ltr' id='par_1_108' title="bbox 2316 3748 3890 3817">
     <span class='ocr_line' id='line_1_108' title="bbox 2316 3748 3890 3817; baseline -0.004 -14"><span class='ocrx_word' id='word_1_748' title='bbox 2316 3752 2575 3804; x_wconf 69' lang='lat' dir='ltr'><strong>Messanae</strong></span> <span class='ocrx_word' id='word_1_749' title='bbox 2604 3759 2884 3817; x_wconf 73' lang='lat' dir='ltr'><strong>exceptus,</strong></span> <span class='ocrx_word' id='word_1_750' title='bbox 2930 3748 3262 3802; x_wconf 72' lang='lat' dir='ltr'><strong>smcularium</strong></span> <span class='ocrx_word' id='word_1_751' title='bbox 3301 3749 3490 3801; x_wconf 85' lang='lat' dir='ltr'><strong>dmnns</strong></span> <span class='ocrx_word' id='word_1_752' title='bbox 3521 3750 3745 3806; x_wconf 89' lang='lat' dir='ltr'><strong>vitavit,</strong></span> <span class='ocrx_word' id='word_1_753' title='bbox 3789 3763 3890 3799; x_wconf 83' lang='lat' dir='ltr'><strong>mu—</strong></span> 
     </span>
    </p>
   </div>
   <div class='ocr_carea' id='block_1_109' title="bbox 2317 3817 3885 3883">
    <p class='ocr_par' dir='ltr' id='par_1_109' title="bbox 2317 3817 3885 3883">
     <span class='ocr_line' id='line_1_109' title="bbox 2317 3817 3885 3883; baseline -0.005 -9"><span class='ocrx_word' id='word_1_754' title='bbox 2317 3819 2606 3874; x_wconf 86' lang='lat' dir='ltr'><strong>nasterium</strong></span> <span class='ocrx_word' id='word_1_755' title='bbox 2631 3820 2949 3883; x_wconf 77' lang='lat' dir='ltr'><strong>construxit,</strong></span> <span class='ocrx_word' id='word_1_756' title='bbox 2973 3833 3161 3873; x_wconf 90' lang='lat' dir='ltr'><strong>omnes</strong></span> <span class='ocrx_word' id='word_1_757' title='bbox 3188 3819 3426 3871; x_wconf 86' lang='lat' dir='ltr'><strong>intirmos</strong></span> <span class='ocrx_word' id='word_1_758' title='bbox 3449 3817 3655 3871; x_wconf 64' lang='lat' dir='ltr'><strong>Sicilia!</strong></span> <span class='ocrx_word' id='word_1_759' title='bbox 3680 3817 3885 3882; x_wconf 79' lang='lat' dir='ltr'><strong>sanavit,</strong></span> 
     </span>
    </p>
   </div>
   <div class='ocr_carea' id='block_1_110' title="bbox 2316 3887 3887 3957">
    <p class='ocr_par' dir='ltr' id='par_1_110' title="bbox 2316 3887 3887 3957">
     <span class='ocr_line' id='line_1_110' title="bbox 2316 3887 3887 3957; baseline -0.004 -15"><span class='ocrx_word' id='word_1_760' title='bbox 2316 3902 2366 3942; x_wconf 85' lang='lat' dir='ltr'><strong>et</strong></span> <span class='ocrx_word' id='word_1_761' title='bbox 2393 3890 2670 3944; x_wconf 89' lang='lat' dir='ltr'><strong>ecclesiam</strong></span> <span class='ocrx_word' id='word_1_762' title='bbox 2694 3889 3005 3941; x_wconf 84' lang='lat' dir='ltr'><strong>fabricavit:</strong></span> <span class='ocrx_word' id='word_1_763' title='bbox 3031 3889 3265 3956; x_wconf 88' lang='lat' dir='ltr'><strong>denique</strong></span> <span class='ocrx_word' id='word_1_764' title='bbox 3287 3903 3407 3942; x_wconf 90' lang='lat' dir='ltr'><strong>cum</strong></span> <span class='ocrx_word' id='word_1_765' title='bbox 3433 3887 3596 3941; x_wconf 89' lang='lat' dir='ltr'><strong>sociis</strong></span> <span class='ocrx_word' id='word_1_766' title='bbox 3624 3888 3887 3957; x_wconf 76' lang='lat' dir='ltr'><strong>Eutychio,</strong></span> 
     </span>
    </p>
   </div>
   <div class='ocr_carea' id='block_1_111' title="bbox 2319 3959 3888 4025">
    <p class='ocr_par' dir='ltr' id='par_1_111' title="bbox 2319 3959 3888 4025">
     <span class='ocr_line' id='line_1_111' title="bbox 2319 3959 3888 4025; baseline -0.004 -12"><span class='ocrx_word' id='word_1_767' title='bbox 2319 3960 2616 4025; x_wconf 84' lang='lat' dir='ltr'><strong>Victorino,</strong></span> <span class='ocrx_word' id='word_1_768' title='bbox 2665 3969 2717 4013; x_wconf 91' lang='lat' dir='ltr'><strong>et</strong></span> <span class='ocrx_word' id='word_1_769' title='bbox 2761 3959 2941 4011; x_wconf 82' lang='lat' dir='ltr'><strong>Flavia</strong></span> <span class='ocrx_word' id='word_1_770' title='bbox 2973 3973 3159 4011; x_wconf 91' lang='lat' dir='ltr'><strong>eorum</strong></span> <span class='ocrx_word' id='word_1_771' title='bbox 3190 3973 3469 4023; x_wconf 80' lang='lat' dir='ltr'><strong>germana,</strong></span> <span class='ocrx_word' id='word_1_772' title='bbox 3505 3959 3736 4024; x_wconf 89' lang='lat' dir='ltr'><strong>Donato,</strong></span> <span class='ocrx_word' id='word_1_773' title='bbox 3769 3959 3888 4011; x_wconf 75' lang='lat' dir='ltr'><strong>Fau-</strong></span> 
     </span>
    </p>
   </div>
   <div class='ocr_carea' id='block_1_112' title="bbox 2321 4027 3888 4098">
    <p class='ocr_par' dir='ltr' id='par_1_112' title="bbox 2321 4027 3888 4098">
     <span class='ocr_line' id='line_1_112' title="bbox 2321 4027 3888 4098; baseline -0.003 -16"><span class='ocrx_word' id='word_1_774' title='bbox 2321 4031 2483 4098; x_wconf 89' lang='lat' dir='ltr'><strong>stino,</strong></span> <span class='ocrx_word' id='word_1_775' title='bbox 2515 4029 2774 4094; x_wconf 85' lang='lat' dir='ltr'><strong>Firmato,</strong></span> <span class='ocrx_word' id='word_1_776' title='bbox 2817 4040 2868 4082; x_wconf 92' lang='lat' dir='ltr'><strong>et</strong></span> <span class='ocrx_word' id='word_1_777' title='bbox 2907 4028 3022 4081; x_wconf 86' lang='lat' dir='ltr'><strong>aliis</strong></span> <span class='ocrx_word' id='word_1_778' title='bbox 3063 4029 3302 4098; x_wconf 88' lang='lat' dir='ltr'><strong>triginta,</strong></span> <span class='ocrx_word' id='word_1_779' title='bbox 3335 4044 3362 4080; x_wconf 88' lang='lat' dir='ltr'><strong>a</strong></span> <span class='ocrx_word' id='word_1_780' title='bbox 3393 4027 3680 4081; x_wconf 77' lang='lat' dir='ltr'><strong>Mamuclu</strong></span> <span class='ocrx_word' id='word_1_781' title='bbox 3715 4031 3888 4096; x_wconf 83' lang='lat' dir='ltr'><strong>pirata,</strong></span> 
     </span>
    </p>
   </div>
   <div class='ocr_carea' id='block_1_113' title="bbox 2321 4099 3893 4168">
    <p class='ocr_par' dir='ltr' id='par_1_113' title="bbox 2321 4099 3893 4168">
     <span class='ocr_line' id='line_1_113' title="bbox 2321 4099 3893 4168; baseline -0.002 -16"><span class='ocrx_word' id='word_1_782' title='bbox 2321 4116 2478 4168; x_wconf 87' lang='lat' dir='ltr'><strong>quem</strong></span> <span class='ocrx_word' id='word_1_783' title='bbox 2511 4099 2712 4154; x_wconf 87' lang='lat' dir='ltr'><strong>Abdala</strong></span> <span class='ocrx_word' id='word_1_784' title='bbox 2757 4101 3010 4152; x_wconf 84' lang='lat' dir='ltr'><strong>barbarus</strong></span> <span class='ocrx_word' id='word_1_785' title='bbox 3045 4099 3313 4167; x_wconf 85' lang='lat' dir='ltr'><strong>llispani.c</strong></span> <span class='ocrx_word' id='word_1_786' title='bbox 3347 4113 3439 4152; x_wconf 80' lang='lat' dir='ltr'><strong>rex</strong></span> <span class='ocrx_word' id='word_1_787' title='bbox 3467 4110 3743 4168; x_wconf 75' lang='lat' dir='ltr'><strong>miserat,</strong></span> <span class='ocrx_word' id='word_1_788' title='bbox 3791 4109 3893 4166; x_wconf 83' lang='lat' dir='ltr'><strong>post</strong></span> 
     </span>
    </p>
   </div>
   <div class='ocr_carea' id='block_1_114' title="bbox 2325 4167 3888 4236">
    <p class='ocr_par' dir='ltr' id='par_1_114' title="bbox 2325 4167 3888 4236">
     <span class='ocr_line' id='line_1_114' title="bbox 2325 4167 3888 4236; baseline -0.003 -14"><span class='ocrx_word' id='word_1_789' title='bbox 2325 4167 2470 4223; x_wconf 83' lang='lat' dir='ltr'><strong>varia</strong></span> <span class='ocrx_word' id='word_1_790' title='bbox 2497 4179 2755 4224; x_wconf 89' lang='lat' dir='ltr'><strong>tormenta</strong></span> <span class='ocrx_word' id='word_1_791' title='bbox 2780 4173 2951 4235; x_wconf 90' lang='lat' dir='ltr'><strong>capite</strong></span> <span class='ocrx_word' id='word_1_792' title='bbox 2980 4170 3171 4236; x_wconf 85' lang='lat' dir='ltr'><strong>plexus</strong></span> <span class='ocrx_word' id='word_1_793' title='bbox 3195 4178 3278 4222; x_wconf 88' lang='lat' dir='ltr'><strong>est</strong></span> <span class='ocrx_word' id='word_1_794' title='bbox 3299 4184 3441 4221; x_wconf 88' lang='lat' dir='ltr'><strong>anno</strong></span> <span class='ocrx_word' id='word_1_795' title='bbox 3462 4167 3587 4222; x_wconf 65' lang='grc'>541.</span> <span class='ocrx_word' id='word_1_796' title='bbox 3629 4172 3822 4221; x_wconf 82' lang='lat' dir='ltr'><strong>Omnes</strong></span> <span class='ocrx_word' id='word_1_797' title='bbox 3848 4170 3888 4217; x_wconf 80' lang='lat' dir='ltr'><strong>hi</strong></span> 
     </span>
    </p>
   </div>
   <div class='ocr_carea' id='block_1_115' title="bbox 2325 4237 3894 4308">
    <p class='ocr_par' dir='ltr' id='par_1_115' title="bbox 2325 4237 3894 4308">
     <span class='ocr_line' id='line_1_115' title="bbox 2325 4237 3894 4308; baseline -0.004 -15"><span class='ocrx_word' id='word_1_798' title='bbox 2325 4256 2354 4293; x_wconf 91' lang='lat' dir='ltr'><strong>a</strong></span> <span class='ocrx_word' id='word_1_799' title='bbox 2388 4240 2680 4304; x_wconf 87' lang='lat' dir='ltr'><strong>Gordiano,</strong></span> <span class='ocrx_word' id='word_1_800' title='bbox 2728 4239 2816 4308; x_wconf 88' lang='lat' dir='ltr'><strong>qui</strong></span> <span class='ocrx_word' id='word_1_801' title='bbox 2868 4241 2926 4291; x_wconf 83' lang='lat' dir='ltr'><strong>B.</strong></span> <span class='ocrx_word' id='word_1_802' title='bbox 2957 4237 3232 4290; x_wconf 85' lang='lat' dir='ltr'><strong>Placidum</strong></span> <span class='ocrx_word' id='word_1_803' title='bbox 3266 4253 3294 4290; x_wconf 91' lang='lat' dir='ltr'><strong>a</strong></span> <span class='ocrx_word' id='word_1_804' title='bbox 3321 4239 3634 4292; x_wconf 74' lang='lat' dir='ltr'><strong>Cassmensi</strong></span> <span class='ocrx_word' id='word_1_805' title='bbox 3667 4237 3894 4291; x_wconf 65' lang='lat' dir='ltr'><strong>cirnohio</strong></span> 
     </span>
    </p>
   </div>
   <div class='ocr_carea' id='block_1_116' title="bbox 2329 4308 3893 4376">
    <p class='ocr_par' dir='ltr' id='par_1_116' title="bbox 2329 4308 3893 4376">
     <span class='ocr_line' id='line_1_116' title="bbox 2329 4308 3893 4376; baseline -0.003 -12"><span class='ocrx_word' id='word_1_806' title='bbox 2329 4319 2546 4364; x_wconf 86' lang='lat' dir='ltr'><strong>secutus</strong></span> <span class='ocrx_word' id='word_1_807' title='bbox 2574 4308 2767 4373; x_wconf 83' lang='lat' dir='ltr'><strong>fuerat,</strong></span> <span class='ocrx_word' id='word_1_808' title='bbox 2789 4309 2981 4376; x_wconf 87' lang='lat' dir='ltr'><strong>sepulti</strong></span> <span class='ocrx_word' id='word_1_809' title='bbox 3006 4318 3147 4361; x_wconf 84' lang='lat' dir='ltr'><strong>sunt.</strong></span> <span class='ocrx_word' id='word_1_810' title='bbox 3178 4309 3421 4362; x_wconf 80' lang='lat' dir='ltr'><strong>Placidus</strong></span> <span class='ocrx_word' id='word_1_811' title='bbox 3445 4308 3893 4376; x_wconf 76' lang='lat' dir='ltr'><strong>Benedictinorum</strong></span> 
     </span>
    </p>
   </div>
   <div class='ocr_carea' id='block_1_117' title="bbox 2333 4375 3899 4449">
    <p class='ocr_par' dir='ltr' id='par_1_117' title="bbox 2333 4375 3899 4449">
     <span class='ocr_line' id='line_1_117' title="bbox 2333 4375 3899 4449; baseline -0.003 -17"><span class='ocrx_word' id='word_1_812' title='bbox 2333 4389 2691 4449; x_wconf 86' lang='lat' dir='ltr'><strong>protomartyr</strong></span> <span class='ocrx_word' id='word_1_813' title='bbox 2720 4375 2931 4432; x_wconf 85' lang='lat' dir='ltr'><strong>dicitur.</strong></span> <span class='ocrx_word' id='word_1_814' title='bbox 2972 4378 3102 4432; x_wconf 83' lang='lat' dir='ltr'><strong>Vide</strong></span> <span class='ocrx_word' id='word_1_815' title='bbox 3130 4379 3188 4434; x_wconf 91' lang='lat' dir='ltr'><strong>S.</strong></span> <span class='ocrx_word' id='word_1_816' title='bbox 3213 4379 3412 4432; x_wconf 86' lang='lat' dir='ltr'><strong>Placidi</strong></span> <span class='ocrx_word' id='word_1_817' title='bbox 3439 4375 3614 4430; x_wconf 88' lang='lat' dir='ltr'><strong>Vitam</strong></span> <span class='ocrx_word' id='word_1_818' title='bbox 3642 4379 3778 4445; x_wconf 87' lang='lat' dir='ltr'><strong>apud</strong></span> <span class='ocrx_word' id='word_1_819' title='bbox 3805 4378 3899 4430; x_wconf 80' lang='lat' dir='ltr'><strong>Ma-</strong></span> 
     </span>
    </p>
   </div>
   <div class='ocr_carea' id='block_1_118' title="bbox 2337 4449 3052 4516">
    <p class='ocr_par' dir='ltr' id='par_1_118' title="bbox 2337 4449 3052 4516">
     <span class='ocr_line' id='line_1_118' title="bbox 2337 4449 3052 4516; baseline -0.004 -12"><span class='ocrx_word' id='word_1_820' title='bbox 2337 4451 2544 4516; x_wconf 88' lang='lat' dir='ltr'><strong>hillun.,</strong></span> <span class='ocrx_word' id='word_1_821' title='bbox 2576 4464 2702 4502; x_wconf 63' lang='lat' dir='ltr'><strong>saec.</strong></span> <span class='ocrx_word' id='word_1_822' title='bbox 2729 4465 2744 4502; x_wconf 84' lang='grc' dir='ltr'>ι</span> <span class='ocrx_word' id='word_1_823' title='bbox 2775 4449 2890 4501; x_wconf 85' lang='lat' dir='ltr'><strong>Act.</strong></span> <span class='ocrx_word' id='word_1_824' title='bbox 2923 4450 3052 4501; x_wconf 86' lang='lat' dir='ltr'><strong>Ben.</strong></span> 
     </span>
    </p>
   </div>
   <div class='ocr_carea' id='block_1_119' title="bbox 2408 4518 3895 4590">
    <p class='ocr_par' dir='ltr' id='par_1_119' title="bbox 2408 4518 3895 4590">
     <span class='ocr_line' id='line_1_119' title="bbox 2408 4518 3895 4590; baseline -0.002 -17"><span class='ocrx_word' id='word_1_825' title='bbox 2408 4519 2435 4557; x_wconf 84' lang='grc' dir='ltr'><strong>¹ι</strong></span> <span class='ocrx_word' id='word_1_826' title='bbox 2465 4521 2830 4590; x_wconf 50' lang='lat' dir='ltr'><strong>Apollinaris.</strong></span> <span class='ocrx_word' id='word_1_827' title='bbox 2863 4520 2958 4572; x_wconf 91' lang='lat' dir='ltr'><strong>llic</strong></span> <span class='ocrx_word' id='word_1_828' title='bbox 2990 4518 3210 4572; x_wconf 70' lang='lat' dir='ltr'><strong>Vienna:</strong></span> <span class='ocrx_word' id='word_1_829' title='bbox 3259 4519 3444 4590; x_wconf 17' lang='lat' dir='ltr'><strong>nobili;</strong></span> <span class='ocrx_word' id='word_1_830' title='bbox 3475 4533 3678 4582; x_wconf 82' lang='lat' dir='ltr'><strong>genere</strong></span> <span class='ocrx_word' id='word_1_831' title='bbox 3726 4527 3895 4590; x_wconf 89' lang='lat' dir='ltr'><strong>ortus.</strong></span> 
     </span>
    </p>
   </div>
   <div class='ocr_carea' id='block_1_120' title="bbox 2337 4588 3896 4660">
    <p class='ocr_par' dir='ltr' id='par_1_120' title="bbox 2337 4588 3896 4660">
     <span class='ocr_line' id='line_1_120' title="bbox 2337 4588 3896 4660; baseline -0.002 -20"><span class='ocrx_word' id='word_1_832' title='bbox 2337 4588 2547 4660; x_wconf 79' lang='lat' dir='ltr'><strong>gregem</strong></span> <span class='ocrx_word' id='word_1_833' title='bbox 2581 4590 2678 4643; x_wconf 83' lang='lat' dir='ltr'><strong>sibi</strong></span> <span class='ocrx_word' id='word_1_834' title='bbox 2711 4589 2970 4643; x_wconf 85' lang='lat' dir='ltr'><strong>creditum</strong></span> <span class='ocrx_word' id='word_1_835' title='bbox 3005 4598 3223 4657; x_wconf 83' lang='lat' dir='ltr'><strong>paterna</strong></span> <span class='ocrx_word' id='word_1_836' title='bbox 3265 4605 3390 4641; x_wconf 87' lang='lat' dir='ltr'><strong>cura</strong></span> <span class='ocrx_word' id='word_1_837' title='bbox 3412 4588 3644 4660; x_wconf 78' lang='lat' dir='ltr'><strong>fovens,</strong></span> <span class='ocrx_word' id='word_1_838' title='bbox 3696 4589 3812 4640; x_wconf 89' lang='lat' dir='ltr'><strong>vitia</strong></span> <span class='ocrx_word' id='word_1_839' title='bbox 3855 4590 3896 4638; x_wconf 91' lang='lat' dir='ltr'><strong>iu</strong></span> 
     </span>
    </p>
   </div>
   <div class='ocr_carea' id='block_1_121' title="bbox 2340 4659 3897 4728">
    <p class='ocr_par' dir='ltr' id='par_1_121' title="bbox 2340 4659 3897 4728">
     <span class='ocr_line' id='line_1_121' title="bbox 2340 4659 3897 4728; baseline -0.003 -16"><span class='ocrx_word' id='word_1_840' title='bbox 2340 4663 2522 4728; x_wconf 88' lang='lat' dir='ltr'><strong>primis</strong></span> <span class='ocrx_word' id='word_1_841' title='bbox 2547 4662 2734 4713; x_wconf 90' lang='lat' dir='ltr'><strong>tollere</strong></span> <span class='ocrx_word' id='word_1_842' title='bbox 2760 4661 3020 4712; x_wconf 76' lang='lat' dir='ltr'><strong>laboravit</strong></span> <span class='ocrx_word' id='word_1_843' title='bbox 3046 4677 3058 4712; x_wconf 93' lang='lat'>:</span> <span class='ocrx_word' id='word_1_844' title='bbox 3090 4675 3255 4728; x_wconf 87' lang='lat' dir='ltr'><strong>quare</strong></span> <span class='ocrx_word' id='word_1_845' title='bbox 3277 4659 3605 4726; x_wconf 79' lang='lat' dir='ltr'><strong>Stephanum</strong></span> <span class='ocrx_word' id='word_1_846' title='bbox 3633 4660 3897 4728; x_wconf 77' lang='lat' dir='ltr'><strong>quemdam</strong></span> 
     </span>
    </p>
   </div>
   <div class='ocr_carea' id='block_1_122' title="bbox 2339 4725 3898 4799">
    <p class='ocr_par' dir='ltr' id='par_1_122' title="bbox 2339 4725 3898 4799">
     <span class='ocr_line' id='line_1_122' title="bbox 2339 4725 3898 4799; baseline -0.003 -16"><span class='ocrx_word' id='word_1_847' title='bbox 2339 4725 2664 4799; x_wconf 71' lang='lat' dir='ltr'><strong>Sigismundi</strong></span> <span class='ocrx_word' id='word_1_848' title='bbox 2711 4729 2853 4798; x_wconf 85' lang='lat' dir='ltr'><strong>regis</strong></span> <span class='ocrx_word' id='word_1_849' title='bbox 2904 4725 3237 4796; x_wconf 78' lang='lat' dir='ltr'><strong>familiarem,</strong></span> <span class='ocrx_word' id='word_1_850' title='bbox 3291 4725 3435 4790; x_wconf 86' lang='lat' dir='ltr'><strong>cum,</strong></span> <span class='ocrx_word' id='word_1_851' title='bbox 3487 4725 3700 4783; x_wconf 87' lang='lat' dir='ltr'><strong>mortua</strong></span> <span class='ocrx_word' id='word_1_852' title='bbox 3732 4725 3898 4785; x_wconf 73' lang='lat' dir='ltr'><strong>uxore,</strong></span> 
     </span>
    </p>
   </div>
   <div class='ocr_carea' id='block_1_123' title="bbox 2339 4800 3899 4856">
    <p class='ocr_par' dir='ltr' id='par_1_123' title="bbox 2339 4800 3899 4856">
     <span class='ocr_line' id='line_1_123' title="bbox 2339 4800 3899 4856; baseline -0.004 -2"><span class='ocrx_word' id='word_1_853' title='bbox 2339 4817 2578 4854; x_wconf 84' lang='lat' dir='ltr'><strong>sororem</strong></span> <span class='ocrx_word' id='word_1_854' title='bbox 2612 4801 2876 4853; x_wconf 74' lang='lat' dir='ltr'><strong>delum-tte</strong></span> <span class='ocrx_word' id='word_1_855' title='bbox 2911 4800 3100 4853; x_wconf 88' lang='lat' dir='ltr'><strong>illicito</strong></span> <span class='ocrx_word' id='word_1_856' title='bbox 3129 4801 3468 4852; x_wconf 83' lang='lat' dir='ltr'><strong>matrimomo</strong></span> <span class='ocrx_word' id='word_1_857' title='bbox 3498 4802 3774 4856; x_wconf 74' lang='lat' dir='ltr'><strong>dnxi~set.</strong></span> <span class='ocrx_word' id='word_1_858' title='bbox 3816 4809 3899 4848; x_wconf 86' lang='lat' dir='ltr'><strong>nec</strong></span> 
     </span>
    </p>
   </div>
   <div class='ocr_carea' id='block_1_124' title="bbox 2340 4867 3900 4932">
    <p class='ocr_par' dir='ltr' id='par_1_124' title="bbox 2340 4867 3900 4932">
     <span class='ocr_line' id='line_1_124' title="bbox 2340 4867 3900 4932; baseline -0.004 -8"><span class='ocrx_word' id='word_1_859' title='bbox 2340 4872 2643 4924; x_wconf 89' lang='lat' dir='ltr'><strong>admonitus</strong></span> <span class='ocrx_word' id='word_1_860' title='bbox 2674 4884 2732 4923; x_wconf 87' lang='lat' dir='ltr'><strong>se</strong></span> <span class='ocrx_word' id='word_1_861' title='bbox 2760 4872 3097 4924; x_wconf 85' lang='lat' dir='ltr'><strong>emendasset</strong></span> <span class='ocrx_word' id='word_1_862' title='bbox 3117 4910 3132 4932; x_wconf 88' lang='lat'><strong>,</strong></span> <span class='ocrx_word' id='word_1_863' title='bbox 3182 4885 3284 4924; x_wconf 88' lang='lat' dir='ltr'><strong>una</strong></span> <span class='ocrx_word' id='word_1_864' title='bbox 3311 4884 3430 4923; x_wconf 89' lang='lat' dir='ltr'><strong>cum</strong></span> <span class='ocrx_word' id='word_1_865' title='bbox 3475 4870 3538 4924; x_wconf 82' lang='lat' dir='ltr'><strong>S.‘</strong></span> <span class='ocrx_word' id='word_1_866' title='bbox 3566 4870 3729 4923; x_wconf 79' lang='lat' dir='ltr'><strong>Avito</strong></span> <span class='ocrx_word' id='word_1_867' title='bbox 3760 4867 3900 4920; x_wconf 67' lang='lat' dir='ltr'><strong>Vieuo</strong></span> 
     </span>
    </p>
   </div>
   <div class='ocr_carea' id='block_1_125' title="bbox 2344 4937 3901 5009">
    <p class='ocr_par' dir='ltr' id='par_1_125' title="bbox 2344 4937 3901 5009">
     <span class='ocr_line' id='line_1_125' title="bbox 2344 4937 3901 5009; baseline -0.001 -18"><span class='ocrx_word' id='word_1_868' title='bbox 2344 4946 2493 4994; x_wconf 81' lang='lat' dir='ltr'><strong>nensi</strong></span> <span class='ocrx_word' id='word_1_869' title='bbox 2537 4941 2788 5009; x_wconf 88' lang='lat' dir='ltr'><strong>episcopo</strong></span> <span class='ocrx_word' id='word_1_870' title='bbox 2819 4957 3022 5008; x_wconf 88' lang='lat' dir='ltr'><strong>suoque</strong></span> <span class='ocrx_word' id='word_1_871' title='bbox 3067 4954 3326 5008; x_wconf 81' lang='lat' dir='ltr'><strong>germano</strong></span> <span class='ocrx_word' id='word_1_872' title='bbox 3360 4941 3544 4992; x_wconf 88' lang='lat' dir='ltr'><strong>habito</strong></span> <span class='ocrx_word' id='word_1_873' title='bbox 3574 4937 3831 5009; x_wconf 87' lang='lat' dir='ltr'><strong>consilio,</strong></span> <span class='ocrx_word' id='word_1_874' title='bbox 3877 4950 3901 4985; x_wconf 85' lang='lat' dir='ltr'><strong>a</strong></span> 
     </span>
    </p>
   </div>
   <div class='ocr_carea' id='block_1_126' title="bbox 2343 5008 3901 5078">
    <p class='ocr_par' dir='ltr' id='par_1_126' title="bbox 2343 5008 3901 5078">
     <span class='ocr_line' id='line_1_126' title="bbox 2343 5008 3901 5078; baseline -0.003 -16"><span class='ocrx_word' id='word_1_875' title='bbox 2343 5008 2972 5065; x_wconf 26' lang='lat' dir='ltr'><strong>communione’Iidelium</strong></span> <span class='ocrx_word' id='word_1_876' title='bbox 2999 5011 3321 5078; x_wconf 81' lang='lat' dir='ltr'><strong>segregavit.</strong></span> <span class='ocrx_word' id='word_1_877' title='bbox 3347 5011 3479 5064; x_wconf 90' lang='lat' dir='ltr'><strong>Cum</strong></span> <span class='ocrx_word' id='word_1_878' title='bbox 3503 5018 3685 5063; x_wconf 88' lang='lat' dir='ltr'><strong>autem</strong></span> <span class='ocrx_word' id='word_1_879' title='bbox 3709 5008 3901 5078; x_wconf 68' lang='lat' dir='ltr'><strong>triginta</strong></span> 
     </span>
    </p>
   </div>
   <div class='ocr_carea' id='block_1_127' title="bbox 2343 5074 3904 5150">
    <p class='ocr_par' dir='ltr' id='par_1_127' title="bbox 2343 5074 3904 5150">
     <span class='ocr_line' id='line_1_127' title="bbox 2343 5074 3904 5150; baseline -0.006 -15"><span class='ocrx_word' id='word_1_880' title='bbox 2343 5093 2397 5135; x_wconf 90' lang='lat' dir='ltr'><strong>ct</strong></span> <span class='ocrx_word' id='word_1_881' title='bbox 2423 5092 2651 5150; x_wconf 83' lang='lat' dir='ltr'><strong>quatuor</strong></span> <span class='ocrx_word' id='word_1_882' title='bbox 2677 5083 2831 5134; x_wconf 87' lang='lat' dir='ltr'><strong>annis</strong></span> <span class='ocrx_word' id='word_1_883' title='bbox 2862 5074 3208 5148; x_wconf 51' lang='lat' dir='ltr'><strong>optime&#39;eani</strong></span> <span class='ocrx_word' id='word_1_884' title='bbox 3241 5081 3422 5133; x_wconf 83' lang='lat' dir='ltr'><strong>sedem</strong></span> <span class='ocrx_word' id='word_1_885' title='bbox 3451 5074 3817 5150; x_wconf 82' lang='lat' dir='ltr'><strong>gubernasset,</strong></span> <span class='ocrx_word' id='word_1_886' title='bbox 3847 5074 3904 5126; x_wconf 84' lang='lat' dir='ltr'><strong>ad</strong></span> 
     </span>
    </p>
   </div>
   <div class='ocr_carea' id='block_1_128' title="bbox 2343 5149 3905 5219">
    <p class='ocr_par' dir='ltr' id='par_1_128' title="bbox 2343 5149 3905 5219">
     <span class='ocr_line' id='line_1_128' title="bbox 2343 5149 3905 5219; baseline -0.006 -15"><span class='ocrx_word' id='word_1_887' title='bbox 2343 5149 2468 5204; x_wconf 86' lang='lat' dir='ltr'><strong>suos</strong></span> <span class='ocrx_word' id='word_1_888' title='bbox 2499 5155 2680 5206; x_wconf 88' lang='lat' dir='ltr'><strong>venire</strong></span> <span class='ocrx_word' id='word_1_889' title='bbox 2707 5155 2944 5218; x_wconf 86' lang='lat' dir='ltr'><strong>cogitans</strong></span> <span class='ocrx_word' id='word_1_890' title='bbox 2983 5151 3267 5204; x_wconf 86' lang='lat' dir='ltr'><strong>Massiliam</strong></span> <span class='ocrx_word' id='word_1_891' title='bbox 3319 5152 3559 5219; x_wconf 88' lang='lat' dir='ltr'><strong>appulit,</strong></span> <span class='ocrx_word' id='word_1_892' title='bbox 3611 5160 3666 5203; x_wconf 91' lang='lat' dir='ltr'><strong>et</strong></span> <span class='ocrx_word' id='word_1_893' title='bbox 3700 5149 3905 5211; x_wconf 74' lang='lat' dir='ltr'><strong>benigne</strong></span> 
     </span>
    </p>
   </div>
   <div class='ocr_carea' id='block_1_129' title="bbox 2312 5222 3902 5290">
    <p class='ocr_par' dir='ltr' id='par_1_129' title="bbox 2312 5222 3902 5290">
     <span class='ocr_line' id='line_1_129' title="bbox 2312 5222 3902 5290; baseline -0.006 -16"><span class='ocrx_word' id='word_1_894' title='bbox 2312 5261 2324 5271; x_wconf 94' lang='lat'><strong>.</strong></span> <span class='ocrx_word' id='word_1_895' title='bbox 2347 5232 2594 5290; x_wconf 77' lang='lat' dir='ltr'><strong>receptus</strong></span> <span class='ocrx_word' id='word_1_896' title='bbox 2624 5222 2772 5275; x_wconf 87' lang='lat' dir='ltr'><strong>febre</strong></span> <span class='ocrx_word' id='word_1_897' title='bbox 2799 5223 3114 5288; x_wconf 89' lang='lat' dir='ltr'><strong>corripitur;</strong></span> <span class='ocrx_word' id='word_1_898' title='bbox 3149 5230 3203 5273; x_wconf 89' lang='lat' dir='ltr'><strong>at</strong></span> <span class='ocrx_word' id='word_1_899' title='bbox 3235 5225 3506 5276; x_wconf 88' lang='lat' dir='ltr'><strong>remeandi</strong></span> <span class='ocrx_word' id='word_1_900' title='bbox 3541 5223 3902 5290; x_wconf 17' lang='lat' dir='ltr'><strong>spatinmicoir</strong></span> 
     </span>
    </p>
   </div>
   <div class='ocr_carea' id='block_1_130' title="bbox 2345 5289 3905 5359">
    <p class='ocr_par' dir='ltr' id='par_1_130' title="bbox 2345 5289 3905 5359">
     <span class='ocr_line' id='line_1_130' title="bbox 2345 5289 3905 5359; baseline -0.003 -17"><span class='ocrx_word' id='word_1_901' title='bbox 2345 5289 2580 5357; x_wconf 75' lang='lat' dir='ltr'><strong>Secutus,</strong></span> <span class='ocrx_word' id='word_1_902' title='bbox 2608 5293 2862 5344; x_wconf 86' lang='lat' dir='ltr'><strong>mundum</strong></span> <span class='ocrx_word' id='word_1_903' title='bbox 2889 5290 3192 5359; x_wconf 85' lang='lat' dir='ltr'><strong>dereliquit.</strong></span> <span class='ocrx_word' id='word_1_904' title='bbox 3233 5293 3468 5345; x_wconf 71' lang='lat' dir='ltr'><strong>Interfuit</strong></span> <span class='ocrx_word' id='word_1_905' title='bbox 3496 5292 3724 5342; x_wconf 81' lang='lat' dir='ltr'><strong>t&#39;OIlClllO</strong></span> <span class='ocrx_word' id='word_1_906' title='bbox 3756 5289 3905 5356; x_wconf 78' lang='lat' dir='ltr'><strong>Epul-</strong></span> 
     </span>
    </p>
   </div>
   <div class='ocr_carea' id='block_1_131' title="bbox 2347 5361 3903 5430">
    <p class='ocr_par' dir='ltr' id='par_1_131' title="bbox 2347 5361 3903 5430">
     <span class='ocr_line' id='line_1_131' title="bbox 2347 5361 3903 5430; baseline 0.001 -16"><span class='ocrx_word' id='word_1_907' title='bbox 2347 5366 2496 5415; x_wconf 89' lang='lat' dir='ltr'><strong>nensi</strong></span> <span class='ocrx_word' id='word_1_908' title='bbox 2545 5365 2594 5414; x_wconf 95' lang='lat' dir='ltr'><strong>in</strong></span> <span class='ocrx_word' id='word_1_909' title='bbox 2625 5361 2812 5415; x_wconf 81' lang='lat' dir='ltr'><strong>Galliis</strong></span> <span class='ocrx_word' id='word_1_910' title='bbox 2841 5362 3114 5416; x_wconf 87' lang='lat' dir='ltr'><strong>celebrato</strong></span> <span class='ocrx_word' id='word_1_911' title='bbox 3145 5371 3385 5430; x_wconf 89' lang='lat' dir='ltr'><strong>tempore</strong></span> <span class='ocrx_word' id='word_1_912' title='bbox 3429 5364 3486 5415; x_wconf 84' lang='lat' dir='ltr'><strong>S.</strong></span> <span class='ocrx_word' id='word_1_913' title='bbox 3521 5361 3717 5414; x_wconf 63' lang='lat' dir='ltr'><strong>Cerasii</strong></span> <span class='ocrx_word' id='word_1_914' title='bbox 3749 5370 3903 5424; x_wconf 55' lang='lat' dir='ltr'><strong>pultat.</strong></span> 
     </span>
    </p>
   </div>
   <div class='ocr_carea' id='block_1_132' title="bbox 2346 5432 3048 5486">
    <p class='ocr_par' dir='ltr' id='par_1_132' title="bbox 2346 5432 3048 5486">
     <span class='ocr_line' id='line_1_132' title="bbox 2346 5432 3048 5486; baseline 0 -2"><span class='ocrx_word' id='word_1_915' title='bbox 2346 5448 2485 5486; x_wconf 87' lang='lat' dir='ltr'><strong>nnno</strong></span> <span class='ocrx_word' id='word_1_916' title='bbox 2515 5432 2636 5486; x_wconf 62' lang='lat'><strong>593$.</strong></span> <span class='ocrx_word' id='word_1_917' title='bbox 2667 5432 2886 5486; x_wconf 66' lang='lat' dir='ltr'><strong>thNws</strong></span> <span class='ocrx_word' id='word_1_918' title='bbox 2918 5435 3048 5485; x_wconf 71' lang='lat' dir='ltr'><strong>Sen.</strong></span> 
     </span>
    </p>
   </div>
   <div class='ocr_carea' id='block_1_133' title="bbox 2427 5494 3905 5571">
    <p class='ocr_par' dir='ltr' id='par_1_133' title="bbox 2427 5494 3905 5571">
     <span class='ocr_line' id='line_1_133' title="bbox 2427 5494 3905 5571; baseline -0.003 -19"><span class='ocrx_word' id='word_1_919' title='bbox 2427 5503 2441 5540; x_wconf 75' lang='grc' dir='ltr'><strong>ἱ</strong></span> <span class='ocrx_word' id='word_1_920' title='bbox 2481 5503 2652 5556; x_wconf 88' lang='lat' dir='ltr'><strong>Verba</strong></span> <span class='ocrx_word' id='word_1_921' title='bbox 2677 5503 3046 5568; x_wconf 81' lang='lat' dir='ltr'><strong>Autissiodoro,</strong></span> <span class='ocrx_word' id='word_1_922' title='bbox 3075 5513 3206 5566; x_wconf 91' lang='lat' dir='ltr'><strong>etc.,</strong></span> <span class='ocrx_word' id='word_1_923' title='bbox 3233 5503 3472 5571; x_wconf 84' lang='lat' dir='ltr'><strong>usquead</strong></span> <span class='ocrx_word' id='word_1_924' title='bbox 3497 5503 3710 5554; x_wconf 81' lang='lat' dir='ltr'><strong>diacono</strong></span> <span class='ocrx_word' id='word_1_925' title='bbox 3731 5513 3834 5551; x_wconf 90' lang='lat' dir='ltr'><strong>om.</strong></span> <span class='ocrx_word' id='word_1_926' title='bbox 3857 5494 3905 5548; x_wconf 75' lang='grc' dir='ltr'>Ι..</span> 
     </span>
    </p>
   </div>
   <div class='ocr_carea' id='block_1_134' title="bbox 2425 5572 3272 5626">
    <p class='ocr_par' dir='ltr' id='par_1_134' title="bbox 2425 5572 3272 5626">
     <span class='ocr_line' id='line_1_134' title="bbox 2425 5572 3272 5626; baseline 0.002 -3"><span class='ocrx_word' id='word_1_927' title='bbox 2425 5575 2436 5623; x_wconf 87' lang='lat' dir='ltr'><strong>i</strong></span> <span class='ocrx_word' id='word_1_928' title='bbox 2475 5572 2846 5626; x_wconf 68' lang='lat' dir='ltr'><strong>Germanorum</strong></span> <span class='ocrx_word' id='word_1_929' title='bbox 2875 5585 2956 5626; x_wconf 89' lang='lat' dir='ltr'><strong>est</strong></span> <span class='ocrx_word' id='word_1_930' title='bbox 2988 5576 3036 5624; x_wconf 92' lang='lat' dir='ltr'><strong>in</strong></span> <span class='ocrx_word' id='word_1_931' title='bbox 3069 5574 3183 5626; x_wconf 87' lang='lat' dir='ltr'><strong>solo</strong></span> <span class='ocrx_word' id='word_1_932' title='bbox 3215 5575 3272 5625; x_wconf 74' lang='lat' dir='ltr'><strong>ll.</strong></span> 
     </span>
    </p>
   </div>
   <div class='ocr_carea' id='block_1_135' title="bbox 2421 5641 3904 5704">
    <p class='ocr_par' dir='ltr' id='par_1_135' title="bbox 2421 5641 3904 5704">
     <span class='ocr_line' id='line_1_135' title="bbox 2421 5641 3904 5704; baseline -0.004 -8"><span class='ocrx_word' id='word_1_933' title='bbox 2421 5643 2440 5681; x_wconf 76' lang='grc' dir='ltr'>¹ί</span> <span class='ocrx_word' id='word_1_934' title='bbox 2475 5641 2813 5696; x_wconf 79' lang='lat' dir='ltr'><strong>Firmati.....</strong></span> <span class='ocrx_word' id='word_1_935' title='bbox 2863 5642 3096 5698; x_wconf 73' lang='lat' dir='ltr'><strong>Flauina:</strong></span> <span class='ocrx_word' id='word_1_936' title='bbox 3126 5648 3200 5699; x_wconf 83' lang='lat' dir='ltr'><strong>rcl</strong></span> <span class='ocrx_word' id='word_1_937' title='bbox 3231 5642 3452 5699; x_wconf 70' lang='lat' dir='ltr'><strong>Flariw.</strong></span> <span class='ocrx_word' id='word_1_938' title='bbox 3504 5645 3564 5698; x_wconf 89' lang='lat' dir='ltr'><strong>lli</strong></span> <span class='ocrx_word' id='word_1_939' title='bbox 3620 5641 3752 5704; x_wconf 77' lang='lat' dir='ltr'><strong>pas-i</strong></span> <span class='ocrx_word' id='word_1_940' title='bbox 3802 5643 3904 5690; x_wconf 71' lang='lat' dir='ltr'><strong>sunt</strong></span> 
     </span>
    </p>
   </div>
   <div class='ocr_carea' id='block_1_136' title="bbox 2347 5714 2815 5773">
    <p class='ocr_par' dir='ltr' id='par_1_136' title="bbox 2347 5714 2815 5773">
     <span class='ocr_line' id='line_1_136' title="bbox 2347 5714 2815 5773; baseline -0.006 -4"><span class='ocrx_word' id='word_1_941' title='bbox 2347 5731 2466 5770; x_wconf 88' lang='lat' dir='ltr'><strong>cmn</strong></span> <span class='ocrx_word' id='word_1_942' title='bbox 2497 5717 2554 5773; x_wconf 69' lang='grc' dir='ltr'><strong>ὃ.</strong></span> <span class='ocrx_word' id='word_1_943' title='bbox 2586 5714 2815 5770; x_wconf 83' lang='lat' dir='ltr'><strong>Placido.</strong></span> 
     </span>
    </p>
   </div>
  </div>
