4064 6346
162 322 305 389 1665

1290 323 1487 383 SECT.
1526 320 1592 379 II.
1638 351 1707 362 —
1733 316 2291 378 MARTYBOLOGIA.

3294 317 3431 378 1066

1417 438 1643 496 EDITIO
1680 434 2151 495 COLONIENSIS.

159 539 427 594 animatus
452 542 554 592 est.
585 533 789 591 Eodem
819 532 909 590 die
945 532 1086 590 beati
1130 531 1350 605 Sagaris
1394 533 1647 604 martyris
1694 540 1750 588 et
1781 538 1826 594 Α
1855 528 2165 585 Dominum.
2213 528 2345 585 Item
2392 536 2697 585 sanctorum
2750 536 3042 600 martyrum
3094 526 3327 583 Marcelli
3377 538 3436 585 et

160 630 399 700 episcopi
435 628 806 692 Laodicensis,
834 628 923 696 qui
954 642 1088 682 unus
1120 625 1220 680 fuit
1248 626 1316 681 de
1343 625 1578 696 antiquis
1607 623 1756 679 Pauli

159 724 388 795 apostoli
418 722 713 792 discipulis.
747 720 1019 791 Depositio
1052 720 1277 775 Romani
1322 718 1758 774 Antissiodoren-

158 820 229 871 sis
262 816 527 885 episcopi.
578 814 781 870 Eodem
813 813 901 869 die
948 823 1133 869 octava
1162 815 1330 868 sancti
1357 813 1639 869 Michaelis
1665 827 1757 866 ar-

157 907 426 975 change".

227 999 294 1053 G.
339 998 473 1053 Non.
516 995 656 1051 Ocr.
697 1025 767 1037 —
801 996 985 1051 Romae
1029 996 1111 1050 via
1163 997 1331 1066 Appia
1379 987 1755 1050 natale‘sancti

159 1093 324 1149 Marci
358 1089 599 1160 episcopi
629 1098 686 1145 et
712 1090 1058 1155 confessoris,
1082 1089 1169 1159 qui
1198 1089 1339 1144 sedit
1364 1088 1417 1143 in
1448 1089 1753 1157 episcOpatu

160 1202 332 1241 annos
376 1184 535 1252 duos,
568 1199 785 1243 menses
823 1199 1037 1249 novem,
1082 1183 1199 1239 dies
1230 1182 1434 1251 viginti,
1466 1178 1552 1250 qui
1594 1180 1753 1234 etiam

159 1278 408 1346 sepultus
452 1289 535 1335 est
574 1278 626 1333 in
665 1277 975 1332 cmmeterio
1024 1274 1264 1329 Balbina:
1306 1274 1392 1327 via
1442 1272 1752 1327 Ardeatina.

161 1369 293 1423 Item
342 1378 656 1424 sanctorum
695 1376 987 1437 martyrum
1019 1365 1205 1435 Sergii-
1229 1375 1283 1420 et
1323 1363 1505 1429 Bachi,
1537 1363 1625 1433 qui
1656 1361 1756 1416 sub

161 1459 484 1515 Maximiano
514 1475 609 1527 pro
637 1458 833 1514 Christi
868 1460 1081 1513 nomine
1112 1459 1252 1527 passi
1285 1466 1425 1511 sunt.
1458 1456 1591 1511 Nam
1624 1458 1754 1511 Ser-

160 1553 282 1623 gius
311 1552 656 1621 primicerius
689 1563 801 1605 erat
839 1550 1038 1606 schola:
1079 1550 1382 1621 gentilium,
1414 1535 1617 1603 amicus
1658 1550 1761 1601 ima

161 1644 453 1716 peratoris,
513 1644 702 1699 beatus
748 1657 877 1698 vero
930 1642 1137 1697 Bachus
1187 1641 1586 1699 secundicerius
1639 1648 1757 1694 erat

160 1738 409 1807 ejusdem
462 1737 684 1793 scholae.
735 1736 802 1791 Ili
849 1752 989 1791 enim
1036 1737 1103 1791 ab
1149 1735 1419 1792 Antiocho
1468 1736 1603 1789 duce
1659 1746 1756 1805 pro

160 1829 364 1885 Christi
415 1828 652 1894 nomine,
699 1829 853 1899 jussu
888 1828 1196 1883 Maximiani
1238 1827 1579 1896 imperatoris
1613 1824 1753 1896 passi

1858 623 2069 692 Apulei,
2100 624 2190 693 qui
2234 624 2451 694 quidem
2495 628 2665 693 primo
2706 623 3045 678 adhaeserunt
3072 622 3281 679 Simoni
3324 623 3440 679 Ma-

1857 728 1955 783 go;
1988 714 2084 770 sed
2115 716 2356 770 videntes
2404 716 2666 770 mirabilia
2711 729 2831 785 qua:
2882 715 3138 771 Dominus
3171 715 3437 784 operaba-

1860 820 1944 865 tur
1976 827 2067 881 per
2092 810 2391 880 apostolum
2444 826 2595 865 suum
2648 810 2897 877 Petrum,
2957 810 3143 865 relicto
3185 808 3438 877 Simone,

1859 904 2115 959 doctrina:
2161 904 2466 973 apostolicae
2506 917 2566 959 se
2601 903 2952 971 tradiderunt,
2981 913 3035 957 et
3077 911 3197 971 post
3234 913 3439 974 marty-

1858 997 1994 1051 rium
2026 999 2385 1067 apostolorum
2415 997 2513 1051 sub
2550 998 2837 1052 Aureliano
2878 998 3149 1053 consulari
3198 1000 3441 1071 martyrii

1857 1101 2109 1142 coronam
2158 1088 2576 1158 compleverunt,
2620 1088 2810 1157 sepulti
2858 1104 2963 1143 non
3009 1090 3165 1159 longe
3202 1092 3268 1146 ab
3306 1092 3441 1150 urbe

1858 1181 2049 1236 Roma.

1932 1275 1997 1327 A.
2039 1272 2153 1328 VIII
2190 1274 2308 1328 laus
2346 1273 2476 1327 Ucr.
2519 1302 2588 1312 —
2624 1272 2808 1328 Natale
2857 1272 2996 1327 beati
3027 1272 3314 1341 Simeonis,
3345 1274 3442 1345 qui

1860 1363 2139 1419 Dominum
2191 1373 2432 1419 nostrum
2479 1365 2660 1420 .Iesum
2699 1365 2969 1419 Christum
3012 1368 3349 1436 prmsentavit
3386 1368 3434 1424 ir

1858 1456 2138 1526 templum.
2171 1455 2299 1510 Item
2325 1456 2500 1511 natale
2528 1466 2725 1512 sanctae
2750 1456 3027 1527 Reparatm
3057 1459 3293 1527 virginis,
3322 1474 3445 1529 qute

1860 1562 2012 1615 passa
2035 1557 2118 1603 est
2143 1547 2194 1602 in
2216 1546 2460 1602 Caesarea
2487 1548 2616 1603 urbe
2642 1548 2957 1615 Palaestinae,
2986 1548 3085 1604 sub
3116 1549 3276 1605 Decio
3302 1564 3446 1619 pra:-

1859 1639 1993 1693 side.
2021 1638 2145 1694 Haec
2174 1656 2294 1695 cum
2318 1639 2478 1693 nollet
2502 1639 2657 1696 idolis
2684 1640 3006 1707 sacrificare,
3039 1642 3265 1709 primum
3294 1641 3447 1696 adbi-

1860 1729 1965 1783 bita
2013 1741 2093 1785 est
2135 1730 2208 1784 illi
2259 1730 2360 1784 olla
2413 1730 2627 1798 plumbo
2676 1730 2915 1786 fervente
2960 1731 3205 1801 impleta,
3260 1740 3447 1801 postea

1858 1822 2110 1877 abscissze
2159 1832 2282 1876 sunt
2326 1820 2399 1876 illi
2449 1823 2717 1889 mamillae,
2769 1831 2825 1878 et
2867 1820 3142 1893 lampades
3197 1824 3448 1878 ardentes

159 1930 309 1987 sunt,
363 1921 436 1975 ita
488 1930 546 1975 ut
593 1920 801 1976 Bachus
849 1920 975 1975 dum
1020 1929 1272 1975 extensus
1321 1920 1492 1975 crucis
1532 1917 1756 1989 ﬂagellis
1786 1907 1833 1967 B
1859 1911 2133 1980 adhibitae,
2180 1912 2373 1967 deinde
2419 1914 2471 1967 in
2507 1915 2773 1968 caminum
2812 1913 2949 1983 ignis
2992 1914 3151 1969 missa
3191 1924 3291 1969 est.
3319 1914 3451 1983 Quae

162 2010 488 2076 cederetur,
520 2010 791 2066 emitteret
844 2012 1121 2083 spiritum;
1181 2009 1399 2097 Sergius
1454 2024 1583 2065 vero
1642 2016 1760 2078 post

163 2103 334 2158 multa
367 2112 633 2158 tormenta
669 2102 846 2173 gladio
887 2118 1061 2159 caesus
1089 2112 1193 2170 est,
1221 2112 1276 2157 et
1300 2103 1377 2157 sic
1420 2100 1665 2172 migravit
1693 2102 1758 2155 ad

1865 2019 1986 2059 cum
2031 2004 2084 2058 in
2134 1989 2281 2059 nullo
2323 2004 2395 2059 ibi
2425 2004 2607 2061 fuisset
2637 2006 2782 2071 laesa,
2813 2006 3071 2062 decollata
3098 2018 3200 2073 est,
3231 2016 3285 2062 et
3322 2022 3449 2062 con-

1870 2096 2025 2150 tinuo'
2039 2096 2106 2151 de
2135 2097 2275 2151 collo
2300 2097 2418 2166 ejus
2438 2097 2599 2152 exivit
2620 2096 2867 2153 columba
2895 2097 3035 2152 alba.
3063 2095 3227 2168 Cujus
3253 2112 3448 2169 corpus

1420 2212 1649 2267 EDITIO
1691 2212 2196 2269 BOLLANDIANA.

246 2326 314 2385 ν.
356 2326 446 2393 C.,
497 2327 683 2381 Roma:
729 2326 993 2394 depositio
1042 2325 1530 2395 MarciaepiscOpi.
1592 2327 1655 2380 Et
1700 2326 1753 2380 in

170 2399 354 2469 Africa
381 2399 589 2468 Rogati,
622 2398 916 2469 Saturnini,
947 2398 1210 2469 Januarii,
1246 2397 1505 2469 Faustini,
1536 2406 1589 2451 et
1618 2397 1753 2450 Mar—

170 2466 485 2542 cialisr‘[Al.',
520 2469 703 2542 F‘auSti
735 2477 791 2542 et
817 2466 1024 2542 Marci].
1064 2468 1167 2542 rl5_.,
1200 2468 1399 2542 Eodem
1442 2470 1529 2523 die
1576 2469 1754 2542 passio

171 2542 273 2597 SS.
306 2538 513 2605 Fausti,
546 2539 781 2594 Januarii
824 2549 879 2593 et
915 2538 1199 2593 Mercialis.
1260 2539 1316 2591 Β.
1351 2538 1440 2604 Ι).,
1472 2540 1620 2606 Apud
1648 2538 1751 2591 Ca-

246 2628 332 2665 am
362 2621 667 2665 sanctorum
690 2607 717 2645 b
744 2609 997 2674 Marcelli,
1027 2609 1170 2662 Casti
1201 2608 1426 2671 IEmilii,
1458 2609 1750 2664 Saturnini.

246 2630 332 2665 am
362 2630 667 2665 53IICIOI'um
693 2630 717 2645 ν
744 2630 997 2674 marcent,
1027 2630 1170 2662 uasu
1201 2630 1426 2671 mnum,
1459 2630 1750 2664 Dalurllllllo

172 2630 243 2737 Ei
273 2684 502 2736 observa
532 2680 865 2749 frequentius
906 2679 1188 2749 aliquoties
1227 2678 1521 2734 recurrisse
1567 2688 1621 2733 ut
1661 2679 1751 2732 ubi

175 2754 491 2807 Vaticanum
512 2761 567 2805 et
606 2752 664 2807 S.
694 2750 902 2820 Cyriaci
934 2749 1133 2804 habent
1161 2751 1407 2818 Africam,
1439 2749 1757 2803 Divioneuse

172 2825 314 2894 legat
341 2820 615 2889 Cannam,
664 2830 721 2876 ut
757 2823 997 2876 fortassis
1036 2821 1229 2875 alicubi
1262 2820 1524 2890 Carthago
1554 2821 1755 2890 scripta

170 2894 359 2950 fuerit.

244 2993 312 3045 A.
341 2991 431 3055 T.,
466 2990 648 3045 Romae
677 2988 941 3058 depositio
972 2988 1033 3044 8.
1062 2988 1223 3043 Marci
1256 2988 1519 3057 episcopi.
1578 2988 1756 3057 Capua

168 3063 351 3119 natale
380 3072 682 3116 sanctorum
706 3060 845 3114 Casti
879 3072 930 3114 et
959 3059 1254 3114 Saturnini.
1286 3060 1346 3113 A.
1370 3058 1434 3113 Τ.
1463 3060 1545 3127 8.,
1575 3059 1761 3113 Antis-

168 3134 394 3188 siodoro
422 3132 686 3200 depositio
729 3133 785 3186 S.
818 3128 1045 3185 Romani
1073 3132 1331 3199 episcopi.
1376 3130 1429 3183 In
1460 3130 1667 3198 Aginno
1697 3130 1757 3182 S.

170 3204 620 3284 Fidismartyris.
646 3202 734 3284 ΤΔ,
759 3201 1147 3284 Sociorumque
1168 3202 1286 3284 ejus
1305 3200 1757 3284 Capra_sii,_Pr.i‘mi

1902 2320 1976 2379 ua
1997 2306 2171 2379 natale
2202 2304 2300 2379 88.
2332 2305 2475 2363 Casti
2516 2316 2573 2362 et
2600 2307 2899 2362 Saturnini.
2949 2308 3016 2363 Et
3054 2308 3108 2363 in
3138 2310 3353 2379 Agenna
3383 2310 3447 2368 8.

1888 2376 2009 2431 l‘idis
2036 2376 2279 2446 virginis.
2330 2408 2346 2423 ο

1934 2472 1988 2524 7.
2011 2499 2083 2543 τ-
2107 2470 2288 2543 Nonis.
2321 2469 2521 2526 Natalis
2548 2470 2605 2526 S.
2634 2480 2657 2508 ε
2682 2470 2842 2526 Marci
2874 2485 3044 2543 papre.
3077 2470 3199 2543 Ipse
3227 2473 3315 2530 die
3343 2489 3445 2531 na-

1864 2542 1985 2596 talis
2014 2540 2072 2597 S.
2105 2541 2223 2596 Lini
2256 2556 2425 2611 papze.

1935 2638 2100 2690 Abest
2130 2646 2430 2703 postremus
2458 2650 2486 2688 a
2521 2650 2655 2690 mss.
2685 2637 2750 2690 A.
2777 2635 2841 2691 Τ.
2870 2635 2933 2690 L.

1938 2706 1997 2759 V.
2032 2706 2094 2780 C.
2126 2707 2228 2780 Β.)
2280 2703 2495 2780 EtUSS.
2521 2705 2547 2780 ξι
2574 2706 2762 2780 Sergii
2785 2708 3111 2780 ~ethllacchi.
3168 2709 3223 2763 In
3263 2709 3443 2780 Capua

1862 2776 2045 2844 Quarti
2076 2785 2129 2831 et
2171 2777 2481 2831 Marcellini.
2518 2776 2608 2843 L.,
2642 2776 2705 2831 Et
2732 2776 2828 2832 SS.
2862 2778 3097 2833 Marcelli
3127 2782 3149 2809 θ
3175 2791 3227 2835 et
3254 2776 3445 2852 Apulei

1864 2859 2637 3000 Mantuadepo‘sitio
2664 2918 2738 2999 .S.
2768 2918 2927 2972 Marci
2975 2920 3318 3000 papm._lpso
3350 2921 3445 3000 die

1870 2989 2041 3043 natale
2070 2989 2167 3043 SS.
2199 2990 2369 3055 Sergii
2403 3000 2457 3044 et
2486 2988 2676 3043 Bacchi
2707 3002 3023 3059 martyrum.
3050 2988 3121 3045 Α.
3146 2988 3321 3058 Τ.“Β.,
3350 2994 3444 3047 Bi-

1869 3061 2331 3134 turica__s_civitate
2364 3060 2647 3134 depositio
2693 3060 2750 3114 8.
2783 3061 3106 3134 {Augustini
3160 3060 3273 3134 [B.,
3328 3065 3441 3118 Au-

1868 3128 2477 3217 gustalisjnepiscopinet
2500 3129 2863 3217 confessoris.
2915 3128 2989 3185 Ἀ.
3019 3132 3108 3198 Τ..
3140 3128 3329 3190 eodem
3360 3138 3447 3192 die

1867 3202 2044 3255 natale
2071 3200 2171 3257 SS.
2203 3201 2433 3257 Marcelli
2464 3212 2517 3256 et
2550 3201 2760 3269 Apulei.

166 3288 221 3332 et
252 3270 532 3332 Feliciani.
563 3275 651 3339 B.,
675 3272 858 3328 Roma:
885 3274 1061 3327 natale
1086 3271 1144 3328 8.
1176 3271 1431 3327 Balbinte.
1463 3270 1549 3338 L.,
1576 3271 1629 3325 In
1650 3270 1757 3325 Ca-
1787 3283 1835 3346 ο
1934 3290 1988 3345 8,
2015 3319 2085 3330 _
2113 3289 2221 3345 γιη
2253 3291 2391 3347 IDUS.
2425 3290 2593 3346 vacat
2619 3290 2777 3347 Baeda
2808 3300 2861 3348 ει
2890 3306 3045 3363 ευρρ.
3074 3292 3192 3349 Diu.

1569 3384 1777 3442 SMITII
1814 3382 2048 3440 NOTIE.

242 3484 273 3515 ι
306 3472 496 3528 Marci.
532 3473 606 3545 De
635 3473 739 3528 hoc
766 3472 887 3529 vide
910 3472 1060 3545 diem
1090 3480 1425 3545 sequentem.
1459 3473 1760 3532 Translatio

167 3547 418 3618 qua:de
447 3545 563 3618 ejus
590 3544 762 3618 hodie
776 3544 1021 3612 contigit.

240 3622 274 3662 ι
306 3614 560 3669 Marcelli.
611 3614 766 3681 Quod
813 3626 990 3668 autem
1033 3614 1100 3668 ad
1127 3613 1344 3669 Castum
1394 3624 1447 3670 et
1476 3615 1754 3673 [Emilinm

169 3696 399 3755 Spectat,
417 3701 537 3739 cum
560 3684 673 3740 haec
696 3686 912 3739 nomina
937 3696 1224 3740 noscantur
1243 3701 1363 3741 esse
1384 3686 1756 3744 Africanorum

171 3767 751 3829 martyruimtquorum
782 3755 976 3829 natalis
1004 3756 1119 3810 dies
1146 3756 1466 3829 agiturxxn
1498 3759 1617 3812 Maii
1642 3800 1656 3822 ,
1702 3760 1756 3815 in

169 3845 293 3885 eam
318 3826 480 3881 facile
508 3826 811 3880 inducimur
835 3826 1161 3895 opinionem,
1184 3837 1243 3879 ut
1263 3828 1628 3882 existimemus
1660 3830 1757 3885 hos

168 3913 294 3955 esse
325 3897 545 3952 eosdem
580 3910 701 3950 cum
732 3896 876 3961 illis;
925 3897 1018 3951 sed
1046 3896 1244 3964 Capua:
1288 3898 1450 3951 etiam
1495 3898 1757 3955 celebrari

170 3984 362 4025 eorum
394 3966 778 4031 celebritatem,
810 3968 949 4034 quod
981 3966 1212 4021 Africani
1244 3969 1479 4036 episcopi
1514 3978 1757 4036 tempore

244 4037 563 4094 rsecutionis
584 4037 885 4091 Vandalicm
911 4052 978 4091 ex
1001 4037 1179 4091 Africa
1208 4037 1365 4105 pulsi,
1396 4039 1463 4091 ad
1488 4038 1753 4107 Campana

195 4115 359 4165 ittora
389 4108 742 4178 appellentes,
773 4123 904 4176 quas
930 4123 1111 4179 secum
1143 4108 1449 4163 attulissent
1480 4110 1755 4179 reliquias,

172 4182 378 4249 ibidem
409 4180 783 4234 collocassent.
831 4179 981 4243 Quod
1013 4178 1232 4249 item‘ad
1263 4179 1569 4233 Marcellum
1602 4178 1752 4235 mar-

174 4247 352 4319 tyrem
377 4256 603 4319 spectat,
621 4250 859 4316 ejusdem
887 4250 1116 4302 nominis
1139 4247 1234 4302 fuit
1256 4258 1457 4319 martyr
1481 4251 1532 4304 in
1559 4251 1757 4317 Africa,

214 4338 245 4376 e
276 4336 388 4386 quo
419 4321 591 4389 agitur
616 4334 703 4373 xIx
734 4318 895 4373 Febr.
944 4319 1209 4374 Caeterum
1250 4318 1488 4387 ejusdem
1530 4321 1760 4377 nominis

175 4391 459 4448 Saturnini
482 4390 630 4445 multi
656 4389 708 4443 in
730 4390 915 4444 eadem
940 4391 1210 4458 provincia
1235 4392 1374 4457 passi
1400 4393 1757 4460 reperiuntur,

172 4472 240 4591 ﬁt
288 4464 340 4545 in
387 4460 777 4518 Martvroloeiis
821 4459 974 4516 facile
1014 4470 1097 4516 est
1141 4462 1414 4531 colligere.
1467 4459 1669 4518 BARON.
1704 4464 1758 4517 in

227 4544 354 4589 OIIS.
1512 4560 1515 4561 ν

227 4534 354 4589 otis.
1512 4560 1515 4561 ν

256 4614 280 4643 ε
315 4601 509 4657 Marci.
562 4601 910 4672 InChronico
952 4601 1166 4672 Damasi
1212 4602 1440 4671 legitur:
1475 4622 1493 4655 ι
1531 4604 1761 4672 Marcus,

177 4688 402 4731 menses
433 4683 576 4740 octo,
604 4671 721 4726 dies
748 4673 953 4742 viginti.
989 4671 1109 4726 Fuit
1138 4674 1471 4741 temporibus
1497 4671 1765 4729 Constan-

178 4746 305 4811 tini,
337 4742 632 4813 Nepotiane
660 4754 714 4797 et
739 4743 989 4798 Facundo
1019 4745 1353 4809 consulibus,
1379 4760 1407 4797 a
1433 4746 1522 4799 die
1552 4761 1619 4797 xv
1643 4745 1762 4800 Kal.

179 4816 552 4879 Februarias,
604 4828 774 4881 usque
822 4813 874 4868 in
920 4814 1061 4868 diem
1108 4814 1377 4869 Nonarum
1410 4815 1719 4871 Uctobrium
1748 4859 1763 4883 ,

178 4887 499 4956 consulibus
526 4884 924 4956 suprascriptis.
960 4903 978 4936 ι
1036 4885 1242 4939 Marcus
1273 4885 1463 4956 itaque
1494 4886 1767 4941 ordinatus

180 4969 271 5016 est
298 4971 442 5011 anno
467 4952 573 5010 556
604 4952 832 5023 pontifex
864 4956 1159 5021 Romanus,
1191 4952 1444 5013 defuncto
1482 4958 1766 5023 Silvestro,

181 5030 276 5086 die
305 5028 516 5082 decima
544 5035 734 5079 octava
764 5025 1003 5080 Januarii
1026 5066 1042 5091 ,
1092 5026 1179 5080 die
1212 5026 1487 5083 Dominico
1535 5040 1589 5083 et
1634 5028 1769 5085 festo

180 5099 446 5156 cathedra
474 5095 535 5152 8.
566 5097 707 5151 Petri
737 5096 916 5151 Romae
948 5097 1218 5165 insignito.
1269 5098 1415 5152 Obiit
1444 5110 1623 5153 autem
1666 5099 1770 5156 hoc

180 5171 307 5238 ipso
332 5170 441 5234 die,
469 5181 572 5221 non
605 5168 851 5222 obstante
879 5168 1019 5237 quod
1044 5169 1310 5223 Auctioris
1337 5169 1589 5223 Chronici
1624 5182 1769 5224 vete-

183 5256 308 5295 rum
343 5238 648 5308 pontificum
676 5248 882 5304 auctor,
917 5254 983 5292 ex
1013 5253 1186 5308 eoque
1219 5242 1533 5294 Anastasius
1564 5250 1616 5295 et
1640 5241 1766 5304 alii,

185 5312 373 5365 dicant
398 5310 466 5365 de
491 5310 549 5365 8.
577 5308 777 5374 Marco,
800 5310 939 5378 quod
964 5327 981 5360 ι
1008 5311 1247 5379 sepultus
1270 5321 1351 5365 est
1380 5311 1431 5364 in
1456 5313 1769 5367 cmmeterio

186 5382 431 5436 Balbina:
458 5380 544 5435 via
574 5379 860 5434 Ardeatina
897 5380 1067 5446 pridie
1098 5380 1273 5435 Nonas
1299 5380 1578 5445 Octobris;
1614 5401 1631 5433 ι
1690 5383 1771 5435 in-

188 5451 471 5522 telligendi
511 5452 653 5506 enim
685 5460 809 5505 sunt
836 5452 902 5505 de
931 5451 1103 5519 aliqua
1134 5450 1252 5521 ejus
1284 5454 1653 5506 translatione.
1680 5492 1690 5519 ι
1706 5452 1765 5509 8.

188 5524 400 5579 Marcus
422 5522 598 5578 adhuc
623 5522 901 5590 presbyter
926 5522 1195 5575 llomanns
1222 5537 1361 5577 anno
1385 5522 1492 5578 515
1516 5539 1616 5577 una
1645 5538 1768 5577 cum

122 5597 131 5605 '
190 5595 428 5649 Miltiade
457 5608 589 5661 papa
620 5592 864 5646 interfuit
890 5592 1096 5662 synodo
1126 5592 1376 5648 Romana:
1406 5596 1455 5647 in
1481 5608 1637 5649 causa
1666 5595 1769 5649 Do-

190 5660 765 5721 n'atistarum’habitaa.
796 5660 989 5717 Eussn.
1020 5660 1164 5718 Eccl.
1200 5665 1334 5719 llist.
1366 5682 1419 5729 x,
1448 5665 1500 5720 8.

261 5738 287 5773 ά
323 5736 515 5806 Sergii.
570 5736 669 5799 Qui
696 5735 769 5806 Ain
821 5734 1091 5806 provincia
1138 5750 1255 5804 quze
1296 5747 1629 5806 nuncupatur
1659 5736 1766 5790 Auv

192 5816 347 5882 gusta
392 5804 782 5877 Euphratesia,
835 5806 934 5859 sub
976 5804 1297 5861 Maximiano
1343 5804 1665 5879 imperatore
1711 5817 1769 5865 et

599 5898 871 5962 PATBOL.
908 5896 1129 5967 XCIV.

1869 3472 2132 3528 Antiocho
2164 3470 2393 3541 przeside
2423 3471 2565 3540 passi
2597 3480 2723 3525 sunt
2750 3487 2763 3523 :
2796 3486 3021 3541 quorum
3056 3471 3297 3530 Bacchus
3328 3485 3452 3532 tan-

1866 3546 1955 3621 din
1988 3544 2171 3621 nervis
2200 3541 2381 3621 crudis
2410 3556 2583 3621 caesus
2610 3554 2727 3621 est,
2768 3557 3046 3621 quousque
3078 3552 3192 3597 toto
3216 3560 3450 3621 corpore

1864 3614 2124 3669 discissus
2155 3613 2206 3666 iu
2233 3612 2575 3684 confessione
2604 3612 2800 3667 Christi
2837 3616 3107 3668 en‘iitteret
3154 3612 3397 3684 Spiritum
3430 3638 3444 3672 :

1826 3750 1835 3755 η
1861 3694 1918 3742 et
1954 3696 2133 3751 postea
2167 3683 2388 3755 Sergius
2417 3684 2640 3738 clavatis
2670 3684 2947 3755 cothurnis
2995 3685 3157 3751 pedes
3187 3683 3443 3755 indutus,

1862 3772 1982 3811 cum
2013 3758 2064 3809 in
2099 3756 2200 3825 lide
2230 3754 2369 3808 ﬁxus
2401 3764 2659 3825 maneret,
2690 3754 2812 3807 data
2841 3758 3127 3821 sententia,
3156 3756 3335 3825 jussus
3363 3754 3448 3814 est

1861 3824 2117 3880 decollari
2145 3825 2346 3899 :Acujus
2377 3824 2778 3899 nomine_loc_ns
2802 3825 2893 3899 ubi
2922 3824 3182 3899 quiescit,
3224 3827 3448 3899 Sergio-

1862 3899 1999 3964 polis
2031 3894 2331 3964 appellatus
2363 3903 2465 3948 est.
2518 3893 2651 3947 Vide
2694 3895 2907 3949 Snrinm
2942 3893 3080 3949 tom.
3114 3896 3179 3949 V.
3236 3898 3310 3952 De
3328 3893 3449 3957 ini-

1862 3968 2043 4021 racqu
2073 3965 2212 4034 quod
2262 3968 2456 4017 factum
2487 3974 2570 4018 est
2601 3965 2896 4033 SergiOpoli
2924 4007 2938 4029 ,
2990 3976 3044 4020 et
3091 3965 3159 4019 de
3209 3968 3451 4025 donariis

1863 4052 1984 4107 qua:
2018 4037 2287 4107 Chosroes
2328 4034 2930 4107 l'CMPtZI‘SQI’llthnISil
2953 4038 3017 4089 ad
3042 4046 3284 4092 sanctum
3309 4056 3449 4095 mar.

1869 4104 2337 4231 t'ylremasierginm,
2362 4105 2481 4161 vide
2504 4105 2716 4175 Evagrii
2744 4104 3059 4162 Seholastiei
3092 4107 3227 4162 Hist.
3255 4126 3329 4180 tv,
3353 4111 3452 4181 '28,

1869 4194 1896 4231 e
1947 4194 2019 4231 γι.
2121 4216 2137 4231 .

1866 4188 1922 4234 et
1947 4194 2019 4245 γι,
2046 4188 2137 4231 ει.

1948 4258 1971 4286 ο
2003 4247 2255 4301 Marcelli.
2314 4247 2416 4315 Qui
2466 4262 2562 4317 per
2608 4248 2908 4317 apostolum
2950 4248 3166 4304 Petrum
3195 4296 3207 4312 ,
3262 4253 3455 4309 relicto

1868 4319 2088 4375 Simone
2119 4320 2292 4388 Mago,
2324 4319 2635 4393 apostolicae
2660 4319 2922 4393 doctrina:
2969 4335 3028 4375 se
3073 4322 3446 4393 tradiderunt,

1870 4404 1933 4445 ac
1980 4394 2320 4459 postmodum
2368 4390 2469 4444 sub
2508 4391 2796 4445 Aureliano
2842 4393 3151 4463 consulari,
3207 4390 3453 4463 martyrii

1872 4476 2138 4534 coronata
2172 4470 2618 4534 reportaverunt,
2644 4461 2858 4534 “sepulti
2889 4478 2993 4515 non
3034 4465 3190 4534 longe
3221 4466 3288 4517 ab
3321 4461 3460 4521 urbe

1795 4507 1849 4568 D
1874 4507 2062 4585 Ilvoma.
2099 4507 2396 4595 Usuaitbus,
2426 4507 2993 4587 Ᾰυᾶ-ἒῡὲῖιιεὶὶεέἰῖό

1869 4614 2075 4657 ctorum
2109 4603 2226 4656 Maii
2259 4618 2330 4656 xit
2362 4603 2414 4656 in
2448 4603 2593 4657 Actis
2624 4603 2777 4658 Nerei
2807 4614 2861 4657 et
2886 4606 3137 4660 Achillei.

1945 4678 1963 4746 ξ
2000 4674 2296 4746 Augustini.
2320 4673 2560 4746 ARectius
2588 4674 2832 4741 Augusti.
2877 4675 2977 4742 Qui
3010 4691 3116 4729 non
3148 4678 3457 4746 episcopus,

1868 4743 1963 4800 sed
2000 4744 2280 4813 presbyter
2311 4743 2411 4797 fuit
2450 4757 2501 4799 ct
2530 4747 2827 4809 confessor,
2859 4749 2925 4798 de
2956 4749 3114 4800 domo
3143 4743 3199 4801 8.
3234 4743 3463 4806 Des-ide;-

1869 4816 1969 4888 rati
2000 4814 2241 4883 ejusdem
2277 4816 2425 4888 urbis
2454 4816 2746 4888 episcopi,
2781 4818 2936 4883 cujus
2976 4832 3164 4870 manus
3195 4831 3249 4872 et
3282 4822 3448 4888 pedes

1871 4887 1943 4939 ita
1974 4896 2096 4939 sunt
2123 4887 2425 4952 contracti,
2480 4896 2538 4940 ut
2588 4886 2797 4941 nonnisi
2838 4890 3097 4955 geniculis
3145 4899 3200 4943 et
3250 4886 3460 4945 cubitis:

1868 4966 2300 5029 sustentaretur.
2345 4957 2395 5010 Is
2438 4958 2577 5029 apud
2622 4958 2885 5029 Brivatem
2921 4958 3273 5029 cleemo-ynis
3300 4963 3468 5029 adja—

1872 5036 1994 5090 tus,
2048 5026 2332 5100 a-diflcavit
2358 5028 2652 5100 oratorium
2702 5030 2751 5082 in
2800 5028 3056 5083 honorem
3102 5026 3170 5086 S.
3196 5026 3461 5100 Martiali;

1908 5113 1975 5151 uo
2004 5112 2124 5151 cum
2157 5098 2301 5153 illius
2332 5098 2587 5168 reliquias
2616 5099 2929 5163 detulisset,
2983 5103 3158 5155 statim
3190 5098 3455 5169 sanatus,

1869 5168 1942 5222 ibi
1989 5184 2109 5222 cum
2155 5169 2358 5238 aliquot
2404 5170 2567 5224 sociis
2616 5170 2930 5238 regulariter
2963 5171 3187 5238 vivens,
3241 5176 3351 5227 fuit:
3382 5175 3459 5229 ab

1870 5240 2122 5307 episcopo
2154 5241 2203 5292 in
2242 5240 2462 5294 basilica
2495 5239 2552 5295 S.
2584 5241 2956 5309 Symphoriani
2990 5243 3154 5297 abbas
3187 5247 3455 5298 ronstitu-

1872 5320 1976 5373 tus,
2008 5321 2061 5365 et
2094 5310 2147 5363 in
2180 5320 2405 5378 utroque
2442 5312 2558 5365 loco
2590 5312 2879 5378 discipulos
2907 5314 2971 5365 ad
3006 5324 3205 5367 rectam
3239 5317 3467 5371 vivendi-

1870 5380 2374 5457 fortnam__ins_tituit.
2421 5382 2553 5457 lluic
2581 5398 2672 5457 per
2703 5385 2872 5457 visum
2901 5387 3064 5457 semel
3097 5401 3157 5439 ac
3186 5388 3264 5443 bis
3290 5403 3457 5457 appa-

1871 5451 1977 5505 ruit
2006 5454 2062 5506 S.
2096 5450 2343 5526 ursinus,
2374 5454 2575 5526 primus
2600 5453 2726 5526 olim
2757 5454 3104 5526 llituricensts
3128 5450 3414 5526 episcopus
3438 5477 3451 5511 :

1868 5532 1924 5577 et
1967 5538 2086 5576 cum
2126 5524 2179 5577 S.
2214 5522 2482 5577 Germano
2512 5524 2799 5579 Parisiensi
2832 5526 3103 5594 episcopo,
3137 5522 3220 5580 cui
3255 5522 3475 5595 pariter-

1868 5602 2231 5661 apparuerat,
2284 5604 2337 5647 et
2389 5596 2609 5661 praelato
2658 5596 2712 5650 8.
2749 5596 3092 5659 Desiderato.
3149 5599 3463 5654 inventioni.

1868 5673 1923 5719 et
1947 5665 2277 5719 translationi
2322 5662 2562 5730 ejusdem
2609 5666 2668 5721 S.
2707 5666 2880 5720 Ul‘Sllll
2908 5667 3163 5721 interfuit.
3210 5670 3465 5727 Tandem.

1867 5736 2123 5861 gigni
2150 5732 2255 5791 580
2285 5735 2437 5791 obiit.
2471 5736 2642 5794 Cum.
2673 5736 2880 5794 Tuaen.
2913 5738 2982 5795 de
3010 5739 3159 5795 Glor.
3189 5742 3465 5819 confess,

3064 5902 3144 5973 θῇ
3194 6006 3197 6009 .
