4064 6346
565 353 704 416 i067

1276 349 1477 410 BED/E
1525 325 1970 410 VENERABILIS
2012 352 2158 409 OPP.
2205 350 2387 410 PARS
2426 353 2513 410 IV.
2554 384 2624 395 —~
2665 353 3040 413 HISTURICA.

3689 335 3824 419 toea

1803 448 2032 522 Ept'ilo
2069 445 2544 524 COLoNtENSIS.
2769 537 2772 542 η

561 576 856 639 rapuerunt
882 563 1190 628 Christiani,
1223 571 1277 617 et
1317 562 1588 617 conditum
1633 563 1960 618 aromatibus
1997 578 2150 633 sepe-
2175 569 2230 628 Α
2254 561 2462 626 Donini,
2488 561 2578 630 qui
2601 561 2702 616 sub
2737 561 3066 618 Maximiano
3088 560 3409 632 imperatore
3433 575 3650 636 propter
3674 569 3824 628 ﬁdem

559 661 779 718 lierunt.
815 657 965 726 Apud
1008 657 1218 712 Cretam
1253 657 1435 710 urbem
1467 655 1696 709 Cortinae
1735 655 1874 710 beati
1916 653 2143 726 Philippi

560 750 822 824 episcopi.
860 749 1254 805 'l‘liessalonicte
1289 757 1590 804 sanctorum
1624 747 1877 803 Demetrii
1907 758 1960 804 et
1991 749 2143 805 Pela-

561 848 683 920 giae.
717 845 917 902 Eodem
948 845 1034 898 die
1061 843 1228 896 sancti
1260 841 1471 896 Amoris
1499 841 1836 898 confessoris.

635 942 694 996 Β.
739 940 826 994 Vll
881 938 998 994 lous
1045 937 1177 992 Ocr.
1218 964 1285 976 ——
1327 936 1557 991 Abrabm
1607 934 1940 1005 patriarcbm.
1993 936 2146 1004 Apud

558 1035 824 1094 Parisium
870 1032 1044 1086 natale
1091 1039 1393 1084 sanctorum
1430 1035 1720 1098 martyrum
1771 1028 2001 1096 Dionysii
2033 1029 2144 1097 epi-

561 1126 732 1193 scopi,
763 1121 1053 1178 Eleutlicrii
1093 1118 1413 1189 presbyteri,
1446 1128 1499 1172 et
1538 1118 1737 1172 Rustici
1784 1118 2014 1172 diaconi.
2043 1119 2141 1183 Qui

558 1216 749 1272 beatus
789 1215 1070 1284 episcopus
1118 1226 1148 1266 a
1203 1211 1449 1278 pontilice
1495 1209 1770 1264 Clemente
1815 1208 2051 1263 Romano
2091 1210 2143 1262 in

561 1307 762 1364 Gallias
791 1306 1041 1368 directus,
1080 1313 1136 1358 ut
1174 1300 1567 1373 praedicationis
1606 1316 1824 1370 operam
1871 1301 2075 1369 populis
2114 1316 2143 1354 a

561 1396 668 1454 ﬁde
699 1395 897 1453 Christi
921 1395 1106 1450 alienis
1134 1395 1430 1458 exhiberet,
1463 1393 1780 1448 tandemoue
1818 1392 1885 1447 ad
1918 1393 2148 1448 Parisio-

560 1507 680 1547 rum
710 1491 976 1544 civitatem
1007 1490 1242 1550 devenit,
1269 1497 1322 1543 et
1350 1503 1446 1556 per
1476 1501 1645 1540 annos
1679 1486 1877 1556 aliquot
1904 1494 2147 1540 sanctum

563 1597 700 1652 Opus
727 1581 955 1636 ﬁdeliter
983 1590 1037 1635 et
1067 1581 1319 1634 ardenter
1343 1589 1644 1642 exsecutus,
1676 1593 1703 1630 a
1741 1578 1993 1646 praelecto
2021 1576 2151 1633 Fes-

565 1674 798 1728 cennino
827 1671 1020 1727 Sisinio
1050 1669 1465 1738 comprehensus
1487 1678 1586 1733 est,
1614 1677 1667 1721 et
1693 1682 1811 1722 cum
1843 1684 1907 1723 eo
1935 1678 2150 1723 sanctus

565 1763 848 1834 presbyter
901 1759 1260 1830 Eleutherius,
1309 1769 1364 1815 et
1409 1759 1656 1813 Rusticus
1695 1759 1946 1814 diaconus
1975 1760 2148 1832 gladio
2191 1824 2194 1828 ι

2250 654 2446 710 Christi
2470 653 2761 710 decollatus
2779 665 2885 710 est.
2991 723 2996 728 η

2319 745 2382 802 C.
2425 747 2489 801 Vl
2539 747 2656 802 lous
2694 748 2822 803 Ocr.
2863 777 2934 790 —
2985 747 3085 804 Lot
3130 749 3422 819 prOpbetaz.
3469 749 3628 818 Apud
3680 755 3831 810 Colo-

2249 839 2391 894 niam
2422 840 2766 909 Agrippinam
2798 840 2978 896 nalale
3019 851 3324 896 sanctorum
3369 854 3693 914 martyrum,
3738 846 3834 902 Ge-

2250 933 2429 987 reonis
2459 947 2577 986 cum
2607 932 2726 988 aliis
2753 933 3010 989 trecentis
3036 933 3222 989 decem
3248 945 3303 990 et
3330 943 3472 999 octo,
3498 950 3635 1006 quos
3669 935 3836 994 ierunt

2249 1023 2513 1079 'I‘liebteos
2541 1023 2730 1092 fuisse,
2759 1031 2815 1080 et
2842 1039 2960 1079 cum
2994 1024 3259 1092 legatione
3289 1026 3376 1080 illa
3406 1027 3547 1082 beati
3577 1027 3831 1098 Mauricii,

2243 1113 2395 1184 jussu
2424 1116 2726 1171 Maximiani
2758 1108 3098 1186 imperatoris
3127 1117 3182 1171 in
3210 1115 3411 1172 Gallias
3449 1121 3739 1175 transitum
3769 1121 3838 1176 ie-

2247 1207 2408 1274 cisse,
2436 1216 2594 1278 atque
2620 1208 2760 1264 circa
2790 1207 2964 1265 Rheni
3015 1209 3189 1264 littora
3229 1210 3564 1275 consedisse,
3610 1222 3668 1264 et
3703 1213 3838 1268 tune-

2247 1307 2386 1352 stum
2421 1298 2632 1371 tyranni
2678 1301 2961 1370 imperium
3005 1300 3310 1370 respuendo
3353 1316 3448 1368 pro
3481 1317 3610 1356 vera
3653 1303 3840 1372 pietate

2249 1389 2384 1443 colla
2414 1389 2680 1459 patienter
2703 1391 2892 1460 gladiis
2916 1389 3244 1447 subdidisse.
3280 1391 3432 1460 Apud
3459 1389 3679 1446 Cretam
3712 1393 3841 1449 beati

2252 1482 2410 1544 Piniti
2457 1483 2716 1553 episcopi.
2762 1484 2820 1539 ln
2861 1481 3131 1538 Britannia
3178 1482 3316 1537 beati
3361 1482 3566 1537 Paulini
3610 1486 3844 1555 episcopi

2253 1576 2514 1644 Eboraci,
2563 1578 2655 1648 qui
2698 1588 2912 1649 gentem
2959 1575 3463 1644 Nortbumbrorum,
3504 1593 3640 1650 eam,
3669 1578 3844 1633 videli-

2252 1678 2333 1723 cet
2367 1657 2633 1725 nationem
2667 1671 2960 1741 Anglorum
3012 1686 3130 1740 quae
3159 1670 3226 1723 ad
3263 1672 3578 1740 Aquilonem
3625 1669 3844 1726 Humbri

2253 1761 2486 1819 ﬂuminis
2541 1765 2850 1833 habitabat,
2891 1781 3012 1820 cum
3056 1779 3180 1834 rege
3229 1780 3328 1818 suo
3376 1763 3600 1820 Edwino
3633 1765 3847 1836 .prtedi-

570 1855 927 1911 animadversi
971 1852 1284 1922 martyrium
1335 1853 1754 1922 compleverunt.
1804 1851 1932 1906 Item
1977 1852 2153 1908 saneti
2183 1844 2229 1905 Β
2255 1859 2430 1912 cando
2456 1859 2678 1914 verbum
2711 1859 2835 1916 ﬁdei
2863 1861 3128 1916 convertit
3155 1858 3221 1913 ad
3253 1857 3557 1914 Dominum.

1807 1961 2033 2017 EDITIO
2075 1963 2578 2025 BOLLANDIANA.

642 2061 703 2116 Β.
731 2058 920 2129 Ἶηϐη
952 2059 1008 2114 1η
1042 2059 1322 2114 Antiochia
1369 2058 1610 2129 Dionysii
1641 2057 1879 2124 episcopi
1923 2055 2010 2128 [Β.
2043 2073 2142 2112 om.

569 2128 866 2202 episcopi],
913 2130 1192 2202 Januarii,
1230 2129 1488 2202 Faustini
1506 2128 1846 2202 martyrum:
1893 2129 2148 2202 Martialis

569 2148 602 2186 θ
642 2148 866 2202 ISCOPIJ,
913 2148 1142 2185 Januarii
1169 2172 1180 2191 ,
1230 2148 1470 2183 1⁸31181101
1506 2148 1802 2198 martyrum
1835 2148 1846 2179 Σ
1893 2148 2146 2182 ιιιίιηιίιιιε

563 2148 774 2274 [Iliona
797 2212 1122 2274 martyrum:
1153 2200 1447 2274 Martialis],
1471 2197 1768 2274 [’l'i\'2l_ii[3.._
1782 2215 1882 2250 om.
1913 2198 2146 2274 Privati].

569 2267 721 2338 'A.'I‘,
767 2273 821 2325 ln
854 2267 1132 2325 Antiochia
1165 2272 1378 2324 civitate
1408 2267 1586 2324 natale
1613 2267 1712 2323 88.
1742 2267 1999 2332 Januarii,
2033 2267 2146 2322 Pri-

569 2344 704 2409 vati,
732 2352 786 2395 et
813 2342 870 2395 8.
905 2341 1138 2396 Faustini
1181 2353 1492 2408 martyrum.
1551 2339 1613 2392 Α.
1645 2339 1734 2402 L.,
1777 2339 1833 2390 In
1865 2340 2148 2395 Auriniaco

571 2413 630 2466 8.
654 2423 672 2445 δε
699 2413 995 2467 Benedicta:
1020 2413 1286 2482 martyris.
1314 2413 1367 2464 ln
1385 2411 1630 2482 Caesarea
1655 2410 1949 2464 Palaestinae
1975 2410 2147 2476 passio

570 2482 632 2539 S.
657 2482 682 2522 δ
710 2484 986 2550 Reparatre
1020 2481 1255 2547 virginis.
1291 2483 1380 2548 A.,
1413 2481 1468 2535 In
1499 2481 1865 2534 llunullicurte
1889 2481 2148 2548 depositio

580 2553 640 2608 8.
696 2554 916 2607 Valerize
982 2554 1217 2622 virginis.
1274 2553 1394 2622 Ipso
1445 2553 1530 2606 die
1571 2552 1622 2605 in
1685 2551 1930 2604 Donnino
1980 2553 2154 2608 natale

565 2623 627 2680 8.
661 2637 679 2661 “-
716 2624 1064 2693 Ragenfredis
1091 2621 1328 2690 virginis.
1360 2624 1447 2684 'l‘.,
1479 2623 1676 2675 Eodem
1701 2623 1784 2676 die
1816 2623 1989 2676 natale
2018 2637 2143 2676 san-

569 2707 782 2750 etarum
815 2695 1074 2763 virginum
1109 2693 1520 2762 Rangbcnlledis
1568 2701 1622 2747 et
1666 2693 1968 2747 Benedicta;
1999 2707 2143 2746 mar-

570 2766 728 2836 tyris.
768 2766 848 2830 l5.,
872 2765 1071 2820 Eodem
1099 2765 1184 2819 die
1213 2763 1390 2820 natale
1419 2763 1518 2820 SS.
1539 2764 1568 2800 τί
1594 2763 1830 2818 Marcelli
1857 2774 1908 2818 et
1934 2764 2142 2831 Apulei.

642 2879 698 2935 9.
723 2908 794 2920 —
821 2878 910 2933 Vll
939 2878 1078 2934 lous.
1124 2877 1185 2932 In
1215 2879 1435 2933 Parisiis
1463 2879 1638 2934 natale
1667 2890 1978 2934 sanctorum
2011 2895 2152 2935 mar-

571 2977 752 3042 tyrum
779 2981 803 3009 ο
824 2970 1058 3043 Dionysii
1087 2971 1345 3041 episcopi,
1376 2971 1578 3026 Rustici
1607 2980 1660 3027 et
1689 2969 2012 3027 Eleutherii.

645 3084 870 3139 Additur
910 3083 964 3137 in
1004 3087 1067 3138 A.
1101 3092 1154 3139 et
1181 3084 1283 3137 T.:
1335 3083 1436 3150 Qui
1483 3083 1795 3139 Trinitatem
1840 3087 2157 3140 conlitentes

567 3154 982 3226 trinorgloriose
1021 3165 1330 3226 meruerunt
1364 3159 1612 3210 coronari
1644 3157 1922 3226 martyrio.
1970 3157 2067 3210 Ast
2102 3157 2153 3210 in

569 3225 672 3282 L.:
703 3225 804 3294 Qui
834 3235 950 3294 post
982 3225 1145 3279 nimia
1181 3235 1444 3280 tormenta
1477 3227 1758 3281 securibus
1788 3225 2158 3282 submiseruut

571 3294 712 3352 c'olla
743 3305 981 3367 tempore
1012 3295 1302 3352 Domitiani
1340 3297 1614 3366 principis.

2258 2063 2520 2118 trecentis
2549 2065 2877 2132 quindecim.

2327 2153 2499 2226 Utrest
2552 2155 2602 2209 in
2657 2157 2761 2224 R.;
2815 2167 2867 2211 at
2921 2174 2970 2211 .n
3035 2165 3104 2226 ).,
3139 2158 3558 2226 septemdecim;
3609 2159 3664 2214 in
3713 2160 3844 2216 Bar-

2253 2219 2532 2280 beriniano
2566 2237 2619 2280 et
2665 2229 2722 2284 8.
2748 2219 2973 2298 ’ϐδνι-ἰριοὶ.
3019 2219 3279 2295 cccxvnt;
3339 2231 3390 2283 in
3445 2219 3772 2293 V.,'decem
3799 2242 3845 2288 et

2253 2305 2395 2420 (sict?
2430 2299 2639 2352 Absuut
2668 2300 2841 2354 omnia
2875 2301 2941 2355 ab
2968 2300 3033 2354 A.
3067 2300 3130 2354 Τ.
3163 2300 3250 2367 L.,
3300 2301 3462 2355 dubia
3502 2301 3668 2369 igitur
3697 2303 3845 2358 nobis

2287 2383 2352 2418 lllt
2381 2404 2395 2419 .

2287 2383 2395 2419 11111..

2322 2435 2449 2511 C.__et
2468 2437 2555 2511 Y._,
2574 2437 2770 2494 Eodem
2790 2439 2874 2494 die
2895 2440 2950 2494 S.
2968 2451 2992 2487 Β
3016 2440 3255 2494 Domnini
3274 2442 3544 2511 martyris.
3565 2444 3651 2509 8.,
3668 2443 3845 2498 Roma:

2253 2509 2441 2562 natalis
2481 2509 2578 2565 SS.
2623 2511 2937 2574 Marcellini,
2972 2511 3221 2577 Geunini,
3251 2509 3510 2567 Nivii.'Et
3553 2517 3690 2569 inter
3714 2515 3842 2570 duas

2253 2578 2432 2633 lauros
2465 2581 2642 2637 natale
2674 2583 2730 2635 S.
2765 2581 3034 2636 Primitiae.
3271 2611 3279 2619 ι

2327 2695 2412 2751 lli.
2447 2726 2517 2737 -—
2542 2697 2607 2752 Vl
2659 2696 2800 2754 lpus.
2833 2697 3015 2754 Passio
3044 2695 3102 2756 S.
3134 2697 3424 2779 h‘Victoris
3483 2701 3758 2772 martyris.
3790 2701 3849 2756 Et

2254 2788 2304 2842 in
2336 2787 2606 2844 Britannia
2637 2799 2652 2827 ι
2683 2789 2885 2845 Paulini
2906 2789 2991 2862 [Β.
3016 2790 3073 2845 C.
3099 2832 3114 2858 ,
3145 2789 3316 2862 Pauli]
3339 2793 3576 2864 episcopi
3604 2793 3848 2849 Eburaci.

2331 2901 2437 2958 Sed
2469 2902 2622 2958 deest
2655 2903 2830 2957 Victor
2872 2905 2922 2959 in
2956 2906 3021 2959 A.
3063 2915 3117 2960 et
3162 2904 3225 2961 T.
3255 2919 3386 2962 mss.
3434 2915 3486 2961 et
3518 2907 3706 2962 ultimo
3735 2908 3849 2964 loco

2262 2996 2473 3063 ponitur
2499 2996 2756 3052 Paulinus
2789 3018 2799 3051 :
2837 2995 2951 3053 baae
2979 2999 3123 3054 enim
3177 2999 3576 3068 praemittuntur
3605 3001 3661 3056 in
3705 3005 3775 3056 A.
3803 3009 3852 3058 et

2263 3083 2325 3140 Τ.
2360 3104 2373 3140 :
2404 3087 2459 3142 ln
2488 3088 2668 3143 Africa
2716 3089 2894 3145 natale
2922 3089 3022 3146 SS.
3061 3090 3300 3158 Venusu,
3332 3090 3657 3159 Crescentii,
3707 3103 3762 3150 et
3791 3094 3846 3151 S.

2263 3180 2493 3236 Victoris
2529 3182 2798 3252 martyris.
2822 3180 2876 3237 In
2907 3182 3125 3237 Colonia
3157 3196 3274 3251 quae
3305 3194 3526 3240 vocatur
3555 3182 3848 3257 Agrippina

2263 3275 2483 3331 natalei
2545 3274 2809 3332 Gereonis
2857 3275 3110 3347 martyris
3157 3292 3277 3331 cum
3329 3278 3448 3332 aliis
3505 3283 3764 3336 trecentis
3801 3289 3851 3337 et

650 3363 959 3446 Eodem—die
988 3391 1042 3445 in
1082 3389 1298 3445 Colonia
1331 3363 1350 3426 ι
1376 3363 1583 3444 gere-0n
1613 3390 1864 3460 martyris
1894 3405 2012 3445 cum
2042 3389 2161 3444 ams
2188 3363 2234 3435 (ἶ,
2263 3365 2578 3424 octodecim.
2603 3369 2732 3437 Quae
2748 3377 3014 3439 postrema
3037 3368 3178 3423 Flori
3199 3381 3320 3425 esse
3339 3369 3624 3425 videntur:
3651 3370 3849 3427 haben-

1966 3481 2175 3540 SMITH
2215 3477 2442 3538 NOTAE.

653 3582 681 3611 ει
709 3570 1020 3627 Βεηεάξοιω.
1074 3572 1202 3635 Quae
1238 3572 1290 3625 in
1321 3570 1687 3641 Lugdunensis
1717 3573 1946 3628 civitatis
1991 3579 2142 3630 terri-

575 3647 713 3699 torio
743 3656 898 3711 passa
931 3649 1032 3695 est.
1085 3642 1214 3708 Quae
1255 3641 1593 3696 senatoribus
1627 3643 1877 3696 Romanis
1923 3646 1973 3698 in
2015 3647 2145 3701 urbe

574 3715 873 3785 progenita,
915 3711 1436 3785 auditorcertamine
1488 3711 1812 3785 S._Quintini
1841 3725 1894 3769 et
1921 3717 2142 3771 aliorum

573 3781 699 3840 cuni
727 3785 1010 3839 duodecim
1058 3784 1176 3838 aliis
1203 3781 1498 3853 virginibus
1527 3783 1726 3839 Gallias
1759 3786 1992 3853 profecta
2023 3797 2103 3842 est
2129 3806 2143 3854 ;

576 3857 662 3911 ubi
694 3856 901 3909 caneris
952 3870 981 3908 a
1029 3869 1087 3910 se
1135 3855 1394 3924 separatis
1444 3856 1558 3924 ipsa
1600 3871 1717 3909 cum
1750 3857 1863 3911 sola
1891 3857 2143 3914 Scoberia

576 3926 891 3993 Lugdunum
926 3927 1104 3987 venit,
1154 3935 1206 3978 et
1235 3927 1285 3980 in
1317 3927 1438 3981 villa
1471 3926 1758 3995 Myriniaco
1783 3926 1930 3996 juxta
1960 3944 2147 3984 nemus

572 3997 793 4054 resedit.
823 3997 1002 4069 Quam
1030 3995 1190 4069 judex
1221 3997 1519 4069 Macrobius
1543 3995 1835 4069 detentam,
1870 4011 2143 4069 postquam

578 4068 860 4149 tormentis
892 4082 994 4149 non
1026 4067 1316 4149 tolerandis
1343 4082 1459 4121 eam
1487 4068 1797 4134 cruciasset,
1827 4067 2149 4139 securiper-

659 4157 679 4190 .l
714 4156 882 4192 IIISSH.
929 4156 1094 4191 I’ETB.
1126 4156 1194 4192 DE
1227 4156 1435 4191 LVATAL.

575 4144 679 4193 cuti
707 4138 882 4205 jussit.
929 4138 1094 4191 Pera.
1126 4152 1194 4193 ne
1227 4137 1435 4191 NATAL.
2031 4137 2042 4139 ⁷

599 4279 618 4283 γ’
651 4208 677 4246 b
707 4207 1167 4283 Reparatw._Qtt_te
1197 4222 1347 4283 passa
1377 4217 1472 4283 est
1487 4208 1587 4262 sub
1617 4207 2145 4283 Decioimperatore.

581 4279 714 4332 Cum
745 4280 885 4331 etaim
917 4279 1082 4334 nollet
1113 4277 1272 4333 idolis
1301 4278 1638 4345 sacrilicare,
1663 4280 1826 4332 variis
1858 4277 2150 4336 tormento-

582 4366 699 4402 rum
729 4350 1015 4418 generibus
1042 4351 1270 4402 cruciata
1298 4389 1312 4413 ,
1360 4349 1573 4420 demum
1616 4349 1794 4418 gladio
1827 4353 2142 4420 percutitur.

580 4421 710 4492 Ejus
732 4435 928 4492 corpus,
945 4434 1206 4492 processu,
1221 4429 1327 4492 _tem
1337 4419 1478 4488 poris
1504 4421 1816 4475 translatum
1830 4419 2070 4492 quiescit
2095 4423 2147 4477 in

578 4491 864 4544 Florentia.
904 4489 1068 4544 Ρετιι.
1096 4505 1162 4544 ne
1194 4490 1398 4545 NATAL.

655 4566 674 4592 ε
708 4560 1066 4631 Ragcnfredis.
1119 4562 1327 4614 Patrem
1360 4560 1541 4615 babuit
1572 4561 1938 4629 Aldebertum,
1983 4563 2155 4619 comi-

581 4642 690 4686 tem
739 4632 1184 4702 Austrovandiaa;
1233 4642 1456 4702 matrem
1495 4631 1552 4687 8.
1587 4631 1842 4700 Reginam
1869 4675 1883 4699 ,
1942 4645 2151 4702 nepte-am

581 4703 753 4772 Pipini
784 4703 921 4771 regis
945 4701 1290 4756 Francorum.
1327 4701 1379 4755 lu
1407 4703 1669 4767 Dononio,
1697 4706 1931 4758 secundo
1963 4701 2156 4758 millia-

581 4776 662 4826 rio
685 4787 715 4828 a
739 4772 1073 4839 Valencenis,
1100 4783 1344 4842 parentes
1367 4775 1413 4827 ei
1438 4789 1501 4827 ex
1527 4775 1606 4827 sui
1626 4772 1759 4842 juris
1782 4775 1942 4830 rebus
1961 4778 2152 4831 cellam

582 4846 891 4910 fundarunt,
922 4845 1034 4898 sive
1064 4843 1472 4911 monasterium,
1506 4845 1559 4896 in
1585 4859 1690 4912 quo
1721 4844 1892 4912 prima
1921 4846 2149 4915 praefuit,

582 4927 634 4970 et
663 4930 789 4979 pace
816 4917 1034 4983 quievit.
1069 4915 1320 4970 Mouuus
1348 4916 1415 4969 de
1443 4915 1538 4969 SS.
1571 4916 1756 4983 Belgii.

652 4985 678 5023 ίί
708 4984 962 5038 Marcelli.
997 4987 1069 5040 De
1097 4987 1180 5041 bis
1209 4987 1326 5040 vide
1353 4985 1493 5040 diem
1525 4987 1936 5054 praecedentem.

658 5065 680 5090 ο
709 5054 967 5126 Dionysii.
999 5055 1116 5128 Hic,
1147 5066 1202 5110 ut
1230 5057 1459 5128 videtur,
1493 5072 1598 5111 non
1632 5059 1724 5110 luit
1758 5058 2038 5128 Dionysius
2071 5060 2156 5115 ille

580 5128 936 5196 Areopagita,
965 5127 1059 5198 sed
1089 5127 1262 5196 potius
1295 5127 1574 5198 Dionysius
1606 5129 1808 5195 primus
1835 5127 2152 5184 Parisiensis

583 5200 884 5266 episcopus.
939 5196 1116 5265 Aliqui
1169 5198 1266 5253 hos
1316 5196 1449 5253 duos
1495 5200 1740 5253 eumdem
1788 5199 2012 5254 volunt:
2061 5202 2153 5255 sed

588 5267 902 5326 Sirmondus
945 5268 1408 5341 in_l)issertat_ione
1436 5269 1733 5341 deduobus
1767 5270 2056 5341 Dionysiis,
2101 5281 2156 5326 et

586 5341 855 5395 Launoius
899 5341 950 5392 in
993 5337 1129 5392 libro
1159 5339 1226 5394 de
1253 5339 1460 5394 duobus
1488 5339 1777 5408 Dionysiis,
1810 5337 2002 5408 aliique
2035 5343 2152 5396 Dio-

589 5411 798 5481 nysium
832 5409 1185 5466 Parisiensem
1215 5411 1521 5478 episcopum
1550 5420 1742 5479 negant
1761 5411 2004 5466 eumdem
2033 5427 2154 5468 esse

589 5497 709 5534 cum
745 5481 998 5551 Dionysio
1027 5482 1365 5550 Areopagita.
1415 5481 1699 5550 Utriusque
1731 5485 1894 5550 partis
1925 5485 2154 5537 rationes

593 5552 901 5604 summatim
936 5553 1095 5606 refert
1125 5552 1498 5606 Scltelstratius
1528 5555 1579 5607 in
1600 5558 1643 5607 ἰι
1671 5561 1806 5620 part.
1837 5553 2149 5621 Antiquitat.

591 5621 813 5695 “lustra,
845 5624 1058 5695 dissert.
1089 5639 1169 5686 Ill,
1201 5636 1319 5691 cap.
1351 5624 1402 5689 5,
1433 5633 1532 5676 art.
1562 5622 1617 5676 3.
1661 5623 1907 5677 Rusticus
1939 5625 2154 5695 presby-

595 5702 696 5754 ter,
741 5693 1080 5747 Eleutherius
1135 5695 1387 5748 diaconus
1429 5695 1586 5748 luisse
1615 5695 1883 5760 dicuntur,
1932 5705 1984 5749 et
2028 5693 2150 5750 cum

591 5764 651 5834 S.
680 5761 974 5834 Dionysioa
998 5764 1057 5818 Β.
1086 5764 1359 5818 Clemente
1372 5763 1610 5818 Romano
1628 5766 1941 5832 pontilicein
1956 5765 2153 5822 Gallias

587 5833 778 5892 directi
820 5833 979 5899 sunt,
1031 5844 1084 5890 et
1132 5835 1342 5889 tandem
1387 5850 1507 5889 cum
1549 5851 1613 5891 eo
1654 5835 1870 5890 simula
1901 5838 2151 5908 praelecto

2259 3573 2599 3629 Fescennino
2627 3569 2861 3626 Sisinnio
2889 3567 3242 3625 animadversi
3272 3569 3467 3640 gladio.

2326 3642 2344 3682 ί
2374 3643 2594 3698 Gereon.
2631 3643 2706 3696 De
2736 3644 2835 3696 hoc
2884 3651 2959 3698 et.
2980 3642 3144 3696 sociis
3187 3651 3348 3709 agunt
3377 3642 3560 3696 omnia
3592 3642 3706 3698 fere
3749 3645 3844 3700 alia

2252 3712 2626 3786 Martyrologia
2652 3713 2740 3786 die
2754 3713 3022 3786 sequenti.
3041 3711 3152 3786 Hos,
3170 3712 3636 3786 lerunt'l‘hebasos
3661 3716 3686 3767 f
3685 3717 3840 3781 uisse,

2250 3797 2304 3841 et
2331 3783 2448 3840 cum
2474 3786 2679 3853 legione
2712 3784 2798 3853 illa
2839 3784 2897 3836 Β.
2929 3783 3155 3838 Mauritii
3198 3783 3321 3853 inde
3345 3784 3498 3849 jussu
3528 3783 3836 3840 Maximiani

2250 3851 2587 3923 imperatoris
2613 3856 2664 3907 in
2696 3852 2893 3908 Gallias
2923 3855 3203 3908 transitum
3237 3851 3445 3917 fecisse,
3495 3865 3664 3923 atque
3708 3860 3841 3911 circa

2250 3926 2425 3982 Rheni
2477 3926 2654 3981 littora
2709 3925 3037 3988 consedisse,
3082 3933 3136 3978 et
3175 3924 3437 3980 funestum
3486 3929 3703 3994 tyranni
3754 3929 3846 3981 im-

2254 3997 2458 4066 perium
2503 4005 2856 4064 respuentes,
2908 4011 3002 4062 pro
3053 4010 3177 4049 vera
3223 3996 3418 4064 pietate
3453 3997 3592 4049 colla
3639 3999 3844 4062 patien-

2256 4075 2336 4190 ter
2374 4067 2564 4190 ngadiis
2591 4066 3058 4122 subdidisse.Vide
3090 4065 3277 4121 borum
3299 4068 3428 4120 Acta
3456 4066 3601 4134 apud
3633 4068 3843 4123 Surium

2281 4153 2365 4190 om
2439 4179 2453 4190 .

2255 4147 2365 4192 tom
2394 4147 2422 4190 ν
2439 4179 2453 4192 .

2328 4219 2353 4256 κ
2368 4208 2629 4263 Domnini.
2649 4208 2940 4262 Domninus
2958 4223 3141 4276 passus
3157 4216 3238 4262 est
3263 4208 3312 4260 in
3333 4207 3604 4261 territorio
3619 4210 3846 4263 civitatis

2256 4279 2604 4350 Cbrysopolis
2629 4319 2645 4343 ,
2695 4279 2794 4350 sub
2834 4278 3153 4332 Maximiano
3193 4280 3540 4346 imperatore,
3571 4280 3728 4348 cujus
3757 4282 3846 4334 init

2258 4349 2458 4414 primus
2479 4349 2858 4404 cubicularius.
2887 4350 3042 4401 Anno
3084 4357 3262 4403 autem
3288 4350 3323 4402 ti
3352 4351 3564 4418 imperii
3597 4353 3704 4416 sui,
3729 4367 3842 4404 cum

2259 4420 2425 4476 Roma
2458 4421 2808 4477 Mediolanum
2840 4420 3073 4474 venisset
3093 4418 3267 4474 dictus
3296 4419 3426 4485 imp.
3458 4420 3629 4474 edixit
3659 4434 3840 4475 contra

2259 4491 2590 4546 Christianos
2616 4490 2840 4559 capitale
2859 4490 3198 4558 supplicium:
3223 4506 3325 4559 quo
3350 4492 3514 4554 facto,
3549 4493 3842 4546 Domninus

2261 4564 2455 4631 aliique
2493 4564 2599 4618 500
2630 4562 2838 4616 occulto
2887 4575 3007 4615 sese
3033 4561 3326 4628 gerebant;
3357 4578 3479 4615 cum
3512 4570 3695 4617 tamen
3745 4563 3841 4615 im-

2262 4649 2373 4702 pcr.
2393 4635 2638 4688 rediisset
2663 4635 2904 4693 Romam,
2923 4645 3043 4686 sese
3057 4631 3389 4687 Christianos
3407 4633 3843 4688 constantissime

2258 4706 2481 4772 professi
2514 4715 2655 4759 sunt.
2705 4703 2850 4768 Quos
2881 4717 3067 4757 omnes
3097 4702 3228 4770 imp.
3261 4702 3512 4757 decollari
3549 4704 3839 4756 mandavit.

2258 4777 2580 4840 Quibusdam
2604 4785 2778 4828 autem
2810 4789 2878 4827 ex
2922 4773 3049 4841 ipsis
3081 4773 3371 4827 interiectis
3397 4814 3413 4841 ,
3463 4773 3712 4840 fugerunt
3749 4775 3841 4827 alio

2257 4857 2418 4912 quot,
2463 4847 2598 4899 inter
2627 4859 2758 4914 quos
2785 4844 2883 4897 l'uit
2919 4844 2974 4897 S.
3008 4843 3331 4908 Domninus;
3362 4859 3519 4912 quem
3555 4855 3732 4899 tamen
3762 4844 3841 4898 ria

2258 4915 2473 4969 Claudia
2504 4917 2554 4969 in
2584 4916 2853 4970 territorio
2896 4915 3042 4970 urbis
3071 4914 3416 4983 Clirysopolis
3447 4913 3618 4968 nuntii
3670 4916 3838 4968 Maxi-

2259 4987 2418 5039 miani
2449 4996 2738 5055 ceperunt;
2789 4999 2888 5040 nec
2938 5000 3108 5053 mora,
3155 4986 3510 5055 decollarunt.
3547 4985 3716 5040 Ρετι.
3766 4997 3834 5039 ιιι

2256 5055 2463 5112 Νιτιι..
2485 5053 2740 5111 Baronius
2766 5055 2952 5111 scribit
2972 5070 3093 5111 eum
3121 5053 3262 5124 apud
3282 5055 3476 5111 Juliam
3494 5057 3547 5111 in
3573 5056 3836 5111 territorio

2258 5125 2530 5181 Parmensi
2561 5127 2899 5183 decollatum.

2327 5195 2354 5234 ιι
2385 5197 2624 5253 Victoris.
2653 5198 2752 5253 Hic
2776 5212 2896 5252 cum
2927 5196 3088 5250 sociis
3118 5210 3238 5262 pars
3270 5196 3368 5252 fuit
3396 5196 3646 5252 Thebaa:
3677 5195 3835 5266 legio-

2259 5269 2372 5339 nis;
2401 5273 2488 5339 qui
2529 5271 2595 5324 ad
2625 5270 2874 5338 oppidum
2933 5267 3283 5333 Francorum,
3318 5269 3460 5337 quod
3505 5268 3665 5336 Troja
3724 5269 3833 5320 sive

2256 5338 2526 5395 Xanthum
2568 5349 2925 5408 nuncupatum
2967 5348 3069 5403 est,
3101 5340 3437 5408 perveniens,
3469 5339 3537 5394 ibi
3581 5353 3704 5392 cum
3736 5348 3837 5391 tre-

2257 5423 2427 5466 centis
2459 5413 2667 5482 triginta
2700 5411 2818 5464 aliis
2863 5408 3120 5482 militibus
3150 5420 3453 5482 peremptus
3491 5417 3594 5482 est.
3630 5409 3833 5482 Receng

2256 5494 2438 5536 St'tltttl‘
2469 5479 2656 5536 lto'rum
2686 5495 2772 5538 res
2797 5487 2962 5540 gestae
2986 5480 3039 5534 in
3068 5481 3218 5535 Actis
3253 5480 3312 5535 S.
3343 5480 3604 5536 Gereouis
3629 5519 3643 5546 ,
3700 5479 3832 5549 apud

2256 5553 2380 5608 Sur.
2415 5563 2541 5607 tom.
2575 5553 2637 5607 V.
3507 5591 3514 5598 ι

2337 5624 2350 5660 ί
2412 5625 2644 5679 Paulini.
2698 5623 2774 5678 De
2831 5625 2930 5679 hoc
2982 5621 3156 5691 primo
3207 5622 3529 5679 Eboracensi
3584 5622 3832 5690 episeopo

2257 5695 2374 5749 vide
2402 5699 2649 5822 sirperius
2694 5693 2870 5750 Bantia:
2919 5692 3065 5750 Eccl.
3113 5693 3254 5751 Hist.
3301 5709 3340 5750 ιι
3411 5693 3445 5752 9
3477 5703 3536 5751 et
3580 5707 3736 5766 seqq.
3780 5698 3835 5747 et

2257 5781 2344 5822 ιιι.
2395 5778 2405 5817 ι
2460 5807 2473 5822 .

2255 5781 2344 5833 ιιι,
2395 5778 2473 5822 ιιι.

2334 5837 2350 5892 ι
2391 5837 2650 5894 Cerconis.
2685 5838 2759 5895 De
2778 5850 2886 5909 quo
2915 5836 3086 5909 pridie
3110 5837 3297 5908 agitur.
