4064 6346
536 239 674 303 1071

1262 241 1464 310 ΒΕΒΕ
1507 245 2143 331 νεΝειιΑιιιωερρι).
2182 245 2361 303 PARS
2402 246 2487 304 IV.
2528 236 2598 291 -ἷ-
2636 248 3016 324 ΙΙΙΞΪΟΒΙΟΑ.

3650 238 3807 309 Ἀθη

1782 358 2010 415 EDITIO
2048 358 2525 417 COLONIENSIS.

535 452 764 522 apostoli
788 449 961 507 Pauli.
991 452 1145 520 Apud
1176 450 1440 508 Troadam
1474 455 1775 510 Antiochiae
1813 455 2117 525 'I‘beOpbili,
2150 460 2200 517 Α
2227 456 2314 524 qui
2343 456 2395 509 in
2425 469 2643 510 carcere
2672 455 2860 511 eodem
2890 454 3095 525 positus
3125 454 3407 525 quemdam
3448 456 3675 513 militem
3706 474 3813 515 no-

536 548 627 614 qui
658 552 840 599 sextus
866 543 934 598 ab
974 543 1232 612 apostolis
1266 544 1517 602 Ecclesiae
1562 548 1893 615 pontiﬁcium
1928 548 2115 614 tenuit,

537 636 634 691 viri
671 634 1040 690 eruditissimi.
1077 633 1131 689 in
1166 634 1432 705 Hispaniis
1457 639 1635 694 natale
1676 640 1931 705 Faustini,
1958 639 2119 695 Marci

535 737 588 781 et
621 726 819 780 Adrize.
870 724 926 778 lu
980 724 1334 780 Chalcedonia
1386 728 1641 784 Marcelli.
1695 730 1749 784 ln
1799 729 2119 785 Alexandria

534 821 710 874 natale
763 818 931 873 Saneti
985 818 1249 873 Anastasii
1303 820 1538 888 episcopi
1588 830 1641 875 et
1668 823 1837 877 sancti
1866 821 2117 891 Lupentii

538 911 856 979 presbyteri,
892 919 944 964 et
974 910 1141 963 sancti
1172 908 1381 963 Geraldi
1424 910 1767 967 confessoris.

606 1002 670 1058 G.
706 1005 853 1057 Paro.
891 1004 1008 1056 lous
1034 1004 1171 1057 Ocr.
1201 1032 1270 1043 —
1299 1003 1480 1057 Natale
1507 1006 1674 1059 sancti
1713 1006 1913 1060 Callisti
1947 1022 2116 1075 papre,

539 1095 631 1163 qui
662 1094 793 1149 sedit
829 1096 879 1146 in
912 1094 1222 1162 episcopatu
1248 1109 1416 1147 annos
1462 1106 1687 1161 septem,
1722 1111 1932 1150 menses
1963 1098 2117 1165 duos,

533 1184 648 1239 dies
680 1186 885 1240 decem.
937 1184 1032 1237 llic
1072 1184 1347 1239 constituit
1371 1183 1631 1252 jejunium
1662 1185 1749 1239 die
1780 1187 1995 1240 Sabbati
2044 1200 2121 1242 ter

540 1277 595 1330 in
626 1292 769 1331 anno
818 1275 954 1341 ﬁeri,
990 1274 1264 1341 frumenti,
1294 1276 1402 1329 vini
1432 1286 1483 1331 et
1514 1277 1636 1345 olei,
1669 1279 1962 1333 secundum
1996 1295 2122 1348 pro-

537 1369 790 1438 phetiam.
852 1369 951 1434 Qui
1009 1372 1379 1448 persecutione
1432 1369 1722 1424 Alexandri
1780 1371 2119 1438 imperatoris

536 1463 735 1517 diutius
763 1464 903 1516 fame
927 1463 976 1515 in
1001 1476 1218 1516 carcere
1242 1461 1532 1525 cruciatus,
1556 1471 1607 1515 et
1632 1460 1868 1530 quotidie
1892 1462 2118 1517 fustibus

533 1569 726 1620 caesus,
763 1569 857 1623 per
884 1555 1142 1608 visionem
1171 1569 1200 1607 a
1226 1552 1541 1624 presbytero
1572 1552 2002 1623 suo'Calepodio,
2026 1556 2115 1624 qui

532 1656 691 1702 antea
737 1649 1049 1718 martyrium
1099 1658 1583 1715 consummaverat,
1636 1649 1967 1703 confortatus
2007 1662 2111 1717 est,

2227 548 2373 603 mine
2402 546 2692 615 Privatum,
2720 550 2788 605 ab
2815 548 3055 604 ulcerum
3079 549 3265 604 dolore
3286 563 3350 604 ac
3373 534 3816 608 fmditate'simul

2224 648 2280 694 et
2313 639 2379 693 ab
2410 639 2723 696 infidelitate
2754 643 2981 696 curavit.
3021 640 3172 709 Quod
3218 642 3443 697 audiens
3474 643 3815 713 Alexander,

2226 733 2397 800 ipsum
2429 734 2639 803 quidem
2670 733 2889 787 militem
2919 732 3045 787 fecit
3075 732 3364 802 plumbatis
3389 732 3644 799 detlcere,
3679 735 3816 789 bea-

2228 831 2335 876 tutu
2366 837 2491 876 vero
2516 822 2792 878 Callistum
2819 840 2911 891 per
2939 824 3231 877 fenestram
3254 824 3445 879 domus
3469 826 3817 895 praecipitari,

2224 924 2279 969 et
2306 916 2467 984 ligato
2498 916 2562 969 ad
2589 917 2786 971 collum
2817 916 2933 985 ejus
2978 931 3108 971 saxo
3141 917 3194 971 in
3227 928 3443 986 puteum
3473 918 3738 988 dernergi,
3766 928 3821 973 et

2227 1008 2278 1062 in
2309 1026 2428 1062 eum
2462 1024 2556 1079 per
2586 1010 2779 1064 rudera
2810 1010 3089 1065 cumulari.
3124 1011 3253 1066 Post
3276 1026 3402 1067 vero
3424 1012 3541 1066 dies
3564 1021 3825 1079 quatuor-

2224 1100 2394 1155 decim
2428 1101 2704 1171 presbyter
2733 1101 2851 1170 ejus
2902 1102 3170 1170 Asterius,
3216 1118 3341 1158 cum
3394 1102 3607 1157 clericis
3657 1113 3822 1157 noctu

2229 1195 2449 1249 veniens
2471 1195 2670 1249 levavit
2696 1209 2910 1264 corpus,
2935 1203 2989 1250 et
3012 1195 3264 1265 sepelivit
3292 1196 3346 1249 in
3374 1196 3692 1251 cmmeterio
3718 1195 3823 1248 Ca-

2224 1285 2440 1355 lepodii.
2462 1286 2710 1339 Corduba
2734 1288 2785 1339 in
2810 1286 3026 1341 civitate
3046 1286 3217 1341 sancti
3240 1285 3373 1355 Lupi
3396 1286 3652 1341 Aureliae.
3674 1284 3822 1355 Lug-

2224 1375 2365 1429 duuo
2391 1375 2576 1431 Gallia:
2608 1378 2861 1432 transitus
2891 1378 3061 1432 sancti
3089 1378 3226 1433 Justi
3278 1377 3332 1431 in
3376 1392 3579 1433 eremo.
3616 1377 3823 1433 Eodem

2223 1471 2308 1525 die
2361 1473 2633 1528 translatio
2688 1473 2855 1527 sancti
2897 1472 3189 1527 Burchardi
3232 1472 3468 1541 episcopi
3498 1480 3555 1528 et
3599 1471 3822 1527 confes-

2222 1580 2381 1621 SOI‘IS.

2291 1663 2357 1713 A.
2389 1659 2507 1715 lous
2532 1663 2667 1716 Ocr.
2696 1662 2849 1716 -ιη
2879 1642 3049 1717 Gallia
3079 1660 3219 1732 apud
3258 1659 3539 1717 Coloniam
3570 1662 3824 1732 Agrippi-

1765 1742 1993 1798 EDITIO
2032 1745 2541 1810 BOLLANDIANA.

538 1833 748 1908 sitio‘S.
786 1843 811 1869 ι
856 1833 1378 1908 δέξιιειιιιίἰῌειῒιὴίιιὶε
1428 1846 1481 1890 et
1531 1836 1873 1908 confessoris.
1938 1838 2024 1902 D.,
2056 1840 2113 1894 8.
2147 1850 2195 1908 Β

535 1902 561 1941 b
596 1892 869 1974 l‘ol'ycarpi
902 1904 1149 1974 discipuli
1186 1905 1338 1959 Pauli
1372 1908 1509 1974 apud
1550 1907 1834 1961 Troadem.
1869 1908 1926 1961 Β.
1960 1892 2024 1961 Δί

528 1975 628 2036 Ι...
683 1975 1003 2028 Calcedouia
1047 1976 1220 2030 natale
1267 1987 1573 2030 sanctorqu
1622 1978 1866 2041 Adriani,
1915 1978 2115 2033 Janua-

527 2046 591 2098 rii
618 2049 631 2115 ι
654 2042 715 2099 Β.
743 2062 842 2117 o_or_.
867 2044 1163 2117 Januarii],
1190 2056 1242 2100 et
1276 2047 1533 2101 Marcelli.
1560 2048 1623 2101 T.
1657 2048 1745 2107 L.,
1778 2049 1830 2101 In
1860 2049 2117 2117 llispania

534 2117 713 2187 passio
762 2115 861 2169 SS.
906 2115 1084 2187 Fausti
1123 2115 1181 2171 et
1212 2117 1438 2172 Rustici.
1468 2118 1530 2171 Τ.
1550 2157 1566 2184 ,
1596 2120 1767 2187 primo
1796 2120 1913 2174 loco
1944 2115 2118 2177 natale

526 2186 584 2241 S.
612 2196 633 2223 ο
664 2186 874 2242 Gcraldi
908 2186 1247 2241 confessoris.

604 2278 694 2333 H.
728 2308 798 2320 —
831 2279 871 2332 ll
904 2279 1043 2332 lous.
1093 2278 1281 2334 Natale
1304 2278 1367 2336 8.
1399 2278 1423 2316 ἀ
1452 2279 1643 2334 Calixti
1702 2295 1851 2349 papa:
1875 2322 1890 2348 ,
1922 2282 2010 2351 qui
2060 2281 2113 2337 in

532 2371 907 2438 persecutione
962 2370 1250 2425 Alexandri
1309 2371 1647 2440 imperatoris
1717 2372 1916 2426 diutius
1973 2373 2114 2427 fame

528 2466 794 2520 cruciatus
844 2474 896 2518 et
945 2464 1183 2533 quotidie
1227 2463 1456 2520 fustibus
1502 2477 1696 2529 ctesus,
1729 2479 1821 2531 per
1852 2464 2110 2518 visionem

525 2572 556 2610 a
587 2558 901 2626 presbytero
931 2571 1029 2610 suo
1080 2556 1369 2624 Calepodio
1390 2600 1405 2622 ,
1460 2557 1546 2623 qui
1580 2566 1735 2609 antea
1791 2557 2110 2625 martyrium

526 2655 1014 2711 consummaverat,
1048 2644 1379 2700 confortatus
1410 2655 1462 2700 et
1493 2646 1801 2700 consolatus
1849 2655 1932 2700 est
1964 2662 1979 2699 :
2017 2646 2111 2714 qui

526 2742 583 2796 in
612 2754 829 2795 carcere
858 2740 1047 2793 eodem
1082 2740 1285 2807 positus
1307 2738 1592 2807 quemdam
1625 2740 1871 2803 militem,
1897 2738 2112 2795 nomine

528 2834 824 2897 Privatum,
848 2833 915 2886 ab
946 2832 1182 2886 ulcerum
1205 2832 1391 2886 dolore
1422 2848 1484 2888 ac
1515 2833 1751 2888 fteditate
1776 2830 1934 2885 simul
1963 2840 2017 2885 et
2041 2830 2110 2885 ab

526 2925 839 2979 infidelitate
866 2924 1091 2978 curavit.
1124 2922 1279 2989 Quod
1309 2924 1531 2978 audiens
1576 2923 1902 2990 Alexander,
1928 2922 2103 2989 ipsum

526 3016 738 3085 quidem
788 3015 1008 3071 militem
1053 3016 1177 3070 fecit
1222 3015 1507 3085 plumbatis
1560 3015 1793 3073 deficere
1835 3033 1848 3068 :
1893 3014 2105 3068 beatum

2228 1882 2351 1922 vero
2392 1868 2647 1923 Calistum
2702 1884 2798 1938 per
2850 1870 3142 1925 fenestram
3200 1869 3395 1925 domus
3445 1869 3821 1939 praecipitari:

2221 1967 2274 2011 et
2304 1956 2465 2027 ligato
2493 1958 2559 2011 ad
2591 1958 2788 2012 collum
2834 1958 2949 2025 ejus
2995 1972 3132 2013 saxo
3173 1958 3227 2013 in
3277 1967 3498 2027 puteum
3548 1959 3821 2030 demergi,

2221 2058 2275 2102 et
2328 2048 2379 2102 in
2412 2064 2533 2103 eum
2585 2065 2680 2117 per
2737 2050 2932 2104 rudera
2985 2051 3274 2104 cumulari.
3333 2050 3461 2105 Post
3512 2050 3633 2105 dies
3690 2065 3824 2107 vero

2221 2142 2608 2208 septemdecim
2640 2143 2923 2213 presbyter
2950 2142 3069 2212 ejus
3098 2144 3342 2199 Asterius
3369 2187 3383 2211 ,
3434 2159 3556 2198 eum
3605 2144 3824 2199 clericis

2224 2244 2381 2289 noctu
2414 2236 2656 2303 veniens,
2690 2236 2897 2290 levavit
2926 2251 3142 2306 corpus,
3173 2246 3228 2291 et
3258 2236 3504 2305 sepelivit
3532 2236 3589 2290 in
3618 2251 3824 2292 cmme-

2221 2326 2357 2381 terio
2386 2326 2683 2396 Calepodii.
2732 2326 2912 2383 Pridie
2954 2328 3075 2383 ldus
3118 2328 3365 2385 Octobris
3397 2328 3487 2400 [0.
3522 2338 3571 2384 et
3613 2328 3680 2383 R.
3712 2346 3821 2387 om.

2216 2414 2426 2482 Pridie,
2451 2426 2554 2471 etc.
2574 2416 2617 2489 ].

2288 2505 2448 2561 Addit
2472 2507 2534 2561 V.
2556 2506 2641 2573 C.,
2674 2508 2764 2564 Sic
2789 2510 2939 2567 obiit.

2288 2576 2377 2651 A._,
2414 2577 2612 2651 Eodem
2644 2580 2732 2651 die
2761 2580 3030 2649 depositio
3062 2580 3120 2635 S.
3152 2583 3174 2611 ε
3207 2577 3488 2635 Donatiani
3549 2580 3814 2651 episcopi.

2217 2644 2303 2713 B.,
2336 2648 2580 2703 Corduba
2613 2644 3037 2705 civitate'natalc
3068 2651 3164 2707 SS.
3198 2650 3332 2722 Lupi
3362 2661 3418 2706 et
3448 2644 3710 2707 Aurélite.

2292 2760 2378 2814 15.
2397 2790 2465 2799 -
2488 2760 2679 2815 lamus.
2721 2761 2882 2816 Vacat
2911 2762 3088 2816 Baeda.

2289 2849 2377 2913 V.,
2409 2850 2725 2904 Sanctorum
2765 2852 3066 2905 Maurorum
3101 2851 3167 2905 de
3210 2848 3514 2904 'militibus
3545 2860 3600 2906 et
3622 2851 3681 2906 S.
3716 2851 3818 2907 Le-

2212 2920 2399 2985 gadiae.
2451 2921 2549 2973 Ast
2592 2920 2680 2985 C.,
2716 2921 2791 2974 De
2831 2922 3083 2975 militibus
3131 2931 3182 2976 et
3229 2921 3286 2975 S.
3342 2921 3526 2976 Gaidze
3570 2923 3816 2990 virginis.

2218 2991 2305 3055 D.,
2330 2991 2606 3045 Transitus
2622 2991 2678 3046 8.
2698 2993 2722 3031 κ
2748 2991 2883 3046 Justi
2906 2994 2959 3047 iu
2980 3006 3184 3057 eremo,
3215 2991 3587 3062 Lugdunensis
3611 2995 3818 3062 episco-

1956 3102 2121 3158 MITH
2159 3099 2365 3157 ΝΟΤᾹΞ
2378 3142 2392 3156 .

1956 3102 2121 3158 MITH
2159 3102 2392 3157 NOTAE.

525 3196 827 3264 superciliis
860 3194 1012 3259 rasis,
1038 3193 1283 3248 dentibus
1310 3193 1529 3257 evulsis,
1563 3193 1779 3248 auribus
1808 3102 2021 3263 quozue
2050 3205 2104 3250 et
2134 3198 2180 3261 C
2210 3194 2377 3248 sentis
2420 3202 2477 3248 et
2510 3190 2764 3264 Extricati
2781 3192 3073 3264 consulatu
3106 3190 3296 3264 notati.
3328 3190 3735 3264 Papebrocbius
3763 3196 3815 3251 in

525 3267 745 3321 naribus
776 3268 1037 3335 prmcisis,
1062 3266 1195 3333 ignis
1233 3265 1477 3332 passione
1508 3264 1823 3335 martyrium
1858 3282 2106 3321 consum-

525 3345 760 3393 marunt.
793 3336 956 3390 Pera.
984 3352 1050 3389 or:
1078 3335 1284 3390 NATAL.

605 3417 631 3443 ιι
670 3405 931 3460 Venantir’.
983 3407 1080 3460 Hic
1136 3406 1353 3474 Biturigi
1408 3404 1660 3459 territorii
1719 3405 1890 3460 incola
1949 3406 2045 3460 fuit
2089 3427 2101 3461 :

525 3478 745 3548 juvenili
773 3487 930 3530 aetate
974 3491 1003 3529 a
1045 3476 1348 3548 parentibus
1378 3476 1611 3543 sponsali
1654 3476 1868 3531 vincqu
1899 3478 2107 3548 obliga-

527 3546 978 3601 tus.Turonieam
1037 3560 1163 3600 vero
1217 3546 1401 3600 urbem
1448 3549 1669 3601 veniens
1718 3556 1772 3600 et
1801 3546 2104 3603 virtutes'S.

530 3615 743 3671 Martini
773 3630 1021 3686 cernens,
1054 3616 1305 3683 relinquit
1350 3631 1623 3685 sponsam,
1670 3617 1993 3686 advenitque
2038 3620 2104 3673 ad

528 3688 789 3743 Silvinum
848 3685 1092 3739 abbatem
1152 3686 1461 3739 monasterii
1513 3686 1569 3742 S.
1620 3687 1827 3740 Martini
1879 3685 2108 3744 basilica:

527 3758 831 3827 propinqui,
876 3756 965 3824 qui
997 3771 1115 3809 eum
1170 3756 1400 3810 totondit
1438 3766 1491 3810 et
1538 3759 1681 3825 gregi
1739 3759 2103 3813 monasteriali

527 3826 1086 3897 ascivitzdecedente
1137 3836 1313 3897 autem
1371 3827 1579 3893 abbate,
1632 3830 1744 3895 ipse
1776 3827 1827 3882 in
1882 3828 1998 3897 ejus
2032 3831 2109 3883 lo-

528 3913 651 3953 cum
718 3896 1038 3966 eligeutibus
1092 3896 1340 3951 fratribus
1397 3898 1715 3951 substitutus
1769 3906 1869 3951 est.
1916 3896 2102 3955 Gneo.

528 3968 738 4024 Tunon.
768 3969 819 4021 iu
870 3966 976 4021 Vit.
1012 3967 1179 4030 Patr.,
1212 3980 1329 4034 cap.
1377 3968 1461 4019 16.
1492 3967 1633 4022 Obiit
1676 3967 1825 4036 juxta
1856 3969 2105 4025 Gbiniutn

528 4039 824 4107 Senensem
846 4037 988 4107 circa
1018 4053 1108 4092 an.
1138 4035 1263 4089 425.
1288 4039 1446 4092 Juxta
1484 4038 1645 4107 Greg.
1675 4038 1875 4093 Turon.
1910 4041 1960 4092 in
2010 4042 2103 4097 lib.

527 4110 597 4164 de
632 4106 783 4164 Glor.
811 4105 967 4162 Conf.
1002 4124 1107 4176 xv,
1148 4107 1288 4161 haud
1340 4108 1525 4177 procul
1551 4105 1844 4164 a‘basilica
1878 4110 1938 4165 Β.
1972 4112 2111 4164 Mar-

528 4180 629 4235 tini
651 4180 951 4248 requiescit.

606 4248 635 4287 b
670 4247 961 4319 Pelycarpi.
996 4249 1182 4303 Melius
1205 4247 1384 4316 Carpi.
1416 4248 1583 4315 Quem
1608 4248 1780 4302 ferunt
1800 4253 2110 4306 ex'numero

531 4319 602 4375 72
638 4320 832 4374 Christi
887 4322 1266 4385 discipulorum
1316 4320 1508 4381 fuisse,
1551 4328 1605 4372 et
1645 4320 1949 4387 episcOpum
2010 4323 2108 4374 lle-

529 4406 789 4446 raaensem
820 4390 871 4443 in
901 4389 1239 4453 Macedonia;
1292 4405 1409 4458 quze
1441 4390 1566 4443 urbs
1608 4388 1805 4443 distare
1833 4391 2042 4445 videtur
2079 4407 2107 4444 a

2210 3264 2415 3319 Conatu
2456 3262 2993 3318 chronico-bistorico
3040 3263 3314 3316 contendit
3353 3263 3494 3331 quod
3548 3264 3671 3319 dies
3724 3281 3814 3318 xlv

2211 3336 2401 3390 Octob.
2447 3334 2518 3387 sit
2547 3332 2845 3392 mortualis,
2878 3348 2981 3385 non
3040 3332 3156 3387 dies
3200 3333 3526 3399 sepulturae;
3581 3343 3638 3388 et
3687 3337 3814 3389 citat

2214 3405 2523 3475 Hieronymi
2579 3403 3035 3474 Martyrologium,
3088 3402 3280 3475 iniquo
3334 3403 3461 3457 licet
3502 3405 3815 3461 scribantur

2215 3477 2328 3530 btec
2356 3477 2517 3529 verba
2552 3493 2565 3530 :
2600 3493 2617 3525 ι
2656 3476 2837 3527 Ruina:
2865 3474 2949 3527 via
2979 3474 3193 3528 Aurelia
3224 3475 3274 3526 in
3307 3476 3624 3529 cmmeterio
3654 3476 3811 3529 Cale-

2212 3548 2353 3615 podii
2382 3546 2587 3599 Callisti
2632 3545 2899 3615 episcopi,
2951 3563 2969 3595 ι
3007 3554 3181 3597 tamen
3231 3543 3637 3615 Papebrochius
3688 3547 3811 3600 sub-

2212 3613 2327 3671 dit:
2364 3635 2383 3667 ι
2421 3616 2525 3670 Sed
2562 3625 2778 3684 propter
2825 3613 2925 3668 hoc
2972 3628 3067 3667 nos
3098 3613 3386 3668 formidare
3432 3630 3540 3668 non
3588 3616 3810 3683 debere,

2213 3704 2279 3743 ne
2306 3688 2529 3740 aliorum
2547 3688 2729 3749 etiam,
2761 3700 2986 3753 quorum
3015 3687 3150 3739 Acta
3185 3698 3288 3737 non
3310 3694 3546 3749 exstant,
3577 3686 3701 3740 dies
3721 3702 3812 3741 no-

2217 3758 2310 3811 tati
2343 3759 2391 3811 iu
2424 3758 2565 3810 dicto
2586 3754 2963 3825 Martyrologio
2994 3769 3097 3807 non
3144 3754 3249 3807 siut
3276 3770 3399 3807 vere
3432 3758 3759 3813 mortuales.
3787 3776 3807 3812 ι

2215 3830 2281 3882 At
2312 3842 2609 3897 perperam.
2642 3827 2702 3897 Si
2729 3827 2869 3897 enim
2894 3829 2945 3881 in
2978 3825 3356 3896 Martyrologio
3385 3825 3811 3897 llieronymiauo

2212 3894 2327 3953 dies
2370 3896 2617 3952 obitualis
2665 3894 2871 3949 Callisti
2916 3894 3212 3959 notaretur,
3272 3894 3374 3949 non
3419 3896 3487 3949 ad
3536 3894 3688 3951 diem
3725 3913 3810 3953 xtv

2212 3968 2426 4031 Octob.,
2476 3968 2569 4021 sed
2627 3966 2692 4020 ad
2751 3966 2893 4022 diem
2952 3981 3115 4019 xxvm
3166 3965 3441 4032 Septemb.
3494 3966 3555 4021 S.
3600 3968 3809 4023 Callisti

2214 4040 2478 4108 depositio
2517 4046 2934 4109 memoraretur,
2958 4051 3079 4089 cum
3111 4050 3176 4089 eo
3223 4036 3309 4090 die
3356 4038 3607 4109 martyrii
3640 4042 3809 4109 gloria

2213 4107 2519 4173 coronatus,
2556 4118 2611 4162 et
2655 4123 2742 4160 xw
2789 4107 3034 4162 Octobris
3086 4116 3244 4159 terra:
3296 4107 3584 4161 mandatus
3611 4107 3809 4166 fuerat.

2216 4181 2295 4234 Ex
2330 4182 2433 4234 hoc
2484 4180 2663 4245 itaque
2718 4180 2945 4246 aliisque
2977 4177 3111 4231 locis
3152 4177 3347 4244 passim
3388 4178 3699 4233 referendis
3753 4181 3811 4234 li-

2215 4262 2362 4319 quet,
2385 4252 2437 4303 in
2457 4249 2832 4319 Martyrologio
2856 4249 3271 4317 llieronymiano
3289 4262 3392 4319 non
3419 4262 3639 4317 semper
3668 4251 3808 4305 diem

2214 4316 2399 4375 mortis
2429 4316 2634 4383 notari,
2678 4316 2803 4374 licet
2838 4316 3229 4387 Papebrchius
3260 4316 3374 4371 dies
3404 4319 3455 4371 in
3484 4316 3553 4371 eo
3585 4320 3811 4389 inscrip-

2220 4402 2301 4444 tos
2326 4392 2391 4445 de
2418 4391 2723 4458 pontificum
2755 4388 3018 4443 natalibus
3066 4404 3276 4454 semper
3316 4389 3667 4455 explicandas
3700 4388 3810 4445 exi-

531 4461 909 4517 Thessalonica
939 4460 1002 4512 ad
1035 4460 1277 4512 milliaria
1309 4460 1399 4525 50,
1430 4460 1515 4514 ubi
1563 4468 1617 4515 et
1660 4460 1719 4514 8.
1749 4460 1939 4513 Paulus
1970 4476 2103 4528 przc-
2133 4469 2185 4528 ι)
2209 4464 2408 4530 stimat.
2430 4462 2556 4514 Acta
2576 4460 2733 4530 hujus
2751 4459 3291 4526 sanetiexstantapud
3312 4458 3525 4513 Surium
3544 4469 3678 4514 tom.
3699 4460 3809 4517 Vll.

529 4533 748 4597 dicavit,
799 4545 861 4583 ac
888 4532 1048 4584 etiam
1100 4530 1361 4584 Troadem
1393 4531 1541 4597 adiit,
1586 4540 1638 4586 et
1664 4532 1803 4599 apud
1853 4533 2102 4585 eumdem

531 4603 589 4659 S.
624 4601 851 4671 Carpnm
887 4601 1129 4671 penulam
1151 4600 1382 4671 reliquit.

605 4679 627 4707 ο
655 4670 885 4725 Cernldi.
922 4672 993 4725 De
1024 4670 1129 4724 hoc
1145 4673 1220 4741 sic
1251 4670 1433 4741 scribit
1463 4670 1734 4741 Ferrarius
1762 4673 1813 4726 in
1856 4672 2110 4741 Catalogo

530 4743 763 4813 generali
794 4760 810 4797 :
848 4760 865 4791 r
898 4740 1162 4795 Aureliaci
1197 4742 1247 4793 in
1273 4740 1439 4813 Gallia
1465 4742 1523 4797 S.
1566 4740 1775 4795 Geraldi
1828 4740 2110 4797 confesso-

529 4814 623 4869 ris.
663 4830 683 4866 ι
720 4812 766 4865 is
798 4813 933 4866 inter
980 4813 1248 4865 Arvernos
1295 4812 1652 4865 nobilissimus
1685 4813 1951 4867 Aureliaci
1983 4816 2111 4868 baro

532 4884 654 4949 fuit,
685 4893 838 4936 natus
862 4882 1049 4936 eodem
1077 4897 1218 4934 anno
1240 4898 1344 4946 quo
1375 4883 1596 4936 Carolus
1627 4881 1817 4936 Calvus
1845 4884 1896 4937 in
1931 4900 2108 4952 regem

532 4954 839 5008 Lemovieas
890 4960 1077 5006 unctus
1122 4963 1221 5016 est,
1253 4952 1353 5005 hoc
1381 4963 1461 5005 est
1490 4967 1629 5005 anno
1654 4952 1779 5006 853.
1808 4953 1902 5007 llic
1935 4958 2111 5007 Aure-

532 5026 650 5078 liaci
692 5024 849 5076 etiam
905 5023 1282 5075 monaSIerinm
1333 5023 1438 5075 Deo
1486 5034 1536 5075 et
1584 5023 1639 5076 S.
1674 5021 1832 5075 Petro
1878 5024 2107 5076 dicatum

530 5095 829 5159 exstruxit,
863 5094 1109 5145 omnibus
1137 5093 1289 5146 bonis
1334 5094 1443 5144 suis
1496 5093 1570 5143 illi
1618 5093 1848 5147 donatis.
1901 5094 2111 5159 Septies

531 5165 753 5219 Romam
803 5164 1072 5232 religionis
1127 5178 1254 5229 ergo
1313 5163 1614 5229 profectus,
1674 5170 1880 5217 tandem
1936 5164 2110 5218 clarus

532 5234 802 5288 miraculis
824 5238 961 5287 circa
992 5249 1080 5287 au.
1126 5235 1228 5286 88:!
1254 5247 1284 5286 e
1312 5232 1417 5284 vita
1449 5233 1720 5298 migravit,
1770 5244 1822 5285 et
1867 5237 2108 5301 sepultus

530 5315 611 5359 est
651 5308 700 5357 in
748 5304 1070 5373 monasterio
1102 5304 1157 5356 8.
1207 5302 1347 5373 Petri
1403 5303 1540 5369 quod
1575 5305 1691 5373 ipse
1732 5304 2106 5359 tedilicavcrat.

533 5376 726 5429 Lanam
762 5377 895 5429 Bibl.
928 5372 1080 5436 Nov.,
1114 5384 1242 5425 tom.
1278 5372 1348 5432 ll,
1382 5387 1433 5439 p.
1466 5372 1722 5425 271-272.

605 5443 628 5481 ἀ
682 5445 889 5499 Calixti.
941 5444 1033 5497 llic
1086 5457 1226 5496 anno
1274 5441 1381 5494 “2‘22
1423 5444 1486 5494 ad
1542 5444 1706 5496 Deum
1758 5442 2022 5511 migravit.
2053 5442 2110 5499 lu

530 5518 795 5569 Chronico
842 5516 980 5568 enim
1028 5512 1239 5566 Damasi
1302 5512 1490 5581 legitur
1524 5532 1534 5564 :
1567 5531 1585 5563 ι
1641 5511 1893 5566 Callistus
1941 5529 2112 5569 annos

533 5590 792 5655 quinque,
830 5598 1040 5638 menses
1065 5584 1229 5655 duos,
1264 5582 1378 5636 dies
1409 5583 1614 5655 decem.
1641 5583 2112 5655 Fuittemporibus

534 5652 751 5711 Macriui
807 5664 859 5707 et
906 5652 1274 5723 lleliogabali,
1349 5666 1379 5705 a
1422 5654 1699 5706 consulatu
1752 5654 2004 5723 Antonini
2059 5663 2114 5709 et

535 5725 785 5793 Ailventi,
816 5741 981 5791 usque
1008 5722 1274 5777 Antonino
1295 5738 1385 5786 ιιι,
1417 5733 1471 5775 et
1499 5723 1821 5777 Alexandro.
1876 5744 1895 5775 ι
1933 5722 2112 5778 Ponti-

540 5802 753 5859 ficatum
808 5795 996 5852 inierat
1015 5796 1102 5851 die
1128 5809 1257 5851 xvm
1280 5793 1478 5852 mensis
1505 5793 1629 5850 Julii
1659 5795 1782 5851 anni
1805 5794 1932 5862 217,
1966 5796 2111 5850 Prte-

2286 4542 2309 4568 °
2345 4529 2753 4585 Donatiani.llic
2770 4532 2957 4599 Brngis
2987 4530 3219 4583 maxime
3241 4530 3454 4583 colitur.
3482 4530 3605 4584 Fuit
3627 4541 3809 4586 autem

2212 4601 2469 4669 septimus
2487 4602 2922 4670 archiepiscopus
2947 4600 3296 4664 Rbemensis;
3325 4616 3353 4653 a
3380 4600 3602 4670 liuentis
3624 4614 3806 4657 autem

2211 4674 2275 4725 ad
2308 4674 2507 4741 Brngas
2538 4672 2653 4738 ejus
2683 4669 2873 4739 corpus
2907 4670 3220 4724 translatum
3260 4679 3361 4725 est.
3396 4669 3808 4741 Translationes

2212 4744 2329 4808 ejus
2356 4740 2664 4797 recoluntur
2694 4758 2795 4795 xxx
2828 4741 3048 4808 Augusti
3094 4749 3149 4793 et
3202 4742 3316 4808 ipso
3340 4741 3425 4794 die
3465 4740 3805 4808 Epiphaniae.

2215 4814 2395 4868 Primo
2414 4829 2442 4867 e
2460 4813 2644 4867 Galliis
2663 4813 2899 4878 reliquiae
2929 4812 3045 4880 ejus
3066 4810 3254 4865 delatze
3286 4820 3409 4863 sunt
3432 4825 3577 4865 anno
3602 4812 3712 4867 863
3741 4813 3809 4867 ad

2211 4885 2523 4938 Turboltum
2575 4883 2974 4947 monasterium,
3009 4880 3203 4951 deinde
3240 4895 3361 4935 cum
3412 4896 3605 4951 magna
3658 4885 3803 4937 cele-

2214 4955 2406 5007 britate
2460 4954 2525 5007 ad
2583 4952 2782 5021 Brugas
2815 4960 3027 5020 portum
3061 4950 3219 5020 jussu
3274 4950 3522 5005 llalduint
3574 4951 3803 5019 Ferrei,

2214 5024 2481 5077 Flandriae
2535 5024 2875 5075 marehionis.
2908 5022 3093 5077 Postea
3127 5021 3315 5093 llrugis
3346 5037 3495 5093 sacra
3549 5026 3670 5087 ejus
3719 5025 3803 5093 pi-

2214 5110 2375 5165 gnora
2431 5094 2683 5165 translata
2734 5101 2871 5165 sunt;
2909 5108 2977 5147 ex
3008 5094 3171 5165 veteri
3197 5092 3393 5145 scrinio
3434 5091 3808 5165 in_aliud,‘et

2213 5163 2527 5234 subscripta:
2578 5163 2766 5217 litterae
2814 5163 3009 5234 Ebonis
3059 5163 3384 5217 lthemorum
3410 5163 3805 5231 archiepiscopi

2215 5236 2282 5289 de
2333 5233 2433 5289 ltoc
2489 5244 2675 5289 sancto
2704 5242 2826 5287 sunt
2868 5233 3094 5287 inventae
3148 5237 3197 5286 in
3233 5234 3395 5301 priori
3441 5236 3645 5288 scrinio
3674 5250 3799 5288 cum

2213 5320 2459 5373 corpore.
2508 5306 2650 5369 Quas
2688 5305 2829 5370 ipsas
2878 5304 3117 5357 nonnulli
3169 5307 3515 5372 inspexerunt
3559 5306 3612 5358 in
3645 5305 3804 5359 tertia

2215 5376 2599 5441 translatione,
2652 5390 2810 5443 quam
2873 5374 2997 5428 fecit
3046 5375 3233 5428 Petrus
3280 5375 3532 5439 Curtius,
3595 5378 3803 5443 primus

2217 5449 2511 5514 Brugarum
2565 5447 2757 5511 praesul
2779 5485 2795 5511 ,
2821 5460 2961 5499 anno
2996 5444 3151 5500 l562.
3188 5448 3441 5499 MOLANUS
3474 5446 3527 5499 in
3561 5445 3803 5501 indiculo

2215 5517 2281 5570 de
2310 5517 2526 5589 sanctis
2548 5516 2729 5589 Belgii:

2293 5592 2310 5630 ί
2347 5586 2619 5639 Militibus.
2662 5584 2877 5641 scilicet
2926 5584 3149 5654 legionis
3178 5584 3553 5640 Tltebazorum.
3597 5585 3802 5641 llorum

2216 5656 2267 5709 in
2319 5672 2540 5710 numero
2579 5656 2946 5726 Martyrologia
2996 5656 3336 5722 discrepant,
3399 5660 3646 5723 qumdam
3704 5669 3800 5711 eos

2217 5726 2381 5781 fuisse
2412 5744 2633 5781 numero
2665 5737 2864 5780 tantum
2904 5729 2994 5790 50,
3025 5727 3126 5780 alia
3158 5726 3283 5790 560,
3319 5730 3590 5782 testantia.

2292 5803 2315 5873 ε
2346 5795 2503 5852 Jusn‘.
2538 5799 2610 5853 De‘
2638 5800 2737 5853 hoc
2766 5799 3013 5858 superius
3042 5797 3164 5855 vide
3193 5799 3282 5855 die
3309 5813 3346 5853 ιι
3374 5800 3653 5861 Septemb.
3687 5797 3789 5870 ilic
