4064 6346
282 396 422 459 1075

1412 407 1608 467 SECT.
1651 409 1713 464 ΙΙ.
1753 442 1823 455 -
1862 412 2404 474 MARTVROLOGIA

3427 430 3449 484 l
3460 432 3561 488 076

1529 522 1757 578 EDITIO
1796 523 2259 582 COLONIENSIS.

276 622 401 664 nam
431 615 738 664 sanctorum
772 609 1078 667 Maurorum
1134 612 1201 669 de
1249 615 1530 683 militibus,
1564 619 1651 685 qui
1684 634 1749 673 ex
1780 619 1864 672 illa
1895 621 1943 680 Α
1976 618 2105 676 item
2135 622 2394 691 lleronis,
2427 625 2513 693 qui
2554 635 2673 695 post
2719 626 2936 685 beatum
2978 628 3236 700 lgnatium
3268 632 3559 693 Antioche-

276 700 490 769 legioue
516 715 665 755 sacra
698 702 1052 758 Thebzeorum
1083 720 1202 759 cum
1246 717 1430 762 essent
1466 710 1685 763 trecenti
1727 726 1859 780 qua-

274 793 542 863 draginta,
587 795 723 862 apud
770 796 1010 851 eamdem
1044 800 1231 853 urbem
1263 802 1575 871 martyrium
1608 819 1861 857 consum-

256 896 510 951 ,mantes,
533 887 732 941 conditi
761 899 884 942 sunt
909 891 958 943 in
981 891 1219 958 basilica,
1243 910 1359 964 quae
1381 896 1680 952 admirabili
1703 913 1864 965 opere

270 992 337 1031 ex
368 977 573 1033 Musivo
602 979 997 1048 quodammodo
1045 982 1297 1039 deaurata
1343 988 1664 1055 resplendet.
1714 989 1863 1046 Unde

269 1078 326 1122 et
375 1069 567 1151 incola:
596 1070 661 1123 ad
693 1081 909 1126 sanctos
939 1088 1131 1129 aureos
1170 1076 1405 1132 vocitare
1450 1092 1858 1136 consueverunt.

269 1156 496 1215 Vienna:
525 1173 828 1233 sanctorum
859 1165 1231 1236 episcoporum
1278 1170 1481 1241 Agrati,
1532 1169 1764 1229 Costori.
1808 1175 1862 1228 In

266 1250 472 1322 Capua,
504 1254 673 1310 Libuli
705 1267 757 1311 et
787 1268 986 1313 sanctze
1020 1259 1348 1319 Fortunatae.

340 1347 402 1400 Β.
466 1347 609 1402 XVI!
666 1348 902 1406 CALEND.
960 1353 1198 1408 Νονιῖιιις.
1258 1384 1323 1397 -—-
1374 1357 1646 1427 Depositio
1691 1361 1861 1415 sancti

262 1436 406 1491 Galli
439 1439 784 1507 confessoris,
841 1443 993 1512 cujus
1044 1445 1148 1499 vita
1195 1448 1348 1516 plena
1398 1449 1681 1507 virtutibus
1724 1467 1856 1506 con-

261 1531 466 1597 scripta
519 1532 764 1587 habetur.
823 1536 975 1603 Aptid
1038 1537 1349 1606 Lugdunum
1409 1541 1549 1596 beati
1606 1543 1851 1600 Antiochi

258 1623 523 1694 episcOpi.
572 1625 727 1694 Apud
771 1625 1028 1682 Viennam
1080 1630 1250 1684 sancti
1292 1628 1551 1686 Tlieodati
1590 1635 1847 1702 episcOpi,

1973 726 2095 765 nam
2144 714 2279 769 rexit
2324 714 2631 773 Ecclesiam.
2667 718 2795 773 Erat
2822 721 2962 775 enim
3016 722 3099 777 hic
3134 722 3276 779 beati
3307 729 3561 801 martyris

1974 803 2156 873 lgnatii
2185 806 2473 873 diaconus,
2507 810 2594 880 qui
2616 814 2902 882 episc0pus
2924 814 3114 880 factus,
3138 817 3283 872 viam
3309 820 3553 889 magistri

1972 898 2088 965 pius
2140 898 2373 953 imitator
2425 903 2699 971 sequitur,
2733 916 2785 958 et
2838 922 2934 975 pro
2973 910 3346 965 commendato
3394 928 3554 984 grege

1971 996 2177 1041 amator
2199 988 2401 1042 Christi
2428 994 2690 1047 occubuit.
2721 992 2777 1047 ln
2801 992 2991 1050 Galliis
3020 998 3233 1053 civitate
3272 1001 3548 1070 Arausica,

1971 1078 2140 1133 sancti
2174 1079 2427 1137 Florentii
2459 1084 2715 1153 episc0pi,
2746 1088 2835 1157 qui
2858 1090 3041 1143 multis
3071 1091 3245 1145 clarus
3271 1094 3553 1151 virtutibus

1966 1168 2021 1223 in
2056 1184 2185 1240 pace
2211 1173 2432 1241 quievit.
2467 1175 2520 1228 In
2551 1175 2859 1234 Nicomedia
2888 1180 3196 1236 Alexandri.
3223 1184 3279 1237 ln
3305 1184 3554 1241 Maurita-

1968 1261 2074 1323 nia,
2108 1263 2249 1326 Nini,
2282 1263 2523 1333 Victorii,
2549 1268 2861 1337 Nobilitaui,
2889 1272 3132 1340 Mariani,
3159 1275 3328 1341 Lucii,
3359 1278 3551 1334 Mittini

1964 1363 2018 1409 et
2048 1356 2433 1427 Crescentiani,
2459 1367 2513 1413 ct
2542 1363 2712 1416 sancti
2742 1362 2930 1431 Eliphii
2964 1368 3231 1437 martyris.

2034 1446 2095 1503 C.
2134 1447 2247 1502 XVI
2279 1449 2412 1505 ΚΑι..
2439 1450 2677 1507 Novum.
2702 1484 2773 1494 -—
2798 1455 2852 1509 ln
2878 1456 3051 1511 Africa
3074 1469 3382 1514 sanctorum
3406 1475 3548 1515 mar—

1964 1551 2136 1612 tyrum
2181 1543 2529 1599 ducentorum
2556 1549 2886 1617 septuaginta
2920 1551 3115 1619 pariter
3144 1565 3543 1622 coronatorum,

1956 1644 2010 1689 et
2045 1648 2347 1691 sanctorum
2381 1649 2673 1711 martyrum
2722 1642 2961 1697 Martiaui
3005 1653 3061 1701 et
3096 1644 3379 1717 Satyriani,
3422 1663 3545 1703 cum

1510 1724 1737 1779 EDITIO
1779 1724 2287 1784 BOLLANDIANA.

252 1810 331 1897 pi.
354 1810 644 1897 83,5012?
674 1814 857 1896 Natale
888 1816 945 1870 S.
973 1825 1003 1897 ﬂ.
1025 1816 1348 1897 Fortunatae.
1374 1820 1439 1877 A.
1543 1818 1846 1897 _L.,_R_oma:
1878 1834 1926 1893 Β
1956 1830 2133 1897 tyrutn
2186 1824 2639 1897 septingentorum
2684 1828 2979 1897 sexaginta.
3009 1831 3074 1885 A.
3123 1829 3211 1892 T.,
3262 1832 3322 1887 Et
3366 1837 3543 1893 natale

252 1885 438 1957 passio
466 1884 523 1957 8.
556 1883 756 1939 Silvani
788 1890 1035 1957 martyris
1058 1897 1111 1942 et
1141 1888 1197 1944 8.
1227 1888 1517 1943 Fortunati.
1543 1890 1597 1943 In
1624 1890 1843 1945 Colonia

249 1953 554 2029 Agrippina
584 1953 1101 2029 nataleisauc'torum
1135 1959 1435 2014 Maurorum
1465 1961 1532 2015 ile
1563 1962 1838 2029 militibus,

250 2035 447 2099 geu,_ut
474 2025 633 2099 habet
662 2028 1067 2091 L.,Maurorum
1102 2040 1392 2099 martyrum
1428 2025 1847 2087 innumerorum.

249 2094 341 2169 _B_.,
376 2096 429 2149 In
464 2095 631 2169 Gallia
674 2099 891 2152 Colonia
920 2094 1293 2169 Agrippinensi
1336 2102 1509 2155 natale
1540 2114 1845 2157 sanctorum

246 2162 554 2222 Maurorum
595 2168 661 2223 de
688 2162 1189 2224 militibusfl‘jodem
1229 2172 1313 2225 die
1340 2175 1517 2226 natale
1544 2170 1569 2208 ι)
1605 2172 1842 2229 Savium.

323 2259 413 2315 16.
441 2289 515 2299 —-
539 2260 679 2315 XVII
710 2262 842 2318 ΚΑι..
881 2264 1123 2317 Novsue.
1156 2263 1320 2319 Vacat
1352 2264 1526 2318 Baeda.

321 2349 387 2405 V.
417 2350 505 2415 C.,
532 2352 805 2420 Depositio
832 2354 888 2408 S.
926 2366 947 2392 ο
980 2355 1112 2409 Galli
1142 2356 1492 2413 confessoris.
1522 2357 1586 2410 Et
1609 2357 1835 2413 aliorum

244 2423 454 2499 pariter
483 2425 836 2479 ducentorum
866 2429 1201 2499 septuaginta
1234 2426 1354 2497 [C.,
1382 2426 1708 2499 octoginta].
1744 2428 1833 2489 D.,

244 2493 569 2569 Sanctorum
604 2508 898 2569 martyrum
928 2497 954 2534 ά
989 2493 1250 2553 Marciani
1294 2510 1345 2552 et
1392 2493 1684 2569 Saty'riaui'
1707 2514 1830 2553 cum

245 2564 460 2619 duobus
490 2564 956 2638 fratribus'eorum
988 2578 1042 2621 et
1070 2570 1298 2622 aliorum
1329 2564 1683 2623 ducentorum
1712 2585 1832 2638 sep-

246 2638 512 2705 tuaginta.
540 2640 607 2691 A.
635 2637 699 2693 Τ.
730 2637 817 2704 L.,
851 2638 904 2693 In
934 2639 1114 2694 Africa
1144 2641 1322 2709 passio
1351 2651 1658 2695 sanctorum
1692 2637 1832 2694 mar-

1951 1891 2009 1965 S.
2046 1894 2317 1965 Saturnini
2355 1891 2407 1948 et
2443 1897 2618 1951 Nerei.
2665 1897 2727 1952 Τ.
2756 1891 2912 1965 ριῖιη
2949 1902 3001 1954 In
3032 1902 3290 1956 Noviomo
3331 1891 3542 1963 civitate

1906 1964 1913 1972 '
1952 1963 2299 2040 de|i_ositiu_S.
2324 1969 2350 2040 ξε
2375 1967 2701 2040 Munimoliui
2732 1963 3075 2027 coafeSSoris.
3103 1974 3196 2026 Ast
3223 1976 3393 2040 primo
3421 1976 3541 2032 loco

1953 2032 2006 2087 in
2037 2034 2097 2108 Τ.
2132 2053 2143 2087 :
2176 2036 2371 2108 Natale
2400 2038 2458 2092 S.
2499 2036 2517 2076 τ
2552 2039 2746 2093 Juliani
2778 2042 3121 2096 confessoris.
3157 2032 3239 2108 8.,
3270 2047 3321 2097 ln
3358 2048 3535 2103 Africa

1950 2107 2129 2185 passio
2309 2107 2512 2185 Celerie
2546 2119 2605 2185 et
2644 2111 2879 2185 al_ior_ttm
2917 2113 3130 2167 ducenti
3164 2106 3525 2185 septuaginta.

1948 2174 2014 2249 Et
2043 2177 2167 2230 alibi
2196 2175 2471 2249 Saturnini
2497 2222 2511 2242 ,
2544 2180 2723 2235 Nerei.
2760 2183 2821 2235 Et
2851 2183 3116 2249 depositio
3144 2185 3199 2239 S.
3229 2174 3533 2241 Gallilcon-

1948 2245 2205 2310 fessoris,
2258 2248 2459 2304 Berarii
2508 2252 2852 2305 confessoris.
2905 2245 2958 2306 In
3001 2254 3306 2309 Nicomedia
3356 2262 3531 2314 natale

1945 2315 2041 2370 SS.
2075 2325 2099 2361 Β
2130 2318 2452 2387 Alexandri,
2491 2321 2728 2376 Victorii.
2764 2323 2829 2376 Et
2860 2324 3039 2390 passio
3069 2322 3097 2362 ιι
3126 2326 3351 2381 Silvani.

2022 2410 2107 2463 17.
2138 2442 2211 2451 —
2238 2411 2357 2467 XVI
2388 2412 2524 2467 KAL.
2559 2413 2725 2468 Vacat
2752 2415 2932 2469 Bzeda.

2020 2501 2081 2556 C.
2115 2500 2203 2565 V.,
2241 2504 2293 2556 In
2335 2503 2643 2559 Nicomedia
2686 2505 2993 2561 Alexandri.
3041 2506 3175 2559 Alibi
3221 2508 3482 2563 Mauriant
3508 2553 3523 2575 ,

1939 2570 2327 2650 Cresceﬁntiaui.
2353 2576 2540 2650 Turini
2568 2575 2674 2647 [C.,
2694 2578 3018 2650 Crescendi,
3048 2578 3358 2650 Rufliniani]
3380 2623 3393 2643 ,
3424 2570 3531 2633 ι)οέ

1944 2644 2075 2695 nati.
2122 2643 2222 2704 D.,
2265 2646 2488 2699 Marthae
2538 2643 2737 2702 sororis
2778 2648 2958 2702 Lazari
2988 2643 3042 2704 et
3072 2643 3391 2718 Aristionis,
3433 2650 3527 2720 qui

1652 2730 1861 2786 SMITH
1898 2731 2125 2788 NOTAE.

244 2824 330 2871 est
376 2816 494 2873 dies
535 2819 904 2894 translationis
920 2822 1062 2894 _ejus
1105 2835 1169 2894 ex
1220 2820 1453 2894 {Egypto
1501 2822 1566 2876 ad
1614 2822 1823 2893 Lugdu-

244 2902 375 2941 num
388 2906 425 2963 _;
452 2905 569 2944 eam
602 2906 729 2944 vero
743 2890 860 2963 alia
889 2891 1263 2963 Martyrologia
1295 2890 1463 2961 pridie
1491 2890 1785 2950 celebrant.

319 2969 343 2994 ³
376 2958 711 3033 Fortunatae.
742 2960 842 3016 Via
872 2958 1088 3017 Aurelia
1120 2958 1512 3020 in'cmt‘neterio
1556 2966 1818 3033 ejusdem.

242 3027 466 3102 Hieron.
504 3031 779 3102 Martyrol.

316 3099 863 3177 b_Sqt'iiiu:.'Forsan
916 3103 1101 3177 Sabini
1151 3105 1433 3177 episcupi,
1485 3107 1575 3175 qui
1627 3108 1835 3177 praefuit

243 3168 511 3227 Ecclesiae
538 3171 821 3228 Catanensi
854 3176 954 3229 sub
982 3168 1260 3229 Constant.
1294 3168 1525 3242 Copron.

321 3255 343 3283 ε
380 3244 545 3318 Galli.
579 3244 685 3313 Qui
714 3260 778 3300 ex
818 3244 1070 3318 Hibernia
1095 3249 1166 3318 uin
1210 3246 1441 3318 Galliam
1484 3250 1663 3318 venit,
1697 3262 1751 3305 et
1780 3250 1833 3306 in

241 3314 637 3388 Alemanniamu
657 3327 839 3386 postea
862 3332 983 3371 cum
1011 3315 1343 3371 Columbano
1364 3333 1422 3371 se
1452 3314 1657 3388 recepit
1681 3340 1691 3373 :
1721 3322 1835 3375 Bri-

243 3383 412 3454 gantii
443 3383 728 3452 consedit,
758 3389 1162 3455 oratoriumque
1206 3388 1276 3441 ibi
1326 3383 1689 3445 restauravit:
1734 3391 1833 3445 Co-

242 3456 557 3517 lumbanum
592 3456 834 3512 infirmus
878 3459 928 3511 in
973 3458 1173 3512 Italiam
1216 3459 1459 3512 comitari
1492 3476 1595 3515 non
1631 3462 1827 3527 valuit,

240 3528 539 3581 solitarium
566 3527 738 3583 locum
764 3529 944 3597 petiit,
971 3530 1337 3598 episcopatum
1360 3528 1825 3588 Constantiensem

242 3598 528 3653 humiliter
575 3600 875 3663 recusavit,
923 3600 1241 3654 Columbani
1296 3601 1576 3655 transitum
1629 3606 1825 3658 absens

242 3668 413 3742 vidit,
439 3669 669 3742 _Luxovii
705 3670 883 3742 abbas
924 3686 1045 3725 esse
1085 3671 1329 3742 negavit,
1372 3672 1510 3741 apud
1552 3674 1821 3729 Arbonam

239 3740 381 3810 obiit
402 3740 545 3793 circa
575 3756 663 3794 an.
694 3739 831 3804 646,
879 3739 1240 3809 nonagenario
1286 3739 1474 3810 major.
1519 3744 1818 3801 Notandum

242 3820 331 3886 est
362 3808 434 3886 S_._
457 3810 665 3865 Gallum
696 3811 748 3865 in
780 3808 1262 3886 siucerisUsuartli
1291 3825 1345 3866 et
1370 3808 1577 3886 Adonis
1624 3818 1820 3886 Marty-

240 3881 503 3949 rologiis,
536 3897 642 3936 noo
676 3897 789 3935 xvu
824 3883 941 3941 Kal.
973 3883 1263 3946 Novemli.,
1294 3899 1401 3945 quo
1428 3883 1514 3938 die
1541 3886 1625 3939 hic
1653 3901 1680 3937 a
1714 3881 1813 3939 uo-

238 3961 356 4004 stro
384 3965 600 4007 auctore
626 3954 947 4017 celebratur,
976 3955 1069 4009 sed
1101 3971 1127 4007 ς
1157 3954 1277 4007 Kal.
1306 3954 1478 4007 Martii
1509 3958 1817 4011 memorari.

235 4021 349 4076 Sed
409 4022 628 4078 forsitan
673 4040 704 4078 x
750 4023 869 4078 Kal.
920 4024 1089 4078 Martii
1136 4024 1459 4079 cellebratur
1505 4027 1819 4081 elevationis

235 4096 532 4159 memoria,
565 4095 694 4149 dum
724 4094 782 4150 S.
817 4095 951 4147 Galli
1000 4108 1193 4165 corpus
1220 4112 1248 4147 a
1299 4095 1509 4150 Bosone
1552 4096 1817 4151 Constan-

240 4164 405 4219 tiensi
435 4167 687 4234 episc0po
733 4167 785 4218 iu
829 4167 1189 4219 decentiorem
1236 4166 1408 4219 locum
1456 4166 1655 4220 illatum
1701 4178 1813 4230 est,

237 4236 691 4306 quemadmodum
724 4237 775 4289 in
810 4236 947 4289 libro
974 4238 1041 4291 de
1070 4238 1341 4291 miraculis
1369 4236 1427 4290 8.
1460 4236 1598 4291 Galli
1626 4253 1749 4306 cap.
1780 4238 1815 4291 2

234 4304 499 4403 πλείω-ξιξ..
543 4306 676 4363 Vide
720 4306 894 4361 Vitam
926 4308 982 4362 S.
1028 4307 1164 4363 Galli
1208 4308 1260 4362 in
1292 4308 1585 4362 Mabillonii
1617 4304 1743 4363 saec.
1775 4325 1810 4363 ιι
1841 4341 1894 4403 D

233 4377 358 4430 Act.
394 4378 521 4431 Ben.

307 4444 337 4485 ἀ
371 4446 643 4517 Μαγιὶαηί.
697 4447 760 4502 lli
804 4459 1044 4517 tempore
1082 4447 1384 4503 Vandalicas
1429 4451 1813 4517 persecutionis

234 4518 339 4591 sub
371 4516 646 4591 Geiserico
674 4516 1029 4591 regeAriauo
1050 4560 1065 4583 ,
1107 4535 1227 4573 cum
1256 4516 1811 4589 essent’servi‘cujus-

229 4590 355 4643 dam
410 4587 667 4654 Vanduli,
718 4587 761 4643 av
797 4590 856 4645 S.
909 4591 1135 4645 Maxima
1190 4591 1395 4657 virgine
1444 4606 1630 4644 eorum
1678 4587 1811 4646 con-

231 4673 387 4715 serva
420 4660 485 4714 ad
518 4658 718 4715 Christi
751 4662 907 4715 fidem
934 4662 1213 4725 conversi,
1244 4676 1336 4727 pro
1364 4662 1661 4715 Constantia
1689 4662 1809 4717 fidei

231 4730 517 4785 catholica:
564 4733 794 4799 primum
848 4732 1065 4785 nodosis
1116 4730 1342 4785 fustibus
1391 4732 1511 4785 (ξιιξεί
1552 4743 1712 4794 sunt,
1753 4743 1810 4787 et

232 4817 403 4870 usque
431 4804 497 4855 ad
528 4818 649 4856 ossa
682 4804 861 4856 laniati
897 4820 907 4854 :
942 4803 1034 4856 sed
1067 4820 1186 4856 cum
1220 4804 1386 4856 multo
1418 4814 1656 4870 tempore
1686 4805 1808 4858 talia

234 4884 573 4939 paterentur,
606 4884 659 4926 et
691 4873 935 4941 sequenti
964 4875 1052 4928 die
1084 4874 1429 4927 nihilominus
1467 4889 1679 4940 semper
1720 4874 1801 4929 iii-

231 4944 479 4998 ctilumes
530 4944 918 5009 redderentur,
971 4946 1162 4999 exsilio
1210 4946 1425 4999 tandem
1480 4946 1802 5012 relegantur,

232 5014 323 5068 tibi
357 5030 475 5068 cum
509 5016 709 5070 multos
747 5015 1095 5068 barbarorum
1127 5016 1193 5067 ad
1239 5017 1394 5070 Iidem
1440 5014 1634 5070 Christi
1678 5031 1805 5071 con-

228 5086 555 5151 vertissent,
587 5088 875 5147 novissime
904 5087 1094 5139 vinctis
1122 5087 1341 5154 pedibus
1372 5098 1489 5155 post
1517 5096 1657 5153 terga
1684 5103 1803 5141 cur-

229 5158 467 5209 rentium
500 5158 913 5227 quadrigarum,
950 5158 1085 5211 inter
1131 5160 1347 5225 spinosa
1397 5160 1510 5211 loca
1551 5157 1803 5213 silvarum

226 5227 360 5295 jussi
393 5239 517 5281 sunt
546 5229 745 5297 pariter
778 5229 1015 5281 interire.
1046 5228 1273 5282 Maxima
1300 5243 1427 5282 vero
1463 5238 1583 5296 post
1611 5231 1805 5283 multos

229 5308 512 5365 superatus
564 5314 761 5367 agones
814 5299 1065 5353 divinitus
1113 5299 1334 5351 liberata
1382 5299 1433 5352 in
1480 5301 1804 5354 monasterio

228 5369 521 5421 multarum
554 5372 814 5438 virginum
862 5380 1035 5422 tnater
1080 5380 1263 5423 sancto
1293 5370 1397 5423 line
1420 5370 1640 5438 quievit.
1680 5370 1800 5424 Vtc-

224 5454 357 5503 Ton,
392 5442 483 5493 lih.
516 5455 533 5494 ι
564 5441 628 5493 de
658 5442 869 5495 Perseo.
901 5439 1122 5493 Vaudal.

305 5516 327 5541 θ
362 5509 713 5563 Mummoliui.
749 5511 822 5564 Ex
850 5511 1244 5566 Constantiensi
1292 5512 1509 5580 regione
1553 5511 1796 5580 oriundi,

229 5582 319 5650 qui
353 5598 455 5635 uua
497 5598 616 5636 cum
667 5583 1019 5635 Ebcrtramno
1059 5594 1112 5638 et
1161 5584 1378 5637 Bertino
1423 5582 1489 5637 ad
1538 5583 1802 5638 Audoma-

228 5668 346 5706 rum
377 5653 685 5722 episcopum
718 5656 1145 5709 'farveunensem
1194 5654 1370 5715 venit,
1405 5664 1457 5707 et
1501 5655 1552 5706 in
1604 5656 1797 5723 prwdi-

225 5724 399 5778 cando
458 5726 742 5789 Evangelio
791 5728 837 5779 ei
880 5726 1089 5794 adjutor
1136 5725 1267 5791 ,fuit.
1334 5725 1655 5779 Monasterio
1707 5724 1793 5781 Si-

228 5796 475 5850 thiuense
501 5796 786 5862 adificato,
811 5798 1146 5851 Audomarus
1173 5798 1576 5851 Mummolinum
1604 5812 1796 5851 mona-
1845 5811 1852 5819 '

226 5866 346 5923 chis
368 5868 656 5937 praeposuit
674 5870 902 5937 primum
923 5869 1187 5925 abbatem.
1207 5870 1430 5935 Quidam
1457 5883 1583 5925 vero
1611 5869 1798 5923 volunt

1934 2824 1992 2880 S.
2015 2825 2280 2879 llertinum
2303 2818 2713 2891 primum'l’uisse
2733 2823 2977 2878 abbatem
2996 2823 3315 2878 Sithiuensis
3338 2838 3525 2879 mona-

1934 2898 2105 2951 sterii.
2139 2896 2372 2949 Joannes
2404 2894 2607 2960 lpcrius
2637 2910 2668 2947 e
2698 2894 2939 2962 catalogo
2970 2896 3219 2949 abbatum
3246 2894 3521 2949 Sithiuen-

1934 2969 2077 3021 sium
2108 2967 2321 3035 penitus
2349 2965 2606 3029 expungit
2638 2964 3039 3019 Munitnolinum
3060 3006 3074 3029 ,
3110 2980 3264 3033 quem
3300 2966 3520 3021 Bertino

1861 3036 1909 3102 C
1942 3047 2269 3104 postponunt
2310 3035 2714 3091 San-Marthani
2760 3036 2812 3090 in
2858 3036 3032 3090 Gallia
3077 3035 3414 3097 Christiana,
3464 3047 3522 3093 at

1941 3108 2211 3163 immerito
2258 3116 2442 3167 certe,
2495 3106 2757 3173 siquidem
2809 3107 3183 3161 Mutnmolinus
3234 3109 3293 3161 Β.
3346 3107 3520 3176 Eligio

1941 3180 2199 3235 successit
2230 3180 2281 3231 iu
2310 3176 2489 3247 sedem
2523 3176 2995 3246 Noviomageusem
3029 3194 3167 3231 anno
3197 3176 3322 3240 659,
3359 3179 3516 3247 eique

1944 3252 2153 3318 pra-fuit
2182 3264 2277 3317 per
2304 3246 2373 3299 26
2399 3261 2601 3318 annos,
2636 3258 2861 3303 teSIante
2890 3258 3107 3303 auctore
3138 3248 3273 3302 Vita:
3308 3250 3365 3302 8.
3401 3246 3513 3303 Au—

1941 3317 2147 3374 domari
2174 3361 2190 3381 ,
2225 3317 2549 3387 proindeque
2582 3320 2735 3379 longe
2765 3326 2891 3373 ante
2917 3320 2975 3372 S.
3013 3320 3287 3374 Bertinum
3322 3321 3510 3375 vivere

1940 3392 2117 3444 desiit.
2168 3388 2471 3443 Verisimile
2517 3399 2600 3442 est
2648 3390 3048 3445 Mummolinum
3103 3406 3196 3458 per
3239 3404 3408 3443 annos
3442 3389 3514 3443 M

1940 3470 2065 3515 ante
2096 3461 2277 3515 initam
2308 3459 2488 3513 sedem
2532 3460 2895 3528 episc0palem
2936 3460 3215 3528 praifuissc
3260 3462 3508 3515 abbatem

1934 3536 2100 3585 veteri
2154 3530 2509 3593 monasterio,
2543 3542 2597 3583 et
2624 3544 2805 3583 citram
2840 3530 3088 3585 habuisse
3132 3528 3347 3583 fabrica:
3381 3533 3506 3587 novi

1932 3604 2245 3656 monasterii
2278 3601 2620 3666 Sithiuensis,
2650 3601 2695 3655 si
2725 3615 2827 3655 non
2871 3611 3047 3655 tamen
3080 3616 3144 3655 eo
3171 3600 3268 3653 loci
3302 3603 3507 3656 rexisse

1930 3674 2249 3736 monachos,
2298 3672 2398 3725 nisi
2452 3671 2587 3725 forte
2630 3673 2696 3725 ad
2741 3672 2905 3726 breve
2949 3681 3197 3741 tempus:
3248 3686 3312 3725 eo
3358 3674 3505 3741 quod

1927 3744 2141 3797 vixdum
2191 3743 2424 3810 perlecta
2474 3741 2723 3796 ctenobio
2771 3752 2951 3810 raptus
3002 3743 3069 3795 sit
3118 3743 3181 3794 ad
3224 3743 3508 3810 episcopa-

1925 3820 2034 3865 tum
2066 3830 2080 3877 ;
2127 3829 2247 3868 mox
2278 3828 2401 3865 vero
2430 3812 2700 3866 Bertinutn
2738 3813 2951 3865 fabrica:
2988 3827 3288 3880 supremam
3332 3813 3506 3880 impo-

1924 3886 2099 3938 suisse
2128 3899 2342 3937 maumn
2364 3924 2378 3946 ,
2407 3890 2461 3935 et
2489 3882 2713 3935 colonia:
2741 3882 3124 3935 monachorum
3154 3881 3500 3949 praepositum

1924 3952 2107 4008 fuisse.
2157 3955 2392 4007 Decessit
2420 3952 2793 4005 Mummolinus
2821 3966 2959 4004 anno
2985 3950 3114 4006 68L
3149 3950 3275 4020 Ejus
3302 3966 3499 4018 corpus

1923 4023 1975 4076 in
2025 4024 2211 4091 majori
2263 4024 2488 4075 ecclesia
2537 4022 2983 4089 Noviomageusi.
3036 4037 3155 4085 pars
3201 4021 3392 4091 capitis
3444 4023 3498 4078 iu

1921 4095 2248 4148 monasterio
2276 4093 2565 4148 Sitliiuensi
2595 4104 2915 4147 asservatur.
2952 4093 3079 4146 Vide
3106 4092 3276 4145 Vitam
3301 4094 3357 4146 8.
3389 4096 3499 4148 Au-

1917 4164 2124 4218 domari
2153 4167 2203 4218 in
2231 4164 2516 4219 Mabillonii
2544 4178 2669 4217 smc.
2700 4178 2736 4215 ιι
2764 4166 2879 4216 Act.
2916 4164 3045 4216 Ben.
3332 4225 3341 4230 τ

1997 4234 2013 4272 ί
2046 4234 2269 4289 Juliani.
2302 4234 2516 4289 Ret-tius
2544 4236 2679 4290 forte
2708 4233 2918 4287 Juuiani
2951 4231 3276 4288 confessoris
3294 4234 3357 4289 in
3389 4242 3499 4289 ter-

1920 4304 2108 4359 ritorio
2139 4306 2503 4359 Lemovicensi
2528 4347 2541 4367 ,
2574 4308 2659 4373 qui
2694 4304 2853 4357 hodie
2897 4304 3109 4359 colitur.
3159 4304 3397 4360 Molanus
3441 4307 3497 4360 in

1924 4376 2196 4431 Natalibus
2224 4379 2322 4431 88.
2358 4377 2520 4445 Belgii
2552 4375 2701 4429 illum
2731 4374 3003 4429 Caineraci
3042 4386 3219 4428 natum
3269 4377 3323 4431 in
3365 4376 3497 4432 δοιῇ-

1917 4448 2099 4500 tudine
2144 4449 2282 4513 apud
2328 4446 2638 4499 Leuiovicas
2680 4461 2849 4499 annos
2892 4445 2961 4500 40
3013 4445 3205 4500 vixisse
3247 4457 3493 4503 testatur.

1915 4516 2115 4571 Locum
2146 4518 2261 4587 ejus
2282 4517 2671 4571 anachoreseos
2692 4516 2943 4587 discimus
2970 4532 3033 4572 ex
3052 4518 3320 4572 Chronico
3345 4517 3493 4572 Gau-

1917 4589 2036 4642 fridi
2071 4586 2260 4657 prioris
2295 4588 2564 4642 Vosieusis
2586 4630 2602 4654 ,
2634 4603 2751 4657 cap.
2785 4586 2853 4641 15
2881 4590 2947 4642 de
2982 4590 3190 4644 Sanctis
3219 4590 3355 4658 apud
3392 4591 3493 4643 Le-

1913 4662 2148 4713 moviras
2195 4659 2656 4728 praeclarioribus,
2710 4658 2798 4713 ubi
2853 4658 3053 4714 habet:
3102 4678 3120 4710 ι
3151 4658 3495 4713 Comodolia-

1911 4744 2100 4785 censes
2150 4732 2382 4786 Juuiano
2425 4729 2654 4798 jubilant
2696 4744 2818 4783 cum
2865 4732 3108 4783 Auiando
3156 4739 3488 4797 DI‘JBCCPIOI'O

1910 4816 2008 4854 suo
2036 4820 2049 4854 :
2077 4805 2216 4872 quod
2249 4801 2888 4872 videlicet_monasterium
2912 4816 3033 4854 cum
3056 4801 3280 4855 ecclesia
3302 4801 3357 4855 S.
3384 4800 3488 4855 Pe-

1911 4872 1975 4924 tri
2024 4870 2104 4927 de
2140 4873 2426 4937 Quadrivio
2486 4870 2761 4925 Josfredus
2810 4872 3073 4939 quondam
3124 4872 3489 4927 thesaurarius

1908 4958 1937 4994 a
1979 4944 2099 5010 jure
2145 4946 2200 4997 8.
2237 4941 2488 4996 Martialis
2540 4942 2721 4995 fraude
2767 4943 3001 4994 abstulit.
3038 4960 3054 4990 ι
3092 4942 3382 4995 Ecclesiatn
3434 4946 3487 4997 in

1907 5028 2007 5081 qua
2041 5018 2282 5082 sepultus
2310 5014 2406 5066 fuit
2433 5022 2807 5067 construxerat
2835 5013 3081 5082 Ruricius
3108 5011 3287 5078 junior
3317 5015 3481 5081 episc.

1910 5081 2203 5147 Lemovic.,
2246 5101 2401 5153 quem
2436 5088 2515 5136 vir
2545 5094 2761 5137 sanctus
2801 5096 2827 5132 a
2870 5081 3113 5135 daemone
3144 5082 3483 5137 liberaverat.

1910 5155 2112 5210 Floruit
2153 5152 2273 5211 cum
2321 5156 2377 5209 8.
2411 5155 2654 5209 Amando
2699 5154 2923 5208 eremita
2952 5155 3052 5205 sub
3082 5152 3350 5209 Clodoveo
3383 5154 3400 5208 Ι
3432 5165 3487 5209 ct

1905 5230 2022 5294 ejus
2052 5230 2190 5282 filiis.

1979 5302 2002 5337 ε
2034 5298 2333 5352 Alexandri.
2369 5297 2465 5351 llic
2496 5296 2703 5349 videtur
2735 5293 2876 5348 idem
2907 5309 3027 5349 cum
3060 5309 3126 5349 eo
3156 5297 3243 5365 qui
3291 5297 3487 5365 postri-

1906 5370 1992 5423 die
2034 5369 2350 5423 Nicomediae
2382 5370 2590 5421 colitur.

1978 5439 2007 5476 ιι
2050 5442 2271 5496 Silvani.
2316 5440 2455 5493 Ideni
2500 5440 2635 5491 forte
2675 5452 2795 5491 cum
2834 5452 2898 5492 eo
2938 5438 3026 5506 qui
3070 5437 3208 5504 apud
3254 5436 3486 5491 Fcrrarii

1903 5510 2079 5566 Catal.
2109 5512 2305 5567 Gener.
2335 5512 2610 5580 Sylvarius
2636 5508 2849 5561 dicitur.
2883 5511 3032 5563 Patet
3068 5524 3133 5580 ex
3166 5510 3486 5580 Kalendario

1905 5584 2273 5639 Lemoviceusi
2301 5590 2355 5635 et
2381 5579 2617 5635 Monum.
2650 5580 2889 5648 Ageduni
2910 5621 2923 5643 ,
2952 5579 3090 5647 quod
3117 5593 3199 5635 est
3228 5579 3486 5650 oppidum

1906 5657 2151 5710 ditecesis
2194 5651 2618 5714 Lemoviceusis,
2666 5652 2751 5703 ubi
2804 5655 2846 5704 is
2877 5665 3061 5719 passus
3087 5652 3335 5716 traditur,
3366 5666 3488 5705 eum

1903 5727 2004 5781 sub
2031 5725 2319 5780 Aureliano
2347 5722 2667 5793 imperatore
2697 5732 2750 5777 et
2794 5721 3035 5778 lleraclio
3101 5722 3294 5778 rmside
3340 5737 3488 5778 mar~

1906 5796 2099 5869 tyrium
2126 5795 2370 5851 subiisse.
