4064 6346
494 314 638 382 1075

1242 316 1443 372 BENE
1488 313 1929 371 VENERABILIS
1966 311 2113 368 Oi‘P.
2157 312 2331 369 PARS
2370 312 2437 369 IV
2493 340 2568 355 --
2608 311 2989 369 lllSTORlCA.

3610 312 3762 385 ωτο

1698 429 1922 483 ΕΒΙἩΟ
1960 426 2420 483 COLONIENSIS.

493 534 699 589 duobus
725 529 974 586 fratribus
998 542 1205 593 eorum,
1254 536 1305 580 et
1349 527 1574 595 egre'iae
1618 525 1809 578 Christi
1858 523 2064 577 ancillae
2091 534 2142 599 Α
2172 537 2309 591 quae,
2346 523 2460 575 viro
2500 536 2596 574 suo
2631 529 2748 590 post
2795 519 3220 574 interfectionem
3267 522 3550 576 beatorum
3602 521 3769 595 Sixti,

494 625 743 681 Maxima:
765 621 1005 691 virginis,
1031 619 1120 688 qui
1147 628 1385 686 tempore
1409 617 1707 670 Vandalicrc
1740 617 2071 684 persccntio-
2116 608 2119 609 ⁷

494 718 582 773 nis
610 715 713 771 sub
737 714 1027 770 Genserico
1056 728 1179 781 rege
1226 714 1437 776 Ariauo,
1484 726 1579 780 pro
1621 711 1915 765 constantia
1949 710 2074 764 ﬁdei

493 809 773 865 catholicae
805 808 1033 878 primum
1066 807 1281 862 nodosis
1313 807 1534 861 fustibus
1565 807 1709 870 caesi,
1738 816 1790 860 et
1821 822 1987 875 usque
2009 806 2074 861 ad

408 945 415 965 .
494 915 617 957 ossa
648 900 854 956 laniati.
876 900 1113 969 Cumque
1143 900 1307 954 multo
1330 908 1568 967 tempore
1599 898 1717 952 talia
1746 908 2074 966 paterentur,

494 992 738 1062 sequenti
786 1004 998 1059 semper
1036 989 1125 1045 die.
1172 991 1463 1045 incolumes
1508 992 1927 1046 inveniebantur.
1968 992 2076 1047 No-

404 1078 411 1120 ἱ
494 1084 714 1138 vissime
762 1084 935 1153 ligatis
984 1083 1206 1151 pedibus
1251 1095 1369 1153 post
1408 1094 1549 1153 terga
1583 1086 1911 1140 currentium
1945 1102 2077 1155 qui-

428 1172 440 1188 '
496 1172 809 1241 drigarum,
852 1175 994 1228 inter
1022 1174 1236 1243 spinosa
1270 1174 1383 1229 loca
1428 1176 1678 1230 silvarum
1725 1179 1923 1246 pariter
1946 1178 2081 1248 jussi

498 1273 626 1318 sunt
657 1262 896 1320 interire.
921 1266 1162 1334 Cumque
1186 1267 1343 1320 ducta
1365 1276 1523 1335 atque
1546 1268 1763 1323 reducta
1789 1284 1816 1322 a
1843 1270 2084 1327 dumosis

498 1352 766 1424 lignorum
800 1356 998 1411 aculeis
1028 1358 1391 1412 innocentium
1442 1373 1665 1428 corpora
1712 1374 2082 1431 carperentur,

503 1458 538 1499 e
564 1445 740 1500 vicino
770 1447 1108 1501 currentibus
1141 1447 1437 1516 indomitis,
1470 1451 1585 1505 vale
1611 1452 1711 1505 sibi
1746 1452 1970 1508 invicem
2004 1454 2085 1508 his

498 1536 679 1593 verbis
708 1537 997 1594 dicebant:
1033 1540 1237 1607 Frater,
1268 1556 1359 1595 ora
1402 1557 1497 1611 pro
1541 1559 1645 1609 me,
1681 1545 1917 1614 implevit
1948 1548 2087 1601 Deus

500 1628 827 1686 desiderium
886 1640 1161 1693 nostrum,
1209 1634 1383 1689 taliter
1426 1636 1731 1705 pervenitur
1769 1638 1832 1689 ad
1867 1654 2086 1709 regnum

412 1798 415 1801 γ
499 1721 784 1777 cmlorum.
833 1722 1025 1793 Sicque
1070 1726 1273 1779 orando
1320 1735 1374 1780 et
1424 1729 1697 1795 psallendo
1740 1730 2092 1795 gaudentibus

2182 611 2455 665 Laurentii
2500 622 2549 664 et
2583 600 2845 679 Hippolyti
2878 610 3127 663 divinitus
3156 611 3359 678 punito,
3392 626 3450 666 se
3491 614 3645 681 petiit
3678 616 3773 667 bac

2177 701 2366 771 ptizari
2389 715 2508 755 cum
2534 701 2635 753 lilia
2662 700 2801 754 Decii
2824 698 3043 769 Cyrilla,
3070 716 3097 753 a
3121 700 3331 757 Justino
3356 706 3697 775 presbytero,
3719 716 3775 760 et

2177 794 2280 847 alia
2311 793 2397 848 die
2421 793 2665 847 defuncta
2697 801 2798 853 est,
2825 802 2873 845 et
2896 791 3044 861 juxta
3070 803 3313 848 sanctum
3348 795 3693 867 Hippolytum
3722 798 3772 851 in

2178 893 2362 956 crypta
2409 885 2638 953 sepulta.
2691 884 2817 939 Item
2864 887 3031 937 sancti
3082 884 3409 953 Asclepiadis
3451 887 3777 943 Antiocbeni

2182 994 2439 1049 episcOpt.

2257 1070 2317 1124 Ε.
2372 1068 2488 1141 XIV
2546 1068 2783 1123 KALEND.
2832 1069 3349 1138 Novum—Apud
3380 1070 3780 1127 Antiochenam

2183 1161 2370 1233 Syriae,
2421 1160 2596 1215 natale
2646 1170 2949 1213 sanctorum
2993 1159 3232 1229 Beronici
3280 1169 3332 1216 et
3375 1160 3630 1233 Pelagitr,
3662 1179 3783 1234 qua:

2187 1256 2417 1325 primum
2472 1256 2563 1308 fuit
2612 1254 2709 1307 sub
2756 1253 3066 1323 gentilitatis
3114 1255 3215 1308 ritu
3268 1257 3571 1311 meretricis
3602 1258 3785 1314 ofﬁcio

2187 1345 2394 1410 functa,
2444 1356 2495 1399 et
2540 1346 2820 1399 mundanis
2864 1345 3129 1399 illecebris
3173 1334 3375 1414 dedita,
3426 1358 3616 1417 postea
3660 1365 3787 1407 vero

2189 1451 2283 1507 per
2314 1437 2532 1507 gratiam
2580 1436 2690 1501 Dei,
2737 1445 2789 1491 et
2837 1438 3005 1491 sancti
3042 1436 3217 1491 Nonni
3262 1436 3499 1507 episc0pi
3529 1439 3788 1508 dogmata

2190 1516 2254 1581 ad
2290 1528 2445 1581 fidem
2474 1526 2673 1581 Christi
2702 1542 2981 1595 conversa,
3009 1536 3062 1582 et
3090 1528 3156 1581 ab
3184 1528 3372 1583 eodem
3406 1529 3665 1597 episcopo
3691 1530 3787 1583 ba-

2193 1621 2412 1690 ptizata,
2472 1627 2633 1673 totam
2695 1620 3047 1675 substantiam
3095 1634 3247 1674 suam
3298 1630 3352 1675 et
3396 1621 3786 1689 supellectilem

2195 1711 2513 1781 pauperibus
2545 1714 2821 1781 erogavit;
2872 1715 3091 1783 ipsaque
3139 1714 3315 1768 cilicio
3362 1714 3572 1781 induta,
3610 1726 3665 1770 et
3701 1718 3789 1770 vili

500 1815 706 1883 .ugetis
746 1816 859 1886 pias
888 1817 1091 1873 animas
1120 1820 1428 1877 emiserunt.
1478 1823 1604 1877 “em
1638 1823 1777 1878 beat;
1806 1826 2088 1892 “monis,
2159 1803 2508 1876 ,lndutuento
2537 1804 2753 1870 ve5tita,
2786 1804 2837 1857 in
2862 1804 3345 1873 peregrinationem
3374 1807 3638 1872 perrexit,
3665 1808 3793 1863 etin

513 1907 603 1972 qui
637 1910 769 1963 unus
804 1909 899 1965 fuit
930 1912 997 1965 de
1028 1914 1359 1983 septuaginta
1393 1912 1588 1970 Christi
1619 1914 1915 1984 discipulis.

578 1997 641 2053 D.
677 1999 764 2055 XV
798 2000 933 2056 KAL.
961 2003 1205 2059 Nomas.
1238 2034 1309 2045 ——
1334 2005 1518 2060 Natale
1540 2007 1708 2060 sancti
1733 2007 1886 2060 Luca)
1918 2007 2090 2061 Evan-

503 2091 733 2161 gelista,
765 2094 853 2165 qui
904 2092 1001 2148 fuit
1045 2096 1257 2151 natione
1298 2096 1485 2169 Syrus,
1531 2097 1927 2164 Antiochensis,
1977 2109 2092 2155 arte

506 2181 772 2249 medicus,
823 2187 1186 2253 apostolorum
1237 2188 1547 2257 discipulus,
1608 2189 1828 2244 Paulum
1879 2200 2093 2247 secutus

504 2286 679 2342 usque
719 2275 786 2331 ad
833 2274 1228 2336 confessionem
1270 2280 1405 2349 ejus,
1455 2281 1696 2336 serviens
1729 2282 1949 2336 Domino
1979 2284 2093 2336 sine

435 2371 445 2380 '
505 2366 757 2433 crimine,
790 2383 959 2435 neque
988 2385 1220 2439 unquam
1251 2387 1467 2435 uxorem
1502 2374 1703 2433 habens
1729 2390 1897 2443 neque
1930 2375 2085 2442 ﬁlios,

506 2459 849 2531 septuaginta
882 2471 935 2517 et
963 2463 1118 2518 trium
1149 2478 1410 2519 annorum
1439 2465 1570 2520 obiit
1598 2466 1649 2521 in
1692 2466 1935 2536 Bithynia
1982 2468 2091 2536 ple-

506 2561 613 2603 nus
640 2551 837 2620 Spiritu
864 2563 1069 2608 sancto.
1100 2554 1348 2623 Sepultus
1372 2563 1454 2609 est
1473 2565 1646 2611 autem
1672 2572 1808 2611 nunc
1828 2551 2091 2612 Constan-

508 2643 810 2713 tinopolim,
844 2647 907 2699 ad
932 2661 1088 2714 quam
1116 2648 1298 2703 urbem
1345 2648 1599 2703 vicesimo
1629 2649 1923 2703 Constantii
1954 2664 2093 2704 anno

510 2749 633 2788 ossa
676 2735 790 2803 ejus
834 2752 953 2791 cum
1006 2739 1243 2809 reliquiis
1294 2740 1521 2796 Andreae
1570 2741 1794 2810 apostoli
1844 2742 2095 2797 translata

509 2837 658 2884 sunt.
693 2829 872 2887 ltoma:
904 2842 1101 2889 sancta:
1131 2834 1429 2905 Triponite,
1463 2836 1642 2893 uxoris
1682 2837 1822 2893 Decii
1849 2835 2099 2902 Caesaris,

2120 1898 2542 1969 Blerosolymis
2603 1899 2700 1955 sub
2760 1900 2902 1954 virili
2958 1898 3143 1953 habitu
3211 1899 3563 1955 monasticam
3628 1901 3792 1956 vitatu

2197 1992 2373 2048 duxit.
2423 1992 2814 2045 Coustruxerat
2862 1992 3007 2045 enim
3046 1990 3147 2045 sibi
3194 2003 3409 2059 parvam
3448 1991 3705 2044 cellulam
3744 1992 3793 2045 in

2199 2093 2382 2139 monte
2407 2083 2620 2148 Oliveti,
2652 2082 2739 2135 ubi
2774 2082 3031 2137 Dominus
3067 2082 3259 2136 coelum
3307 2082 3573 2147 ascendit,
3629 2094 3683 2137 et
3728 2084 3795 2139 ibi

2200 2176 2361 2230 vitam
2410 2184 2724 2244 praesentem
2772 2173 2963 2237 finivit,
3002 2183 3159 2245 atque
3208 2173 3272 2228 ad
3322 2174 3487 2229 vitam
3531 2185 3794 2228 maternam

2202 2267 2428 2322 feliciter
2460 2267 2724 2335 migravit.
2774 2265 2905 2319 ltem
2961 2266 3237 2320 beatorum
3280 2276 3579 2336 martyrum
3616 2266 3796 2323 Ptole-

2204 2361 2325 2416 maei
2357 2372 2409 2416 et
2442 2358 2610 2425 Lucii,
2644 2360 2741 2413 sub
2776 2359 3042 2413 Antonino
3072 2358 3200 2420 Pio,
3242 2368 3295 2414 et
3326 2360 3432 2414 lilio
3459 2360 3581 2425 ejus
3616 2373 3798 2429 passo-

2206 2472 2343 2523 rum,
2377 2466 2425 2509 et
2457 2454 2625 2509 sancti
2657 2452 2891 2521 Aquilini
2930 2453 3165 2521 episcopi
3195 2460 3249 2505 et
3275 2452 3626 2507 confessoris.

2276 2546 2336 2599 F.
2392 2532 2796 2599 Xlll'Kauzan.
2848 2543 3087 2597 Novsun.
3121 2572 3185 2589 σ-
3238 2543 3291 2596 ln
3348 2542 3535 2597 Galliis
3581 2542 3796 2596 civitate

2207 2640 2428 2708 Agauno
2460 2636 2628 2691 sancti
2673 2634 2915 2704 Caprasii
2967 2636 3237 2704 martyris,
3282 2636 3372 2704 qui
3420 2650 3544 2688 cum
3596 2635 3796 2689 rabiem

2208 2735 2595 2805 persecutionis
2623 2733 2900 2788 declinans
2929 2734 3116 2786 lateret
3158 2733 3208 2787 in
3264 2730 3543 2805 spelunca,
3574 2729 3795 2783 audiens

2210 2830 2418 2887 beatam
2466 2826 2727 2897 virginem
2772 2823 2955 2881 Fidem
2990 2839 3084 2897 pro
3114 2822 3329 2881 Christo
3377 2822 3587 2879 fortiter
3616 2820 3797 2890 agoni~

1753 2948 1978 3005 EDITIO
2016 2941 2521 3003 BOLLANDIANA.

522 3030 785 3114 fuitnunus
813 3034 892 3114 de.
906 3038 1242 3114 septuaginta
1270 3039 1463 3094 Christi
1492 3040 1804 3114 (liscipttlis_._
1824 3046 1893 3114 Αἶ
1918 3041 1981 3096 Τ.
2012 3041 2098 3114 l._.,

517 3102 580 3179 lit
617 3101 927 3179 Mauritania
963 3101 1139 3179 natale
1170 3120 1474 3165 sanctorum
1509 3101 1729 3179 Donati,
1764 3112 2053 3167 Nobilitani

524 3173 926 3253 Crescentiaui‘,
975 3178 1283 3253 Defensoris
1331 3190 1385 3236 et
1431 3173 1750 3238 llusticiani.
1798 3184 1901 3239 Sed
1954 3173 2105 3241 deest

522 3243 855 3315 l‘ioliilitanus
889 3248 937 3300 in
972 3247 1030 3302 L.
1066 3260 1118 3304 et
1148 3255 1248 3315 A.;
1281 3253 1408 3306 item
1443 3254 1494 3305 iu
1530 3252 1632 3307 hoc
1664 3253 2100 3309 Crescentianus.

519 3313 684 3395 §._ln
727 3318 1038 3395 Mauritania
1222 3313 1519 3389 Nenilucii,
1559 3324 1805 3391 Socrati,
1848 3324 2102 3391 Venerii,

522 3384 719 3442 Prima:
740 3427 753 3450 ,
786 3388 1003 3443 Donatze
1026 3432 1040 3456 ,
1074 3390 1319 3446 Victoriae
1344 3435 1358 3460 ,
1389 3384 1622 3449 Basi'llce.

602 3480 688 3534 18.
720 3509 791 3521 -—-
823 3480 912 3537 XV
944 3481 1081 3536 KAL.
1116 3483 1303 3539 Natale
1335 3485 1393 3542 S.
1426 3487 1580 3541 Lucae
1611 3488 1972 3557 evangelistae.
2007 3487 2105 3543 llic

523 3567 696 3641 Syrus
727 3572 1109 3627 Antiochensis
1133 3615 1146 3638 ,
1179 3587 1295 3630 arte
1336 3578 1606 3644 medicus,
1642 3579 1940 3649 discipulus
1979 3594 2107 3647 apo-

524 3662 789 3716 stolorum
811 3702 826 3728 ,
855 3673 1040 3732 postea
1070 3664 1289 3720 Paulum
1314 3676 1530 3723 secutus
1558 3678 1671 3734 est,
1701 3684 1866 3740 ustjue
1893 3670 1955 3724 ad
1980 3685 2107 3724 cou-

524 3752 817 3808 fessionem
850 3756 967 3824 ejus
1013 3757 1254 3815 serviens
1286 3758 1515 3816 Domino
1546 3761 1663 3816 sine
1692 3762 1939 3817 crimine.
1974 3759 2107 3815 Nam

526 3861 702 3916 neque
730 3863 953 3903 uxorem
987 3866 1218 3920 unquam
1250 3852 1453 3908 habens
1483 3870 1653 3923 neque
1683 3856 1818 3910 tilios
1838 3896 1851 3920 ,
1881 3865 2104 3923 septuao

526 3945 673 4011 ginta
723 3952 948 4012 quatuor
994 3960 1253 4001 annorum
1300 3947 1433 4002 obiit
1478 3948 1530 4004 in
1587 3948 1863 4019 Bithynia,
1916 3949 2102 4017 plenus

527 4034 733 4107 Spiritu
773 4045 985 4102 sancto.
1044 4038 1227 4093 Romae
1259 4042 1319 4095 S.
1353 4048 1379 4076 α
1410 4037 1714 4110 Triphonia:
1747 4040 1927 4101 uxoris
1959 4037 2109 4096 Decii

527 4132 782 4199 Caesaris,
807 4148 945 4201 quae,
972 4136 1086 4189 viro
1107 4149 1205 4189 suo
1235 4144 1353 4204 post
1381 4135 1807 4190 interfectionem
1830 4134 2106 4189 beatorum

531 4226 668 4283 Sixti
701 4216 1052 4283 etLaureutii
1082 4229 1338 4283 divinitus
1372 4230 1590 4297 punito,
1641 4229 1794 4299 petiit
1842 4228 2109 4296 baptizari

533 4333 657 4373 cum
686 4317 882 4390 Cyrilla
912 4336 940 4375 a
967 4320 1177 4376 Justino
1204 4323 1516 4392 presbytero
1539 4364 1553 4387 ,
1585 4330 1639 4375 et
1664 4320 1762 4393 alia
1793 4319 1879 4375 die
1907 4329 1989 4375 est
2015 4320 2107 4375 de-

524 4409 748 4476 functa,
780 4427 840 4467 ac
880 4411 1026 4482 juxta
1060 4414 1117 4470 S.
1155 4414 1499 4483 Hippolytum
1533 4414 1584 4467 iu
1617 4421 1805 4483 crypta
1837 4412 2066 4481 sepulta.

2281 3036 2367 3099 13.,
2401 3036 2453 3087 In
2486 3032 2772 3102 Auxiopoli
2802 3034 2981 3089 natale
3009 3033 3106 3090 SS.
3140 3030 3407 3089 llermetis
3437 3042 3491 3087 et
3520 3032 3707 3089 Taxii.
3741 3034 3796 3092 In

2212 3105 2502 3169 Campania
2557 3106 2771 3158 civitate
2822 3103 3068 3171 Puteoli,
3097 3105 3374 3169 Januarii,
3403 3103 3637 3163 Euticis.
3671 3106 3737 3161 Et
3768 3110 3795 3148 δ

2208 3177 2331 3231 alibi
2366 3176 2613 3229 Victricis
2639 3217 2653 3243 ,
2688 3175 2970 3231 Marcialis.

2284 3265 2371 3324 l9.
2404 3295 2474 3309 --
2504 3266 2615 3321 XIV
2650 3266 2784 3325 ΚΑΙ..
2820 3266 2980 3325 Vacat
3013 3266 3186 3320 Βιιιάιι.

2282 3361 2339 3414 Β.
2370 3360 2431 3413 V.
2457 3360 2544 3427 C.,
2574 3360 2626 3413 In
2650 3362 2793 3414 Ostia
2824 3359 3018 3413 Asterii
3045 3359 3129 3429 18.
3161 3358 3243 3421 C.,
3276 3359 3534 3429 Austeri].
3574 3360 3800 3427 Neapoli

2132 3456 2178 3520 ρ
2212 3420 2780 3520 εξιιιριᾳιιιχηίιιιιψιιηίἰ
2810 3430 2894 3509 [Β.
2926 3420 3318 3520 omL'Januar‘ii]
3340 3471 3367 3520 ,Ι
3388 3420 3572 3520 Fesii_,
3606 3446 3673 3520 ac
3697 3420 3802 3512 lle-

2207 3502 2412 3557 siderti.
2443 3503 2530 3566 D.,
2563 3513 2585 3539 ο
2614 3502 2773 3556 Lucae
2806 3502 3146 3567 evangelista:
3169 3510 3221 3554 et
3247 3502 3586 3561 Asclepiadis
3613 3503 3802 3555 Antio-

2209 3573 2365 3629 cheni
2422 3573 2679 3640 episc0pi.
2714 3572 2779 3625 A.
2825 3572 2913 3638 T.,
2947 3573 3000 3624 In
3057 3573 3237 3624 llostia
3281 3574 3457 3624 natale
3488 3581 3803 3626 sanctorum

2212 3646 2239 3685 ιι
2270 3642 2539 3710 Januarii,
2574 3644 2713 3697 Festi
2745 3654 2799 3697 et
2832 3642 3111 3697 Desiderii.
3143 3643 3237 3708 'l‘.,
3273 3643 3469 3695 Eodem
3499 3644 3593 3695 die
3625 3645 3805 3696 natale

2211 3725 2518 3768 sauctorum
2566 3727 2864 3783 martyrum
2900 3722 2925 3750 ⁸
2959 3713 3232 3767 Saviniaui
3272 3721 3322 3783 et
3367 3714 3675 3765 ['Oletlltatti
3720 3729 3806 3767 so-

2212 3786 2522 3851 ciorumque
2550 3800 2757 3839 eorum.
2788 3786 2852 3838 A.
2873 3825 2887 3849 ,
2920 3783 3118 3837 Eodem
3152 3783 3239 3837 die
3273 3782 3291 3821 ί
3327 3784 3506 3836 Duaco
3533 3783 3592 3836 S.
3627 3785 3807 3837 Amati

2216 3858 2492 3933 Senonum
2518 3855 3012 3933 archiepiscopi.
3040 3855 3097 3907 L.
3112 3895 3136 3933 ,_
3154 3855 3227 3933 Et
3242 3855 3804 3933 tiﬂpDSlliOAS.nA_tllall

2220 3926 2455 3995 episcopi
2486 3934 2543 3979 et
2569 3924 2915 3980 confessoris.
2943 3926 3171 3979 Turonis
3198 3925 3460 3993 depositio
3493 3926 3548 3979 S.
3582 3924 3809 3978 Colum-

2220 3997 2340 4051 bani
2374 3996 2604 4050 abbatis.
2639 3998 2701 4051 Τ.
2731 3995 2793 4050 B.
2818 4036 2833 4061 ,
2870 3997 2933 4049 Et
2966 3996 3017 4049 in
3048 3996 3331 4067 Antiochia
3362 3996 3531 4067 Syrite
3565 3995 3679 4067 [Τί
3702 4012 3806 4067 om.

2218 4067 2411 4149 Syriae]
2446 4068 2621 4149 passio
2649 4077 2953 4149 sanctorum
2986 4066 3241 4149 SnPelagii
3272 4076 3327 4149 et
3354 4065 3687 4149 Beronicte
3713 4066 3802 4133 B.,

2220 4135 2524 4211 Beronici].
2562 4138 2653 4202 8.,
2687 4140 2741 4191 ln
2773 4138 2987 4192 civitate
3017 4137 3252 4203 Puteoli,
3288 4135 3500 4191 Proculi
3532 4149 3589 4191 et
3621 4135 3803 4192 Nicen

2218 4209 2408 4262 matris
2438 4209 2574 4276 ejus.

2287 4322 2375 4376 ‘20.
2411 4352 2480 4363 —
2507 4321 2626 4377 Xlll
2655 4321 2792 4378 ΚΑι..
2824 4321 2985 4377 Vacat
3013 4322 3190 4377 Baeda.

2288 4412 2348 4468 B.
2384 4413 2450 4470 ν.
2480 4413 2567 4479 C.,
2599 4414 2655 4468 ln
2684 4414 2917 4469 Puteolis
2942 4413 3140 4470 Sozimi
3160 4454 3175 4480 ,
3214 4413 3488 4482 Januarii,
3520 4415 3806 4470 Dor0thea

1924 4504 2130 4560 SMITH
2169 4505 2396 4560 ΝΟΤᾹΒ.

1924 4542 1934 4556 .
2018 4505 2031 4555 l
2382 4546 2396 4560 .

603 4602 630 4630 ι
672 4592 984 4666 ΤνῑρΙιοηὶιΡ.
1045 4593 1211 4668 llodie
1267 4593 1486 4668 sepulta
1525 4604 1605 4651 est
1640 4594 1711 4668 _S.
1772 4505 2752 4668 Triplitbtiial‘fioNiinTjﬁatore.lbid.,
2798 4609 2915 4664 cap.
2959 4595 3052 4668 2|.
3099 4592 3558 4668 Undeumanifesti
3603 4594 3801 4668 erroris

530 4680 715 4735 quaere
759 4658 824 4719 an
870 4669 1028 4735 etiam
1074 4658 1232 4719 hodie
1274 4658 1423 4719 obiit.
1460 4664 1534 4719 De
1565 4666 1720 4734 hujus
1750 4658 2105 4735 Conversione

532 4732 658 4791 vide
702 4736 829 4790 Acta
863 4736 919 4791 S.
951 4734 1221 4803 Laurentii
1248 4736 1386 4804 apud
1416 4732 1793 4795 Surium'tom.
1827 4732 1917 4801 IV,
1944 4737 2027 4793 die
2071 4754 2106 4792 ιι

533 4810 756 4862 Augusti
768 4848 780 4860 .
1180 4810 1181 4813 ‘
1198 4814 1199 4817 ‘

604 4822 819 4933 itg‘ilsltillii.
852 4876 996 4936 Passi
1028 4878 1170 4933 enim
1204 4878 1253 4933 hi
1286 4889 1409 4933 sunt
1440 4879 1490 4932 in
1523 4877 1724 4931 Africa.

610 4954 632 5021 γε
666 4948 878 5021 Lucw_..
916 4988 929 5001 .
964 4988 981 5003 .
1012 4951 1348 5021 Asclepiadis.
1386 4949 1438 5002 lu
1469 4948 1714 5021 omnibus
1758 4949 1869 5021 fere
1903 4950 2107 5021 Marty-

540 5018 763 5089 rologiis
808 5019 860 5074 hi
912 5020 1079 5089 pridie
1120 5022 1478 5076 celebrantur.
1515 5020 1860 5083 Asclepiades
1893 5018 2103 5088 autem,

534 5090 837 5148 Antiochia:
864 5090 1155 5158 Serapione
1184 5103 1415 5153 monuo,
1439 5089 1802 5158 episcopatum
1836 5092 1977 5146 illius
2009 5094 2107 5147 Ec-

534 5162 717 5218 clesim
758 5176 930 5215 nonus
970 5165 1238 5230 suscepit:
1292 5163 1447 5227 hujus
1491 5159 1839 5214 Ordinationis
1880 5166 2108 5217 mentio.

535 5248 662 5291 nem
695 5234 817 5287 facit
843 5234 1145 5287 Alexander
1176 5232 1682 5302 llierosolymitauus
1710 5230 1761 5283 in
1789 5234 2013 5302 epistola
2042 5234 2105 5288 ad

537 5303 958 5367 Antiochenses,
1010 5318 1074 5356 ex
1115 5318 1217 5372 qua
1259 5301 1541 5356 coniicitur
1587 5301 1722 5372 male
1765 5301 2111 5359 intlhronico

539 5375 757 5431 Eusebii
780 5374 1110 5442 Asclepiadis
1135 5369 1529 5428 ordinationem
1563 5369 1793 5424 conferri
1830 5375 1880 5424 in
1910 5388 2107 5428 anumn

536 5448 771 5516 pritnum
820 5442 1071 5516 Antonini
1121 5444 1427 5498 Caracallas.
1476 5444 1605 5496 Nam
1648 5443 1980 5509 Asclepiadis
2024 5463 2111 5500 or-

539 5516 746 5570 dinatio
792 5515 1012 5584 contigit
1056 5517 1243 5568 eodem
1294 5524 1531 5583 tempore
1578 5529 1683 5581 quo
1712 5516 2011 5567 Alexander
2039 5517 2110 5577 ob

542 5584 838 5643 Christiani
870 5587 1099 5642 nominis
1128 5586 1517 5639 confessionem
1550 5586 1598 5637 iu
1630 5599 1898 5639 carcerem
1933 5587 2109 5653 conje-

540 5666 662 5715 ctus
692 5669 790 5711 est.
827 5658 879 5712 Id
910 5668 1082 5712 autem
1126 5656 1383 5710 accidisse
1426 5656 1718 5725 principatu
1768 5657 1949 5709 Severi
2001 5661 2110 5726 ipse

542 5730 811 5788 Eusebius
843 5737 1065 5785 testatur
1109 5728 1157 5781 in
1206 5728 1492 5782 Chronico.
1530 5726 1659 5780 Vide
1713 5727 1922 5780 Eusebii
1972 5728 2105 5783 llist.

540 5799 695 5859 Eccl.
725 5816 798 5868 ιι,
832 5801 919 5855 ll.
968 5800 1109 5855 Obiit
1155 5799 1211 5855 S.
1267 5797 1612 5865 Asclepiades
1660 5798 1759 5852 sub
1806 5798 2110 5854 Alexandro

2216 4664 2511 4736 arguuntur
2560 4666 2859 4727 Usuardus,
2908 4667 3054 4731 Ado,
3104 4676 3157 4720 et
3199 4664 3287 4721 alii
3332 4680 3424 4719 eos
3470 4666 3679 4729 secuti,
3714 4664 3799 4733 qui

2215 4754 2336 4793 eum
2369 4741 2419 4795 in
2457 4738 2827 4805 persecutione
2860 4736 3000 4790 Decii
3036 4752 3248 4807 passum
3274 4736 3481 4807 dicunt.

2288 4808 2311 4846 ἀ
2340 4808 2601 4864 Januarii.
2638 4809 2749 4862 Non
2784 4808 2835 4862 in
2872 4806 3048 4861 liostia
3072 4848 3088 4875 ,
3123 4807 3217 4863 sed
3267 4806 3482 4875 Neapoli
3530 4807 3674 4877 passi
3697 4846 3712 4867 ,
3746 4814 3799 4859 ut

2216 4882 2377 4949 paulo
2407 4882 2648 4945 superius
2683 4887 2846 4943 patet.

2289 4960 2312 4987 °
2346 4952 2635 5007 Saviniuni.
2690 4949 2889 5003 llorum
2942 4947 3232 5013 festivitas,
3279 4945 3404 5001 dum
3454 4946 3522 5001 ab
3567 4946 3798 5016 antiquis

2218 5022 2547 5090 temporibus
2578 5021 2745 5090 pridie
2786 5019 3010 5074 Kalend.
3042 5019 3593 5090 Januariinageretur,
3626 5029 3795 5090 transf

2214 5087 2414 5147 mutata
2467 5104 2546 5145 est
2581 5087 2643 5147 in
2688 5101 2934 5157 quartum
2977 5091 3243 5145 decimum
3284 5088 3402 5142 Kal.
3443 5087 3579 5142 Nov.
3610 5130 3625 5153 ,
3662 5088 3798 5156 quod

2218 5178 2285 5216 co
2316 5165 2432 5230 ipso
2463 5164 2557 5217 die
2579 5163 2834 5217 translata
2876 5172 2999 5214 sunt
3042 5176 3266 5230 corpora
3307 5174 3488 5213 eorum
3509 5202 3523 5225 ,
3556 5171 3611 5213 et
3641 5175 3797 5227 ange-

2217 5234 2330 5288 licie.
2360 5249 2517 5289 voces
2547 5244 2670 5288 sunt
2696 5233 2908 5286 auditae.
2947 5232 3007 5284 lli
3056 5232 3210 5298 primi
3255 5230 3405 5286 fuere
3456 5232 3799 5284 Senoneuses

2214 5305 2484 5373 episcopi,
2519 5315 2572 5357 et
2604 5321 2696 5372 pro
2746 5302 3090 5373 lidenChriSli
3140 5309 3364 5356 inertem
3411 5302 3797 5355 occubuerunt.

2215 5371 2291 5429 De
2325 5371 2551 5428 his—vide
2586 5371 2723 5428 Petr.
2758 5373 2823 5427 de
2856 5371 3029 5426 Natal.

2293 5448 2310 5485 ί
2349 5446 2546 5500 Duaco.
2601 5446 2672 5499 De
2723 5446 2778 5500 S.
2835 5449 3059 5511 Amato,
3110 5444 3195 5510 qui
3242 5456 3270 5496 a
3315 5442 3574 5497 Broileusi
3618 5455 3798 5495 mona-

2215 5518 2380 5572 sterio
2411 5520 2474 5570 ad
2512 5517 2745 5571 Duacum
2787 5515 3077 5570 translatus
3109 5524 3228 5581 est,
3263 5514 3382 5568 vide
3421 5511 3669 5583 superius
3709 5511 3795 5566 die

2216 5602 2312 5642 xtn
2344 5589 2616 5655 Septemb.

2280 5666 2313 5725 ,ε
2351 5649 2568 5728 Pelagii.
2608 5658 2818 5728 Rectius
2853 5656 3176 5728 Pelagi:c_et
3216 5652 3486 5728 Beronici.
3539 5653 3603 5710 Hi
3655 5649 3798 5723 passi

2213 5739 2338 5786 sunt
2366 5726 2492 5786 cum
2516 5730 2633 5787 aliis
2665 5727 2730 5783 49
2756 5729 2902 5799 juxta
2935 5728 3034 5782 alia
3065 5726 3339 5798 Martyrol.
