4064 6346
325 289 458 349 1077

1460 289 1652 347 SECT.
1693 289 1754 346 II.
1796 317 1867 330 —-
1895 288 2446 348 MARTYROLOGIA.

3439 283 3578 366 tota

1519 403 1745 458 EDITIO
1781 402 2233 461 COLONIENSIS.
2482 480 2494 491 .
2683 485 2696 495 κ

317 511 460 563 zare,
493 497 758 552 animatus
786 494 852 551 ad
882 495 1219 551 tolerantiam
1251 495 1576 563 passionum,
1627 494 1798 549 oravit
1823 493 1886 548 ad
1916 501 1965 562 Α
1997 501 2116 563 teri,
2147 496 2346 552 Callisti
2377 490 2546 566 papae,
2592 490 2830 568 quicum
2858 508 3051 563 corpus
3086 507 3202 564 ejus
3231 490 3458 547 .evatuin
3506 493 3577 570 de

317 589 624 654 Dominum,
655 597 714 642 ut
743 588 787 643 si
819 603 914 656 pro
961 597 1109 642 certo
1153 575 1271 641 eum
1304 586 1521 658 dignum
1553 587 1716 655 gloria
1751 601 1894 640 mar-

299 683 438 753 tyrii
466 680 753 751 judicaret,
797 694 860 735 ex
901 678 1078 751 lapide
1115 679 1386 748 speluncae
1423 676 1561 733 illius
1603 693 1737 747 aqua
1781 677 1899 732 lim-

317 775 594 844 pidissima
643 783 937 829 emanaret.
989 773 1140 842 Quod
1184 788 1305 828 cum
1357 771 1609 827 Dominus
1647 771 1898 826 continuo

315 863 679 933 prastitisset,
710 865 800 920 ille
826 880 1049 920 securus
1079 865 1143 919 ad
1172 880 1350 920 aream
1374 864 1677 920 certaminis
1709 878 1895 933 prope-

220 1027 224 1032 .
315 958 479 1026 tavit,
505 967 558 1013 et
588 950 814 1027 palmam
852 960 1091 1030 martyrii
1119 959 1330 1014 fortiter
1355 959 1654 1014 dimicando
1686 973 1898 1028 prome-

311 1050 441 1106 ruit.
475 1052 603 1106 Item
635 1053 810 1106 natale
833 1051 1113 1120 Simplicii.
1521 1045 1524 1048 ’
1707 1091 1713 1101 ..

384 1139 454 1197 G.
479 1132 573 1198 XII
601 1142 840 1199 KALEND.
871 1143 1111 1200 Noveun.
1140 1174 1211 1185 —
1232 1144 1384 1214 Apud
1411 1145 1770 1224 Nicomediam
1804 1161 1896 1200 na-

314 1235 425 1290 tale
455 1244 760 1291 sanctorum
805 1246 1097 1309 martyrum
1146 1239 1310 1304 Dasii,
1345 1239 1531 1305 Zotici,
1590 1238 1730 1305 Gaii,
1774 1256 1894 1294 cum

313 1331 598 1386 duodecim
629 1332 904 1388 militibus.
942 1333 1137 1387 Eodem
1184 1333 1270 1388 die
1310 1335 1481 1387 sancti
1524 1333 1687 1402 patris
1729 1333 1894 1387 nostri

316 1423 627 1487 Hilarionis,
677 1421 829 1490 cujus
872 1413 1034 1476 vitam
1081 1421 1436 1492 Hieronymus
1468 1422 1752 1477 virtutibus
1786 1424 1895 1490 ple-

309 1527 438 1568 nam
464 1515 802 1582 conscripsit.
861 1513 989 1569 Item
1038 1514 1215 1569 natale
1243 1514 1412 1570 sancti
1442 1513 1638 1570 Asterii
1673 1515 1892 1585 presby-

1999 598 2158 660 puteo
2179 589 2478 658 sepelisset,
2506 595 2625 658 post
2642 588 2758 642 dies
2777 602 2870 642 sex
2894 586 3115 640 audiens
3142 585 3242 640 hoc
3271 575 3583 640 Alexander

2001 682 2311 748 imperator,
2359 677 2612 748 praecepit
2659 693 2778 732 eum
2827 691 2921 748 per
2971 685 3200 748 pontem-
3234 676 3575 754 praecipitari.

2000 771 2163 842 Cujus
2194 786 2387 842 corpus
2411 772 2682 826 inventum
2708 779 2812 837 est,
2845 777 2901 826 et
2925 785 2955 825 a
2977 769 3291 840 quibusdam
3321 768 3585 823 Christia-

2002 865 2083 918 nis
2108 865 2158 918 in
2191 864 2374 918 eadem
2406 863 2621 919 civitate
2645 864 2934 932 sepultum.
2967 863 3234 932 Scriptum
3260 871 3341 918 est
3377 863 3428 916 in
3461 877 3582 946 pas-

2003 957 2154 1012 sione
2183 957 2351 1011 sancti
2379 956 2600 1022 Callisti,
2647 967 2699 1011 et
2735 958 2989 1013 transitus
3026 957 3193 1012 sancti
3226 956 3449 1011 Viatoris
3502 957 3581 1012 le«

2003 1049 2186 1104 ctoris.
2217 1048 2274 1102 In
2303 1045 2526 1124 Colonia
2556 1057 2856 1103 sanctarum
2887 1048 3148 1119 virginum
3184 1048 3432 1102 undecim
3463 1045 3586 1102 mil-

2001 1141 2149 1196 lium.

1999 1247 2009 1264 ’
2079 1238 2137 1293 Α.
2201 1232 2272 1290 XI
2339 1235 2580 1290 ΚΛΗ-ΞΜ).
2641 1233 2876 1290 Novum.
2929 1263 3002 1277 -
3041 1235 3384 1306 Jerosolymts
3440 1233 3580 1288 ocati

2001 1329 2187 1398 Marci,
2215 1329 2303 1399 qui
2333 1330 2532 1397 primus
2556 1328 2900 1399 Jerosolymis
2925 1344 2991 1384 ex
3019 1328 3264 1399 gentibus
3299 1333 3418 1396 post
3465 1324 3583 1394 epi-

2004 1435 2194 1490 scopos
2223 1437 2287 1477 ex
2322 1422 2727 1476 circumcisione
2774 1423 3126 1478 sacerdotium
3160 1422 3389 1477 civitatis
3437 1419 3579 1488 illius

2004 1517 2224 1583 accepit,
2256 1516 2535 1570 clarissimi
2579 1525 2632 1571 et
2678 1515 2969 1571 doctissimi
3001 1517 3120 1585 viri,
3169 1531 3229 1571 ac
3279 1531 3382 1570 non
3413 1514 3586 1569 multo

1552 1605 1779 1660 EDITIO
1821 1605 2330 1662 BOLLANDIANA.

313 1698 434 1782 fV_._,
465 1697 761 1782 Dorothei]:
791 1698 967 1782 V._C.,
987 1697 1130 1782 IAl'i‘b‘i
1336 1697 1725 1782 [§.,'Eut.i_cis_]_,
1753 1701 1892 1782 Mar-
1923 1703 1972 1762 B
2005 1701 2149 1768 cepit
2175 1716 2294 1754 eum
2333 1715 2426 1766 per
2456 1708 2676 1769 pontem
2707 1699 3026 1782 prrecipitari
3054 1718 3067 1755 :
3095 1701 3248 1770 cujus
3279 1712 3474 1768 corpus
3501 1698 3582 1752 in-

310 1762 514 1828 cellini.
547 1775 612 1826 A.
641 1771 702 1825 Τ.
732 1762 819 1834 L.,
853 1762 1035 1824 Natale
1058 1768 1157 1825 SS.
1193 1762 1383 1824 Euticii
1409 1762 1434 1835 ,’
1455 1769 1630 1834 Lucii,
1666 1762 1887 1824 Mareel-

312 1842 461 1896 liani.
490 1842 574 1906 Β..
605 1841 660 1896 In
687 1840 988 1894 Nicomedia
1018 1841 1220 1902 Eutici,
1250 1839 1483 1895 Promati
1507 1883 1520 1904 ,
1545 1839 1726 1908 Lucii,
1752 1841 1888 1895 Mar-

313 1907 513 1965 cellini.
551 1911 634 1975 D.,
672 1910 946 1978 Antiochia
981 1912 1220 1976 Berortc,
1255 1919 1280 1945 ⁸
1317 1911 1541 1978 Pelagia:
1574 1921 1626 1964 ct
1657 1907 1882 1964 aliorum

311 1982 658 2051 quadraginta
691 1977 902 2036 novem.
941 1982 1023 2046 8.,
1059 1981 1243 2034 Roma:
1274 1977 1495 2034 natale’b
1519 1984 1708 2035 Asterii
1738 1997 1889 2049 pres-

307 2052 504 2121 hyteri.
552 2055 616 2106 A.
661 2053 722 2106 Τ.
769 2053 868 2116 L.,
913 2053 969 2106 In
1015 2053 1220 2120 Aginno
1264 2053 1436 2118 passio
1478 2052 1534 2108 S.
1583 2062 1605 2090 α
1652 2054 1884 2122 Caprasii

312 2123 588 2192 martyris.
626 2123 682 2178 Β.
717 2133 1010 2192 ιιι-ωηοιειι,
1043 2123 1098 2176 In
1128 2123 1332 2177 Galliis.

386 2213 476 2268 21.
509 2243 580 2254 -
611 2213 703 2274 XII
733 2213 870 2274 ΚΑι..
903 2213 1085 2269 Sancti
1117 2213 1287 2268 Patris
1315 2212 1484 2266 nostri
1516 2216 1540 2254 ἀ
1573 2213 1898 2280 Hilarionis,

315 2307 474 2376 cujus
504 2306 682 2366 Vitam
718 2308 1073 2378 Hieronymus
1099 2307 1389 2362 virtutibus
1418 2307 1629 2375 plenam
1659 2309 1895 2376 scripsit.

312 2395 522 2464 Eodem
561 2397 648 2452 die
683 2397 860 2470 natale
901 2397 957 2453 S.
999 2396 1193 2450 Asterii
1219 2436 1236 2464 ,
1279 2395 1574 2466 presbyteri
1605 2407 1622 2427 °
1671 2395 1897 2462 Calixti,

314 2488 407 2554 qui
452 2501 573 2556 cum
609 2501 805 2556 corpus
848 2486 964 2558 ejus
998 2489 1264 2541 elevatum
1296 2486 1363 2540 de
1395 2494 1559 2556 puteo
1587 2487 1898 2555 sepelisset,

317 2586 442 2644 post
466 2577 580 2630 dies
602 2592 694 2631 sex
723 2577 946 2631 audiens
971 2577 1074 2632 hoc
1101 2577 1402 2642 Alexander
1427 2578 1736 2646 imperator,
1764 2592 1902 2647 prte-

2000 1801 2220 1845 ventum
2263 1799 2376 1856 est,
2423 1799 2477 1845 et
2519 1804 2548 1844 a
2590 1791 2903 1861 quibusdam
2947 1791 3263 1845 Christianis
3292 1793 3344 1846 in
3391 1791 3585 1846 eadem

2002 1886 2214 1939 civitate
2263 1884 2842 1955 sepultum.Scriptum
2889 1886 2940 1940 in
2984 1885 3237 1940 Passione
3271 1886 3328 1940 S.
3387 1886 3587 1940 Calixti

2003 1991 2174 2045 papm.

2075 2069 2138 2138 A.
2163 2065 2224 2118 Τ.
2259 2065 2340 2130 L.,
2382 2065 2433 2120 In
2462 2066 2680 2123 Colonia
2713 2067 2999 2138 Agrippina
3047 2069 3222 2138 passio
3272 2078 3576 2125 sanctorum

2005 2137 2247 2208 undecim
2279 2138 2496 2191 millium
2524 2144 2542 2181 ί
2568 2137 2847 2206 virginum.
2880 2141 2943 2193 Et
2974 2141 3085 2194 hate
3115 2141 3283 2208 primo
3313 2142 3428 2193 loco
3455 2155 3579 2195 cum

2007 2209 2177 2274 aliqua
2207 2207 2544 2264 diversitate:
2591 2211 2774 2264 ultimo
2804 2219 2979 2264 autem
3010 2207 3127 2264 loco
3157 2211 3206 2264 in
3249 2211 3309 2264 L.
3332 2212 3581 2267 additur:

2011 2279 2075 2351 Et
2103 2279 2160 2351 S_.
2186 2288 2210 2324 ὅ
2236 2277 2456 2351 (Σῐιιιιὶᾳξ.
2490 2280 2574 2351 IL,
2606 2281 2661 2333 In
2689 2279 2844 2334 Nicea
2880 2281 3134 2351 Bithynia:
3166 2282 3338 2335 natale
3369 2283 3581 2337 Macha-

2009 2349 2096 2420 t_'ii,
2134 2348 2360 2420 I’roculi,
2397 2347 2617 2403 Modesti
2647 2351 2915 2420 cumaliis
2940 2347 3181 2405 ducentis
3219 2353 3574 2420 septuaginta.

2009 2418 2249 2491 [sugduni
2274 2421 2459 2491 Callias
2485 2421 2656 2476 natale
2686 2421 2748 2476 Β.
2770 2419 2798 2458 h
2824 2422 3052 2475 Viatoris
3084 2423 3228 2488 pueri
3258 2418 3310 2476 et
3337 2418 3586 2491 discipuli

2008 2487 2067 2544 S.
2089 2489 2226 2544 Justi
2253 2490 2508 2558 episcopi.
2541 2492 2594 2545 In
2624 2492 2796 2546 Africa
2828 2487 3294 2557 Modesti,iEutici.

2082 2579 2172 2634 2‘2.
2196 2608 2264 2621 -
2287 2580 2355 2636 XI
2395 2580 2528 2638 Κιιι..
2576 2583 2735 2639 Vacat
2759 2585 2934 2641 Baeda.

1715 2665 1924 2720 SMITH
1961 2667 2192 2724 ΝΟΤᾹΞ.

387 2749 414 2779 ⁸
443 2748 690 2820 Pelagiw.
723 2749 798 2804 De
828 2751 925 2805 hac
953 2749 1122 2818 pridie
1153 2754 1342 2820 agitur.

387 2829 418 2872 b
444 2822 647 2874 Arretii.
684 2822 756 2875 De
786 2823 885 2875 hoc
915 2821 1032 2875 vide
1064 2823 1341 2889 postridie.

389 2899 411 2926 ε
443 2890 699 2960 Caprasii.
732 2891 829 2956 Qui
878 2907 996 2945 cum
1044 2893 1222 2947 Primo
1251 2905 1302 2946 et
1334 2891 1602 2948 Feliciano
1635 2895 1889 2950 fratribus

315 2976 504 3032 passus
533 2972 613 3017 est
642 2965 694 3014 in
727 2961 913 3017 Galliis
941 2962 1158 3016 civitate
1188 2965 1488 3031 Agennensi
1532 2966 1632 3018 sub
1666 2966 1888 3022 Datiano

312 3032 564 3102 praeside.
603 3035 733 3087 Dum
763 3037 901 3085 enini
933 3033 1129 3086 rabiem
1181 3035 1565 3102 persecutionis
1609 3037 1886 3091 declinans

311 3106 508 3177 lateret
535 3104 587 3156 itt
616 3104 889 3177 Spelunca,
918 3103 1127 3177 tandem
1155 3105 1380 3159 audiens
1407 3107 1636 3173 qualiter
1659 3109 1718 3161 Β.
1745 3109 1890 3177 virgo

313 3175 477 3230 Fides
509 3189 602 3241 pro
629 3175 845 3228 Christo
874 3174 1176 3242 agonizaret
1197 3216 1213 3242 ,
1244 3177 1510 3230 animatus
1540 3178 1604 3228 ad
1653 3174 1888 3233 toleran—

314 3249 442 3300 tiam
477 3245 780 3314 passionum
815 3246 983 3317 oravit
1015 3245 1080 3297 ad
1112 3245 1425 3310 Dominum,
1460 3256 1516 3302 ut
1546 3248 1588 3299 si
1622 3262 1742 3303 eum
1775 3250 1895 3317 glo-

313 3319 392 3371 ria
427 3318 663 3385 m'artyrii
693 3317 909 3384 dignum
955 3314 1252 3384 judicaret,
1303 3332 1367 3371 ex
1411 3318 1583 3385 lapide
1625 3314 1896 3386 Speluiicte

314 3386 532 3453 limpida
565 3401 696 3454 aqua
731 3394 970 3438 manaret
1001 3402 1014 3439 :
1046 3387 1184 3456 quod
1215 3403 1334 3441 cum
1383 3389 1639 3443 Dominus
1685 3391 1896 3454 prmsti-

314 3459 469 3512 tisset
493 3498 506 3522 ,
540 3471 760 3510 securus
788 3457 851 3528 ad
897 3472 1073 3528 aream
1115 3459 1423 3528 certaminis
1468 3463 1810 3528 properavit,
1841 3470 1897 3516 et

313 3526 834 3601 palmatn‘tnartyrii
883 3527 996 3601 sub
1029 3525 1346 3584 Maximiano
1386 3525 1593 3584 fortiter
1641 3531 1894 3601 patiendo

311 3597 627 3666 promeruit.
660 3597 826 3652 Pam
861 3613 924 3651 nr;
956 3597 1160 3653 ΝΑτΑι..

387 3671 414 3708 ιι
441 3668 768 3740 Hilarionis.
790 3668 888 3734 Qui
918 3679 1069 3740 ortus
1099 3681 1176 3724 est
1209 3669 1327 3724 vico
1371 3670 1646 3725 Thabatha
1694 3672 1748 3740 in
1794 3671 1895 3728 Pa-

316 3738 554 3804 laastina,
607 3748 660 3792 et
709 3739 1043 3808 Alexandria:
1090 3742 1438 3808 grammatico
1506 3738 1728 3798 traditus
1788 3754 1891 3798 est.

315 3809 778 3880 Proindeaudiens
804 3809 1014 3864 celebre
1027 3823 1218 3866 nomen
1239 3813 1475 3875 Antonii,
1494 3812 1559 3866 ad
1577 3829 1696 3867 eum
1715 3829 1892 3879 perre-

315 3881 426 3945 xit,
461 3891 508 3932 et
541 3883 716 3953 statim
751 3887 808 3932 ut
835 3895 954 3953 eum
988 3881 1146 3953 vidit,
1181 3891 1388 3950 mutato
1416 3883 1640 3953 pristino
1673 3883 1850 3937 habitu
1873 3926 1886 3948 ,

315 3954 523 4004 duobus
567 3949 678 4022 fere
705 3951 977 4022 mensibus
1015 3949 1165 4022 juxta
1206 3949 1338 4006 eum
1372 3949 1597 4018 mansit,
1648 3963 1889 4007 contem-

317 4023 468 4089 plans
498 4021 736 4075 ordinem
766 4023 886 4074 vitm
914 4020 1028 4092 ejus
1055 4037 1369 4092 morumque
1387 4025 1732 4092 gravitatem.
1777 4024 1887 4078 Re-

315 4106 501 4164 versus
543 4108 661 4146 cum
703 4091 1013 4164 quibusdam
1055 4091 1330 4147 monachis
1371 4091 1434 4146 ad
1481 4096 1736 4164 patriam,
1798 4111 1890 4164 pa-

313 4163 558 4217 rentibus
584 4164 691 4230 jam
722 4162 1005 4230 defunctis,
1037 4173 1240 4232 partem
1269 4165 1577 4218 substantize
1610 4162 1883 4228 fratribus,

313 4242 521 4303 partem
540 4233 874 4306 pauperibus
892 4233 1124 4306 largitus
1152 4244 1270 4306 est,
1294 4234 1744 4306 splitudinemque
1769 4251 1887 4304 (μιέε

315 4306 369 4374 in
413 4305 643 4372 septimo
687 4303 940 4374 inilliario
968 4319 999 4359 a
1029 4303 1250 4371 Majoma
1301 4304 1461 4360 Gazae
1503 4307 1744 4371 emporio
1790 4303 1886 4374 per

313 4373 466 4429 littus
496 4375 740 4430 euntibus
773 4373 1055 4443 [Egyptum
1085 4376 1153 4429 ad
1183 4377 1365 4430 laevam
1401 4377 1650 4442 nectitur,
1681 4373 1887 4445 ingres-

313 4459 408 4498 sus
434 4455 513 4500 est
543 4445 842 4516 quindecim
867 4460 1035 4500 annos
1066 4456 1240 4499 natus.
1276 4446 1374 4502 Ubi
1407 4462 1526 4500 cum
1559 4449 1754 4501 multos
1786 4462 1882 4516 per

314 4495 1373 4572 magna;'aautiai'iaainisga'
1399 4495 1882 4582 asiafi'tinaat
1905 4495 1962 4578 ρ

311 4596 370 4640 et
413 4586 651 4642 eruditor
695 4587 854 4656 hujus
899 4589 1319 4644 conversationis
1365 4589 1416 4641 in
1461 4588 1780 4654 Palaestina;
1827 4599 1882 4644 et

315 4671 438 4710 cum
469 4659 670 4726 grande
708 4657 1085 4710 monasterium
1129 4659 1457 4712 excrevisset
1501 4669 1552 4712 et
1600 4660 1881 4714 multitudo

313 4726 540 4782 fratrum
580 4743 759 4784 secum
793 4727 1118 4794 habitasset,
1151 4729 1216 4781 ad
1247 4731 1707 4783 conversationem
1739 4732 1880 4783 anti-

313 4814 500 4866 quam,
527 4800 853 4856 cretniticam
899 4797 1118 4866 scilicet,
1151 4799 1324 4854 redire
1368 4801 1421 4853 in
1451 4800 1628 4853 animo
1660 4802 1880 4867 habuit;

317 4871 550 4937 perrexit
583 4871 742 4937 igitur
770 4869 834 4924 ad
867 4869 924 4924 Β.
957 4871 1245 4924 Αιιιοιιίιιιιι
1275 4887 1288 4934 ;
1319 4872 1408 4940 qui
1441 4871 1692 4939 quoniam
1739 4888 1884 4926 mor-

317 4948 442 4994 tuus
472 4947 556 4994 est
583 4948 867 5008 antequam
901 4944 1136 5009 veniret,
1169 4956 1415 4996 reversus
1443 4952 1528 4996 est
1567 4944 1632 4995 ad
1674 4944 1885 5012 Aphro-

315 5012 465 5064 diton
487 5052 502 5076 ,
536 5021 590 5066 et
618 5014 826 5066 duobus
852 5019 1054 5064 tantum
1085 5026 1265 5066 Secum
1299 5015 1517 5067 retentis
1547 5012 1798 5068 fratribus
1829 5015 1883 5068 in

319 5082 489 5136 vicina
520 5095 706 5137 eremo
738 5093 970 5133 moratus
999 5091 1100 5135 est.
1142 5083 1246 5136 Sed
1290 5083 1476 5136 videns
1516 5085 1677 5138 etiam
1728 5086 1796 5138 ibi
1827 5101 1886 5138 se

317 5153 466 5206 miris
498 5152 794 5206 honoribus
823 5149 992 5214 affici,
1026 5156 1261 5220 perrexit
1299 5154 1714 5218 Alexandriam,
1763 5157 1886 5209 inde

317 5223 383 5275 ad
415 5223 719 5278 ulteriorem
751 5224 929 5276 Uasitn
973 5237 1208 5276 eremum
1249 5226 1609 5292 transiturus;
1654 5225 1738 5279 ubi
1782 5241 1884 5279 non

318 5293 407 5345 diu
451 5308 769 5360 permanens
807 5308 872 5345 eo
909 5294 1048 5360 quod
1100 5292 1364 5348 Gazenses
1411 5309 1441 5346 a
1493 5294 1700 5349 .Iutiano
1753 5295 1883 5364 imp.

321 5374 548 5419 inm-tem
579 5364 864 5418 Hilarionis
904 5365 1311 5433 impetrassent,
1347 5379 1438 5434 per
1469 5368 1662 5420 inviam
1695 5368 1885 5420 solitu-

321 5435 500 5489 dinem
533 5435 751 5507 intravit
776 5435 955 5490 Oasitn
985 5453 1000 5502 ;
1029 5434 1210 5507 ibique
1237 5451 1376 5497 anno
1406 5436 1524 5505 plus
1555 5435 1732 5490 minus
1761 5453 1889 5491 exa-

323 5516 446 5572 cto,
477 5517 532 5562 et
559 5506 768 5560 Juliano
798 5507 928 5575 imp.
969 5506 1181 5574 occiso,
1223 5508 1274 5561 in
1315 5508 1549 5562 Siciliam
1592 5509 1886 5577 navigavit,

323 5578 410 5630 ubi
444 5580 608 5632 latere
636 5593 695 5632 se
728 5578 965 5645 potuisse
992 5581 1277 5634 arbitratus
1318 5589 1398 5633 est
1427 5595 1442 5643 ;
1483 5578 1576 5633 sed
1619 5595 1647 5630 a
1689 5579 1890 5632 daemo-

323 5653 478 5702 niaco
508 5665 666 5716 quem
695 5648 899 5702 sanavit
933 5653 1169 5714 proditus
1211 5661 1334 5714 est;
1378 5650 1517 5719 quod
1561 5647 1766 5702 initium
1813 5651 1882 5703 si-

319 5736 543 5787 gnorum
575 5722 692 5787 ejus
723 5720 773 5774 iii
805 5718 983 5775 Sicilia
1015 5718 1451 5775 innumerabilem
1481 5721 1545 5773 ad
1577 5737 1699 5774 eum
1730 5721 1888 5773 dein-

321 5806 445 5853 ceps
476 5792 691 5846 adduxit
729 5792 1140 5847 multitudinem.
1186 5795 1539 5858 Quamobrem
1587 5793 1883 5863 Hesychius

2005 2760 2120 2826 ejus
2148 2760 2439 2831 discipulus
2468 2761 2555 2830 qui
2603 2759 2740 2815 fama
2789 2761 2903 2831 ejus
2947 2763 3200 2818 virtutum
3244 2764 3572 2821 Hilarionem

2003 2830 2384 2904 evestigassct,
2414 2846 2534 2885 eum
2566 2833 2629 2884 ad
2661 2830 2982 2900 Epidaurum
3016 2832 3292 2904 Dalmatiae
3320 2833 3570 2904 oppidum

2001 2900 2184 2974 duxit,
2219 2903 2304 2974 ubi
2337 2903 2621 2974 draconem
2655 2905 2800 2974 mira:
2843 2903 3222 2974 titagnitudinis
3262 2900 3577 2962 eoncrctna-

2001 2971 2114 3035 vit;
2148 2972 2337 3026 deintle
2369 2973 2604 3039 Paphum
2637 2971 3142 3045 navigavit,'ihique
3176 2975 3393 3031 manens
3428 2979 3578 3032 hien-
3669 2999 3672 3002 λ

2000 3044 2125 3104 nio,
2160 3045 2297 3096 inter
2329 3053 2559 3097 secretos
2614 3060 2939 3112 asperostjue
2983 3044 3190 3101 montes
3231 3050 3574 3104 solitudinem

2001 3114 2278 3185 (IIRDSIVII,
2313 3123 2365 3167 et
2397 3118 2496 3167 isto
2527 3113 2645 3168 loco
2678 3131 2770 3185 per
2799 3131 2969 3170 annos
2999 3120 3229 3184 quinque
3275 3119 3530 3173 habitavit
3559 3161 3577 3185 ,

2002 3192 2056 3254 et
2087 3184 2368 3238 defunctus
2399 3194 2524 3254 est:
2547 3184 2697 3249 Quod
2733 3196 3008 3254 pnstquant
3046 3190 3338 3243 I’aILESlltltB
3371 3184 3574 3245 audivit

2003 3252 2336 3327 Hesychius,
2388 3256 2451 3308 ad
2497 3252 2747 3324 Cvprutn
2777 3259 3069 3327 navigavit,
3126 3268 3178 3313 et
3228 3273 3342 3325 pwst
3385 3261 3575 3315 ἀτηριιι

2002 3322 2170 3398 ferme
2203 3341 2413 3398 menses
2443 3322 2633 3394 corpus
2664 3327 2778 3393 ejus
2812 3322 3012 3381 furatus
3055 3340 3156 3382 est.
3208 3322 3357 3396 Quod
3406 3332 3574 3398 .‘ilaiu-

2000 3395 2163 3466 rniatn
2213 3394 2501 3459 deferens,
2560 3399 2610 3464 in
2665 3398 2906 3466 antiquo
2936 3394 3260 3454 monasterio
3308 3395 3569 3456 Condidit.

2001 3464 2136 3518 Vide
2164 3466 2338 3540 plura
2372 3470 2420 3520 in
2473 3467 2585 3520 Vita
2628 3467 2742 3540 ejus
2784 3464 2850 3522 ab
2894 3470 3215 3540 Hieronymo
3245 3472 3461 3538 scripta.
3500 3473 3574 3527 De

1999 3551 2065 3607 eo
2105 3538 2262 3589 etiam
2308 3538 2636 3591 Sozoutenus
2676 3539 2910 3607 loquitur
2943 3543 2992 3592 in
3039 3538 3184 3594 Eccl.
3223 3544 3352 3593 “lsi.
3396 3558 3444 3603 v,
3489 3544 3568 3596 i0.

1999 3604 2058 3660 S.
2093 3615 2268 3660 autem
2305 3607 2500 3660 Hilario
2541 3623 2681 3662 anno
2720 3604 2826 3662 290
2869 3620 3022 3666 natus
3051 3622 3152 3674 est,
3203 3623 3443 3668 mortuus
3493 3627 3576 3669 est

1998 3679 2141 3752 enim
2173 3678 2568 3745 octogenarius,
2599 3681 2664 3752 ιη’
2686 3681 2868 3734 scribit
2898 3685 2954 3736 5.
2992 3681 3341 3751 Hieronymus
3375 3685 3422 3734 in
3455 3684 3571 3752 ejus

2003 3747 2158 3813 Vita;
2205 3760 2427 3817 eratque
2470 3751 2642 3811 aetatis
2682 3753 2954 3819 sexaginta
2995 3747 3228 3820 quinque
3269 3747 3528 3806 annorum
3553 3794 3569 3817 ,

1997 3820 2209 3886 quando
2241 3820 2301 3871 D.
2335 3821 2596 3874 Antonius
2626 3820 2695 3874 Μ.
2744 3822 3173 3885 tlecessit,~tcste
3211 3824 3402 3876 eodem
3437 3824 3566 3878 Hic.

1996 3903 2243 3959 rutiyttlo.
2286 3889 2425 3942 Obiit
2477 3904 2652 3944 autem
2710 3891 2970 3943 Antonius
3023 3908 3162 3945 anno
3223 3890 3345 3946 356.
3393 3894 3569 3959 Quare

1997 3957 2056 4012 S.
2093 3957 2323 4012 Hilarion
2352 3960 2511 4012 etiam
2544 3961 2674 4014 obiit
2702 3975 2840 4014 anno
2868 3962 2991 4014 570.
3420 3957 3430 3959 ἡ
3557 3973 3559 3976 ·

2071 4038 2095 4065 ε
2126 4029 2336 4109 Calixti.
2372 4029 2443 4082 De
2473 4030 2575 4083 hoc
2606 4031 2722 4084 vide
2767 4033 3010 4098 superius
3042 4032 3207 4101 pridie
3255 4033 3380 4088 Idus
3415 4035 3574 4106 hujus

1995 4114 2214 4152 IlleIlSlS.

2073 4169 2090 4205 τ
2137 4168 2417 4243 Virginum.
2454 4171 2592 4244 Inter
2623 4186 2751 4242 quas
2781 4174 3044 4242 praecipua
3075 4173 3172 4244 fuit
3204 4173 3413 4229 Ursnla.
3448 4177 3577 4244 Quas

1991 4254 2112 4294 cum
2145 4242 2246 4294 una
2272 4255 2390 4295 cunt
2435 4243 2594 4296 sociis
2629 4245 2846 4296 Romam
2883 4242 3356 4312 peregrinatibnem
3396 4242 3577 4306 susce-

1995 4312 2186 4378 pisset,
2219 4325 2280 4364 ac
2319 4313 2368 4366 in
2403 4313 2592 4367 itinere
2623 4314 2893 4368 incidisset
2932 4315 2982 4368 in
3014 4314 3256 4378 IIunttos,
3290 4317 3355 4369 ab
3387 4319 3573 4373 iisdem

1991 4395 2108 4459 cum
2147 4383 2432 4437 comitibus
2460 4384 2868 4459 suislrucidata
2900 4394 2981 4438 est
3010 4402 3148 4440 anno
3177 4388 3300 4449 455,
3331 4400 3385 4440 ιιι
3418 4390 3575 4459 Sige-

1991 4453 2170 4530 bertus
2199 4462 2421 4507 testatur
2467 4452 2748 4530 inAChron.
2786 4456 3014 4530 Historia
3068 4459 3259 4530 harum
3309 4452 3572 4530 virginitati

2170 4533 2412 4579 auctores
2455 4527 2686 4596 vulgata,
2728 4535 2809 4581 est
2853 4525 3002 4582 valde
3051 4529 3222 4582 dubia":
3262 4538 3316 4583 et
3359 4524 3574 4586 itit-erue

2009 4611 2021 4647 ι
2063 4611 2134 4649 et.

2009 4611 2134 4651 ιαθι.

2062 4671 2087 4708 8
2116 4664 2336 4741 Ciliniw.
2370 4669 2547 4725 Matris
2577 4667 2633 4724 S.
2661 4670 2884 4740 Remigii
2913 4672 3145 4741 episc0pi
3170 4672 3489 4727 Rhemensis
3521 4675 3577 4729 in

1986 4746 2160 4812 castro
2193 4739 2543 4812 Lautlunensi.
2600 4744 2751 4795 Plura
2799 4739 2864 4796 die
2907 4739 2986 4797 ea-
3014 4747 3064 4795 iit
3099 4739 3216 4796 Vita
3257 4745 3314 4798 S.
3343 4745 3575 4812 Remigii

1987 4809 2124 4883 apud
2143 4811 2353 4864 Sttriutn
2376 4812 2426 4864 in
2451 4811 2721 4866 Januario.
2755 4812 3022 4883 Remigius
3049 4815 3237 4867 colitur
3265 4829 3352 4866 χιιι
3377 4809 3578 4869 Janua-

1988 4879 2052 4931 rii
2083 4889 2137 4932 et
2167 4896 2183 4932 r
2207 4883 2392 4936 Octob.
2882 4939 2886 4944 .

2061 4947 2088 4985 ιι
2132 4949 2367 5004 Victoris.
2401 4953 2499 5019 Qui
2531 4954 2772 5009 ordinem
2802 4954 3015 5008 lectoris
3043 4959 3232 5020 tenuit,
3267 4966 3320 5010 et
3349 4956 3408 5010 S.
3435 4956 3569 5011 Jststi

1989 5020 2355 5090 Lugdunensis
2386 5027 2618 5094 episcopi
2672 5041 2850 5078 comes
2898 5024 3013 5078 fuit.
3064 5025 3160 5094 Qui
3211 5041 3330 5079 cum
3387 5030 3572 5080 eodem

1984 5095 2353 5161 episcopatum
2383 5095 2663 5167 deserente
2691 5110 2875 5148 navem
2899 5099 3229 5161 conscendit,
3258 5106 3310 5149 et
3332 5098 3394 5148 ad
3416 5095 3577 5167 {Egy-

1991 5172 2134 5230 ptum
2163 5166 2451 5232 navigavit,
2475 5177 2631 5233 atque
2658 5167 2704 5219 ei
2731 5166 2782 5218 in
2808 5181 2987 5220 eremo
3013 5168 3200 5221 sedulo
3229 5166 3566 5221 ministravit.

1989 5237 2106 5308 Quo
2136 5233 2404 5301 defuncto,
2439 5246 2491 5308 et
2541 5241 2650 5308 ipse
2687 5236 2866 5290 Viator
2903 5249 3018 5304 post
3057 5239 3170 5292 dies
3197 5239 3252 5305 7,
3285 5246 3438 5306 prout
3468 5239 3567 5306 ipsi

1991 5304 2048 5380 ξ.
2078 5304 2643 5380 Jttsttts‘praedixer'at,
2692 5324 2811 5361 eum
2867 5310 2931 5362 ad
2988 5311 3150 5365 caelos
3183 5304 3416 5380 Asec‘utus
3464 5304 3567 5380 est,

1991 5375 2172 5450 ,Iustus
2202 5376 2562 5450 enim__Idtbus
2592 5380 2838 5432 Octobris
2887 5381 3034 5446 obiit,
3083 5390 3137 5436 et
3165 5378 3349 5435 Viator
3371 5375 3574 5450 quievit

1991 5447 2043 5500 in
2075 5461 2203 5514 pace
2233 5463 2303 5502 xu
2336 5447 2452 5502 Kal.
2478 5447 2732 5503 Novemb.
2768 5453 3001 5515 Quorum
3035 5455 3313 5505 amborum
3343 5447 3567 5516 corpora

1991 5531 2020 5570 a
2042 5517 2706 5588 civibttsLugdunensibus
2730 5522 2918 5576 exinde
2939 5524 3141 5575 sublata
3164 5533 3288 5576 sunt
3315 5533 3365 5575 et
3394 5521 3456 5574 ad
3479 5536 3570 5576 eo-

1991 5603 2108 5642 rum
2137 5590 2402 5643 civitatem
2436 5590 2620 5652 relata,
2652 5603 2705 5644 et
2751 5595 2797 5642 in
2829 5595 3052 5645 ecclesia
3100 5593 3202 5651 SS.
3229 5604 3429 5660 septem
3462 5593 3567 5645 Ma-

1992 5660 2330 5733 chahteortnn
2379 5662 2649 5733 condigne
2694 5661 2896 5715 honore
2948 5666 3117 5733 posita
3163 5676 3288 5719 sunt
3337 5681 3386 5719 ιν
3430 5664 3568 5720 Non.

1994 5731 2340 5798 Septembris.
2377 5731 2536 5785 Pera.
2575 5748 2637 5785 ne
2670 5733 2878 5788 NATAL.
