4064 6346
474 279 623 342 10⁸19

1231 275 1435 335 ΒΕυΙΕ
1474 275 1925 335 VENERABILIS
1963 279 2111 335 OPP.
2154 281 2332 340 PARS
2368 281 2461 340 IV.
2500 311 2573 325 —
2610 278 2995 337 HlSTORlCA.

3624 286 3773 342 1080

1698 393 1925 451 EDlTIO
1962 397 2435 455 COLONIENSIS.

476 501 604 568 post
630 494 885 565 martyrio
910 490 1287 548 consummati.
1320 491 1448 546 item
1481 490 1633 545 beata
1675 490 1925 556 Salomae,
1949 507 2067 560 qua:
2093 508 2146 568 Α
2173 491 2227 546 in
2257 492 2467 559 faciem,
2501 498 2555 544 et
2579 488 2861 545 credentes
2906 487 2958 543 in
2988 485 3203 545 Christo
3245 489 3471 560 impium
3514 493 3777 552 ministe-

478 586 542 644 in
590 585 880 655 Evangelio
927 582 1116 653 legitur
1162 596 1282 637 cum
1342 582 1561 652 reliquis
1610 582 1808 637 sanctis
1859 581 2068 638 feminis

476 681 623 738 circa
654 681 867 735 Domini
908 679 1238 748 sepulturam
1271 679 1521 734 sollicita.
1556 678 1709 746 Apud
1739 679 2069 747 Adrianopo-

475 775 577 833 lim
605 774 848 830 Thraciae
876 775 1052 844 passio
1081 781 1387 829 sanctorum
1426 772 1654 843 Philippi
1682 774 1936 845 episcopi,
1970 774 2067 829 Se-

476 867 596 923 veri
624 866 952 937 presbyteri,
984 875 1141 935 atque
1171 866 1432 921 Hermetis
1458 866 1703 932 diaconi,
1743 874 1800 921 et
1831 866 2069 931 Eusebii,

479 961 574 1032 qui
605 959 975 1030 persecutione
1022 958 1280 1013 saeviente
1323 958 1782 1025 Christianorum,
1817 959 2071 1013 ecclesias

478 1055 733 1111 claudere
763 1062 817 1109 et
845 1052 1079 1121 spoliare
1103 1092 1117 1116 ,
1150 1052 1303 1121 jussu
1346 1051 1682 1120 imperatoris
1719 1050 1911 1106 Juliani
1936 1092 1950 1116 ,
1980 1066 2075 1119 per

478 1148 697 1218 iniquos
739 1144 993 1215 praesides
1020 1142 1478 1208 contradicebant,
1511 1150 1564 1196 et
1590 1142 1658 1197 ob
1683 1140 1784 1196 hoc
1815 1156 1906 1210 per
1938 1141 2071 1196 Bas-

478 1251 603 1292 sum
632 1235 937 1307 prmsidem,
970 1249 1069 1289 nec
1096 1249 1205 1287 non
1248 1239 1306 1287 et.
1345 1231 1609 1287 Justinum
1641 1232 1818 1288 multis
1847 1241 2078 1287 tormen-

482 1326 555 1381 tis
586 1324 980 1389 afticiebantur,
1005 1325 1107 1379 hoc
1129 1333 1234 1393 est,
1265 1322 1597 1389 carceribus,
1624 1324 1869 1390 vinculis,
1899 1324 2078 1393 ﬂagel-

478 1418 574 1485 lis,
606 1419 673 1473 ad
705 1418 950 1473 ultimum
982 1432 1111 1472 vero
1154 1404 1488 1471 ﬂammarum
1520 1417 1807 1482 incendio;
1848 1417 1940 1473 sed
1975 1418 2080 1472 Do-

482 1511 617 1567 mini
653 1510 847 1566 virtute
875 1510 1111 1565 roborati
1133 1554 1148 1579 ,
1197 1523 1363 1579 usque
1392 1510 1446 1564 in
1479 1510 1636 1564 linem
1666 1511 1719 1565 in
1743 1508 2081 1566 confessione

478 1605 719 1662 nominis
748 1605 864 1675 ejus
895 1612 1396 1673 perseveraverunt.

558 1700 619 1753 B.
652 1698 701 1753 X
727 1698 968 1753 Kiuzivn.
1005 1697 1245 1752 Novsna.
1274 1695 1516 1766 --Apud
1550 1696 1885 1752 Antiochiam
1915 1696 2083 1766 Syria:

478 1792 665 1848 natale
695 1790 867 1845 sancti
907 1790 1176 1844 Theodori
1213 1790 1548 1861 presbyteri,
1581 1790 1666 1859 qui
1714 1791 2082 1859 persecutione

2172 587 2307 640 rium
2338 591 2668 646 recusarent,
2694 581 2851 650 jussit
2881 596 2975 636 eos
3001 581 3244 637 Julianus
3269 584 3462 653 pelago
3492 585 3773 659 immergi.

2170 680 2373 747 Quibus
2387 679 2446 733 Β.
2467 678 2779 733 Theodorus
2801 680 2901 733 ait:
2921 680 3236 746 Praecedite,
3258 680 3451 737 fratres
3474 699 3491 749 ;
3514 699 3617 753 ego
3642 700 3778 741 vero

2173 787 2434 843 superans
2466 773 2743 828 inimicum
2793 787 2988 842 sequar
3035 773 3337 831 Dominum.
3375 775 3579 847 Sicque
3624 778 3780 833 occi-

2174 868 2328 923 sione
2377 866 2535 938 gladii
2566 866 2881 937 martyrium
2929 868 3342 922 consummavit.
3391 868 3449 923 ln
3498 869 3778 939 HiSpaniis

2177 960 2354 1015 natale
2382 969 2687 1014 sanctorum
2714 957 2972 1013 Servandi
3004 968 3058 1013 et
3088 957 3361 1027 Germani,
3387 960 3480 1029 qui
3510 969 3635 1029 post
3656 977 3781 1016 ver-

2180 1052 2304 1108 bera
2335 1051 2637 1121 squalorem
2672 1049 2925 1115 carceris,
2969 1058 3022 1104 et
3062 1049 3217 1103 famis
3256 1063 3318 1103 ac
3347 1051 3463 1105 sitis
3492 1050 3777 1120 injuriam,

2178 1155 2230 1200 et
2260 1142 2555 1215 longissimi
2587 1142 2820 1207 itineris,
2857 1155 3012 1210 quem
3037 1141 3257 1209 jubente
3289 1141 3505 1195 Viatore
3546 1142 3784 1212 praeside

2179 1237 2322 1293 ferro
2352 1236 2528 1292 onusti
2556 1234 2892 1306 pertulerunt
2924 1235 3183 1300 laborem,
3213 1234 3503 1288 novissime
3529 1235 3780 1307 martyrii

2181 1331 2261 1386 sui
2288 1345 2500 1385 cursum
2531 1329 2671 1383 ferro
2698 1327 2853 1382 caesis
2882 1326 3180 1381 cervicibus
3202 1326 3587 1393 impleverunt.
3619 1324 3783 1379 Colo-

2183 1424 2286 1479 nite
2341 1424 2513 1479 sancti
2568 1422 2814 1477 Severini
2871 1416 3259 1488 archiepiscopi
3321 1426 3378 1473 et
3423 1417 3781 1473 confessoris.

2187 1517 2407 1572 Viennae
2436 1516 2607 1572 sancti
2637 1514 2819 1570 Joditii
2871 1514 3133 1584 episcopi.
3168 1512 3299 1567 ltem
3328 1512 3501 1567 sancti
3532 1510 3784 1568 Venantii

2187 1615 2415 1670 abbaﬁs.

2256 1708 2317 1764 C.
2377 1708 2449 1763 1X
2502 1707 2741 1762 KALEND.
2789 1704 3028 1759 Novana.
3064 1730 3134 1741 —-
3175 1700 3230 1755 in
3278 1700 3515 1755 Venusia
3564 1699 3787 1755 civitate

2187 1802 2395 1869 Apulia:
2450 1799 2626 1854 natale
2669 1807 2972 1852 sanctorum
3018 1792 3213 1848 Felicis
3257 1790 3499 1861 episcopi
3548 1791 3786 1847 civitatis

481 1885 637 1954 impii
669 1884 864 1939 Juliani
896 1883 996 1937 sub
1034 1884 1288 1952 praefecto
1317 1892 1371 1938 et
1400 1885 1663 1938 avunculo
1692 1885 1807 1952 ejus
1847 1883 2081 1951 Juliano,

2191 1892 2576 1956 'fubrocensis,
2613 1889 2834 1945 Audacti
2862 1897 2916 1941 et
2944 1886 3186 1941 Januarii
3228 1884 3694 1953 presbyterorum,
3735 1894 3786 1939 et

481 1992 610 2033 cum
639 1976 707 2032 ab
737 1992 801 2033 eo
832 1975 1289 2031 Antiochenorum
1337 1977 1563 2031 ecclesia
1596 1977 1841 2047 spoliata,
1873 1985 1927 2030 et
1952 1978 2078 2032 reli-

480 2071 623 2141 giosi
655 2072 852 2141 quique
881 2070 1109 2125 fuissent
1134 2071 1250 2139 ejus
1282 2079 1488 2127 terrore
1519 2072 1766 2141 dispersi,
1814 2072 1866 2125 in
1908 2074 2079 2128 eccle-

480 2165 567 2223 sia
599 2162 891 2233 permansit
920 2163 1237 2230 intrepidus,
1270 2175 1430 2233 atque
1468 2165 1535 2219 ab
1561 2179 1626 2218 eo
1660 2166 1824 2219 teneri
1862 2164 2075 2234 jussus,

481 2264 609 2325 post
637 2254 847 2324 equulei
882 2269 1090 2323 pcenam
1114 2295 1129 2319 ,
1179 2266 1235 2309 et
1279 2256 1476 2309 multos
1515 2272 1577 2310 ac
1618 2256 1933 2310 durissimos
1960 2272 2083 2310 cru-

485 2350 701 2417 ciatus,
748 2347 908 2403 etiam
961 2345 1232 2414 lampades
1282 2346 1422 2400 circa
1455 2348 1570 2415 ejus
1600 2348 1768 2401 latera
1826 2348 2081 2417 appositae

487 2448 636 2496 sunt.
669 2438 774 2495 Sed
809 2438 892 2493 his
919 2437 1097 2491 divina
1125 2437 1321 2490 virtute
1368 2439 1661 2504 restinctis,
1714 2454 1832 2493 cum
1886 2439 2083 2494 milites

486 2533 582 2605 qui
610 2548 701 2591 eas
733 2533 1010 2597 tenebant,
1056 2530 1368 2599 angelorum
1400 2540 1620 2601 aspectu
1658 2533 1825 2587 territi
1856 2533 2088 2588 ruissent

2192 1981 2560 2038 Fortunatiani
2612 1993 2665 2035 ct
2722 1979 2945 2045 Septimi
3005 1978 3286 2041 lectorum,
3327 1976 3415 2043 qui
3455 1976 3786 2045 temporibus

2190 2072 2507 2129 Diocletiani
2539 2074 2592 2127 in
2633 2088 2727 2127 sua
2759 2072 2974 2125 civitate
3018 2069 3169 2137 Tyci,
3211 2083 3241 2121 a
3281 2068 3644 2135 Magnelliano
3672 2080 3784 2135 pro-

2190 2175 2438 2221 curatore
2474 2164 2657 2218 inultis
2688 2164 2778 2217 diu
2807 2161 3032 2216 vinculis
3082 2171 3135 2213 et
3170 2160 3478 2214 carceribus
3509 2159 3787 2224 macerati,

2191 2267 2245 2311 ct
2275 2257 2327 2310 in
2361 2256 2537 2309 Africa
2567 2264 2620 2309 et
2647 2257 2698 2308 in
2728 2254 2933 2319 Sicilia,
2966 2250 3178 2306 tandem
3210 2250 3263 2305 in
3296 2251 3577 2305 occisione
3630 2249 3787 2319 gladii

2193 2348 2553 2402 consummati
2587 2355 2729 2401 sunt.
2780 2345 2914 2400 Sunt
2944 2353 3120 2400 autem
3167 2343 3463 2399 honoriﬁce
3494 2344 3788 2410 sepultura

2195 2440 2375 2493 traditi
2408 2441 2550 2495 inter
2578 2438 2952 2507 Carthaginem
2999 2447 3055 2492 et
3096 2436 3323 2493 Uticam.
3367 2435 3429 2492 ln
3476 2436 3788 2493 Nicomedia

2198 2534 2377 2588 natale
2405 2534 2588 2588 Severi
2619 2542 2673 2588 et
2699 2532 2970 2587 Dorothei.

1747 2646 1977 2703 EDITIO
2018 2649 2525 2709 BOLLANDIANA.
3428 2716 3431 2717 ,

563 2740 630 2798 ν.
675 2742 764 2808 C.,
816 2740 873 2795 ln
898 2741 1271 2814 Adrianopoli
1300 2738 1430 2814 _‘[C_._
1460 2739 1844 2814 Trajanopolii
1871 2740 2077 2814 Severi,
2107 2745 2156 2809 c
2186 2746 2456 2800 territorio
2494 2745 2764 2800 Cadetano
2814 2744 2989 2814 passio
3036 2743 3130 2797 SS.
3160 2751 3182 2779 ε
3209 2738 3507 2814 servandi,
3555 2747 3624 2814 et
3661 2740 3789 2794 Ger-

487 2817 523 2849 ⁸
547 2813 775 2881 Philippi
825 2811 1082 2881 episcopi,
1119 2810 1354 2875 Eusebii,
1390 2812 1674 2867 llermetis.
1712 2812 1797 2873 Β..
1831 2810 1883 2864 In
1914 2813 2082 2865 Thra-

488 2886 577 2940 cia
630 2884 804 2938 natale
852 2882 910 2938 S.
938 2883 1146 2937 Severi.
1200 2882 1253 2936 In
1286 2881 1647 2949 Antrianopoli
1698 2881 1923 2949 Philippi
1972 2885 2089 2950 epi-

494 2960 670 3019 scopi,
698 2954 936 3017 Eusebii,
965 2952 1245 3007 llermetis.
1274 2954 1363 3018 T.,
1389 2953 1612 3006 Thracia
1637 2952 1809 3005 natale
1834 2952 1932 3007 SS.
1960 2952 2091 3008 Iler-

490 3025 675 3090 metis,
709 3025 921 3077 Eusebii
955 3036 1008 3077 et
1039 3026 1096 3077 S.
1124 3024 1349 3091 Philippi
1382 3024 1638 3090 episcopi.
1673 3023 1756 3085 L.,
1790 3023 1843 3074 lo
1868 3024 2091 3078 Thracia

490 3097 677 3151 natale
726 3095 955 3163 Philippi
1004 3095 1275 3164 episcopi.
1330 3095 1614 3164 etSeveri
1674 3095 1987 3164 presbyteri,
2039 3103 2094 3148 et

497 3166 768 3222 Hermetis
815 3162 1053 3220 diaconi.
1100 3167 1186 3229 A.,
1219 3163 1444 3217 Thracia
1501 3166 1674 3217 natale
1720 3162 1814 3219 SS.
1838 3162 2089 3231 Ermctis,

492 3237 717 3293 Eusebii
748 3246 796 3291 et
829 3237 885 3291 S.
912 3235 1248 3304 Pliilippiani.
1280 3234 1482 3288 Eodem
1511 3234 1595 3288 die
1619 3236 1793 3302 passio
1823 3235 1879 3289 S.
1906 3234 1931 3272 ι)
1955 3236 2089 3290 Gra—

496 3308 633 3363 tiani
662 3308 934 3377 martyris,
963 3314 1017 3360 et
1044 3305 1310 3372 depositio
1337 3304 1399 3377 8.
1422 3305 1652 3377 Antbodi
1672 3308 1812 3377 epis.
1842 3307 1928 3377 ᾖ,
1954 3307 2090 3377 Alibi

495 3379 679 3447 passio
708 3376 766 3431 8.
790 3377 1007 3444 Leugati
1038 3376 1307 3445 martyris.
1351 3376 1441 3440 D.,
1474 3376 1753 3431 Antiochia
1787 3379 1811 3407 °
1838 3376 2090 3449 Theodo-

494 3449 588 3504 riti
618 3448 934 3517 presbyteri.

568 3576 662 3632 25.
684 3575 823 3631 -Χ
856 3574 990 3630 ΚΑι..
1032 3573 1194 3628 Vacat
1233 3573 1413 3628 Baeda.

573 3703 639 3759 C.
666 3702 728 3758 V.
759 3702 846 3766 13.,
877 3700 932 3755 in
960 3698 1303 3769 Adrianopoli
1335 3699 1545 3767 Severi,
1581 3699 1852 3755 Dorotliei.
1892 3700 1974 3765 C.,
2007 3700 2092 3756 die

499 3773 871 3846 praecedenti:
913 3771 972 3846 in
1000 3771 1344 3846 Trajanopoli
1394 3770 1587 3846 Severi
1624 3772 1888 3846 episcopi,
1925 3772 2091 3846 Doro-ﬁ

503 3841 647 3915 ihei,
700 3855 754 3900 et
804 3843 862 3899 S.
904 3841 1125 3915 Oresti.‘
1163 3842 1249 3915 υ...
1303 3841 1589 3915 Vettusiad
1624 3842 1812 3915 Felicis
1859 3844 2093 3910 episcopi

501 3911 889 3979 Tubioccnsis,
932 3922 983 3967 et
1015 3911 1237 3967 Audacti
1278 3924 1332 3966 et
1357 3913 1590 3966 Januarii
1636 3913 2089 3980 presbyterorum.

499 3989 569 4044 Α.
602 3986 695 4055 Τ.,
723 3985 905 4041 Natale
936 3984 1035 4041 SS.
1058 3983 1328 4049 Severini,
1364 3984 1615 4038 Dorotliei
1665 3992 1718 4037 et
1750 3981 1996 4038 Victoris.
2030 3985 2086 4036 lu

2202 2817 2341 2869 mani
2378 2834 2388 2868 :
2422 2816 2511 2883 qui
2565 2819 2633 2870 ob
2682 2809 3066 2870 confessionem
3123 2812 3327 2883 Domini
3371 2810 3528 2883 jussu
3561 2809 3791 2866 Viatoris

2202 2882 2589 2955 prmfecti’jussi
2620 2897 2739 2939 sunt
2764 2887 3037 2939 decollari.
3070 2886 3158 2945 A..
3186 2882 3385 2955 Eodem
3410 2882 3500 2955 die
3524 2883 3792 2955 depositio

2196 2958 2254 3011 S.
2284 2956 2301 2993 ί
2332 2952 2550 3010 Romani
2616 2956 3059 3025 Rotliemagensis
3112 2952 3527 3025 archiepiscopi.
3576 2953 3653 3025 Τ.
3709 2954 3792 3018 IL,

2198 3026 2314 3095 Ipso
2344 3029 2431 3082 die
2477 3029 2527 3081 in
2557 3027 2795 3081 Caesarea
2826 3024 3175 3096 Cappadocia:
3216 3024 3389 3077 natale
3421 3024 3672 3096 Longini.
3709 3025 3791 3087 8.,

2200 3094 2254 3150 In
2285 3096 2527 3152 Caesarea
2558 3094 2917 3165 Cappadociae
2955 3098 3015 3151 S.
3046 3097 3257 3152 Serensi
3288 3104 3342 3149 et
3390 3094 3513 3147 alibi
3546 3095 3616 3165 8.
3652 3096 3792 3147 Lon-

2198 3168 2328 3237 gini.
2358 3168 2441 3230 Ι...
2478 3170 2530 3222 In
2558 3164 2798 3223 Caesarea
2827 3168 3176 3236 Cappadociae
3208 3167 3382 3233 passio
3415 3165 3510 3219 SS.
3526 3164 3791 3237 Longini,

2198 3234 2407 3303 Severi,
2440 3239 2663 3293 Victoris
2692 3248 2745 3293 et
2777 3234 3047 3294 Dorothei.
3084 3239 3146 3292 Et
3194 3239 3253 3293 S.
3300 3239 3323 3276 ε
3354 3234 3604 3292 Severini
3633 3234 3793 3291 Colo-

2202 3309 2401 3364 niensis
2426 3311 2662 3379 arcltiep.
3464 3352 3467 3353 ν
3672 3322 3679 3329 ’

2266 3403 2358 3457 24.
2380 3402 2544 3470 -ζιΧ
2582 3403 2718 3458 ΚΑΙ..
2760 3402 2922 3457 Vacat
2952 3400 3132 3456 Basda.

2270 3496 2439 3550 Vacat
2462 3497 2619 3550 etiam
2647 3496 2966 3550 Divionense
2996 3510 3121 3557 ms.,
3153 3493 3256 3549 nisi
3282 3493 3421 3563 quod
3449 3507 3514 3548 ex
3544 3493 3795 3562 sequenti

2198 3568 2284 3619 die
2311 3566 2377 3620 de
2410 3583 2527 3621 XLVI
2568 3566 2821 3619 militibus
2864 3567 2948 3619 hic
2999 3567 3165 3634 posita
3216 3580 3314 3617 suo
3353 3564 3551 3618 deinde
3588 3565 3711 3618 loco
3744 3565 3795 3617 in

2198 3637 2370 3691 liaedte
2416 3646 2670 3691 contextu
2718 3646 3045 3703 repetantur.
3079 3637 3136 3689 Β.
3166 3635 3229 3689 ν.
3264 3634 3349 3699 C.,
3395 3635 3447 3687 In
3482 3634 3795 3688 Nicomedia

2200 3707 2422 3778 Vitalis,
2456 3706 2668 3773 Felicis,
2704 3707 2924 3778 Rogati,
2959 3703 3790 3778 VictoriteLFlaviani,’Victoris

2203 3776 2288 3849 [Β.
2320 3794 2422 3832 ant.
2454 3774 3069 3849 Victoria...'Victoris].
3118 3778 3187 3849 Α.
3224 3776 3423 3849 Ῑηιλη
3471 3774 3797 3849 ΔΝἰιξυηλθᾴξςι

2206 3844 2380 3902 natale
2404 3850 2616 3919 Rogati,
2647 3849 2882 3919 Flaviani
2917 3844 3196 3919 etVitalis.
3223 3846 3284 3899 T.
3311 3848 3369 3901 L.
3416 3847 3625 3919 addunt
3646 3844 3794 3919 Feli-

2205 3920 2305 3983 cis,
2336 3914 2713 3985 Pappérii.B.,
2740 3918 3002 3987 Hierapoli
3035 3918 3275 3987 Phrygia:
3306 3920 3480 3973 natale
3508 3916 3611 3973 SS.
3636 3914 3795 3969 Clau-

2198 3988 2363 4052 diani,
2397 3990 2714 4055 Eleutherii,
2744 3989 2880 4044 Justi
2908 3999 2961 4044 et
2983 3988 3236 4044 Victoris.

1906 4072 2112 4128 SMITH
2151 4075 2384 4133 NOTAE.

578 4177 606 4207 ει
636 4165 890 4238 Philippi.
921 4164 986 4219 Hi
1016 4165 1270 4238 ecclesias
1296 4165 1474 4238 claudi
1503 4173 1557 4238 et
1579 4165 1793 4238 spoliari
1823 4163 1971 4232 jussu
1994 4164 2087 4219 Ju-

502 4238 636 4297 liani
684 4235 789 4307 per
823 4237 1033 4306 iniquos
1070 4235 1334 4307 praesides
1366 4235 1738 4307 prohibebant,
1773 4244 1827 4289 et
1872 4238 1940 4290 ob
1991 4237 2091 4290 hoc

504 4304 701 4367 multis
718 4304 1001 4361 tormentis
1028 4304 1413 4365 afficiebantnr,
1445 4305 1750 4358 carceribus
1775 4320 1875 4370 sc.,
1909 4307 2094 4360 vincu-

506 4380 599 4444 lis,
633 4378 877 4446 llagellis,
910 4377 978 4431 ad
1010 4378 1252 4429 ultimum
1282 4390 1409 4429 vero
1440 4374 1769 4429 flammarum
1812 4376 2089 4433 incendio:

507 4451 607 4506 sed
636 4448 849 4503 Domini
880 4448 1073 4502 virtute
1112 4446 1345 4500 roborati
1377 4460 1542 4512 usmte
1584 4447 1633 4499 in
1663 4447 1842 4510 finem,
1876 4448 1928 4500 in
1960 4463 2093 4502 con-

2277 4177 2300 4205 θ
2332 4169 2603 4225 Seruandi.
2650 4167 2751 4235 Qui
2802 4168 2854 4221 in
2904 4166 3273 4235 persecutione
3321 4165 3638 4219 Diocletiani
3685 4168 3786 4222 sub

2202 4239 2419 4295 Viatore
2439 4241 2641 4294 vicario
2669 4248 2785 4307 post
2816 4240 3059 4300 verbera,
3089 4237 3389 4307 squalorem
3421 4237 3677 4307 carceris,
3710 4237 3789 4290 fa-

2203 4312 2303 4364 mis
2330 4327 2392 4367 ac
2422 4314 2537 4365 sitis
2581 4306 2851 4379 iujtiriam,
2884 4318 2937 4363 et
2969 4306 3259 4374 longissimi
3292 4306 3498 4379 itineris
3529 4307 3789 4370 laborem,

2202 4396 2361 4450 quem
2409 4383 2550 4436 ferro
2593 4375 2768 4433 onusti
2823 4375 3502 4450 pertulerunt,_novissime
3550 4380 3790 4450 martyrii

2204 4447 2287 4505 sui
2316 4467 2527 4507 cursum
2558 4452 2714 4505 ca-sis
2737 4448 3034 4503 cervicibus
3077 4447 3463 4515 impleverunt;
3504 4462 3571 4500 ex
3601 4447 3790 4515 quibus

508 4520 746 4576 fessione
783 4520 1017 4573 nominis
1054 4516 1172 4585 ejus
1199 4494 1620 4585 perseverarunt.
1652 4519 1708 4571 S.
1738 4494 2014 4573 Arius/is.
2045 4518 2098 4573 in
2127 4494 2182 4553 D
2204 4494 2805 4584 "Gerrunaiiu'suE‘i‘t-ieritze,
2840 4494 3375 4587 ServandueriSpali
3413 4494 3661 4572 conditus
3687 4494 3785 4572 est:

510 4593 756 4661 apologia
783 4590 850 4643 de
884 4589 1004 4661 fuga
1036 4587 1222 4661 ευθβά
1252 4587 1529 4661 Constant.

586 4604 668 4645 οιο
711 4605 756 4643 ta
783 4604 850 4643 oe
884 4604 937 4643 tu
976 4604 1004 4640 a
1036 4604 1130 4641 sua
1156 4604 1222 4641 ao
1252 4604 1529 4641 bonStanl.

586 4659 616 4701 δ
645 4604 898 4715 (gratiam.
942 4604 1219 4714 Ferrarius
1268 4659 1320 4711 in
1348 4657 1516 4729 (latal.
1548 4657 1792 4712 Generali
1822 4674 1943 4713 eum
1977 4675 2101 4729 pas-

511 4745 635 4789 sum
666 4732 851 4786 scribit
894 4732 947 4785 in
984 4729 1255 4783 territorio
1292 4726 1657 4793 llalbianensi,
1691 4726 2005 4799 dubitatque
2033 4746 2101 4785 an

515 4802 771 4858 dicendus
798 4803 865 4855 sit
895 4802 1169 4857 Gatianns.
1737 4830 1753 4845 .

591 4884 614 4911 ο
645 4871 964 4927 Theodoriti.
996 4871 1175 4925 Potius
1202 4868 1488 4923 Theodori.
1516 4870 1683 4943 Quem
1706 4870 1945 4943 Julianus
1969 4873 2097 4943 imp.

510 4953 703 5013 utpote
759 4957 1030 5013 sacrorum
1100 4956 1348 5013 vasorum
1422 4940 1799 5013 Antiochensis
1851 4940 2103 4997 Ecclesiae

514 5010 819 5079 custodem,
850 5012 941 5081 qui
972 5027 1156 5066 eorum
1190 5012 1433 5064 notitiam
1466 5010 1678 5065 tradere
1706 5012 1929 5079 valeret,
1960 5029 2103 5068 com-

511 5088 846 5157 prehensum
870 5083 1189 5157 gravissime
1219 5082 1495 5157 cruciavit.
1543 5083 1783 5157 Cumque
1800 5084 2101 5157 interior—

516 5152 697 5211 menta
758 5152 891 5209 forti
932 5154 1111 5207 animo
1155 5153 1538 5221 respondisset,
1585 5163 1640 5207 et
1688 5155 1738 5205 in
1790 5152 2104 5208 Christianae

520 5228 647 5282 fidei
695 5224 1034 5281 confessione
1094 5224 1371 5277 enituisset
1400 5268 1414 5291 ,
1463 5224 1529 5275 ad
1586 5232 1881 5279 extremum
1932 5224 2104 5292 gladio

516 5313 639 5351 eum
688 5296 993 5351 obtruncari
1039 5293 1220 5363 jussit.
1276 5293 1545 5348 Sozonntv.
1592 5292 1736 5348 Eccl.
1783 5295 1915 5348 llist.
1964 5312 2015 5361 v,
2046 5293 2098 5347 8.

515 5368 643 5425 Fuit
680 5378 735 5423 et
764 5368 897 5420 alius
927 5364 1240 5419 Theodorus
1286 5380 1314 5417 a
1344 5366 1649 5433 gentilibus,
1680 5364 1889 5419 Juliano
1936 5366 2101 5432 impe-

516 5448 698 5504 rante,
744 5439 878 5492 adeo
904 5438 1191 5501 cruciatus,
1226 5444 1285 5489 ut
1322 5452 1439 5489 cum
1471 5436 1846 5501 dimitteretur,
1878 5436 1967 5489 ille
1998 5452 2103 5490 non

521 5510 751 5576 amplius
802 5508 1038 5561 victurus
1090 5514 1384 5576 putaretur.
1436 5506 1625 5561 Verum
1674 5507 1809 5560 Deus
1851 5506 2102 5574 juvenem

523 5578 801 5633 servavit:
832 5588 956 5646 post
1007 5576 1143 5631 hanc
1191 5576 1331 5631 enim
1377 5578 1764 5632 confessionem
1810 5576 2104 5631 diutissime

524 5648 838 5718 supervixit.
881 5650 1127 5703 Socrates
1159 5648 1353 5713 111,19,
1407 5647 1694 5714 Usuardns,
1746 5648 1863 5703 Ado
1911 5648 2103 5717 aliique

516 5721 848 5780 recentiores
878 5719 1018 5774 hunc
1048 5720 1301 5787 postridie
1328 5720 1528 5773 colunt.

592 5790 864 5845 d-Felicis.
907 5790 983 5845 De
1019 5790 1103 5845 his
1130 5790 1371 5859 superius
1398 5789 1515 5845 vide
1544 5788 1683 5843 diem
1720 5804 1827 5845 xxx
1858 5789 2104 5855 Augusti‘.‘

2202 4594 2339 4649 Auo.

2276 4661 2297 4700 ί
2333 4661 2575 4717 Romani.
2612 4659 2735 4715 Fuit
2770 4668 2948 4714 autem
2994 4658 3109 4729 ejus
3149 4660 3291 4714 sedis
3332 4658 3615 4729 episcopus
3648 4657 3787 4712 vice-

2202 4736 2372 4789 simus
2398 4733 2607 4798 ordine,
2638 4730 2879 4798 seditque
2916 4745 3057 4785 anno
3083 4730 3208 4794 622,
3239 4739 3297 4783 ut
3328 4729 3515 4783 tabulae
3543 4729 3661 4797 ejus
3692 4730 3787 4783 Ec-

2201 4806 2382 4860 clesue
2414 4804 2549 4871 apud
2586 4802 2970 4855 Detnocharem
3004 4802 3259 4855 indicant.

2278 4884 2297 4913 μ
2332 4874 2583 4930 Severini.
2635 4873 2781 4925 llunc
2820 4871 3137 4926 Severinum
3190 4874 3360 4940 ipsum
3408 4884 3527 4924 esse
3575 4881 3780 4933 putant,

2202 4946 2290 5015 qui
2315 4943 2619 4998 Coloniensi
2644 4942 2900 5015 Ecclesia:
2928 4953 3156 5015 praeerat
3188 4954 3426 5013 tempore
3454 4942 3513 4995 S.
3538 4940 3782 5015 Martini;

2202 5011 2353 5083 cujus
2390 5016 2593 5069 obitum
2624 5012 2900 5075 divinitus,
2933 5012 3055 5065 licet
3099 5011 3323 5076 absens,
3357 5014 3675 5083 cognovisse
3702 5011 3783 5083 tli-

2203 5080 2338 5140 cit'ur
2374 5088 2465 5138 lib.
2495 5100 2510 5137 ι
2541 5088 2607 5137 de
2636 5084 2821 5137 Mirac.
2864 5084 2921 5136 S.
2952 5083 3164 5136 Martini
3205 5099 3323 5147 cap.
3356 5082 3413 5146 4,
3446 5095 3565 5147 qua:
3608 5080 3781 5133 omnia

2203 5157 2576 5209 describuntur
2622 5155 2673 5207 in
2717 5167 2963 5207 sermone
3008 5154 3073 5207 ab
3117 5154 3338 5221 antiquo
3381 5162 3600 5205 auctore
3638 5153 3780 5203 edito

2204 5227 2343 5292 apud
2368 5228 2579 5280 Snrium
2611 5226 2697 5278 die
2727 5239 2854 5277 χχιιι
2885 5223 3098 5286 0ctoh.,
3132 5224 3218 5276 tibi
3254 5224 3401 5290 plura
3430 5223 3495 5276 de
3526 5233 3697 5275 morte
3728 5232 3781 5274 ct

2203 5296 2451 5363 sepulcro
2483 5296 2778 5355 habentur;
2823 5294 2963 5362 quod
2994 5294 3404 5363 Burdigalenscs
3450 5293 3779 5363 quampluri-

2205 5382 2347 5421 mutn
2379 5376 2719 5421 venerantur.
2746 5363 2971 5431 Quidam
3003 5362 3180 5419 autem
3213 5365 3527 5420 Severinum
3562 5362 3647 5416 hic
3677 5379 3784 5414 nie-

2205 5450 2467 5492 moratum
2512 5453 2543 5492 e
2570 5435 2874 5491 Trevirensi
2922 5438 3172 5505 episcOpo
3214 5438 3278 5488 ad
3311 5438 3492 5505 sedem
3525 5434 3784 5499 Burdiga-

2205 5508 2405 5563 lensem
2455 5509 2729 5562 transiisse
2775 5503 2979 5570 volunt,
3029 5522 3163 5574 quos
3213 5505 3405 5561 refellit
3449 5503 3690 5558 Cointius
3720 5504 3783 5555 ad

2204 5594 2291 5632 an.
2326 5580 2447 5643 51i7,
2479 5596 2530 5634 n.
2563 5580 2615 5634 9.
2664 5576 2791 5631 Vide
2816 5574 3029 5644 Lopesii
3058 5576 3368 5639 HiStoriam,
3401 5586 3455 5629 et
3481 5574 3545 5631 (Ξ.
3580 5575 3781 5628 'l‘uron.

2205 5651 2271 5704 de
2301 5648 2478 5704 Gloria
2506 5651 2671 5717 conf.,
2709 5664 2831 5701 XLV.
2873 5647 3149 5701 Coloniam
3188 5647 3347 5703 etiam
3378 5648 3494 5714 ejus
3523 5646 3783 5717 reliquim,

2207 5731 2355 5789 parte
2380 5715 2664 5791 Aquitanis
2686 5720 2890 5786 relicta,
2921 5719 3212 5774 honorifice
3240 5717 3413 5773 allatae
3441 5724 3583 5772 sunt.
3619 5715 3777 5770 GIIIN.

2208 5794 2332 5849 SEN.
