4064 6346
595 296 732 362 1085

1331 294 1530 353 ΒΕΒᾹΞ
1569 295 2014 358 VENERABILIS
2051 294 2199 357 OPP.
2240 293 2416 352 PARS
2451 293 2537 354 ιν.
2581 325 2650 340 -
2686 295 3064 354 ΠΙΞΤΟΒΙΟΑ.

3703 297 3845 355 ἱυὲι

1825 407 1971 462 EDl'l
1987 408 2050 462 l0
2087 405 2546 468 COLONIENSIS.

591 499 845 574 martyrio
873 507 992 555 sunt
1035 499 1292 556 coronati.
1333 498 1527 556 Scribit
1566 501 1752 556 beatus
1789 499 2081 572 Cyprianus
2110 501 2160 554 in
2191 500 2242 570 Δ
2269 509 2322 553 et
2351 508 2553 568 septem
2600 498 2861 553 ordinavit
2894 495 3172 566 diaconos,
3215 498 3302 568 qui
3349 497 3692 556 custodirent
3728 493 3844 571 cpi;

590 591 811 661 epistola
834 590 897 644 ad
920 589 1277 653 confessores,
1306 588 1386 643 his
1412 587 1585 646 verbis
1611 604 1623 641 :
1651 588 1719 644 Ut
1741 589 2055 655 sequamini,
2084 591 2160 644 in-

592 685 726 754 quit,
751 685 802 738 in
834 682 1078 738 omnibus
1107 681 1453 752 Rogatianum
1482 682 1848 752 presbyterum
1876 684 2160 752 gloriosum

591 790 800 841 senem,
831 776 969 830 viam
1002 775 1150 829 vobis
1189 775 1252 828 ad
1294 774 1512 846 gloriam
1546 776 1711 830 nostri
1753 777 2010 843 temporis
2036 777 2151 830 relic

589 868 733 940 giosa
788 867 996 932 virtute,
1051 875 1105 922 et
1149 866 1325 921 divina
1364 866 1666 936 dignatione
1707 866 2025 930 facientem;
2073 866 2163 935 qui

588 971 708 1012 cum
740 955 1071 1013 Felicissimo
1126 957 1289 1012 fratre
1328 965 1509 1014 nostro
1538 957 1717 1026 quieto
1765 971 1976 1025 semper
2002 966 2053 1011 et
2078 971 2162 1010 so-

592 1047 708 1103 brio
736 1047 1006 1117 excipiens
1055 1047 1354 1104 ferocientis
1398 1048 1573 1118 populi
1615 1047 1894 1115 impetum,
1935 1047 2160 1117 primum

590 1134 880 1208 hospitium
931 1138 1077 1196 vobis
1117 1138 1170 1194 in
1219 1152 1430 1194 carcere
1461 1139 1797 1208 praeparavit,
1840 1147 1894 1193 et
1939 1147 2165 1202 metator

591 1228 980 1300 quodammodo
1009 1238 1205 1296 vester,
1239 1245 1378 1284 nunc
1407 1244 1614 1298 quoque
1659 1243 1751 1307 vos
1790 1230 2072 1286 antecedit.
2109 1229 2161 1284 In

591 1319 896 1375 Nicomedia
943 1321 1114 1375 natale
1164 1321 1380 1375 Luciani
1433 1329 1486 1373 et
1539 1318 1720 1386 Filori,
1780 1320 2069 1378 Heraclidae
2111 1331 2165 1377 et

592 1412 862 1468 Martialis.
889 1412 1086 1466 Eodem
1117 1413 1206 1470 die
1234 1413 1399 1472 sancti
1429 1412 1656 1466 Amandi
1679 1412 2024 1468 confessoris;

661 1503 722 1559 Ε.
767 1503 827 1556 Vl
871 1503 1108 1558 KALEND.
1150 1503 1385 1559 Novus.
1418 1531 1484 1544 --
1513 1503 1569 1558 In
1602 1502 1866 1571 Hispaniis
1888 1487 2060 1558 'Abula
2093 1505 2168 1558 ci-

589 1596 752 1652 vitate
783 1597 958 1652 natale
1004 1605 1308 1651 sanctorum
1345 1596 1603 1650 Vincentii
1628 1639 1642 1661 ,
1681 1595 1892 1652 Sabinae
1950 1605 2002 1650 et
2044 1596 2162 1652 Cri-

564 1699 801 1756 .stestes,
836 1691 920 1759 qui
956 1690 1124 1758 primo
1171 1689 1304 1744 adeo
1343 1689 1395 1743 in
1425 1699 1655 1758 equuteo
1683 1696 1804 1742 sunt
1833 1689 2065 1755 extenti,
2113 1697 2168 1742 ut

591 1796 780 1836 omnes
830 1797 1116 1852 compages
1164 1781 1525 1837 membrorum
1582 1795 1764 1836 e0rum
1827 1780 2162 1846 laxarentur;

2267 603 2485 656 scopum
2512 588 2906 658 praedicantem.
2933 590 3002 644 Et
3021 590 3196 662 vigilia
3223 591 3585 660 apostolorum
3608 591 3847 650 Simonis

2263 689 2317 737 et
2345 679 2510 740 Iuda).

2337 775 2400 829 G.
2445 776 2481 830 V
2521 772 2765 834 KALEND.
2805 774 3139 831 Novau.--
3162 774 3349 831 Natale
3380 784 3687 831 sanctorum
3720 789 3848 846 apo-

2263 868 2539 933 stolorum,
2573 868 2806 924 Simonis
2843 865 3152 933 Chananmi,
3215 868 3304 936 qui
3332 877 3387 922 et
3415 867 3627 922 Zelotes
3655 868 3850 922 scribi-

2266 965 2369 1021 tur,
2396 967 2450 1012 et
2479 957 2716 1022 Thadzei,
2748 956 2837 1026 qui
2875 956 3034 1011 etiam
3082 957 3245 1011 Judas
3293 955 3475 1012 Jacobi
3528 955 3747 1024 legitur,
3796 966 3853 1010 et

2263 1050 2389 1104 alibi
2417 1051 2712 1119 appellatur
2756 1047 3048 1114 Lebbaaus',
3089 1047 3232 1117 quod
3261 1047 3640 1117 interpretatur
3666 1062 3854 1100 cereno

2265 1142 2432 1196 cuius.
2490 1142 2532 1196 E
2563 1141 2751 1212 quibus
2799 1140 3059 1196 Tliadaeus
3089 1141 3228 1209 apud
3259 1139 3700 1209 Mesopotamiam
3721 1181 3737 1206 ,
3770 1138 3858 1193 Si-

2269 1248 2394 1287 mon
2419 1248 2547 1288 vero
2575 1233 2711 1301 apud
2749 1231 3036 1302 ngyptum
3079 1233 3305 1286 traditur
3336 1233 3700 1302 prmdicasse:
3729 1231 3858 1288 inde

2267 1323 2424 1377 simul
2457 1323 2727 1378 Persidem
2761 1322 3009 1390 ingressi,
3052 1336 3176 1376 cum
3209 1322 3330 1376 ﬁdei
3363 1324 3701 1377 innumeram
3729 1337 3854 1390 gen-

2269 1413 2335 1470 tis
2383 1415 2523 1468 illius
2571 1413 2967 1470 multitudinem
3014 1413 3392 1478 subdidissent,
3441 1423 3496 1468 et
3557 1414 3851 1468 Ecclesiam

2271 1508 2364 1563 Dei
2395 1508 2498 1564 late
2524 1508 2634 1578 jam
2661 1507 2932 1564 fundatam
2959 1507 3219 1570 viderent,
3247 1506 3562 1576 martyrium
3592 1507 3666 1559 ibi
3695 1520 3854 1559 cursu

2272 1601 2528 1668 temporis
2556 1600 2853 1668 explentes,
2905 1599 3061 1654 beato
3105 1599 3400 1653 certamine
3445 1611 3855 1652 consummave-

2270 1701 2415 1756 runt,
2459 1689 2752 1745 ltonoriﬁce
2799 1689 2990 1758 sepulti
3037 1702 3066 1741 a
3111 1689 3316 1756 populis
3342 1687 3691 1752 Christianis,
3723 1701 3854 1755 quos

2276 1781 2499 1840 Domino
2527 1780 2627 1848 ipsi
2659 1787 2973 1850 genuerunt.
3004 1777 3189 1832 Romae
3228 1785 3427 1834 sancta:
3457 1774 3700 1845 Cyrillaa,
3736 1775 3856 1829 lilia:

591 1872 785 1961 deinde
832 1874 1002 1943 capita
1033 1889 1215 1928 eorum
1247 1872 1510 1944 lapidibus
1563 1875 1856 1942 supposita,
1900 1885 1954 1928 et
1999 1889 2165 1942 usque
2192 1859 2241 1920 Β
2273 1875 2414 1960 Decii
2444 1871 2694 1937 Caesaris,
2736 1887 2853 1939 quae
2881 1886 2912 1926 a
2943 1870 3167 1927 Claudio
3207 1869 3444 1940 principe
3488 1869 3730 1938 iugulata
3777 1879 3860 1922 est

591 1967 656 2018 ad
684 1967 1052 2020 excussionem
1077 1965 1279 2020 cerebri
1309 1965 1493 2019 validis
1515 1975 1638 2019 sunt
1660 1967 1899 2020 vectibus
1921 1975 2162 2031 Contusa,

591 2065 748 2125 atque
779 2057 849 2110 ita
882 2055 1189 2126 martyrium
1221 2059 1656 2125 compleverunt,
1697 2067 1887 2126 agente
1944 2058 2169 2125 praeside

591 2141 838 2200 Datiano.
871 2147 1022 2216 Apud
1054 2147 1240 2217 Thyle:
1269 2156 1526 2211 castrum,
1551 2149 1724 2202 natale
1751 2149 1915 2202 sancti
1947 2148 2170 2203 Floren-

592 2234 650 2289 tii
678 2237 946 2305 martyris.
990 2235 1173 2290 Romae
1215 2237 1648 2306 Evaristipapte,
1693 2239 1778 2306 qui
1822 2239 1959 2292 sedit
2004 2253 2171 2294 annos

591 2340 802 2390 novem,
831 2326 931 2380 sub
954 2327 995 2380 Τ
999 2327 1183 2395 rajano
1216 2329 1471 2399 martyrio
1501 2338 1803 2395 coronatur,
1833 2331 2069 2397 sepultus
2093 2338 2173 2384 cst

596 2416 654 2476 in
688 2417 959 2474 Vaticano.
994 2417 1090 2478 Iiic
1118 2419 1391 2476 constituit
1412 2421 1545 2474 duos
1569 2421 1621 2474 in
1649 2419 1779 2474 urbe
1809 2421 2173 2492 presbyteros,

2270 1955 2445 2034 gladio
2471 2003 2485 2028 ,
2521 1973 2573 2018 et
2601 1964 2808 2032 sepulta
2837 1978 2867 2017 a
2895 1962 3105 2020 Justino
3135 1961 3449 2030 presbytero
3471 1999 3486 2024 ,
3529 1975 3652 2013 cum
3692 1969 3861 2013 matre

2271 2069 2386 2121 sua,
2415 2054 2566 2124 juxta
2593 2063 2835 2112 sanctum
2869 2052 3232 2123 Hippolytum.
3277 2050 3409 2105 Item
3457 2051 3631 2104 sancti
3666 2049 3864 2130 Fidelis

2273 2149 2540 2220 martyris.

2349 2245 2411 2294 Α.
2457 2242 2519 2295 IV
2561 2241 2796 2298 lineae.
2840 2238 3081 2298 Novum.
3111 2268 3181 2279 —-
3208 2237 3396 2294 Natale
3425 2237 3597 2294 sancti
3629 2235 3860 2292 Narcissi

2277 2331 2738 2401 Jcrosolymorutn
2770 2332 3030 2400 episcopi,
3067 2329 3167 2385 viri
3191 2331 3474 2386 sanctitate
3502 2339 3559 2385 et
3589 2329 3857 2398 patientia,

2277 2437 2340 2482 ac
2370 2424 2474 2479 ﬁde
2519 2423 2823 2484 laudabilis.
2861 2424 3073 2481 Accidit
3099 2423 3383 2493 aliquando
3424 2423 3478 2478 in
3510 2423 3600 2480 die
3641 2422 3862 2479 solemni

1837 2511 2066 2567 EDITIO
2105 2511 2613 2572 BOLLANDIANA.

665 2607 754 2664 27.
781 2637 850 2648 —-
875 2606 942 2662 Vl
981 2607 1116 2661 ΚΑΙ..
1162 2606 1323 2660 Vacat
1353 2605 1526 2661 Bazda.

665 2702 854 2756 Florus
879 2701 931 2754 in
957 2702 1022 2756 A.
1049 2700 1113 2756 Τ.
1138 2698 1199 2754 L.
1222 2715 1237 2754 :
1262 2699 1444 2754 Romae
1474 2698 1530 2754 S.
1559 2699 1585 2728 ετ
1610 2698 1852 2764 Evaristi,
1877 2697 1963 2768 qui
1991 2707 2173 2753 sextus

592 2802 712 2863 post
740 2792 947 2848 Petrum
977 2794 1127 2846 annis
1157 2807 1367 2854 novem,
1398 2789 1668 2846 mensibus
1699 2789 1966 2853 undecim,
1990 2788 2174 2844 Eccle-

592 2886 723 2940 siam
773 2883 1066 2938 Romanam
1115 2899 1346 2952 regens,
1407 2883 1733 2954 temporibus
1780 2883 2064 2938 Domitiani
2119 2890 2174 2938 et

593 2975 782 3033 Nerva:
823 2977 1074 3048 martyrio
1103 2985 1407 3034 coronatur.

667 3068 734 3139 Β.
758 3067 911 3139 (1.1).
944 3067 1184 3139 V.A.__’l‘.
1213 3068 1299 3134 L.,
1333 3066 1516 3136 Vigilia
1551 3067 1913 3136 apostolorum
1940 3067 2176 3139 Simonis

597 3147 651 3210 et
699 3138 936 3210 Thadaei.
987 3138 1048 3190 Ο.
1083 3137 1172 3204 V.,
1201 3139 1258 3192 lu
1305 3139 1482 3193 Al‘rica
1517 3139 1817 3210 Polycarpi.
1842 3139 1939 3210 7V.,
1976 3138 2175 3210 Romae

601 3208 855 3264 Marciani
883 3252 896 3275 ,
925 3210 1173 3272 Luciani,
1209 3211 1496 3272 Marciani,
1535 3208 1764 3264 Floriani
1786 3251 1802 3274 ,
1838 3209 2006 3263 Lucii.
2037 3209 2175 3262 Alibi

596 3278 658 3334 S.
690 3278 977 3334 Florentii.
1001 3279 1084 3345 (3.,
1119 3279 1303 3334 Romze
1330 3323 1344 3343 ,
1375 3279 1615 3334 Martiani
1636 3321 1649 3342 ,
1684 3280 1866 3345 Lucii,
1897 3279 2172 3334 Florentii.

596 3353 665 3404 A.
693 3349 755 3406 Τ.
789 3349 874 3416 L.,
909 3351 964 3405 In
999 3352 1241 3404 Sardinia
1286 3349 1387 3406 SS.
1419 3351 1583 3412 Victi,
1637 3351 1775 3404 Proti
1816 3361 1869 3404 et
1899 3350 2172 3404 Florentii.

2354 2607 2418 2662 Et
2448 2607 2629 2663 Romae
2653 2607 2712 2664 S.
2741 2606 2958 2678 Cyrillte
2985 2606 3108 2662 ﬁlia
3141 2604 3290 2662 Decii
3315 2604 3570 2672 Ctnsaris,
3602 2620 3724 2676 quae
3759 2606 3856 2660 sub

2288 2699 2311 2726 θ
2334 2696 2562 2776 Claudio
2593 2698 2830 2767 principe
2864 2697 3101 2768 jugulata
3131 2705 3187 2752 et
3223 2705 3410 2752 necata
3452 2705 3537 2752 est
3564 2697 3782 2766 gladio:
3805 2705 3863 2752 et

2280 2788 2483 2856 sepulta
2514 2805 2542 2842 a
2593 2788 2803 2846 Justino
2845 2787 3157 2858 presbytero
3201 2801 3320 2843 cum
3355 2797 3526 2843 matre
3571 2803 3668 2842 sua
3719 2788 3866 2858 juxta

2280 2878 2336 2936 ὃ.
2373 2878 2740 2950 Hippolytum.

2356 2971 2543 3028 Florus
2574 2973 2626 3028 in
2653 2971 2722 3027 A.
2751 2970 2814 3028 Τ.
2843 2970 2930 3038 Ι..,
2962 2970 3084 3040 Ipso
3111 2969 3198 3027 die
3241 2969 3422 3040 passio
3459 2969 3565 3031 SS.
3597 2969 3620 3008 ί
3642 2971 3869 3028 Vincen—

2287 3061 2342 3116 tii
2372 3101 2388 3127 ,
2418 3061 2630 3115 Sabinm
2673 3070 2728 3116 et
2755 3060 3079 3129 Cliristctaa,
3121 3062 3211 3130 qui
3260 3060 3405 3132 passi
3455 3072 3585 3118 sunt
3636 3063 3690 3117 in
3737 3063 3868 3118 urbe

2282 3157 2457 3220 Avila.
2485 3156 2586 3222 Qui
2609 3157 2918 3226 singillatim
2946 3171 3158 3214 sursum
3181 3169 3245 3212 ac
3271 3157 3526 3212 deorsum
3558 3158 3608 3212 in
3641 3161 3864 3227 equulco

2281 3261 2405 3310 sunt
2445 3252 2693 3316 extensi,
2724 3250 3033 3306 divaricatis
3072 3250 3437 3306 membrorum
3473 3254 3823 3322 compagibus
3845 3295 3860 3318 ,

2248 3394 2256 3401 .
2287 3355 2341 3398 et
2370 3344 2618 3413 dissipati
2651 3345 2988 3400 verberibus.
3022 3344 3089 3400 Et
3117 3359 3237 3399 cum
3287 3360 3388 3399 nec
3424 3346 3502 3399 sic
3531 3345 3860 3408 deﬁcerent,

595 3417 1493 3511 ξπ,ῳδδιὶιὲᾳειέιυρξξμοιτὶοιιξθιξξθ
1517 3421 2171 3511 ξεδιιὶρηέῇξόίιξυδηΥτίὲ·
2205 3449 2249 3511 C
2283 3439 2418 3492 colla
2473 3437 2737 3505 lapidibus
2787 3437 3102 3506 supposita,
3164 3436 3303 3504 fuste
3361 3438 3596 3506 desuper
3652 3441 3864 3494 cerebro

599 3488 690 3556 L.,
725 3491 841 3558 ipso
868 3492 955 3544 die
983 3492 1037 3542 S.
1067 3500 1088 3527 ο
1112 3490 1396 3543 Itictrudis.
1425 3491 1508 3554 B.,
1535 3492 1718 3545 Natale
1871 3488 2172 3556 Mariniani,

601 3559 776 3630 Lucii,
806 3560 966 3630 Victi.
999 3559 1055 3630 in
1089 3561 1336 3614 Sardinia
1369 3563 1545 3614 natale
1577 3564 1633 3616 S.
1667 3563 1884 3615 Florini.
1921 3562 1974 3614 In
2009 3561 2179 3630 Phry-

601 3630 686 3699 gia
711 3629 806 3686 SS.
828 3629 1007 3695 Tarci,
1035 3629 1060 3666 ά
1083 3630 1385 3700 Polycarpi,
1412 3630 1582 3698 Gagii,
1614 3633 1857 3694 Metrobi,
1885 3629 2175 3686 Eumenius.

671 3717 763 3789 28.
786 3764 856 3776 -
880 3733 921 3789 V
948 3733 1084 3790 Kac.
1119 3733 1305 3789 Natale
1353 3743 1659 3789 sanctorum
1703 3734 2066 3802 apostolorum
2099 3733 2182 3790 Si-

599 3827 775 3885 monis
801 3836 857 3884 et
885 3826 1107 3888 Tbadei.

673 3919 901 3975 Additur
924 3923 973 3974 in
997 3923 1058 3974 A.
1087 3921 1148 3974 Τ.
1172 3919 1233 3973 L.
1268 3938 1279 3972 :
1326 3919 1475 3986 Quia
1503 3919 1818 3985 templorum
1850 3915 2180 3982 pontiﬁcibus

599 3992 766 4046 occisi
795 4002 916 4045 sunt
948 3992 998 4044 in
1028 3992 1223 4046 Suanis
1246 3989 1461 4044 civitate
1496 4003 1685 4057 magna
1714 3990 1850 4057 apud
1880 3987 2175 4041 Persidam.

602 4062 691 4127 3.,
723 4062 778 4116 In
807 4065 1026 4117 civitate
1054 4077 1242 4132 magna
1270 4061 1493 4116 Silantis
1521 4061 1659 4128 apud
1689 4059 1986 4113 Persidem.

2284 3529 2466 3594 illiso,
2516 3530 2610 3583 tali
2666 3529 2926 3599 martyrio
2973 3528 3372 3595 consummati,
3416 3530 3622 3598 pariter
3673 3531 3865 3584 animas

2286 3619 2638 3676 tradiderunt.

2285 3783 2310 3837 ί
2360 3710 2524 3794 B.,.ln
2557 3708 2880 3780 Carthagine
2921 3710 2982 3766 S.
3009 3696 3317 3766 Suﬂratiani
3359 3719 3414 3764 ct
3443 3709 3502 3766 S.
3532 3709 3709 3766 Rituti
3752 3727 3868 3766 mn-

2308 3797 2522 3837 essorts.
2769 3795 2771 3798 ·

2308 3797 2522 3837 θεδοηε.
2769 3795 2771 3798 ’

2358 3873 2448 3928 29.
2473 3903 2540 3913 ——
2569 3872 2634 3928 IV
2661 3872 2798 3928 ΚΑΙ..
2831 3872 2998 3934 Vacat
3027 3875 3209 3932 Baeda.

2363 3963 2551 4020 Florus
2596 3965 2648 4018 in
2682 3965 2748 4030 Α.
2779 3964 2843 4020 Τ.
2878 3966 2962 4028 ι...
2995 3965 3199 4026 Eodem
3248 3965 3336 4021 die
3381 3966 3563 4021 natale
3611 3965 3673 4022 S.
3708 3965 3874 4019 SPun-

2293 4055 2421 4108 tiani
2455 4068 2605 4123 papa:
2651 4063 2706 4108 et
2736 4055 3021 4122 martyris:
3052 4055 3146 4126 qui
3189 4056 3259 4111 ab
3289 4056 3600 4112 Alexandro
3648 4057 3871 4125 impera-
3923 4079 3930 4086 -

1997 4151 2082 4210 SM
2093 4149 2202 4205 lTll
2243 4147 2472 4205 NOTAE.

678 4243 968 4316 “Evaristi.
1004 4244 1098 4299 ilic
1139 4243 1236 4298 fuit
1279 4242 1489 4316 natione
1518 4241 1756 4316 Graecus,
1793 4243 2174 4316 Antiochenps,

604 4333 668 4374 ex
701 4323 849 4386 patre
874 4313 1004 4386 Juda
1037 4316 1106 4386 de,
1123 4317 1338 4370 civitate
1370 4315 1658 4369 Bethleem.
1691 4311 1968 4386 Vixit_non
2000 4311 2173 4386 solum

605 4383 932 4454 temporibus
963 4383 1240 4440 Domitiani
1291 4395 1346 4440 et
1373 4385 1579 4453 Nervm,
1611 4385 1704 4439 sed
1750 4394 1802 4440 et
1824 4383 2060 4455 Trajani,
2093 4400 2184 4440 se-

605 4459 1001 4528 tlitque_annos
1032 4455 1310 4528 duodecim
1360 4466 1416 4528 et
1450 4456 1651 4524 aliquot
1693 4471 1905 4528 menses
1952 4457 2018 4510 ab
2046 4471 2186 4511 anno

607 4523 736 4585 Chr.
766 4523 856 4591 95,
894 4525 1171 4581 Domitiani
1201 4527 1260 4579 17
1283 4536 1335 4581 et
1362 4523 1648 4581 Clenientis
1677 4527 1950 4581 consulatu
1981 4536 2185 4590 notato,
2214 4523 2224 4572 Ὗ

608 4603 843 4668 obiitque
871 4611 1009 4650 anno
1033 4595 1158 4668 1708,
1183 4613 1365 4651 mense
1395 4613 1456 4668 ac
1481 4596 1669 4652 diebus
1688 4594 1937 4668 incertis.
1990 4598 2192 4652 Colitur

612 4665 850 4741 quidem,
881 4669 1030 4741 iusta
1063 4667 1365 4741 llarottiutn,
1401 4667 1486 4722 die
1521 4665 1941 4741 xxvt_0ctobris,
1977 4668 2195 4741 legit-Lir-

613 4737 716 4808 que
746 4739 797 4792 in
827 4737 1063 4793 auctiore
1091 4737 1357 4792 Chronico
1386 4749 1623 4791 veterum
1659 4737 1971 4791 Pontiﬁcum
1999 4755 2008 4788 :
2045 4757 2062 4788 ι
2096 4739 2194 4808 Se-

618 4807 794 4878 pultus
839 4820 917 4862 cst
956 4810 1099 4878 juxta
1129 4823 1318 4877 corpus
1358 4809 1417 4865 S.
1450 4808 1592 4862 Petri
1626 4809 1677 4862 in
1712 4808 1964 4862 Vaticano
1993 4825 2041 4862 Vl
2075 4807 2193 4862 Kal.

617 4881 950 4936 Novembris.
990 4897 1010 4930 ι
1048 4880 1151 4936 Sed
1189 4881 1304 4934 dies
1346 4881 1634 4946 primorum
1678 4879 1982 4947 pontiﬁcum
2026 4880 2197 4948 potius

618 4954 684 5007 ad
715 4953 916 5016 aliquas
945 4965 1127 5003 eorum
1154 4952 1529 5003 translationes
1551 4964 1707 5018 quam
1731 4952 1794 5002 ad
1824 4958 2010 5003 eorutn
2045 4959 2196 5004 nata-

619 5024 689 5078 ‘ia
722 5022 986 5091 pertinere
1017 5021 1280 5091 videntur.

694 5087 1002 5146 b’ltanmtdi‘.
1053 5089 1454 5160 ArcbiepiseOpi
1501 5087 1790 5153 Hiberniae,
1833 5091 1924 5160 qui
1967 5091 2199 5145 desertis

531 5189 536 5209 ι
625 5164 793 5234 patria
837 5171 889 5216 et
929 5159 1393 5234 archiepiscopatu
1424 5160 1791 5234 ‘Dubliuiensi,
1825 5159 2047 5234 Ruinam
2081 5163 2198 5226 ivit,

621 5231 677 5292 et
723 5234 843 5288 inde
888 5232 1065 5284 habita
1113 5231 1378 5300 pontiﬁcis
1423 5231 1991 5300 benedictionc,juxla
2029 5234 2200 5300 angeli

620 5305 1010 5375 apparitionent
1057 5319 1122 5356 co
1173 5304 1457 5375 pervenit,
1501 5302 1600 5375 ubi
1645 5301 1852 5375 Scaldis
1907 5304 2094 5375 ﬂuvius
2123 5302 2202 5375 Ῠὶη

623 5371 774 5432 mare
799 5388 858 5428 se
885 5381 1165 5438 exonerat,
1197 5373 1296 5427 hoc
1324 5385 1424 5437 est,
1453 5371 1519 5427 ad
1557 5372 1891 5427 Mechliniam
1912 5412 1928 5435 ,
1959 5373 2044 5426 tibi
2071 5374 2204 5428 adeo

625 5447 750 5502 ﬁdei
778 5445 1076 5500 rudimenta
1107 5444 1358 5512 populum
1387 5442 1637 5505 edocuit,
1669 5451 1726 5496 ut
1770 5446 1956 5498 merito
1989 5443 2204 5496 Mecbli-

626 5517 893 5571 niensium
939 5515 1212 5579 apostolus
1267 5514 1542 5570 habeatur.
1601 5517 1756 5569 Anno
1807 5528 1932 5568 vero
1979 5514 2102 5576 775,
2153 5513 2205 5567 in

627 5589 778 5643 feriis
810 5586 1081 5653 Baptistae,
1111 5587 1215 5640 duo
1257 5586 1434 5640 sicarii
1463 5601 1582 5639 eum
1621 5583 1896 5639 securibus
1927 5584 2207 5637 interiece-

630 5668 773 5712 runt.
823 5656 1025 5712 Natalis
1075 5656 1378 5711 celebratur
1423 5655 1717 5711 Mechlinitc.
1759 5654 2012 5709 Kalendis
2055 5655 2208 5708 Julii.

631 5728 931 5784 Translatio
975 5737 1152 5782 autem
1198 5728 1372 5794 aliqtta
1417 5727 1574 5781 hodie
1633 5718 1769 5780 laeta
1814 5726 2020 5780 videtur
2048 5743 2058 5776 :
2087 5741 2207 5777 cor—

627 5817 732 5866 pus
778 5809 954 5854 autem
1005 5799 1120 5867 ejus
1165 5799 1431 5855 elevatutn
1476 5806 1559 5852 est
1621 5810 1742 5866 post
1787 5796 2207 5867 quinquennium

2293 4243 2359 4296 ab
2401 4239 2515 4310 ejus
2540 4238 2702 4310 ,obitu
2731 4277 2744 4301 ,
2793 4244 2849 4310 ut
2890 4244 3101 4310 conatat
3153 4250 3220 4292 ex
3259 4235 3405 4292 Actis
3444 4232 3504 4290 S.
3555 4234 3806 4292 Romaldi
3844 4251 3871 4292 δ

2291 4306 2446 4369 Surio
2489 4309 2644 4368 editis
2688 4309 2739 4364 in
2788 4306 2968 4362 Junio.

2373 4386 2392 4412 ε
2421 4379 2704 4434 Rictrudis.
2733 4378 2860 4448 Ejus
2889 4376 3004 4433 dies
3027 4377 3214 4448 natalis
3235 4376 3536 4446 celebratur
3564 4392 3637 4430 χιι
3663 4377 3804 4432 Maii.

2369 4450 2722 4522 dPolycarpi.
2777 4447 2876 4504 llic
2907 4448 2959 4502 in
3008 4448 3182 4506 Africa
3234 4449 3478 4516 superius
3529 4460 3722 4515 passus
3766 4462 3874 4502 esse

2295 4523 2506 4579 dicitur.

2375 4603 2396 4631 ο
2428 4591 2662 4647 Claudio.
2695 4591 2875 4646 Potius
2918 4589 3016 4650 sub
3046 4587 3327 4644 Valeriano
3370 4597 3424 4643 et
3451 4587 3716 4643 Gallieno.
3745 4587 3870 4641 Mar-

2301 4665 2494 4736 tyrium
2528 4663 2666 4717 enim
2683 4676 2850 4736 passa
2881 4670 2963 4736 est
2986 4659 3177 4736 eodem
3207 4673 3348 4736 anno
3371 4674 3432 4736 ac
3453 4660 3511 4736 S,_.
3539 4660 3873 4736 Laurentius.

2297 4727 2387 4805 q'ui
2428 4749 2585 4800 supra
2617 4732 2811 4786 colitur
2841 4747 2871 4786 x
2900 4729 3142 4805 Augustii
3189 4741 3240 4805 ct
3285 4727 3346 4784 S.
3374 4728 3618 4805 Justinus
3649 4732 3737 4798 qui
3764 4746 3871 4805 eam

2299 4800 2516 4874 sepeliit
2541 4805 2788 4874 proximo
2818 4817 2957 4856 anno
2990 4817 3035 4874 iv
3067 4800 3304 4870 rjusdem
3335 4803 3536 4855 mensis
3566 4801 3873 4874 martyrium

2301 4870 2489 4932 Subiit.
2510 4870 2758 4944 Corrigas
2791 4874 2970 4944 igitur,
2998 4872 3182 4936 lector,
3204 4883 3392 4944 notam
3417 4887 3574 4944 quam
3596 4870 3664 4925 de
3687 4870 3878 4944 δριμε-

2304 4952 2416 5001 tino
2446 4961 2605 5014 supra
2657 4941 2902 5016 dedimus
2929 4952 3041 5016 ,_et»
3067 4957 3169 5016 pro
3203 4941 3362 4995 Decio
3388 4942 3593 5016 ,_Ga|_lo
3638 4950 3694 4993 et
3729 4941 3876 4994 anuo

2299 5020 2454 5082 siano
2481 5058 2494 5081 ,
2516 5011 2830 5078 'Gallieuutn
2867 5024 2920 5068 et
2955 5011 3286 5068 Valerianum
3321 5011 3497 5080 potius
3537 5012 3879 5080 imperatores

2341 5103 2490 5140 01185.

2413 5103 2490 5138 as.

2305 5103 2406 5193 μορ
2443 5155 2711 5210 Vincentii.
2747 5152 2807 5208 lii
2832 5163 2884 5218 et
2903 5167 3063 5221 supra
3093 5152 3431 5207 celebrantur
3456 5167 3584 5206 xxvi
3614 5149 3700 5206 die
3731 5150 3878 5218 hujus

2303 5241 2529 5284 mCHSIS.

2382 5306 2403 5341 ξς
2431 5296 2693 5354 Pontiani.
2728 5295 2784 5352 S.
2821 5292 3064 5350 Pontiani
3105 5292 3418 5362 martyrium
3466 5305 3607 5346 anno
3637 5291 3746 5345 9.5.3
3786 5292 3880 5344 ilii-

2305 5370 2532 5442 gandum
2591 5377 2690 5420 est.
2758 5367 2809 5420 In
2869 5365 3134 5442 Chronico
3187 5367 3329 5417 enim
3385 5363 3595 5442 Damasi
3649 5362 3882 5442 legitur:

2314 5433 2334 5492 ἕ
2367 5442 2655 5494 Pontianus
2685 5450 2855 5490 annos
2885 5437 3118 5501 quinque
3144 5475 3156 5496 ,
3205 5449 3417 5501 menses
3447 5433 3582 5486 duos
3608 5472 3624 5496 ,
3657 5433 3774 5496 dies
3801 5448 3883 5483 se-

2309 5521 2447 5580 ptem
2495 5525 2522 5561 a
2573 5499 3208 5580 consultuu__Potnpei_atti
3258 5499 3348 5580 et-
3377 5504 3802 5580 Peligttiani....__
3836 5504 3880 5580 l_n

2308 5572 2493 5636 eadem
2523 5579 2712 5640 insula,
2741 5576 2984 5631 Sardinia
3011 5572 3234 5638 scilicet,
3259 5572 3547 5628 discinctus
3577 5587 3658 5628 est.
3693 5590 3740 5626 tv
3765 5572 3879 5626 Kal.

2309 5650 2550 5707 Octobris
2577 5690 2593 5723 ,
2621 5659 2672 5723 et
2723 5649 2846 5723 loco
2862 5648 2984 5723 ejus
3014 5647 3288 5723 ordinatus
3317 5651 3659 5710 cst,Auteros
3691 5644 3883 5723 nbat.

2313 5716 2767 5776 Deeemthoss.
2819 5718 2912 5772 SS.
2949 5736 2968 5769 ι
3008 5719 3322 5772 AnaStasius
3366 5731 3458 5769 seu
3509 5726 3696 5768 auctor
3752 5716 3888 5780 Libri

2311 5793 2673 5866 Pontiﬁcalis,
2724 5790 2811 5853 qui
2862 5788 3164 5848 Chronicon
3215 5787 3428 5852 Damasi
3481 5787 3729 5856 legerat,
3779 5787 3893 5839 loco
