4064 6346
594 311 733 374 1087

1316 307 1517 366 BENE
1556 306 2013 365 VENERABIUS
2050 307 2200 360 OPP.
2244 305 2420 361 PARS
2460 307 2548 363 IV.
2588 336 2659 350 —
2696 307 3079 366 HISTORICA.

3733 314 3867 373 1088

1843 424 2068 479 EDITIO
2105 422 2568 481 COLONIENSIS.

599 524 801 580 iiacon.
826 566 840 592 ,
870 527 925 577 et
953 519 1165 576 Lucillte
1197 519 1320 574 filiae
1361 518 1481 589 ejus
1526 533 1662 589 quos
1694 526 1908 573 sanctus
1940 517 2173 585 pontifex
2207 523 2262 583 Α
2284 516 2369 571 die
2391 515 2657 571 Kalendas
2685 514 3004 571 Novembris
3025 557 3043 583 ,
3092 524 3147 572 et
3196 516 3247 573 in
3286 530 3469 591 crypta
3499 522 3871 581 venerabiliter

594 619 895 689 Stephanus
926 614 1233 683 baptizavit,
1266 615 1463 683 quique
1511 615 1683 680 ipsum
1724 612 2026 667 Nemesium
2057 611 2172 664 dia-

594 725 784 765 conem
834 708 1127 763 constituit.
1180 707 1278 773 Qui
1325 706 1679 761 decollatione
1728 704 1939 772 quidem
1990 704 2177 770 capitis

592 800 905 871 martyrium
936 798 1251 872 complevit,
1286 798 1445 850 simul
1472 811 1590 851 cum
1620 797 1743 859 lilia,
1775 797 1873 851 sub
1894 795 2177 849 Valeriano

589 903 640 947 et
669 891 930 957 Gallieno,
980 904 1164 945 octava
1220 887 1485 943 Kalendas
1532 888 1862 958 Septembris
1904 905 1918 941 :
1953 886 2176 956 ejusque

589 999 783 1052 corpus
812 999 840 1038 a
866 984 1022 1039 beato
1052 980 1328 1051 Stephano
1375 996 1508 1050 papa
1550 981 1602 1035 in
1634 981 1820 1035 eodem
1855 981 1971 1033 loco
1999 979 2179 1047 sepul~

589 1086 733 1145 tum;
763 1078 857 1133 sed
885 1093 913 1132 a
940 1078 1096 1133 beato
1124 1076 1273 1132 Sixto
1304 1074 1552 1144 pontifice
1576 1083 1759 1143 postea
1780 1072 2038 1137 levatum,
2068 1070 2173 1138 pri-

2283 615 2549 662 curatum.
2586 607 2640 660 ln
2671 606 2842 662 Gallia
2882 607 3080 677 oppido
3113 607 3521 667 Viromandensi
3553 613 3730 668 natale
3753 631 3872 671 san.

2282 700 2351 753 cti
2383 699 2642 767 Quintini,
2682 700 2773 768 qui
2821 700 2925 755 sub
2973 701 3294 757 Maximiano
3334 705 3661 775 imperatore
3690 723 3870 777 passus

2282 801 2384 855 est,
2414 800 2467 846 et
2497 802 2614 859 post
2662 806 2832 845 annos
2882 792 3265 864 quinquaginta
3317 798 3553 866 quinque
3601 799 3868 855 inventqu

2284 892 2386 948 est,
2419 884 2688 937 revelante
2714 898 2909 953 corpus
2936 885 3052 954 ejus
3080 888 3292 966 angelo,
3319 900 3372 944 et
3393 893 3664 959 sepultum
3691 902 3871 947 octava

2285 974 2555 1030 Kalendas
2576 975 2723 1030 Julii.
2749 974 2815 1030 Et
2835 977 3014 1047 vigilia
3036 979 3284 1035 Omnium
3307 980 3625 1038 Sanctorum
3678 987 3870 1042 Eodem

2284 1067 2375 1122 die
2402 1069 2573 1123 sancti
2611 1068 2885 1139 Volfgangi
2917 1072 3149 1142 episcopi
3178 1083 3232 1129 et
3261 1075 3606 1136 confessoris.

1797 1182 2025 1237 EDITIO
2067 1178 2569 1237 BOLLANDIANA.

606 1280 738 1347 tine,
771 1280 975 1350 inquit,
1004 1287 1253 1334 constans
1280 1286 1426 1343 esto,
1457 1275 1679 1330 viriliter
1707 1290 1804 1344 age
1824 1315 1841 1340 ,
1871 1289 1970 1344 ego
2000 1281 2176 1327 autem

592 1372 760 1427 adero
789 1371 906 1429 tibi.
936 1372 1249 1440 Rursusque
1290 1378 1573 1425 catenatus
1607 1368 1965 1423 incarcerem
2000 1365 2178 1420 reclu-

599 1463 747 1519 ditur
773 1487 783 1517 :
810 1464 899 1517 ubi
929 1462 1167 1533 angelica
1197 1462 1403 1517 visione
1437 1475 1583 1523 usus,
1616 1460 1885 1528 ductuque
1906 1458 2028 1527 ejus
2061 1457 2180 1511 uni-

493 1596 509 1605 .
588 1569 778 1611 versas
808 1556 1039 1611 carceris
1068 1553 1337 1608 custodias
1364 1550 1653 1615 transiens,
1682 1548 1747 1604 ad
1779 1551 1949 1604 locum
1978 1557 2177 1605 osten—

586 1661 708 1707 Sum
739 1649 963 1703 veniens
984 1691 998 1716 ,
1031 1648 1185 1716 longa
1217 1647 1426 1715 pupulis
1458 1644 1840 1715 praedicatione
1881 1653 2128 1713 perorata
2156 1683 2171 1707 ,

599 1739 772 1795 ferme
801 1740 867 1794 ad
898 1748 1180 1793 sexcentos
1210 1738 1352 1791 viros
1384 1751 1554 1806 usque
1579 1737 1859 1791 convertit.
1895 1735 2007 1802 Qua
2035 1735 2176 1788 indi-

594 1831 847 1899 gnatione
898 1830 1235 1886 Rictiovarus
1285 1829 1689 1894 stomachatus,
1743 1828 2007 1882 intantum
2061 1834 2177 1881 tro-

2290 1272 2475 1326 volatu
2522 1271 2719 1328 coelum
2770 1283 3066 1343 penetrare.
3114 1276 3350 1352 [Corpus
3378 1297 3510 1339 vero
3546 1285 3669 1356 ejus
3696 1331 3713 1356 ,
3744 1291 3871 1359 quod

2293 1365 2348 1420 in
2383 1365 2544 1421 fluvio
2578 1365 2826 1423 Somena:
2856 1369 3289 1439 subplumbatum
3323 1375 3535 1445 fuerat,
3565 1391 3689 1447 post
3711 1398 3871 1439 annos

2284 1457 2672 1529 quinquaginta
2704 1459 2938 1529 quinque
2967 1462 3179 1517 cuidam
3213 1465 3469 1520 Romanae
3518 1479 3786 1527 matronae
3814 1475 3872 1529 ab

2286 1551 2479 1620 angelo
2508 1552 2807 1606 revelatum
2837 1562 2941 1618 est,
2969 1564 3023 1607 et
3050 1554 3118 1611 ab
3147 1556 3333 1611 eadem
3363 1558 3644 1615 inventum
3676 1563 3730 1617 in
3768 1581 3869 1619 mu-

2289 1642 2491 1712 nicipio
2539 1643 2679 1713 quod
2712 1644 2953 1715 Augusto
2996 1645 3481 1703 Viromanduorum
3515 1666 3868 1724 nuncupatur,

2279 1748 2375 1786 vni
2408 1733 2522 1788 Kal.
2553 1733 2681 1789 Julii
2712 1736 3001 1803 sepultum.
3030 1738 3296 1821 Scriptum
3327 1741 3380 1795 in
3410 1740 3589 1797 Gestis
3617 1745 3791 1819 ejus.]
3823 1746 3869 1803 In

2278 1823 2588 1878 Nicomedia
2645 1825 2823 1894 passio
2872 1828 2929 1879 S.
2986 1826 3200 1883 Eusebii
3245 1831 3375 1899 :qui
3423 1841 3668 1901 tempore
3714 1836 3871 1892 Maxi-

585 1921 757 1975 chleis
789 1922 1024 1989 torqueri
1067 1920 1326 1990 prmcepit
1350 1958 1365 1983 ,
1401 1929 1461 1973 ut
1491 1919 1729 1973 membra
1762 1918 1877 1987 ejus
1910 1917 1957 1970 vi
2002 1916 2177 1972 duris-
2208 1915 2252 1973 Β
2284 1915 2449 1969 miani
2480 1916 2829 2003 imperatoris
2863 1918 2965 1972 sub
2995 1919 3262 1975 Maxentio
3293 1923 3519 1989 praeside
3559 1928 3759 1994 capitis
3788 1928 3870 1984 ab-

586 2015 722 2069 sima
769 2015 904 2068 solvi
951 2024 1295 2085 cogerentur.
1328 2014 1550 2083 Insuper
1588 2022 1643 2066 et
1688 2012 1956 2066 resticulis
1986 2010 2177 2065 ferreis

586 2120 710 2163 eum
760 2109 932 2173 caedi,
983 2117 1039 2164 et
1101 2109 1278 2162 oleum
1328 2109 1595 2173 candens,
1644 2105 1815 2174 picem
1866 2115 1921 2159 et
1967 2103 2174 2173 adipem

589 2197 1044 2253 ferventissimum
1078 2200 1237 2254 dorso
1279 2199 1576 2269 applicari;
1626 2198 1829 2251 calcem
1878 2204 1933 2249 et
1964 2205 2174 2251 acetum

584 2288 921 2359 sinapitnque
949 2291 1029 2344 ori
1070 2291 1189 2359 ejus
1218 2290 1465 2358 infundi,
1513 2291 1819 2357 iterumque
1851 2287 2172 2353 ponderosis

582 2381 788 2435 catenis
840 2381 1037 2436 collum
1083 2381 1361 2451 colligari,
1397 2391 1453 2435 et
1495 2381 1631 2435 duos
1682 2383 1841 2437 sudes
1893 2382 2093 2435 ferreos
2139 2395 2169 2434 a

583 2470 794 2526 cervice
825 2487 994 2541 usque
1026 2473 1093 2526 ad
1121 2487 1299 2537 crura,
1330 2473 1566 2543 itemque
1594 2472 1781 2528 decem
1814 2475 1995 2528 clavos
2028 2472 2171 2525 inter

581 2563 814 2635 ungulas
843 2574 898 2620 et
937 2580 1205 2621 carcerem
1253 2566 1414 2636 jussit
1465 2566 1724 2634 transfigi.
1754 2566 1956 2633 Quibus
1990 2565 2168 2618 divina

581 2654 921 2722 protectione
976 2655 1290 2723 superatis,
1348 2655 1413 2707 ad
1471 2655 1716 2709 ultimum
1780 2656 1955 2723 capite
2009 2654 2168 2723 jussit

580 2744 781 2815 plecti,
810 2753 865 2800 et
891 2759 1087 2815 corpus
1117 2746 1257 2800 illius
1304 2756 1458 2800 nocte
1498 2747 1549 2800 in
1582 2747 1742 2800 ﬂuvio
1770 2744 2158 2814 subplumbari.

581 2838 981 2905 Amputatoque
1024 2837 1222 2906 capite,
1270 2839 1419 2892 velut
1462 2839 1709 2893 columba
1758 2837 1982 2893 candida
2026 2837 2163 2891 sicut

2282 2009 2551 2064 scissione
2594 2010 2908 2079 martyrium
2953 2015 3364 2069 consummavit.

2356 2138 2553 2193 Primis
2595 2138 2746 2194 uncis
2790 2140 2994 2195 inclusa
3036 2142 3088 2196 in
3130 2158 3234 2198 ms.
3280 2144 3530 2201 Laztiensi
3574 2148 3680 2203 hoc
3719 2151 3873 2207 modo

2283 2232 2505 2285 brevius
2550 2232 2945 2288 contrahuntur
2991 2252 3005 2288 :
3057 2236 3175 2302 Quo
3221 2249 3497 2307 comperto
3540 2242 3872 2300 Rictiovarus

2280 2320 2566 2393 prarfectus
2612 2327 2851 2379 vinctum
2912 2326 2979 2379 ad
3037 2341 3096 2382 se
3152 2328 3308 2398 jubet
3365 2331 3607 2399 adduci,
3654 2346 3709 2389 et
3762 2348 3872 2405 post

2283 2415 2431 2485 plura
2477 2415 2741 2485 supplicia
2791 2417 3067 2483 carceris,
3106 2418 3483 2487 vinculorum,
3530 2424 3864 2480 diversorum

2277 2508 2589 2574 verberum,
2633 2507 2702 2562 ad
2747 2519 3047 2564 extremum
3094 2512 3269 2566 oleum
3311 2513 3574 2581 candens,
3616 2525 3721 2571 etc.
3776 2518 3870 2572 lie-

2275 2598 2417 2667 liqua
2461 2599 2531 2654 de
2567 2600 2875 2656 inventione
2917 2602 3160 2672 corporis
3191 2605 3441 2660 similiter
3478 2609 3632 2664 uncis
3664 2612 3869 2682 signata

2275 2695 2470 2749 desunt
2512 2695 2566 2750 in
2608 2697 2972 2753 Atrebatensi.

2346 2785 2404 2866 Υ.
2534 2786 2717 2869 Natale
2846 2789 3096 2869 Quintini
3120 2791 3230 2869 [G.,
3255 2793 3445 2864 quinti]
3474 2795 3746 2869 Martyris,
3780 2800 3869 2855 Fc.

2272 2857 2405 2930 licis,
2441 2857 2964 2930 Qoinatietaliorum
2996 2857 3181 2930 viginti
3211 2857 3444 2919 novem:
3481 2866 3542 2919 Β.
3579 2857 3635 2923 Ιῆ
3685 2857 3861 2926 Mace-

581 2925 671 2983 nix
719 2941 845 2981 mox
884 2927 998 2982 visa
1026 2938 1108 2983 est
1154 2930 1219 2984 de
1248 2929 1536 2999 collo_ejus
1566 2930 1710 2985 exire
1735 2968 1754 2996 ,
1800 2938 1856 2984 et
1885 2929 2161 2983 liberrimo
2191 2917 2237 2980 C
2269 2917 2429 2982 donia
2459 2928 2555 2983 SS.
2591 2928 2799 2994 Vitalis,
2828 2930 2996 2998 Petri,
3028 2917 3606 2997 cresceritii,iAlteﬁrni_.

589 3083 3841 3125 W

620 3168 626 3173 ’
1866 3206 2559 3291 NOVEMBER.

1830 3384 2054 3441 EUITiO
2091 3387 2564 3445 COLONIENSIS.

1168 3481 1560 3549 NOVEMBER,

960 3575 1129 3630 Habet
1155 3577 1261 3629 dies
1294 3592 1431 3641 xxx,
1453 3575 1627 3628 lunam
1661 3590 1790 3628 xxx.

654 3669 716 3724 D.
744 3666 983 3724 KALEND.
1006 3668 1250 3724 Novsnn.
1268 3700 1339 3708 —
1363 3668 1643 3724 Festivitas
1670 3668 1921 3722 Omnium
1953 3667 2172 3724 Sancto-

577 3777 717 3819 rum.
753 3761 973 3817 Petente
999 3777 1228 3831 namque
1257 3777 1387 3831 papa
1432 3760 1700 3815 Bouifacio
1724 3801 1739 3824 ,
1768 3760 1930 3828 jussit
1960 3759 2167 3815 Phocas

583 3854 873 3923 imperator
900 3855 950 3908 in
976 3854 1143 3908 veteri
1173 3854 1295 3907 fano
1315 3897 1331 3919 ,
1374 3852 1514 3921 quod
1546 3849 1819 3905 Pantheon
1852 3850 2163 3916 vocabatur,

577 3956 632 4002 et
659 3962 689 4000 a
717 3947 1013 4002 Domitiano
1043 3948 1188 4015 prius
1229 3947 1424 4001 factum
1453 3955 1567 4000 erat
1586 3987 1602 4012 ,
1632 3946 1819 3999 ablatis
1852 3944 2163 3999 idololatria:

576 4039 844 4107 sordibus,
871 4041 1158 4097 ecclesiam
1190 4040 1359 4095 beata:
1387 4054 1599 4108 semper
1629 4040 1847 4107 virginis
1876 4037 2077 4103 Mariae,
2108 4046 2162 4092 et

2280 3485 2517 3537 omnium
2550 3484 2663 3538 fieri
2694 3491 2986 3554 martyrum
3016 3527 3030 3551 ,
3084 3495 3140 3541 ut
3188 3487 3276 3542 ubi
3326 3493 3599 3556 quondam
3640 3498 3866 3553 omnium

2281 3592 2385 3632 non
2405 3577 2651 3642 deorum,
2681 3577 2775 3631 sed
2794 3576 3100 3631 daemonum
3122 3580 3300 3635 cultus
3318 3584 3601 3651 agebatur,
3631 3588 3704 3641 ibi
3724 3589 3865 3644 dein—

2279 3682 2407 3735 ceps
2452 3667 2692 3721 omnium
2741 3668 2893 3723 fieret
2932 3672 3187 3724 memoria
3228 3683 3535 3728 sanctorum
3582 3697 3594 3730 :
3641 3696 3762 3747 qua:
3807 3683 3868 3736 ab

2276 3759 2371 3813 illo
2401 3770 2644 3828 tempore
2674 3759 2724 3813 in
2756 3758 3005 3814 Kalendis
3050 3761 3389 3830 Novembris,
3440 3766 3490 3820 in
3546 3770 3681 3824 urbe
3712 3770 3869 3825 Roma

2278 3852 2505 3907 celebris
2533 3861 2588 3906 et
2617 3852 2884 3920 generalis
2912 3854 3085 3923 agitur
3107 3895 3125 3921 ,
3174 3857 3267 3911 sed
3298 3860 3349 3911 in
3381 3858 3590 3928 Galliis,
3621 3875 3867 3921 monente

2270 3954 2472 3998 sancta:
2518 3944 2910 3999 recordationis
2959 3945 3222 4015 Gregorio
3272 3950 3549 4019 pontifice,
3606 3956 3871 4023 piissimus

2270 4033 2572 4089 Ludovicus
2620 4036 2912 4103 imperator
2959 4038 3210 4092 omnibus
3256 4043 3404 4111 regni
3433 4044 3517 4098 sui
3567 4057 3619 4100 et
3670 4048 3869 4117 imperii

1782 4149 2005 4204 EDITIO
2045 4147 2555 4204 BOLLANDIANA.

655 4247 707 4300 1.
740 4274 812 4287 -
837 4246 1123 4301 KALENDIS.
1157 4246 1438 4302 Festivitas
1466 4246 1703 4299 omnium
1731 4244 2070 4298 Sanctorum.
2102 4244 2168 4297 Et
2195 4244 2246 4304 D
2271 4250 2325 4295 ct
2351 4254 2513 4295 canes
2558 4241 2767 4297 feroces
2814 4241 3093 4297 duodecim
3143 4259 3263 4298 cum
3293 4260 3360 4301 eo
3400 4248 3739 4308 incluserunt
3783 4270 3872 4324 per

576 4340 630 4394 in
661 4337 850 4393 Castro
884 4340 1081 4393 Diveon
1132 4341 1305 4394 natale
1334 4339 1391 4395 S.
1443 4339 1658 4407 Bcnigni
1698 4337 2013 4407 presbyteri,
2047 4334 2167 4403 ‘qui

579 4446 701 4487 cum
733 4429 1010 4484 Andochio
1034 4433 1467 4499 compresbytero
1497 4440 1550 4483 et
1589 4428 1761 4499 Tyrso
1784 4428 2009 4483 diacono
2039 4426 2169 4481 mis-

581 4537 673 4577 sus
702 4530 785 4578 est
806 4536 835 4575 a
865 4522 922 4575 S.
957 4522 1209 4589 cpiscOpo
1242 4522 1535 4591 l’olycarpo
1564 4520 1632 4574 ab
1674 4520 1894 4574 Oriente
1936 4518 2163 4573 Galliam

578 4622 818 4684 tempore
864 4621 890 4649 ⁸
920 4613 1215 4668 Aureliani.
1249 4614 1349 4679 Qui
1376 4612 1753 4683 praedicatione
1781 4612 1895 4680 ejus
1927 4626 2170 4679 comper-

581 4714 655 4767 ta,
681 4703 708 4743 δ
742 4705 977 4759 vinctum
1002 4719 1121 4758 eum
1149 4716 1203 4759 et
1247 4720 1441 4759 caesum
1480 4706 1545 4760 ad
1588 4720 1646 4759 se
1677 4704 1866 4759 adduci
1897 4704 2165 4773 prrccepit:

576 4806 630 4852 et
653 4811 887 4862 rursum,
936 4796 1114 4850 audita
1154 4812 1460 4852 sermonum
1500 4797 1615 4866 ejus
1640 4797 1963 4860 constantia,
1994 4796 2173 4851 nervis

581 4890 885 4945 durissimis
915 4906 1034 4945 eum
1066 4892 1199 4946 credi
1241 4890 1385 4957 fecit,
1416 4901 1469 4946 et
1496 4890 1750 4945 Terentio
1799 4889 1981 4944 comiti
2012 4904 2172 4958 supe-

577 4980 801 5035 randum
845 4982 1079 5036 tradidit.
1105 4984 1150 5036 A
1175 4998 1280 5051 quo
1304 4982 1370 5035 ad
1403 4982 1665 5037 troclileas
1693 4993 1945 5037 extensus
1974 4992 2025 5035 et
2050 4996 2158 5037 ca:-

579 5086 670 5126 sus
726 5086 788 5126 ac
834 5087 1045 5127 rursum
1099 5073 1303 5129 carceri
1359 5075 1691 5145 mancipatus
1724 5116 1739 5141 ,
1814 5091 1970 5129 mane
2023 5074 2161 5128 idola

578 5160 778 5219 orando
824 5164 1108 5231 destruxit,
1154 5177 1207 5221 et
1250 5168 1501 5226 reductus
1528 5178 1609 5222 est
1667 5170 1717 5223 in
1749 5183 2040 5223 carcerem.
2068 5165 2164 5220 Cui

578 5257 796 5311 subulas
826 5258 1009 5313 decem
1039 5258 1273 5315 calentes
1306 5260 1357 5314 in
1395 5260 1641 5315 manibus
1681 5262 1931 5325 fixerunt,
1964 5268 2017 5313 et
2040 5274 2161 5313 cum

577 5347 794 5414 plumbo
824 5351 1050 5405 remisso
1081 5351 1243 5419 pedes
1271 5352 1324 5406 in
1368 5352 1542 5421 lapide
1584 5352 1854 5421 perforato
1906 5350 2159 5414 fixerunt,

2279 4344 2373 4385 sex
2404 4331 2539 4385 dies.
2571 4332 2636 4384 Et
2662 4331 2793 4384 aluit
2820 4347 2940 4386 eum
2968 4332 3190 4401 angelus
3221 4350 3357 4403 pane
3386 4338 3618 4402 cmlesti,
3655 4344 3872 4398 subulas

2273 4423 2514 4488 abstulit,
2558 4432 2612 4477 et
2658 4438 2780 4477 eum
2841 4423 2908 4477 de
2938 4424 3157 4491 plumbo
3186 4440 3248 4480 ac
3304 4426 3446 4481 ferro
3483 4431 3704 4495 eripuit.
3752 4433 3874 4491 Post

2274 4512 2397 4576 hoc,
2423 4512 2620 4566 collum
2649 4511 2765 4580 ejus
2788 4522 2941 4566 vecte
2970 4514 3149 4568 ferreo
3186 4515 3335 4570 tundi
3381 4531 3443 4571 ac
3487 4520 3673 4578 lancea
3713 4524 3869 4579 forari

2268 4604 2504 4675 jubetur.
2538 4606 2655 4671 Quo
2696 4606 2832 4659 facto
2870 4603 3116 4659 columba
3158 4607 3312 4661 nivea
3355 4608 3421 4663 de
3451 4625 3673 4666 carcere
3716 4616 3869 4669 Chri-

2275 4699 2462 4752 stianis
2491 4697 2872 4765 aspicientibus
2903 4697 2970 4750 ad
3000 4698 3167 4752 caelos
3212 4699 3476 4764 ascendit,
3500 4710 3557 4756 et
3588 4705 3724 4759 odor
3754 4722 3873 4761 sua-

2280 4789 2530 4869 vissimus
2585 4789 2735 4855 quasi
2797 4786 3027 4856 paradisi
3080 4799 3301 4844 secutus
3342 4799 3446 4845 est.
3502 4793 3872 4851 Descendente

2284 4880 2573 4935 Aureliano
2599 4894 2627 4931 a
2670 4879 2811 4946 loco,
2861 4880 3173 4947 supervenit
3204 4879 3268 4935 Β.
3312 4881 3578 4948 Leonilla,
3609 4897 3663 4940 et
3692 4890 3876 4942 condi.

2280 4981 2387 5027 tum
2423 4972 2754 5026 aromatibus
2799 4985 2993 5040 corpus
3048 4972 3209 5042 longe
3260 4972 3330 5028 ab
3378 4976 3495 5045 ipso
3544 4992 3765 5034 carcere
3786 4996 3872 5034 se-

2274 5066 2479 5135 pelivit.

2351 5164 2553 5219 Eodem
2584 5164 2671 5219 die
2720 5163 2910 5218 natalis
2939 5163 2997 5218 S.
3031 5161 3265 5219 Caesarei
3306 5164 3519 5219 diaconi
3568 5174 3625 5222 et
3677 5166 3874 5222 Iuliani

2275 5256 2571 5327 presbyteri
2618 5254 3116 5327 (Hactenus'A.);
3165 5255 3254 5325 qui
3303 5256 3550 5312 videlicet
3603 5256 3872 5314 Cmsarius

2277 5361 2516 5419 tempore
2549 5364 2571 5392 ε
2604 5350 2814 5407 Claudii
2848 5349 3075 5405 veniens
3121 5363 3189 5406 ex
3216 5349 3395 5406 Africa
3423 5350 3491 5406 ad
3522 5352 3871 5409 Terracinam

1976 5440 2179 5495 SMITH
2216 5439 2449 5498 NOTAE.

650 5534 679 5600 ξ
705 5528 987 5584 Aureliani.
1021 5530 1171 5585 Passi
1202 5541 1327 5585 sunt
1367 5534 1544 5600 potius
1584 5533 1683 5587 sub
1713 5532 1892 5587 Marco
1920 5534 2160 5588 Aurelio.

581 5595 854 5674 Qui-cnim
888 5600 1002 5675 ﬁeri
1032 5613 1208 5667 potest
1234 5595 1623 5675 utdiscipulus
1666 5604 1941 5675 Polycarpi
1976 5620 2162 5675 perve—

581 5672 904 5742 neritusque
932 5672 999 5724 ad
1031 5680 1270 5742 tempora
1294 5673 1611 5728 Aureliani?

580 5734 681 5868 In:
708 5734 881 5866 Χῗῖἱῗ
911 5734 1155 5810 vinctum,
1186 5752 1291 5799 etc.
1326 5773 1345 5808 ς
1394 5759 1566 5814 usque
1613 5745 1838 5816 ad‘Port
1885 5749 1978 5801 hoc
2005 5788 2018 5814 ,
2054 5762 2164 5803 om.

673 5847 689 5865 .
814 5825 845 5866 e
886 5848 902 5867 .

673 5847 689 5865 ο
714 5825 902 5867 ιλιι-ευ.

2352 5548 2373 5575 ο
2409 5535 2632 5591 Claudii.
2662 5532 2932 5589 Caesarius
2952 5546 3103 5605 vero,
3140 5549 3245 5590 non
3278 5534 3378 5590 sub
3419 5531 3644 5589 Claudio
3688 5551 3876 5605 passus

2274 5618 2398 5663 est:
2429 5609 2650 5661 Constat
2678 5608 2822 5660 enim
2876 5620 2941 5660 ex
2994 5604 3139 5663 Actis
3188 5606 3286 5663 SS.
3342 5607 3501 5662 Nerei
3538 5616 3595 5661 et
3649 5604 3874 5664 Achillei

2272 5679 2412 5746 quod
2449 5677 2731 5731 Domitillte
2755 5684 2809 5730 et
2836 5676 3107 5732 sociarum
3130 5692 3359 5747 corpora
3393 5677 3689 5747 sepultura:
3720 5695 3873 5733 nian-

2274 5747 2717 5817 daverit'l‘rajani
2752 5748 3104 5815 temporibus.
3149 5748 3266 5816 Qua
3296 5752 3508 5820 ratione
3551 5748 3714 5820 igitur
3753 5764 3853 5818 pos

2280 5834 2448 5874 annos
2474 5829 2684 5873 centum
2716 5826 2769 5875 et
2804 5820 3141 5889 septuaginta
3183 5822 3285 5876 sub
3319 5819 3544 5876 Claudio
3570 5822 3743 5891 potuit
3766 5834 3869 5877 co-
