4064 6346
183 373 331 437 1089

1320 376 1512 436 SECT.
1552 374 1619 434 Il.
1661 408 1731 420 —
1768 374 2330 438 MARTYROLOGIA.

3309 379 3447 441 1080

1441 491 1670 547 EDITIO
1706 492 2172 550 COLONIENSIS.
2682 549 2690 557 .

181 586 456 657 episcopis
481 585 957 650 consentientibus,
999 585 1187 642 statuit
1213 596 1268 642 ut
1296 586 1603 643 solemniter
1630 588 1775 643 feSti-
1801 595 1853 654 Α
1882 598 1987 645 tem
2018 591 2168 646 beata
2199 589 2465 656 Leonilla,
2512 595 2570 644 et
2607 587 2879 645 conditum
2911 588 3235 643 aromatibus
3260 603 3453 659 corpus

180 684 326 736 \‘itas
372 680 621 735 Omnium
668 679 986 735 Sanctorum
1039 682 1092 736 in
1133 682 1349 751 praefata
1390 682 1477 735 die
1500 680 1770 736 annuatim

180 785 453 844 perpetuo
499 782 767 842 ageretur.
821 773 993 841 Quam
1048 784 1288 829 sanctam
1341 774 1771 829 constitutionem

181 871 459 925 reverenti
492 871 672 924 animo
709 871 947 938 suscepit
985 870 1158 923 omnis
1188 868 1446 923 Ecclesia.
1498 869 1552 922 ln
1596 878 1773 923 castro

188 965 414 1015 Illt‘lone
463 961 638 1015 natale
682 961 854 1015 sancti
905 959 1125 1029 Benigni
1169 959 1481 1029 presbyteri,
1525 959 1614 1028 qui
1651 973 1771 1013 cum

183 1052 459 1105 Antiocho
489 1051 948 1121 compresbytero,
991 1060 1042 1105 et
1090 1050 1260 1118 Tyrso
1312 1051 1537 1104 diacono
1580 1052 1771 1104 missus

181 1155 331 1197 cst-a
361 1156 548 1198 sancto
582 1144 876 1213 Polyearpo
902 1144 969 1196 ab
995 1144 1209 1198 Uriente
1249 1143 1300 1197 in
1331 1144 1551 1197 Calliam
1578 1160 1589 1194 :
1623 1143 1773 1212 cujus

180 1235 573 1303 pra'dicatione
594 1249 774 1289 comes
795 1234 1076 1289 Terentius
1099 1243 1370 1303 comperta
1392 1236 1627 1288 vinctum
1650 1249 1771 1288 eum

176 1338 232 1381 et
262 1342 465 1381 caesum
496 1328 560 1381 ad
584 1342 641 1381 se
670 1326 859 1381 adduci
901 1327 1187 1395 praecepit;
1236 1333 1291 1381 et
1337 1340 1547 1379 rursum
1594 1324 1773 1379 audita

179 1434 497 1473 sermonum
537 1418 655 1489 ejus
700 1421 1020 1482 constantia,
1074 1417 1254 1472 nervis
1298 1417 1595 1472 durissimis
1639 1415 1775 1471 οωάί

178 1514 332 1570 fecit.
368 1513 496 1568 Post
527 1515 642 1569 htec
685 1513 750 1568 ad
800 1513 1064 1569 trocltleas
1110 1525 1362 1569 extensus
1401 1522 1454 1568 et
1500 1527 1690 1578 cassus,
1722 1520 1777 1568 et

179 1621 402 1661 rursum
431 1606 632 1661 carceri
661 1605 991 1675 mancipatus
1015 1646 1029 1670 ,
1081 1620 1240 1661 mane
1280 1605 1419 1660 idola
1450 1605 1652 1660 orando
1681 1604 1774 1661 de-

176 1698 401 1761 struxit,
434 1705 487 1749 et
512 1695 761 1750 reductus
791 1704 873 1749 est
902 1693 955 1750 in
984 1709 1288 1750 carcerem:
1326 1694 1409 1750 cui
1438 1694 1654 1750 subulas
1680 1695 1775 1751 de-

178 1804 302 1842 cem
334 1788 574 1842 ealentes
601 1788 652 1842 in
684 1787 931 1841 manibus
974 1788 1293 1852 inlixerunt,
1324 1795 1378 1840 et
1405 1799 1525 1841 cum
1554 1786 1774 1856 plumbo

177 1883 416 1939 remisso
448 1883 610 1953 pedes
642 1882 695 1938 in
726 1882 903 1951 lapide
942 1881 1213 1951 perforato
1244 1881 1499 1946 ﬁxerunt,
1532 1889 1585 1935 et
1612 1894 1775 1935 canes

1874 695 1979 735 non
2010 682 2163 751 longe
2189 682 2255 736 ab
2285 684 2399 751 ipso
2427 694 2643 736 carcere
2685 681 2949 749 sepelivit.
2991 680 3120 734 Item
3147 690 3450 737 sanctorum

1873 771 2091 829 Ctesarii
2122 775 2346 839 diaconi,
2377 783 2431 829 et
2459 773 2652 830 Juliani
2685 774 2981 843 presbyteri
3006 792 3018 839 ;
3042 776 3152 845 qui,
3185 775 3455 845 videlicet,

1873 863 2133 918 thsarius
2165 874 2401 933 tempore
2425 864 2627 919 Claudii
2657 866 2876 920 veniens
2905 881 2969 920 ex
3013 867 3191 920 Africa
3220 866 3285 919 ad
3315 867 3453 921 Ter-

1875 957 2109 1011 racinam
2137 955 2440 1025 Campaniae
2463 956 2755 1022 civitatem,
2778 957 2905 1011 dum
2932 967 3114 1011 contra
3146 955 3452 1012 idololatras

1874 1052 2254 1120 proclamaret,
2289 1051 2341 1103 in
2375 1048 2586 1118 publico
2618 1059 2794 1105 tentus
2823 1060 2905 1105 est
2947 1066 2974 1103 a
3018 1049 3253 1105 Firmino
3283 1050 3457 1118 ponti-

1876 1143 1994 1208 tice,
2024 1152 2077 1196 et
2103 1143 2154 1196 in
2183 1140 2479 1195 custodiam
2510 1140 2776 1203 reclusus;
2806 1141 2895 1195 ubi
2919 1140 3105 1195 diebus
3136 1140 3313 1194 multis
3345 1154 3455 1195 ma-

1874 1244 2108 1300 ceratus,
2136 1232 2328 1288 deinde
2360 1230 2583 1286 traditus
2612 1241 2695 1286 est
2725 1230 2949 1285 Leontio
2986 1231 3252 1285 consulari
3294 1228 3457 1283 Cam-

1877 1326 2077 1394 pattim:
2114 1340 2269 1393 quem
2302 1324 2387 1379 ille
2416 1340 2537 1379 cum
2569 1325 2748 1379 verbis
2774 1340 3028 1394 superare
3052 1326 3317 1394 nequiret,
3344 1324 3457 1393 jus-

1874 1418 1942 1472 sit
1970 1419 2202 1471 vinctnm
2232 1428 2358 1471 ante
2385 1426 2699 1485 carpentum
2738 1430 2890 1470 suum
2916 1418 3111 1471 ducere
3141 1416 3314 1485 ligatis
3345 1428 3459 1469 ma-

1876 1509 2033 1563 nibus
2066 1510 2261 1563 nmium
2290 1523 2459 1578 usque
2486 1509 2552 1561 ad
2595 1508 2847 1577 templum
2879 1508 3158 1577 Apollinis.
3190 1507 3307 1575 Quo
3334 1521 3456 1562 cum

1884 1602 2235 1670 pervenisset,
2268 1599 2333 1653 ad
2364 1600 2659 1653 orationem
2705 1600 2819 1667 ejus
2857 1600 3059 1653 corruit
3089 1599 3369 1668 templum,
3403 1605 3459 1653 et

1855 1691 2069 1745 “occidit
2108 1690 2409 1759 pontiﬁcem
2452 1688 2781 1744 Firminum.
2828 1690 2954 1746 Post
3004 1691 3104 1745 hoc
3150 1690 3393 1745 reclusus
3424 1703 3457 1743 a

1874 1781 2107 1835 Luxurio
2139 1782 2188 1835 in
2221 1795 2439 1836 carcere
2486 1781 2657 1848 primo
2703 1780 2969 1849 civitatis,
3022 1780 3123 1835 fuit
3159 1780 3231 1835 ibi
3259 1793 3459 1835 annum

1875 1888 2035 1927 unum
2063 1882 2117 1928 et
2141 1885 2418 1933 mensem;
2471 1870 2665 1926 deinde
2703 1872 3018 1927 eductus‘in
3051 1870 3227 1926 forum
3272 1872 3338 1926 ab
3368 1885 3455 1936 eo,

174 1977 466 2032 duodecim
515 1978 722 2033 feroces
761 1977 1097 2031 incluserunt
1132 1990 1251 2029 cum
1291 1990 1355 2030 eo
1386 1990 1480 2043 per
1508 1990 1601 2028 sex
1632 1973 1764 2029 dies.
1797 1982 1846 2043 Β
1876 1964 2002 2019 dum
2030 1974 2227 2025 oraret.
2270 1962 2475 2019 caelesti
2507 1973 2589 2017 est
2617 1962 2816 2016 lumine
2864 1962 3243 2029 circumdatus,
3286 1962 3355 2015 ita
3403 1968 3462 2017 ut

176 2067 248 2123 Et
277 2067 502 2137 angelus
534 2067 710 2122 attulit
737 2082 924 2135 panem
952 2068 1226 2122 caelestem
1250 2065 1321 2131 ei,
1344 2066 1562 2120 subulas
1581 2064 1767 2120 abstu-

175 2158 266 2225 lit,
298 2170 354 2215 et
381 2174 503 2213 eum
530 2159 597 2213 de
626 2159 843 2228 plumbo
871 2173 933 2212 ac
963 2159 1103 2213 ferro
1126 2158 1343 2225 eripuit.
1368 2158 1496 2211 Post
1528 2158 1629 2210 hoc
1658 2156 1771 2211 col-

180 2251 299 2304 lum
325 2250 445 2321 ejus
475 2260 625 2305 vecte
652 2248 829 2305 ferreo
862 2250 1009 2303 tundi
1050 2248 1322 2318 praecepit,
1351 2256 1406 2303 et
1430 2262 1623 2316 corpus
1651 2248 1766 2314 ejus

177 2345 374 2401 lancea
403 2346 680 2414 perforari.
705 2347 821 2414 Quo
848 2345 988 2400 facto
1014 2344 1257 2400 columba
1282 2341 1435 2397 nivea
1462 2339 1530 2395 de
1552 2352 1768 2394 carcere

174 2434 503 2491 Christianis
533 2437 912 2505 aspicientibus
952 2436 1017 2489 ad
1062 2434 1225 2490 coelos
1253 2430 1521 2497 ascendit,
1555 2438 1609 2484 et
1638 2429 1773 2485 odor

175 2528 538 2583 suavissimus
566 2528 716 2598 quasi
741 2527 809 2583 de
835 2526 1081 2597 paradiso
1110 2535 1324 2582 secutus
1352 2533 1457 2581 est.
1495 2522 1651 2578 Venit
1677 2536 1773 2574 au-

1874 2059 1990 2125 ipse
2021 2057 2273 2113 Leontius
2304 2055 2567 2121 crederet,
2596 2066 2650 2111 et
2679 2054 2967 2109 Ca'sarium
3001 2054 3089 2124 qui
3120 2062 3233 2108 erat
3259 2052 3454 2118 nudus,

1874 2169 1972 2208 sua
1999 2150 2280 2221 chlamyde
2310 2150 2553 2204 indueret
2577 2158 2629 2203 et
2661 2149 3038 2215 baptizaretur,
3083 2162 3145 2202 ac
3182 2161 3376 2215 corpus
3402 2152 3458 2200 et

1874 2243 2187 2313 sanguinem
2216 2240 2422 2295 Domini
2453 2241 2718 2308 acciperet
2737 2238 2804 2293 de
2831 2253 2987 2292 manu
3011 2237 3206 2292 Juliani
3235 2238 3458 2308 presby-

1878 2335 1999 2389 teri.
2032 2333 2139 2389 Nec
2188 2347 2358 2398 mora,
2392 2332 2529 2386 dicta
2561 2346 2720 2399 super
2749 2346 2870 2386 eum
2915 2332 3190 2398 oratione,
3238 2330 3459 2386 tradidit

1875 2424 2142 2494 Spiritum,
2179 2424 2331 2478 tertia
2358 2421 2620 2477 Kalendas
2650 2420 2987 2477 Novembris.
3017 2420 3165 2475 Tunc
3191 2420 3457 2476 Luxurius

1873 2516 2031 2585 jussit
2052 2516 2316 2569 lulianum
2340 2524 2394 2570 et
2420 2512 2709 2569 Caesarium
2739 2512 2873 2568 mitti
2904 2512 2958 2567 in
2988 2527 3221 2580 saccum,
3248 2521 3301 2567 et
3322 2527 3458 2582 pra:-

1408 2612 1634 2668 EDITIO
1673 2605 2172 2666 BOLLANDIANA.

174 2713 488 2783 Campaniae
533 2712 821 2776 civitatem,
867 2707 992 2764 dum
1015 2718 1196 2764 contra
1222 2706 1527 2762 idololatras
1560 2703 1766 2773 procla-

178 2815 382 2873 maret,
415 2807 467 2859 in
502 2804 713 2873 publico
744 2808 919 2856 tentus
950 2808 1033 2855 est
1068 2816 1097 2852 a
1143 2798 1381 2853 Firmino
1411 2795 1679 2866 pontiﬁce,
1712 2800 1767 2847 et

177 2900 234 2955 in
268 2896 564 2954 custodiam
590 2894 868 2951 reclusus:
900 2892 987 2947 ubi
1017 2891 1204 2947 diebus
1239 2888 1419 2944 multis
1446 2895 1763 2954 maceratus,

177 2990 379 3045 deinde
428 2987 651 3042 traditus
709 2997 790 3042 est
853 2984 1073 3039 Leontio
1129 2980 1395 3036 consulari
1438 2978 1763 3047 Campaniae.

177 3083 355 3151 Quem
383 3081 472 3135 ille
501 3095 622 3134 cum
651 3077 828 3133 verbis
867 3089 1127 3144 superare
1174 3073 1439 3142 nequiret,
1471 3069 1631 3139 jussit
1652 3066 1766 3123 vin-

175 3183 328 3229 ctum
359 3181 483 3226 ante
529 3176 839 3237 carpentum
891 3167 1034 3232 duci,
1065 3165 1237 3235 ligatis
1286 3162 1530 3217 manibus
1566 3158 1762 3214 nudum

176 3278 355 3333 usque
393 3262 459 3316 ad
490 3260 742 3330 templum
772 3259 1052 3329 Apollinis.
1074 3257 1194 3323 Quo
1221 3270 1341 3311 cum
1372 3254 1761 3324 pervenissent,

175 3360 250 3413 ad
277 3357 576 3412 orationem
604 3352 721 3425 ejus
747 3353 948 3409 corruit
988 3350 1243 3420 templum
1277 3357 1331 3403 et
1358 3345 1551 3403 occidit
1593 3342 1767 3413 ponti-

1870 2700 2009 2754 rium
2040 2696 2175 2750 mitti
2208 2696 2259 2748 in
2309 2710 2521 2749 saccum
2574 2703 2629 2749 et
2675 2693 2992 2763 praecipitari
3048 2694 3101 2748 in
3152 2707 3317 2749 mare.
3352 2693 3453 2761 Qui

1871 2789 2060 2843 eodem
2092 2787 2177 2840 die
2209 2785 2393 2854 rejecti
2426 2785 2490 2839 ad
2524 2786 2670 2840 littus
2715 2793 2770 2840 et
2803 2784 3000 2853 sepulti
3032 2786 3167 2839 sunt
3197 2785 3264 2840 ab
3288 2794 3315 2823 α
3344 2784 3453 2840 Eu-

1869 2878 2017 2934 sebio
2046 2892 2203 2933 servo
2236 2878 2328 2931 Dei
2368 2877 2521 2946 juxta
2552 2876 2737 2930 urbem
2790 2876 3147 2930 Terracinam.
3198 2876 3266 2930 Et
3309 2876 3451 2932 idem

1871 2968 2131 3023 Eusebius
2161 2977 2343 3038 postea
2391 2966 2707 3037 martyrium
2752 2981 2941 3037 passus
2981 2976 3065 3023 est
3108 2982 3229 3023 cum
3275 2966 3454 3025 Felice

1869 3064 2202 3133 presbytero.

1940 3152 2139 3209 Eodem
2158 3153 2244 3227 [L.
2268 3168 2367 3206 om.
2393 3154 2606 3220 eodem,
2629 3152 2750 3224 etc.]
2772 3152 2859 3208 die
2876 3152 3136 3221 depositio
3155 3150 3184 3190 ι)
3207 3151 3453 3209 Severini

1869 3247 2114 3301 monachi
2145 3247 2212 3302 de
2243 3232 2522 3301 Tiburtina
2548 3245 2780 3301 civitate.
3257 3249 3261 3253 ’

1941 3337 2129 3392 Florus
2177 3340 2231 3392 in
2258 3338 2322 3392 A.
2373 3348 2425 3391 et
2481 3338 2586 3392 T.:
2637 3336 2758 3407 Ipso
2802 3337 2889 3392 die
2940 3336 3116 3404 passio
3144 3345 3451 3391 sanctorum

177 3451 339 3508 ticem
390 3449 704 3504 Firminum.
750 3448 877 3503 Post
919 3446 1022 3501 hoc
1074 3443 1313 3500 reclusus
1360 3441 1705 3495 incarcerem
1737 3428 1838 3490 aC
1871 3438 2161 3500 martyrum
2215 3428 2484 3484 Eustachii
2534 3437 2589 3483 et
2635 3428 2815 3483 uxoris
2854 3427 2973 3498 ejus
3018 3427 3357 3496 Theospidis,
3395 3435 3453 3483 et

179 3542 424 3598 Luxurio
470 3541 641 3609 primo
670 3538 918 3605 civitatis,
951 3537 1051 3591 fuit
1094 3536 1165 3591 ibi
1204 3549 1403 3588 annum
1448 3540 1502 3586 et
1528 3543 1765 3585 mensem

175 3648 371 3688 unum.
406 3632 604 3687 Deinde
633 3632 855 3686 eductus
904 3631 956 3684 in
998 3628 1134 3696 foro,
1177 3626 1369 3697 aj‘Deo,
1414 3638 1534 3678 cum
1564 3632 1760 3684 oraret,

174 3728 390 3785 cmlcsti
420 3737 501 3782 est
554 3726 673 3780 luce
706 3722 1086 3788 circumdatus,
1137 3730 1193 3775 ut
1224 3720 1335 3788 ipse
1368 3716 1621 3772 Leontius
1648 3728 1765 3769 cre-

178 3819 362 3885 deret,
390 3816 684 3872 Ctesarium
709 3815 796 3883 qui
824 3822 941 3869 erat
970 3812 1144 3867 nudus
1184 3824 1277 3865 sua
1309 3806 1593 3874 chlamyde
1620 3812 1767 3873 tege-

178 3918 283 3974 ret,
314 3909 700 3977 baptizaretur,
729 3918 922 3974 corpus
958 3913 1013 3958 et
1042 3901 1352 3971 sanguinem
1380 3895 1588 3950 Domini
1623 3892 1762 3947 acci-

178 4012 336 4072 peret
380 4000 447 4055 de
478 4015 637 4054 manu
679 3996 873 4053 Juliani
904 3992 1198 4066 presbyteri
1230 4009 1241 4043 :
1291 4002 1388 4043 nec
1420 4000 1588 4051 mora,
1619 3984 1762 4037 dicta

176 4108 347 4161 super
378 4107 500 4147 eum
544 4091 804 4154 oratione,
865 4085 1081 4142 tradidit
1120 4082 1364 4153 spiritum
1417 4094 1470 4132 nt
1500 4074 1766 4130 Kalendas

178 4186 517 4243 Novembris.
546 4185 696 4241 Tunc
719 4182 981 4239 Luxurius
1001 4179 1160 4251 jussit
1196 4177 1467 4233 Julianum
1500 4180 1553 4227 et
1580 4169 1764 4225 Caesa-

1869 3521 2096 3575 tiliorum
2121 3520 2326 3590 Agapiti
2357 3529 2410 3574 et
2437 3520 2753 3588 Theospidis
2780 3538 2790 3572 :
2837 3520 2923 3588 qui
2959 3528 3197 3587 tempore
3226 3518 3449 3573 Adriani

1868 3612 2226 3682 imperatoris,
2259 3628 2379 3667 cum
2412 3611 2619 3667 nollent
2646 3610 2948 3665 sacriﬁcare
2973 3609 3099 3674 diis,
3133 3608 3281 3662 missi
3312 3607 3453 3676 pari.

1868 3714 1949 3760 ter
1979 3704 2030 3757 in
2061 3703 2247 3759 bovem
2285 3705 2497 3774 igneum
2530 3702 2637 3772 igni
2667 3700 2911 3756 succensi
2942 3708 3085 3755 sunt.
3112 3699 3166 3753 In
3194 3713 3295 3753 ms.
3332 3698 3451 3754 La:-

1870 3801 2026 3856 tiensi
2051 3813 2318 3869 ponuntur
2345 3801 2458 3855 haac
2481 3800 2568 3854 die
2595 3798 2859 3867 sequenti.

1940 3892 2004 3945 A.
2036 3892 2100 3945 Τ.
2130 3932 2142 3949 .
2178 3892 2376 3945 Eodem
2408 3891 2494 3943 die
2516 3889 2791 3942 translatio
2838 3885 3077 3953 corporis
3103 3882 3159 3939 S.
3206 3893 3229 3923 ο
3262 3882 3446 3937 Audo-

1871 3962 2004 4017 mari
2049 3960 2281 4031 epise0pi
2312 3971 2366 4016 et
2412 3958 2751 4031 confessoris.
2797 3957 2859 4031 Ίξ.
2889 3956 3076 4031 ,__lp_so
3107 3954 3221 4031 _die
3270 3953 3450 4031 natale

1871 4032 1927 4086 S.
1956 4023 2191 4086 Remcdii
2217 4023 2451 4099 episcopi
2464 4039 2528 4099 et
2550 4028 2889 4099 confessoris.
2913 4024 2976 4099 V_.
2995 4024 3080 4089 C.,
3105 4024 3331 4099 Pictavis
3352 4023 3448 4099 de-

1873 4101 2067 4162 dicatio
2107 4094 2335 4157 basilica:
2366 4094 2423 4157 S'.
2451 4098 2476 4137 (ι
2513 4100 2693 4154 Hilarii
2735 4097 2970 4165 episcopi
2998 4104 3053 4149 et
3097 4094 3442 4149 confessoris.

1874 4172 1936 4229 Β.
1966 4212 1982 4239 ,
2013 4174 2077 4226 Et
2105 4175 2225 4228 alibi
2256 4172 2517 4242 depositio
2552 4179 2575 4207 θ
2599 4168 2867 4224 Eustachii
2908 4165 3089 4221 militis
3127 4179 3249 4220 cum
3280 4178 3447 4222 uxore

1580 4258 1789 4315 SMITH
1825 4259 2052 4316 NOTAE.

179 4363 405 4424 ronari?
427 4363 481 4418 Si
514 4375 638 4418 vero
661 4362 727 4415 de
747 4359 968 4416 Claudio
994 4358 1205 4411 Nerone
1228 4350 1627 4424 intelligendum
1659 4359 1760 4420 est,

176 4421 369 4494 rursus
398 4437 553 4489 etiam
580 4443 764 4502 patens
800 4444 951 4485 error
994 4424 1437 4503 deprehenditur,
1460 4436 1579 4474 cum
1603 4421 1765 4503 longe

181 4519 310 4562 ante
378 4496 665 4573 'l‘rajanum
738 4496 1115 4570 imperatorem
1187 4496 1328 4550 Nero
1378 4496 1442 4547 sit
1495 4501 1757 4547 mortuus.

182 4581 453 4637 BARONIUS
486 4572 537 4628 in
561 4572 734 4628 Notis.
916 4642 940 4645 μ
1013 4638 1051 4645 _
1088 4638 1118 4645 __
1251 4635 1298 4645 η
1380 4634 1392 4645 _
1440 4631 1460 4645 ,,
1568 4633 1599 4645 ,,

258 4631 283 4685 ά
316 4646 585 4700 Eusebius.
614 4646 685 4699 De
709 4645 809 4698 hoc
833 4650 888 4698 et
909 4642 967 4699 S.
1013 4638 1188 4693 Felice
1217 4635 1335 4690 vide
1380 4631 1521 4688 infra
1549 4633 1693 4688 diem
1723 4632 1757 4688 5

186 4718 349 4825 hujus
380 4718 598 4771 mensis.
1608 4773 1619 4783 _

326 4787 554 4825 conm";
593 4784 874 4825 Ωηηάῑιιπη
916 4781 1139 4825 hahelnr
1175 4777 1293 4825 eius
1323 4786 1515 4825 cornus
1560 4773 1619 4825 Ti

323 4787 554 4844 Severini
593 4784 874 4839 Conditum
916 4781 1139 4835 habetur
1175 4777 1293 4846 ejus
1323 4786 1515 4842 corpus
1560 4773 1759 4829 Tibure

188 4861 256 4917 ad
280 4860 339 4915 S.
374 4857 663 4923 Laurentii,
707 4864 762 4908 ut
797 4853 911 4922 ejus
941 4850 1178 4907 ecclesiae
1208 4855 1388 4903 vetera
1418 4854 1757 4899 monumenta

192 4930 517 5000 significant.
548 4928 746 5000 Banpu.
778 4925 830 4978 in
856 4923 1027 5000 Notis.
1219 4990 1230 5000 _
1347 4986 1381 5000 Α

266 4984 286 5040 ἒ
317 4999 616 5052 Audomari.
646 4997 720 5051 De
751 4993 1119 5055 translatione,
1149 4990 1233 5043 vel
1275 4986 1448 5057 potius
1501 4984 1758 5040 relatione

184 5074 247 5128 S.
278 5070 563 5126 Audomari
622 5067 811 5136 legitur
858 5066 909 5118 iu
950 5060 1239 5137 Mabillonii
1284 5062 1405 5111 Act.
1449 5057 1593 5137 Den._
1630 5070 1754 5136 stne.

186 5159 267 5205 tu,
286 5150 419 5209 part.
446 5155 485 5203 t,
516 5156 566 5207 p.
586 5128 721 5209 12;“:
742 5138 915 5209 facta
936 5144 1017 5209 est
1035 5141 1209 5209 autem
1229 5130 1342 5209 huic
1359 5128 1631 5209 translatio
1647 5128 1759 5207 sive

187 5197 379 5268 relatio
411 5197 550 5263 anno
576 5206 700 5261 845.
729 5205 861 5261 Cum
894 5206 1034 5277 enim
1070 5203 1217 5277 llugo
1241 5197 1757 5277 abbasnSitltiuensis

189 5267 247 5339 Si.
311 5279 601 5336 Audomari
656 5291 849 5347 corpus
904 5267 1218 5329 Vermandis
1285 5268 1349 5320 ad
1524 5267 1757 5333 Quintini

187 5338 577 5410 monasterium
606 5338 815 5402 deferre
864 5347 911 5398 vi
940 5354 1215 5416 aggressus
1237 5348 1340 5416 est,
1383 5338 1576 5416 villam
1594 5351 1760 5416 usque

191 5405 421 5492 Lisburg
448 5421 662 5476 nomine
678 5433 797 5472 cum
825 5430 919 5492 sua
951 5405 1606 5492 multitudinedeportavit
1628 5423 1640 5459 :
1665 5405 1760 5492 sed

190 5479 315 5550 cum
372 5479 594 5548 ulterius
646 5487 889 5558 progredi
933 5485 1133 5552 vellet,
1169 5479 1461 5560 multitudo
1514 5479 1760 5560 universa

190 5546 474 5634 ᾗδὲ-ρυενᾶ
496 5546 864 5634 terra:_le§are
910 5571 1014 5634 non
1044 5546 1226 5633 valuit,
1257 5551 1313 5604 Β.
1343 5551 1497 5631 igitur
1541 5546 1758 5634 Folqui-

192 5619 605 5703 nus'episcopus
638 5628 957 5703 Sithiuensis
984 5640 1104 5679 cum
1144 5624 1256 5678 suis
1278 5619 1757 5703 venienspthcsaut

193 5688 843 5769 rumillum-reportavit,
873 5706 927 5751 et
970 5708 1281 5772 praecavens.
1319 5705 1385 5772 ne
1433 5688 1761 5772 pzirilirmodo

194 5758 401 5846 ééipus’
432 5758 729 5846 auferrietu;
771 5758 1008 5846 sanetur):
1039 5811 1056 5831 ,
1101 5765 1228 5819 illud
1269 5764 1320 5817 in
1374 5762 1544 5846 insula
1586 5758 1760 5813 Sithitt

198 5833 352 5917 iuxta
373 5858 566 5913 corpus
588 5841 646 5897 Β.
682 5840 876 5897 Bertini
902 5838 1000 5894 sub
1029 5846 1171 5892 terra
1201 5833 1513 5891 recondidit.

1942 4353 1969 4392 ά
2003 4354 2212 4409 Hilarii.
2266 4351 2432 4406 llodie
2462 4345 2737 4403 translatio
2766 4343 2922 4411 hujus
2951 4341 3256 4410 angelorum
3284 4340 3441 4395 mini-

1869 4426 2034 4481 sterio
2072 4425 2207 4479 facta
2236 4432 2339 4485 est,
2373 4439 2400 4476 a
2432 4421 2599 4473 veteri
2640 4416 2951 4470 monaSIerii
2985 4412 3274 4485 suburbani
3304 4422 3440 4485 tem-

1870 4499 1973 4566 plo,
2011 4497 2074 4550 ad
2107 4509 2295 4551 novam
2326 4483 2600 4566 basilicam
2650 4485 2888 4541 urbicam
2921 4499 3087 4566 quam
3123 4483 3442 4566 Tredelinus

1792 4565 1844 4625 D
1868 4552 2032 4623 abbas
2053 4574 2315 4630 erexerat,
2346 4564 2601 4632 episcopo
2643 4565 2921 4632 spectante
2941 4552 3004 4632 et
3045 4552 3440 4632 stupentequ

1860 4638 2212 4697 dedicationis
2244 4626 2423 4702 templi
2456 4626 2715 4704 absolutis
2744 4626 3043 4690 solemniis,
3074 4634 3192 4704 post
3216 4630 3437 4704 uectore

1860 4695 1956 4765 nas
1989 4724 2172 4776 preces
2218 4695 2418 4776 quibus
2451 4716 2570 4756 cum
2602 4700 2878 4776 abbate-et
2919 4695 3192 4776 monachis
3213 4695 3438 4776 insiste-

1860 4762 2197 4848 bat,'corpus
2235 4762 2540 4848 transferre
2579 4770 2809 4848 _e_veteri
2859 4778 2965 4848 situ
3013 4764 3097 4848 ad_
3131 4762 3436 4848 ordinatum

1859 4833 2150 4908 sacrarium
2182 4847 2466 4902 statuebat.
2498 4841 2815 4900 Celebratur
2856 4833 2971 4917 hinc
3001 4836 3188 4891 eadem
3213 4833 3439 4889 transla-

1860 4925 1933 4980 tio
1962 4922 2030 4975 26
2059 4920 2221 4975 Junii.
2531 4985 2538 4987 Α
2567 4985 2576 4987 _
2888 4979 2901 4987 _
3191 4976 3201 4987 _

1936 4990 2274 5045 °Eustachii.
2333 4985 2647 5041 Eustachius
2702 4990 2816 5037 erat
2871 4979 2973 5032 dux
3027 4979 3332 5040 exercitus,
3380 4982 3439 5031 et

1859 5065 1981 5119 dum
2009 5062 2231 5131 gentilis,
2249 5059 2365 5125 fuit,
2391 5057 2675 5131 vocabatur
2699 5050 2978 5131 Placidus;
3004 5061 3222 5131 egresso
3252 5056 3435 5131 autem

1860 5116 1925 5190 ei
1943 5116 2624 5196 aduvenandum'apparuit
2650 5126 2701 5177 in
2744 5121 2892 5196 cervi
2938 5118 3189 5174 cornibus
3234 5116 3439 5196 efﬁgies

1860 5188 2107 5261 Crueitixi
2140 5244 2158 5269 ,
2216 5211 2270 5255 et
2333 5188 2560 5269 insonuit
2615 5208 2715 5269 vox
2742 5192 3006 5269 quaedam,
3054 5200 3115 5269 _ut
3161 5188 3438 5269 accederet

1860 5280 1922 5331 ad
1975 5261 2399 5329 Christianorum
2450 5261 2788 5338 sacérdoteni
2825 5271 2879 5338 et
2927 5261 3295 5338 baptizaretur,
3324 5261 3436 5338 “Ajuf

1860 5350 2007 5402 beus.
2043 5346 2183 5401 Uxor
2223 5343 2380 5398 etiam
2436 5342 2485 5391 in
2516 5332 2714 5391 somnis
2746 5334 2943 5387 visione
2968 5332 3345 5402 admonitagest
3379 5333 3440 5380 ut

1859 5397 2201 5473 cuin—tuerito
2237 5397 2348 5466 iliat
2375 5407 2663 5479 Christina.
2691 5405 2961 5460 Venerunt
2993 5403 3169 5479 igitur
3206 5397 3431 5479 duobus

1860 5489 1983 5543 ﬁliis
2025 5488 2088 5540 ad
2150 5486 2405 5540 Joannem
2463 5477 2830 5550 sacerdotem',
2884 5474 3236 5550 et_b_aptiza_t.i
3305 5474 3433 5547 sunt

1859 5540 2067 5613 omnes.
2100 5555 2328 5610 Proinde
2371 5554 2531 5620 pestis
2559 5549 2730 5615 gravis
2766 5544 3032 5621 Eustachii
3066 5540 3317 5621 familiam
3350 5540 3431 5618 in-

1859 5608 2263 5695 va-sivtreuinque
2292 5608 2535 5695 oni-uibus
2557 5608 2779 5695 quorum
2807 5625 2919 5695 erat
2948 5612 3223 5695 dominus,
3238 5608 3433 5695 born-i-

1860 5680 2013 5756 nibitis,
2036 5680 2236 5753 scilicet
2263 5704 2315 5749 et
2349 5680 2625 5760 jumentis,
2650 5688 2913 5753 spoliavit.
2942 5685 3113 5760 Quam
3145 5680 3425 5760 calamita-

1861 5751 2126 5827 letiﬁca
2183 5751 2499 5827 sustinens;
2549 5751 2795 5831 exsolare
2838 5756 3020 5810 statuit
3084 5760 3139 5806 et
3187 5751 3432 5831 clam_in

1861 5818 2145 5913 Egyﬁiiin
2174 5818 2295 5894 cum
2318 5834 2424 5891 suis
2451 5818 2728 5904 proﬁcisci.
2759 5830 2891 5884 Cum
2914 5834 3088 5880 autem
3114 5837 3147 5881 e
3187 5820 3307 5878 navi
3330 5818 3431 5878 de-
