4064 6346
179 353 337 423 1093

1345 347 1540 405 SECT.
1585 346 1648 404 ll.
1691 374 1759 388 —
1797 339 2355 402 EARTYROLOGIA.

3330 346 3468 406 1091

1481 462 1714 519 EDITIO
1752 460 2214 518 COLONIENSIS.

181 583 543 652 confessoris,
568 567 811 639 etsanCtl
837 561 1094 652 Hugberti
1122 565 1774 651 episcopietconfessoris.
1809 577 2038 650 Agorii,
2110 577 2408 649 Porphyrii,
2466 578 2729 644 Amantis,
2791 563 3083 646 Saturnini,
3153 573 3471 640 Victoriam."

271 684 334 740 G.
390 677 542 737 Pnin.
591 673 728 734 NON.
780 673 1023 731 Novus.
1075 701 1146 716 -—
1196 671 1348 745 Apud
1403 673 1784 752 Alexandriam

186 773 338 830 beati
383 765 544 827 Hierii
579 765 894 839 presbyteri,
940 765 1038 821 viri
1089 764 1227 820 acris
1256 765 1475 836 ingenii.
1519 764 1576 819 In
1617 763 1785 820 Gallia

183 866 413 922 civitate
469 851 742 918 Rhedonis
797 858 974 914 natale
1040 859 1208 914 sancti
1272 855 1504 911 Amantii
1554 855 1786 925 episcopi

183 969 250 1016 et
280 957 626 1022 confessoris,
661 953 814 1023 cujus
841 953 944 1006 vita
976 951 1255 1006 Sanctitate
1284 960 1334 1006 et
1376 949 1648 1004 miraculis
1692 964 1787 1004 ex-

183 1052 330 1106 stitit
375 1047 624 1119 gloriosa.
655 1043 1045 1115 Augustudu’no
1096 1041 1236 1097 beati
1268 1039 1476 1096 Proculi
1527 1039 1779 1108 epISCOpi.

182 1142 252 1199 In
311 1141 498 1198 Galliis
548 1135 807 1194 Bituricas
851 1133 1117 1204 depositio
1164 1131 1304 1188 beati
1345 1131 1580 1187 lllusoris
1637 1130 1786 1202 pueri

181 1243 246 1290 et
274 1231 622 1290 confessoris.
657 1226 711 1286 In
740 1225 916 1285 Africa
943 1226 1120 1283 natale
1153 1220 1336 1292 Primi,
1371 1223 1620 1290 Caesaris,
1653 1223 1789 1278 Gre-

1962 668 2026 724 A.
2062 669 2188 724 Non.
2223 669 2460 725 Novem.
2508 697 2577 709 -—
2628 669 2899 725 Zachariae
2948 674 3258 742 prophetae,
3310 669 3473 742 patris

1891 765 2113 820 Joannis
2162 761 2430 834 Baptistae.
2484 763 2537 817 in
2581 763 2871 821 Terracina
2918 759 3222 835 Campaniae
3259 767 3475 823 civitate

1893 855 2068 910 natale
2097 865 2400 908 sanctorum
2434 852 2624 910 Felicis
2654 856 2945 926 presbyteri
2971 898 2984 921 ,
3017 864 3070 911 et
3101 855 3311 912 Eusebii
3355 871 3470 912 mo-

1893 944 2068 1007 nachi,
2100 944 2429 1014 temporibus
2450 945 2651 1000 Claudii
2676 946 3034 1015 imperatoris.
3059 947 3180 1016 Qui,
3205 948 3470 1017 videlicet,

1893 1035 2155 1092 Eusebius
2181 1051 2302 1090 cum
2333 1037 2617 1106 sepelisset
2655 1045 2870 1093 sanctos
2900 1049 3180 1109 martyres,
3207 1035 3474 1095 lulianum

1895 1139 1949 1186 et
1979 1130 2292 1195 Caesarium,
2344 1138 2400 1184 et
2445 1129 2509 1183 ad
2556 1129 2794 1200 sepulcra
2843 1146 3029 1186 eorum
3075 1146 3233 1196 orans
3279 1131 3476 1188 multos

1895 1232 2236 1277 converteret
2261 1222 2326 1276 ad
2366 1222 2545 1289 fidem,
2589 1235 2722 1293 quos
2754 1222 2898 1279 Felix
2932 1224 3208 1296 presbyter
3239 1224 3479 1296 baptiza-

1424 1309 1650 1369 EDlTlO
1693 1309 2203 1368 BOLLANDIANA.

184 1423 294 1477 sub
323 1417 538 1473 ilerode
569 1429 711 1486 rege.
746 1415 832 1476 D.,
869 1412 1101 1486 {Quarti
1131 1409 1787 1486 discipuliapostolorum.
1807 1452 1820 1461 .

183 1488 528 1557 Cappadocia
560 1479 851 1556 martyrum
873 1483 1156 1557 Germani,
1201 1479 1503 1557 Theophili,
1552 1479 1787 1557 tiarsarii,

183 1552 414 1616 Vit-aiis:
459 1561 546 1622 qui
579 1552 715 1612 sunt
744 1559 842 1609 sub
872 1555 1095 1609 Deciana
1129 1554 1495 1621 persecutione
1537 1552 1792 1620 martyri-

183 1633 318 1688 zati.
355 1637 419 1686 A.
455 1621 517 1682 Τ.
553 1629 638 1690 ι...
670 1627 724 1680 in
753 1626 931 1680 Africa
957 1626 1152 1690 natale
1183 1632 1484 1684 sanctorum
1518 1621 1794 1690 Germani,

185 1687 502 1768 ἦῚιέορΙιίιί,
535 1709 587 1754 et
617 1687 821 1752 Vitalis.
853 1687 1055 1768 Eodem
1102 1693 1186 1768 die
1342 1690 1379 1768 ιζ
1417 1691 1633 1768 iiuberti
1686 1689 1796 1768 epi-

1896 1407 2143 1462 nolentos
2175 1410 2427 1478 praecepit
2459 1411 2673 1465 dicens:
2700 1411 2972 1480 Absistlte,
3005 1427 3036 1466 o
3060 1412 3474 1484 scgues,procul

1897 1513 1926 1553 a
1961 1500 2183 1564 tumulo,
2217 1514 2281 1555 ne
2325 1510 2509 1555 sancto
2561 1501 2650 1556 Dei
2680 1501 2918 1557 molestia
2967 1504 3236 1559 alieratur.
3272 1505 3476 1571 Quibus

1901 1592 2095 1644 amotis
2162 1597 2448 1647 tremorem
2527 1593 2688 1647 ullum
2757 1593 3006 1662 deinceps
3069 1611 3173 1649 non
3239 1610 3478 1653 sensere.

1901 1680 2172 1752 Scriptum
2225 1683 2277 1738 in
2311 1683 2446 1739 libro
2477 1681 2852 1741 Miraculorum
2885 1686 3124 1756 Gregorii
3153 1686 3478 1744 Turonensis

182 1761 364 1840 scepi'
401 1779 454 1824 et
489 1761 848 1844 confessoris.
893 1763 1192 1844 _|_nterponit
1240 1761 1323 1844 bis
1358 1763 1453 1844 L._:
1511 1763 1569 1816 Et
1600 1763 1794 1844 passio
1830 1763 1874 1826 B
1901 1775 2158 1844 episcopi.

185 1846 251 1901 S.
293 1834 568 1913 Agricola:
609 1838 867 1913 virginis.
892 1835 1188 1913 T.,_p_riirio
1243 1838 1382 1896 loco,
1433 1834 1788 1913 incohabat:

198 1901 395 1970 Passio
422 1912 521 1967 SS.
553 1918 576 1946 θ
608 1901 869 1965 Vaiéntini
900 1901 972 1962 et
996 1901 1178 1960 liilarii
1210 1913 1524 1976 martyrum.
1559 1901 1678 1972 ipso
1707 1903 1792 1976 die

186 1986 376 2056 passio
395 1982 421 2019 ἀ
443 1980 912 2056 innumerabilium
937 1987 1254 2048 martyrum,
1277 1973 1364 2046 qui
1388 1973 1528 2046 passi
1551 1977 1672 2032 sunt
1694 1973 1794 2029 sub

188 2052 422 2114 Datiano
450 2052 696 2124 prmside.

268 2184 323 2242 4.
349 2213 421 2226 -
445 2182 487 2238 ιι
521 2181 720 2237 Nonas.
753 2177 916 2235 Vacat
947 2176 1118 2232 Baeda.

269 2298 463 2355 Florus
490 2297 544 2350 in
571 2296 636 2351 A.
669 2294 737 2349 Τ.
769 2294 869 2349 L.:
900 2293 922 2321 °
955 2289 1215 2346 Bituricas
1240 2290 1504 2360 depositio
1533 2290 1591 2345 S.
1623 2290 1792 2344 Luso-

199 2398 280 2450 ris
311 2393 487 2464 pueri,
519 2390 607 2460 qui
638 2389 778 2443 filius
801 2386 1079 2456 cujusdam
1107 2385 1369 2440 senatoris
1395 2384 1558 2440 fertur
1585 2385 1635 2437 in
1665 2380 1792 2436 Gai-

198 2484 287 2541 liis
311 2485 607 2552 migrasse:
637 2480 702 2533 ad
730 2478 883 2550 cujus
909 2475 1214 2546 sepulcrum
1238 2475 1296 2531 S.
1321 2474 1618 2531 Germanus
1643 2471 1795 2526 Pari-

189 2577 356 2633 siacae
403 2573 551 2628 urbis
598 2572 913 2641 episcopus,
972 2569 1097 2626 dum
1141 2568 1368 2639 quadam
1415 2568 1532 2622 vice
1591 2566 1797 2636 vigilias

191 2667 520 2729 celebraret,
551 2671 607 2718 et
630 2662 746 2732 ejus
770 2661 953 2717 clerici
978 2660 1150 2729 leuga:
1177 2655 1424 2712 stationis
1449 2656 1629 2710 labore
1648 2653 1795 2720 lassi,

192 2757 352 2828 quasi
379 2771 476 2824 pro
495 2755 676 2825 aliquo
701 2753 1024 2809 revelamine
1046 2765 1105 2808 se
1126 2766 1287 2820 super
1305 2749 1608 2819 sepulcrum
1628 2746 1797 2803 sancti

195 2851 394 2908 defixis
422 2849 666 2904 ulnarum
709 2847 1054 2918 compagibus
1102 2853 1490 2910 sustentarent,
1531 2843 1672 2900 illico
1714 2845 1796 2898 tu-

204 2945 391 3000 mulus
443 2944 612 2998 sancti
672 2941 1001 2998 confessoris
1052 2939 1395 2996 contremuit.
1455 2937 1605 2994 Unde
1660 2938 1798 2992 idem

203 3037 448 3109 pontifex
479 3048 709 3092 tremore
741 3031 1081 3106 perterritus,
1128 3031 1364 3088 amoveri
1394 3031 1624 3101 desuper
1650 3045 1796 3084 som-

1971 1867 2481 1958 li.ugy.”'i‘.”C.,nln
2512 1869 2689 1958 Africa
2716 1863 3052 1958 iPrimiif‘lT.
3095 1873 3481 1958 erit.“Prirnii]2

1897 1938 2112 1993 Caesarii
2286 1939 2349 1992 Τ.
2395 1940 2453 1994 C.
2488 1957 2587 2023 orn.
2621 1943 2876 2014 Cmsarii],
2925 1938 3168 2013 (fragori,
3201 1943 3377 2012 Porph
3419 1938 3483 2000 rii

1897 2005 2010 2069 iC..
2062 2011 2233 2069 Gertl.
2283 2010 2614 2069 Pornhvrtll:
2653 2023 2706 2068 et
2747 2014 2803 2069 in
2842 2015 3016 2069 Nicaea
3059 2015 3324 2069 Domnini.
3379 1958 3482 2069 ὖ..

1897 2005 2010 2084 ις..
2062 2005 2233 2084 Genii,
2282 2010 2614 2084 Porphyrii]:
2653 2023 2706 2068 et
2747 2014 2803 2070 in
2842 2005 3016 2070 Nicaea
3034 2005 3324 2070 "Douinini;
3381 2005 3482 2082 1)..

1901 2079 2220 2156 Alexandria
2249 2143 2252 2146 λ
2277 2079 2326 2156 ί.
2354 2079 2518 2156 literii
2569 2079 2895 2156 presbyteri,
2944 2087 3049 2156 vita
3096 2085 3392 2153 purissimi,
3425 2079 3479 2142 in

1899 2149 2491 2224 §Cripturisinobiliter
2546 2149 2759 2209 eruditi.
2832 2149 2895 2210 Α.
2949 2154 3054 2219 T.,
3096 2149 3285 2224 'primo
3333 2149 3478 2211 loco:

1903 2220 2458 2292 Lugdunodepositio
2482 2224 2538 2278 S.
2559 2227 2584 2262 ε
2618 2224 2830 2280 Genesii
2861 2226 3092 2292 cpisc0pi
3115 2220 3179 2278 'et
3206 2225 3480 2281 confesso-

1902 2289 2056 2365 ris’et
2083 2295 2140 2348 8.
2173 2289 2199 2328 ιι
2247 2295 2454 2358 Quarti.
2483 2294 2858 2364 Augustiduno
2889 2289 2946 2352 S.
2993 2289 3202 2350 Proculi
3225 2298 3483 2365 episcopi,

1899 2363 2318 2434 quipostretnus
2359 2365 2504 2418 solus
2533 2363 2590 2418 et
2618 2369 2789 2433 primo
2822 2370 2936 2422 loco
2969 2367 3191 2434 habetur
3222 2363 3273 2420 in
3305 2367 3366 2421 L.
3393 2367 3480 2434 Β.⁹

1903 2433 2424 2508 ltedonisdepositio
2452 2436 2508 2508 _S.
2545 2431 2768 2491 Arnandi
2792 2437 3048 2507 episcopi.
3069 2431 3156 2505 T.,
3188 2447 3307 2508 post
3335 2431 3482 2492 mar;

1913 2514 2056 2574 tyres
2081 2505 2256 2572 Afros,
2300 2517 2350 2558 et
2387 2504 2400 2541 ί
2436 2506 2689 2562 Arnantii.
2827 2504 2841 2507 ’
2983 2504 2992 2506 ’
3143 2504 3148 2505 “
3190 2504 3203 2508 ⁷
3482 2540 3485 2554 ,

1973 2596 2027 2651 5.
2054 2624 2122 2633 —
2144 2594 2330 2648 Noxrs.
2363 2593 2418 2650 lu
2452 2595 2734 2651 Terracina
2779 2583 3084 2668 Campania:
3125 2598 3360 2665 civitate,
3391 2611 3486 2653 na-

1908 2685 2014 2740 tale
2041 2686 2140 2741 SS.
2174 2684 2365 2740 Felicis
2401 2687 2694 2758 presbyteri
2725 2696 2780 2743 et
2810 2688 3023 2744 Eusebii
3055 2689 3322 2756 monachi,
3355 2698 3482 2744 tem-

1904 2793 2032 2848 pore
2058 2778 2260 2832 Claudii
2291 2780 2626 2846 imperatoris
2673 2780 2978 2853 (Huc-usque
3030 2797 3125 2836 ms.
3182 2783 3352 2851 Am);
3394 2780 3487 2851 qui

1905 2871 2153 2926 videlicet
2197 2873 2454 2927 Eusebius
2502 2887 2622 2928 cum
2666 2873 2942 2943 sepelisset
2971 2883 3184 2929 sanctos
3226 2882 3487 2944 martyres

1910 2961 1924 3014 i
1963 2963 2228 3020 lulianum
2259 2975 2313 3021 et
2341 2965 2648 3032 Caesarium,
2681 2975 2735 3020 et
2761 2966 2826 3020 ad
2851 2967 3091 3035 sepulcra
3117 2979 3302 3019 eorum
3328 2980 3487 3022 orans

1911 3074 1972 3113 ac
2000 3059 2250 3128 jejunans
2280 3061 2476 3116 multos
2501 3070 2836 3116 converteret
2865 3059 2929 3114 ad
2961 3059 3140 3128 fidem,
3168 3074 3300 3129 quos
3339 3059 3487 3116 Felix

1601 3147 1808 3202 Slill'fil
1848 3147 2076 3206 NOTAE.

290 3247 316 3274 ⁸
341 3240 546 3312 Quarti.
575 3243 650 3297 De
674 3256 780 3312 quo
802 3242 996 3298 Paulus
1026 3242 1090 3297 ad
1121 3241 1278 3297 Rom.
1301 3254 1352 3294 c.
1383 3256 1490 3296 xw.
1526 3241 1674 3297 liunc
1699 3245 1796 3300 Be-

200 3312 331 3368 rithi
391 3311 644 3368 Ecclesia
687 3311 995 3382 episcopum
1046 3313 1222 3366 datum
1274 3325 1393 3382 esse
1425 3312 1583 3366 tradit
1625 3311 1792 3368 Doro-

199 3385 364 3511 ;lieus
407 3384 459 3505 iln
489 3380 901 3455 sinopsi,_idque
927 3400 993 3440 ex
1015 3380 1291 3454 Hippolyti
1339 3381 1521 3438 libello
1556 3383 1623 3439 de
1651 3401 1794 3440 Lxxn

241 3470 413 3511 iselou
443 3471 504 3507 IS.

241 3470 504 3521 iselpuns.

277 3530 308 3570 ι»
357 3524 589 3579 Huberti.
652 3524 766 3580 Filii
811 3523 1082 3581 Bertrandi
1123 3523 1274 3579 ducis
1325 3524 1643 3590 Aquitaniae.
1702 3526 1796 3583 llic

199 3609 437 3668 prOpter
459 3597 666 3652 Ebroini
712 3597 1043 3667 tyrannidem
1076 3596 1127 3668 in
1169 3594 1498 3668 Austrasiam
1531 3611 1586 3651 se
1617 3607 1796 3651 trans.

204 3665 330 3722 iulit
375 3667 441 3721 ad
496 3665 778 3735 Pipinum',
820 3681 1046 3736 cumque
1101 3666 1151 3720 in
1189 3665 1487 3733 Tungrensi
1549 3668 1796 3735 parochia

204 3742 384 3793 adhuc
418 3753 651 3807 paganus
682 3750 1004 3801 versaretur,
1053 3737 1150 3806 ipsi
1184 3737 1398 3791 venanti
1431 3739 1568 3791 inter
1597 3754 1794 3794 cornua

209 3811 357 3864 cervi
390 3809 638 3864 Christus
671 3811 933 3878 apparuit,
963 3823 1084 3862 eum
1111 3809 1176 3862 ad
1201 3811 1508 3878 episcopum
1540 3808 1795 3863 Lamber-

205 3891 320 3934 tum
368 3882 603 3934 mittens.
647 3882 744 3947 Qui
792 3880 1019 3948 benigne
1073 3893 1192 3948 eum
1237 3881 1460 3946 recepit,
1506 3879 1555 3948 in
1588 3879 1689 3932 fide
1720 3882 1796 3931 in-

204 3953 404 4007 struxit
427 3962 479 4004 t'l
506 3951 815 4020 baptizavit.
845 3947 1296 4020 Deindeiliomam
1332 3949 1475 4020 vadit
1504 3947 1791 4020 iiebertus,

205 4023 296 4076 ubi
323 4022 447 4075 dum
473 4018 777 4087 aliquandiu
807 4023 1022 4085 mansit,
1053 4019 1366 4073 Lambertus
1395 4019 1462 4070 ab
1502 4018 1677 4085 impiis
1712 4021 1794 4072 in—

209 4093 471 4146 terfectus
529 4101 632 4162 est,
681 4103 732 4143 ct
788 4092 1006 4162 Sergius
1039 4106 1170 4162 papa
1205 4089 1470 4162 nolentem
1503 4089 1796 4162 iiubertum

207 4173 494 4218 consecrat
527 4161 794 4217 Lamberti
841 4159 1243 4225 successorem;
1297 4161 1435 4228 quod
1495 4159 1688 4212 factum
1719 4167 1800 4214 est

208 4249 356 4287 anno
389 4232 511 4288 698.
547 4235 700 4286 Anno
725 4249 851 4289 vero
881 4233 982 4285 “illi
1006 4245 1198 4299 corpus
1243 4231 1297 4285 8.
1333 4229 1605 4283 Lainberti
1637 4239 1687 4284 et
1717 4246 1798 4284 se-

208 4306 335 4358 dem
365 4303 725 4372 episcopalem
776 4320 838 4359 ex
881 4301 1130 4372 Trajecto
1179 4301 1242 4354 ad
1290 4301 1511 4372 Mosam,
1544 4299 1796 4356 Leodium

212 4371 503 4429 transtulit.
557 4373 701 4430 Obiit
755 4385 929 4430 autem
991 4371 1150 4427 Furae
1207 4374 1344 4426 inter
1401 4371 1691 4426 Luvanium
1749 4381 1802 4427 et

172 4446 523 4518 ,Bruxellam
567 4461 708 4501 anno
761 4447 894 4518 7'50,
952 4442 1332 4518 sedsepultus
1367 4453 1466 4518 est
1513 4441 1696 4518 Leodii
1750 4444 1799 4496 in

213 4516 443 4571 ecclesia
492 4515 550 4570 Β.
615 4518 792 4577 Petri.
838 4517 988 4587 juxta
1027 4514 1191 4569 altare
1243 4515 1299 4569 S.
1352 4513 1546 4568 Albini.
1610 4517 1802 4568 Sumus

216 4587 398 4642 hodie.

294 4669 315 4696 ε
368 4657 642 4713 Valentini.

217 4726 416 4784 Christi
449 4731 606 4786 fidem
632 4725 751 4784 cum
781 4729 892 4783 saxi
923 4725 1154 4797 pondere
1200 4727 1250 4780 in
1283 4725 1518 4780 Tiberim
1551 4726 1804 4796 praccipi-

222 4801 339 4865 tati,
365 4811 417 4854 ct
450 4802 569 4856 inde
616 4802 682 4854 ab
718 4801 906 4868 angelo
959 4799 1213 4853 divinitus
1243 4798 1432 4866 erepti,
1465 4797 1676 4851 demum
1710 4797 1802 4850 ab-

222 4872 409 4925 scissis
460 4871 758 4927 cervicibus
814 4883 1063 4924 coronam
1124 4870 1363 4939 martyrii
1432 4874 1798 4938 perceperunt.

220 4942 500 4997 BAntths
525 4944 572 4996 in
599 4942 868 5011 hlartyrol.

293 5011 320 5051 ά
356 5007 835 5067 Inuumembitt'um.
865 5009 924 5064 ιιῑ
958 5009 1116 5064 etiam
1145 5007 1320 5062 Massa
1349 5008 1566 5062 candida
1595 5024 1803 5064 nuncuc

220 5095 453 5157 paulur;
485 5085 550 5138 de
578 5085 774 5157 quitus
790 5095 955 5157 supra
975 5082 1146 5157 agitur
1168 5095 1289 5157 sxw
1315 5085 1447 5157 Aug,

300 5163 326 5193 ο
353 5147 625 5208 Bituricus.
654 5155 708 5208 lu
743 5147 959 5208 Dolensi
990 5147 1203 5219 littttrigi
1232 5147 1440 5202 termini
1475 5150 1589 5203 vico
1621 5147 1803 5219 beatus

229 5225 423 5291 Lusor,
450 5224 697 5280 Leucadii
725 5223 989 5277 senatoris
1014 5217 1177 5284 ﬁlius,
1194 5221 1432 5291 sepultus
1456 5228 1558 5291 est,
1590 5222 1675 5286 qui
1700 5217 1805 5273 fer-

230 5306 318 5351 tur
349 5289 556 5351 in'albis
580 5299 836 5367 migrasse
864 5309 892 5347 a
922 5291 1136 5367 saeculo.
1173 5289 1425 5367 visuntur
1453 5290 1613 5367 etiam
1665 5303 1802 5367 nunc

230 5368 284 5423 in
338 5377 522 5438 crypta
554 5359 896 5438 subterranea
926 5363 1166 5438 ecclesia:
1198 5361 1294 5416 88.
1338 5359 1590 5438 Stephani
1619 5368 1672 5414 et
1706 5359 1804 5438 sa-

231 5431 449 5494 turnirii'
488 5438 752 5505 Dolensis,
800 5435 906 5489 duo
949 5431 1187 5502 sepulcra
1243 5431 1596 5505 vetustissima
1636 5431 1807 5505 _variis

229 5511 416 5579 ﬁguris
447 5510 714 5571 det-orata,
738 5497 799 5560 in
824 5497 1045 5579 quorum
1079 5515 1181 5579 uno
1213 5504 1603 5579 tnarrmrreoﬁ.
1636 5497 1809 5579 ιιι-ξοπ-

229 5571 473 5649 εέρυιιυε
507 5581 668 5634 fuisse
693 5571 912 5642 dicitur,
933 5584 986 5629 et
1013 5578 1063 5627 In
1090 5573 1253 5649 altero
1281 5571 1811 5649 lapi_deo__Leo_cadius

401 5664 566 5718 pater.
628 5651 683 5704 In
735 5641 968 5702 editione
1021 5658 1114 5698 sua
1162 5644 1413 5718 breviarii
1472 5641 1813 5718 Bituricensis

237 5713 301 5776 ιδ.
339 5713 609 5775 Itolandus
633 5720 829 5774 iiebert
853 5731 1043 5772 nomen
1076 5722 1132 5771 8.
1160 5713 1394 5778 Lusoris,
1429 5722 1639 5780 tresque
1662 5713 1727 5768 de
1750 5727 1814 5766 eo

237 5795 464 5848 insertas
492 5791 742 5847 lectiones
764 5789 1036 5858 expunxit,
1067 5785 1159 5842 sed
1190 5785 1490 5858 innuerito:
1509 5784 1584 5838 De
1703 5783 1817 5858 ματ

237 5878 363 5923 θυι-θ
399 5864 514 5920 vide
545 5863 706 5933 Greg.
739 5854 939 5918 Turou.
969 5860 1036 5917 de
1059 5860 1208 5917 Glor.
1242 5860 1384 5913 cold“.
1427 5856 1515 5925 97,
1541 5865 1594 5911 et
1623 5854 1820 5912 Labbei

232 5654 349 5720 ejus

1826 3247 1870 3310 C
1907 3247 2040 3301 Bibl.
2065 3246 2262 3302 Novam
2288 3251 2417 3298 tom.
2448 3243 2508 3308 ll,

2541 3258 2593 3314 p.
2627 3241 2732 3297 426
2758 3251 2811 3298 et
2836 3243 3046 3314 427.7ln
3079 3244 3283 3314 Lahbei
3301 3254 3486 3314 autem

1901 3319 2086 3372 eodem
2119 3326 2281 3386 toruo,
2318 3331 2367 3384 p.
2394 3315 2515 3386 705,
2540 3311 2929 3386 inllagiologio
2953 3311 3380 3373 Franco-Gaiiia:
3401 3333 3490 3376 re-

1899 3388 2094 3443 colitur
2123 3387 2178 3441 S.
2214 3383 2382 3440 Lusor
2411 3385 2495 3439 die
2527 3383 2905 3440 iNovembri's.

1977 3456 1994 3496 ί
2037 3455 2224 3512 IIierii.
2252 3458 2354 3512 Seu
2384 3456 2557 3524 potius
2589 3455 2764 3527 Pierii.
2797 3455 3150 3527 Hieronymus
3179 3455 3232 3512 in
3247 3459 3491 3527 catalogo

1898 3542 1996 3583 suo
2041 3531 2234 3598 Script.
2296 3527 2501 3598 Eccies.
2549 3527 2617 3580 de
2669 3525 2768 3598 hoc
2821 3529 2899 3582 sic
2951 3525 3161 3598 scribit:
3215 3547 3231 3580 ι
3283 3525 3489 3584 Pierius

1899 3595 2276 3654 Alexandrina:
2302 3595 2554 3652 Ecclesiae
2587 3595 2884 3668 presbyter,
2914 3598 3013 3653 sub
3041 3595 3176 3653 Caro
3200 3608 3259 3668 et
3285 3599 3490 3668 Diocle-

1901 3670 2044 3724 tiano
2075 3669 2500 3739 principibus,eo
2516 3665 2759 3736 tempore
2779 3678 2883 3738 qu‘o
2912 3668 3157 3724 eamdem
3192 3665 3480 3726 Ecclesium

1899 3741 2148 3795 ’i‘heonas
2178 3741 2457 3810 episc0pus
2493 3739 3138 3810 regebat,~florentissime
3185 3741 3362 3794 docuit
3391 3758 3487 3807 νοις

1899 3812 2071 3881 pulos,
2099 3819 2153 3866 et
2186 3814 2234 3864 in
2280 3809 2479 3864 tantam
2508 3809 2770 3881 sermonis
2797 3809 3240 3881 diversorumque
3269 3821 3482 3881 tracta-

1901 3878 2071 3945 tuum,
2097 3881 2184 3950 qui
2217 3896 2384 3950 usque
2417 3878 2573 3934 hodie
2605 3881 3020 3950 exstant,_venit
3051 3880 3391 3950 elegantiam,
3425 3891 3483 3935 ut

1900 3947 2156 4014 0rigenes
2227 3947 2405 4020 junior
2470 3956 2766 4020 vocaretur.
2811 3947 3063 4020 Constat
3132 3947 3272 4003 hunc
3336 3947 3484 4006 Mira:

1899 4025 2194 4086 ἀσκήσεως,
2228 4018 2303 4075 ἐι
2347 4019 2697 4089 appetitorem
2743 4018 3053 4074 voluntaria:
3110 4022 3435 4088 paupertatis
3466 4061 3485 4088 ,

1899 4088 2428 4161 scientissimumque
2467 4089 2760 4144 dialecticae
2813 4099 2867 4143 et
2905 4088 3183 4144 rhetorica:
3233 4091 3384 4161 artis,
3431 4101 3488 4148 et

1902 4173 2022 4231 post
2072 4157 2494 4231 persecutionem
2548 4176 2703 4215 omne
2733 4161 3010 4231 vitaeisua:
3042 4170 3250 4229 tempus
3301 4157 3486 4218 Romae

1905 4230 2388 4288 l'uisse’versatum.
2425 4232 2590 4300 liujus
2620 4242 2699 4286 est
2743 4230 3078 4299 longissimus
3125 4241 3376 4300 tractatus
3433 4235 3485 4290 in

1903 4304 2214 4374 prophetam
2242 4304 2396 4365 Osee,
2425 4318 2580 4372 quem
2606 4305 2655 4355 in
2679 4303 2961 4374 pervigilio
2985 4302 3199 4374 Pascha:
3222 4302 3481 4372 habitum,

1901 4372 2013 4444 ipse
2046 4374 2599 4444 seruiodemonstrat.
2665 4391 2683 4424 ι
2740 4372 2888 4426 ilunc
2926 4373 3186 4427 Eusebius
3240 4373 3290 4428 in
3341 4375 3485 4430 iiist.

1903 4443 2050 4500 Eccl.
2085 4461 2178 4509 vn,
2210 4443 2299 4510 3-2,
2333 4444 2512 4499 laudat
2538 4445 2672 4498 inter
2697 4444 2836 4498 viros
2865 4445 3255 4500 ecclesiasticos
3283 4445 3373 4515 qui
3392 4461 3486 4503 sua

1903 4525 2060 4570 a-tate
2090 4517 2402 4569 ﬂoruerunt.
2612 4543 2624 4557 ι

1981 4594 2004 4629 ε
2038 4586 2255 4640 Genesii.
2297 4583 2392 4639 llic
2434 4584 2596 4640 abbas
2619 4584 2714 4638 fuit
2743 4582 3012 4641 Palatinus
3039 4600 3131 4642 seu
3165 4584 3486 4652 Castrensis,

696 4657 794 4726 Qui
851 4657 903 4712 in
956 4653 1703 4728 persecutionehlaximiani
1733 4655 1801 4728 ob
1833 4630 2361 4726 Darchieapellanus
2403 4657 2690 4728 Chlodovei
2745 4653 2786 4710 il
2840 4630 3012 4725 regis:
3039 4630 3494 4723 eieemosynarius

1906 4733 2006 4799 piae
2041 4733 2233 4798 reginae
2256 4728 2310 4782 S.
2345 4726 2621 4788 Bathildis,
2659 4731 2990 4794 postmodum
3016 4728 3351 4796 Lugdunensi
3387 4729 3488 4799 Ec-

1906 4798 2083 4854 clesiae
2133 4799 2564 4867 archiepiscopus
2595 4799 2770 4852 datus.
2809 4799 2902 4852 llic
2952 4809 3074 4851 ante
3106 4799 3338 4866 reginam
3385 4798 3486 4856 de-

1904 4868 2114 4923 functus
2147 4869 2196 4923 in
2231 4871 2342 4936 ipso
2371 4867 2486 4938 ejus
2517 4867 2660 4922 obitu
2683 4884 2800 4923 cum
2826 4884 3011 4937 magna
3030 4869 3076 4922 ei
3108 4869 3224 4922 luce
3250 4882 3367 4923 cum
3392 4885 3487 4925 an-

1905 4939 2039 5010 gelis
2067 4941 2328 5010 apparuit,
2356 4951 2409 4994 et
2447 4939 2512 4992 ad
2541 4941 2869 5010 rnansioncm
2893 4948 3161 5008 perpetuac
3199 4939 3338 5006 pacis
3369 4954 3488 4995 eam

1945 5007 2176 5065 erduxit.
2201 5010 2297 5062 Cui
2323 5011 2580 5064 succeSsit
2611 5007 2974 5064 Landebertus
3001 5010 3164 5063 abbas
3207 5011 3492 5064 Fontanei-

1931 5083 2072 5136 ensis
2128 5082 2378 5136 Ecclesia:
2408 5097 2547 5135 anno
2597 5081 2721 5136 678.
2758 5080 2886 5134 Vide
2921 5079 3090 5144 Vitam
3119 5080 3176 5135 S.
3213 5079 3486 5136 Balthildis

1911 5151 2048 5220 apud
2074 5151 2340 5206 Mabillon.
2371 5167 2492 5206 sec.
2527 5167 2580 5207 ll.
2611 5155 2729 5205 Act.
2764 5151 2917 5214 Bern,
2959 5161 3014 5207 et
3036 5152 3336 5205 Chronicon
3369 5151 3490 5208 Vir-

1911 5223 2147 5278 dunense
2177 5228 2227 5276 in
2263 5222 2424 5278 Labb.
2453 5221 2588 5278 ΒΜ.
2622 5221 2778 5286 Nov.,
2813 5231 2942 5276 tom.
2975 5221 3016 5289 Ι,
3052 5238 3103 5291 p.
3137 5222 3256 5277 102.
3327 5251 3338 5258 -

1983 5291 2008 5329 ιι
2037 5294 2238 5359 Quarti.
2265 5293 2338 5348 De
2363 5293 2460 5348 hoc
2493 5291 2658 5363 pridie
2680 5293 2876 5360 agitur.

1991 5363 2007 5400 ί
2037 5365 2283 5418 Amantii.
2315 5365 2482 5432 iiujus
2529 5363 2696 5417 Vitam
2743 5363 2880 5432 apud
2912 5363 3123 5418 Surium
3158 5374 3286 5417 tom.
3323 5363 3388 5420 Vl
3421 5364 3497 5420 ie-

1914 5448 2038 5505 gas;
2070 5444 2125 5487 at.
2154 5451 2271 5490 eam
2301 5436 2579 5504 perfectius
2607 5435 2773 5505 edist
2801 5435 3060 5490 Labbaeus
3091 5435 3140 5488 in
3167 5437 3302 5490 Bibi.
3333 5435 3493 5500 Nov.,

1918 5504 2046 5559 ttrrn.
2075 5506 2136 5558 li.
2172 5506 2328 5574 Greg.
2362 5506 2560 5575 Turon.
2595 5507 2646 5560 in
2679 5504 2812 5560 Vitis
2843 5505 3078 5570 Patrum,
3102 5521 3219 5575 cap.
3252 5505 3307 5572 4,
3335 5507 3498 5562 tradit

1917 5575 2036 5644 ejus
2067 5592 2258 5645 corpus
2283 5573 2593 5629 translatum
2618 5578 2778 5631 fuisse
2799 5591 2827 5630 a
2861 5577 2919 5632 S.
2950 5573 3234 5646 Quintiano
3253 5577 3342 5646 qui
3363 5578 3412 5633 ei
3437 5579 3491 5635 in

1922 5646 2249 5700 liuthenensi
2279 5646 2585 5713 episcopatu
2615 5649 2892 5703 successit.

1997 5723 2014 5791 l_
2052 5716 2320 5791 lulianum
2366 5726 2415 5771 et
2441 5717 2740 5774 Ctesarium.
2789 5718 2866 5778 De
2909 5718 2992 5776 his
3021 5718 3270 5791 superius
3298 5719 3417 5778 vide
3455 5735 3498 5777 .n

1925 5788 2176 5845 Kalendis
2202 5785 2357 5859 hujus
2379 5791 2600 5846 mensis.
