4064 6346
224 372 378 434 1097

1395 367 1592 427 δεοτ.
1631 367 1699 423 ιι.
1736 395 1807 407 -
1842 363 2409 422 MARTYROLOGIA.
2450 328 2455 333 ’

3388 368 3525 426 1098

1517 480 1747 537 EDITIO
1784 476 2249 535 COLONIENSIS.
3150 553 3160 561 _

230 601 497 659 Achilleae
528 598 795 672 episcopi,
828 594 1157 661 eruditione,
1190 594 1318 663 ﬁde,
1349 595 1757 651 conversatione
1778 604 1831 649 et
1854 574 1907 632 Α
1934 599 2058 645 runt
2087 589 2152 644 ad
2180 590 2339 646 ﬁdem
2369 588 2587 645 Christi.
2638 588 2768 647 Post
2802 591 2919 648 dies
2956 600 3134 649 autem
3165 595 3519 668 quadraginta

146 712 183 765 75
232 697 481 752 moribus
510 693 756 765 insignis.
790 692 921 747 Item
953 689 1091 760 apud
1117 689 1430 745 Perusinam
1464 687 1627 743 Italiae
1649 687 1833 741 urbem

146 782 184 855 ἒ
236 790 419 847 sancti
473 786 778 845 Herculiani
824 785 1086 855 episcopi,
1132 794 1185 840 et
1219 784 1387 840 sancti
1418 783 1714 846 Amaranti,
1744 782 1836 851 qui

151 850 184 953 ξ
230 884 377 953 apud
428 882 740 937 Albiensem
787 850 974 935 urbem
1013 850 1396 949 inartyrizatus
1426 885 1529 931 est.
1560 850 1835 943 Depositio

153 956 167 985 ’“
231 974 580 1031 Willibrordi
611 974 873 1044 episcopi,
911 973 980 1028 de
1019 982 1179 1042 gente
1224 972 1545 1042 Anglorum,
1578 970 1678 1025 viri
1704 986 1834 1026 san-

229 1070 487 1136 ctissimi,
531 1078 587 1124 et
633 1068 1013 1123 miraculorum
1056 1068 1224 1137 gratia
1270 1066 1557 1121 admodum
1588 1066 1831 1135 insignis,

226 1163 318 1232 qui
346 1177 380 1215 a
412 1160 601 1229 Sergio
630 1174 765 1230 papa
793 1158 977 1213 Romae
1006 1158 1286 1214 ordinatus
1315 1168 1418 1224 est,
1451 1167 1504 1214 et
1533 1158 1585 1213 in
1609 1158 1834 1213 Genna-

226 1254 377 1307 niam
408 1251 474 1305 ad
509 1250 905 1321 praedicandum
933 1249 1254 1316 destinatus,
1284 1250 1593 1320 ibidemque
1624 1249 1834 1320 requie-

228 1344 323 1398 vit.
359 1344 496 1399 Item
526 1342 698 1398 sancti
724 1341 843 1396 Ruﬁ
868 1341 1122 1396 Metensis
1148 1343 1385 1411 episcopi
1406 1351 1460 1397 et
1484 1325 1830 1407 confessoris,

224 1435 319 1505 qui
354 1432 646 1488 translatus
674 1444 757 1487 est
785 1447 815 1485 a
848 1431 1099 1500 praedicta
1126 1431 1276 1497 urbe,
1302 1433 1673 1487 consentiente
1696 1431 1833 1485 Dro-

223 1544 370 1599 gone
412 1526 677 1596 praesule,
721 1526 775 1579 in
803 1524 1236 1580 Vormatiensem
1285 1540 1507 1596 pagum,
1562 1525 1615 1579 in
1649 1526 1831 1580 villam

222 1638 347 1693 qua:
382 1628 604 1676 vocatur
639 1618 949 1675 Oternheim
972 1662 987 1686 ,
1030 1618 1367 1687 temporibus
1412 1617 1612 1673 Lotarii
1658 1618 1833 1686 impe-

224 1715 450 1781 ratoris,
484 1722 542 1768 et
570 1710 830 1766 Ludovici
863 1712 1038 1781 regis;
1090 1710 1181 1765 ubi
1224 1711 1384 1765 etiam
1434 1710 1690 1764 sanctitas
1718 1709 1832 1778 ejus

225 1805 417 1862 multis
463 1802 748 1858 virtutibus
798 1801 1007 1857 claruit.
1056 1800 1113 1856 In
1162 1801 1342 1858 Africa
1392 1801 1570 1856 natale
1615 1800 1829 1872 Rogati,

224 1896 450 1953 Domni.

292 1988 367 2044 D.
396 1987 461 2043 VI
490 1987 612 2043 Inus
648 1985 894 2043 Nomm.
942 2016 1013 2027 —
1063 1985 1250 2041 Romae
1299 1984 1478 2041 natale
1520 1994 1828 2041 sanctorum

220 2091 555 2153 martyrum,
580 2081 809 2147 Claudii,
834 2081 1145 2147 Nicostrati,
1170 2080 1573 2152 Symphoriani,
1598 2078 1828 2136 Castorii

216 2187 272 2234 et
314 2175 625 2247 Simplicii,
676 2175 767 2245 qui
815 2184 1055 2245 tempore
1096 2172 1411 2229 Diocletiani
1458 2173 1680 2239 Augusti
1733 2188 1827 2242 pro

217 2269 425 2324 Christi
458 2268 675 2322 nomine
704 2267 845 2336 passi
880 2276 1023 2333 sunt,
1066 2280 1131 2320 eo
1158 2262 1301 2333 quod
1337 2263 1538 2318 nollent
1566 2263 1696 2318 deos
1727 2279 1823 2332 pa-

218 2376 486 2434 ganorum
517 2360 716 2416 colere.
732 2359 865 2415 Nam
889 2374 1011 2413 cum
1033 2367 1215 2413 essent
1236 2357 1471 2426 insignes
1491 2355 1745 2422 artiﬁces,
1773 2363 1830 2411 et

217 2456 273 2511 in
304 2454 579 2524 lapidibus
607 2451 926 2508 marmoreis
956 2449 1215 2519 imagines
1244 2448 1491 2516 scalpere
1519 2460 1680 2516 super
1709 2461 1827 2499 om-

222 2564 324 2605 nes
355 2546 590 2602 artiﬁces
628 2547 806 2617 regios
844 2552 1104 2609 nossent,
1146 2551 1201 2599 et
1244 2542 1378 2597 artis
1418 2556 1607 2595 eorum
1638 2541 1825 2609 peritia

225 2640 458 2697 multum
504 2638 814 2708 imperatori
862 2634 1174 2706 placuisset,
1226 2644 1404 2689 tamen
1451 2632 1827 2688 accusantibus

222 2750 319 2791 eos
358 2731 714 2803 philosophis,
745 2743 811 2785 eo
839 2728 981 2799 quod
1012 2728 1175 2783 falsos
1214 2726 1347 2782 deos
1376 2726 1604 2781 adorare
1635 2738 1828 2779 renue-

222 2838 371 2893 rant,
395 2826 556 2896 jussit
577 2838 672 2881 eos
697 2822 1058 2878 Diocletianus
1086 2820 1279 2876 loculis
1302 2820 1569 2889 plumbeis
1591 2818 1824 2873 inclusos

222 2929 419 2972 omnes
451 2914 785 2984 praecipitare
808 2911 863 2966 in
892 2910 1135 2966 ﬂuvium.
1168 2910 1365 2967 Passus
1386 2920 1469 2965 est
1497 2919 1675 2965 autem
1702 2925 1823 2963 cum

221 3010 304 3069 eis
330 3020 385 3067 et
410 3007 744 3079 Simplicius,
782 3019 941 3076 quem
970 3018 1001 3058 a
1034 2988 1346 3075 gentilitatis
1391 3003 1495 3059 ritu
1540 3010 1821 3057 converte-

1858 1950 1910 2013 B

1938 682 2091 748 duos,
2128 683 2270 738 venit
2292 684 2507 754 quidam
2535 684 2849 741 Nicodetnus
2874 686 3227 755 Christianus,
3252 701 3308 746 et
3332 691 3531 749 levavit

1938 789 2058 828 cum
2093 775 2219 843 ipsis
2246 776 2431 831 loculis
2460 792 2685 847 corpora
2716 789 3031 852 martyrum,
3076 792 3131 838 et
3158 784 3209 839 in
3241 784 3404 843 domo
3432 803 3529 842 sua

1939 874 2233 930 honorifice
2264 878 2455 946 posuit.
2507 878 2656 933 Passi
2704 891 2827 933 sunt
2857 890 3035 935 autem
3069 893 3219 938 sexta
3269 883 3389 939 ldus
3420 884 3530 940 No-

1936 968 2197 1023 vembris.
2226 967 2346 1037 Ipso
2376 969 2463 1023 die
2490 969 2664 1024 natale
2694 979 3001 1026 sanctorum
3032 972 3269 1040 Quatuor
3291 974 3527 1031 Corona-

1942 1067 2139 1125 torum,
2184 1059 2235 1113 id
2266 1069 2367 1125 est,
2401 1059 2607 1124 Severi,
2637 1061 2913 1117 Severiani
2934 1103 2951 1128 ,
2998 1063 3327 1133 Carp0phori
3354 1075 3408 1121 et
3439 1067 3531 1121 Vi-

1937 1151 2153 1207 ctorini.
2184 1151 2246 1205 Ili
2278 1167 2400 1207 cum
2433 1152 2826 1221 impellerentur
2866 1156 2933 1209 ad
2972 1156 3414 1225 sacriﬁcandum,
3445 1176 3530 1214 re.

1926 1242 2196 1304 luctantes
2216 1283 2230 1307 ,
2264 1258 2365 1298 nec
2394 1244 2612 1299 omnino
2636 1259 2957 1301 consensum
2990 1246 3168 1317 impiis
3200 1250 3527 1319 praebentes,

1936 1334 2287 1403 perstiterunt
2333 1333 2385 1389 in
2432 1334 2556 1389 ﬁde.
2606 1336 2911 1391 Nuntiatum
2964 1350 3045 1395 est
3089 1342 3189 1395 hoc
3216 1340 3530 1411 imperatori

1937 1426 2309 1483 Diocletiano:
2352 1444 2488 1498 quos
2535 1430 2677 1485 illico
2716 1430 2877 1500 jussit
2915 1442 2972 1487 ut
3014 1444 3137 1489 ante
3182 1436 3531 1491 simulacrum

1939 1521 2170 1588 Asclepii
2212 1521 2405 1576 ictibus
2442 1523 2835 1591 plutubatarum
2866 1528 2991 1581 catsi
3030 1527 3355 1595 delicerent;
3398 1545 3531 1599 quo-

1935 1626 2053 1665 rum
2083 1624 2308 1681 corpora
2331 1612 2492 1681 jussit
2522 1614 2573 1667 in
2601 1615 2774 1681 platea
2804 1616 3025 1672 canibus
3051 1619 3261 1688 jactari,
3294 1636 3409 1690 quae
3435 1620 3524 1689 ja—

1934 1714 2159 1758 cueruttt
2186 1703 2257 1758 ibi
2297 1704 2487 1759 diebus
2535 1706 2769 1776 quinque
2818 1708 3006 1763 illmsa.
3054 1710 3203 1765 'I‘unc
3238 1710 3531 1768 Christiani

1933 1811 2222 1868 venerunt,
2252 1811 2307 1857 et
2332 1802 2555 1857 collecta
2602 1816 2825 1872 corpora
2873 1805 3222 1874 sepelierunt.
3260 1806 3348 1860 Via
3378 1806 3536 1861 Lavi-

1934 1908 2094 1961 cana,
2125 1896 2379 1951 milliario
2404 1896 2473 1951 ab
2506 1896 2636 1953 urbe
2667 1899 2846 1965 tertio,
2879 1898 2930 1952 in
2962 1901 3208 1954 arenario
3229 1900 3380 1968 juxta
3410 1915 3533 1954 cor-

1937 2002 2064 2057 pora
2091 1998 2397 2043 sanctorum
2428 2000 2722 2060 martyrum
2753 1988 2982 2059 Claudii,
3015 1992 3337 2059 Nicostrati,
3381 1993 3526 2049 Sim-

1933 2078 2208 2150 phoriani,
2228 2080 2457 2136 Castorii
2478 2092 2531 2137 et
2552 2080 2830 2151 Simplicii.
2853 2084 2979 2138 Post
2998 2084 3132 2138 duos
3158 2094 3333 2141 tamen
3360 2100 3530 2143 annos

1934 2172 2203 2241 passionis
2232 2173 2420 2228 horum
2446 2173 2681 2243 quinque
2706 2183 3023 2246 martyrum,
3048 2190 3168 2230 cum
3194 2177 3408 2232 nomina
3436 2192 3531 2232 eo-

1934 2280 2053 2321 rum
2082 2266 2305 2322 tninime
2336 2269 2719 2336 reperirentur,
2760 2269 2947 2323 statuit
2984 2269 3173 2324 beatus
3203 2270 3528 2327 Melchiades

1935 2358 2216 2428 episcopus
2241 2368 2296 2413 ut
2316 2358 2713 2415 anniversarius
2736 2359 2974 2428 Quatuor
3003 2358 3388 2416 Coronatorum
3412 2361 3528 2417 dies

1933 2450 2035 2505 sub
2064 2450 2374 2507 nominibus
2402 2461 2711 2507 sanctorum
2740 2452 2975 2523 quinque
3005 2462 3297 2524 martyrum
3322 2454 3531 2509 recole.

1933 2550 2103 2597 retur.
2138 2542 2620 2599 lntercurrentibus
2659 2554 2835 2599 tamen
2866 2545 3041 2613 annis,
3088 2547 3300 2602 cuidam
3343 2557 3530 2604 sancto

1932 2634 2049 2688 viro
2079 2633 2240 2689 etiam
2292 2636 2514 2689 nomina
2560 2651 2744 2691 eorum
2791 2638 3024 2692 revelata
3063 2646 3206 2693 sunt.
3240 2638 3525 2696 Festivitas

1932 2740 2083 2792 vero,
2110 2735 2168 2780 ut
2195 2724 2371 2782 fuerat
2395 2737 2614 2793 statuta,
2643 2729 2870 2784 celebris
2897 2730 2949 2784 in
2978 2730 3203 2785 aliorum
3228 2740 3522 2803 martyrum

1933 2817 2225 2875 festivitate
2252 2820 2567 2890 permansit,
2596 2835 2661 2877 ac
2688 2822 2835 2877 locus
2862 2822 3101 2892 Quatuor
3138 2824 3525 2879 Coronatorum

1932 2912 2152 2969 nomine
2180 2914 2425 2985 insignis.
2464 2914 2667 2971 Eodem
2695 2915 2782 2972 die
2807 2917 3245 2975 commemoratio
3274 2918 3524 2975 Omnium

1930 3002 2271 3063 Sanctorum.
3515 3006 3519 3010 ’

1476 3114 1709 3171 EDITIO
1747 3113 2254 3173 BOLLANDIANA.

219 3248 276 3313 et
300 3237 555 3313 Belsamt.
586 3235 679 3304 A.,
706 3234 830 3304 Ipso
871 3232 959 3288 die
977 3232 1156 3288 natale
1184 3230 1245 3288 S.
1270 3231 1300 3261 ⁸
1330 3228 1662 3286 Willibrordi
1686 3243 1817 3285 con-
1845 3224 1894 3287 C
1926 3231 2200 3297 cederent,
2226 3232 2361 3301 jussi
2392 3243 2515 3288 sunt
2545 3234 2598 3289 in
2628 3234 2806 3292 medio
2843 3236 2977 3290 mari
3020 3236 3321 3308 praecipites
3348 3236 3515 3313 dat-bl

218 3310 467 3368 fessoris.

301 3408 359 3461 8.
390 3433 462 3447 —-
486 3405 553 3459 Vl
584 3404 724 3460 Inus.
757 3403 942 3457 Romae
969 3408 1277 3457 sanctorum
1308 3398 1550 3465 Quatuor
1578 3398 1819 3454 Corona-

222 3509 412 3554 torum
444 3513 458 3550 :
487 3496 716 3565 Claudii,
747 3494 1057 3561 Nicostrati,
1084 3490 1491 3564 Sympboriani,
1520 3491 1747 3547 Castorii
1769 3500 1823 3547 et

222 3590 515 3661 Simplicii.

300 3685 497 3740 Florus
526 3685 580 3739 in
610 3683 676 3739 '1‘.
709 3683 947 3753 priorum
980 3680 1200 3736 nomina
1226 3680 1305 3736 sic
1333 3680 1627 3750 interponit
1658 3685 1673 3734 ἑ
1720 3679 1818 3753 se-

224 3776 367 3841 veri,
416 3774 717 3841 Severiani,
752 3774 1037 3839 Victorini,
1093 3772 1446 3844 Carpophori,
1481 3785 1535 3829 et
1586 3774 1818 3829 aliorum

226 3869 493 3937 quinque,
518 3865 747 3934 Claudii,
777 3874 905 3929 etc.,
934 3863 1127 3920 deinde
1148 3863 1252 3919 hoc
1276 3864 1507 3934 elogium
1549 3864 1822 3936 subjungit

228 3961 287 4015 in
319 3963 387 4014 Α.
419 3957 484 4012 Τ.
516 3958 611 4012 L.:
634 3955 733 4022 Qui
764 3955 890 4010 dum
920 3968 1146 4025 corpora
1171 3954 1270 4011 SS.
1304 3953 1681 4024 Tranquillini,
1724 3969 1817 4025 pa-

228 4052 335 4108 tris
363 4049 528 4105 Marci
557 4058 611 4102 et
639 4047 1003 4112 Marcelliani,
1052 4055 1110 4103 et
1137 4045 1263 4101 Zoae
1296 4046 1479 4100 uxoris
1520 4044 1820 4101 Nicostrati

230 4157 335 4213 per
362 4155 494 4196 oras
521 4138 753 4194 numinis
782 4138 1021 4193 Tiberini
1054 4138 1410 4209 inquirerent,
1441 4151 1469 4191 a
1501 4147 1821 4210 persecuto-

229 4236 388 4290 ribus
420 4232 554 4289 tenti
600 4240 727 4287 sunt
777 4239 832 4286 et
878 4230 946 4285 ad
992 4231 1145 4286 urbis
1194 4230 1510 4301 praefectum
1557 4232 1821 4303 perducti.

232 4325 389 4395 [Erat
434 4334 613 4379 autem
654 4321 819 4392 judex
852 4321 1139 4390 Fabianus,
1178 4322 1269 4393 qui
1314 4338 1410 4380 eos
1447 4323 1693 4380 hortatus
1739 4333 1826 4380 est

228 4419 299 4473 ad
330 4415 778 4482 sacriﬁcandum;
810 4422 866 4469 et
904 4429 998 4486 per
1027 4415 1212 4470 decem
1248 4414 1369 4471 dies
1411 4415 1555 4471 misit
1598 4415 1665 4472 ad
1694 4431 1820 4485 eos,

231 4522 286 4566 et
317 4508 595 4565 blanditiis
643 4522 807 4579 agens
840 4509 893 4563 in
935 4508 1084 4563 nullo
1124 4507 1335 4577 penitus
1365 4510 1536 4579 potuit
1579 4526 1820 4566 commo-

237 4618 381 4658 vere.
413 4602 565 4658 Tunc
607 4601 735 4657 fecit
760 4601 827 4656 de
855 4600 939 4655 bis
967 4601 1362 4673 suggestionem
1392 4602 1818 4672 imperatoribus
1848 4645 1853 4656 .

1932 4583 2066 4666 istis.
2082 4599 2265 4643 eorum
2295 4599 2505 4673 quoque
2534 4588 2793 4667 memoria
2826 4588 3022 4656 pariter
3055 4590 3145 4641 ﬁat
3192 4607 3205 4639 :

237 4695 571 4751 Diocletiano
598 4704 653 4749 et
697 4693 1061 4749 Maximiano:
1093 4693 1184 4763 qui
1210 4693 1491 4765 jusserunt
1529 4710 1623 4751 eos
1669 4700 1826 4753 tertio

234 4789 496 4858 torqueri,
529 4803 759 4860 cumque
785 4787 931 4843 nulla
984 4787 1195 4845 ratione
1229 4788 1508 4845 tormentis
1557 4791 1825 4861 compulsi

1926 3324 2213 3381 Imtnensis
2242 3326 2421 3396 itaque
2442 3327 2631 3382 arctati
2663 3329 3011 3399 ponderibus,
3043 3329 3219 3402 pelagi
3253 3332 3507 3391 ﬂuctibus

1926 3418 2037 3473 dati
2068 3427 2210 3473 sunt.
2262 3419 2331 3473 Et
2361 3419 2413 3473 in
2463 3419 2581 3473 loco
2625 3421 2824 3475 mundo
2874 3421 3014 3476 inter
3060 3436 3228 3491 aquas
3259 3437 3515 3480 coronam

1927 3512 2172 3583 martyrii
2202 3513 2566 3568 celebrarunt.
2597 3513 2867 3584 Scriptum
2898 3516 2951 3569 in
2981 3514 3160 3571 Gestis
3188 3516 3244 3572 S.
3274 3518 3301 3559 b
3346 3517 3520 3573 Seba-

1926 3604 2107 3659 stiani.
2160 3605 2542 3661 Verumtamen
2599 3608 2665 3662 A.
2712 3607 2764 3661 in
2813 3608 3093 3677 principio,
3138 3610 3515 3665 contractius:

1926 3697 2026 3763 Qui
2079 3696 2177 3751 sub
2228 3696 2464 3753 Fabiano
2509 3698 2687 3767 judice
2737 3700 3045 3768 iubentibus
3092 3700 3415 3757 Maximiano
3460 3711 3519 3757 et

1928 3788 2259 3843 Diocletiano
2308 3789 2720 3858 imperatoribus
2776 3790 2900 3845 torti
2940 3800 2995 3846 et
3046 3791 3101 3845 in
3156 3791 3292 3846 ntari
3350 3794 3514 3848 mersi

1928 3890 2074 3935 sunt.
2133 3881 2220 3948 L.,
2275 3883 2618 3948 contractius,
2650 3882 2702 3936 in
2756 3883 2935 3938 medio
2986 3884 3105 3939 loco
3152 3885 3304 3939 uncis
3347 3884 3519 3942 inclu-

1927 3987 2113 4029 sorum
2140 3990 2153 4027 :
2185 3974 2284 4041 Qui
2332 3974 2489 4029 tertio
2518 3974 2663 4043 torti,
2697 3988 2817 4029 cum
2845 3977 3090 4045 superarl
3136 3990 3239 4031 non
3272 3986 3514 4048 possent.

1927 4064 2227 4131 immensis,
2257 4074 2362 4121 etc.
3204 4062 3219 4067 ”
3242 4063 3250 4068 ’
3300 4059 3309 4068 ”

2001 4154 2351 4227 Subjungitur
2380 4158 2433 4212 in
2464 4160 2529 4213 A.
2559 4176 2574 4213 :
2606 4160 2846 4226 Quatuor
2866 4159 3255 4215 Coronatorum
3288 4161 3507 4219 nomina

1928 4227 2239 4300 sunthaec:
2293 4240 2313 4267 ε
2367 4229 2617 4297 Severus,
2671 4230 3017 4298 Severianus,
3075 4233 3408 4300 Victorinus,
3455 4248 3512 4291 et

1927 4297 2309 4373 Carpophorus
2335 4317 2349 4354 :
2384 4316 2609 4369 quorum
2642 4302 2755 4357 dies
2786 4305 2976 4356 natalis
3006 4297 3103 4373 per
3132 4297 3516 4361 ittcuriam'tte-

1925 4371 2152 4439 glectus,
2186 4371 2405 4425 minime
2434 4372 2655 4440 reperiri
2692 4383 2895 4442 poterat
2942 4392 2954 4427 :
2990 4371 3111 4430 ideo
3141 4384 3396 4431 statutum
3430 4387 3516 4431 est

1926 4442 2089 4517 ut‘in
2140 4456 2323 4517 eorum
2374 4443 2622 4517 ecclesia,
2669 4444 2861 4517 borum
2914 4447 3147 4517 quinque
3197 4457 3509 4502 sanctorum

1927 4511 2017 4584 qui
2050 4516 2101 4567 in
2146 4513 2309 4566 missa
2342 4513 2630 4568 recitantur
2677 4516 2868 4571 natalis
2914 4511 3235 4584 celebretur,
3287 4528 3342 4572 ut
3387 4535 3511 4573 cum

3255 4589 3348 4642 sed
3396 4591 3512 4642 haec

1932 4656 2144 4728 mutila,
2175 4666 2229 4711 et
2259 4654 2521 4728 confusa,
2547 4658 2686 4711 sicut
2707 4654 2972 4728 apparet,
3006 4674 3112 4713 non
3145 4658 3401 4711 audemus
3445 4676 3508 4713 ex

1934 4726 2089 4783 unius
2115 4743 2216 4783 ms.
2251 4725 2353 4780 ﬁde
2382 4727 2678 4783 attribuere
2703 4725 2883 4785 Floro.
2919 4730 2977 4782 Β.
2996 4770 3012 4794 ,
3040 4730 3096 4784 In
3122 4729 3299 4784 Africa
3328 4730 3507 4785 natale

1932 4796 2032 4853 SS.
2066 4797 2252 4864 Primi,
2280 4796 2556 4868 Macbarii,
2586 4799 2748 4869 Justi,
2773 4802 3021 4856 Amandi.

1641 4904 1849 4962 SMITH
1887 4908 2115 4970 NOTAE.

324 5017 349 5045 ⁸
388 5011 732 5067 Willibrordi.
781 5011 858 5067 De
902 5010 1005 5068 hoc
1042 5010 1164 5067 vide
1203 5024 1362 5081 supra
1403 5012 1541 5069 Hist.
1576 5014 1723 5073 Eccl.
1768 5034 1818 5086 v,

238 5085 328 5148 10,
361 5086 446 5139 II.

313 5164 341 5205 ι)
372 5156 682 5211 Sebastiani.
734 5155 839 5210 Sed
873 5154 927 5208 hi
974 5152 1172 5209 diversi
1216 5162 1343 5208 sunt
1384 5155 1451 5209 ab
1498 5156 1562 5209 iis
1594 5171 1820 5225 quorum

239 5229 477 5298 martyrii
528 5228 707 5299 series
743 5226 1090 5299 narraturuin
1139 5226 1285 5280 Actis
1327 5227 1626 5299 Sebastiani
1681 5233 1821 5299 apud

240 5296 552 5354 Bollandum
585 5314 654 5351 xx
683 5296 919 5351 Januarii
952 5296 1130 5358 editis,
1178 5306 1234 5351 et
1263 5298 1350 5365 qui
1381 5311 1539 5365 supra
1572 5296 1823 5355 coluntur

239 5386 316 5423 vti
346 5370 491 5424 Julii.
523 5369 835 5437 Simplicius
864 5368 1006 5423 enim
1051 5367 1236 5422 nullibi
1286 5370 1549 5436 reperitur
1582 5371 1629 5422 in
1674 5374 1821 5426 Actis

241 5442 566 5506 Sebastiani,
616 5441 925 5511 etdiversa
955 5443 1086 5493 Acta
1138 5442 1188 5493 in
1221 5438 1469 5493 omnibus
1499 5440 1815 5511 Martyrolo-

240 5514 341 5580 giis
372 5513 640 5583 leguntur.
675 5510 736 5564 Hi
772 5514 914 5565 enim
947 5524 1135 5564 omnes
1164 5520 1317 5583 erant
1338 5512 1571 5583 insignes
1592 5512 1643 5565 in
1673 5529 1819 5567 mar-

242 5582 482 5638 moribus
510 5583 817 5649 sculpendis
847 5583 1103 5646 artiﬁces,
1156 5592 1207 5635 et
1238 5582 1665 5651 Sympborianus
1715 5601 1819 5639 eo-

240 5670 359 5707 rum
391 5665 505 5707 erat
538 5654 815 5720 magister,
848 5662 903 5706 et
930 5668 993 5707 eo
1018 5652 1160 5721 quod
1190 5654 1389 5719 ﬁngere
1414 5654 1572 5706 deum
1626 5654 1818 5710 Αἰξω-

242 5725 441 5793 Iapiutn
474 5733 527 5780 et
571 5726 733 5780 l'alsus
760 5727 892 5777 deos
932 5726 1157 5777 adorare
1206 5736 1514 5788 renuerant,
1552 5727 1723 5793 primo
1765 5730 1817 5782 itt

243 5810 513 5851 carcerem
544 5798 712 5859 missi,
735 5794 964 5870 deinde
988 5796 1372 5870 scorpionibus
1386 5798 1535 5870 caesi,
1586 5802 1819 5870 denique

245 5871 297 5925 in
351 5883 500 5925 mare
532 5867 834 5937 prmctpites
860 5866 968 5919 dati
1000 5877 1144 5920 sunt.
1191 5868 1295 5922 Sed
1335 5868 1591 5926 Claudius
1634 5881 1687 5925 ct
1727 5866 1817 5927 Ni-

686 5961 951 6027 I’AﬂtOL.
986 5960 1197 6034 XCIV.

1932 5037 2198 5101 ciostratus
2234 5028 2325 5099 qui
2354 5045 2423 5085 vn
2451 5029 2576 5086 Julii
2602 5030 2869 5101 coluntur,
2896 5028 3114 5085 fuerunt
3145 5030 3509 5101 primiscrinii.

1931 5100 2207 5173 Castorius
2248 5113 2364 5156 erat
2411 5101 2713 5173 Nicosuati
2741 5100 2927 5167 frater,
2980 5112 3034 5156 et
3078 5100 3509 5173 Sy’mphorianus

1930 5168 2134 5242 Claudii
2160 5172 2322 5237 ﬁlius,
2356 5188 2455 5227 nec
2481 5172 2783 5239 Simplicius
2812 5188 2935 5226 cum
2963 5176 3041 5228 eis
3069 5168 3258 5242 passus
3282 5184 3385 5237 est,
3412 5178 3509 5230 sed

1931 5240 2263 5315 Victorinus.
2297 5246 2443 5299 Petr.
2477 5243 2745 5315 deNataI.
2778 5245 3010 5299 artiﬁces
3040 5240 3139 5299 hos
3182 5246 3321 5315 apud
3366 5247 3505 5301 Pan-

1932 5313 2149 5366 noniam
2201 5330 2385 5383 passos
2433 5314 2639 5379 scribit,
2675 5314 2763 5368 alii
2790 5330 2918 5368 vero
2966 5331 3151 5373 omnes
3180 5313 3274 5371 eos
3321 5316 3506 5372 Itonia:

1931 5385 2245 5453 martyrium
2279 5384 2654 5452 adimplevisse
2684 5393 2965 5440 testantur.

2003 5458 2024 5485 ε
2058 5456 2296 5510 Severus.
2332 5457 2438 5510 llos
2487 5457 2794 5510 sacriﬁcare
2846 5467 3100 5527 negantes
3145 5459 3505 5515 Diocletianus

1928 5524 2072 5580 illico
2098 5527 2259 5595 jussit
2301 5537 2358 5581 ut
2397 5538 2523 5580 ante
2568 5524 2939 5581 sintulacrunf
2964 5530 3255 5597 Aﬂsculapii
3310 5531 3501 5585 ictibus

1929 5598 2319 5665 plumbatarum
2360 5598 2480 5651 caesi
2513 5598 2835 5664 deﬁcerent;
2867 5616 3089 5668 quorum
3121 5603 3341 5655 collecta
3385 5617 3507 5658 cor-

1930 5669 2322 5743 pora__sepul_ta_
2369 5679 2491 5722 sunt
2544 5671 2624 5722 via
2672 5669 2936 5743 Lavicana
2988 5674 3039 5724 in
3063 5674 3311 5743 arenario
3350 5672 3504 5743 juxta

1927 5738 2224 5813 Claudium,
2262 5738 2646 5811 Nicostratum,
2673 5742 3146 5813 Symphorianum,
3176 5738 3501 5811 Casturtutn,

1928 5811 2286 5882 Simplicium.
2318 5813 2452 5869 A00.

2997 5974 3075 6037 35
