4064 6346
420 448 425 452 _
527 353 700 416 1099‘

1272 351 1472 410 BEDE
1512 347 1966 427 VENEMBILIS
2001 343 2153 406 OPP.
2197 339 2376 400 PARS
2412 339 2508 399 iV.
2546 368 2619 386 —-
2654 337 3042 402 HiSTORlCA.

3676 334 3830 394 1100

1791 463 2023 520 Εοιτιο
2062 455 2542 519 COLONIENSIS.

606 567 675 623 Ε.
707 564 744 619 V
777 563 892 619 lous
917 560 1160 618 Novsn.
1190 590 1262 605 -
1290 559 1475 616 Natale
1505 559 1644 615 beati
1672 559 1938 614 Theodori
1969 572 2115 612 mar-
2145 559 2201 620 Α
2223 554 2372 608 ribus
2397 550 2796 622 apostolorum,
2827 547 3031 620 primus
3061 546 3166 618 ipsi
3214 546 3334 604 urbi
3379 547 3682 605 destinatur
3708 551 3834 622 epi-

529 661 690 734 tyris,
723 668 964 726 tempore
989 653 1292 709 Maximiani
1323 662 1378 709 et
1405 652 1675 708 Maximini
1716 652 2122 720 imperatorum.

529 754 632 823 Qui
663 766 780 807 cum
821 757 964 804 esset
999 747 1153 802 miles
1194 746 1294 800 sub
1326 744 1528 818 Brycha
1560 743 1848 815 praeposito
1875 739 2123 812 legionis,

529 847 730 904 missus
764 852 844 897 est
871 841 922 897 in
953 855 1246 906 carcerem,
1295 837 1609 909 signatoque
1653 838 1791 891 ostio
1822 834 1894 890 ibi
1942 833 2126 888 divina

530 935 839 994 visitatione
885 933 1216 990 consolatur.
1267 930 1397 987 Post
1448 930 1651 1000 aliquot
1700 928 1815 983 dies
1866 925 2127 981 adductus

528 1031 724 1087 iterum
757 1036 880 1081 ante
909 1024 1215 1096 praesidem,
1244 1037 1534 1094 suspensus
1557 1031 1640 1077 est
1671 1021 1721 1075 in
1752 1019 1920 1092 ligno,
1952 1027 2006 1074 et
2029 1033 2126 1072 un-

529 1121 671 1193 gulis
698 1118 884 1174 ferreis
924 1119 1089 1172 latera
1135 1117 1252 1186 ejus
1299 1131 1441 1181 rasa,
1494 1128 1770 1184 quousque
1799 1122 1964 1167 costa:
2010 1113 2128 1182 ejus

529 1215 893 1276 nudarentur;
924 1209 1119 1264 deinde
1159 1207 1405 1262 manibus
1449 1213 1570 1276 post
1609 1213 1813 1274 tergum
1840 1203 2034 1272 ligatis,
2074 1201 2126 1256 in

528 1307 710 1361 focum
744 1305 938 1359 missus
978 1311 1081 1368 est,
1133 1310 1187 1356 et
1233 1297 1676 1368 circumspiciens
1722 1296 1854 1350 vidit
1893 1296 1944 1349 in
1977 1294 2128 1348 turba

529 1401 916 1470 lacrymantem
947 1395 1254 1452 Cleonicum
1280 1438 1294 1463 ,
1345 1395 1434 1464 qui
1469 1409 1587 1446 cum
1619 1406 1684 1446 eo
1725 1387 1841 1460 fyro
1872 1388 2129 1443 adductus

530 1483 730 1558 fuerat,
781 1498 833 1544 et
864 1487 1171 1542 exclamans
1218 1481 1352 1540 dixit
1388 1501 1402 1540 :
1451 1482 1738 1550 Cleonice,
1779 1486 2028 1550 exspecto
2055 1485 2127 1544 te,

531 1588 724 1644 festina
756 1593 810 1642 et
838 1599 1062 1654 sequere
1092 1598 1196 1637 me.
1226 1579 1294 1636 Et
1317 1596 1435 1635 cum
1454 1580 1568 1650 jam
1594 1577 1928 1633 flammarum
1959 1574 2130 1644 globis

534 1678 776 1748 undique
806 1677 1093 1732 vallaretur
1123 1675 1312 1730 beatus
1361 1682 1583 1744 martyr,
1635 1671 1929 1727 orationem
1973 1661 2126 1731 fudit,

532 1771 758 1827 laudans
784 1769 1018 1858 Patr'n,
1048 1777 1102 1823 et
1134 1767 1328 1821 Filium
1356 1781 1419 1820 ac
1442 1763 1697 1833 Spiritum
1728 1771 1992 1827 sanctum,
2027 1760 2131 1814 sic-

536 1879 640 1932 que
675 1853 1171 1916 sanctamranimam
1213 1857 1432 1914 Christo
1463 1855 1716 1912 reddidit.
1745 1853 1999 1919 Quintiani
2030 1867 2129 1906 au-

2226 661 2444 716 scopus.

2297 738 2358 794 F.
2394 737 2460 794 iV
2507 738 2628 794 Inus
2666 733 2908 793 Novus.
2941 765 3011 776 —
3049 734 3105 791 in
3137 733 3409 792 territorio
3446 735 3703 808 Agatensi
3735 753 3839 793 na-

2239 831 2350 887 tale
2395 840 2698 887 sanctomm
2748 837 3040 900 martyrum
3080 828 3323 896 Tiberii,
3367 829 3596 885 Modesti
3625 837 3682 886 et
3707 830 3839 886 Flo-

2231 923 2446 989 rentiae,
2475 923 2562 994 qui
2603 927 2842 992 tempore
2865 919 3186 976 Diocletiani
3214 921 3376 976 variis
3403 923 3690 976 tormentis
3717 937 3842 977 cru-

2235 1015 2360 1071 ciati
2387 1017 2703 1087 martyrium
2730 1016 3151 1084 compleverunt.
3173 1014 3377 1070 Eodem
3401 1015 3490 1072 die
3512 1018 3688 1071 sancti
3705 1016 3842 1072 alar-

2245 1107 2341 1161 tini
2388 1122 2559 1177 papae,
2605 1108 2697 1175 qui
2727 1106 2797 1161 ob
2841 1105 3002 1161 fidem
3029 1107 3346 1160 catholicam
3393 1105 3461 1161 ab
3508 1108 3843 1176 imperatore

2237 1199 2552 1254 Constantio
2600 1197 2881 1264 haeretica,
2920 1212 3012 1264 per
3051 1196 3396 1252 Theodorum
3427 1199 3726 1254 exarchum
3771 1201 3846 1256 de

2234 1291 2461 1344 ecclesia
2490 1297 2672 1358 raptus
2694 1330 2708 1355 ,
2742 1303 2805 1343 ac
2836 1291 3126 1357 productus
3163 1289 3682 1359 Constantinopolim
3705 1333 3720 1355 ,
3750 1305 3842 1347 re-

2233 1382 2442 1453 legatur
2460 1380 2598 1450 apud
2620 1379 2948 1434 Chersonam
2975 1379 3151 1451 Lyciis
3181 1379 3492 1450 provincias,
3527 1380 3842 1450 ibidemque

2233 1474 2397 1528 vitam
2429 1471 2622 1539 finivit,
2664 1472 2845 1528 multis
2893 1472 2947 1527 in
2994 1467 3182 1527 eodem
3226 1472 3346 1527 loco
3376 1473 3639 1528 virtutum
3670 1475 3846 1544 signis

2237 1581 2406 1638 usque
2438 1567 2596 1622 hodie
2624 1567 2918 1636 refulgens.
2944 1565 3129 1622 Roma:
3149 1565 3417 1637 depositio
3441 1567 3618 1622 sancti
3646 1568 3845 1625 Leonis

2235 1659 2492 1729 episc0pi.
2525 1659 2577 1713 ιη
2611 1658 2895 1713 Antiochia
2923 1657 3100 1712 natale
3127 1657 3384 1713 Demetrii
3411 1658 3678 1730 episcopi,
3706 1663 3841 1716 Am-

2236 1753 2369 1816 nesi,
2403 1749 2675 1803 Eustachii
2703 1759 2756 1804 et
2782 1749 3051 1804 sociorum
3077 1749 3215 1820 ejus.
3243 1750 3550 1806 Aurelianus
3569 1751 3846 1822 depositio

2236 1843 2377 1900 beati
2404 1839 2681 1896 Monitoris
2712 1840 2972 1909 episcopi.

537 1965 648 2010 tetu
680 1955 870 2008 mulier
901 1951 1129 2008 Eusebia
1161 1951 1397 2017 nomine,
1440 1948 1653 2016 collegit
1686 1959 1881 2015 corpus
1912 1943 2047 2014 ejus,
2078 1951 2133 1999 et
2162 1931 2212 1992 Β
2313 1933 2377 1988 G.
2408 1932 2473 1986 Ill
2508 1933 2627 1990 inus
2665 1932 2909 1986 Novum.
2945 1961 3015 1971 —
3044 1931 3099 1985 In
3141 1930 3308 1986 Gallia
3350 1931 3582 1988 Turonis
3627 1936 3845 1991 civitate

535 2047 764 2102 sindone
793 2045 988 2099 munda
1030 2043 1309 2098 involvens
1355 2039 1623 2095 transtulit
1654 2039 1704 2092 in
1737 2036 2132 2106 possessionem

534 2152 712 2201 suam,
763 2136 815 2190 in
862 2135 1036 2189 locum
1085 2132 1408 2203 appellatum
1445 2129 1702 2184 Euchata.
1737 2127 1892 2197 Apud
1935 2123 2132 2180 Bituri-

535 2245 627 2286 cas
657 2229 825 2286 sancti
859 2227 1112 2295 Ursicini,
1145 2226 1236 2297 qui
1261 2224 1443 2279 Romaa
1472 2222 1752 2278 ordinatus
1783 2235 1811 2275 a
1842 2233 2130 2275 successo-

2237 2025 2413 2082 natale
2455 2023 2626 2080 sancti
2674 2022 2886 2077 Martini
2926 2023 3164 2092 episcopi
3203 2032 3258 2077 et
3287 2019 3639 2090 confessoris,
3690 2027 3842 2098 cujus

2237 2121 2348 2176 vita
2377 2125 2431 2174 et
2461 2116 2705 2173 doctrina
2733 2130 2829 2186 per
2856 2115 3114 2174 miracula
3152 2129 3272 2186 quae
3300 2118 3562 2174 Dominus
3596 2134 3694 2189 per
3722 2137 3846 2178 eum

2237 2210 2384 2277 fecit,
2417 2225 2551 2280 pene
2581 2209 2830 2265 omnibus
2859 2208 3107 2264 ﬁdelibus
3129 2209 3328 2275 claret;
3373 2225 3474 2265 nec
3503 2223 3737 2269 necesse
3765 2221 3847 2270 est

1786 2309 2015 2367 EDITIO
2057 2299 2568 2364 BOLLANDIANA.

605 2413 660 2468 9.
686 2442 754 2454 -—
787 2411 827 2466 ιτ
859 2409 1001 2466 lous.
1028 2407 1214 2463 Natale
1241 2406 1298 2462 S.
1327 2404 1598 2460 Theodori
1626 2404 1900 2474 martyris.

606 2505 800 2560 Florus
852 2503 903 2556 in
935 2498 1000 2555 Τ.
1044 2499 1368 2569 praemittit:
1418 2495 1572 2566 Apud
1620 2498 1901 2550 Amaseam
1948 2493 2135 2548 civita-

539 2605 668 2661 tem,
702 2606 753 2651 et
801 2593 1067 2649 subnectit
1115 2591 1347 2661 elogium
1401 2607 1412 2642 :
1469 2588 1568 2656 Qui
1604 2588 1934 2657 temporibus
1965 2583 2134 2640 Maxi-

535 2686 700 2745 miani
731 2695 782 2742 et
806 2685 1018 2739 Maximi
1051 2683 1469 2751 imperatorum,
1501 2691 1596 2748 pro
1623 2679 1960 2734 confessione
1981 2675 2131 2732 Chri-

537 2783 727 2840 stiana:
778 2778 898 2834 lidei
931 2775 1138 2831 fortiter
1165 2789 1335 2831 ca‘sus
1391 2789 1452 2828 ac
1496 2773 1548 2826 iu
1591 2787 1859 2827 carcerem
1891 2773 2128 2825 missus:

542 2871 738 2929 deinde
771 2869 999 2925 Domino
1024 2865 1302 2922 Salvatore
1333 2865 1433 2918 sibi
1465 2872 1756 2934 apparente
1797 2873 1852 2917 et
1882 2869 2134 2916 monente

540 2973 601 3021 ut
630 2970 942 3020 constanter
971 2967 1025 3015 et
1056 2957 1283 3014 viriliter
1312 2964 1515 3027 ageret,
1561 2957 1823 3010 relevatus
1863 2959 1968 3010 est.
2016 2951 2134 3007 No-

539 3056 766 3112 vissime
815 3060 1096 3122 postquam
1147 3062 1441 3117 suspensus
1490 3053 1572 3101 est
1619 3045 1831 3114 ungulis
1856 3049 2129 3111 (ξονι-δεῦε,

541 3149 616 3204 ita
650 3154 706 3202 tit
747 3146 863 3211 ejus
893 3144 1144 3198 interiora
1173 3139 1312 3195 nuda
1343 3147 1680 3208 apparerent,
1715 3137 1941 3192 traditur
1990 3138 2131 3206 igni-

542 3240 670 3296 bus.
703 3236 931 3292 Additur
954 3233 1151 3289 ibidem
1180 3251 1191 3286 :
1226 3230 1430 3286 Eodem
1460 3229 1546 3285 die
1573 3229 1836 3285 Bituricas
1863 3231 1923 3284 S.
1955 3233 1982 3262 ⁸
2029 3228 2133 3285 Ur-

546 3332 705 3390 sicini
734 3327 1084 3392 confessoris,
1114 3324 1205 3395 qui
1236 3323 1420 3378 Roma:
1453 3320 1732 3376 ordinatus
1778 3336 1808 3374 a
1851 3335 2135 3376 successo-

545 3426 698 3482 ribus
744 3421 1134 3494 apostolorum,
1193 3417 1398 3489 primus
1441 3415 1619 3472 eidem
1671 3415 1790 3470 urbi
1837 3415 2139 3472 desunatur

547 3518 854 3587 episcopus.
884 3513 1080 3568 Florus
1100 3511 1152 3564 in
1184 3511 1247 3564 A.
1279 3509 1341 3564 Τ.
1372 3508 1433 3563 L.
1463 3526 1476 3563 :
1519 3509 1717 3564 Eodem
1747 3508 1838 3564 die
1863 3508 1916 3562 in
1946 3509 2135 3578 Hispa-

549 3608 656 3665 niis
681 3605 929 3662 Corduba
959 3603 1182 3658 civitate
1206 3600 1388 3671 passio
1430 3607 1741 3654 sanctorum
1789 3598 1995 3666 Fausti,
2045 3599 2134 3654 Ja-

549 3698 726 3757 nuarii
777 3706 833 3753 et
880 3694 1166 3760 Martialis,
1199 3692 1289 3763 qui
1339 3690 1538 3760 pariter
1586 3691 1640 3744 in
1689 3691 1864 3760 ignem
1910 3691 2137 3760 projecti

552 3803 700 3858 sunt,
731 3800 922 3862 agente
952 3788 1190 3859 Eugenio
1218 3785 1465 3856 prmside.

629 3888 691 3943 Β.
724 3885 816 3952 V.,
866 3881 1143 3939 Dedicatio
1171 3878 1199 3918 δ
1228 3879 1461 3940 basilica:
1509 3875 1816 3933 Salvatoris.
1853 3876 1918 3932 V.
1965 3877 2032 3932 A.
2075 3877 2138 3933 Τ.

2239 2389 2302 2467 Β,
2334 2392 2422 2467 G._,
2451 2389 2655 2467 Romae.
2685 2390 2772 2467 L.,
2807 2390 3132 2467 Sanctorum
3155 2391 3450 2467 metuentis
3469 2394 3849 2467 etSyrrIptn-o-

2243 2464 2446 2544 milli.
2474 2500 2490 2528 ,
2527 2461 2955 2544 _Sy-mpb.orianoi.|.
2979 2461 3070 2544 hii.
3107 2503 3152 2544 ,ﬂ
3173 2463 3230 2516 In
3261 2461 3612 2544 immutati
3634 2461 3852 2544 __natale

2244 2541 2266 2609 ξ
2297 2532 2654 2609 Πειίιιιιιηιζιιι
2684 2533 2953 2609 Hispaniis
2978 2532 3296 2609 SS._Fausti
3335 2546 3389 2609 et
3432 2536 3714 2609 hlartialis.
3752 2545 3845 2609 A.,

2243 2599 2364 2674 ipso
2385 2605 2502 2678 die
2527 2609 2702 2678 passio
2723 2599 2836 2678 δία
2875 2601 3115 2678 iiagnulfi
3147 2606 3420 2675 martyris.
3469 2604 3562 2678 Τ.,
3598 2608 3721 2678 ipso
3760 2599 3849 2668 die

2251 2677 2445 2732 natalis
2474 2674 2534 2730 S.
2571 2683 2594 2711 ε
2630 2674 2808 2728 Vitoni
2839 2675 3073 2744 episcopi
3105 2682 3157 2730 et
3188 2674 3536 2733 confessoris.

2319 2808 2405 2863 10.
2433 2838 2503 2848 --
2534 2807 2601 2862 lV’
2631 2807 2772 2863 inus.
2807 2807 2975 2863 Vacat
3002 2807 3181 2862 Baeda.

2318 2901 2382 2956 \’.
2415 2900 2502 2967 C.,
2553 2899 2610 2953 in
2641 2897 2924 2954 Antiochia
2959 2898 3238 2954 Eustochii
3288 2907 3344 2956 et
3372 2900 3650 2956 sociorum
3702 2903 3839 2974 ejus.

2244 2992 2429 3046 Romae
2461 2989 2735 3059 depositio
2773 2988 2792 3027 ί
2833 2988 3031 3045 Leonis
3060 2990 3318 3060 episcopi.
3354 2991 3443 3060 D'.,
3471 2992 3712 3049 Cersona
3746 2995 3848 3067 Ly-

2243 3084 2340 3138 ciae
2367 3090 2392 3126 8
2422 3083 2634 3138 Martini
2668 3095 2820 3153 papa:
2855 3082 2946 3152 qui
2979 3075 3049 3137 ob
3077 3081 3396 3138 catholicam
3442 3083 3604 3139 ﬁdem
3637 3085 3712 3141 ibi
3757 3101 3845 3143 re-

2245 3176 2451 3246 legatus
2477 3187 2581 3231 est.
2614 3175 2674 3229 Β.
2705 3177 2772 3231 Δ.
2821 3174 2884 3230 Τ.
2912 3175 2998 3242 L.,
3032 3173 3219 3230 Roma:
3258 3176 3524 3244 depositio
3554 3179 3614 3232 S.
3649 3179 3846 3238 Leonis

2166 3244 2218 3312 ο
2246 3244 2421 3340 papae.
2458 3267 2514 3322 in
2540 3266 2822 3322 Antiochia
2852 3266 3033 3322 natale
3056 3266 3156 3322 ss.
3185 3267 3437 3322 Demetrii
3459 3264 3488 3305 ιι
3516 3271 3760 3340 episcopi
3795 3281 3848 3327 et

2248 3360 2525 3416 Amonesii
2573 3358 2806 3422 diaconi,
2840 3358 3072 3413 Eustosii
3117 3367 3172 3412 et
3201 3359 3469 3414 sociorum
3499 3359 3640 3429 ejus.
3686 3362 3750 3415 Α.
3782 3360 3843 3418 Τ.

2244 3447 2333 3516 L.,
2370 3451 2566 3504 Eodem
2616 3449 2706 3503 dic
2755 3444 2934 3504 natale
2972 3445 3033 3504 Β.
3067 3447 3282 3504 Martini
3331 3462 3503 3519 papie.
3541 3449 3632 3516 B.,
3668 3452 3839 3508 Διπο-

2246 3533 2407 3599 iianis
2440 3539 2706 3611 depositio
2741 3538 2757 3578 ι
2797 3537 3128 3595 Amonitorls
3154 3540 3412 3610 episc0pi.

2288 3679 2406 3780 .il.
2434 3709 2506 3719 —
2530 3677 2598 3734 ιιι
2625 3677 2768 3734 laus.
2793 3675 2978 3732 Natale
3005 3675 3067 3732 S.
3100 3677 3115 3725 i
3157 3674 3372 3730 Martini
3407 3675 3651 3745 episcopi
3681 3674 3850 3730 Turo-

2247 3768 2333 3824 nis
2363 3768 2598 3824 civitate.
2919 3770 2924 3776 ’

2324 3857 2518 3915 Florus
2559 3856 2710 3913 addit
2738 3857 2791 3912 in
2822 3859 2892 3912 Α.
2917 3855 2982 3911 Τ.
3009 3854 3072 3912 ι..
3098 3872 3114 3912 :
3142 3855 3246 3922 Qui
3269 3854 3542 3926 copiosius
3572 3865 3699 3926 post
3731 3870 3853 3926 apo-

1942 3969 2152 4026 SJHTII
2191 3969 2430 4028 NOTAE.

630 4105 656 4134 ει
689 4091 936 4148 Ursicini.
969 4089 1062 4144 Vel
1094 4084 1291 4144 Ursini.
1323 4083 1611 4154 Gregorius
1640 4083 1866 4150 Torum...
1919 4085 2056 4140 Hist.
2090 4100 2144 4152 ι,

559 4170 650 4228 29,
699 4166 860 4218 tradit
888 4162 1028 4230 quod
1059 4161 1167 4223 ille,
1202 4157 1292 4226 qui
1337 4156 1539 4226 primus
1582 4155 1848 4230 Biturigas
1876 4155 2148 4230 civitatem

564 4226 872 4308 aggnssos,
906 4226 1195 4308 Christum.
1208 4230 1419 4308 populis
1444 4226 1728 4308 nuntiavit,
1755 4227 1854 4308 fuit
1875 4226 2152 4308 densorum

566 4297 972 4374 diusvcipulis’qui
1017 4303 1118 4357 sub
1165 4297 1346 4374 Decio?
1371 4306 1426 4354 et
1464 4298 1804 4374 Gratocoss.
1834 4299 1884 4352 in
1922 4297 2153 4374 Galliam

559 4369 718 4435 missi
743 4369 1021 4428 suntCSed
1055 4373 1230 4427 verior
1264 4373 1475 4424 videtur
1513 4369 1748 4431 traditio,
1779 4377 1834 4422 et
1856 4369 2140 4435 celebrior,

563 4464 681 4520 quae
707 4461 802 4501 eos
831 4445 1193 4520 apostolorum
1229 4452 1386 4520 iet-ate
1417 4441 1587 4520 lloma
1633 4441 1685 4494 in
1699 4438 2143 4520 Giillias_rrrissos

2332 4089 2358 4134 tt
2421 4084 2657 4171 dimitti.
2703 4085 2779 4142 De
2828 4087 2932 4142 hoc
2979 4084 3106 4142 vide
3160 4083 3300 4141 intra
3365 4095 3438 4139 In
3487 4082 3636 4140 diem
3693 4084 3851 4157 hujus

2264 4172 2574 4307 "inﬁrm
2593 4230 2838 4307 episcopi,
2856 4237 3012 4307 _etc_.,
3034 4243 3203 4307 usque
3225 4227 3292 4282 ad
3314 4229 3560 4307 eiuscui.
3599 4227 3662 4307 β.

2342 4297 2722 4355 ὶΑυιοηὶιόνὶε.
2763 4297 2870 4355 ’νει
2925 4297 3220 4368 Monito‘ris,
3262 4297 3529 4354 undecimi
3560 4301 3683 4368 ejus
3728 4301 3857 4358 civi-

2257 4371 2640 4454 tatisepiscopi
2674 4374 2724 4454 in
2758 4371 2864 4426 tab.
2901 4370 3174 4454 Democlix
3277 4441 3288 4452 .
3454 4439 3499 4454 ﬂ
3537 4396 3570 4454 _~

2330 4443 2348 4492 ι
2387 4439 2619 4497 Martini.
2674 4448 2827 4497 Anno
2855 4454 3046 4498 octavo
3079 4441 3324 4496 Valentis
3350 4450 3407 4496 et
3454 4439 3847 4510 Valentiniani,

562 4509 753 4581 docet,
786 4509 905 4570 cum
937 4516 1026 4568 illa
1058 4517 1223 4568 altera
1252 4513 1470 4567 traditio
1499 4512 1661 4582 unica
1694 4509 1937 4582 Gregorii
1967 4511 2142 4564 'I‘uro-
2181 4521 2234 4582 D
2262 4512 2315 4566 id
2342 4522 2427 4568 est
2469 4529 2612 4570 anno
2655 4514 2854 4568 Citriin
2901 4514 2998 4568 571
3028 4549 3042 4579 ,
3084 4514 3370 4581 episcopus
3419 4513 3707 4567 ordinatus
3746 4509 3850 4568 est.

564 4592 745 4647 nensis
773 4589 1088 4640 auctoritate
1111 4585 1332 4647 nitatur,
1360 4583 1451 4651 qui
1482 4597 1580 4636 nec
1605 4581 1706 4635 sibi
1735 4584 1868 4651 satis
1895 4591 2105 4635 constat
2129 4599 2140 4634 :

564 4645 623 4720 in
654 4662 791 4714 libro
819 4663 960 4714 enim
1008 4657 1074 4711 de
1101 4655 1284 4712 Gloria
1315 4645 1777 4724 martyrum,cap.
1801 4645 1902 4724 748,
1935 4652 2149 4721 scripsit

568 4731 916 4791 Saturninum
945 4728 1012 4781 ah
1039 4726 1400 4799 apostolorum
1435 4722 1712 4799 discipulis
1743 4722 1904 4799 inisse
1928 4725 2146 4799 ordina-

570 4816 708 4865 tum,
739 4811 791 4855 et
818 4802 956 4854 idem
985 4795 1116 4853 dixit
1156 4800 1223 4853 de
1251 4797 1308 4852 S.
1344 4795 1537 4851 Ursino
1568 4795 1858 4864 Biturgium
1898 4795 2148 4865 episcopo

568 4878 622 4931 Ῐιι
653 4875 785 4928 libro
814 4873 878 4925 de
909 4869 992 4925 GI.
1024 4869 1165 4924 caui.
1198 4884 1317 4938 Cap.
1343 4868 1434 4920 80.

641 4950 670 4989 b
696 4943 951 4996 Basilicw.
984 4942 1111 5009 Quae
1135 4953 1189 4995 ct
1211 4936 1590 4994 Lateranensis
1617 4937 1756 4991 dicta
1783 4936 1970 5009 est,‘in
1997 4936 2150 5005 pala-

571 5019 646 5072 tio
675 5007 1171 5082 COIISl'lulilliVaplﬂi
1205 5013 1528 5082 Lateranum
1552 5024 1579 5060 a
1703 5023 1837 5076 papa
1869 5007 2149 5078 Sylvestro

572 5090 731 5143 facta.
765 5083 1018 5138 MOLANUS
1048 5077 1099 5137 in
1131 5083 1308 5137 Addit.
1337 5080 1401 5134 ad
1434 5077 1754 5134 Usuardutn.

649 5165 670 5192 ε
701 5156 964 5210 Damiutti.
998 5155 1129 5208 Cum
1157 5155 1255 5207 hoc
1283 5153 1420 5220 passi
1455 5159 1577 5204 sunt
1617 5149 1936 5213 Restitutus,
1977 5147 2150 5203 Dona-

579 5239 687 5293 tus,
722 5227 1051 5289 Victorinus,
1083 5224 1364 5290 Salutaris,
1388 5223 1670 5293 Crescens,
1706 5222 2026 5293 Demetrius,
2053 5221 2152 5293 Ne-

576 5291 776 5355 mesius
807 5307 858 5351 et
906 5298 1222 5366 Exuorgius,
1270 5295 1551 5366 Eusebius.
1587 5291 1803 5366 ιιὶυῑοῃΣ
1840 5291 2114 5366 Martyrol.

648 5371 676 5411 ά
709 5368 973 5436 lingunt/5.
1005 5359 1219 5420 De'hoc
1249 5365 1368 5418 vide
1397 5378 1555 5436 supra
1585 5359 1881 5436 sextoiial.
1912 5361 2116 5436 Juuias.

654 5442 678 5465 θ
733 5431 1207 5493 νὶῖοηὶζνὶτοιιυιιι
1258 5431 1785 5496 natalis‘S.Vitoni,
1837 5431 2157 5498 Uctavicpi-

581 5511 725 5580 scopi
753 5511 991 5578 ejusdem
1027 5510 1193 5571 urbis,
1234 5509 1333 5580 qui
1357 5516 1595 5580 tempore
1627 5502 1919 5580 tihlodovci
1948 5504 1998 5554 in
2021 5517 2153 5580 con-3

583 5572 708 5637 cilio
764 5572 1133 5636 Iturcliauensi
1183 5572 1272 5632 an.
1319 5578 1422 5632 50?.
1453 5572 1678 5638 electus,
1718 5573 2006 5626 Ecclesium
2053 5572 2159 5626 sibi

579 5657 924 5707 commissam
953 5654 1104 5704 anuis
1138 5650 1248 5704 fere
1278 5649 1343 5703 ‘27
1377 5649 1617 5716 diligenti
1639 5659 1762 5700 cura
1795 5644 2160 5714 docuitetgu-

583 5724 844 5781 bernavit.
876 5725 1016 5778 Obiit
1043 5730 1219 5777 autem
1247 5737 1333 5774 an.
1363 5719 1465 5774 5:29
1497 5721 1740 5772 Dinocu.

663 5792 935 5924 [xiieo'itiT1
971 5795 1043 5848 De
1089 5794 1192 5850 hoc
1235 5792 1356 5848 vide
1398 5803 1553 5860 supra
1600 5805 1657 5845 ill
1703 5789 1820 5844 idus
1863 5783 2060 5859 Aprilis
2105 5793 2160 5842 et

770 5905 783 5921 .
849 5881 958 5920 un.

588 5883 640 5926 IV
666 5879 783 5924 ιω.
818 5879 958 5920 Julii.

2261 4584 2385 4656 Fuit
2424 4595 2603 4640 autem
2653 4587 2718 4639 de
2770 4585 2986 4656 regione
3038 4585 3361 4656 Pannoniis,
3417 4583 3636 4656 civitate
3680 4586 3851 4640 Saba-

2259 4655 2349 4709 rim
2387 4673 2398 4708 :
2431 4656 2518 4725 qui
2551 4657 2692 4726 apud
2721 4651 2910 4709 urbem
2940 4651 3414 4714 Mediolanenscm,
3444 4654 3623 4726 primo
3669 4671 3856 4707 monii-

2254 4727 2476 4780 steriuru
2503 4725 2778 4782 constituit
2810 4742 2822 4780 :
2854 4726 2948 4780 sed
2988 4726 3056 4779 ab
3080 4726 3365 4788 haereticis,
3390 4739 3460 4778 eo
3483 4725 3630 4793 quod
3651 4726 3710 4779 S.
3737 4725 3854 4779 'l‘ri-

2259 4799 2482 4852 nitatem
2537 4798 2834 4866 intrepidus
2872 4798 3208 4866 praedicaret,
3248 4796 3410 4864 virgis
3449 4809 3651 4861 caesus,
3698 4808 3856 4864 atque

2265 4868 2522 4938 expulsus
2558 4873 2624 4925 de
2650 4871 2820 4934 italia,
2867 4870 2920 4922 in
2961 4866 3163 4922 Gallias
3208 4867 3477 4921 accessit:
3525 4869 3726 4938 multos
3759 4884 3853 4934 pa-

2268 4936 2532 5009 gaiiorum
2591 4941 2832 4994 converti
2879 4939 3044 5005 fecit,
3104 4939 3302 5006 templa
3333 4952 3542 5009 eorum
3591 4936 3855 5009 iidolaqtte

2265 5008 2572 5080 confregit,
2618 5011 2854 5080 iecitque
2903 5012 3068 5065 multa
3109 5011 3264 5080 signa
3328 5008 3382 5062 in
3437 5008 3692 5080 populos.
3754 5009 3854 5062 llic

2262 5078 2539 5163 transtulit
2579 5078 2813 5163 corpus"
2837 5079 2930 5163 Β..
2959 5078 3182 5163 Gatiani'
3206 5122 3220 5145 ,
3265 5078 3623 5163 sepe'l'ivilque
3675 5079 3851 5148 ipsum

2255 5151 2408 5222 juxta
2442 5148 2750 5222 sepulcrum
2782 5154 2841 5208 S.
2875 5151 3080 5206 Litorii.
3119 5152 3214 5222 llic
3247 5149 3524 5220 prohibuit
3562 5148 3852 5222 Maximum

2263 5218 2586 5292 "tyrannm-it,
2631 5240 2698 5279 ne
2763 5224 2996 5293 gladium
3059 5224 3113 5276 iu
3162 5218 3480 5293 [lis—partiam
3510 5218 3594 5293 And
3644 5221 3854 5274 interti-

2259 5288 2476 5350 cieudos
2511 5288 2803 5350 destinarét
2833 5295 3112 5348 haereticos
3141 5310 3156 5349 :
3193 5292 3388 5362 quibus
3434 5288 3697 5346 sufﬁcere
3742 5301 3853 5344 sta-

2263 5365 2384 5434 tuit,
2434 5369 2574 5436 quod
2616 5383 2646 5420 a
2679 5367 3067 5421 catholicorum
3099 5363 3343 5420 ecclesiis
3383 5371 3437 5417 et
3463 5362 3849 5436 communione

2261 5434 2699 5492 esi-eut—remoti.
2752 5437 3138 5492 Consuinmato
3213 5449 3341 5502 ergo
3394 5434 3678 5503 praesentis
3732 5436 3854 5486 vita:

2261 5523 2442 5572 cursu,
2465 5510 2596 5564 obiit
2627 5509 2765 5577 apud
2785 5507 3176 5577 Condatcnsem
3201 5507 3374 5577 vicum
3410 5505 3554 5558 urbis
3569 5519 3681 5556 sua:
3711 5518 3855 5577 anno

2261 5580 2324 5636 8|
2380 5580 2574 5646 inlatis,
2624 5573 2818 5634 Christi
2855 5577 2980 5632 597.
3015 5576 3182 5632 Gneo.
3237 5576 3442 5630 Tenos.
3470 5592 3526 5639 ς,
3577 5577 3693 5646 δι.
3720 5573 3854 5632 Vide

2263 5656 2420 5708 etiam
2450 5645 2567 5719 ejus
2598 5667 2682 5705 res
2708 5663 2908 5719 gestas,
2939 5665 3071 5717 quas
3104 5650 3320 5715 scripsit
3378 5649 3638 5715 Snlpitius
3675 5645 3852 5719 Seve-

2263 5737 2357 5777 rus
2388 5715 2556 5776 trilius
2602 5715 2748 5776 libris
2797 5715 3162 5788 dialogorum,
3216 5729 3274 5772 et
3323 5719 3488 5786 (ἕως.
3524 5715 3853 5773 Turonensis

2263 5792 2431 5853 libros
2456 5809 2507 5848 tv
2535 5795 2600 5850 de
2633 5793 2896 5848 Miraculis
2925 5798 2984 5849 δ.
3015 5790 3247 5847 Martini.
