4064 6346
497 335 637 400 1105

1212 328 1418 387 ΒΕΒιΕ
1460 323 1913 386 VENERABILIS
1949 326 2100 384 OPP.
2143 326 2320 385 PARS
2360 327 2447 383 IV.
2478 358 2546 371 --
2586 325 2970 385 IIISTORICA.

3624 328 3769 386 ³1104

924 440 955 451 “
1756 438 1987 493 EDITIO
2026 437 2488 496 COLONIENSIS.
2519 518 2529 528 ο

488 548 499 554 “
565 542 626 598 Β.
659 542 778 598 Inus
804 539 1043 596 Novsun.
1083 538 1348 592 Ravenna:
1379 535 1554 591 natale
1582 543 1888 590 sanctorum
1922 550 2067 589 mar-
2098 536 2403 599 Ariorihus
2446 537 2563 603 ejus
2613 535 3026 606 praecipitarent,
3074 549 3138 589 ac
3184 535 3261 590 sic
3309 537 3515 593 Christi
3560 548 3772 611 martyr

490 645 671 709 tyrum
700 633 1001 698 Valentini,
1033 632 1333 698 Solutoris,
1362 632 1611 687 Victoris.
1643 630 1873 685 Turonis
1902 628 2069 698 depo-

488 727 619 786 sitio
645 727 813 782 sancti
842 726 1000 781 Bricii
1029 725 1267 793 episcopi
1299 734 1353 779 et
1387 725 1733 779 confessoris.
1766 725 1820 778 lu
1853 723 2072 793 provin-

490 818 576 874 cia
630 816 771 887 apud
826 817 992 885 Aquis
1049 813 1319 870 civitatem
1375 814 1513 870 beati
1568 814 1739 870 Metrii
1795 813 2073 870 clarissimi

490 910 764 979 martyris.

564 1000 629 1056 C.
670 1000 833 1057 XVIII
866 1001 1001 1056 ΚΑῑ..
1042 1001 1282 1056 Dscsun.
1324 1002 1475 1072 Apud
1504 1002 1783 1058 Thraciam
1811 1002 2077 1057 civitatem

491 1091 803 1147 Heracleam
822 1132 839 1156 ,
870 1091 1045 1146 natale
1071 1101 1380 1148 sanctorum
1412 1103 1705 1163 martyrum
1735 1092 2076 1157 Clementini,

494 1182 781 1250 Theodoti,
814 1182 1123 1236 Pbilomini.
1158 1182 1311 1251 Apud
1338 1183 1717 1239 Alexandriam
1750 1184 1889 1238 beati
1918 1183 2077 1239 Sera-

494 1274 692 1344 pionis,
726 1288 883 1343 quem
932 1283 1304 1341 persecutores
1343 1275 1443 1329 sub
1490 1276 1649 1331 Decio
1691 1276 1744 1330 in
1786 1276 1944 1330 domo
1983 1288 2079 1330 sua

494 1364 883 1420 crudelissimis
935 1365 1230 1421 affecerunt
1286 1368 1598 1436 suppliciis,
1656 1369 1725 1421 ita
1784 1378 1860 1435 ut,
1891 1384 2079 1425 omnes

489 1455 771 1526 iuncturas
801 1457 850 1513 ei
881 1458 1247 1514 membrorum
1295 1460 1441 1528 prius
1482 1460 1770 1527 solventes,
1810 1460 1878 1514 de
1916 1475 2077 1529 supe-

2178 629 2503 685 efliceretur.
2541 640 2675 684 item
2704 630 2947 696 Ileracli,
2978 628 3266 695 Martialis,
3299 631 3521 701 Donati,
3553 643 3605 687 et
3638 633 3776 688 alio—

2180 739 2296 779 rum
2328 725 2636 779 multorum.

2253 815 2316 868 D.
2359 814 2499 867 XVII
2538 813 2673 867 ΚΑι..
2715 812 2953 867 Dscsua.
2992 810 3182 867 Natale
3218 811 3389 867 sancti
3429 811 3623 867 Felicis
3660 815 3776 882 epi-

2182 907 2365 977 scopi,
2393 908 2481 977 qui
2516 922 2544 960 a
2574 906 2760 975 quinto
2790 905 3001 959 decimo
3030 904 3206 957 mtatis
3233 920 3343 958 suae
3371 920 3510 959 anno
3541 906 3779 959 miracu-

2185 1001 2358 1058 lorum
2389 999 2557 1068 gloria
2589 996 2814 1067 insignis
2844 996 2975 1060 fuit,
3014 1005 3070 1051 et
3108 996 3209 1050 sub
3240 996 3501 1050 Martiano
3542 999 3780 1066 praeside

2182 1106 2306 1147 cum
2336 1091 2454 1145 aliis
2483 1090 2698 1160 triginta
2727 1088 3041 1154 martyrium
3073 1087 3383 1155 complevit.
3422 1087 3630 1155 Corpus
3660 1088 3779 1156 ejus

2186 1182 2462 1254 Elypidius
2493 1180 2772 1251 presbyter
2800 1180 2856 1233 in
2884 1177 3099 1232 Nolensi
3138 1177 3365 1233 ecclesia
3402 1177 3673 1245 sepelivit.
3723 1178 3781 1231 In

2183 1276 2365 1334 Africa
2394 1275 2574 1331 natale
2602 1281 2910 1331 sanctorum
2942 1271 3209 1343 Secundi,
3240 1271 3573 1341 Fidentiani,
3598 1271 3781 1329 Varici

2184 1380 2499 1440 martyrum.

1739 1551 1967 1605 EDITIO
2004 1546 2514 1606 BOLLANDIANA.

569 1642 661 1697 15.
691 1670 761 1682 --
786 1639 981 1696 Intnus.
1014 1641 1242 1697 Turonis
1282 1642 1458 1698 natale
1487 1643 1546 1698 8.
1579 1648 1605 1675 ⁸
1636 1642 1793 1698 Bricii
1825 1643 2080 1713 episc0pi.

568 1731 755 1786 Florus
783 1732 928 1785 addit
955 1732 1007 1786 in
1030 1732 1092 1786 Τ.
1118 1742 1171 1787 et
1195 1732 1254 1787 L.
1288 1749 1303 1787 :
1337 1734 1487 1800 Quia
1513 1734 1849 1789 Turonorum
1883 1738 2077 1804 populo

496 1826 830 1889 criminatus,
856 1823 1133 1890 infantem,
1158 1825 1225 1881 de
1244 1841 1349 1896 quo
1375 1838 1554 1881 sermo
1576 1838 1709 1893 erat,
1736 1826 1943 1896 triginta
1974 1827 2087 1881 dies
2120 1861 2165 1922 Β

496 1917 807 1981 habentem,
841 1915 1125 1970 adductum
1157 1918 1440 1985 adjuravit,
1476 1929 1553 1983 ut,
1588 1920 1631 1971 si
1663 1920 1776 1988 ipse
1805 1928 1948 1974 esset
1988 1934 2084 1989 ge-

495 2005 638 2063 nitor
663 2008 801 2077 ejus,
831 2022 1010 2062 coram
1042 2007 1245 2062 cunctis
1280 2010 1531 2063 ediceret.
1578 2009 1673 2064 Cui
1720 2011 1892 2065 infans
1926 2028 1940 2063 :
1969 2012 2086 2066 Non

494 2113 556 2154 es
587 2110 663 2163 tu,
696 2097 886 2167 inquit,
921 2108 1070 2167 pater
1098 2114 1266 2155 meus.
1298 2099 1513 2168 Populis
1545 2100 1735 2154 iterum
1767 2100 2082 2168 furentibus,

495 2203 698 2259 prunas
724 2188 971 2243 ardentes
1005 2188 1149 2243 birro
1178 2204 1276 2243 suo
1304 2190 1577 2255 impositas
1610 2206 1776 2260 usque
1806 2190 1871 2245 ad
1900 2192 2085 2261 sepul-

495 2293 645 2349 crum
677 2279 735 2334 8.
763 2278 969 2334 Martini
1001 2278 1322 2346 deportavit,
1356 2280 1539 2335 dicens
1575 2299 1585 2333 :
1622 2280 1771 2335 Sicut
1819 2282 1957 2337 istud
1991 2298 2086 2337 ve-

495 2370 809 2424 stimentum
850 2367 916 2421 ab
971 2368 1053 2421 his
1108 2368 1316 2437 ignibus
1357 2369 1550 2424 videtis
1601 2370 1856 2437 inustum,
1914 2373 1984 2424 ita
2033 2377 2088 2426 et

494 2475 692 2529 corpus
740 2474 916 2514 meum
947 2473 977 2511 a
1021 2468 1163 2513 tactu
1207 2460 1443 2514 mulieris
1492 2461 1683 2517 scitote
1731 2462 2081 2531 impollutum.

494 2551 525 2593 ι’
555 2553 819 2621 Scriptum
848 2550 900 2604 in
932 2550 1107 2605 Gestis
1137 2551 1270 2620 ejus.

566 2645 655 2707 B.,
710 2644 761 2695 ln
808 2641 1034 2714 Thracia
1088 2644 1271 2714 natale
1315 2643 1417 2700 SS.
1450 2645 1705 2711 Secundi,
1756 2646 2085 2714 Fidentiani,

493 2713 771 2769 Martialis.
806 2712 860 2767 In
890 2713 1171 2768 Antiochia
1213 2718 1391 2769 natale
1419 2715 1517 2771 SS.
1564 2716 1779 2782 Donati,
1810 2712 2083 2784 Restituti,

491 2784 784 2847 Valeriani,
817 2794 873 2838 et
904 2784 1182 2839 Fructuosi
1231 2800 1349 2839 cum
1381 2786 1501 2839 aliis
1531 2789 1833 2841 duodecim.
1880 2788 1942 2843 C.
1994 2789 2084 2854 V.,

495 2855 563 2910 Et
582 2855 641 2911 S.
676 2864 695 2890 ε
733 2854 969 2917 Antonii,
1001 2865 1051 2908 et
1080 2854 1342 2923 depositio
1367 2856 1423 2911 S.
1449 2858 1651 2912 Jacobi.
1686 2858 1771 2925 L.,
1804 2859 1856 2913 In
1881 2859 2085 2913 Malbo-

489 2928 582 2982 dio
612 2926 887 2979 translatio
917 2926 974 2978 8.
1007 2928 1033 2967 (ι
1064 2926 1390 2994 Aldegundis
1420 2928 1663 2996 virginis.
1696 2933 1761 2983 A.
1795 2930 1886 2995 T.,
1918 2928 2085 2983 Rote-

490 2999 576 3067 nis
605 2997 818 3051 civitate
854 2996 1114 3067 natales.
1166 2997 1391 3051 Amandi
1438 2999 1699 3065 episcopi.
1751 3001 1843 3065 A.,
1872 3001 1925 3054 In
1954 3014 2086 3067 pago

493 3066 866 3122 Cameraceusi
900 3066 951 3119 in
984 3066 1105 3119 villa
1135 3082 1256 3136 quze
1288 3067 1485 3120 dicitur
1530 3068 1870 3124 Calderiacus
1910 3066 2086 3125 natale

491 3138 550 3194 S.
589 3142 611 3207 εξ
647 3136 975 3191 Maxelendis
1005 3136 1219 3205 virginis
1242 3146 1297 3191 et
1337 3138 1604 3207 martyris.
1640 3139 1840 3195 Eodem
1871 3139 1958 3195 die
1986 3142 2085 3194 de-

496 3206 796 3276 positioS.f
820 3206 1031 3261 Killiani
1059 3209 1293 3276 episcopi
1317 3220 1369 3262 et
1400 3206 1739 3265 confessoris.
1770 3212 1857 3276 T.,
1887 3211 2085 3264 Eodem

2196 1668 2203 1693 ε
2270 1637 2356 1692 lt.
2388 1668 2455 1677 —
2484 1636 2647 1692 XVIII
2672 1634 2805 1691 KAL.
2837 1636 3076 1691 Dscsnn.
3100 1633 3268 1689 Vacat
3288 1634 3469 1691 Baeda.

2264 1732 2330 1787 V.
2356 1730 2439 1787 C..
2468 1730 2523 1783 In
2552 1731 2756 1785 Eraclia
2783 1730 2958 1784 natale
2985 1730 3267 1793 Clementi,
3298 1730 3618 1797 'I‘heodotaa,
3652 1733 3785 1789 Phi-

2196 1804 2412 1867 Iomeni,
2443 1802 2507 1855 Et
2531 1802 2757 1855 aliorum
2786 1802 3071 1853 multorum
3095 1816 3320 1865 quarunt
3372 1804 3588 1856 nomina
3639 1804 3785 1859 Deus

2192 1876 2312 1938 scit;
2345 1889 2464 1936 qua:
2506 1873 2583 1925 sic
2629 1871 2875 1938 legttntnr
2904 1872 2957 1923 in
2987 1871 3051 1924 L.
3084 1870 3146 1925 B.
3185 1888 3197 1922 :
3235 1871 3289 1924 In
3319 1871 3540 1925 Eraclea
3564 1874 3787 1931 civitate

2190 1945 2434 1999 Thracia:
2489 1942 2574 2065 RL.
2624 1958 2725 2023 om:
2782 1940 3073 2021 Thraciml.
3106 1943 3285 2022 natale
3336 1942 3447 2023 88..
3487 1942 3787 2025 Clementis

2195 2014 2285 2065 IB.
2321 2030 2423 2065 om.
2452 2013 2492 2065 C
2516 2008 2785 2065 ementtsl.
2811 2012 3155 2065 Clementtut.
3187 2011 3476 2065 Filoment.
3508 2014 3779 2065 Theodoti

2195 2014 2285 2086 [Β.
2321 2030 2423 2067 om.
2452 2008 2785 2086 Clementis],
2811 2008 3155 2086 Clemen'tiui,
3187 2011 3476 2086 Filomeni,
3508 2014 3779 2086 T_beodoti

2190 2081 2243 2139 et
2270 2085 2461 2140 Eracli.
2498 2084 2595 2137 I’ro
2622 2081 2812 2150 quibus
2839 2083 2888 2135 in
2916 2085 2983 2136 A.
3017 2093 3070 2136 et
3094 2081 3154 2135 'I‘.
3181 2084 3348 2135 solum
3372 2094 3451 2137 est
3478 2101 3491 2134 :
3527 2083 3781 2139 Clemen-

2191 2157 2311 2223 tini,
2347 2154 2678 2208 Philomonis
2705 2163 2760 2207 et
2786 2152 3035 2223 lleraclii.
3067 2152 3120 2205 In
3152 2154 3210 2205 Β.
3242 2152 3307 2205 ad
3332 2152 3493 2207 finem
3519 2158 3741 2221 ponitur
3769 2176 3783 2209 :

2194 2229 2259 2280 Et
2289 2227 2463 2281 natale
2491 2226 2545 2279 S.
2584 2222 2903 2287 Eradii.'A.,
2935 2223 3135 2277 Eodem
3166 2224 3252 2277 die
3280 2223 3541 2287 repositio
3568 2236 3786 2280 sancto-

2190 2312 2305 2352 rum
2330 2310 2615 2364 corporum
2647 2293 2885 2359 Quintini
2925 2295 3173 2361 martyris
3209 2302 3261 2346 et
3282 2292 3526 2364 Cassiani
3565 2298 3785 2361 pontifi-

2189 2369 2289 2430 cis,
2318 2363 2630 2421 imminente
2657 2365 2874 2418 tristitia
2897 2378 3124 2417 summa.
3160 2364 3245 2431 D.,
3277 2363 3605 2418 Alexandria
3637 2374 3663 2411 ε
3688 2367 3788 2419 Se-

2190 2438 2450 2507 rapionis,
2503 2436 2596 2506 qui
2644 2435 2745 2490 sub
2795 2434 2956 2488 Decio
3004 2433 3366 2504 praecipitatus
3406 2444 3618 2504 martyr
3663 2436 3788 2491 efﬁ-

2188 2508 2347 2563 citur.

2263 2622 2353 2677 15.
2377 2649 2450 2660 -
2476 2616 2615 2674 XVII
2646 2616 2782 2672 KAL.
2812 2616 2982 2672 Vacat
3009 2616 3185 2671 Baeda.

2263 2715 2327 2769 V.
2357 2714 2419 2769 C.
2445 2756 2459 2779 ,
2508 2713 2563 2767 In
2607 2711 2785 2766 Africa
2817 2709 3129 2775 Secundini,
3162 2708 3447 2773 Marcialis,
3494 2708 3788 2767 Calendio—

2190 2786 2294 2851 nis,
2330 2784 2548 2847 Valerii,
2580 2783 2859 2853 Fructuosi
2905 2797 3024 2835 cum
3054 2781 3185 2853 aliis
3208 2780 3505 2853 duodecim
3539 2780 3644 2853 [C.
3677 2799 3783 2835 om.

2186 2849 2514 2935 duodecim].
2559 2849 2719 2935 Dm?
2751 2852 2947 2935 Felicis
2971 2849 3223 2935 cpi-scopi
3267 2849 3788 2935 quimiraculor’t‘trr‘n

2229 2928 2358 2981 loria
2391 2920 2614 2993 insignis
2642 2923 2761 2977 fuit.
2792 2921 2947 2993 B._A.
2971 2921 3037 2993 Τ.
3066 2920 3242 2993 1...,tn
3268 2921 3663 2993 Africainatale
3687 2925 3785 2993 SS.

2210 2991 2443 3061 iecundi,
2481 2991 2775 3049 Fidentiani
2826 2991 2937 3063 (3.,
2970 2992 3099 3063 SS._
3126 2991 3403 3063 Martialis,
3444 2991 3786 3063 Fidentiani]

2192 3078 2245 3122 et
2279 3057 2536 3121 Demetrii
2568 3063 2763 3136 [L.,_et
2788 3057 3123 3136 Secundini].
3157 3063 3214 3136 _ln
3247 3062 3527 3136 Antiochia
3562 3057 3781 3136 Donati,

2193 3138 2462 3201 Restituti,
2494 3131 2613 3189 cum
2642 3134 2757 3188 aliis
2785 3134 3022 3201 triginta.
3054 3131 3113 3186 Β.
3139 3131 3271 3185 duos
3293 3132 3439 3185 addit
3465 3134 3546 3186 sic
3566 3135 3790 3187 conclu—

2197 3209 2328 3264 dens
2362 3225 2376 3261 :
2410 3206 2695 3266 Valeriani,
2731 3204 3008 3258 Fructuosi
3042 3218 3163 3257 cum
3195 3202 3314 3257 aliis
3340 3203 3655 3261 duodecim.
3693 3208 3785 3267 Α..

498 3256 2088 3349 area;ri.r5a;3;.‘ss3‘sSfsanctitatis.1;:stage;
2121 3256 2165 3317 C
2200 3256 2402 3333 eadem
2430 3256 2695 3331 “res:
2732 3256 2789 3324 ἰ
2840 3256 3084 3329 Blachati.
3153 3273 3216 3327 L.
3259 3256 3281 3341 ;
3342 3256 3435 3328 Er
3460 3256 3657 3343 passio
3697 3256 3788 3329 *s:

1894 3371 2104 3426 SMITII
2143 3369 2374 3424 ΝΟΤᾹΞ.

574 3466 597 3492 α
628 3459 811 3513 Bricii.
838 3460 933 3514 Ilic
957 3461 1232 3513 ordinatus
1260 3470 1339 3515 est
1367 3476 1505 3516 anno
1531 3461 1741 3515 Arcadii
1772 3471 1823 3516 et
1849 3462 2071 3517 Honorii

492 3531 758 3593 seettndo,
788 3532 837 3583 id
866 3541 947 3582 cst
974 3530 1172 3583 Christi
1220 3531 1344 3584 597.
1378 3532 1503 3584 Fuit
1529 3542 1709 3585 autem
1740 3532 1869 3586 civis
1899 3534 2070 3587 'I‘uro-

492 3602 670 3661 nicus.
707 3602 791 3653 cui
825 3600 1100 3669 trigesimo
1138 3604 1295 3654 tertio
1326 3603 1668 3669 episcopatus
1700 3618 1840 3656 anno
1864 3609 2067 3657 crimen

493 3670 747 3727 adulterii
778 3681 859 3723 est
889 3673 1176 3737 impactum
1218 3686 1246 3723 a
1295 3672 1500 3725 civibus
1530 3673 1851 3738 'I'uronicis;
1884 3674 2071 3738 expul-

494 3757 663 3812 soque
691 3758 754 3794 eo
773 3741 1127 3812 Iustinianum
1158 3742 1559 3807 ordinaverunt,
1588 3743 1669 3795 cui
1698 3742 1945 3796 defuncto
1971 3748 2071 3797 Ar-

492 3811 725 3867 mentius
753 3811 1029 3865 successit.
1060 3812 1295 3866 Briccius
1328 3829 1455 3867 vero
1484 3814 1512 3865 7
1547 3814 1699 3865 annis
1731 3814 1911 3866 Roma:
1934 3814 2071 3880 apud

496 3898 685 3951 papam
716 3883 914 3951 degens
974 3882 1157 3936 insons
1187 3891 1450 3948 iuventus,
1482 3892 1535 3937 et
1572 3885 1637 3936 ad
1682 3885 1865 3937 urbem
1900 3886 2073 3938 redire

490 3955 673 4023 jussus
700 3963 803 4007 est.
833 3952 929 4007 llic
954 3952 1237 4006 :edilicavit
1267 3954 1541 4007 basilicam
1588 3969 1750 4021 super
1780 3969 1973 4021 corpus
2002 3956 2065 4009 Β.

497 4025 732 4089 Martini,
768 4024 819 4076 in
846 4039 946 4091 qua
978 4031 1035 4078 et
1061 4024 1171 4089 ipse
1200 4026 1435 4089 sepultus
1477 4036 1581 4078 est.
1614 4024 1757 4077 Obiit
1799 4026 1938 4078 circa
1972 4040 2061 4078 an.

494 4095 645 4165 445,
700 4092 1095 4165 Iletquamd'l
1152 4108 1321 4148 annos
1374 4096 1741 4165 episcopatum
1793 4096 2070 4163 gessisset.

496 4163 669 4224 Gneo,
702 4162 907 4217 Tenes.
938 4163 1104 4232 IIist.,
1134 4180 1187 4228 ι,
1222 4165 1281 4217 51
1307 4182 1322 4229 ;
1359 4162 1579 4218 thmus
1602 4165 1731 4219 SEN.

566 4244 594 4285 b
622 4234 1067 4305 ScriptumaVide
1095 4243 1149 4305 et
1175 4234 1356 4305 Greg.,
1388 4236 1521 4288 Ilist.
1560 4234 1621 4297 ll,
1654 4235 1704 4288 I.

570 4312 591 4337 ε
627 4306 853 4357 Antonii.
886 4304 1019 4359 Huic
1045 4303 1437 4373 adjuncti'sunt
1466 4305 1689 4358 Zebiuas
1727 4304 1890 4373 patria
1917 4303 2077 4358 Eleu-

495 4374 961 4443 tlteropolitanus,
1016 4385 1069 4427 et
1096 4378 1410 4429 Germanus.
1458 4376 1568 4430 Sub
1611 4376 1896 4429 Maximino
1952 4378 2080 4442 imp.

2180 3460 2308 3516 latio
2342 3460 2455 3513 hinc
2482 3459 2581 3513 sub
2605 3459 2759 3512 finem
2792 3457 3005 3527 septimi
3036 3457 3217 3512 saeculi
3240 3458 3484 3526 contigit.

2259 3541 2280 3565 υ
2318 3531 2659 3584 Maxelendia.
2706 3531 2835 3594 Qua:
2876 3540 3024 3597 patre
3072 3528 3339 3592 Humlino,
3395 3538 3569 3584 matre
3608 3532 3790 3587 Amel-

2185 3602 2340 3655 trude
2392 3610 2513 3654 nata
2547 3611 2627 3651 est
2662 3641 2675 3663 ,
2712 3602 2845 3652 hanc
2877 3614 2997 3653 cum
3044 3599 3347 3671 Harduinus
3395 3602 3616 3671 quidam
3647 3604 3785 3671 apud

2183 3671 2597 3725 Cameraceuscs
2631 3671 2789 3723 nobili
2818 3685 3014 3737 genere
3053 3678 3223 3729 ortus,
3264 3670 3315 3739 in
3344 3670 3660 3739 conjugium
3686 3670 3790 3727 Iru-

2183 3752 2292 3796 stra
2325 3743 2571 3805 ambiret,
2607 3741 2782 3811 furore
2813 3754 3046 3811 prmceps
3075 3738 3339 3793 interfecit
3369 3738 3629 3797 circa’an.
3660 3746 3785 3811 (585,

2181 3822 2477 3866 utconstat
2523 3827 2584 3863 ex
2637 3810 2751 3863 Vita
2799 3810 2857 3864 S.
2926 3809 3224 3863 Vindiciaui
3273 3811 3408 3878 apud
3466 3809 3786 3869 Bollandnm

2184 3883 2348 3945 edita,
2384 3898 2502 3948 cap.
2534 3881 2587 3952 2.
2616 3880 2757 3952 Ejus
2786 3895 2978 3946 corpus
3018 3891 3260 3948 parentes
3291 3883 3461 3947 primo
3488 3883 3541 3935 in
3587 3888 3790 3952 templo

2183 3951 2566 4006 Pomerellcusi
2599 3950 2943 4015 tumularunt,
2976 3961 3159 4021 postea
3187 3953 3576 4006 transtulerunt
3603 3950 3793 4010 Caldeo

2183 4025 2408 4086 riaeum,
2444 4022 2527 4075 ubi
2560 4024 2738 4075 occisa
2771 4030 2871 4075 est.

2267 4095 2283 4131 ί
2314 4092 2551 4145 Κὶιιὶιιιιὶ.
2586 4092 2685 4157 Qui
2729 4092 2780 4144 iu
2805 4090 3083 4145 'Hibernia
3136 4098 3309 4157 natus,
3336 4100 3391 4145 et
3431 4107 3552 4146 cum
3606 4097 3791 4151 multis

2180 4162 2466 4217 virtutibus
2513 4164 2746 4228 floreret,
2798 4162 3078 4229 episcopus
3123 4161 3297 4215 factus
3342 4172 3444 4217 est.
3479 4164 3605 4217 Inde
3639 4166 3791 4221 desi-

2183 4234 2332 4289 derio
2362 4232 2968 4305 peregrinandimotus,
2999 4247 3119 4305 cum
3143 4232 3239 4286 SS.
3272 4232 3455 4286 Livino
3504 4234 3787 4305 episcopo,

2188 4306 2335 4358 Helia
2359 4314 2411 4357 et
2441 4302 2679 4356 Foillano
2707 4302 3010 4364 discedens,
3067 4302 3286 4355 Romam
3320 4308 3585 4370 pervenit,
3615 4302 3710 4358 ubi
3733 4302 3785 4360 iu

2189 4374 2425 4429 Ecclesia
2455 4374 2512 4427 8.
2542 4372 2682 4427 Petri
2716 4388 2807 4445 pe_r
2849 4387 3015 4426 annos
3044 4373 3287 4445 undecim
3328 4384 3383 4426 et
3412 4376 3647 4445 amplius
3677 4377 3790 4432 Deo

494 4446 878 4518 comprehensi
900 4444 1353 4518 apudCaasaream
1381 4444 1757 4518 Cappadociae,
1782 4444 1931 4513 jussu
1965 4445 2079 4497 Fir-
2107 4458 2157 4518 ι)
2182 4446 2419 4518 servivit.
2458 4446 2625 4518 Roma
2675 4445 2725 4496 in
2756 4443 3031 4518 Franciam
3063 4444 3335 4518 profectus
3361 4485 3376 4518 ,
3418 4443 3787 4518 S.'Fiacrium

493 4516 696 4570 miliani
729 4516 968 4583 praesidis
1008 4515 1303 4568 obtruncati
1333 4525 1476 4569 sunt.
1510 4516 1734 4586 Eussn.,
1762 4520 1828 4571 de
1860 4518 2077 4585 Martyr.

491 4586 811 4651 Patrestina',
845 4600 964 4651 cap.
988 4586 1042 4639 9.

571 4657 963 4726 dAtdegamdis.
1007 4656 1083 4709 De
1138 4654 1237 4726 hac
1294 4655 1411 4710 vide
1464 4672 1648 4724 supra,
1703 4655 1774 4709 ’50
1829 4655 2085 4710 Januarii.

492 4725 631 4784 Tres
660 4728 718 4783 S.
755 4724 1081 4795 Aldegundts
1107 4724 1445 4791 reliquiarum
1473 4728 1848 4781 translationes
1882 4729 2086 4794 reperi.

493 4812 646 4853 mus:
683 4798 849 4865 prima
877 4814 906 4850 a
929 4797 986 4851 S.
1020 4797 1311 4851 Aldvtrude
1340 4796 1697 4853 Waldetrudis
1725 4838 1740 4862 ,
1787 4813 1903 4867 qua:
1936 4812 2091 4852 soror

496 4880 614 4922 erat
645 4868 989 4937 Aldegundis,
1025 4869 1128 4920 lilia
1161 4879 1471 4935 procurata;
1502 4871 1666 4923 altera
1709 4884 1846 4922 anno
1872 4868 2029 4935 1161,
2060 4883 2090 4922 a

496 4937 803 4993 Fressende
849 4937 1153 5001 abbatissa;
1186 4940 1338 4992 tertia
1373 4955 1511 4993 anno
1545 4940 1705 4994 1459.
1740 4941 1976 4993 Priorem
2007 4955 2091 4991 ar-

495 5008 758 5063 bitramur
790 5010 947 5062 hodie
994 5010 1299 5077 contigisse.
1328 5008 1533 5064 Vitiose
1582 5011 1635 5063 iu
1665 5010 1782 5063 Vita
1836 5011 1890 5063 S.
1924 5010 2091 5063 Alde-

496 5079 684 5149 gundis
732 5078 925 5132 dicitur
974 5081 1087 5131 Inec
1143 5080 1417 5132 translatio
1483 5082 1617 5133 facta
1700 5080 1861 5133 fuisse
1913 5095 2092 5146 arege

497 5149 699 5219 inclyto
730 5150 1011 5220 Sigebcrto
1040 5159 1198 5220 atque
1231 5149 1519 5205 Aldetrude
1551 5167 1565 5213 ;
1610 5152 1919 5220 Sigebertus
1949 5152 2089 5204 enim

495 5235 593 5291 rex
616 5218 761 5273 anno
800 5218 917 5273 ’654
946 5219 1098 5284 obiit,
1128 5221 1310 5291 viginti
1344 5220 1455 5276 fere
1484 5221 1636 5274 anuis
1668 5218 1831 5291 prius
1861 5222 1971 5289 ipsa
2000 5220 2091 5273 Al—

494 5290 761 5361 degunde,
787 5308 889 5345 non
914 5292 1082 5358 putuit
1112 5290 1268 5358 igitur
1291 5293 1621 5345 translationi
1643 5292 1782 5343 illius
1815 5292 2089 5344 interesse.

495 5363 580 5419 An
612 5364 692 5416 vir
721 5364 858 5415 alius
913 5362 1131 5415 illustris
1180 5362 1409 5414 adfuerit
1439 5406 1453 5426 ,
1513 5362 1822 5427 Sigebertus
1857 5363 2091 5427 nomine,

496 5448 653 5502 quem
710 5432 1052 5498 posteriores,
1088 5446 1191 5483 non
1242 5433 1372 5485 satis
1420 5444 1603 5487 exacte
1657 5433 1831 5484 habita
1895 5434 2096 5486 ratione

497 5504 758 5572 temporis
793 5543 807 5567 ,
885 5518 1062 5572 regem
1135 5502 1296 5555 t'uiSse
1366 5504 1725 5572 scripserint;
1801 5518 1865 5554 an
1925 5504 2098 5569 potius

501 5570 806 5628 interfuerit
859 5570 964 5628 vel'
990 5572 1317 5626 Francorum
1399 5570 1490 5627 rei
1568 5576 1962 5637 Theodericus,
2009 5584 2098 5625 aut

503 5640 698 5714 aliquis
754 5644 981 5697 ﬁliorum
1021 5642 1171 5712 ejus,
1202 5646 1286 5697 vel
1350 5641 1896 5714 Pipinus'Herstallus
1927 5644 2097 5710 major

502 5711 742 5785 domus,
803 5714 892 5782 qui
954 5714 1273 5785 quandoque
1336 5711 1428 5769 rei
1493 5716 1703 5782 dictus,
1764 5717 1886 5785 quia
1958 5715 2097 5783 regi-

494 5781 616 5849 tbus
642 5781 1116 5854 imperabat,baud
1148 5781 1427 5854 possumus
1453 5797 1598 5843 certo
1627 5781 1879 5843 statuere.
1908 5781 2098 5840 Trans-

2190 4516 2440 4569 visitavit.
2500 4514 2688 4568 Missus
2716 4522 2894 4586 autem
2924 4529 2953 4566 a
2986 4513 3189 4586 Faroue
3239 4515 3494 4568 Meldensi
3524 4521 3789 4586 episcopo

2191 4586 2256 4638 ad
2289 4586 2686 4649 Atrebateuses,
2713 4586 2762 4636 in
2780 4584 2902 4637 vico
2921 4584 3195 4637 Albiniaco
3223 4586 3442 4651 resedit,
3458 4596 3511 4640 et
3528 4588 3675 4641 circa
3698 4584 3790 4643 an.

2191 4656 2294 4711 640
2324 4658 2473 4710 obiit.
2506 4657 2779 4717 MOLANUS,
2811 4656 2864 4707 in
2894 4654 3065 4707 Natal.
3099 4664 3405 4710 sanctorum
3435 4657 3624 4726 Belgii.

2264 4733 2288 4771 8
2316 4727 2634 4797 Serapionis.
2674 4726 2824 4797 Hunc
2869 4738 2987 4777 cum
3010 4725 3215 4778 uadibus
3252 4728 3363 4781 suis
3400 4725 3793 4795 deprehendis—

2193 4809 2307 4851 sent
2332 4841 2346 4867 ,
2378 4796 2741 4851 acerbissimis
2760 4799 3052 4867 tormentis
3098 4797 3495 4861 cxcruciarunt,
3526 4811 3582 4852 et
3615 4815 3789 4852 mem—

2194 4868 2306 4922 bris
2334 4865 2597 4939 omnibus
2644 4865 2973 4939 confractum
3017 4882 3079 4919 ex
3124 4870 3403 4939 caenaculo
3452 4872 3791 4939 praecipitem

2195 4941 2522 5005 dejccerunt.
2558 4937 2776 5001 Eusen.,
2804 4935 2937 4989 liist.
2967 4941 3100 4989 eccl.
3138 4936 3219 4989 Vl.
3251 4938 3341 4991 M.

2267 5007 2293 5044 ιι
2325 5007 2538 5079 Felicis.
2576 5007 2673 5060 llic
2702 5022 2825 5060 eum
2854 5008 2911 5079 S.
2944 5007 3118 5079 Felice
3138 5006 3343 5062 Nolano
3389 5011 3710 5079 presbytero
3741 5011 3792 5064 in

2192 5078 2579 5149 Martyrologiis
2611 5080 2749 5132 male
2778 5077 3140 5145 confunditur,
3171 5077 3422 5147 quoniam
3449 5077 3602 5136 Nube
3624 5083 3789 5136 etiam

2194 5167 2381 5222 passus
2412 5151 2618 5204 dicitur.

2274 5220 2288 5257 ί
2326 5221 2576 5273 Mtte/tali.
2604 5221 2786 5274 Melius
2835 5220 3097 5284 Machuti,
3147 5220 3234 5289 qui
3265 5232 3319 5275 et
3346 5221 3525 5276 dictus
3562 5230 3648 5275 est
3681 5222 3793 5275 Ma-

2196 5294 2400 5347 t-lovius
2428 5310 2440 5356 ;
2478 5291 2793 5345 Britannicis
2822 5294 3132 5359 parentibus
3183 5301 3359 5355 natus,
3388 5304 3441 5346 et
3468 5308 3499 5345 a
3528 5296 3586 5346 8.
3615 5293 3793 5346 Bren-

2196 5368 2335 5417 dano
2365 5366 2449 5431 pic
2479 5365 2735 5416 educatus
2766 5372 2847 5415 est
2872 5401 2887 5426 ,
2928 5365 3240 5417 adolescens
3286 5364 3583 5417 monachus
3614 5367 3791 5417 lactus

2198 5444 2299 5500 est,
2335 5444 2387 5487 ct
2420 5444 2599 5500 postea
2627 5436 2879 5486 defuncto
2904 5432 3045 5487 illius
3073 5436 3305 5503 regionis
3328 5436 3585 5502 episcOpo
3612 5478 3629 5502 ,
3694 5450 3790 5489 no—

2201 5506 2315 5557 lens
2356 5513 2697 5557 consecratus
2737 5514 2815 5556 est
2864 5506 3147 5573 episc0pus
3171 5504 3579 5560 Gummi-Castri
3611 5504 3795 5559 urbis.

2198 5574 2429 5629 Cercndi
2477 5584 2653 5626 autem
2703 5576 3043 5640 episcOpatus
3086 5589 3221 5629 onus
3273 5578 3541 5643 deponere
3578 5576 3793 5631 deside-

2197 5662 2343 5710 rans,
2375 5648 2423 5697 in
2458 5644 2788 5715 Armoricam
2817 5646 2883 5696 ad
2915 5649 3181 5700 Aarouem
3203 5648 3451 5701 abbatem
3482 5648 3638 5715 fugit,
3671 5650 3793 5704 Aie.

2203 5727 2379 5770 tenses
2408 5715 2471 5766 ad
2517 5714 2673 5769 fidem
2699 5718 2962 5787 convertit
2993 5758 3008 5782 ,
3043 5717 3354 5787 po‘pnleam
3378 5714 3631 5773 conversi
3662 5721 3789 5773 velit

2201 5787 2337 5843 nolit
2358 5787 2643 5855 episcopus
2666 5786 2985 5841 constitutus
3006 5798 3110 5857 est,
3152 5798 3201 5844 et
3228 5786 3296 5843 70
3324 5791 3613 5847 canonicos
3646 5791 3793 5844 iusti.
