4064 6346
202 278 254 353 ὲ

210 390 256 449 ιδ

307 334 447 398 1109

1423 345 1615 405 SECT.
1657 344 1724 401 11.
1767 376 1837 387 -
1873 344 2445 403 ΜΑΗΤῩΒΟΙΑΟΟΙᾹ

3443 349 3587 411 1110

1516 452 1525 462 ·
1556 441 1786 497 EDITIO
1822 439 2296 497 COLONIENSIS.

300 533 354 589 in
401 530 705 589 Sardiniam
748 532 1081 607 deportatur,
1120 531 1300 604 ibique
1339 534 1567 593 fustibus
1607 546 1889 602 mactatus,
1919 539 1975 597 Α
2071 534 2132 588 D.
2176 534 2219 588 Χ
2260 534 2397 589 Κλιι.
2440 531 2681 588 Dscsua.
2724 531 2909 588 Natale
2948 541 3146 589 sanctae
3184 531 3396 590 Ceciliae
3424 536 3589 608 virgi-

301 625 620 695 martyrium
646 624 1058 681 consummavit.
1082 625 1290 696 Corpus
1312 626 1429 697 ejus
1448 641 1477 681 a
1499 626 1734 682 Fabiano
1759 642 1893 698 papa

298 717 523 771 relatum
545 759 560 785 ,
594 725 754 787 atque
796 718 847 773 in
896 718 1206 774 cmmeterio
1234 716 1441 773 Callisti
1484 718 1757 789 sepultum
1787 727 1889 774 est.

298 807 451 864 Sedit
478 808 532 864 in
563 810 875 880 episcopatu
908 824 1079 864 annos
1117 824 1306 863 novem
1329 851 1344 879 ,
1391 823 1606 865 menses
1636 810 1891 879 quinque,

295 900 414 954 dies
442 899 599 954 duos.
649 900 802 969 Apud
844 899 1081 955 Siciliam
1112 900 1381 955 civitatem
1425 900 1727 966 Mesanam,
1772 914 1895 955 san-

294 1001 507 1045 ctorum
542 992 747 1062 Atnpeli
791 1001 845 1047 et
874 992 1026 1062 Gagi.
1082 992 1237 1064 Apud
1279 991 1608 1047 Cabillonem
1649 992 1894 1049 Silvestri

298 1083 566 1153 episc0pi.
619 1082 676 1137 In
724 1082 981 1149 Heraclea
1028 1083 1199 1148 Bassi,
1250 1083 1510 1155 Dionysii,
1560 1084 1795 1157 Agapiti,
1840 1092 1896 1139 et

294 1175 525 1229 aliorum
558 1174 929 1244 quadraginta.

368 1267 429 1321 C.
474 1266 545 1320 XI
583 1265 718 1321 ΚΜ.
765 1268 1026 1321 Dscsns.‘
1054 1265 1243 1322 Natale
1288 1265 1431 1322 beati
1480 1266 1632 1334 Ruﬁ,
1674 1266 1742 1322 de
1788 1280 1893 1337 quo

295 1356 489 1413 beatus
521 1358 716 1413 Paulus
747 1358 1024 1428 apostolus
1054 1359 1119 1411 ad
1156 1358 1428 1414 Romanos
1471 1358 1656 1413 scribit
1688 1377 1699 1411 :
1735 1357 1893 1414 Satu-

296 1460 404 1504 tate
454 1450 646 1521 Rufum
693 1454 941 1518 electum,
974 1461 1019 1504 et
1048 1460 1261 1504 matrem
1295 1456 1407 1521 ejus
1448 1460 1493 1505 et
1526 1466 1712 1503 nteant.
1761 1448 1891 1505 Item

294 1540 480 1595 natale
511 1540 686 1595 sancti
734 1540 897 1594 Mauri
932 1542 1201 1612 martyris,
1235 1541 1323 1609 qui
1373 1542 1439 1595 ab
1485 1540 1707 1595 infantia
1740 1540 1893 1594 Chri-

293 1630 503 1685 Stianus
534 1630 667 1697 fuit,
698 1632 1035 1686 orationibus
1063 1642 1115 1686 et
1157 1632 1376 1700 jejuniis
1408 1646 1637 1697 vacans;
1671 1634 1759 1701 qui
1793 1632 1892 1686 sub

292 1722 628 1781 Numeriano
668 1728 993 1796 imperatore
1022 1736 1075 1781 et
1098 1727 1353 1783 Celerino
1381 1728 1636 1797 prtefecto
1666 1730 1893 1785 diversis

293 1818 475 1888 pernis
504 1828 840 1886 maceratus,
878 1820 978 1873 hoc
1008 1828 1091 1875 est
1112 1860 1125 1885 ,
1159 1823 1389 1889 primum
1420 1821 1648 1875 fustibus
1676 1820 1892 1876 nodosis

292 1926 490 1977 emsus,
540 1911 734 1968 deinde
774 1912 1065 1982 plumbatis
1104 1915 1307 1979 iussum
1351 1923 1434 1968 est
1484 1914 1728 1969 maxillas
1777 1914 1891 1982 ejus
1923 1901 1971 1961 Β

286 2004 585 2071 contundi;
623 2013 806 2073 postea
836 2006 889 2058 in
914 2006 1148 2073 equuleo
1179 2005 1463 2074 suSpendi,
1490 2014 1650 2074 atque
1676 2006 1891 2073 ungulis

291 2099 431 2164 radi,
462 2108 517 2154 et
548 2100 821 2168 lampades
862 2099 1115 2155 ardentes
1162 2099 1421 2154 lateribus
1456 2100 1573 2168 ejus
1612 2100 1888 2169 applicari,

288 2192 360 2246 ad
387 2200 690 2247 extremum
722 2206 853 2247 vero
877 2202 1041 2262 caput
1072 2192 1187 2262 ejus
1225 2191 1514 2260 amputari.
1556 2192 1726 2261 Cujus
1760 2206 1884 2247 cor-

294 2298 397 2352 pus
425 2292 584 2338 nocte
611 2292 789 2338 nauta:
812 2283 1047 2338 Africani
1077 2292 1487 2354 mgnoscentes,
1510 2299 1578 2337 ex
1601 2298 1695 2337 sua
1723 2283 1889 2350 patria

283 2386 494 2440 ortum,
542 2384 948 2445 rapuerunt,et
993 2376 1271 2431 volventes
1317 2391 1442 2430 eum
1491 2374 1891 2429 linteaminibus

291 2466 531 2533 mundis,
555 2481 680 2522 cum
709 2467 1042 2522 aromatibus
1073 2476 1368 2538 posuerunt
1395 2468 1446 2521 in
1476 2466 1889 2536 sarcophagum,

292 2561 739 2629 scripseruntque
778 2561 847 2615 ad
888 2569 1050 2629 caput
1091 2560 1208 2630 ejus
1240 2579 1250 2613 :
1286 2560 1381 2616 Dei
1424 2568 1479 2615 et
1517 2558 1717 2615 Christi
1761 2558 1887 2613 Jesu

288 2653 524 2708 tantulus
553 2651 787 2719 Maurus,
819 2652 925 2708 hoc
952 2654 1205 2709 saeculum
1237 2667 1332 2723 pro
1358 2652 1562 2707 Christi
1591 2652 1696 2708 (ide
1725 2652 1890 2707 relin-

290 2759 485 2813 quens,
519 2746 680 2799 vitam
710 2754 965 2801 aeternam
1002 2746 1308 2816 acquisivit.
1352 2745 1630 2801 Celerinus
1658 2760 1889 2814 namque

298 2837 599 2905 praefectus,
633 2850 823 2893 nautas
862 2840 1023 2909 jussit
1060 2839 1478 2910 comprehendi;
1511 2850 1564 2896 at
1592 2841 1667 2896 illi
1697 2855 1889 2897 omnes

299 2928 563 2999 fugerunt.
598 2929 745 2986 Tunc
772 2932 931 3000 jussit
954 2948 1169 2999 navem,
1200 2933 1253 2987 in
1281 2949 1381 3002 qua
1415 2934 1665 3004 martyris
1693 2949 1889 3003 corpus

292 3032 414 3075 erat
434 3062 452 3087 ,
482 3024 769 3080 sarmentis
795 3025 1039 3093 impleri,
1072 3035 1126 3081 et
1155 3026 1275 3095 igne
1297 3027 1599 3095 supposito,
1627 3026 1679 3081 in
1711 3027 1886 3082 medio

297 3112 434 3167 mari
475 3115 755 3181 comburi;
798 3116 893 3171 sed
939 3116 1267 3186 gubernante
1302 3118 1552 3185 Domino,
1598 3129 1885 3190 martyrem

294 3205 484 3274 suumj,
515 3204 605 3261 ubi
635 3204 820 3274 voluit,
850 3206 916 3261 ad
948 3218 1157 3278 portum
1187 3207 1375 3264 salutis
1404 3208 1673 3278 perduxit.

1999 626 2106 692 nis,
2141 625 2339 691 Marci,
2369 624 2611 689 Aurelii,
2646 632 2699 679 et
2727 623 3006 679 Commodi
3040 627 3416 696 imperatorum
3450 636 3587 683 tem-

1998 714 2244 786 poribus,
2272 729 2391 786 quze
2419 728 2675 786 sponsum
2705 727 2857 768 suum
2884 713 3223 769 Valerianum
3243 755 3258 783 ,
3285 724 3340 771 et
3366 715 3583 773 fratrem

1997 807 2112 879 ejus
2140 806 2459 874 Tiburtium,
2492 807 2557 862 ad
2588 807 2909 864 credendum
2939 806 3148 863 Christo
3181 808 3491 878 perdocuit,
3521 825 3585 866 ac

1997 902 2191 959 deinde
2218 903 2284 958 ad
2314 903 2630 975 martyrium
2676 902 2933 958 incitavit.
2973 900 3122 957 Hanc
3150 901 3459 957 Almachius
3492 917 3585 957 ur-

1996 998 2079 1055 bis
2106 997 2392 1069 prmfectus
2423 1006 2542 1066 post
2583 997 2897 1067 martyrium
2928 1009 3115 1052 eorum
3146 994 3314 1050 teneri
3340 994 3502 1057 fecit,
3536 1006 3589 1049 et

1996 1100 2055 1143 ut
2100 1089 2255 1144 thura
2303 1088 2636 1143 daemonibus
2682 1097 2927 1158 poneret,
2968 1086 3189 1154 impelli.
3240 1085 3589 1154 Apparitores

1994 1197 2123 1239 vero
2153 1184 2490 1239 attendentes
2517 1182 2762 1237 decorem
2793 1191 2848 1238 et
2880 1179 3216 1250 prudentiam
3246 1180 3379 1247 ejus,
3427 1193 3584 1247 roga—

1995 1280 2118 1337 bant
2149 1296 2264 1336 eam
2310 1297 2375 1336 ne
2407 1280 2512 1336 tale
2552 1280 2713 1336 decus
2751 1281 3040 1334 omitteret.
3087 1276 3155 1331 At
3185 1276 3272 1330 illa
3302 1276 3583 1331 consilium

1995 1372 2205 1443 pietatis
2231 1372 2307 1427 eis
2337 1372 2664 1426 sufficienter
2692 1370 2991 1437 insinuans,
3014 1384 3136 1425 cum
3163 1368 3229 1422 ad
3258 1366 3582 1424 credendum

1996 1467 2207 1523 Christo
2240 1476 2514 1538 permotos
2543 1477 2827 1533 cerneret,
2861 1467 2987 1525 dicit
3017 1468 3095 1523 eis
3128 1485 3141 1519 :
3174 1464 3283 1529 lte,
3315 1465 3477 1520 dicite
3508 1465 3587 1519 in-

1998 1559 2133 1613 felici
2166 1559 2446 1614 Almachio
2476 1558 2618 1629 quod
2650 1573 2748 1629 ego
2777 1557 3016 1615 inducias
3054 1566 3199 1629 peto,
3232 1565 3285 1611 et
3326 1556 3462 1610 intra
3492 1554 3589 1609 do-

1996 1668 2139 1707 mum
2171 1668 2345 1707 meam
2373 1652 2561 1707 faciam
2585 1653 2767 1707 venirc
2784 1652 2877 1719 qui
2901 1667 2993 1706 vos
3014 1666 3201 1706 omnes
3225 1651 3346 1705 vita:
3370 1660 3587 1704 :eternte

1996 1742 2156 1796 faciat
2196 1744 2502 1813 participes.
2550 1743 2785 1798 Veniens
2825 1744 2986 1811 igitur
3026 1757 3157 1813 papa
3199 1742 3464 1808 Urbanus,
3495 1741 3590 1796 ba-

1996 1834 2215 1903 ptizavit
2248 1835 2524 1905 plusquam
2550 1835 2965 1905 quadringentos
2996 1834 3279 1905 promiscui
3305 1848 3465 1889 sexus
3492 1832 3589 1887 ho-

1999 1927 2190 1982 mines.
2226 1926 2418 1980 lterum
2448 1925 2756 1980 Almachius
2789 1927 2997 1981 beatam
3023 1926 3292 1981 Caeciliam
3323 1925 3421 1981 sibi
3453 1940 3588 1994 pra:-

1994 2016 2193 2072 sentari
2224 2016 2399 2085 juSsit.
2446 2018 2655 2072 Etcum
2688 2018 3100 2088 insuperabilem
3134 2034 3249 2073 eam
3298 2020 3347 2072 in
3378 2020 3587 2073 confes-

1993 2110 2142 2163 sione
2189 2107 2311 2163 fidei
2356 2124 2672 2175 permanere
2702 2108 2930 2176 videret,
2974 2109 3126 2178 jubet
3162 2118 3220 2163 ut
3263 2108 3327 2163 ad
3368 2108 3586 2163 domum

1994 2217 2143 2258 suam
2179 2201 2486 2269 duceretur,
2529 2210 2584 2256 et
2625 2202 2696 2256 ibi
2731 2203 2956 2256 flammis
2994 2201 3333 2259 balnearibus
3363 2215 3586 2256 concre-

1997 2302 2257 2347 maretur.
2294 2290 2393 2345 Ubi
2424 2292 2627 2347 inclusa
2660 2290 2745 2346 die
2788 2293 2997 2364 integro
3033 2301 3087 2347 et
3128 2301 3305 2362 nocte,
3350 2292 3501 2361 quasi
3534 2292 3589 2347 in

1995 2384 2114 2437 loco
2156 2383 2347 2453 frigido
2379 2382 2583 2455 integra
2626 2384 2859 2453 perstitit
2908 2383 3153 2451 sanitate,
3202 2398 3324 2439 cum
3374 2397 3585 2452 semper

1993 2476 2241 2533 incendia
2285 2477 2442 2549 lignis
2489 2478 2758 2547 congestis
2808 2478 3261 2534 ministrarentur.
3310 2476 3461 2545 Quod
3491 2492 3587 2533 aue

1993 2568 2149 2624 diens
2195 2569 2523 2635 Almacltius,
2574 2571 2719 2624 misit
2762 2570 2850 2639 qui
2895 2584 3010 2624 eam
3057 2568 3388 2625 decollaret:
3431 2584 3586 2638 quam

1992 2660 2284 2729 Spiculator
2317 2660 2472 2714 tertio
2501 2660 2607 2715 ictu
2630 2660 2917 2728 percussit,
2948 2659 3041 2715 sed
3072 2669 3230 2726 caput
3254 2660 3369 2726 ejus
3396 2674 3582 2728 ampu-

1992 2758 2107 2805 tare
2136 2766 2239 2805 non
2270 2750 2476 2819 potuit,
2514 2751 2808 2821 supervixit
2832 2759 3013 2805 autem
3045 2749 3241 2807 triduo.
3274 2749 3424 2805 Tunc
3452 2764 3580 2806 san-

1993 2850 2110 2897 ctus
2140 2841 2386 2898 Urbanus
2425 2856 2620 2911 corpus
2661 2841 2776 2910 ejus
2822 2839 3073 2898 auferens
3120 2849 3298 2907 nocte,
3340 2841 3587 2910 sepelivit

1994 2949 2113 2990 eam
2144 2933 2283 2989 inter
2313 2935 2546 3003 collegas
2578 2948 2704 2991 suos
2735 2934 3036 3005 episcopos.
3089 2933 3221 2991 Item
3248 2947 3445 2991 sanctae
3476 2934 3585 2990 Me-

1991 3027 2251 3083 derasmac
2278 3027 2519 3098 virginis.

2066 3123 2128 3176 E.
2171 3121 2242 3176 IX
2271 3120 2402 3176 KAL.
2438 3122 2678 3178 Decnun.
2720 3122 2905 3179 Natale
2931 3122 3100 3177 sancti
3126 3120 3442 3177 Clementis.
3484 3118 3579 3174 llic

1992 3228 2213 3288 quartus
2243 3227 2364 3288 post
2394 3214 2610 3275 Petrum
2638 3218 2827 3275 Romae
2856 3217 3140 3289 episcOpus
3178 3213 3453 3273 ordinatus
3478 3224 3577 3271 εει.

1555 3298 1787 3354 EDITIO
1830 3300 2335 3366 BOLLANDIANA.

290 3383 501 3469 ᾼιξψθῇἰ
530 3386 941 3469 θξνϐξίὶι-Βιηγ.
973 3387 1062 3469 C.,
1096 3388 1157 3469 l_n_
1179 3386 1387 3469 Eracjia
1414 3388 1589 3469 Bessi.
1620 3390 1877 3469 Dionysii,
1912 3398 1957 3461 C
1984 3399 2227 3453 'Itlmbani
2259 3400 2486 3454 abbatis.
2520 3399 2586 3454 Τ.
2616 3400 2732 3468 ejus
2760 3398 2991 3453 natalem
3024 3399 3196 3469 primo
3238 3399 3357 3452 loco
3385 3398 3571 3454 refert.

286 3453 523 3531 Qrionis.
558 3457 620 3512 V.
648 3457 734 3523 C.,
757 3459 813 3531 In
828 3458 1085 3531 iiispania
1110 3459 1323 3513 Maximi
1347 3453 1664 3531 presbyteri.
1700 3453 1774 3516 Δί
1790 3453 1877 3527 T.,

290 3528 531 3599 Eraclete
559 3530 733 3584 natale
780 3529 880 3585 SS.
915 3530 1064 3599 Gagii
1112 3538 1166 3583 et
1199 3531 1457 3597 Dionysii.
1506 3528 1597 3596 ’l‘.,
1628 3531 1795 3586 Bassii
1825 3543 1881 3587 et

290 3596 720 3673 glas_sii.__A._L.
745 3639 759 3664 ,
786 3600 843 3653 In
868 3596 1123 3673 Hispania
1173 3596 1437 3673 depositio
1483 3601 1539 3656 S.
1569 3612 1595 3638 ιι
1618 3604 1879 3673 Crispini.

287 3668 381 3731 T.,
412 3668 469 3722 In
510 3669 693 3724 Sicilia
743 3671 917 3737 passio
964 3672 1025 3725 S.
1056 3672 1306 3739 Ampelii.
1360 3671 1445 3739 B.,
1497 3673 1551 3726 ln
1600 3668 1880 3728 Antiochia

290 3740 468 3812 natale
496 3739 592 3794 SS.
614 3740 797 3795 Basilii
828 3751 881 3795 et
904 3742 1159 3812 DiOnysii.
1184 3742 1434 3797 Taurinis
1462 3743 1677 3801 civitate
1704 3747 1881 3801 natale

290 3810 392 3867 SS.
425 3811 451 3849 ιι
483 3812 702 3876 Octavi,
735 3813 997 3867 Solutoris
1027 3810 1081 3866 et
1110 3813 1450 3869 Adventoris.

360 3922 451 3978 2|.
482 3953 551 3964 —
582 3924 650 3979 Xl
681 3923 818 3980 Kac.
848 3924 1021 3983 Vocat
1046 3925 1224 3981 Baeda.

365 4038 463 4091 D.:
494 4038 641 4103 Rufi,
674 4054 830 4108 quem
875 4039 1166 4103 Apostolus
1212 4039 1276 4091 ad
1323 4037 1594 4093 Romanos
1638 4036 1881 4095 scribens

292 4120 317 4149 ε
351 4110 565 4163 Salutat.
595 4112 659 4164 C.
696 4111 782 4175 V.,
816 4110 869 4164 In
901 4111 1183 4164 Antiochia
1219 4110 1405 4163 Basilei
1438 4120 1489 4163 et
1520 4111 1752 4174 Auxilii,
1778 4112 1879 4164 Sa-

289 4182 511 4245 turnini,
542 4179 739 4243 Carali,
777 4182 1004 4249 Entycii.
1058 4182 1142 4247 8.,
1174 4182 1227 4234 lu
1260 4181 1537 4235 Antiochia
1572 4182 1745 4235 natale
1768 4182 1872 4236 SS.

291 4252 510 4323 Basilei,
546 4252 717 4306 Auxili
750 4251 869 4321 ΗΖ,
902 4252 1112 4323 Auxii],
1148 4252 1391 4323 Matroni.
1448 4253 1511 4305 Et
1536 4251 1657 4323 alibi
1705 4253 1878 4307 natale

291 4321 390 4377 SS.
426 4322 677 4377 Demetrii
703 4365 716 4388 ,
746 4322 1038 4390 Quintiani,
1062 4321 1329 4377 "Sisinnii.
1384 4324 1448 4376 A.
1478 4323 1542 4377 Τ.
1570 4322 1655 4389 L.,
1688 4325 1875 4376 Antio-

289 4393 429 4447 chia:
458 4394 633 4447 natale
658 4404 959 4447 sanctorum
993 4393 1180 4448 Basilei
1206 4404 1257 4447 et
1279 4393 1567 4447 Saturnini.
1600 4394 1654 4447 In
1678 4394 1876 4448 Histria

284 4463 506 4519 civitate
537 4466 711 4521 natale
741 4467 799 4523 S.
831 4465 861 4505 ἀ
890 4465 1060 4520 Mauri
1091 4466 1360 4536 martyris.
1392 4464 1487 4533 L.,
1520 4465 1585 4519 Et
1607 4464 1668 4519 S.
1700 4468 1723 4495 θ
1764 4466 1873 4519 Co-

1989 3471 2150 3526 Addit
2182 3469 2241 3525 L.
2270 3488 2282 3523 :
2314 3470 2448 3524 item
2479 3470 2830 3526 Prtesentatio
2857 3469 3027 3525 beata:
3055 3471 3233 3525 Mariae
3264 3470 3504 3539 virginis.

2058 3560 2148 3615 2‘2.
2181 3592 2247 3602 —
2275 3559 2321 3615 Χ
2343 3560 2480 3616 ΚΑι.
2510 3560 2697 3616 Natale
2724 3560 2780 3617 S.
2811 3557 2829 3597 τ
2861 3559 3075 3615 Cecilia:
3099 3559 3331 3630 virginis
3378 3574 3495 3628 quae
3524 3567 3572 3614 et

1927 3676 1949 3689 -
1986 3667 2244 3723 sponsum
2267 3670 2425 3713 suum
2448 3653 2789 3709 Valerianum
2818 3662 2874 3709 et
2894 3653 3112 3709 fratrem
3134 3652 3248 3721 ejus
3270 3647 3589 3707 “uitium:

1987 3744 2057 3799 ad
2083 3744 2409 3801 credendum
2455 3742 2676 3801 Christo
2719 3760 2784 3800 ac
2813 3747 3123 3816 martyrium
3174 3743 3489 3814 perdocuit;
3521 3750 3578 3798 et

1982 3834 2105 3905 ipsa
2135 3835 2328 3891 deinde
2376 3838 2763 3907 martyrizavit,
2814 3839 2993 3907 ignem
3038 3837 3253 3908 quidem
3296 3850 3577 3907 superans,

1986 3926 2085 3985 sed
2115 3926 2260 3983 ferro
2288 3926 2462 3981 occisa
2489 3926 2587 3985 sub
2610 3927 2891 3985 Almachio
2935 3927 3088 3983 Urbis
3119 3925 3391 3996 praefecto.

2060 4018 2126 4072 A.
2161 4016 2247 4082 T.,
2281 4017 2599 4072 Alexandria
2632 4018 2810 4072 natale
2837 4018 2933 4073 SS.
2968 4018 3225 4072 Demetrii
3272 4026 3326 4071 et
3358 4016 3568 4072 Felicis.

1984 4086 2291 4157 Suessionis
2336 4088 2601 4152 depositio
2644 4090 2701 4143 S.
2728 4088 3045 4143 Medresiute
3092 4088 3335 4157 virginis.
3387 4088 3480 4155 B.,
3517 4088 3573 4143 In

1977 4155 2322 4225 Cappadocia
2381 4157 2483 4214 SS.
2514 4159 2755 4228 Longini,
2788 4160 2995 4215 Leontii
3040 4172 3093 4213 et
3135 4155 3337 4213 Fausti.
3385 4160 3447 4214 C.
3486 4159 3571 4227 V.,

1978 4228 2221 4285 Maximi.
2251 4228 2363 4302 8.,6
2394 4230 2618 4297 Longini
2649 4231 2740 4299 qui
2767 4232 2907 4286 latus
2960 4230 3167 4285 Domini
3218 4231 3403 4285 lancea
3445 4245 3573 4302 ape-

1980 4303 2115 4372 ytit.
2169 4301 2558 4356 Ms.La3tiense
2587 4302 2694 4372 hic
2739 4304 2897 4356 habet
2939 4304 3171 4372 elogium
3223 4301 3572 4367 prolixius'ex

1982 4370 2171 4435 Floro,
2194 4372 2337 4441 quod
2368 4373 2487 4427 vide
2517 4371 2652 4427 infra
2677 4389 2728 4427 tv
2756 4373 2932 4429 Neuas
2957 4370 3285 4429 Decembris.

2052 4462 2147 4521 ‘25.
2178 4491 2244 4504 ——
2280 4464 2348 4518 lx
2380 4462 2515 4519 Kac.
2548 4464 2731 4518 Romae
2777 4466 2950 4520 natale
2996 4464 3053 4520 S.
3079 4463 3107 4503 ιι
3137 4465 3425 4521 Clementis
3453 4468 3576 4536 epi-

1724 4555 1888 4610 ΜΙΤΙΙ
1928 4553 2157 4610 ΝυΤᾹιέ.

1724 4556 1767 4610 .\l
1798 4555 1888 4609 ΤΗ
1928 4555 2157 4610 NOTAE.

366 4650 390 4676 τι
432 4644 677 4727 Crispini.
718 4646 814 4701 llic
838 4655 908 4727 e_t_
927 4646 1183 4705 Maximus
1210 4645 1411 4703 eodem
1442 4555 1717 4717 tempores
1730 4556 1875 4719 ρξεδί
1905 4646 1957 4706 D
1978 4644 2193 4727 abbatis
2218 4644 2611 4727 discipuli._Qui
2644 4654 2923 4715 postquam
2968 4646 3021 4702 in
3054 4645 3562 4727 Britanniammtrraji-

286 4728 414 4774 sunt
436 4717 587 4783 juxta
617 4718 834 4774 Hieron.
867 4718 1018 4772 Mart.

366 4789 389 4825 ιι
431 4787 627 4842 Octavi.
660 4789 734 4843 De
768 4788 985 4843 Oetavitt
1015 4797 1069 4842 et
1088 4789 1350 4843 sociiscst
1375 4802 1553 4846 sermo
1581 4787 1877 4857 Ambrosii,

288 4868 381 4914 aut
413 4860 469 4915 S.
504 4860 713 4915 Maximi
744 4861 977 4928 episcopi
1007 4860 1375 4917 Taurinensis.

366 4939 389 4966 ε
431 4930 663 4985 Salutat.
697 4930 882 4999 Capite
910 4946 994 4983 xvr
1024 4930 1087 4983 ad
1118 4931 1271 4985 Rom.
1313 4931 1467 4986 llunc
1493 4940 1731 4987 creatum
1759 4944 1879 4986 esse

288 5002 601 5069 episcopum
633 5000 942 5056 Thebanum
976 5001 1135 5054 tradit
1164 5002 1461 5057 Dnrotbeus
1507 5005 1557 5057 in
1584 5003 1835 5073 Synopsi.

360 5070 385 5109 ά
411 5070 603 5125 Mauri.
634 5071 730 5126 llic
759 5088 823 5127 ex
853 5072 1063 5126 civitate
1089 5072 1316 5125 Castella
1346 5074 1637 5137 provincia:
1684 5074 1875 5127 Africa:

589 5109 603 5125 ο
634 5088 730 5126 HIC
759 5088 823 5126 CX
853 5088 1063 5126 01111ιῆ18
1089 5088 1316 5125 ωειειιιι
1346 5088 1637 5126 orovmeta:
1684 5088 1776 5126 Alt‘

289 5142 570 5207 oriundus,
603 5156 722 5197 cum
755 5153 895 5196 esset
921 5156 1177 5195 annorum
1203 5157 1314 5205 vttt,
1349 5143 1567 5198 Romam
1605 5144 1874 5210 profectus

289 5225 395 5283 e5t,
424 5213 512 5283 ubi
538 5215 689 5282 jussu
717 5211 946 5268 Celerini
980 5212 1213 5278 prmfecti
1260 5214 1361 5266 sub
1391 5214 1713 5270 Numeriano
1742 5216 1869 5283 imp.

288 5281 517 5337 fustibus
541 5281 787 5349 ’ca'ditur,
820 5283 1105 5353 plumbatis
1152 5284 1518 5351 contunditur,
1567 5288 1617 5338 in
1649 5281 1873 5353 equuleo

285 5355 651 5425 suspenditur,
705 5356 915 5425 ungulis
991 5353 1181 5425 ferreis
1226 5354 1519 5417 laceratur,
1582 5356 1872 5409 novissime

280 5424 470 5493 gladio
499 5427 672 5490 capite
701 5424 987 5481 truncatur.
1024 5424 1206 5479 Nauta:
1237 5426 1450 5493 quidam
1482 5426 1597 5494 ejus
1625 5428 1871 5480 Cttncit‘cs

288 5508 486 5563 corpus
506 5496 570 5551 ad
592 5497 736 5551 littus
761 5498 1053 5550 Parentium
1082 5497 1313 5550 civitatis
1344 5496 1633 5564 provinciae
1666 5496 1873 5553 Histria:

288 5564 580 5633 deducunt,
615 5570 703 5622 ubi
733 5568 775 5620 is
805 5580 993 5636 magna
1025 5566 1334 5621 celebritate
1363 5569 1438 5622 uti
1468 5577 1746 5636 patronus,
1779 5569 1876 5621 Ec-

284 5636 574 5763 l.cVIesimque
617 5639 858 5694 tutelaris
901 5637 1096 5693 colitur
1146 5638 1245 5693 bac
1290 5638 1405 5709 ipsa
1450 5642 1558 5695 dte.
1609 5638 1777 5696 Ρετιι.
1808 5656 1874 5695 ut;

337 5723 498 5762 ATAL.

337 5723 498 5762 ΔΤΛΙ..

367 5782 390 5811 ⁸
430 5779 748 5851 Columbam.
784 5777 953 5835 Gente
996 5778 1235 5847 Hiberni,
1291 5780 1461 5851 patria
1510 5781 1872 5851 Lageuiensis,

286 5845 529 5921 ϐοηθειιὶ
558 5850 947 5911 Bancborensis
971 5845 1228 5911 ctenobii'
1253 5845 1309 5911 id
1336 5845 1613 5926 Orientali
1625 5845 1877 5912 Hibernia

1742 5944 1761 5970 η

1984 4719 2130 4771 ciens
2163 4718 2231 4772 ibi
2258 4718 2557 4784 aliquandiu
2584 4730 2945 4773 commoratus
2988 4726 3155 4778 esset,
3187 4732 3326 4771 anno
3356 4716 3567 4780 589,'in

1985 4787 2340 4855 Burgundiam
2367 4804 2426 4843 se
2453 4790 2696 4851 contulit.
2749 4790 2837 4845 ubi
2878 4788 3182 4843 cusnobium
3230 4788 3566 4843 Luxoviense

1978 4860 2159 4927 posuit
2188 4869 2241 4912 et
2264 4860 2596 4926 gubernavit.
2650 4862 2709 4914 Ei
2739 4869 3015 4929 postquam
3058 4874 3228 4912 annos
3280 4858 3449 4914 ferme
3482 4862 3562 4913 vi—

1980 4931 2112 4997 ginti
2148 4930 2443 4996 prmiuisset
2468 4948 2495 4983 a
2525 4931 2857 4985 Theoderico
2883 4930 3274 4984 Austrasiorum
3319 4946 3463 4999 rege,
3498 4946 3565 4985 eo

1976 5000 2123 5068 quod
2154 5011 2335 5068 stupra
2362 5001 2476 5069 ejus
2498 5003 2657 5057 solito
2686 5001 2902 5055 liberius
2916 5000 3353 5068 reprehenderet,
3388 5007 3438 5054 in
3466 5018 3567 5057 ex-

1980 5072 2155 5144 silium
2186 5082 2333 5127 actus
2360 5083 2461 5128 est.
2516 5075 2793 5144 Peragrata
2842 5072 3000 5144 igitur
3028 5072 3281 5144 universa
3303 5072 3470 5125 Gallia
3508 5073 3570 5126 in

1980 5140 2181 5199 Italiam
2213 5158 2271 5199 se
2300 5146 2518 5211 recepit,
2552 5140 2744 5199 ubi'ab
2774 5142 3056 5212 Agilulpbo
3086 5142 3565 5210 Langobardorum

1981 5228 2107 5279 rege
2158 5214 2327 5269 locum
2380 5226 2737 5282 opportunum
2794 5223 2979 5269 nactus
3023 5214 3405 5267 monasterium
3462 5215 3561 5268 Bo—

1983 5282 2165 5339 biettse
2212 5300 2374 5353 prope
2401 5285 2672 5353 Neapolim
2716 5286 3031 5339 construxit.
3074 5284 3238 5340 Jonas
3270 5284 3565 5340 monachus

1981 5353 2258 5426 Bobiensis
2302 5356 2420 5425 ejus
2450 5356 2617 5409 Vitam
2672 5356 2903 5426 scripsit,
2934 5370 3053 5426 quae
3082 5363 3258 5409 exstat
3286 5357 3423 5423 apud
3455 5355 3565 5409 Ma-

1976 5425 2355 5554 E‘lrlnlnusuf‘ﬁ.
2401 5443 2437 5481 ιι
2476 5430 2593 5481 Aet.
2626 5426 2758 5482 Ben.
2795 5425 2925 5483 Vide
2956 5425 3137 5482 etiam
3181 5441 3375 5498 supra,
3431 5426 3566 5481 Hist.

2001 5498 2151 5559 ἐωῑ..
2184 5514 2239 5561 ll,
2276 5500 2326 5550 «’t.

2056 5574 2075 5610 ί
2110 5567 2347 5623 Cmciliw.
2384 5568 2562 5622 Passa:
2592 5568 2693 5622 sub
2725 5568 3028 5624 Alexandro
3078 5568 3426 5637 imperatore,
3461 5584 3567 5623 non

1970 5639 2078 5695 sub
2119 5638 2430 5711 Commodo,
2464 5648 2519 5692 ut
2549 5640 2821 5694 Usuardus
2849 5652 2903 5694 et
2927 5642 3042 5694 Ado
3069 5650 3339 5708 ιιμδθιυιιι,
3367 5651 3568 5711 marty-

1981 5711 2060 5766 rio
2092 5708 2229 5764 enim
2263 5718 2512 5763 cor-Ouata
2543 5719 2623 5763 ost
2667 5720 2908 5779 tempore
2946 5711 3140 5767 Urbani
3175 5727 3354 5779 papce.

2056 5784 2081 5851 εἰ
2112 5780 2348 5851 Longini.
2387 5781 2479 5836 Hic
2509 5789 2561 5835 et
2588 5795 2747 5849 supra
2776 5783 2988 5847 colitur,
3018 5782 3087 5838 15
3119 5783 3316 5837 Martii.

2056 5841 2081 5881 ¹³
2126 5841 2418 5909 Clementis.
2466 5841 2820 5925 Chronologia
2868 5841 3224 5915 successionis
3271 5855 3562 5925 primorum
