4064 6346
222 263 361 324 Hi5

1290 266 1481 324 SECT.
1525 268 1593 324 ll.
1633 297 1702 307 —-
1741 265 2309 326 MARTYROLOGIA.

3341 271 3490 337 ειη

1448 381 1675 436 EDITIU
1714 378 2183 440 COLONIENSIS.

209 475 603 535 Antiochenam
632 475 772 532 rexit
809 472 1136 546 Ecclesiam,
1170 478 1535 546 persecutione
1576 476 1788 546 Trajani
1816 478 1873 537 Α
1895 478 2033 533 drini
2065 480 2339 550 episcopi,
2374 481 2514 537 inter
2557 482 2853 553 prtecipuos
2885 485 3106 555 egregii.
3158 486 3255 543 llic
3282 488 3493 548 duode-

212 569 502 622 damnatus
531 566 596 621 ad
629 567 849 632 bestias,
901 567 1126 622 Romam
1156 569 1363 622 vinctus
1410 569 1664 633 mittitur;
1711 567 1799 622 ubi

214 674 483 735 praesente
502 664 753 732 Trajano,
778 664 1203 720 circumsedente
1236 674 1444 730 senatu,
1476 664 1595 733 pilis
1620 665 1797 736 plum-

214 756 337 810 beis
382 756 614 825 scapulae
644 756 758 824 ejus
790 756 1016 825 primum
1063 764 1337 821 contusa},
1371 756 1564 812 deinde
1593 756 1802 827 ungulis

218 849 391 903 latera
422 848 538 918 ejus
562 848 839 915 dilaniata,
872 858 928 903 et
955 850 1214 920 lapidibus
1247 851 1450 918 asperis
1475 850 1760 905 confricata
1786 867 1800 915 ;

216 952 342 1013 post
384 957 636 1010 expansa:
674 958 865 997 manus
903 941 1043 1013 ejus,
1089 953 1145 997 et
1184 943 1288 1011 igni
1332 944 1568 1011 repletae,
1604 957 1805 1014 papyro

215 1036 343 1091 oleo
375 1036 553 1091 infuso
579 1047 630 1091 et
662 1036 900 1100 incenso,
932 1036 1097 1090 latera
1120 1035 1236 1103 ejus
1265 1037 1473 1103 adusta,
1503 1044 1622 1103 post
1648 1051 1807 1103 super

216 1128 485 1181 carbones
532 1128 837 1195 pavimento
891 1139 1169 1193 aspersos,
1230 1127 1315 1181 tibi
1369 1136 1564 1181 sancta:
1612 1128 1806 1195 plantae

220 1218 369 1271 illius
394 1225 681 1272 steterunt.
725 1214 853 1270 Post
886 1217 1076 1270 lectum
1105 1218 1463 1272 flammantem
1486 1263 1499 1286 ,
1534 1226 1650 1287 post
1680 1217 1805 1272 dor-

218 1327 341 1366 sum
396 1312 513 1381 ejus
566 1310 775 1381 ungulis
830 1309 1106 1365 discissum
1164 1321 1219 1365 et
1270 1312 1631 1377 dilaceratum,
1690 1322 1809 1381 post

210 1412 434 1459 acetum
484 1411 537 1457 et
584 1402 773 1466 salem,
820 1402 1009 1470 quibus
1052 1403 1215 1473 plagae
1260 1404 1375 1474 ejus
1424 1404 1613 1459 infusa:
1662 1414 1805 1469 sunt,

218 1504 346 1563 post
396 1491 625 1547 vinculis
659 1492 847 1547 ferreis
897 1494 1047 1547 beata
1100 1493 1238 1547 illius
1278 1495 1514 1559 astricta,
1546 1504 1601 1549 et
1647 1494 1806 1563 pedes

219 1586 275 1638 in
310 1584 415 1639 ima
446 1585 679 1641 carceris
710 1585 763 1639 in
792 1585 934 1653 ligno
964 1586 1276 1651 conclusos;
1309 1586 1398 1640 ubi
1431 1588 1597 1641 tribus
1623 1587 1808 1642 diebus

219 1694 287 1733 ac
330 1680 575 1733 noctibus
622 1694 810 1747 panem
858 1694 963 1732 non
1012 1679 1317 1746 comedens,
1366 1688 1419 1734 et
1466 1694 1653 1748 aquam
1700 1694 1807 1734 non

220 1771 417 1826 bibens
463 1770 679 1823 mansit.
731 1770 963 1825 Sedente
1011 1786 1107 1839 pro
1156 1769 1402 1825 tribttnali
1451 1771 1703 1842 Trajano,
1754 1773 1805 1826 in

1902 571 2043 625 cimo
2070 574 2412 644 episcopatus
2454 576 2534 630 sui
2577 591 2717 630 anno
2748 577 2989 648 martyrii
3019 592 3270 634 coronam
3302 584 3492 651 capitis

1904 664 2311 721 obtruncatione
2342 668 2667 736 promeruit,
2707 677 2944 737 tempore
2977 669 3282 726 Maximiani
3328 674 3495 742 impe-

1904 756 2138 823 ratoris;
2179 772 2299 812 cum
2342 774 2447 827 quo
2490 760 2648 814 simul
2694 770 2748 816 et
2794 760 2880 815 alii
2930 762 3109 831 plures
3148 778 3213 818 ex
3260 764 3494 837 Aigypto

1905 847 2140 916 episcopi
2187 848 2537 916 trucidantur,
2568 850 2677 906 fere
2720 865 2839 905 cum
2871 852 3080 907 clericis
3106 863 3159 908 et
3187 854 3337 909 laicis
3368 873 3492 911 sex-

1906 939 2073 992 centis
2097 938 2391 1009 sexaginta.
2436 938 2531 994 llic
2559 941 2681 995 dum
2728 943 2778 995 in
2810 957 3025 997 carcere
3066 955 3390 1014 servaretur,
3439 954 3495 1001 et

1908 1031 2189 1086 universus
2235 1031 2463 1100 populus
2502 1032 2837 1087 Alexandria:
2883 1036 3029 1089 urbis
3073 1036 3214 1091 fores
3260 1038 3494 1092 carceris

1908 1125 2218 1178 observaret
2264 1138 2447 1178 amore
2493 1126 2656 1194 patris
2698 1127 2815 1194 sui,
2866 1128 3025 1182 Arius
3074 1128 3279 1196 infelix,
3332 1130 3419 1200 qui
3465 1144 3497 1186 a

1910 1213 2064 1267 beato
2105 1213 2260 1268 Petro
2289 1216 2781 1270 excommunicatus
2817 1226 2871 1271 et
2909 1219 3233 1289 degradatus
3278 1229 3499 1291 propter

1909 1308 2099 1375 dogma
2147 1307 2345 1362 erroris
2400 1309 2719 1377 habebatur,
2769 1312 2978 1380 cognita
3026 1314 3287 1369 sententia
3334 1313 3498 1368 Maxi-

1910 1400 2066 1454 tniani
2098 1400 2353 1455 adversus
2384 1397 2595 1455 beatum
2645 1401 2854 1456 Petrum
2880 1443 2896 1468 ,
2942 1403 3131 1459 festiue
3164 1405 3403 1474 pervenit
3429 1404 3497 1459 ad

1910 1492 2209 1558 ecclesiam,
2259 1494 2547 1550 obsecrans
2593 1500 2651 1545 ut
2698 1507 2795 1561 pro
2841 1508 2905 1547 eo
2948 1494 3123 1548 clerus
3172 1502 3223 1549 et
3269 1493 3497 1563 populus

1911 1586 2047 1655 apud
2078 1586 2388 1654 episcopum
2434 1585 2826 1654 intercederet,
2871 1596 3061 1654 putans
3098 1587 3238 1656 quod
3274 1595 3393 1656 post
3419 1586 3500 1641 di-

1913 1694 2147 1734 scessum
2191 1680 2317 1746 'ejus
2374 1679 2487 1747 ipse
2542 1679 2809 1735 levaretur
2855 1682 3159 1750 episcopus.
3212 1681 3500 1737 Venientes

1914 1770 2072 1840 igitur
2100 1772 2188 1839 qui
2222 1772 2455 1840 rogaturi
2486 1770 2723 1841 fuerant,
2752 1782 3033 1842 coeperunt
3064 1788 3158 1842 pro
3186 1772 3312 1828 Ario
3343 1773 3501 1829 beato

222 1858 649 1929 amphitheatro,
683 1871 1037 1915 concurrente
1065 1862 1209 1915 omni
1241 1861 1387 1916 turba
1422 1861 1807 1931 Romanorum,
1844 1844 1887 1904 Β
1917 1866 2165 1934 episcopo
2211 1864 2545 1933 supplicare;
2577 1866 2771 1936 quibus
2812 1877 3025 1921 sanctus
3068 1867 3348 1937 episcopus
3377 1882 3502 1922 cum

222 1952 422 2022 ligatus
452 1952 658 2006 duobus
688 1950 939 2019 ohjicitur
970 1952 1236 2009 leonibus.
1265 1954 1504 2022 Cumque
1540 1953 1649 2023 jam
1684 1970 1813 2024 pro-

216 2044 401 2115 iectus
449 2044 644 2098 bestias
697 2044 967 2117 rugientes
1015 2043 1260 2109 audiret,
1308 2044 1503 2099 ardore
1551 2046 1807 2113 patiendi,

222 2138 301 2191 ait
334 2153 349 2189 :
384 2135 495 2189 Viri
541 2134 765 2190 Romani
810 2136 900 2205 qui
944 2136 1044 2191 hoc
1087 2146 1357 2193 certamen
1398 2141 1671 2207 spectatis,
1707 2156 1811 2195 non

224 2228 345 2283 sine
389 2242 549 2283 causa
601 2227 860 2295 laboravi,
910 2230 1032 2296 quia
1080 2245 1185 2283 non
1236 2239 1452 2298 propter
1501 2232 1813 2301 pravitatem

226 2320 349 2375 haec
378 2320 569 2388 patior,
630 2319 722 2374 sed
772 2329 990 2389 propter
1020 2322 1269 2390 pietatem
1310 2322 1630 2379 frumentum
1663 2325 1817 2379 Chri-

226 2414 295 2466 sti
348 2426 492 2477 sum,
537 2411 787 2466 dentibus
835 2411 1128 2467 bestiarum
1180 2414 1369 2477 molar,
1417 2424 1474 2468 ut
1524 2416 1673 2483 panis
1723 2414 1818 2470 Dei

229 2502 465 2556 mundus
505 2501 767 2556 inveniar.
813 2502 939 2556 llaec
980 2504 1069 2556 illo
1111 2504 1343 2569 dicente,
1377 2516 1723 2560 accurrerunt
1750 2506 1818 2560 ad

227 2611 356 2651 eum
385 2594 589 2661 leones,
621 2606 672 2651 et
698 2609 768 2650 ex
801 2605 1026 2665 utraque
1056 2604 1205 2664 parte
1233 2612 1394 2665 super
1421 2613 1539 2651 etnn
1579 2598 1819 2652 inciden-

231 2699 335 2753 tes,
374 2688 799 2758 praefocaverunt
824 2704 945 2743 eum
981 2690 1371 2752 tantummodo,
1403 2700 1456 2744 et
1498 2705 1601 2745 non
1636 2691 1821 2761 tetige-

228 2790 359 2834 runt
391 2794 580 2833 carnes
610 2780 746 2847 ejus.
790 2779 919 2835 ltem
962 2779 1146 2835 Romae
1176 2782 1352 2836 natale
1389 2784 1557 2837 sancti
1587 2781 1823 2853 Chryso-

232 2873 359 2944 goni
410 2874 679 2942 martyris,
722 2872 812 2941 qui
864 2888 956 2940 per
1002 2872 1271 2927 biennium
1315 2874 1463 2943 jussu
1511 2873 1821 2929 Diocletiani

232 2962 513 3033 conjectus
544 2971 626 3018 est
652 2962 703 3016 in
728 2963 971 3027 vincula;
1006 2963 1093 3017 ubi
1126 2964 1284 3017 multa
1317 2979 1598 3033 perpessus
1625 2976 1821 3020 sanctae

234 3054 537 3108 Anastasize
566 3053 834 3108 alimoniis
866 3054 1165 3118 fovebatur,
1211 3054 1277 3108 ad
1321 3055 1563 3109 ultimum
1592 3056 1821 3112 decolla-

235 3155 322 3200 tus
362 3158 475 3213 est,
529 3156 583 3201 et
622 3146 674 3201 in
723 3162 869 3201 mare
911 3145 1200 3216 projectus.
1245 3146 1451 3217 Corpus
1483 3148 1599 3218 ejus
1642 3149 1819 3205 Zoilus

132 3236 147 3253 '
237 3252 407 3292 senex
438 3238 719 3309 presbyter
760 3240 1065 3305 inventum,
1109 3240 1340 3293 adunato
1369 3241 1541 3308 capite
1582 3242 1632 3295 in
1674 3241 1822 3295 cubi-

235 3328 362 3383 culo
406 3343 504 3383 suo
548 3329 850 3383 collocavit.
908 3330 973 3383 Et
1022 3331 1197 3384 natale
1244 3332 1414 3385 sancti
1461 3332 1819 3390 Crescentiani

240 3420 513 3490 martyris,
541 3421 641 3475 sub
673 3420 1040 3487 persecutione
1070 3420 1392 3475 Maximiani.

311 3508 378 3565 G.
422 3508 507 3564 VII
547 3508 682 3564 Kac.
723 3510 961 3565 Dscsun.
1005 3510 1189 3566 Natale
1216 3514 1383 3567 sancti
1418 3514 1557 3570 Petri
1591 3517 1815 3573 Alexan.

1848 3200 1895 3264 C

1916 1972 2107 2027 magno
2132 1958 2361 2025 suspirio
2392 1957 2667 2025 reSpondit
2693 1975 2705 2010 :
2740 1958 2871 2022 Quia
2896 1958 3006 2027 jam
3037 1958 3195 2013 Arius
3225 1958 3332 2013 Deo
3358 1972 3503 2013 mor-

1916 2057 2056 2112 tuus,
2088 2063 2116 2101 a
2150 2048 2282 2102 facie
2312 2048 2401 2102 Dei
2434 2048 2705 2117 proiectus
2732 2058 2896 2115 esset,
2929 2050 3049 2117 quia
3077 2050 3308 2119 graviter
3335 2050 3388 2104 in
3416 2064 3505 2105 es-

1914 2137 2083 2193 sentia
2115 2138 2339 2193 Deitatis
2367 2139 2789 2207 blasphemasset
2810 2182 2823 2205 ,
2856 2139 3220 2211 dogmatizans
3249 2140 3459 2195 Patrem
3484 2183 3499 2207 ,

1916 2235 1971 2285 et
1998 2228 2187 2282 Filium
2216 2242 2277 2283 ac
2300 2229 2551 2297 Spiritum
2580 2240 2819 2284 sanctum
2851 2245 2955 2284 non
2984 2244 3105 2285 esse
3132 2230 3286 2285 unius
3313 2244 3504 2285 essen-

1920 2323 2005 2378 tize
2041 2334 2095 2380 et
2139 2332 2361 2378 naturae.
2410 2323 2476 2377 Et
2507 2322 2915 2391 apprehendens
2959 2321 3094 2375 duos
3140 2321 3505 2391 presbyteros,

1919 2418 2280 2474 Alexandrum
2305 2426 2358 2472 et
2388 2416 2676 2481 Achillam,
2707 2416 2772 2469 de
2801 2415 2953 2469 turba
2985 2427 3226 2469 seorsum
3247 2454 3263 2479 ,
3296 2413 3371 2466 ait
3396 2412 3509 2467 illis

1919 2516 2125 2564 secrete
2153 2524 2168 2564 :
2201 2508 2309 2576 Ego
2336 2507 2547 2575 quidem
2577 2506 2678 2561 etsi
2721 2514 2968 2575 peccator
3006 2520 3152 2571 sum,
3187 2515 3363 2558 tamen
3396 2504 3509 2557 scio

1920 2615 2006 2656 me.
2031 2600 2312 2654 vocatione
2340 2598 2546 2652 ccelcsti
2578 2598 2641 2650 ad
2680 2597 2822 2650 hunc
2860 2610 3084 2665 agonem
3118 2594 3357 2665 martyrii
3386 2608 3509 2649 esse

1921 2700 2188 2746 vocatum.
2223 2690 2382 2744 Vobis
2409 2688 2567 2759 igitur
2596 2688 2854 2742 confiteor
2876 2687 3190 2757 mysterium
3221 2685 3338 2751 Dei,
3365 2685 3506 2753 quod

1921 2783 2050 2836 mihi
2092 2782 2383 2837 revelatum
2415 2788 2532 2846 est,
2565 2780 2683 2848 quia
2712 2793 2807 2832 vos
2834 2787 2955 2847 post
2984 2777 3295 2847 martyrium
3328 2790 3505 2829 meum

1921 2875 2103 2930 sedem
2134 2883 2187 2929 et
2216 2874 2577 2941 episcopatum
2620 2885 2797 2925 meum
2827 2866 3164 2923 consecuturi
3194 2866 3346 2934 estis,
3373 2875 3426 2920 et
3456 2876 3508 2919 tu

1922 2965 2138 3035 quidem
2171 2966 2371 3033 primus
2415 2962 2620 3017 Achilla
2646 3003 2660 3027 ,
2702 2969 2821 3031 post
2864 2968 2915 3014 te
2944 2973 3069 3014 vero
3100 2956 3416 3011 Alexander.
3454 2955 3507 3009 In

1925 3058 2022 3111 hac
2073 3056 2199 3110 hora
2250 3054 2440 3120 noctis,
2487 3062 2545 3108 ut
2575 3052 2727 3106 vobis
2759 3061 2923 3105 totum
2970 3049 3039 3104 de
3082 3047 3210 3103 Ario
3249 3047 3507 3116 aperiam,

1923 3166 2044 3206 cum
2072 3151 2296 3205 solemni
2325 3146 2711 3204 consuetudine
2738 3146 2846 3200 Deo
2869 3142 3187 3198 sacrificium
3211 3140 3508 3194 orationum

1926 3260 2379 3301 consummassem
2400 3288 2414 3310 ,
2446 3259 2573 3299 ecce
2600 3243 2778 3296 subito
2806 3240 3051 3310 apparuit
3082 3237 3210 3292 mihi
3243 3238 3292 3291 in
3327 3236 3510 3290 habitu

1928 3340 2077 3409 pueri
2114 3336 2357 3392 Christus
2386 3335 2646 3390 Dominus
2676 3348 2854 3397 meus;
2898 3331 2963 3385 ad
2992 3331 3141 3398 cujus
3173 3328 3509 3396 praesentiain

1927 3432 2213 3502 splendore
2253 3428 2415 3485 nimio
2459 3429 2774 3491 illustratus,
2819 3424 3021 3478 vultum
3063 3422 3359 3490 majestatis
3396 3421 3513 3486 ejus

1930 3538 2033 3577 non
2064 3522 2303 3577 valebam
2350 3520 2613 3590 aspicere.
2664 3518 2791 3570 Erat
2829 3524 3003 3571 autem
3050 3514 3264 3568 indutus
3303 3511 3513 3567 colobio

1475 3610 1701 3667 EDlTIl)
1743 3616 2255 3677 BOLLANDIANA.

319 3697 381 3750 ν.
412 3695 497 3760 C.,
523 3695 727 3751 Eodem
756 3695 842 3751 die
864 3696 921 3753 S.
954 3697 1252 3754 Eleutherii
1300 3710 1353 3753 ct
1384 3701 1619 3760 Maximi.
1674 3708 1738 3761 Et
1764 3711 1820 3764 S.

245 3765 485 3821 Flaviani
534 3767 771 3837 episcopi
818 3775 874 3822 et
915 3769 1259 3824 confessoris.
1310 3771 1376 3825 Et
1427 3776 1485 3827 ὃ.
1540 3776 1565 3804 ⁸
1594 3775 1823 3834 Romani

246 3838 567 3908 presbyteri.

315 3931 406 3987 ‘25.
436 3960 505 3971 —-
532 3930 622 3985 Vll
648 3930 779 3985 Kac.
806 3930 990 3987 Natale
1018 3930 1075 3987 S.
1099 3933 1127 3973 Ι)
1159 3932 1301 3988 Petri
1328 3935 1560 4005 episcopi
1596 3939 1825 3994 Alexan-

246 4024 386 4078 drini
413 4040 427 4087 ;
457 4024 689 4095 quicum
732 4034 874 4080 esset
901 4025 1147 4080 omnibus
1188 4026 1477 4082 adornatus
1509 4031 1822 4100 virtutibus,

249 4117 303 4170 in
333 4114 623 4185 Scripturis
646 4130 857 4187 quoque
879 4108 1073 4172 divinis
1099 4117 1294 4173 nullius
1322 4119 1557 4188 priorum
1581 4122 1825 4188 inferior,

1944 3727 2070 3767 vere
2099 3708 2351 3766 sacerdos
2377 3716 2429 3762 et
2458 3706 2627 3761 hostia
2662 3705 2790 3766 Deo,
2833 3703 3006 3759 subito
3036 3702 3239 3771 capitur
3263 3710 3421 3772 atque
3444 3714 3511 3756 ex

1930 3801 2201 3857 Maximini
2255 3808 2521 3867 praecepto
2584 3796 2756 3864 capite
2807 3797 3186 3860 obtruncatur;
3232 3808 3351 3848 cum
3405 3806 3512 3862 quo

1928 3890 2087 3946 simul
2112 3901 2162 3943 et
2189 3888 2279 3943 alii
2310 3889 2488 3957 plures
2517 3903 2581 3942 ex
2612 3887 2842 3957 Egypto
2865 3886 3211 3940 trucidantur.
3236 3885 3505 3953 Scriptum

1930 3984 1984 4039 in
2021 3982 2253 4037 llistoria
2277 3981 2507 4045 Eccles.,
2538 3980 2673 4033 libro
2705 3992 2871 4035 nono.

2005 4096 2066 4150 Β.
2098 4095 2159 4149 V.
2181 4095 2267 4159 C.,
2296 4094 2362 4149 Et
2384 4093 2441 4150 S.
2476 4099 2497 4126 π
2529 4092 2791 4150 (Iaterinae
2814 4089 2909 4163 [V.
2932 4087 3246 4161 Ecaterinm]
3271 4088 3509 4160 virginis.

1634 4214 1837 4270 SMITH
1875 4210 2102 4271 NOTAE.

326 4309 352 4338 ι
390 4298 631 4373 Romani.
686 4299 865 4373 Quem
896 4299 1151 4353 Martinus
1192 4302 1516 4357 Turonensis
1563 4306 1840 4373 cpisc0pus

251 4371 540 4439 sepultura:
567 4370 801 4425 locavit-
830 4372 921 4424 Est
950 4380 1126 4424 autem
1175 4376 1475 4440 sepulcrum
1525 4370 1641 4441 ejus
1671 4370 1842 4430 conti-

251 4457 411 4509 guum
446 4441 707 4494 Blaviensi
743 4441 962 4513 castello
992 4457 1151 4507 super
1180 4444 1323 4497 littus
1349 4445 1518 4498 amnis
1547 4446 1834 4501 Geronnzc.

253 4515 424 4566 (inec.
456 4512 655 4565 'l‘unox.
688 4513 754 4565 de
782 4512 930 4564 tilor.
958 4513 1186 4566 confess.
1211 4555 1225 4575 ,
1259 4529 1373 4580 cap.
1404 4515 1497 4568 46.
1546 4518 1618 4570 lbi
1650 4516 1835 4570 ctiam-

255 4599 382 4638 num
414 4582 602 4656 visitur
628 4582 839 4656 abbatia
890 4582 1202 4656 S._Boman_i
1253 4599 1409 4651 quam
1458 4588 1828 4656 Augustiniani

254 4654 497 4709 canonici
526 4654 794 4721 regulares
824 4652 1113 4720 possident.
1169 4654 1487 4721 Sigihertus,
1537 4652 1601 4710 ad
1635 4672 1829 4711 annum

1948 4303 2138 4357 stituit.
2166 4299 2358 4353 Passus
2379 4308 2459 4353 est
2478 4296 2547 4351 29
2575 4296 2775 4353 mensis
2799 4296 2985 4367 Athyr,
3020 4297 3107 4367 qui
3130 4296 3417 4366 respondet
3442 4295 3513 4350 25

1950 4374 2145 4426 mensis
2192 4369 2530 4437 Novembris,
2569 4384 2687 4421 cum
2714 4368 2785 4422 ‘26
2826 4371 2876 4421 in
2910 4368 3146 4422 Ecclesia
3179 4369 3363 4421 Latina
3390 4369 3509 4437 ejus

1945 4443 2201 4497 memoria
2234 4442 2533 4493 celebratur
2564 4444 2613 4492 in
2646 4440 3310 4511 RomanoMartyrologio.
3335 4440 3505 4494 Graeci

1919 4531 2031 4568 ~vitt
2078 4513 2194 4565 Kal.
2250 4511 2520 4571 Decemb.,
2568 4525 2757 4577 nempe
2783 4508 2854 4561 24
2880 4508 3178 4573 Nov.,eam
3220 4510 3511 4564 celebrant.

1940 4585 2164 4653 Coptatzc
2212 4583 2262 4635 in
2313 4581 2643 4653 Kalendario‘
2671 4596 2770 4635 suo
2798 4581 2875 4653 ad
2906 4579 2940 4632 Ξ).
2969 4581 3166 4653 mensis
3214 4581 3432 4653 Athyr,“
3460 4582 3509 4633 in

1937 4649 2253 4709 Sel'deniano
2293 4655 2357 4705 ad
2401 4650 2471 4703 25
2497 4650 2753 4719 ejusdem.
2797 4649 2989 4705 Eusee.
3036 4649 3345 4714 Resauoor.
3374 4650 3507 4704 Hist.

256 4726 384 4803 335,
414 4738 569 4803 quem
596 4720 943 4803 'pcnulthimum
978 4722 1209 4803 Gratiani
1236 4720 1370 4803 imp.
1402 4725 1565 4803 fuisse
1594 4728 1741 4793 dicit,
1772 4744 1834 4783 ac
1865 4727 1916 4787 D
1941 4726 2357 4803 patriarcharum
2387 4722 2644 4777 Alexand.
2674 4722 2897 4776 Jacobit.
2933 4724 3143 4784 Essem,
3173 4720 3319 4775 Eccl.
3369 4721 3503 4775 Hist.

259 4796 483 4859 proinde
508 4808 700 4846 annum
732 4792 837 4846 582
858 4838 871 4861 ,
905 4794 1017 4847 haec
1047 4794 1240 4849 habet:
1296 4813 1314 4846 t
1340 4797 1394 4850 ln
1424 4795 1591 4850 Gallia
1622 4792 1836 4853 sanettts

260 4862 531 4919 Romanu‘s
560 4864 849 4918 Blaviensis
880 4864 1029 4917 obiit.
1052 4882 1071 4916 ι

335 4937 360 4973 b
402 4932 565 4988 Petri.
625 4934 720 4987 Hic
760 4949 789 4987 a
822 4935 1040 4987 Theona
1085 4938 1334 5005 episcopo
1375 4938 1736 4994 Alexandrino
1765 4940 1829 4992 ad

257 5006 596 5057 diaconatum
620 5020 853 5073 moxque
877 5006 941 5058 ad
972 5008 1321 5060 sacerdotium
1354 5021 1627 5075 promotus
1648 5020 1751 5073 est,
1782 5021 1835 5064 et

260 5078 496 5148 'l‘heona
531 5086 737 5148 mortuo
779 5079 917 5130 circa
959 5092 1046 5130 an.
1091 5076 1214 5140 500,
1267 5078 1313 5130 ei
1370 5082 1419 5131 in
1466 5082 1831 5148 episcopatum

260 5145 541 5199 successit.
588 5146 686 5198 Per
714 5148 999 5200 triennium
1032 5148 1319 5199 Ecclesium
1348 5145 1831 5215 administraverat,

263 5232 388 5269 cum
416 5230 555 5269 anno
595 5216 699 5268 505
726 5218 985 5270 exarserit
1011 5217 1280 5271 dirissima
1312 5218 1620 5273 Diocletiani
1655 5236 1836 5287 perse-

263 5290 433 5355 cutio,
465 5288 513 5339 in
544 5302 647 5355 qua
676 5287 813 5340 inter
842 5289 975 5340 alios
1000 5290 1304 5342 innumeros
1331 5289 1517 5342 Petrus
1538 5293 1839 5358 apprehen-

264 5373 359 5410 sus
405 5368 519 5421 est;
583 5372 809 5427 cumque
855 5360 905 5411 id
953 5358 1260 5426 imperatori
1322 5360 1679 5425 significatum
1735 5370 1837 5425 est,

267 5431 537 5481 mandavit
565 5439 618 5480 ut
642 5431 687 5481 ei
720 5438 880 5495 caput
910 5430 1331 5483 ahscinderetur.
1365 5430 1629 5484 Achillam
1657 5439 1836 5483 autem

266 5514 389 5551 cum
416 5499 516 5552 sibi
540 5513 903 5552 successorem
945 5502 1296 5569 designasset,
1327 5517 1468 5553 anno
1492 5514 1631 5553 nono
1654 5515 1838 5569 perse-

266 5571 523 5632 cutionis,
556 5570 605 5622 id
653 5579 735 5641 est
766 5586 906 5624 anno
947 5572 1145 5625 Christi
1185 5573 1313 5633 5H,
1354 5572 1663 5641 martyrium
1704 5583 1831 5622 con-

267 5641 571 5693 summavit.
633 5639 727 5693 llic
762 5656 879 5694 cum
928 5644 1173 5696 scivissct
1218 5644 1397 5696 Arium
1437 5639 1530 5695 sua
1566 5644 1834 5710 impietate

272 5710 455 5763 turbas
484 5714 677 5780 ubique
700 5714 1047 5780 'excitantem,
1078 5728 1197 5767 cum
1229 5713 1473 5779 deposuit
1504 5722 1552 5765 ct
1596 5713 1834 5766 Ecclesia

269 5781 494 5861 pepulit,
524 5792 581 5841 et
610 5797 875 5856 nunquam
914 5785 976 5840 ad
1006 5784 1443 5863 communionem
1476 5782 1726 5865 Ecclesia;
1756 5799 1840 5841 re-

1948 4812 2039 4861 νιι,
2071 4795 2171 4859 39.;
2208 4810 2279 4857 lx,
2304 4795 2357 4846 ϋ.

2020 4840 2356 4917 scaenis:
2411 4862 2579 4917 Verba
2624 4862 2861 4924 Eusebii,
2894 4860 2984 4915 lib.
3016 4875 3131 4925 VIII,
3162 4874 3282 4929 cap.
3323 4862 3412 4926 ta,
3444 4840 3529 4915 de

1943 4937 2167 4989 muliere
2206 4934 2368 4987 nobili
2416 4935 2771 4988 Alexandrina
2809 4947 2965 5000 quam
3017 4932 3333 4985 Maximinus
3363 4948 3506 4985 ama-

1943 5007 2051 5067 bat,
2095 5021 2213 5073 quae.
2257 5005 2513 5057 Baronins
2542 5021 2681 5058 anno
2710 5003 2808 5058 507
2841 5001 3071 5073 expliCat
3105 5004 3171 5056 de
3219 5005 3510 5056 certamine

1942 5080 1999 5131 S.
2036 5072 2337 5129 Catharinze
2359 5076 2574 5143 virginis
2601 5086 2655 5129 et
2679 5072 2948 5143 martyris,
2980 5073 3047 5126 de
3066 5088 3128 5126 ea
3160 5074 3378 5141 intelligi
3404 5090 3507 5128 non

1944 5156 2182 5215 possunt,
2217 5142 2459 5211 alioquin
2500 5163 2559 5199 ea
2605 5142 2912 5215 martyrium
2958 5144 3057 5196 sub
3089 5144 3373 5197 Maximino
3404 5160 3509 5197 non

1945 5214 2396 5277 coimummasset,
2428 5216 2567 5284 quod
2600 5228 2773 5268 tamen
2825 5214 3078 5265 Barouius
3118 5225 3359 5268 astruere
3387 5230 3507 5267 cnn-

1944 5290 2132 5343 tendit.
2189 5288 2244 5341 S.
2276 5289 2574 5339 Calharinxe
2614 5293 2729 5337 acta
2759 5286 2894 5351 apud
2927 5284 3142 5338 Snrium
3172 5287 3236 5337 ad
3268 5286 3407 5338 diem
3436 5285 3507 5339 25

1941 5359 2259 5412 Novembris
2286 5358 2502 5409 tradunt
2541 5356 2707 5423 ipsam
2740 5353 3009 5409 Maximini
3051 5356 3202 5422 jussu
3250 5359 3501 5421 martyrio

1943 5430 2226 5491 affectam;
2285 5427 2475 5479 mulier
2527 5441 2652 5478 vero
2694 5426 2761 5478 de
2805 5439 2905 5493 qua
2958 5425 3192 5493 loquitur
3240 5426 3501 5481 Eusebius

1943 5498 2134 5552 exsilio
2182 5505 2383 5549 tantum
2426 5497 2643 5548 multata
2686 5506 2790 5550 cst.
2834 5496 2937 5551 Sed
2969 5511 3063 5549 nec
3092 5496 3203 5564 ipsa
3228 5513 3346 5565 quae
3372 5498 3510 5566 apud

1948 5570 2338 5634 Metaphrasten
2368 5576 2579 5619 exstant
2607 5565 2763 5631 Acta,
2796 5581 2892 5620 nec
2920 5582 3036 5635 qua:
3066 5566 3174 5620 Leo
3205 5565 3430 5620 Allatins
3460 5570 3513 5623 in

1940 5654 2031 5693 Sua
2060 5640 2127 5690 de
2150 5635 2484 5691 Simeonibus
2518 5636 2746 5689 Diatriba
2771 5639 2949 5699 refert,
2974 5637 3202 5704 legit-ima
3225 5648 3366 5704 sunt,
3392 5653 3512 5692 Clllll

1943 5714 1992 5763 in
2024 5709 2138 5761 istis
2169 5708 2375 5778 dicatur
2401 5721 2413 5756 :
2448 5723 2466 5757 ‹
2499 5710 2652 5760 Ληηο
2682 5708 2952 5776 trigesimo
2983 5711 3187 5777 quinto,
3212 5710 3509 5778 imperante

1945 5780 2109 5857 impio
2152 5792 2214 5837 ac
2255 5774 2518 5859 scelerato
2564 5774 2848 5847 Maxentio,
2890 5797 2908 5832 ι
2957 5774 3075 5856 quae
3106 5774 3323 5853 prorsus
3362 5781 3518 5840 fabu.
