4064 6346
673 297 816 358 1115

1386 299 1587 357 acea:
1629 297 2078 357 VENERABILIS
2111 256 2263 356 ore.
2301 294 2480 356 PARS
2513 296 2607 373 tv.
2645 325 2718 342 --
2742 297 3138 367 .HISTORICA.

3789 302 3928 362 H16

1947 395 2180 472 corno
2211 414 2681 474 cowareusrs.

668 509 833 568 nimis
872 507 1126 574 candido,
1177 507 1317 581 quod
1361 508 1692 563 conscissum
1741 522 1770 562 a
1817 522 2027 562 summo
2075 523 2240 576 usque
2266 512 2320 574 Α
2345 507 2484 562 beati
2513 507 2747 578 episcopi
2771 516 2824 563 et
2843 507 3118 578 martyris,
3148 505 3247 563 sub
3275 506 3545 562 Antonino
3571 506 3930 582 imperatore,

670 604 938 666 deorsum,
969 600 1222 656 ambabus
1248 602 1486 654 manibus
1514 601 1865 669 coniungebat
1886 602 2025 656 circa
2055 611 2239 670 pectus

667 708 855 757 suum,
912 693 1302 763 quodammodo
1354 692 1664 762 cooperiens
1717 693 2006 746 nuditatem
2065 707 2236 746 suam.

665 788 834 854 Quem
862 795 922 842 ut
951 787 1091 856 vidi,
1126 787 1316 842 timore
1346 785 1508 840 nimio
1538 795 1834 854 correptus,
1867 785 2077 839 tandem
2107 798 2239 839 con-

664 879 892 936 fortatus
920 881 1003 934 aio
1029 880 1094 935 ad
1125 894 1243 934 eum
1275 899 1287 935 :
1319 879 1453 948 Quid
1479 877 1598 934 est?
1641 877 1886 942 domine,
1917 877 2056 947 quod
2088 876 2241 932 video

667 974 895 1026 tunicam
929 981 1068 1027 tuam
1097 973 1316 1027 scissam
1345 987 1372 1026 a
1402 987 1609 1025 summo
1639 986 1804 1040 usque
1829 969 2115 1025 deorsum?
2141 969 2238 1035 Qui

663 1063 996 1132 respondens
1040 1063 1173 1117 dixit
1222 1062 1347 1117 mihi
1397 1081 1408 1116 :
1450 1063 1704 1129 Quotidie
1752 1063 1873 1116 inde
1924 1071 2135 1127 tractas,
2187 1071 2240 1115 et

664 1156 837 1212 nescis
875 1156 1143 1226 quomodo
1183 1157 1344 1210 scissa
1377 1167 1477 1210 est.
1510 1155 1668 1208 Arius
1699 1169 1926 1222 namque
1965 1153 2067 1207 hoc
2098 1153 2238 1218 fecit,

662 1249 752 1318 qui
781 1248 1052 1317 separavit
1081 1263 1109 1301 a
1142 1262 1228 1303 me
1271 1247 1520 1317 populum
1553 1247 1879 1302 bacreditatis
1907 1261 2061 1310 mea),
2095 1260 2240 1299 com-

661 1354 904 1410 paratum
947 1340 1203 1410 sanguine
1235 1355 1377 1396 meo.
1425 1338 1679 1408 Prmcipio
1721 1355 1882 1402 nunc,
1929 1346 1981 1392 et
2024 1351 2235 1402 moneo,

661 1447 731 1488 ne
759 1449 880 1488 eum
911 1433 1138 1502 recipias
1181 1433 1234 1487 in
1280 1432 1742 1497 communionem;
1795 1446 1888 1484 nec
1933 1429 2240 1500 rogantibus

659 1528 742 1583 bis
765 1529 853 1601 qui
883 1534 1086 1584 venturi
1115 1537 1238 1584 sunt
1265 1527 1330 1583 ad
1360 1535 1429 1594 te,
1454 1542 1584 1598 quos
1611 1528 1702 1588 ille
1727 1527 2003 1592 direxerit,
2030 1529 2237 1582 veniam

657 1622 709 1680 ei
746 1637 817 1678 ne
853 1632 1097 1692 praestes.
1146 1623 1272 1678 llaec
1312 1637 1432 1694 quae
1478 1622 1568 1678 tibi
1619 1621 1989 1687 manil‘estavi,
2033 1619 2240 1675 duobus

653 1713 982 1786 presbyteris
1023 1726 1078 1770 tu
1119 1724 1300 1771 notum
1339 1715 1524 1785 facias,
1569 1723 1626 1770 ut
1673 1714 1774 1784 ipsi
1825 1725 1943 1782 post
1987 1721 2067 1782 te,
2118 1728 2240 1768 eum

657 1810 1156 1868 anathematizando
1186 1811 1473 1883 abiiciant,
1512 1827 1582 1867 ne
1621 1812 1848 1884 populus
1888 1810 2028 1866 illius
2059 1825 2239 1866 errore

2343 605 2431 671 qui
2483 605 2622 658 inter
2665 603 2766 658 alia
2817 603 2951 658 facta
3003 601 3256 656 miracula
3305 611 3572 657 mortuum
3623 603 3923 658 suscitavit.
3980 670 3986 679 _

2341 695 2523 749 Romae
2553 694 2744 765 Syricii
2775 693 3009 763 episcOpi
3031 732 3048 760 ,
3079 701 3132 747 et
3165 693 3215 746 in
3245 689 3422 760 Capua
3451 691 3762 759 Nicanoris,
3796 692 3928 746 Cas-
3948 688 3988 765 5“;

2342 785 2475 839 siani
2527 793 2581 840 et
2625 783 2962 839 Felicissimi.
3017 783 3401 853 Augustuduno
3446 784 3718 853 depositio
3762 789 3928 839 sancti

2342 876 2610 931 Amatoris
2649 874 2908 944 episcopi.
2955 874 3013 929 ln
3051 874 3359 930 Nicomedia
3397 874 3541 930 beati
3583 874 3807 930 Marculi
3852 891 3928 929 sa-

2340 966 2572 1021 cerdotis
2599 975 2653 1022 et
2682 966 2950 1038 martyris,
2975 967 3063 1036 qui
3094 967 3421 1036 temporibus
3451 965 3766 1022 Constantis
3795 969 3930 1036 regis

2343 1059 2553 1128 tyranni
2604 1061 3002 1127 persecutiones
3045 1060 3304 1115 maximas
3352 1060 3589 1130 pertulit,
3635 1060 3706 1116 ad
3751 1070 3928 1116 extre-

2340 1168 2486 1208 mum
2514 1154 2581 1209 ab
2607 1155 2713 1208 alta
2742 1169 2873 1222 rupe
2903 1154 3265 1223 praecipitatus
3291 1162 3394 1209 est.

2416 1267 2473 1318 B.
2516 1265 2557 1316 V
2594 1255 2732 1320 Kac.
2775 1266 3012 1322 Ducena.
3053 1264 3238 1322 Natale
3280 1275 3588 1322 sanctorum
3637 1275 3928 1338 martyrum

2341 1354 2526 1410 Vitalis
2555 1366 2608 1410 et
2639 1356 2900 1426 Agricola:
2921 1398 2934 1422 ,
2969 1374 3056 1425 qut
3099 1357 3237 1425 apud
3277 1357 3574 1413 Bononiam
3607 1359 3803 1413 urbem
3835 1357 3930 1412 Ita-

2341 1447 2422 1501 lite
2469 1459 2584 1515 post
2625 1449 2727 1503 alia
2772 1457 3033 1504 tormenta
3076 1449 3262 1504 ultimo
3306 1448 3569 1516 crucrﬁxi,
3619 1451 3932 1520 martyrium

2341 1538 2745 1607 compleverunt
2787 1557 2799 1591 :
2845 1554 3072 1610 quorum
3121 1554 3342 1608 corpora
3391 1542 3772 1607 postmodum,
3822 1557 3930 1596 cum

2341 1640 2521 1682 essent
2571 1629 2745 1699 posita
2793 1629 2932 1685 inter
2980 1629 3225 1700 sepulcra
3273 1629 3596 1696 Judaeorum,
3641 1640 3702 1687 et
3748 1634 3933 1701 populo

2341 1719 2640 1777 Christiano
2669 1736 2887 1792 prorsus
2919 1722 3208 1791 incognita,
3244 1722 3427 1778 beatus
3451 1722 3781 1777 Ambrosius
3809 1723 3930 1792 ipsis

2343 1815 2540 1868 sanctis
2571 1813 2889 1883 martyribus
2920 1813 3282 1868 revolantibus
3302 1855 3314 1875 ,
3354 1816 3493 1882 apud
3538 1813 3930 1868 Bononiesem

657 1901 972 1971 decipiatur.
1021 1903 1423 1964 Exhortationis
1478 1902 1640 1974 igitur
1683 1918 1987 1960 sermonem
2035 1904 2111 1959 eis
2163 1902 2238 1957 fa-
2269 1880 2611 1959 Bcivitatem
2659 1905 2892 1974 reperit,
2941 1919 3168 1976 quaeque
3217 1914 3482 1962 exstructa
3533 1908 3772 1962 ecclesia
3821 1924 3932 1964 cum

653 1992 826 2058 .ciens,
868 2000 929 2049 et
976 1993 1029 2048 in
1073 1994 1348 2049 catholicre
1397 1995 1520 2050 ﬁdei
1569 1994 1772 2050 unitate
1821 2003 1879 2050 ut
1926 1997 2237 2061 manerent‘,

655 2085 1038 2142 commendans
1063 2100 1157 2142 eos
1199 2086 1448 2154 Domino,
1479 2086 1531 2142 in
1558 2101 1716 2158 quem
1747 2085 2124 2152 crediderant,
2160 2085 2241 2139 di-

648 2177 801 2239 misit
830 2181 884 2234 in
932 2194 1080 2251 pace.
1131 2181 1330 2244 Eodem
1375 2182 1460 2238 die
1505 2181 1684 2252 passio
1712 2191 1911 2238 sanctae
1939 2181 2240 2238 Catharinze

655 2271 874 2341 virginis
903 2281 956 2328 et
983 2274 1232 2344 martyris
1259 2274 1486 2339 Christi,
1515 2283 1570 2336 et
1597 2275 1843 2332 aliorum.

721 2364 791 2422 Δ.
833 2365 898 2420 Vl
934 2367 1069 2424 Kac.
1113 2370 1350 2426 Ducena.
1391 2368 1574 2426 Natale
1602 2369 1773 2425 sancti
1805 2367 1922 2424 Lini
1950 2382 2120 2438 papae,
2150 2369 2238 2438 qui

649 2465 776 2527 post
800 2461 1098 2530 apostolum
1129 2462 1342 2520 Petrum
1386 2462 1591 2534 primus
1620 2462 1916 2520 Romanam
1947 2461 2237 2517 Ecclesiam

659 2552 830 2610 tenuit
855 2568 1025 2611 annos
1054 2555 1357 2627 duodecim,
1385 2570 1602 2614 menses
1635 2566 1765 2623 tres,
1791 2554 1905 2611 dies
1935 2552 2235 2610 duodecim.

646 2639 751 2698 Hic
780 2658 846 2699 ex
887 2657 1155 2716 praecepto
1195 2647 1336 2706 beati
1379 2650 1524 2705 Petri
1553 2647 1832 2706 constituit
1862 2655 1917 2702 ut
1958 2646 2147 2704 mulier
2185 2647 2240 2702 iu

644 2732 930 2792 ecclesiam
958 2737 1132 2796 velato
1169 2739 1342 2810 capite
1371 2741 1649 2807 introiret,
1697 2749 1753 2798 et
1789 2740 2046 2810 martyrio
2077 2753 2236 2794 coro-

651 2833 837 2891 natus,
884 2832 1123 2898 sepultus
1151 2841 1232 2888 est
1264 2833 1317 2887 in
1343 2832 1622 2889 Vaticano.
1667 2831 1824 2901 Apud
1857 2830 2233 2888 Alexandriam

649 2917 825 2972 natale
869 2929 1175 2978 sanctorum
1225 2935 1541 2996 martyrum,
1583 2923 1768 2980 Fausti
1811 2923 2130 2994 presbyteri,
2181 2931 2236 2979 et

647 3007 765 3076 Dii,
797 3019 848 3064 et
878 3012 1176 3081 Ammonii,
1207 3016 1296 3085 qui
1325 3031 1445 3072 cum
1472 3017 1630 3072 beato
1659 3016 1820 3072 Petro
1844 3014 2085 3086 eiusdem
2115 3014 2228 3084 epi-

2344 2010 2535 2066 magua
2568 1994 2802 2049 ﬁdelium
2837 1993 3024 2050 laetitia
3055 2003 3111 2050 et
3138 1995 3436 2051 dmmonum
3469 1996 3651 2066 poenis
3681 1998 3932 2053 conﬁten-

2342 2092 2471 2145 tium
2501 2088 2688 2143 merita
2718 2096 3036 2158 martyrum,
3065 2086 3164 2142 sub
3183 2085 3350 2143 altare
3376 2087 3652 2156 deposuit.
3686 2086 3747 2144 In
3772 2089 3933 2144 Gallia

2341 2179 2553 2235 civitate
2583 2177 2844 2248 Regensi,
2877 2179 3054 2232 natale
3097 2180 3269 2234 sancti
3301 2178 3513 2234 Maximi
3543 2180 3821 2250 episcopi,
3853 2183 3935 2250 qui

2343 2273 2594 2344 primaeva
2645 2281 2802 2326 :etate
2846 2271 3104 2324 virtutum
3153 2271 3389 2326 omnium
3437 2274 3608 2341 gratia
3657 2273 3933 2342 praeditus,

2341 2365 2568 2434 primum
2602 2361 2918 2417 Liriniensis
2947 2360 3180 2416 cmnobii
3221 2361 3399 2428 Pater,
3439 2361 3634 2416 deinde
3671 2362 3937 2433 Regensis

2341 2453 2597 2508 Ecclesiae
2627 2452 2927 2520 episcopus,
2961 2451 3126 2522 signis
3153 2461 3206 2506 et
3236 2450 3491 2520 prodigiis
3520 2452 3754 2523 inclytus
3802 2454 3934 2507 exti—

2343 2548 2426 2602 tit.
2459 2544 2700 2616 Denique
2737 2545 2876 2601 inter
2905 2545 3009 2599 alia
3046 2553 3196 2615 gesta
3227 2545 3509 2614 magniﬁca
3550 2553 3668 2599 tres
3697 2553 3932 2600 mortuos

2342 2638 2547 2706 vivens,
2579 2653 2740 2693 unum
2772 2646 2937 2707 tactu,
2968 2651 3073 2707 quo
3105 2637 3170 2692 ad
3201 2637 3502 2705 sepulcrum
3533 2636 3838 2694 vehebatur
3857 2638 3930 2692 lo-

2339 2734 2482 2802 culi,
2515 2742 2782 2787 mortuum
2814 2731 3115 2788 suscitavit.
3158 2729 3213 2785 In
3242 2730 3549 2786 Nicomedia
3585 2731 3771 2787 natale
3799 2731 3927 2787 Mar-

2337 2827 2478 2894 celli,
2509 2825 2688 2893 Petri,
2719 2825 2960 2890 Numeri,
2993 2823 3265 2891 Hierenae,
3296 2833 3351 2880 et
3379 2823 3587 2880 Melosi.
3624 2825 3699 2881 Et
3724 2824 3926 2896 deposi-

2339 2919 2410 2982 tio
2440 2918 2616 2987 Uptati
2648 2917 2903 2987 episcopi.

2403 3007 2464 3064 C.
2494 3008 2558 3063 lV
2593 3008 2833 3063 KALEND.
2887 3008 3125 3063 Dcccue.
3151 3035 3219 3048 —
3243 3006 3430 3062 Natale
3476 3010 3659 3066 sancti
3705 3009 3923 3068 Sostbe—

638 3113 811 3170 scopo
846 3100 1070 3172 iubente
1096 3106 1417 3166 Maximiano
1457 3106 1704 3166 trucidati
1732 3114 1877 3164 sunt.
1908 3105 2113 3162 Eodem
2145 3105 2235 3161 die
2265 3092 2313 3157 C
2344 3117 2460 3168 nes,
2488 3100 2739 3172 discipuli
2761 3101 3132 3171 apostolorum
3163 3111 3216 3156 et
3237 3100 3538 3172 Trepbimi,
3567 3101 3642 3160 de
3665 3117 3774 3174 quo
3799 3105 3920 3160 scri-

1927 3198 2158 3255 EDlTIO
2195 3192 2700 3254 BOLLANDlANA.

647 3289 712 3362 ᾼ.
740 3287 802 3344 Τ.
837 3289 928 3362 L.,
946 3289 1156 3362 Eodem
1201 3291 1290 3348 die
1325 3293 1508 3362 passio
1547 3291 1606 3350 S.
1637 3291 1923 3352 Galerium.
1970 3292 2058 3361 B.,
2090 3289 2231 3346 Alibi

649 3356 888 3430 Luciani,
915 3361 1184 3430 Marciani,
1212 3356 1510 3418 Claudiani.

715 3428 804 3482 ‘26.
839 3460 906 3472 --
938 3431 1002 3484 Vl
1033 3428 1171 3488 ΚΑΙ..
1207 3433 1372 3488 Vacat
1399 3433 1576 3488 Baeda.

721 3499 808 3564 D.,
852 3501 1090 3574 Romae“
1122 3504 1238 3574 Lini
1281 3519 1450 3572 νίψω,
1477 3515 1533 3559 et
1557 3505 1848 3561 Alexandri
1889 3501 2148 3574 episcopi
2175 3511 2230 3558 et

649 3571 900 3643 martyris
924 3573 1060 3636 passi
1087 3588 1136 3625 XI
1163 3571 1563 3637 Kal.'Octobris,
1583 3591 1609 3628 a
1639 3591 1769 3643 papa
1790 3571 2020 3630 Damaso
2041 3572 2226 3629 vtKal.

647 3638 957 3710 Decembris
977 3643 1236 3709 translati,
1253 3644 1464 3710 quando
1483 3638 1819 3700 festivitatem
1843 3643 2058 3700 dicavit.
2086 3644 2143 3697 Β.
2161 3643 2223 3697 C.

647 3709 708 3784 _V.
729 3714 788 3784 A.
811 3711 873 3765 Τ.
899 3712 984 3784 L.,
1012 3712 1194 3768 Romae
1221 3717 1316 3771 SS.
1337 3715 1555 3770 bSiricii
1578 3718 1807 3784 episcopi
1842 3725 1896 3772 et
1922 3713 2216 3770 Saturnini.

645 3781 702 3855 l_n
728 3781 966 3855 Aquileia
994 3789 1012 3813 ε
1047 3785 1311 3840 Valeriani
1339 3788 1572 3855 episcOpi
1603 3781 1658 3843 et
1678 3781 2024 3842 confessoris.
2061 3786 2122 3840 Β.
2151 3786 2215 3839 Α.

645 3850 707 3907 Τ.
737 3853 822 3919 L.,
849 3856 1215 3925 Augustiduno
1245 3850 1507 3928 depositio
1526 3850 1595 3916 's.
1623 3859 1895 3914 Amatoris
1922 3857 2182 3928 episcopi.

710 3945 799 3997 27.
823 3974 895 3986 --
925 3946 966 4000 V
991 3946 1130 4002 ΚΑι..
1165 3947 1328 4006 Vacat
1345 3950 1526 4008 Baeda.

716 4015 779 4068 ν.
813 4016 894 4079 0.,
929 4017 982 4071 ln
1014 4020 1318 4084 Nicomedia
1361 4021 1618 4086 Marcelli,
1650 4021 1814 4086 Petri,
1857 4020 2099 4084 Serenze.
2130 4018 2222 4076 Vi-

639 4087 832 4141 ctorini
862 4086 973 4159 [C.,
1005 4089 1324 4163 Lueterinij.
1354 4090 1419 4147 V.
1442 4093 1502 4148 Ο.
1533 4093 1619 4160 1).,
1647 4092 1709 4148 ἰιι
1735 4092 1953 4148 civitate
1979 4091 2218 4148 Bononia

2340 3286 2605 3357 Agricola:
2631 3294 2684 3339 et
2709 3285 2897 3340 Vitalis
2923 3295 3239 3357 martyrum.
3270 3285 3334 3340 A.
3366 3285 3452 3352 L.,
3487 3285 3806 3344 Nicomedia
3835 3305 3920 3344 na-

2342 3356 2447 3414 tale
2471 3358 2570 3412 SS.
2601 3357 2761 3430 Petri,
2795 3357 3028 3430 Marcelli
3061 3356 3146 3430 ib.
3175 3373 3303 3430 om.,
3335 3357 3622 3430 Marcelli],
3647 3370 3700 3415 et
3725 3360 3915 3425 Seriui;

2341 3444 2581 3500 quorum
2613 3428 2747 3481 alter
2775 3443 2874 3495 pro
2919 3428 3022 3483 ﬁde
3063 3427 3280 3500 Christi
3311 3427 3626 3500 cruciﬁxus,
3661 3431 3798 3485 alter
3823 3432 3913 3486 fuit

2327 3499 2503 3568 capite
2537 3499 2740 3566 plexos.
2774 3500 2990 3554 Rectius
3016 3508 3070 3554 et
3097 3499 3352 3566 integrius
3383 3500 3445 3553 Τ.
3477 3499 3564 3563 8.,
3615 3501 3913 3555 Nicomedia

2334 3573 2508 3628 natale
2539 3571 2636 3624 SS.
2673 3570 2926 3631 Marcelli,
2958 3569 3097 3622 Petri
3130 3583 3181 3623 et
3210 3571 3417 3626 Sereni.
3447 3571 3499 3623 In
3536 3571 3684 3624 Italia
3708 3573 3914 3627 civitate

2335 3642 2568 3697 Bononia
2597 3643 2776 3709 passio
2799 3641 2892 3712 SS.
2923 3640 3180 3712 Agricola)
3216 3651 3269 3694 et
3297 3641 3513 3712 Vitalis;
3541 3644 3719 3712 pergit
3746 3643 3806 3695 Τ.
3835 3658 3918 3696 so-

2325 3714 2432 3769 lum
2463 3731 2473 3765 :
2499 3713 2736 3778 Quor-um
2786 3711 2920 3764 alter
2960 3711 3058 3764 fuit
3097 3726 3195 3777 pro
3237 3712 3344 3766 ﬁde
3370 3710 3574 3765 Christi
3602 3710 3911 3778 cruciﬁxus,

2323 3787 2461 3839 alter
2476 3783 2646 3850 capite
2666 3781 2876 3849 plexos.
2891 3783 2952 3835 -ln
2971 3782 3269 3837 Mediolano
3282 3783 3458 3837 nata-le
3473 3782 3722 3852 Joannis,
3738 3784 3915 3840 Severi

2331 3866 2491 3924 atque
2518 3852 2978 3924 Andreaeulidem
3012 3853 3271 3924 habentur
3319 3853 3370 3907 in
3401 3853 3464 3907 L.
3497 3853 3910 3924 Sedperperam

2334 3920 2659 4008 praiponitur
2706 3939 2719 3975 :
2765 3920 2995 3980 Civitate
3025 3923 3263 3981 Bononia
3291 3926 3468 3995 passio
3499 3920 3767 3996 Δμὶὸοιέ
3807 3928 3912 3984 vir-

2328 4013 2488 4068 ginis.

2397 4089 2487 4146 28.
2519 4119 2586 4128 —
2618 4085 2684 4145 lV
2714 4085 2848 4144 KAL.
2879 4085 3045 4144 Vacat
3069 4085 3246 4154 Baeda.

2055 4179 2262 4240 SMITH
2301 4178 2532 4236 NOTAE.

642 4270 776 4324 losa.
795 4270 1223 4354 Papebrochius,
1237 4277 1288 4331 in
1315 4275 1759 4354 Ephemeridibus
1783 4275 2216 4354 Gragco-Moscis.

638 4345 971 4422 quasprioii-
1009 4348 1755 4422 tomosauctorummensis
1801 4351 1924 4422 Maii
1971 4347 2213 4417 praeﬁxit,

640 4413 705 4464 ad
734 4413 872 4467 diem
903 4413 973 4468 25
993 4417 1198 4471 mensis
1246 4419 1562 4474 Novembris
1611 4421 1684 4476 ait
1719 4439 1730 4474 :
1771 4439 1792 4473 ι
1830 4413 2218 4475 llaacaterinam

633 4481 832 4550 :Graeci,
857 4483 1028 4538 Latini
1047 4488 1388 4561 Battiarinam
1409 4491 1698 4560 appellant.
1715 4492 1845 4547 Acta
1875 4492 2012 4561 apud
2041 4498 2218 4545 utros-

641 4569 745 4636 que
791 4563 1046 4636 quantum
1097 4559 1294 4636 habent
1345 4559 1810 4636 admirabilitatis,
1863 4559 2213 4636 ta‘ntouetiam

641 4625 758 4696 plus
805 4626 1140 4681 difﬁcultatis
1185 4631 1462 4696 patiuntur
1510 4631 1575 4686 ad
1629 4625 1967 4688 obtinendam
2028 4632 2207 4686 ﬁdem.

636 4695 814 4768 Nihilo
855 4696 1020 4752 levior
1048 4695 1300 4768 obiicitur
1327 4703 1571 4756 molestia
1602 4705 1742 4758 circa
1785 4704 1920 4758 sacri
1968 4702 2210 4768 corporis

2332 4271 2485 4328 Notis
2515 4271 2580 4328 ad
2613 4270 3045 4343 Martyrologium
3098 4271 3155 4329 S.
3203 4273 3532 4343 Hieronymi,
3564 4277 3632 4332 ad
3663 4277 3805 4334 diem
3843 4280 3910 4334 ‘26

2329 4344 2585 4398 Novemb.
2635 4341 2964 4410 memoratis,
3015 4343 3130 4412 eius
3169 4341 3432 4408 depositio
3487 4348 3803 4405 inscribitur
3845 4353 3910 4407 ad

2330 4430 2419 4469 vni
2449 4413 2677 4469 Kalend.
2719 4413 2920 4479 Martii;
2955 4413 3078 4468 etin
3106 4414 3360 4482 Catalogo
3390 4421 3556 4472 veteri
3587 4434 3619 4474 a
3653 4420 3907 4479 Bollando

2327 4486 2492 4547 edita,
2525 4495 2670 4540 tomo
2707 4482 2909 4552 IApr.,
2937 4485 3126 4540 dicitur
3148 4487 3387 4554 sepultus
3413 4502 3481 4542 vtt
3505 4488 3732 4546 Kalend.
3767 4493 3908 4546 Mar-

2328 4558 2402 4628 tii.
2439 4555 2636 4612 Verum
2669 4565 2894 4628 uterque
2923 4555 3047 4628 dies,
3067 4556 3132 4610 ad
3162 4557 3392 4628 aliquam
3436 4558 3495 4617 S.
3525 4559 3703 4616 Siricii
3730 4571 3903 4618 trans-

2318 4627 2574 4683 lationem
2604 4628 2776 4696 potius
2803 4626 3118 4681 rel'erendns
3149 4626 3264 4683 est.
3765 4680 3778 4684 _

2390 4703 2412 4731 ε
2467 4697 2752 4770 Valeriani.
2787 4697 2884 4753 Hic
2911 4696 3158 4770 interluit
3181 4699 3385 4770 synodo
3413 4713 3555 4756 anno
3581 4701 3690 4758 570
3713 4703 3909 4760 habita:

636 4766 965 4846 admontcm
995 4766 1157 4846 Sina‘i
1175 4773 1595 4846 translationem,
1629 4775 2035 4830 indubitabilem
2061 4766 2210 4846 illam

636 4837 848 4906 quidem
877 4841 1053 4910 quoad
1075 4841 1451 4908 substantiam,
1483 4837 1776 4911 sed'quoad
1807 4853 2057 4901 auctores
2090 4845 2208 4910 eius

628 4921 697 4962 ac
720 4917 932 4978 tempus
963 4927 1214 4982 perqua
1256 4914 1557 4968 obscuram.
1599 4917 1712 4971 Hoc
1747 4925 1977 4980 certum,
2013 4917 2206 4971 nullam

631 4993 1014 5056 essesanetam
1044 4987 1196 5050 cuius
1233 4983 1374 5038 fama
1409 4986 1688 5056 cultusque
1722 4989 1902 5055 primis
1933 4997 2051 5055 post
2083 5001 2208 5052 per-

631 5051 922 5125 secutionis
947 5057 1159 5109 szeculis
1187 5056 1433 5125 ignotior,
1466 5051 1731 5112 celebrior
1755 5051 2207 5114 autem-aetatibus

638 5122 1025 5196 posterioribus
1055 5122 1232 5192 fuerit,
1283 5141 1386 5182 non
1417 5128 1588 5180 solum
1621 5131 1670 5181 in
1701 5130 1981 5196 Orientali,
2029 5129 2120 5183 sed
2154 5138 2207 5182 et

636 5195 690 5248 in
722 5193 1050 5268 occidentali
1080 5197 1338 5252 Ecclesia.
1371 5200 1425 5250 in
1458 5207 1644 5252 nostro
1684 5200 1861 5268 Belgio
1888 5193 2024 5254 haud
2055 5198 2208 5254 facile

634 5266 883 5341 reperias
918 5267 1336 5341 ullam‘urbem,
1371 5284 1436 5324 ac
1481 5285 1547 5324 ne
1585 5266 1836 5339 oppidum
1877 5271 2091 5341 quidem
2125 5269 2205 5324 vel

635 5337 978 5404 municipium
999 5379 1015 5404 ,
1059 5339 1149 5394 ubi
1174 5341 1294 5395 hac
1320 5351 1502 5398 sancta
1533 5337 1639 5397 non
1661 5337 1861 5397 habeat
1889 5337 1974 5397 vel
2011 5342 2200 5407 altare,

633 5410 713 5460 vel
743 5408 1018 5476 templum,
1047 5421 1152 5465 etc.
1192 5430 1212 5464 ι

707 5479 732 5560 ξ
762 5477 900 5560 limi.
921 5479 1009 5560 pe
1028 5484 1144 5560 hoc
1164 5484 1284 5540 vide
1309 5485 1575 5560 superius,
1607 5483 1677 5542 25
1704 5484 2057 5560 Septembris.

705 5541 734 5583 δ
775 5548 970 5605 δὲτὶεἰὶ.
1013 5551 1244 5611 Creatus
1290 5541 1623 5612 est'Siriciits
1655 5541 1808 5611 anno
1854 5555 1980 5619 585,
2028 5556 2205 5611 Mero-

633 5615 873 5702 baude."
902 5632 958 5677 et
988 5623 1236 5702 Saturnio
1262 5643 1404 5682 coss.
1437 5629 1896 5702 lt._i_lllarcellinus_.
1925 5615 2014 5702 qui
2043 5628 2202 5682 etiam

633 5689 748 5745 sedi
769 5690 904 5768 _eius
949 5695 1133 5749 tribuit
1162 5711 1328 5753 annos
1370 5715 1455 5753 xv.
1485 5698 1704 5754 Mortem
1736 5703 1792 5755 S.
1835 5689 2009 5754 Siriizii
2054 5714 2203 5768 papae.

632 5761 999 5838 consignatum
1026 5769 1320 5838 reperimus
1341 5772 1406 5824 ad
1427 5771 1565 5824 hunc
1589 5771 1760 5838 ipsum
1780 5771 1921 5826 diem
1947 5770 2000 5824 in
2023 5761 2203 5827 multis

635 5832 1058 5908 Martyrologiis;
1090 5832 1144 5898 in
1172 5840 1488 5912 quibusdam
1524 5832 1652 5901 vero
1686 5855 1719 5899 a
1758 5841 2115 5916 Florentinio,
2147 5845 2202 5902 in

2309 4767 2498 4844 130mm
2525 4769 2910 4844 episcoporum
2918 4839 2928 4844 _
2950 4783 3100 4844 cxut.
3131 4767 3366 4837 Quorum
3389 4773 3640 4842 synodica
3679 4778 3906 4844 epistola

2315 4839 2502 4896 Grzece
2525 4840 2670 4910 leges
2700 4840 2840 4915 apud
2862 4839 3290 4915 _Theo_doretum,
3325 4859 3382 4911 ιι,
3415 4839 3503 4915 l7,
3537 4852 3593 4898 et
3621 4839 3763 4915 apud
3804 4848 3904 4902 So-

2311 4927 2546 4985 zomenv
2580 4909 2704 4985 :th,
2735 4910 2828 4985 27.
2860 4909 3104 4966 Interfuit
3145 4914 3305 4985 etiam
3333 4909 3542 4983 synodo
3568 4909 3903 4985 Aquileiensi

2311 4997 2453 5038 anno
2496 4981 2598 5038 581
2629 4982 2912 5038 celebratae
2957 4991 3141 5036 contra
3169 4981 3472 5039 Palladium
3517 4997 3570 5040 et
3603 4981 3905 5044 S'ecumlia-

2309 5067 2438 5108 num
2469 5052 2768 5109 haereticos.
2803 5053 2898 5108 llic
2923 5051 3320 5119 Aquileiensem
3349 5057 3668 5123 Ecclesiam,
3701 5075 3730 5113 a
3761 5059 3898 5114 For-

2313 5124 2587 5194 tunatiano
2637 5125 3036 5194 praedecessore
3065 5139 3164 5180 suo
3198 5126 3593 5194 labefactatam,
3643 5132 3714 5184 ab
3755 5133 3905 5185 omni

2310 5192 2429 5270 labe
2456 5192 3006 5270 citissimepurgavit,
3035 5210 3265 5270 eamque
3293 5213 3428 5253 nova
3474 5192 3771 5270 propagine
3801 5217 3904 5270 op-

2310 5267 2563 5340 timorum
2604 5265 2922 5322 clericorum
2953 5265 3213 5340 totirrorbi
3241 5265 3591 5340 conspicuam
3641 5265 3901 5338 reddidit,

2307 5335 2382 5410 ita
2440 5347 2497 5410 ut
2546 5340 2902 5409 Hieronymus
2951 5339 3002 5391 in
3054 5339 3326 5410 Orientem
3381 5335 3768 5410 profecturus,
3833 5335 3900 5397 ad

2307 5408 2592 5482 fruendum
2622 5408 2819 5480 {eorum
2863 5408 3181 5482 consortio,
3209 5408 3480 5482 aliquanto
3531 5408 3777 5482 tempore
3825 5416 3900 5469 ibi

2306 5479 2636 5551 consederit,
2686 5483 2984 5548 meritoque
3030 5479 3118 5551 de,
3149 5481 3216 5535 iis
3265 5479 3316 5536 in
3357 5481 3623 5540 Chronico
3646 5479 3899 5541 dixerit:

2311 5568 2332 5604 ι
2368 5549 2737 5621 Aquileienses
2758 5551 2939 5607 clerici
2970 5549 3122 5617 quasi
3152 5552 3350 5608 chorus
3382 5555 3661 5612 beatorum
3693 5559 3899 5610 haben-

2306 5630 2412 5678 tur.
2449 5642 2468 5677 ι
2523 5624 2718 5679 llabuit
2758 5635 3123 5692 successorem
3157 5639 3307 5692 teque
3347 5638 3589 5682 sanctum
3635 5631 3900 5681 Chroma-

2306 5695 2460 5769 tium.
2497 5693 2997 5769 Meminitciusdem
3033 5691 3300 5769 Valeriani
3333 5694 3577 5769 Bullinus
3609 5700 3898 5769 presbyter

2306 5767 2688 5835 Aquileiensis,
2722 5766 2859 5821 libro
2887 5779 2905 5820 t
2935 5764 3135 5824 luvect.
3168 5765 3434 5829 Barouius
3473 5770 3529 5830 iu
3574 5767 3734 5830 Mart.
3761 5764 3894 5828 eum

2303 5836 2563 5911 postridie
2584 5836 2843 5898 celebrat.
