4064 6346
172 359 332 418 1117

1334 350 1524 413 SECT.
1564 352 1629 410 ll.
1670 379 1741 397 -ι
1778 350 2348 415 ωλκτγιιοωω.

3316 357 3459 417 H18

1464 472 1690 529 EDlTlO
1725 470 2191 531 COLONIENSIS.

166 568 255 625 bit
284 567 571 639 Apostolus
599 566 664 623 ad
686 564 1035 623 Timotheum
1059 581 1075 621 :
1096 564 1438 637 Trophimum
1481 578 1652 622 autem
1680 583 1766 620 re.
1794 570 1850 630 Α
1872 566 2132 633 stachius,
2162 566 2483 624 Cresconius
2504 573 2567 623 et
2612 563 3048 638 Crescenttanns,
3094 574 3149 625 et
3171 566 3349 639 Felix,
3395 577 3450 625 et

170 663 305 726 tiqui
329 661 591 728 inﬁrmum
638 658 834 714 Meteri.
866 658 965 713 llic
998 658 1065 714 ab
1114 658 1373 726 apostolis
1403 658 1589 713 Romae
1620 657 1765 713 ordi-

168 767 339 811 natus
369 757 675 825 episcopus,
719 754 925 823 primus
958 752 1021 808 ad
1052 752 1324 809 Arelatem
1356 752 1542 807 urbem
1578 752 1767 807 Gallia:

168 850 303 904 illuc
352 848 424 904 ob
465 847 666 902 Christi
718 846 1057 917 evangelium
1108 846 1515 917 praedicandum
1568 844 1766 899 missus

166 954 293 998 est:
326 956 394 998 ex
418 940 575 1011 cuius
609 940 784 1006 fonte,
815 948 877 994 ut
906 939 1098 995 beatus
1124 953 1255 1009 papa
1280 938 1523 992 Zosimus
1554 936 1764 1003 scribit,

164 1042 286 1088 tota
317 1030 491 1087 Gallia
524 1030 655 1087 ﬁdei
683 1031 829 1087 rivos
854 1032 1082 1101 accepit,
1112 1029 1201 1100 qui
1230 1031 1368 1101 apud
1398 1030 1647 1085 eamdem
1678 1046 1768 1084 ur-

164 1125 297 1180 bem
331 1125 385 1179 in
426 1139 556 1195 pace
584 1123 811 1194 quievit,
850 1124 1095 1192 Gregorii
1127 1138 1303 1194 papae,
1352 1123 1442 1193 qui
1493 1123 1634 1178 rexit
1666 1122 1765 1176 Ec-

166 1220 400 1275 clesiam
455 1234 624 1274 annos
671 1219 886 1274 decem.
937 1218 1035 1272 llic
1077 1218 1356 1272 constituit
1395 1218 1446 1271 in
1491 1232 1700 1271 eamne
1735 1232 1762 1270 a

168 1311 459 1367 sacerdote
512 1311 843 1366 dicendum':
877 1309 1112 1377 Quorum
1159 1309 1451 1363 solemnitas
1510 1309 1661 1362 hodie
1710 1308 1764 1361 in

168 1415 447 1478 conspectu
495 1414 598 1459 ture
650 1403 942 1473 Majestatis
994 1403 1296 1468 celebratur,
1353 1400 1568 1456 Domine
1622 1401 1759 1455 Deus

170 1505 370 1560 noster,
403 1504 506 1549 toto
548 1494 603 1547 in
645 1495 763 1548 orbe
810 1503 1077 1561 terrarum,
1124 1494 1252 1547 inter
1274 1510 1489 1563 quorum
1519 1509 1611 1546 nos
1640 1508 1762 1546 con-

167 1588 358 1654 sortia,
391 1595 445 1641 et
488 1598 703 1641 caetera.
732 1586 989 1657 Sepultus
1029 1594 1108 1640 est
1141 1586 1193 1641 in
1224 1586 1452 1641 ecclesia
1490 1584 1630 1640 beati
1660 1585 1762 1639 Pe-

171 1680 240 1735 tri
274 1680 526 1745 apostoli.
564 1678 764 1732 Eodem
795 1677 883 1732 die
930 1676 1101 1731 sancti
1142 1676 1262 1731 [luti
1296 1680 1566 1746 martyris,
1601 1690 1759 1745 quem

169 1770 438 1825 Dominus
470 1768 629 1825 Jcsus
674 1766 921 1823 Christus
971 1783 1090 1823 cum
1133 1769 1278 1823 omni
1311 1766 1475 1822 domo
1519 1782 1617 1821 sua
1664 1782 1761 1836 per

164 1858 587 1931 Chrysogonum
624 1869 919 1930 martyrem
950 1858 1192 1913 lucratus
1239 1869 1344 1927 est,
1376 1870 1429 1914 et
1459 1874 1582 1914 cum
1614 1858 1760 1913 omni

1876 661 2217 728 Hortulanus,
2248 670 2301 717 et
2329 661 2738 729 Florentianus,
2766 662 3000 718 damnati
3023 663 3215 719 exsilio
3236 678 3452 720 cursum

1872 755 1997 809 vita:
2027 769 2139 809 suae
2166 767 2697 811 consummaverunt.
2733 756 2954 811 Vienna
3007 757 3179 811 sancti
3218 755 3453 827 Philippi

1872 847 2117 916 ejusdem
2163 847 2316 902 urbis
2345 848 2608 919 episcopi.
2642 848 2697 903 ln
2745 848 2901 919 Syria
2943 847 3250 919 Trophimi,
3283 847 3460 904 Theo-

1872 939 1994 1005 doli,
2029 938 2289 1007 Expicati,
2317 940 2557 1011 Eruceri,
2592 940 2811 996 Eusebii
2853 948 2911 996 et
2950 940 3094 996 Julii.

1944 1033 2006 1087 D.
2036 1033 2101 1089 Ill
2129 1032 2266 1090 KAL.
2326 1033 2564 1088 DECEMB.
2592 1036 2869 1091 —Romae
2917 1036 3096 1091 natale
3146 1035 3318 1091 sancti
3357 1034 3457 1091 Sa-

1869 1126 2071 1180 turnini
2096 1126 2373 1196 martyris,
2399 1134 2455 1180 et
2474 1124 2705 1181 Sisinnii
2726 1127 2966 1197 diaconi,
2999 1129 3098 1184 sub
3118 1127 3459 1194 Maximiano,

1870 1229 1898 1269 a
1930 1231 2035 1285 quo
2062 1216 2238 1286 primo
2270 1217 2408 1272 inter
2440 1217 2581 1272 alios
2611 1234 2798 1274 servos
2835 1218 2928 1275 Dei
2968 1220 3229 1288 damnati,
3277 1219 3342 1273 ad
3385 1220 3460 1273 fo—

1864 1303 2119 1359 diendam
2150 1320 2397 1372 arenam,
2444 1307 2509 1361 ad
2540 1306 2814 1363 faciendas
2844 1309 3083 1365 thermas
3115 1309 3459 1373 Diocletiani,

1866 1395 2061 1450 deinde
2108 1395 2159 1451 in
2211 1412 2430 1453 carcere
2480 1398 2573 1453 diu
2626 1410 2756 1456 sunt
2805 1403 3227 1469 maeerati;ubi
3262 1402 3461 1456 multos

1868 1487 2093 1557 gentiles
2120 1487 2378 1543 docentes
2410 1489 2780 1561 baptizabant,
2816 1502 2874 1548 et
2896 1493 3077 1549 denuo
3108 1495 3313 1563 educti,
3340 1496 3456 1547 vin-

1866 1580 1938 1634 cti
1964 1581 2168 1635 catenis
2211 1596 2275 1636 ac
2328 1581 2485 1637 nudis
2520 1583 2744 1653 pedibus
2794 1594 2920 1641 ante
2966 1586 3280 1655 praefectum
3312 1586 3459 1641 urbis

1866 1673 2179 1729 Laodicium
2220 1674 2357 1745 jussi
2410 1685 2533 1731 sunt
2572 1676 2627 1731 itt
2676 1680 2913 1749 equuleo
2944 1679 3133 1745 levari,
3163 1689 3218 1735 et
3258 1678 3458 1733 attrahi

1864 1767 2069 1831 nervis,
2118 1776 2176 1823 et
2218 1766 2450 1823 fustibus
2516 1783 2579 1823 ac
2624 1769 3003 1840 scorpionibus
3051 1770 3206 1826 cmdi.
3252 1770 3456 1838 Quibus

1866 1861 2027 1914 etiam
2059 1862 2401 1931 postmodum
2450 1864 2697 1919 ﬂammas
2751 1865 2818 1920 ad
2849 1867 3018 1921 latera
3042 1865 3206 1936 jussit
3236 1862 3454 1935 apponi,

168 1953 337 2009 domo
384 1967 481 2007 sua
523 1951 890 2007 Diocletianus
916 1951 1167 2021 punitum
1197 1950 1417 2006 Christo
1465 1962 1755 2021 martyrem
1791 1955 1838 2015 B
1866 1963 1919 2006 et
1972 1954 2248 2022 depositos
2287 1955 2355 2011 de
2400 1958 2633 2026 equuleo
2680 1960 2855 2028 capite
2908 1962 3166 2016 truncari.
3220 1961 3456 2026 Quorum

166 2045 326 2099 fecit.
383 2044 537 2113 Apud
588 2042 823 2097 Africam
876 2044 1054 2098 natale
1104 2054 1415 2097 sanctorum
1460 2053 1757 2112 martyrum

165 2137 322 2207 Papii
356 2146 413 2191 et
444 2136 701 2190 Mansueti
730 2134 1129 2206 episcoporum,
1151 2134 1243 2205 qui
1272 2144 1515 2204 tempore
1546 2133 1759 2188 Vanda—

167 2228 291 2284 lica:
335 2227 729 2298 persecutionis
774 2226 873 2281 sub
925 2226 1220 2282 Genserico
1249 2240 1374 2295 rege
1408 2226 1633 2293 Ariano,
1664 2240 1760 2296 pro

169 2324 300 2379 ﬁdei
328 2322 605 2377 catholicae
636 2319 975 2386 defensione,
1002 2319 1361 2376 candentibus
1390 2319 1515 2375 ferri
1545 2318 1761 2374 laminis

170 2426 287 2472 toto
318 2430 546 2484 corpore
587 2414 782 2481 adusti,
813 2413 1108 2484 gloriosum
1155 2427 1383 2484 agonem
1414 2428 1759 2469 consumma-

164 2517 394 2565 verunt.
420 2507 544 2574 Quo
568 2508 627 2562 in
676 2516 925 2576 tempore
962 2506 1131 2562 etiam
1162 2505 1252 2560 alii
1292 2506 1470 2560 sancti
1494 2505 1758 2575 episcopi,

174 2603 230 2658 id
262 2612 366 2667 est,
399 2600 827 2668 Quodvultdeus,
856 2600 1295 2673 Carthaginensis
1322 2601 1614 2665 Valeanus,
1646 2599 1754 2659 Ur-

169 2696 371 2764 banus,
403 2695 686 2764 Crescens,
710 2702 763 2751 et
790 2695 882 2765 qui
922 2702 1144 2750 vocatur
1182 2692 1537 2758 llabetdenm,
1566 2700 1625 2747 et
1644 2691 1758 2745 Eu-

1864 2060 2095 2115 corpora
2143 2047 2403 2117 colligens
2450 2048 2657 2105 Trason
2710 2064 2830 2105 cum
2881 2049 3092 2107 Joanne
3141 2053 3459 2121 presbytero

1864 2138 2113 2204 sepelivit
2144 2139 2195 2193 in
2228 2140 2429 2210 praedio
2468 2156 2566 2197 suo
2596 2142 2678 2201 via
2721 2142 2948 2200 Salaria.
2978 2144 3135 2215 Apud
3164 2143 3452 2198 Tholosam

1867 2230 2043 2283 natale
2095 2231 2263 2284 sancti
2313 2230 2589 2287 Saturnini
2644 2232 2925 2304 episcopi,
2979 2236 3069 2303 qui
3121 2236 3457 2305 temporibus

1866 2322 2011 2377 Decii
2053 2323 2105 2375 in
2149 2320 2411 2392 Capitolio
2455 2323 2696 2394 ejusdem
2737 2326 2887 2381 urbis
2918 2335 3098 2383 tentus
3146 2342 3177 2381 a
3206 2328 3448 2398 paganis,

1868 2428 1932 2468 eo
1961 2412 2101 2483 quod
2130 2412 2197 2467 ad
2229 2415 2347 2481 ejus
2378 2415 2723 2484 praesentiam
2753 2431 2943 2473 omnes
2971 2418 3044 2472 dii
3073 2418 3311 2485 ipsorum
3356 2419 3461 2474 ob-

1824 2542 1829 2549 -
1864 2502 2164 2571 tnutelacti,
2207 2505 2416 2561 nullum
2460 2507 2897 2563 sacrificantibus
2924 2516 3153 2579 possent
3186 2509 3325 2565 dare
3370 2523 3459 2565 re-

1866 2612 2148 2665 sponsum,
2194 2606 2351 2653 tauro
2381 2598 2449 2654 ad
2480 2599 2754 2654 victimam
2798 2610 3101 2672 praaparato
3126 2601 3342 2657 funibus
3380 2616 3461 2657 re-

1866 2688 2061 2760 ligatus
2118 2696 2222 2745 est.
2254 2689 2373 2758 Quo
2414 2691 2787 2750 vehementius
2831 2695 3129 2763 stimulato,
3176 2710 3207 2749 a
3250 2708 3458 2750 summa

1426 2784 1662 2841 ΕῡΙΤΙΟ
1701 2782 2207 2841 BOLLANDIANA.

246 2877 342 2943 Β..
384 2878 410 2906 ⁸
456 2876 738 2933 Sosthenis
787 2875 1033 2945 discipuli
1075 2876 1466 2945 apostolorum.
1518 2876 1587 2932 Et
1636 2877 1753 2931 Rufi

174 2948 463 3020 martyris,
495 2964 615 3002 cum
649 2947 793 3001 omni
830 2948 990 3003 domo
1016 2962 1109 3002 sua
1144 2963 1239 3016 per
1284 2951 1313 2991 δ
1347 2948 1753 3018 Chrysogonum

174 3021 391 3072 Iucrati.
435 3019 610 3072 Africa
660 3027 680 3054 ε
722 3018 916 3072 Papirii
966 3028 1019 3072 et
1062 3019 1320 3072 Mansueti
1360 3022 1753 3072 enisconorttm.

174 3022 391 3076 Ittcrati.
435 3022 610 3073 Africa
660 3027 680 3054 ε
722 3022 916 3087 Papirii
966 3028 1019 3072 et
1062 3022 1320 3072 Mansueti
1360 3022 1753 3087 episcoporum.

174 3091 453 3167 B._C.'y.,
480 3090 540 3167 _l_n
572 3090 723 3160 Syria
756 3089 1054 3167 'l‘ropliitni,
1089 3089 1635 3167 Tlie‘odoli,___Ettoeri_i.
1686 3089 1757 3167 Et

168 3164 301 3217 alibi
334 3160 423 3235 [8.
462 3162 527 3235 ϐ.
573 3158 691 3235 oitt._
720 3168 780 3235 et
819 3158 981 3235 alibi],
1010 3159 1249 3235 Eusebii,
1290 3160 1554 3235 Julii._A._
1581 3159 1671 3235 L.,
1701 3161 1755 3235 in

124 3252 147 3277 ο
169 3229 470 3311 _Sy‘r_iaI_T.2
511 3234 605 3311 ln_
620 3230 798 3311 A'f_rica
835 3229 1022 3311 natale
1050 3229 1148 3285 SS.
1181 3232 1480 3301 ’l‘r0phitni,
1514 3232 1753 3299 Eusebii,

166 3299 321 3363 Julii.
355 3304 416 3359 Τ.
448 3302 537 3370 L.,
568 3302 635 3357 Et
663 3299 921 3355 Theodoti
955 3313 1270 3371 martyrum.

245 3393 340 3450 29.
370 3424 440 3435 -—-
484 3394 551 3449 ιιι
594 3392 728 3449 Kac.
762 3393 946 3448 Romae
977 3393 1035 3448 S.
1080 3394 1353 3449 Saturnini
1412 3395 1664 3467 martyris
1710 3404 1765 3451 et

174 3488 202 3529 ἀ
225 3486 422 3543 Setinis
464 3496 519 3541 et
546 3484 768 3541 Sisinnii
809 3484 1016 3539 diaconi
1044 3485 1145 3540 sub
1172 3484 1535 3541 Maximiano:
1574 3485 1624 3558 [a
1659 3503 1763 3559 quo

171 3582 353 3654 primo
384 3581 525 3637 inter
550 3580 687 3637 alios
731 3578 971 3634 damnati
1001 3579 1066 3636 ad
1100 3579 1403 3637 lodiettdam
1446 3597 1661 3637 arenam
1693 3582 1764 3637 ad

170 3675 446 3731 iaciendas
492 3673 731 3731 thermas
784 3673 1165 3744 Diocletianas,
1216 3674 1413 3732 deinde
1452 3677 1503 3731 in
1546 3690 1761 3732 carcere

101 3761 109 3768 ’
170 3771 262 3825 diu
294 3778 420 3825 sunt
448 3768 726 3824 macerati.
756 3767 857 3824 Ubi
900 3768 1095 3824 multos
1125 3769 1350 3839 gentiles
1379 3768 1636 3825 docentes
1662 3768 1761 3824 ba-

170 3862 487 3934 ptizabant;
537 3870 593 3916 et
640 3860 816 3916 denuo
858 3861 1059 3930 educti,
1099 3862 1261 3916 vincti
1290 3861 1491 3917 catenis
1522 3871 1577 3916 et
1602 3862 1760 3916 nudis

170 3954 398 4025 pedibus
428 3963 555 4010 ante
585 3954 890 4023 praalectum
924 3953 1081 4009 Urbis
1124 3952 1433 4009 Laodicium
1459 3952 1596 4022 jussi
1637 3960 1761 4007 sunt

166 4045 226 4101 in
268 4045 502 4115 equuleo
544 4044 718 4101 levari
765 4050 819 4100 et
848 4044 1067 4111 attrahi,
1112 4042 1292 4099 nervis
1338 4053 1391 4100 et
1429 4044 1657 4099 fustibus
1699 4058 1764 4098 ac

173 4138 557 4208 scorpionibus
597 4136 751 4202 credi,
784 4136 975 4206 quibus
1021 4137 1184 4193 etiam
1234 4132 1571 4209 pnstmodum
1602 4137 1763 4193 llam-

166 4247 299 4289 .mas
324 4232 389 4286 ad
416 4233 577 4286 latera
600 4230 763 4300 jussit
802 4231 1025 4301 apponi,
1058 4239 1113 4286 et
1138 4230 1414 4300 depositos
1442 4231 1508 4286 de
1538 4231 1763 4301 equuleo

173 4326 355 4395 capite
398 4333 419 4361 ε
476 4321 758 4396 truncari].
812 4327 1050 4390 Quorum
1093 4339 1321 4396 corpora
1374 4341 1497 4381 cum
1556 4324 1765 4381 Joanne

175 4416 497 4489 presbytero
542 4415 800 4485 colligens
838 4414 1083 4470 Tltrason
1116 4417 1199 4471 vir
1242 4416 1762 4484 Christianissimus,

175 4508 271 4578 qui
301 4508 370 4562 de
400 4506 736 4561 facultatibus
765 4506 875 4562 suis
914 4508 1237 4579 martyribus
1280 4511 1446 4564 multa
1497 4508 1767 4564 ministra-

175 4610 353 4665 verat,
402 4598 645 4669 sepelivit
692 4613 746 4653 tn
795 4597 993 4668 praedio
1038 4613 1136 4654 suo
1165 4600 1249 4654 via
1296 4599 1522 4656 Salaria.
1570 4600 1665 4656 llis
1710 4599 1764 4653 in

1868 2875 1887 2914 ῖ
1908 2875 2100 2947 Papias
2130 2884 2185 2933 et
2209 2875 2460 2946 Maurus;
2489 2876 2581 2948 qui
2606 2893 2729 2934 mox
2749 2879 3127 2949 comprehensi
3151 2894 3181 2935 a
3204 2878 3455 2937 Laodicio

1861 2979 1915 3027 et
1943 2986 2046 3024 non
2079 2970 2245 3027 multo
2272 2977 2393 3041 post
2418 2970 2676 3043 martyrio
2705 2971 2949 3028 coronati
2974 2979 3122 3027 sunt.
3170 2972 3443 3043 Scriptum

1858 3064 1912 3119 in
1937 3062 2112 3119 Gestis
2138 3063 2371 3123 Marcelli
2397 3078 2570 3136 νίψω.
2599 3064 2806 3125 Eodem
2827 3066 2915 3124 die
2937 3065 3113 3138 vigilia
3138 3067 3196 3125 S.
3220 3067 3451 3123 Andreae

1858 3157 2114 3226 apostoli.

1932 3270 2160 3325 Brevius
2180 3270 2243 3325 L.
2272 3287 2289 3343 ξ
2314 3270 2414 3338 Qui
2442 3279 2565 3340 post
2591 3287 2865 3329 carcerem
2889 3274 2943 3329 in
2964 3273 3248 3343 equuleum
3280 3273 3441 3331 levati

1865 3344 2052 3397 nervis
2082 3342 2294 3397 attracti
2320 3383 2337 3408 ,
2376 3344 2597 3401 tandem
2626 3346 2801 3416 capite
2845 3342 3077 3403 truncati
3120 3355 3286 3415 sunt;
3319 3362 3455 3419 quo-

1865 3428 1981 3469 rum
2005 3428 2253 3485 corpora,
2277 3423 2383 3470 etc.

1934 3527 2125 3584 Florus
2148 3528 2202 3584 in
2236 3530 2302 3585 Δ.
2343 3536 2397 3585 et
2422 3529 2489 3586 T.
2523 3548 2538 3583 :
2572 3529 2776 3586 Eodem
2807 3530 2892 3587 die
2914 3531 3098 3600 passio
3125 3531 3184 3589 S.
3218 3538 3244 3577 6
3277 3531 3450 3605 Chry-

1860 3622 2038 3677 santlti
2064 3628 2119 3676 et
2143 3620 2338 3687 Dariai,
2366 3636 2486 3676 eum
2518 3623 2791 3692 octoginta
2824 3623 3110 3690 militibus,
3135 3625 3222 3692 qui
3250 3640 3351 3693 per
3376 3625 3435 3681 S.

1854 3712 2220 3783 Chrysantum
2236 3712 2299 3766 ad
2318 3711 2476 3767 ﬁdem
2494 3713 2757 3781 conversi,
2778 3713 2999 3783 jubente
3013 3713 3333 3768 Numeriano
3356 3714 3449 3768 im-

1865 3816 2135 3875 peratore,
2161 3808 2362 3876 pariter
2384 3816 2507 3861 sunt
2527 3806 2819 3863 interfecti.
2846 3808 3176 3877 Chrysantus
3194 3817 3249 3863 et
3271 3809 3448 3875 Dat-ia,

1862 3908 1982 3972 post
2014 3899 2161 3969 plura
2190 3907 2477 3967 tormenta,
2508 3906 2633 3967 post
2656 3913 2924 3966 carceres,
2954 3899 3174 3964 bestias,
3205 3907 3258 3953 et
3280 3914 3451 3968 equu-

1864 3993 1977 4057 leus
2004 3994 2200 4064 pariter
2231 3992 2282 4047 in
2314 3990 2519 4048 foveant
2547 3991 2697 4047 missi
2727 3990 2989 4063 lapidibus
3023 3990 3201 4046 obruti
3234 3999 3381 4046 sunt.

1936 4112 2079 4168 Idem
2116 4111 2309 4167 Florus
2339 4110 2393 4165 in
2421 4110 2488 4166 Α.
2520 4108 2584 4165 Τ.
2622 4108 2684 4164 L.
2719 4126 2731 4162 :
2761 4108 2954 4163 Tolosa
2978 4107 3160 4179 passio
3201 4108 3256 4163 S.
3292 4107 3322 4145 ιι
3352 4108 3450 4164 Sa-

1860 4205 2066 4261 turnini
2113 4204 2375 4274 episcopi,
2404 4203 2494 4272 qui
2546 4211 2789 4271 tempore
2831 4200 3001 4268 Decii,
3050 4199 3359 4255 Germanici
3400 4207 3457 4255 et

1868 4298 2012 4354 Grati
2041 4306 2214 4353 tentus
2236 4313 2265 4351 a
2282 4310 2508 4366 .pagants
2533 4310 2596 4349 ac
2626 4304 2779 4349 tauro
2809 4293 3080 4363 alligatus,
3103 4293 3171 4347 de
3187 4292 3456 4362 Capitolio

1870 4393 2245 4463 principitatur.
2290 4388 2397 4445 Nec
2428 4404 2578 4443 mora
2610 4388 2750 4443 inter
2774 4388 2978 4457 primos
3002 4386 3301 4442 descensus
3330 4400 3457 4455 gra-

1868 4486 2029 4542 duum
2063 4485 2204 4539 illius
2233 4484 2405 4552 capite
2435 4480 2645 4547 colliso,
2687 4481 2910 4535 cerebro
2944 4493 3193 4545 excusso,
3241 4487 3293 4533 et
3338 4492 3459 4532 cor-

1866 4593 1997 4648 pore
2024 4576 2169 4632 omni
2201 4575 2561 4630 membrorum
2613 4583 2763 4641 parte
2791 4572 3047 4629 lacerato.
3094 4571 3306 4640 dignam
3340 4570 3449 4625 Deo

178 4696 366 4754 medio
428 4693 721 4749 certamine
772 4666 959 4761 positis
1008 4692 1351 4751 crediderunt
1394 4693 1499 4748 duo
1571 4691 1761 4745 milites

1878 4671 2107 4726 animam
2137 4668 2385 4725 Christus
2411 4666 2644 4737 excepit.

1541 4782 1746 4841 SMlTll
1787 4781 2019 4841 ΝΟΤᾸΞ.

252 4892 282 4922 ι
324 4880 607 4939 Sosthem's.
640 4878 737 4945 Qui
769 4876 867 4933 fuit
892 4878 960 4933 de
988 4895 1088 4935 ιιι
1110 4878 1405 4949 discipulis,
1435 4887 1489 4932 ct
1517 4892 1617 4932 una
1639 4892 1760 4931 cum

174 4957 346 5014 Paulo
376 4955 575 5007 litteras
618 4951 683 5003 ad
731 4950 1036 5006 Corinthios
1079 4953 1311 5017 scripsit.
1348 4951 1567 5014 Eussn.,
1614 4950 1753 5003 llist.

181 5028 333 5086 Eccl.
364 5040 402 5087 ι,
433 5020 519 5076 12.
565 5019 697 5075 Eum
736 5024 1044 5090 episcopum
1084 5022 1409 5088 Colophonis
1456 5021 1755 5074 ordinatum

174 5097 345 5155 tradit
374 5091 670 5148 Dorotheus
700 5093 752 5147 in
790 5094 1049 5164 Syttotisi;
1102 5094 1258 5163 idque
1287 5108 1352 5148 ex
1402 5092 1667 5162 Hippolyti
1700 5093 1761 5146 li-

176 5170 326 5227 bello
354 5165 420 5218 de
451 5179 550 5219 ιιι
581 5164 877 5231 discipulis.

270 5238 300 5276 δ
357 5235 762 5303 Chrysogonum.
816 5235 1004 5290 Petrus
1067 5237 1136 5290 de
1186 5234 1358 5289 Natal.
1422 5235 1582 5289 tradit
1634 5250 1753 5289 eum

175 5309 429 5376 exemplo
458 5308 518 5359 Β.
548 5305 849 5359 Sebastiani
882 5312 1127 5377 martyris
1147 5306 1213 5360 ad
1238 5308 1393 5359 tidem
1416 5307 1613 5360 Christi
1637 5321 1763 5361 con-

176 5395 419 5444 versum,
448 5388 502 5431 et
527 5391 648 5431 cum
674 5378 819 5431 omni
848 5378 1011 5434 domo
1030 5394 1130 5433 sua
1158 5394 1187 5431 a
1213 5377 1271 5433 S.
1304 5377 1593 5447 Polycarpo
1618 5393 1768 5446 pres-

177 5457 373 5527 bytero
396 5449 760 5527 baptizatum;
799 5450 853 5503 in
890 5452 1315 5527 veteribusvero
1339 5450 1463 5503 Mss.
1508 5448 1766 5527 Baronius

177 5520 370 5581 scribit
401 5523 541 5576 hunc
571 5534 675 5575 una
700 5535 821 5575 cum
844 5523 955 5577 suis
983 5538 1013 5577 a
1045 5523 1103 5579 S.
1127 5522 1474 5592 Chrysogono
1504 5523 1569 5575 ad
1604 5520 1769 5576 tidem

176 5609 523 5655 conversum.

257 5676 279 5704 ε
324 5664 552 5735 Papirii.
608 5663 793 5719 Potius
842 5663 1115 5732 Papiniani
1168 5662 1437 5721 Uticensis
1486 5663 1770 5733 episcopi,

183 5740 297 5809 qui,
336 5738 489 5807 juxta
541 5736 808 5809 Victorem
861 5736 1185 5809 Uticensem,
1228 5738 1320 5791 lib.
1350 5753 1390 5809 Vl
1436 5736 1503 5791 de
1545 5736 1760 5792 Persec.

182 5807 465 5875 Wandal.,
484 5808 758 5863 candentis
784 5807 905 5862 ferri
929 5808 1136 5861 laminis
1160 5818 1269 5862 toto
1297 5808 1516 5863 adustus
1538 5818 1617 5863 est
1644 5823 1766 5863 cor-

185 5896 341 5960 pore.
369 5881 628 5940 Similiter
657 5889 712 5936 et
736 5878 1043 5938 Mansuetus
1075 5877 1375 5938 Uricitanus
1404 5883 1457 5937 in
1489 5890 1642 5951 porta
1672 5880 1757 5936 in-

1872 4889 2067 4932 census
2091 4883 2177 4929 est
2206 4873 2515 4937 Fornitana,
2545 4871 2645 4926 sub
2678 4867 2949 4924 Ceiserico
2972 4880 3097 4934 rege
3129 4865 3349 4921 Ariano.

1942 4946 1968 4983 ἀ
2012 4946 2222 5001 Setinis.
2266 4945 2449 5000 Potius
2479 4944 2641 4998 senis.
2677 4941 2851 4997 Senex
2884 4940 3024 4994 enim
3058 4938 3156 4992 fuit
3184 4938 3239 4993 S.
3267 4938 3452 4993 Satur-

1866 5033 2048 5073 nlllUS.

1945 5096 1967 5121 ο
2008 5088 2279 5142 Truttcari.
2328 5086 2421 5141 Via
2453 5100 2528 5140 sc.
2579 5084 2909 5138 Nomentana
2943 5080 3213 5136 milliaria.
3282 5080 3447 5143 epolti

1868 5170 2046 5216 autem
2072 5168 2196 5213 sunt
2225 5158 2325 5213 sub
2353 5158 2439 5213 die
2461 5167 2650 5225 quarto
2673 5153 2790 5207 Kal.
2828 5153 3107 5225 Decettib.,
3141 5153 3263 5225 licet
3279 5150 3455 5225 hodie

1867 5233 2136 5286 coluntur.
2171 5229 2301 5285 Vide
2331 5236 2460 5285 Acta
2480 5218 2547 5283 'S.
2580 5226 2812 5281 Marcelli
2842 5224 2983 5295 apud
3012 5220 3240 5277 Boland.
3272 5218 3339 5274 16
3361 5219 3454 5277 Ja-

1870 5320 2060 5358 nuartt.

1951 5372 1967 5412 ῐ
2020 5375 2230 5443 Papias.
2256 5372 2333 5427 De
2359 5372 2461 5437 his,
2489 5384 2678 5443 supra,
2702 5366 2826 5423 vide
2851 5364 3201 5443 9.91annar‘i‘i.

1948 5448 1971 5515 β
2014 5430 2340 5515 Clti'gsantlti.
2364 5430 2459 5515 De
2488 5430 2574 5515 his
2600 5430 2738 5504 vide,
2764 5453 2945 5515 supra.
2978 5439 3065 5492 die
3094 5434 3164 5488 ‘25
3193 5430 3385 5515 Octob.

1948 5512 1975 5552 ιι
2018 5506 2309 5572 Saturnini.
2342 5514 2499 5585 (ἕως.
2534 5506 2853 5585 Turon.,_de
2880 5510 3031 5585 ϐίον.
3074 5506 3379 5585 ιιιίπιηηιίζ).
3415 5518 3453 5572 1,

1879 5604 1929 5646 c.
1960 5590 2049 5653 «is,
2075 5588 2258 5642 asserit
2283 5586 2340 5639 S.
2366 5577 2704 5637 Sallll'nllllllll
2735 5582 2803 5655 ab
2828 5582 3191 5655 apostolorum
3216 5577 3450 5655 discipu-

1882 5662 1949 5715 lis
1981 5647 2144 5714 l’uisse
2190 5658 2513 5715 ordinatum,
2555 5654 2877 5707 dissentiens
2921 5666 2950 5704 a
2999 5651 3177 5717 seipso
3222 5648 3273 5701 in
3313 5647 3403 5700 lib.
3446 5659 3466 5702 ι

1884 5732 2043 5797 Hist.,
2075 5744 2191 5797 cap.
2220 5726 2309 5783 '50.
2336 5726 2420 5780 ubi
2450 5725 2816 5798 exgipsiusmet
2846 5720 3115 5798 Saturnini
3141 5721 3308 5783 Actis,
3339 5719 3458 5798 ejus

1873 5786 2123 5859 Tolosam
2142 5786 2493 5866 episcopatus
2519 5786 2730 5852 initium
2758 5795 2919 5851 Decio
2942 5802 2997 5853 et
3024 5792 3186 5850 Grato
3210 5786 3379 5857 coss.,
3410 5786 3460 5843 id

1875 5884 1976 5944 est,
2011 5887 2149 5931 anno
2174 5870 2300 5940 9.50,
2324 5870 2621 5940 consignat.
