4064 6346
704 327 839 383 1119

1405 330 1603 386 13ΕοᾹί
1646 332 2093 390 VENERABILIS
2132 334 2281 389 OPP.
2322 331 2496 387 PARS
2538 332 2621 388 ιν.
2670 360 2730 369 -
2771 329 3148 386 HlSTOllICA.

3800 332 3939 390 i120

912 518 913 521 η
1956 449 2180 504 EDITIO
2214 446 2671 503 COLONIENSIS.

692 536 937 607 Capitolii
989 552 1113 594 arce
1144 553 1242 609 per
1287 554 1474 596 omnes
1522 542 1715 610 gradus
1753 542 2109 611 praecipitatus
2153 550 2253 605 est,
2283 545 2335 601 Α
2362 554 2588 609 corpore
2616 550 2817 607 tensus,
2868 548 2929 593 ut
2966 538 3175 609 longius
3216 540 3566 605 cruciaretur,
3595 538 3769 595 biduo
3811 541 3941 599 inibi

692 633 865 699 capite
896 631 1103 700 colliso,
1134 647 1463 703 excussaque
1490 634 1733 700 cerebro,
1764 644 1817 689 et
1859 635 2002 689 omni
2032 648 2254 702 corpore

694 723 947 777 dilaniata
993 724 1204 797 dignam
1233 726 1449 781 Christo
1494 726 1723 780 animam
1773 725 2059 780 exhalavit.
2092 725 2254 793 Cujus

696 829 889 885 corpus
916 815 967 870 in
998 819 1224 873 ecclesia
1252 817 1414 887 digno
1443 817 1645 873 honore
1680 826 1990 873 veneratur.
2032 817 2097 870 Et
2125 814 2256 885 vigi-

690 907 757 961 lia
784 910 952 962 sancti
985 910 1211 965 Andreae
1247 912 1510 979 Apostoli.

761 999 825 1053 E.
848 1001 997 1055 Pam.
1031 1000 1165 1056 KAL.
1199 1003 1434 1057 Dscsun.
1458 1033 1527 1043 —
1550 1003 1605 1057 In
1646 1002 1858 1058 civitate
1896 1003 2082 1057 Patras
2131 1017 2254 1073 pro-

689 1089 878 1144 vincia:
924 1090 1159 1157 Achaia),
1192 1094 1367 1147 natale
1413 1094 1551 1148 beati
1591 1093 1819 1149 Andreae
1866 1093 2131 1161 Apostoli,
2165 1093 2255 1161 qui

688 1183 1069 1251 interpretatur
1116 1187 1299 1252 virilis,
1343 1190 1430 1241 vel
1470 1189 1703 1252 decorus,
1736 1187 1897 1243 frater
1944 1189 2109 1242 Petri.
2158 1188 2254 1242 Hic

698 1274 1002 1342 praedicavit
1035 1278 1086 1330 in
1116 1277 1355 1348 Scythia,
1386 1279 1475 1347 qui
1503 1280 1571 1332 ab
1600 1279 1741 1347 Egea
1775 1279 2089 1347 proconsule
2109 1294 2256 1333 com-

687 1368 1003 1435 prehensus,
1058 1384 1177 1423 cum
1231 1380 1632 1439 perseveranter
1687 1372 1739 1425 in
1790 1372 1893 1426 fide
1941 1371 2140 1425 Christi
2195 1379 2252 1425 et

688 1457 977 1528 Evangelio
1027 1460 1264 1525 duraret,
1320 1476 1535 1516 carcere
1574 1464 1787 1517 clausus
1833 1464 2086 1531 primum,
2131 1462 2253 1516 inde

686 1560 865 1601 ceram
915 1550 1234 1618 proconsule
1288 1552 1597 1619 gravissime
1642 1567 1832 1615 caesus,
1895 1552 1960 1606 ad
2009 1552 2254 1605 ultimum

685 1655 843 1696 cruce
875 1641 1052 1712 ligatis
1100 1642 1345 1697 manibus
1389 1654 1443 1698 et
1480 1643 1723 1713 pedibus,
1775 1643 2096 1711 funibusque
2146 1650 2257 1695 toto

2356 633 2670 701 supervixit,
2701 648 2809 687 non
2839 646 3055 687 cessans
3094 648 3154 687 ea
3192 647 3310 702 quae
3342 633 3436 688 Dei
3489 640 3635 701 sunt,
3682 634 3941 703 populum

2361 723 2577 781 docere.
2607 725 2848 793 Cumque
2885 724 2940 778 hi
2969 723 3060 793 qui
3090 723 3310 786 Christo
3339 724 3685 779 crediderant
3713 724 3944 780 Domino

2356 817 2488 872 satis
2534 827 2774 887 agerent,
2822 825 2881 873 ut
2932 817 3315 887 deponeretur,
3367 819 3682 890 Egeamque
3727 828 3793 873 ut
3844 820 3943 875 hoc

2356 911 2699 977 perlicerent,
2757 909 3026 965 nolentem
3071 910 3435 980 impellerent,
3491 911 3794 979 Apostolus
3842 911 3943 965 Do-

2356 1001 2486 1056 mini
2535 1004 2914 1057 circumstante
2954 1003 3181 1072 populo,
3225 1012 3280 1059 et
3307 1003 3449 1073 Egea
3501 1004 3856 1071 proconsule,
3887 1014 3943 1059 ut

2353 1095 2649 1150 solveretur
2672 1105 2882 1163 agente,
2913 1105 3034 1165 post
3058 1096 3223 1149 verba
3246 1095 3505 1150 orationis
3536 1096 3747 1165 fulgore
3779 1096 3942 1151 coele-

2353 1187 2419 1241 sti
2465 1187 2577 1242 l'ere
2618 1204 2721 1242 una
2765 1188 2995 1257 desuper
3037 1187 3413 1242 circumfulsus
3444 1186 3600 1251 hora,
3656 1202 3782 1240 cum
3829 1188 3940 1253 ipso

2354 1278 2554 1334 lumine
2596 1279 2916 1335 abscedente
2960 1279 3211 1334 emittens
3263 1278 3512 1346 spiritum
3565 1277 3817 1345 perrexit
3873 1276 3937 1329 ad

2356 1370 2665 1425 Dominum.
2695 1372 2859 1441 Cujus
2881 1386 3075 1439 corpus
3104 1369 3387 1423 Maximilla
3413 1369 3791 1436 potentissima
3817 1381 3929 1420 ma-

2357 1468 2628 1514 tronarum
2658 1470 2971 1515 reverenter
2996 1458 3295 1528 depositum
3318 1458 3588 1526 sepelivit.
3622 1456 3782 1525 Apud
3803 1456 3939 1509 Sau-

2357 1556 2545 1603 ctonas
2574 1551 2751 1604 natale
2778 1551 2945 1605 sancti
2971 1547 3257 1619 'l‘rophiani
3282 1548 3541 1619 episcopi,
3573 1547 3793 1602 virtutis
3816 1547 3933 1603 viri.

2358 1641 2544 1695 Romae
2572 1643 2792 1708 Castuli,
2828 1642 3153 1712 Euprepitis.

1923 1753 2149 1809 EDITIO
2191 1753 2701 1813 BOLLANDIANA.

758 1847 819 1901 B.
857 1848 920 1902 V.
962 1850 1047 1912 C.,
1082 1849 1281 1903 Eodem
1312 1848 1397 1902 die
1421 1847 1597 1913 vigilia
1644 1848 1706 1904 S.
1735 1845 2250 1919 Andreaeiapostoli.
2286 1851 2333 1909 B
2362 1848 2566 1913 Patras,
2593 1851 2767 1919 passio
2789 1849 2849 1907 S.
2869 1850 3095 1907 Andreae
3124 1850 3351 1919 apostoli
3376 1866 3391 1916 ;
3414 1848 3505 1919 qui
3522 1848 3825 1905 cruciﬁxus
3850 1862 3941 1918 pro

688 1917 772 1981 8.,
804 1920 866 1973 Et
893 1922 1063 1974 natale
1092 1920 1191 1975 SS.
1216 1919 1537 1988 Chrysanthi
1578 1930 1631 1974 et
1662 1920 1832 1974 Darize
1860 1924 1916 1972 et
1943 1917 2131 1971 Mauri.
2161 1916 2222 1970 C.

688 1990 852 2043 Mauri
878 1998 933 2043 et
956 1990 1174 2043 aliorum
1206 2005 1369 2044 Lxxu.

753 2077 841 2133 50.
864 2110 935 2121 -
963 2096 997 2134 ιι
1026 2080 1160 2134 ΚΑι.
1192 2079 1374 2135 Natale
1402 2078 1461 2136 S.
1493 2079 1721 2136 Andreae
1748 2079 1995 2149 apostoli.

756 2170 973 2227 Plenius
1004 2172 1190 2228 Florus
1220 2174 1273 2229 in
1301 2174 1457 2231 A.T.
1501 2174 1563 2230 L.
1610 2193 1623 2229 :
1674 2175 1728 2229 in
1772 2175 1993 2243 Achaia,
2042 2173 2255 2229 civitate

2358 1942 2558 1997 Christi
2591 1942 2808 1997 nomine
2831 1957 2985 1997 suum
3016 1941 3309 2011 complevit
3335 1941 3685 2011 martyrium.

2433 2033 2492 2085 Β.
2526 2032 2711 2086 Romae
2738 2034 2909 2086 natale
2952 2033 3009 2088 S.
3064 2030 3314 2095 Maurilii,
3364 2033 3615 2094 Consuli,
3646 2029 3931 2087 Theodoli.

2361 2103 2444 2169 C.,
2478 2102 2543 2157 Et
2571 2104 2597 2131 ⁸
2621 2103 2995 2159 Mediolanensi
3025 2102 3083 2160 S.
3113 2102 3383 2158 Amatoris
3405 2102 3678 2173 episcopi.

2069 2264 2276 2323 SMlTli
2318 2240 2545 2319 NOTAE.

757 2363 781 2391 ⁸
810 2356 1095 2423 Videlicet,
1129 2356 1181 2411 in
1208 2356 1421 2412 civitate
1444 2356 1854 2414 Mediolanensi.

1962 2586 2660 2716 DECEMBER:

1929 2786 2158 2843 EDITIO
2202 2784 2667 2843 COLONIENSIS.

1285 2885 1671 2942 DECEMBER.

1038 2976 1210 3032 liabet
1237 2978 1343 3032 dies
1374 2995 1522 3045 χχχι,
1554 2981 1726 3033 lunam
1754 2994 1904 3034 χχιιι.

787 3066 844 3119 F.
880 3066 1118 3123 KALEND.
1168 3069 1405 3124 Dscsua.
1439 3101 1508 3110 —
1536 3070 1721 3125 Natale
1758 3076 2063 3125 sanctorum
2114 3082 2257 3122 mar-

688 3165 859 3227 tyrum
891 3156 1174 3229 Chrysanti
1204 3167 1258 3213 et
1298 3159 1489 3227 Darite,
1522 3160 1611 3229 qui
1643 3167 1883 3228 tempore
1920 3158 2251 3227 Numeriani,

683 3248 864 3315 judice
891 3249 1136 3305 Celerino
1182 3252 1364 3306 Romae
1410 3252 1555 3320 passi
1603 3261 1746 3307 sunt.
1778 3252 2059 3322 Chrysanti
2104 3260 2255 3320 pater

691 3337 958 3395 Polemius
1002 3342 1080 3395 vir
1109 3341 1327 3397 illustris
1367 3343 1610 3398 fuitzhic
1657 3343 1821 3397 filium
1865 3360 2017 3399 suum
2049 3342 2257 3397 cuidam

690 3428 884 3495 virgini
929 3431 1223 3501 conjunxit,
1274 3449 1430 3502 quam
1487 3448 1554 3487 ex
1605 3436 1955 3490 nobilissimis
2007 3435 2260 3489 Romanis

693 3520 857 3574 fuisse
905 3531 1154 3587 constat;
1197 3522 1333 3579 hanc
1381 3524 1709 3594 Chrysantus
1752 3525 1819 3579 ad
1868 3527 2029 3581 fidem
2062 3524 2260 3580 Christi

692 3621 1031 3680 convertens,
1074 3615 1329 3683 baptizari
1370 3616 1516 3671 fecit.
1568 3615 1898 3689 Factumque
1938 3624 2022 3673 est
2065 3625 2123 3671 ut
2166 3630 2262 3686 per

2286 3300 2334 3365 C

2370 2884 2731 2953 Chrysantum
2787 2879 3072 2937 multitudo
3111 2880 3349 2935 virorum
3381 2887 3435 2934 et
3483 2894 3583 2949 per
3612 2878 3835 2935 Dariam
3872 2882 3941 2934 ia-

2367 2974 2727 3030 numerabiles
2758 2972 2970 3028 feminae
3010 2973 3075 3027 ad
3104 2972 3302 3027 Christi
3330 2973 3559 3042 gratiam
3590 2973 3935 3027 conﬂuerent.

2366 3066 2659 3123 Praefectus
2687 3081 2916 3136 namque
2938 3065 3240 3129 Celerinus,
3273 3066 3709 3132 comprehensos
3742 3068 3937 3121 tradidit

2362 3156 2592 3212 Claudio
2626 3159 2860 3222 tribuno,
2884 3157 2973 3225 qui
3001 3157 3336 3227 septuaginta
3366 3157 3564 3213 milites
3596 3161 3667 3211 ad
3700 3168 3935 3227 torquen—

2363 3248 2492 3303 dum
2538 3250 2711 3316 dedit,
2740 3250 2828 3318 qui
2881 3248 3058 3303 nervis
3105 3248 3286 3304 crudis
3315 3264 3436 3304 eum
3477 3251 3812 3319 astringunt,
3853 3249 3933 3306 sed

2365 3356 2491 3395 mox
2515 3342 2801 3410 ligamenta
2832 3341 3009 3395 omnia
3049 3340 3287 3397 resoluta
3329 3349 3472 3396 sunt.
3507 3342 3720 3398 Deinde
3752 3344 3804 3398 in
3834 3344 3931 3411 cip-

2364 3448 2512 3502 pum,
2560 3433 2630 3485 ita
2664 3442 2720 3486 ut
2769 3434 2819 3485 in
2875 3431 3033 3485 tertio
3076 3441 3271 3499 puncto
3300 3430 3421 3501 ejus
3469 3432 3661 3487 tibiam
3707 3444 3935 3487 coarcta-

2366 3534 2505 3591 rcnt,
2537 3540 2657 3580 eum
2695 3525 2933 3590 mittunt,
2978 3525 3337 3593 moxligneus
3384 3523 3573 3592 cippus
3620 3525 3678 3579 in
3713 3526 3935 3580 cinerem

2366 3614 2672 3671 resolvitur.
2720 3613 2871 3670 Tunc
2898 3613 3220 3684 perfundunt
3265 3629 3386 3669 eum
3419 3613 3550 3671 lotio
3580 3615 3821 3671 humano
3847 3631 3933 3687 pu-

1929 3728 2158 3784 snmo
2196 3724 2706 3795 BOLLANDIANA.

764 3816 817 3871 1.
845 3846 916 3859 -
943 3816 1228 3874 Κλυειιυιε.
1260 3818 1423 3875 Vacat
1448 3819 1627 3875 Baeda.

762 3908 956 3964 Florus
984 3910 1035 3964 in
1062 3913 1125 3965 A.
1148 3911 1212 3967 T.
1239 3910 1302 3966 L.
1335 3929 1347 3965 :
1375 3912 1429 3965 In
1455 3912 1712 3967 Noviomo
1735 3910 1996 3982 depositio
2018 3912 2073 3969 S.
2100 3913 2125 3941 ⁸
2155 3911 2263 3967 Eli-

690 4000 759 4070 gii
803 4000 1036 4070 episcopi
1078 4009 1135 4057 et
1175 4003 1519 4071 confessoris,
1561 4006 1649 4073 qui
1692 4005 1743 4059 in
1784 4004 1979 4073 palatio
2024 4004 2259 4059 Lotharii

690 4094 837 4163 regis
874 4094 1200 4149 Francorum
1244 4110 1434 4166 magna
1478 4096 1754 4166 prudentia
1782 4107 1837 4151 et
1864 4097 2125 4166 religione
2160 4098 2260 4151 mi-

692 4199 843 4251 cans,
882 4186 1163 4255 episcopus
1193 4186 1361 4242 factus
1391 4188 1553 4242 multa
1584 4202 1804 4257 corpora
1835 4198 2141 4243 sanctorum
2174 4204 2260 4244 re-

697 4292 920 4331 movens
966 4279 1341 4334 decentissime
1370 4280 1675 4346 tumulavit,
1709 4280 1994 4335 virtutibus
2018 4282 2261 4337 maximis

694 4379 749 4423 et
778 4369 941 4439 signis
968 4370 1341 4425 miraculorum
1366 4371 1615 4427 efﬂoruit.

2437 3816 2525 3881 D.,
2561 3811 2793 3869 Romaab
2819 3812 3139 3886 Chrysanthi
3183 3821 3237 3867 et
3258 3813 3450 3886 paria:
3500 3823 3820 3886 martyrum,
3849 3816 3932 3886 qui

2371 3896 2608 3953 tempore
2651 3882 2976 3947 Numerian‘i,
3024 3884 3203 3951 judice
3246 3882 3512 3954 Celerino,
3571 3882 3757 3939 Romae
3798 3882 3930 3954 passi

2366 3966 2506 4011 sunt.
2537 3956 2600 4009 V.
2621 3955 2709 4019 C.,
2733 3954 3047 4007 Interamnae
3074 3955 3186 4007 sive
3214 3953 3423 4023 Narniis
3448 3956 3505 4008 S.
3534 3957 3556 3983 ο
3588 3953 3806 4009 Proculi
3826 3959 3933 4023 epi-

2366 4031 2518 4109 scopi
2540 4026 2967 4109 etimartyris..ln
2990 4022 3352 4109 Torre‘ntelC.
3376 4023 3590 4109 :i‘burej
3608 4022 3929 4109 8:“Marin3.

2369 4095 2571 4165 V.,'Ad
2602 4096 2794 4152 Ursum
2842 4095 3094 4161 pileatum
3136 4096 3193 4149 S.
3244 4095 3512 4148 Candida}.
3562 4102 3627 4148 Α.
3659 4096 3723 4149 Τ.
3758 4096 3821 4150 L.
3854 4097 3932 4161 B.,

2368 4168 2550 4245 Bonna:
2574 4167 2757 4245 natale
2786 4166 2841 4245 ξε
2873 4165 3147 4245 Candidas.
3298 4165 3440 4245 Lucii
3470 4165 3935 4245 etdlarinmuamf

2368 4238 2519 4300 boni,
2574 4236 2747 4290 Filati.
2800 4236 3059 4308 Noniomo
3102 4236 3619 4308 civitate_dcpositio
3669 4237 3731 4308 VS.
3789 4238 3934 4308 Eligii

2367 4310 2603 4379 episcopi
2636 4316 2691 4362 et
2718 4306 3065 4362 confessoris.
3107 4306 3293 4360 Natale
3315 4306 3372 4360 S.
3402 4307 3775 4363 Constantiani

2070 4484 2277 4541 SMITH
2317 4486 2522 4544 ΝΟΤᾸΞ

765 4596 785 4628 ³
819 4586 995 4666 Etigii.
1042 4589 1142 4663 Qui
1164 4590 1329 4665 gente
1357 4596 1537 4653 Callus
1567 4599 1665 4654 fuit
1692 4600 1743 4654 in
1775 4598 1892 4652 vico
1926 4598 2259 4654 Catalacensi
2290 4592 2338 4651 ἰ)
2364 4614 2505 4653 anno
2530 4598 2656 4664 665,
2687 4613 2750 4654 ex
2787 4596 2985 4667 vulgari
3029 4595 3248 4662 calculo,
3295 4596 3588 4651 secundum
3628 4595 3767 4650 alios
3814 4611 3935 4649 vero

690 4684 852 4737 prope
898 4668 1079 4721 urbem
1128 4670 1486 4731 Lemovicum,
1540 4679 1691 4738 patre
1740 4670 2031 4733 Eucherio,
2078 4677 2244 4725 matre

687 4738 919 4807 Tcrrigia
968 4748 1142 4799 natus,
1177 4739 1225 4791 in
1258 4740 1390 4793 urbe
1421 4739 1700 4794 Lemovica
1756 4750 1921 4794 artem
1964 4739 2245 4792 aurifabri-

687 4824 805 4860 nam
835 4808 1137 4875 aliquandiu
1166 4812 1420 4863 exercuit.
1451 4810 1604 4863 Anno
1634 4810 1756 4873 633,
1787 4811 1986 4873 legatus
2014 4825 2040 4859 a
2074 4809 2242 4872 Dago-

687 4880 834 4932 berlo
860 4894 980 4945 rege
1020 4879 1068 4931 iu
1117 4879 1439 4933 Britanniam
1482 4882 1740 4934 minorem
1779 4881 1974 4933 missus
2006 4879 2243 4934 inducias

685 4965 803 5001 cum
853 4949 1122 5017 Clippiaco
1170 4950 1305 5003 duce
1360 4952 1575 5018 pepigit.
1630 4952 1857 5004 Plurima
1905 4950 2029 5002 dum
2082 4951 2242 5002 laicus

684 5019 858 5074 adhuc
908 5031 1049 5073 esset
1091 5022 1331 5074 emnobia
1364 5036 1426 5073 ac
1457 5020 1699 5073 basilicas
1743 5020 1999 5082 condidit,
2033 5035 2093 5072 ac
2125 5030 2238 5072 tan-

684 5090 802 5144 dem
832 5091 1109 5157 episcopus
1143 5091 1512 5143 Noviomensis
1539 5092 1812 5141 ordinatus
1842 5100 1924 5143 est
1952 5106 2092 5142 anno
2119 5089 2241 5151 640,

686 5176 815 5227 ηοη,
867 5161 940 5213 uti
979 5162 1135 5229 vulgo
1160 5161 1434 5229 supputari
1473 5160 1624 5222 solet,
1657 5176 1794 5213 anno
1827 5162 1948 5224 646,
1977 5161 2112 5228 quod
2156 5160 2249 5211 de-

683 5238 945 5285 monstrat
989 5232 1212 5285 Carolus
1253 5233 1301 5286 le
1344 5230 1550 5292 Cointe.
1583 5230 1772 5283 Annal.
1799 5231 1989 5284 Franc.
2024 5240 2153 5287 tom.
2184 5230 2247 5289 ll.

685 5304 772 5356 ad.
805 5318 892 5355 au.
922 5301 1046 5368 640,
1072 5317 1219 5356 num.
1244 5301 1335 5367 20,
1374 5312 1478 5357 etc.
1522 5300 1811 5369 Episcopus
1859 5302 2023 5353 factus
2073 5301 2250 5369 Eccle-

685 5374 776 5425 siis
804 5374 1145 5428 crstruendis
1188 5380 1243 5425 et
1273 5368 1577 5426 imbuendis
1615 5370 1716 5424 lidc
1764 5370 2057 5424 Christiana
2091 5368 2249 5422 Fian-

685 5444 814 5503 dris,
866 5443 1064 5505 Frisiis.
1115 5455 1162 5497 et
1215 5444 1406 5498 Suevis
1451 5457 1664 5510 operam
1716 5440 1878 5493 dedit.
1919 5444 2091 5510 WAuno
2122 5441 2248 5507 6M,

683 5515 908 5568 concilio
938 5515 1274 5568 Cabilonensi
1325 5528 1378 5567 ιιι
1427 5509 1683 5566 interfuit.
1724 5512 1878 5564 Anno
1906 5509 2032 5572 650,
2064 5525 2246 5563 mona-

683 5587 903 5639 Sterium
936 5585 1168 5638 virorum
1202 5583 1454 5647 Tornaci,
1478 5584 1769 5650 puellarum
1792 5579 2032 5634 Noviomi
2063 5580 2245 5632 condi-

682 5653 777 5717 dit,
810 5667 861 5709 et
894 5655 1183 5709 Ecclesiam
1216 5656 1617 5721 Cortracensem
1650 5653 1707 5708 S.
1739 5652 1943 5706 Martini
1977 5650 2246 5703 memoria:

680 5721 895 5780 dicavit.
923 5725 1065 5779 Obiit
1094 5724 1344 5779 Kalendis
1375 5724 1749 5777 Decembribus
1778 5738 1917 5776 anno
1944 5722 2068 5784 658,
2097 5721 2247 5789 juxta

681 5792 830 5869 Pagi,
849 5796 902 5852 in
920 5809 1018 5855 sua
1036 5794 1230 5853 Critica
1248 5792 1897 5867 historico-cbronologica
1921 5791 1985 5849 ad
2007 5807 2095 5849 an.
2119 5790 2243 5860 665;

2350 4670 2476 4724 965.
2530 4670 2660 4723 Acta
2708 4669 2825 4738 ejus
2865 4684 2893 4722 a
2939 4668 2997 4722 S.
3050 4668 3309 4722 Audoeuo
3355 4667 3549 4738 scripta
3598 4668 3789 4721 reeitat
3839 4670 3933 4721 Su-

2351 4743 2461 4794 rius
2489 4750 2616 4794 tom.
2646 4741 2727 4794 Vl.
2743 4737 2748 4738 7
2765 4740 2890 4794 Vide
2910 4748 2961 4793 et
2982 4738 3263 4805 Molanum,
3288 4738 3340 4790 in
3365 4737 3599 4793 lndiculo
3617 4750 3929 4793 sanctorum

2350 4811 2532 4865 Beleii.

2353 4828 2807 4949 uagari/suntm.
2839 4881 2913 4936 De
2942 4879 3025 4933 his
3054 4879 3192 4943 vide,
3230 4874 3409 4947 supra’,
3441 4878 3527 4934 die
3547 4878 3618 4933 εδ
3647 4880 3839 4934 Octob.
3872 4890 3921 4933 et

2346 4950 2415 5002 9.9
2439 4951 2693 5002 Novemb.

2352 4951 2415 5002 9.9
2439 4951 2693 5005 Novemb.

2426 5024 2449 5052 °
2488 5020 2718 5075 Proculi.
2758 5024 2827 5075 De
2855 5021 3078 5077 Proculo
3107 5029 3161 5074 et
3184 5020 3406 5088 Ephebo
3425 5029 3480 5075 et
3506 5018 3813 5088 Apollonio,
3842 5020 3931 5089 qui

2358 5092 2416 5147 S.
2451 5090 2783 5145 Valentinum
2829 5093 3176 5160 sepelierunt,
3228 5092 3367 5155 vide,
3418 5105 3601 5158 Supra,
3652 5091 3731 5160 ιι
3770 5091 3925 5145 Febr.

2358 5164 2415 5217 S.
2448 5163 2696 5215 Proculus
2727 5159 3007 5229 episcdpns
3038 5162 3415 5215 luteramensis
3446 5160 3508 5213 ad
3532 5159 3806 5213 Kalendas
3838 5162 3925 5213 Ja-

2357 5233 2522 5285 nuarii
2554 5232 2781 5286 refertur
2807 5249 2833 5285 a
2865 5232 3130 5285 Galesinio
3161 5240 3209 5284 et
3243 5231 3520 5293 Ferrario;
3551 5231 3747 5282 colitur
3772 5232 3928 5283 etiam

2357 5304 2609 5357 Bononia:
2650 5305 2672 5356 l
2706 5303 2847 5356 Junii
2875 5318 2994 5356 cum
3045 5303 3214 5356 altero
3256 5301 3478 5353 Proculo
3526 5300 3731 5359 milite;
3763 5302 3927 5355 Inter-

2358 5389 2529 5427 amnte
2566 5388 2693 5426 vero
2728 5376 2750 5427 ι
2787 5373 3115 5435 Decembris,
3150 5373 3288 5437 quod
3318 5374 3403 5424 tali
3434 5372 3521 5424 die
3549 5373 3793 5438 corporis
3820 5372 3930 5438 ejus

2361 5444 2495 5497 facta
2553 5444 2827 5496 translatio
2876 5444 3064 5496 fuerat.
3122 5443 3251 5495 Vide
3294 5441 3359 5495 de
3405 5441 3461 5496 S.
3514 5440 3745 5494 Proculo
3794 5443 3931 5495 inter

2356 5525 2614 5582 martyres
2656 5513 3099 5574 luteramneuses,
3149 5512 3211 5563 ll
3250 5514 3405 5580 Apr.,
3449 5512 3586 5579 apud
3633 5514 3766 5566 Acta
3813 5526 3930 5565 san-

2354 5594 2583 5637 ctorum.
2616 5583 2890 5647 Baronius,
2922 5584 2973 5636 in
3003 5582 3149 5635 Notis
3171 5583 3233 5634 ad
3265 5582 3401 5635 hunc
3424 5582 3588 5645 diem,
3615 5597 3738 5634 eum
3762 5582 3924 5634 alium

2355 5652 2518 5707 fuisse
2546 5652 2761 5721 conjicit
2801 5670 2831 5707 a
2873 5656 2930 5707 b‘.
2973 5653 3197 5706 Proculo
3226 5653 3631 5718 lnteramnensi,
3656 5662 3713 5707 et
3735 5652 3929 5709 Usuar-

2354 5723 2454 5780 dus
2477 5724 2623 5780 illum
2652 5732 2803 5780 vocat
2830 5723 3218 5797 presbyterum.
