4064 6346
131 372 270 435 illi

1231 364 1418 423 SECT.
1458 366 1524 421 ll.
1564 392 1633 407 ι·-
1672 364 2229 424 MARTYROLOGIA.

3242 365 3383 423 1128

1345 478 1569 534 EDlTlO
1608 477 2066 538 COLONIENSIS.

131 575 460 640 tentissimo,
488 582 547 630 ut
591 572 871 640 maleﬁcia,
904 570 1171 640 inquiunt,
1221 570 1476 636 amittas;
1510 570 1603 625 sed
1636 570 1712 626 fe-
1740 576 1791 634 Α
1818 585 2010 641 corpus
2058 572 2301 642 jussionc
2346 572 2686 644 imperatoris
2734 574 2901 631 biduo
2945 576 2999 631 in
3040 574 3157 634 foro
3190 579 3383 650 jacuit,

130 680 217 725 tor
264 670 321 723 in
361 681 580 723 suavem
625 666 848 721 odorem
896 672 1129 719 mutatus
1165 672 1268 719 est.
1310 663 1512 718 Deinde
1561 662 1709 718 corio

127 760 341 817 recenti
371 758 599 814 vitulino
629 756 831 812 nudum
870 770 997 811 eum
1027 755 1414 823 constringunt,
1446 761 1500 808 et
1528 751 1593 807 ad
1619 766 1711 807 so-

125 854 235 909 lem
265 852 569 908 ferventem
618 856 966 919 componunt,
996 845 1091 902 sed
1117 846 1318 901 virtute
1364 844 1577 900 Domini
1619 858 1711 899 co-

125 945 267 998 rium
301 952 361 997 ut
388 952 526 1009 erat,
556 940 719 996 molle
749 938 1060 1009 permansit.
1102 935 1307 993 Deinde
1334 937 1555 1004 collum,
1597 950 1713 991 ma-

126 1049 233 1089 nus
266 1049 335 1088 ac
360 1032 547 1103 pedes,
598 1029 803 1085 catenis
844 1028 1035 1084 ferreis
1062 1029 1507 1096 constringentes,
1540 1028 1713 1083 reclu-

124 1126 265 1181 dunt
295 1126 351 1179 in
380 1121 765 1179 obscurissimo
794 1119 938 1186 loco,
990 1130 1045 1175 et
1090 1119 1266 1173 statim
1294 1128 1495 1173 catena:
1524 1117 1712 1174 solutae

122 1225 275 1283 sunt,
312 1224 367 1270 et
398 1227 588 1285 magna
641 1212 733 1266 lux
786 1210 1012 1266 infulsit.
1064 1208 1221 1262 Daria
1264 1222 1394 1264 vero
1424 1208 1475 1263 in
1503 1208 1713 1278 publico

125 1309 479 1360 meretricum
511 1301 753 1373 lupanari
784 1300 1018 1370 ponitur,
1066 1299 1163 1354 sed
1197 1299 1279 1355 leo
1308 1298 1377 1355 de
1421 1314 1581 1354 cavea
1620 1314 1712 1355 ve-

128 1401 289 1454 niens
316 1398 383 1452 ad
416 1397 634 1452 tutelam
667 1394 879 1450 Domini
912 1394 1108 1449 virtute
1145 1394 1195 1449 ei
1223 1394 1469 1449 donatur.
1501 1395 1598 1462 Qui
1631 1395 1711 1449 in-

121 1502 349 1558 gressus
378 1487 589 1555 cellam,
638 1485 689 1540 in
722 1500 822 1554 qua
851 1494 1035 1540 sancta
1086 1484 1178 1539 Dei
1216 1486 1269 1541 in
1301 1486 1543 1541 oratione
1576 1500 1712 1554 pro-

121 1588 293 1634 strata
326 1579 556 1649 iacebat,
583 1577 735 1647 juxta
776 1576 1154 1645 prosternitur,
1197 1587 1253 1631 ut
1286 1576 1562 1632 venientes
1592 1592 1621 1630 a
1652 1592 1713 1633 se

122 1671 439 1741 repelleret.
468 1669 605 1725 Dum
633 1670 747 1725 haac
773 1669 952 1724 omnia
983 1668 1263 1725 Celerinus
1288 1670 1600 1737 imperatori
1629 1670 1710 1724 in-

124 1764 396 1829 dicasset,
428 1761 516 1817 ille
539 1761 699 1831 jussit
728 1775 822 1816 eos
851 1759 974 1815 duci
1003 1762 1087 1817 via
1118 1760 1325 1816 Salaria
1353 1761 1408 1815 in
1438 1762 1708 1827 arenario,

124 1864 181 1910 et
212 1856 371 1909 vivos
396 1853 617 1923 deponi,
648 1862 702 1907 et
726 1860 867 1907 terra
897 1865 960 1906 ac
988 1850 1252 1921 lapidibus
1268 1851 1444 1907 obrui.
1474 1850 1711 1921 Contigit

122 1959 183 2004 ut
214 1949 285 2004 ad
332 1948 473 2003 diem
506 1945 699 2001 natalis
746 1961 930 2001 eorum
974 1946 1180 2000 inﬁnita
1212 1944 1392 2015 populi
1424 1945 1705 1999 multitudo

120 2043 520 2092 concurreret:
562 2034 666 2088 hoc
723 2034 1023 2087 nuntiatum
1076 2041 1160 2088 est
1212 2033 1562 2101 imperatori,
1615 2034 1704 2103 qui

116 2129 284 2199 jussit
313 2139 371 2183 ut
396 2128 448 2183 in
478 2126 699 2182 introitu
727 2134 930 2197 crypta:
958 2124 1133 2194 paries
1175 2126 1441 2180 levaretur
1466 2143 1481 2192 ;
1527 2140 1592 2179 ac
1628 2124 1707 2181 sic

121 2220 329 2276 factum
356 2229 439 2274 est
479 2226 540 2272 ut
565 2232 752 2272 omnes
782 2216 907 2271 dum
936 2224 1268 2272 sacramenta
1301 2216 1499 2273 Christi
1530 2218 1708 2287 perci-

122 2318 346 2381 perent,
408 2308 648 2379 martyrii
688 2307 913 2377 gloriam
957 2307 1327 2375 celebrarent;
1377 2308 1521 2363 inter
1572 2322 1707 2377 quos

122 2412 288 2458 erant
315 2402 581 2457 Diodorus
610 2402 891 2471 presbyter
938 2409 996 2455 et
1043 2399 1396 2457 Martinianus
1425 2400 1705 2470 diaconus,

123 2504 182 2551 et
227 2493 445 2562 plurimi
487 2492 830 2547 clericorum.
861 2490 983 2559 Ipso
1009 2490 1097 2546 die
1134 2492 1277 2546 beati
1320 2490 1480 2561 Egilii
1509 2491 1709 2547 Novio-

127 2584 344 2640 mensis
376 2582 635 2653 episcopi.
676 2583 861 2637 Romae
883 2580 1157 2648 Candidas,
1187 2581 1438 2638 Umboni.

196 2677 267 2732 G.
322 2674 387 2729 IV
432 2674 569 2730 Non.
622 2674 861 2729 Decus.
890 2671 1170 2727 —Nata|e
1222 2680 1421 2727 sanctae
1468 2670 1711 2729 Vinianm

124 2768 408 2839 martyris,
439 2766 717 2823 beatorum
749 2774 1045 2836 martyrum
1069 2763 1251 2818 Faustl
1293 2772 1347 2819 et
1376 2764 1613 2820 Dairosa
1642 2765 1707 2819 ﬁ-

124 2861 243 2926 liae,
270 2876 392 2929 quae
412 2860 635 2931 jubente
657 2858 867 2914 Juliano
889 2858 1212 2926 imperatore
1238 2858 1498 2927 sacrilego
1525 2858 1707 2914 tandiu

125 2953 423 3022 plumbatis
452 2966 591 3008 caesa
621 2958 729 3020 est,
758 2950 932 3006 donec
968 2948 1217 3019 spiritum
1246 2949 1529 3016 redderet;
1556 2952 1710 3023 cujus

1818 662 2030 718 tandem
2081 674 2291 733 raptum
2337 672 2493 719 nocte
2528 679 2558 719 a
2584 663 2793 721 Joanne
2825 666 3159 738 presbytero,
3204 672 3386 741 sepul-

1814 760 1927 807 tum
1957 761 2041 808 est
2065 753 2117 807 in
2148 754 2327 821 domo,
2376 754 2466 809 ubi
2496 764 2668 810 mater
2693 766 2752 811 et
2788 770 2943 812 soror
2964 757 3079 828 ejus
3116 759 3382 819 Demetria

1808 844 1916 914 jam
1942 845 2169 915 sepultzr
2198 855 2374 913 erant,
2403 847 2549 917 juxta
2582 848 2837 917 palatium
2882 849 3241 907 Licievanum.
3275 854 3383 911 Ro-

1813 955 1915 996 mae
1963 941 2144 996 natale
2180 950 2490 995 sanctorum
2518 940 2804 1008 Primenti,
2858 943 3124 1015 Pontiani,
3165 946 3378 1014 Pimini,

1814 1032 2055 1099 Dimetri,
2107 1031 2342 1088 Jubiani.
2394 1032 2453 1086 lu
2515 1033 2847 1100 Mauritania,
2906 1034 3113 1105 Severi,
3170 1036 3383 1110 Securi,

1810 1119 2067 1186 Januarii,
2104 1120 2379 1176 Victorini.

1882 1214 1948 1267 A.
1989 1209 2055 1265 Ill
2083 1210 2217 1265 Non.
2253 1212 2757 1283 Decum—Tingi
2807 1214 3087 1281 melroiioli
3132 1215 3381 1291 Maurita-

1813 1302 1917 1356 nia:
1950 1303 2125 1357 natale
2152 1304 2322 1357 sancti
2349 1302 2589 1358 Cassiani
2634 1304 2950 1375 presbyteri,
2980 1308 3197 1376 gloriosi
3239 1325 3382 1365 mar-

1815 1394 1966 1463 tyris.
2001 1393 2127 1446 Item
2156 1402 2460 1447 sanctorum
2494 1402 2786 1463 martyrum
2827 1394 3033 1450 Claudii
3075 1398 3293 1467 tribuni,
3323 1410 3381 1456 et

1813 1484 1996 1539 uxoris
2033 1485 2149 1553 ejus
2178 1486 2413 1549 Hilarius,
2447 1500 2509 1539 ac
2538 1484 2767 1540 ﬁliorum
2796 1486 3002 1543 Jasonis
3028 1499 3081 1544 et
3109 1490 3296 1559 Mauri,
3325 1503 3382 1548 et

1812 1576 2084 1644 sexaginta
2140 1576 2403 1641 militum,
2460 1578 2549 1645 qui
2599 1592 2787 1632 omnes
2832 1579 2897 1633 ad
2950 1581 3377 1649 praedicationem

1816 1669 1960 1723 beati
2014 1668 2335 1739 Chrysantbi
2384 1670 2731 1725 crediderunt
2779 1672 2831 1725 in
2873 1671 3103 1728 Christo.
3132 1673 3285 1741 Quod
3325 1684 3385 1729 ut

1815 1761 2117 1816 nuntiatum
2172 1769 2255 1816 est
2303 1761 2615 1831 imperatori
2658 1761 3000 1829 Numeriano,
3026 1764 3183 1832 jussit
3224 1764 3383 1820 Clau-

1817 1854 1970 1909 dium
2002 1855 2268 1910 tribunum
2296 1854 2497 1924 ingenti
2527 1870 2654 1908 saxo
2679 1854 2947 1925 alligatum
2980 1856 3301 1927 praecipitem
3327 1859 3381 1913 in

1734 1928 1787 1988 Β
1813 1945 1989 2000 medio
2020 1945 2153 1998 mari
2184 1944 2321 2010 dari,
2353 1945 2550 1998 milites
2576 1959 2705 1999 vero
2734 1946 3090 2015 septuaginta,
3122 1962 3243 2001 cum
3265 1949 3384 2018 qui-

1814 2036 1915 2092 bus
1936 2036 2188 2092 Jasonem
2215 2047 2267 2092 et
2308 2036 2546 2091 Maurum
2595 2035 2731 2090 ﬁlios
2758 2035 2966 2091 Claudii
3010 2040 3220 2107 capitali
3262 2054 3384 2096 sen-

1816 2130 1981 2187 tentia
2013 2129 2211 2199 puniri.
2245 2130 2371 2184 Erat
2416 2138 2591 2183 autem
2642 2130 2694 2182 in
2725 2130 2845 2183 loco
2874 2130 2960 2185 ubi
2990 2130 3234 2185 decollati
3261 2142 3386 2187 sunt

1814 2221 2097 2277 colliculus
2138 2220 2412 2289 antiquus,
2449 2219 2590 2273 hunc
2637 2219 2991 2275 emundantes
3042 2232 3196 2276 nocte
3225 2222 3385 2277 Chri-

1814 2312 1994 2393 stjani,
2028 2310 2190 2367 simul
2218 2311 2273 2365 in
2304 2325 2467 2365 unum
2490 2311 2666 2364 omnia
2697 2324 2923 2380 corpora
2951 2311 3279 2380 sepelierunt
3299 2314 3383 2368 via

1814 2402 2038 2458 Salaria.
2082 2401 2321 2470 Corpora
2378 2410 2554 2453 autem
2601 2398 2812 2454 Jasonis
2858 2411 2915 2455 et
2958 2399 3124 2455 Mauri
3173 2400 3388 2471 collegit

1813 2504 1996 2550 sancta
2055 2492 2279 2557 Hilaria,
2334 2491 2519 2547 relicta
2571 2500 2797 2561 martyr,
2848 2491 2937 2546 ubi
2985 2490 3109 2545 dum
3159 2492 3388 2547 assiduis

1814 2586 2144 2643 orationibus
2210 2593 2466 2646 vacaret,
2531 2582 2779 2652 migravit
2838 2584 2904 2636 ad
2964 2582 3263 2638 Dominum.
3328 2585 3385 2639 in

1814 2678 2019 2734 oriente
2062 2673 2320 2739 Mecrobi,
2349 2671 2584 2727 Claudici
2632 2681 2686 2726 et
2735 2664 2949 2726 Felicis.
2982 2672 3037 2726 lu
3082 2672 3386 2729 Nicomedia

1817 2768 2045 2832 Ambici,
2076 2764 2311 2820 Victoris
2340 2772 2392 2818 et
2417 2762 2569 2819 Julii.
2592 2761 2650 2816 In
2680 2760 2857 2818 Africa
2876 2761 3105 2829 Claudii,
3128 2762 3382 2831 Crispini,

1812 2862 2055 2932 uaginae,
2078 2858 2317 2923 Joannis,
2340 2855 2617 2926 Stephani.
2639 2855 2697 2911 lu
2724 2856 2996 2912 Pannonia
3023 2859 3192 2913 sancti
3227 2859 3381 2929 Agri-

1814 2953 1971 3009 cola.

1346 3042 1575 3099 EDITIO
1614 3046 1877 3104 BULLAN
1886 3045 1947 3100 Dl
1957 3042 2112 3100 ANA.

200 3136 305 3191 bis.
335 3133 600 3190 Laetiense
638 3132 723 3187 hic
752 3132 912 3188 habet
936 3131 1164 3203 elogium
1192 3132 1288 3187 SS.
1314 3132 1635 3200 Chrysanthi
1666 3147 1721 3192 et
1746 3140 1794 3203 ο
1824 3136 1940 3201 siae,
1987 3132 2203 3189 Juliani.
2236 3131 2322 3195 L.,
2352 3130 2534 3203 Romae
2565 3132 2738 3203 natale
2764 3139 3070 3187 sanctorum
3104 3130 3385 3203 Victorini,

127 3209 307 3263 Darize
354 3220 511 3273 supra
568 3204 818 3267 relatum,
870 3211 981 3256 tum
1024 3202 1209 3256 addit:
1242 3204 1444 3257 Eodem
1493 3207 1580 3261 die
1619 3208 1718 3261 ad-

131 3287 331 3401 veii'tns
371 3272 677 3330 sanctarum
708 3273 1054 3343 reliquiarum
1079 3273 1149 3327 de
1182 3272 1313 3327 urbe
1343 3274 1720 3331 Constantino-

131 3364 205 3419 po
234 3358 398 3401 itana.

205 3440 263 3493 2.
295 3467 366 3478 —
391 3436 588 3492 Nomas.
618 3434 785 3489 Vacat
816 3435 994 3500 Bazda,

207 3530 403 3586 Florus
453 3530 505 3582 in
560 3527 623 3581 A.
655 3538 708 3581 et
743 3527 831 3590 T.,
880 3527 1052 3595 primo
1083 3524 1222 3587 loco,
1246 3534 1300 3580 et
1329 3525 1380 3579 in
1410 3525 1497 3593 L.,
1527 3527 1619 3581 sed
1651 3527 1715 3581 ad

136 3642 169 3679 x
221 3622 346 3678 Kal.
400 3620 705 3713 Decembris
736 3638 748 3673 :
783 3618 1116 3689 Cappadocia
1159 3618 1377 3673 civitate
1433 3620 1608 3686 passio
1653 3620 1713 3675 8.

134 3716 361 3785 Longini
408 3710 705 3783 militis'qui
739 3712 877 3767 latus
909 3710 1119 3765 Domini
1160 3711 1340 3765 lancea
1368 3711 1561 3765 dicitur
1587 3728 1713 3781 ape-

133 3810 331 3865 ruisse.
365 3807 467 3873 Qui
501 3820 792 3859 conversus
836 3803 901 3857 ad
946 3804 1103 3858 ﬁdem
1128 3817 1245 3857 cum
1283 3801 1551 3857 Christum
1584 3820 1716 3871 pra:-

136 3902 366 3964 dicaret,
428 3906 607 3953 tentus
656 3900 724 3951 ab
766 3896 987 3951 Octavio
1037 3894 1307 3963 praelecto,
1358 3904 1633 3964 postquam
1665 3896 1711 3949 ei

139 3995 335 4047 dentes
365 3988 509 4044 ferro
535 3986 791 4043 confracti
822 3995 947 4040 sunt
974 3984 1260 4055 linguaque
1290 3984 1546 4051 abscissa,
1572 3984 1714 4053 capi-

142 4084 305 4139 talem
331 4081 490 4135 subiit
522 4081 866 4134 sententiam.

218 4173 308 4236 ν..
340 4171 526 4225 Romae
576 4171 752 4224 natale
786 4171 845 4227 S.
888 4169 1169 4235 Primitivi,
1195 4169 1456 4233 Pontiani,
1482 4166 1710 4222 Piminii.

139 4245 286 4299 Alibi
330 4241 476 4306 Veri,
517 4242 719 4304 Severi,
765 4241 1021 4297 Januarii.
1074 4241 1257 4295 Roma:
1313 4242 1369 4294 S.
1399 4242 1424 4268 ⁸
1461 4238 1712 4294 Βὶιήτιηω.

138 4318 207 4369 A.
240 4315 331 4377 T.,
363 4311 545 4366 Roma:
574 4312 763 4365 natalis
792 4312 888 4366 SS.
917 4311 1194 4378 Victorini,
1231 4310 1500 4371 Demetrii,
1526 4320 1581 4363 et
1612 4311 1711 4361 Do-

137 4384 295 4441 uatii.
320 4382 408 4451 T.,
444 4381 508 4435 Et
536 4383 709 4451 passio
748 4382 845 4437 SS.
895 4382 1179 4449 Primenti,
1223 4382 1490 4444 Pontiani,
1524 4380 1713 4433 Dalm-

1824 3200 2123 3267 Priiuentii,
2175 3203 2444 3266 Pontiani;
2490 3200 2742 3266 Dafrosii,
2788 3203 3015 3257 Demetii
3059 3210 3115 3256 et
3160 3202 3379 3256 Urbani.

1831 3277 1919 3341 D.,
1950 3275 2133 3329 Romae
2159 3273 2421 3329 Juviuiani
2454 3282 2504 3324 et
2526 3271 2709 3326 Fausti
2734 3284 3044 3341 martyrum.
3070 3273 3135 3326 Et
3155 3272 3388 3327 Dafrosa:

1824 3347 1967 3401 ﬁliae.
1988 3347 2047 3398 Β.
2070 3345 2288 3413 Agnetis
2307 3342 2577 3413 secundae.
2599 3344 2686 3407 C.,
2713 3342 2893 3397 Romae
2916 3343 3103 3396 natalis
3131 3342 3380 3406 Pimenti,

1828 3416 2092 3479 Pontiani,
2124 3412 2347 3468 l’isiuni.
2381 3412 2541 3478 Alibi,
2586 3413 2791 3478 Securi,
2826 3413 3083 3477 Januarii,
3119 3412 3378 3474 Vibianat,

1819 3486 2073 3539 Dairosae.
2107 3486 2191 3548 B.,
2240 3485 2422 3537 Roma:
2461 3485 2635 3537 natale
2682 3483 2780 3537 SS.
2833 3484 3069 3547 Primiti,
3116 3481 3382 3543 Pontiani.

1822 3556 2046 3610 Viuiani.
2081 3553 2420 3609 Crenornanis
2455 3553 2667 3608 civitate
2708 3553 2970 3621 depositio
2994 3556 3051 3608 S.
3077 3558 3105 3598 ιι
3140 3553 3383 3608 Domnoli

1822 3628 2056 3752 gpiscopi
2086 3636 2152 3705 et
2197 3626 2339 3679 conf.
2388 3625 2444 3678 In
2488 3620 2792 3678 Mauritania
2847 3625 3053 3691 Securi,
3109 3620 3389 3692 Victorini,

1866 3710 2117 3752 ortunau.

1866 3710 2117 3753 0l'lUll8ll.

1892 3795 1945 3850 5.
1976 3823 2045 3837 —-
2073 3796 2137 3850 lll
2162 3795 2359 3850 Nonas.
2392 3793 2553 3848 Vacat
2583 3792 2760 3847 Bzeda.

1894 3887 1980 3953 D.,
2015 3887 2196 3940 Romae
2227 3888 2247 3915 ε
2273 3883 2475 3938 Claudii
2498 3882 2717 3953 Tribuni
2738 3881 3023 3953 et_Hila_rize
3047 3880 3228 3953 uxoris
3248 3880 3387 3953 ejus,

1822 3966 1876 4012 et
1901 3951 2106 4011 JaSonIs
2130 3968 2182 4010 et
2224 3955 2411 4007 Mauri.
2464 3954 2525 4007 Β.
2556 3954 2615 4007 C.
2666 3952 2751 4016 V.,
2796 3951 2852 4005 lu
2902 3951 3117 4005 Oriente
3163 3951 3387 4016 Meroni,

1821 4028 2053 4082 tllaudici
2102 4034 2156 4079 et
2209 4023 2427 4079 Felicis.
2479 4023 2533 4077 in
2585 4021 2759 4076 Africa
2806 4021 3098 4089 Crispiuae,
3151 4021 3383 4089 Magnae,

1816 4098 2057 4153 Joannis.
2091 4096 2148 4148 Β.
2193 4098 2258 4147 A.
2290 4094 2356 4148 T.
2388 4094 2473 4159 L.,
2506 4093 2563 4148 ln
2591 4094 2767 4146 Africa
2800 4093 2974 4145 natale
3001 4092 3099 4146 SS.
3135 4091 3383 4158 Crispini,

1817 4170 2011 4237 Magni,
2052 4165 2294 4237 Joannis.
2326 4165 2389 4237 Τ.
2423 4164 2509 4237 L.,
2557 4163 2924 4237 Et_Steph_ani
2958 4173 3275 4237 martyrum.
3303 4162 3388 4237 BJ,

1818 4231 2093 4308 Stephani,
2147 4234 2396 4308 Victoris,
2444 4233 2764 4304 Martinialn
2806 4232 3041 4287 Bononia
3087 4233 3186 4289 SS.
3232 4231 3387 4303 Agri-

1816 4306 1946 4364 cola:
1975 4318 2029 4362 et
2052 4307 2079 4346 ιι
2105 4306 2370 4361 Cassiani.

1495 4471 1700 4525 SMl'l'll
1740 4467 1961 4523 NOTAE.

216 4579 240 4604 ἰ
272 4568 522 4621 Bibianw.
566 4567 747 4621 Fausti
796 4576 849 4620 et
896 4566 1132 4619 Dairosae
1174 4564 1314 4617 ﬁliae.
1348 4564 1476 4627 Quae
1502 4561 1721 4631 jubente
1751 4564 1796 4624 C
1827 4556 2314 4631 Claudiumjussit
2341 4553 2692 4631 Numerianus
2722 4553 3237 4631 imperatoringenti
3265 4567 3395 4605 saxo

138 4642 469 4705 imperatore
491 4636 703 4690 Juliauo
736 4637 918 4690 tandiu
949 4635 1230 4704 plumbatis
1257 4648 1392 4705 caesa
1418 4644 1519 4696 est,
1546 4635 1714 4705 donec

138 4702 403 4780 spiritum
436 4708 701 4780 redderet.
749 4705 914 4780 Cujus
950 4702 1151 4780 corpus
1182 4705 1339 4759 biduo
1365 4702 1716 4780 jussu_impe-

140 4772 339 4836 ratoris
397 4779 447 4830 in
498 4778 610 4831 loro
652 4772 856 4845 jacuit';
918 4772 1127 4829 tandem
1180 4783 1389 4840 raptum
1434 4790 1460 4822 a
1507 4772 1713 4826 Joanne

140 4850 481 4919 presbytero,
516 4850 782 4919 sepultum
810 4854 893 4899 est
918 4846 1182 4919 indomo,
1224 4846 1310 4919 ubi
1344 4852 1510 4896 mater
1535 4852 1709 4919 et‘so-

141 4914 236 4974 rur
266 4914 380 4986 ejus
412 4918 674 4971 Demetria
701 4917 811 4987 jam
847 4917 1066 4987 sepultae
1094 4925 1248 4987 erant
1280 4914 1713 4987 juxjtagpalatium

143 4983 477 5046 Licinianum
504 4983 866 5042 RomaiiAno.
892 4983 967 5040 De
996 4990 1095 5039 hac
1120 4986 1171 5039 in
1196 4983 1313 5038 Vita
1346 4985 1406 5038 S.
1437 4984 1717 5052 Piginenii,

140 5064 215 5116 24
244 5060 435 5115 Martii.

222 5132 248 5169 δ
284 5130 541 5183 Domnoli.
586 5128 760 5183 Pridie
794 5127 1076 5182 defunctus
1100 5138 1182 5181 est
1208 5126 1266 5180 S.
1300 5124 1611 5188 Domnolus,
1668 5134 1722 5177 et

143 5205 213 5257 ad
245 5216 367 5257 eum
408 5200 547 5252 diem
597 5201 735 5253 illius
776 5200 969 5253 festum
1009 5196 1363 5250 anniversaria
1409 5196 1722 5247 celebritate

144 5272 408 5329 recolitur
436 5286 465 5324 a
491 5270 998 5324 Ceuomanensibus.
1029 5268 1132 5321 Sed
1166 5266 1347 5319 nescio
1371 5279 1537 5332 quare
1566 5264 1721 5317 hodie

146 5352 497 5405 memoratur,
532 5342 630 5393 nisi
664 5341 802 5409 quod
836 5341 944 5403 ille,
975 5340 1062 5409 qui
1102 5336 1269 5405 pridie
1305 5337 1529 5399 colatur,
1578 5334 1722 5387 facili

145 5428 339 5471 errore
368 5412 431 5464 ad
462 5407 769 5480 sequentem
800 5409 939 5463 diem
982 5407 1261 5462 referatur.

228 5495 251 5523 ε
288 5482 515 5537 Claudii.
540 5476 662 5546 'Qui
693 5497 757 5534 ex
786 5488 1127 5549 persecutore
1159 5480 1324 5531 lactus
1355 5486 1435 5531 est
1464 5476 1723 5530 Christia-

150 5570 275 5620 nus,
303 5570 423 5609 cum
455 5552 669 5606 vidisset
695 5550 1085 5619 Chrysanthum
1127 5549 1302 5601 omnia
1352 5557 1613 5620 tormenta
1636 5561 1726 5620 su-

148 5616 451 5699 perantem,
494 5634 546 5675 et
576 5616 864 5699 audivisset
903 5636 1024 5675 eum
1069 5620 1201 5673 deos
1245 5618 1480 5696 gentium
1520 5616 1725 5699 apertis

151 5687 452 5754 rationibus
500 5696 896 5757 coul'utantem;
951 5706 1047 5745 nec
1092 5699 1295 5743 tantum
1328 5689 1440 5758 ipse
1471 5688 1532 5739 ad
1568 5687 1721 5739 tidem

151 5781 444 5823 conversus
469 5773 568 5829 est,
602 5763 697 5817 sed
728 5772 780 5817 et
809 5762 1002 5816 llilaria
1032 5776 1162 5815 uxor
1191 5763 1325 5827 ejus,
1354 5768 1409 5812 et
1439 5758 1529 5811 lilii
1561 5758 1722 5829 Jasou

152 5851 209 5899 et
258 5838 469 5893 Maurus
516 5849 635 5889 cum
683 5834 1015 5904 septuaginta
1073 5831 1367 5897 militibus;
1421 5845 1487 5885 ex
1532 5828 1721 5898 quibus

1824 4630 2094 4698 alligatum
2126 4623 2179 4680 in
2207 4626 2410 4698 ﬁumen
2443 4624 2767 4698 praecipitem
2797 4623 2935 4688 dari,
2966 4624 3170 4698 milites
3185 4638 3313 4698 vero
3341 4631 3395 4676 et

1822 4692 1959 4753 ﬁlios
2001 4701 2164 4767 ipsius
2206 4695 2414 4749 Claudii
2452 4695 2667 4767 capitali
2712 4697 2970 4748 sententia
3005 4694 3193 4767 puniri.
3231 4692 3389 4767 Beata

1820 4781 1995 4823 autem
2021 4762 2234 4822 'Hilaria
2277 4782 2395 4819 cum
2441 4766 2667 4818 ﬁliorum
2712 4778 2935 4832 corpora
2969 4763 3288 4829 sepeliisset,
3322 4762 3389 4815 ad

1823 4856 2007 4894 eorum
2049 4840 2349 4907 sepulcrum
2393 4850 2553 4889 orans
2596 4837 2752 4901 paulo
2797 4844 2972 4901 posta
3004 4832 3219 4907 paganis
3249 4841 3389 4888 tenta

1821 4912 2067 4978 migravit
2111 4902 2189 4959 'ad
2251 4906 2553 4959 Dominum.
2610 4907 2804 4978 Eorum
2852 4918 2937 4978 res
2984 4913 3150 4969 gesta:
3194 4902 3395 4978 juncta:

1824 4974 2084 5033 habentur
2133 4979 2276 5030 Actis
2312 4978 2409 5032 SS.
2460 4976 2779 5044 Chrysanthi
2812 4986 2863 5027 et
2896 4975 3077 5044 Danae
3108 4974 3245 5040 apud
3292 4974 3393 5044 Stt-

1822 5051 1998 5173 fqinjul,
2052 5060 2180 5102 tom.
2236 5046 2299 5114 V,
2348 5049 2436 5103 die
2478 5042 2803 5108 25—Octob.,
2850 5052 2905 5097 et
2946 5042 3083 5112 apud
3132 5044 3275 5097 Petr.
3325 5043 3394 5097 de

1872 5136 1897 5172 a
1927 5138 1951 5171 a
1982 5161 1994 5172 .

1872 5122 1994 5173 atal.

1895 5191 1920 5227 ά
1956 5190 2207 5244 Cassiani.
2262 5188 2357 5241 Hic
2400 5204 2503 5241 non
2550 5185 2813 5249 Bononiae,
2864 5184 2959 5240 sed
2999 5183 3150 5252 Τίηεί
3198 5192 3397 5237 metro-

1828 5263 1929 5328 poli
1978 5262 2303 5313 Mauritania:
2337 5258 2629 5326 Tingitana:
2661 5271 2846 5324 passus
2883 5266 2984 5328 est.
3013 5256 3112 5328 Qui
3140 5263 3396 5328 excepto—

1826 5326 1899 5385 ris
1926 5331 2158 5384 ofﬁcium
2188 5331 2279 5385 diu
2302 5346 2533 5399 gerens,
2570 5330 2779 5399 tandem
2829 5326 3038 5399 caelitus
3083 5326 3394 5399 inspiratus,

1826 5403 2155 5457 exsecrabile
2212 5396 2363 5455 duxit
2412 5397 2834 5453 Christianorum
2905 5397 3019 5449 neci
3080 5396 3391 5460 deservire;

1828 5472 1970 5525 unde
2014 5476 2321 5526 renuntiatis
2352 5470 2523 5525 eidem
2554 5467 2751 5533 ofﬁcio,
2782 5468 2882 5521 sub
2918 5466 3216 5521 Christiana
3260 5479 3391 5519 cou-

1829 5544 2057 5597 l’essione
2089 5544 2410 5609 triumphum
2434 5542 2629 5593 meruit
2654 5538 2898 5592 obtinere
2925 5536 3169 5609 martyrii
3195 5552 3211 5599 ;
3242 5536 3394 5605 cujus

1828 5628 2021 5681 corpus
2054 5616 2104 5666 in
2152 5608 2365 5680 pricl'ata
2395 5611 2612 5664 civitate
2642 5611 2953 5662 tnmu‘ulum
2988 5608 3110 5681 inde
3140 5621 3390 5675 processu

1832 5680 2082 5751 temporis
2126 5684 2191 5735 ad
2240 5684 2505 5736 civitatem
2564 5682 2881 5736 Imolensem
2932 5680 3245 5735 translatum
3288 5686 3394 5735 est.

1772 5742 1797 5756 ’
1832 5742 1998 5809 Perii.
2032 5770 2097 5808 na
2124 5753 2322 5807 ΝΑτΑι..
