4064 6346
592 433 731 493 “21

1296 432 1511 492 ‘BEDzE
1553 433 2004 490 VENERABILIS
2043 432 2193 488 OPP.
2235 432 2411 490 PARS
2450 435 2539 491 lV.
2582 461 2651 474 -—
2692 433 3077 492 HISTORICA.

3711 443 3869 503 1128

1826 552 2054 608 EDlTlO
2095 550 2564 610 COLONIENSIS.

584 653 802 708 sisteret
830 648 918 705 ubi
968 648 1109 704 beati
1152 656 1419 719 martyres
1459 645 1816 711 laniabantur,
1847 645 1986 699 inter
2015 659 2151 713 quos
2182 651 2233 708 Α
2259 646 2500 701 ultimum
2549 647 2769 717 jubetur
2813 650 2988 705 exuri.
3048 647 3107 705 ln
3159 650 3375 711 civitate
3421 654 3636 713 Verona
3679 659 3875 716 natale

596 755 713 801 erat
738 742 979 799 Julianus
1006 751 1060 797 et
1090 740 1274 795 Eunus
1316 738 1369 794 in
1419 738 1626 794 Domini
1647 738 1771 793 .lesu
1814 736 2011 792 Christi
2041 751 2171 790 con-

2271 740 2441 794 sancti
2474 739 2708 797 Zenonis
2739 743 3009 813 martyris.

589 836 824 892 fessione
856 833 1225 903 perdurantes,
1273 840 1327 887 et
1355 832 1613 902 quosdam
1640 831 1879 886 volentes
1905 832 2069 885 etiam
2101 830 2168 883 il-
2253 813 2275 859 Χ
2342 832 2408 888 G.
2464 833 2503 887 V
2552 832 2673 890 Ibus
2730 834 2973 890 Dsceus.
3001 836 3281 895 —Natale
3324 850 3525 896 sancta:
3581 841 3876 900 Leocadiaz

594 929 777 984 ludere
821 927 1044 981 mortuis
1093 925 1439 980 cadaveribus
1483 934 1801 995 martyrum,
1833 922 2169 992 prohiberet,

589 1023 793 1077 clamor
819 1020 1075 1075 adversus
1100 1034 1222 1074 eum
1247 1019 1405 1073 totius
1433 1018 1576 1087 vulgi
1609 1017 1905 1073 extollitur.
1934 1014 2172 1071 Olfertur

589 1115 761 1185 judici
793 1114 1114 1169 fortissimus
1144 1111 1301 1167 miles
1324 1112 1431 1181 jam
1464 1111 1697 1177 Domini,
1731 1121 1784 1166 et
1811 1127 2081 1180 nunquam
2114 1124 2175 1166 se

595 1207 817 1262 inferior
844 1206 1015 1260 factus
1044 1205 1097 1258 in
1127 1204 1465 1260 confessione
1497 1205 1810 1274 persistens,
1858 1204 2033 1273 capite
2076 1220 2174 1274 pro

595 1301 797 1371 pietate
847 1299 1156 1354 damnatur.
1215 1301 1367 1367 Apud
1424 1298 1721 1353 Sanctonas
1766 1298 1905 1351 beati
1956 1296 2173 1352 Martini

597 1393 833 1460 abbatis,
870 1391 1123 1461 discipuli
1146 1391 1315 1444 sancti
1342 1390 1552 1444 Martini
1577 1390 1856 1444 Turonicaz
1883 1390 2031 1444 urbis
2059 1389 2176 1457 epi-

595 1488 768 1559 scopi,
818 1486 909 1554 qui
958 1487 1010 1539 in
1051 1486 1379 1540 monasterio
1421 1484 1561 1553 quod
1611 1484 1916 1548 aedificavit.
1952 1486 2005 1539 in
2048 1500 2180 1553 pace

599 1579 847 1650 quiescit.
873 1580 929 1633 In
957 1578 1239 1633 Antiochia
1274 1578 1447 1632 natale
1478 1578 1751 1649 Polycarpi
1792 1586 1845 1632 et
1883 1577 2175 1633 Theodori.

596 1673 797 1728 Eodem
829 1672 917 1727 die
946 1682 1133 1727 octava
1158 1670 1329 1727 saneti
1357 1671 1611 1726 Andreae.
2048 1680 2053 1683 ’

669 1765 728 1819 F.
784 1764 847 1820 Vl
889 1765 1012 1819 lous
1059 1764 1296 1818 Dscsna.
1328 1763 1714 1831 —Conceptio
1756 1774 1954 1818 sancta:
2002 1764 2182 1818 Maria:

596 1867 868 1925 perpetuae
899 1854 1139 1923 virginis.
1190 1855 1373 1908 Romae
1417 1856 1594 1910 natale
1638 1857 1806 1911 sancti
1852 1857 2170 1927 Eutychiani

609 1960 777 2016 papze,
820 1946 907 2013 qui
958 1945 1094 1998 rexit
1141 1944 1440 1999 Ecclesiam
1485 1960 1684 2000 annum
1736 1962 1923 2011 unum,
1981 1955 2034 2001 et
2080 1946 2182 2001 sub

2272 925 2518 993 virginis,
2565 942 2687 992 qua:
2741 936 2985 997 tempore
3019 930 3335 988 Diocletiani
3382 944 3437 990 et
3474 936 3793 993 Maximiani
3845 954 3875 992 a

2274 1016 2528 1086 praefecto
2562 1016 2955 1087 Hispaniarum.
2984 1021 3239 1090 Daciano,
3285 1026 3427 1093 apud
3457 1026 3711 1083 Toletum
3750 1029 3873 1083 dira

2279 1108 2515 1162 carceris
2538 1110 2781 1163 custodia
2810 1122 3082 1166 macerata
3105 1123 3209 1168 est.
3235 1115 3337 1172 Ubi
3360 1132 3480 1171 cum
3512 1120 3879 1188 gravissimos

2278 1197 2449 1253 beatae
2484 1199 2724 1270 Eulaliae,
2756 1210 2809 1255 et
2839 1202 3166 1272 reliquorum
3222 1218 3537 1279 martyrum,
3571 1212 3664 1279 qui
3700 1225 3733 1264 a
3766 1210 3875 1266 Da-

2279 1291 2436 1345 ciano
2460 1292 2943 1362 interficiebantur,
2969 1298 3209 1354 audisset
3236 1302 3529 1371 cruciatus,
3562 1305 3803 1372 genibus
3826 1306 3879 1360 in

2282 1384 2525 1439 oratione
2559 1386 2763 1454 positis,
2798 1388 3135 1458 impollutum
3168 1391 3381 1449 Christo
3409 1396 3659 1464 spiritum
3686 1400 3875 1453 reddi-

2282 1474 2384 1529 dit.
2416 1476 2534 1546 lpso
2561 1476 2648 1532 die
2676 1477 2821 1532 beati
2859 1480 3111 1551 Cypriani
3143 1481 3352 1538 abbatis
3384 1484 3723 1555 Petragorici
3766 1502 3853 1541 ma

2282 1570 2491 1638 gnificat:
2518 1570 2820 1625 sanctitatis
2848 1571 2973 1627 viri.
3021 1573 3078 1626 ln
3108 1574 3289 1630 Africa
3328 1577 3506 1631 natale
3537 1576 3714 1643 Petri,
3747 1577 3881 1634 Suc-

2282 1662 2443 1725 ceSsi,
2496 1661 2782 1729 Primitivi,
2825 1662 3087 1717 Publicini
3134 1675 3190 1719 et
3238 1666 3463 1721 aliorum
3494 1668 3709 1738 viginti.
3744 1668 3879 1724 Tre-

2284 1756 2413 1810 viris
2444 1752 2709 1824 depositio
2754 1756 2923 1811 sancti
2974 1758 3224 1813 Eucbarii
3272 1761 3511 1831 episcopi
3556 1771 3614 1818 et
3663 1762 3883 1819 confes-

2285 1863 2444 1903 SOTlS.

2360 1945 2424 1997 A.
2480 1941 2545 1996 IV
2591 1941 2710 1998 Inus
2756 1942 3299 2000 Decum—Roma;
3338 1947 3508 2001 sancti
3559 1947 3881 2004 Melcbiadis

597 2037 889 2093 Aureliano
930 2037 1254 2107 imperatore
1290 2039 1545 2109 martyrio
1586 2051 1893 2106 coronatus,
1944 2040 2183 2110 sepultus
2216 2024 2259 2083 Β
2291 2050 2463 2106 papae,
2495 2035 2582 2103 qui
2623 2034 2762 2089 sedit
2807 2036 2859 2089 in
2899 2037 3209 2107 episcopatu
3258 2054 3426 2095 annos
3454 2050 3586 2109 tres,
3630 2043 3882 2110 sepultus

594 2142 679 2186 est
734 2129 786 2185 in
819 2133 1130 2187 coemeterio
1174 2130 1403 2197 Callisti,
1451 2135 1540 2201 qui
1594 2134 1791 2200 et-ipse
1823 2150 1917 2203 per
1966 2134 2181 2190 diversa

594 2227 710 2283 loca
744 2236 1012 2282 trecentos
1040 2227 1389 2297 quadraginta
1419 2228 1554 2283 duos
1587 2240 1853 2301 martyres
1884 2245 2045 2284 manu
2087 2245 2186 2285 sua

595 2316 861 2385 sepelivit.
899 2316 995 2370 Hic
1038 2317 1315 2371 constituit
1359 2317 1538 2388 fruges
1569 2333 1729 2388 super
1771 2319 1940 2373 altare
1980 2329 2184 2373 tantum

599 2406 751 2460 fabas
796 2415 851 2458 et
900 2420 1031 2459 uvas
1083 2405 1345 2460 benedici.
1411 2408 1563 2476 Apud
1621 2408 1996 2466 Alexandriam
2047 2407 2188 2465 beati

602 2495 862 2553 Macharii
892 2495 992 2550 sub
1020 2496 1205 2562 Decio,
1254 2498 1344 2566 qui
1382 2508 1539 2568 gente
1567 2498 1816 2570 Pibycus,
1849 2516 1971 2555 cum
2002 2501 2183 2555 multis

601 2590 781 2645 verbis
810 2604 840 2642 a
863 2588 1043 2658 judice
1071 2590 1136 2643 ad
1182 2590 1484 2659 negandum
1514 2592 1849 2661 suaderetur,
1880 2604 1933 2648 et
1961 2609 2026 2650 eo
2062 2609 2181 2649 ma-

595 2681 717 2752 jore
764 2678 1062 2736 constantia
1102 2679 1261 2736 fidem
1309 2696 1460 2737 suam
1500 2682 1863 2753 proﬁteretur,
1917 2686 2069 2739 vivus
2114 2684 2181 2738 ad

2287 2140 2369 2185 est
2402 2132 2451 2184 in
2486 2133 2801 2186 coemeterio
2830 2132 3057 2189 Callisti.
3114 2136 3208 2190 llic
3256 2136 3536 2192 constituit
3563 2146 3623 2191 ut
3664 2139 3756 2191 die
3782 2137 3884 2191 Do-

2287 2223 2505 2287 minico,
2536 2232 2629 2278 aut
2657 2224 2788 2279 feria
2834 2226 3018 2295 quinta
3048 2227 3223 2281 nullus
3248 2227 3544 2298 jejunaret,
3577 2229 3707 2299 quia
3734 2230 3885 2297 ipsos

2288 2315 2401 2369 dies
2450 2315 2663 2385 pagani,
2690 2316 2843 2385 quasi
2893 2330 3051 2372 sacro
3076 2317 3282 2386 jejunio
3330 2318 3627 2373 celebrant.
3676 2320 3746 2373 Et
3793 2320 3887 2375 hic

2292 2404 2602 2468 constituit,
2655 2413 2714 2458 ut
2762 2420 2825 2460 ex
2876 2417 3194 2462 consecratu
3256 2409 3520 2477 episcopi,
3574 2410 3883 2464 oblationes

2295 2506 2519 2564 propter
2567 2495 2853 2551 hmreticos
2886 2512 2983 2566 per
3011 2499 3266 2554 ecclesias
3312 2498 3693 2569 dirigerentur.
3725 2501 3883 2568 Apud

2290 2587 2580 2641 Emeritam
2605 2586 2875 2658 Hispania:
2901 2589 3171 2644 civitatem
3196 2591 3373 2644 natale
3402 2601 3606 2645 sancta:
3633 2590 3881 2645 Eulalia.

2290 2682 2418 2749 Quae
2461 2695 2582 2735 cum
2637 2690 2785 2737 esset
2833 2696 3095 2737 annorum
3125 2682 3404 2753 tredecim,
3446 2684 3608 2754 jussu
3651 2683 3868 2738 Daciani

1844 2778 2074 2834 EDlTlO
2115 2775 2615 2833 BOLLANDIANA.

602 2869 866 2941 depositio
1015 2867 1287 2939 Eutyciani
1314 2867 1429 2951 [D.,
1458 2868 1766 2999 curationi}1
1787 2870 2047 2941 episcopi.
2082 2871 2183 2956 I30—

603 2949 803 2996 stremo
852 2941 973 2994 huic
992 2938 1140 2995 deest
1165 2938 1314 2994 locus
1343 2956 1395 2994 in
1425 2941 1691 2997 Laetlensr.
1776 2983 1815 2999 ..
1852 2942 2039 2997 Romae
2068 2942 2180 2996 Eu-

603 2938 803 3063 str'emo
852 2940 973 2994 huic
992 2938 1140 2995 deest
1165 2938 1395 2994 locus'in
1425 2941 1691 2997 Laetiensi.
1725 2938 2039 3007 C.,'Romae
2068 2942 2180 2996 Eu-

628 3026 825 3083 yciom.

676 3101 730 3157 8.
752 3132 825 3143 —
843 3100 911 3157 Vl
934 3102 1075 3159 lous.
1107 3102 1273 3157 Vacat
1294 3101 1471 3157 Baeda.

675 3193 764 3259 D.,
818 3195 1047 3249 Roma:al
1079 3195 1391 3263 Eutycltiani
1446 3208 1591 3262 papae
1643 3206 1698 3249 et
1750 3195 2034 3265 martyris,
2083 3196 2173 3264 qui

2358 2866 2419 2920 C.
2452 2865 2537 2932 V.,
2578 2865 2766 2938 Natale
2793 2863 2819 2903 ι)
2852 2864 2969 2936 Syri
3012 2865 3123 2938 [C.,
3173 2866 3231 2919 S.
3288 2865 3524 2938 Sisinnij
3553 2868 3883 2924 confessoris

2289 2939 2357 2991 de
2412 2936 2897 3003 transmigratione.
2947 2936 3027 2989 ln’
3060 2938 3238 2991 Africa
3284 2938 3451 3003 Petri,
3491 2936 3756 2991 Successi
3805 2940 3879 3007 [6.

2290 3024 2392 3061 om.
2446 3006 2738 3077 Successi].
2772 3008 2829 3059 D.
2864 3015 2920 3060 et
2962 3010 3046 3067 L.,
3079 3008 3136 3062 S.
3170 3008 3445 3062 Leocadiaa
3494 3009 3725 3077 virginis
3769 3024 3883 3075 quae

2294 3087 2537 3145 tempore
2564 3077 2875 3130 Diocletiani
2918 3087 2970 3131 et
3001 3077 3307 3131 Maximiani
3341 3093 3370 3131 a
3400 3080 3663 3147 praefecto
3696 3077 3888 3146 Hispa-

2292 3149 2499 3201 niarum
2532 3147 2760 3201 Daciano
2783 3148 2921 3217 apud
2951 3148 3197 3200 Toletum
3229 3148 3344 3201 dira
3387 3158 3409 3185 ε
3442 3149 3684 3203 carceris
3708 3159 3883 3203 custo-

2293 3220 2379 3272 dia
2415 3227 2677 3272 macerata
2710 3228 2809 3273 est.
2846 3222 2933 3281 A.,
2962 3218 3243 3272 Antiochia
3296 3220 3473 3272 natale
3504 3219 3609 3276 SS.
3636 3220 3881 3283 Geronti,

609 3280 773 3356 {113139,
785 3269 1321 3356 “pifogriyrgceqtog,
1352 3266 1700 3356 quadraginta
1722 3266 2184 3356 σάυεξμιξξξξςιχτξξε
2213 3285 2262 3348 c
2297 3266 3115 3356 ἣέἶιέὶἰῐεὶιῖἓὶἘὶῖἶιόξςέιῖεξζϊῖ
3129 3266 3879 3351 il,"Aiiiiééitiiiiaiaié'ssi

610 3336 877 3404 sepelivit.
901 3335 963 3390 C.
996 3337 1057 3391 B.
1090 3334 1152 3389 V.
1184 3336 1251 3389 A.
1279 3334 1343 3389 Τ.
1377 3335 1463 3402 L.,
1497 3336 1681 3391 Ro'lua:
1722 3334 1782 3391 S.
1819 3336 2029 3390 Eusebii
2064 3334 2191 3403 Sepi-

608 3407 759 3475 scopi
805 3416 861 3461 et
902 3406 1063 3461 Urani
1122 3406 1444 3474 presbyteri,
1469 3415 1525 3460 et
1564 3407 1807 3461 Successi
1839 3408 2097 3474 episcopi.
2132 3407 2189 3460 ln

608 3477 671 3529 L.
717 3476 868 3529 deest
918 3478 1219 3529 Eusebius:
1252 3475 1302 3528 in
1344 3477 1409 3529 Τ.
1435 3487 1488 3529 et
1532 3480 1594 3529 A.
1648 3478 1823 3529 locus:
1878 3477 2089 3529 additur
2136 3479 2188 3529 in

608 3477 671 3529 L.
717 3477 868 3531 deest
918 3478 1219 3531 Eusebius:
1252 3477 1302 3528 in
1344 3477 1409 3530 T.
1435 3487 1488 3530 et
1532 3480 1594 3530 A.
1648 3478 1823 3541 locus;
1878 3477 2089 3530 additur
2136 3479 2188 3530 in

607 3546 673 3601 T.
704 3564 714 3597 :
749 3553 822 3599 Ac
852 3547 1029 3601 natale
1068 3547 1126 3617 Sy.
1154 3546 1355 3601 Sabini.
1386 3546 1439 3598 In
1463 3547 1564 3617 Υ..
1600 3548 1872 3612 Depositio
1905 3548 2187 3617 Eutyciani

605 3617 864 3697 episcopi.
907 3618 975 3672 A.
1010 3616 1075 3671 Τ.
1104 3616 1189 3684 ι..,
1220 3616 1508 3695 Conceptio
1549 3618 1606 3672 S.
1641 3619 1820 3673 Mariae
1858 3616 2045 3672 matris
2075 3620 2186 3673 Do-

607 3702 759 3742 ιυιηι.

681 3800 737 3856 9.
758 3828 831 3841 —-
853 3798 897 3855 γ
918 3797 1058 3855 lous.
1092 3798 1256 3855 Vacat
1286 3799 1460 3855 Baeda.

1995 3914 2200 3971 SMITH
2239 3916 2464 3972 NOTAE.

610 4007 825 4064 meliam
876 4005 1163 4061 inferentes
1207 4005 1478 4075 propulit;
1506 4005 1875 4061 conclamante
1904 4006 2062 4077 igitur
2091 4010 2185 4063 ad-

612 4094 797 4132 versus
825 4092 944 4132 eum
974 4077 1168 4144 populo
1192 4079 1243 4130 in
1271 4076 1358 4146 jus
1387 4077 1647 4131 adductus
1676 4086 1781 4141 est,
1813 4087 1869 4132 et
1893 4076 2012 4131 cum
2043 4081 2093 4131 in
2121 4095 2187 4133 eo

608 4150 899 4204 certamine
944 4148 1152 4215 pietatis
1194 4164 1252 4202 se
1296 4157 1513 4202 strenue
1553 4148 1829 4217 gessisset,
1864 4151 2035 4203 securi
2068 4165 2189 4218 per-

494 4239 509 4251 '
608 4234 796 4274 cussus
822 4220 1082 4273 est..Ano.

686 4293 711 4318 υ
756 4288 1081 4358 Eutychiani.
1110 4288 1165 4341 ln
1197 4286 1460 4343 Chronico
1492 4288 1720 4343 Damasii
1757 4288 1952 4357 legitur
1981 4308 1995 4346 :
2026 4309 2044 4342 ‹
2076 4291 2188 4345 Eu-

613 4360 893 4429 tycbianus
950 4359 1101 4413 annis
1153 4370 1293 4425 octo,
1348 4360 1621 4413 mensibus
1674 4361 1940 4421 undecim,
1997 4362 2185 4418 diebus

616 4428 804 4485 tribus.
840 4428 963 4483 Fuit
994 4431 1319 4497 temporibus
1346 4431 1613 4484 Aureliani
1647 4446 1675 4482 a
1704 4434 1979 4485 consulatu
2015 4434 2187 4487 Aure-

611 4502 736 4555 liani
766 4500 827 4554 Ill
856 4509 911 4553 et
938 4500 1230 4553 Marcellini
1263 4515 1430 4569 usque
1456 4503 1506 4555 in
1540 4500 1681 4554 diem
1712 4517 1783 4555 vn
1813 4502 1935 4555 ldus
1968 4503 2189 4557 Decem-

613 4572 745 4635 bris,
774 4570 908 4625 Caro
934 4587 971 4625 ll
1013 4579 1068 4625 et
1108 4569 1302 4624 Carino
1329 4571 1657 4625 consulibus.
1690 4572 2008 4626 Aurelianus
2038 4574 2103 4627 Ill
2132 4585 2189 4627 et

2302 3358 2542 3422 Geronti,
2590 3358 2886 3423 Valentini,
2940 3360 3191 3422 Silvanw,
3222 3358 3462 3425 Donatus,
3513 3362 3765 3427 Agnillaa.
3799 3360 3882 3422 T.,

2299 3430 2368 3485 Et
2411 3431 2742 3499 Ermogenis.
2777 3429 2844 3483 Et
2882 3430 3060 3498 passio
3088 3431 3143 3483 S.
3178 3430 3455 3484 Leocadize
3487 3432 3737 3497 virginis.
3768 3430 3884 3493 ipso

2300 3501 2387 3554 die
2416 3503 2471 3556 S.
2506 3499 2661 3555 Sirici
2692 3500 2947 3567 episcopi.
2982 3500 3064 3564 D.,
3097 3501 3150 3554 In
3194 3500 3368 3554 Africa
3417 3500 3517 3555 SS.
3549 3501 3719 3562 Petri.
3752 3503 3883 3557 Suc-

2302 3573 2463 3633 cessi,
2497 3571 2695 3633 Basini,
2729 3570 3030 3641 Porphyrii,
3066 3570 3282 3625 Urbani.
3326 3570 3382 3623 ln
3431 3571 3617 3641 Africa
3647 3572 3745 3627 SS.
3785 3570 3885 3624 Ge-

2300 3643 2491 3705 nerati,
2520 3641 2795 3709 Polentiae,
2825 3639 3076 3709 Silvanze,
3112 3641 3426 3706 Valentiam,
3456 3639 3661 3699 Felicis
3700 3652 3754 3697 et
3786 3642 3887 3696 Eu-

2301 3712 2518 3782 tyciani.

2360 3828 2452 3881 10.
2472 3854 2542 3867 --
2565 3824 2631 3880 1V
2659 3825 2797 3881 laus.
2826 3824 3098 3897 Natales.
3128 3826 3154 3865 (ί
3186 3825 3407 3881 Eulalia1
3429 3827 3659 3897 virginis
3686 3827 3741 3883 in
3769 3829 3887 3883 Bar-

2291 4010 2597 4078 jacuerunt.
2632 4009 2685 4063 In
2718 4009 3095 4081 Martyrologio
3139 4009 3383 4066 Romano
3414 4012 3788 4081 Eutycbianus
3812 4014 3887 4070 di.

2296 4081 2435 4134 citur
2464 4094 2651 4154 passus
2679 4082 2777 4134 sub
2807 4080 3153 4154 Numeriano,
3193 4083 3347 4154 cujus
3377 4080 3625 4154 martyrii
3675 4096 3881 4151 testem,

2298 4166 2416 4223 cum
2448 4151 2648 4223 nullum
2694 4165 2870 4223 neque
2901 4152 3287 4223 in‘Annalibus
3338 4151 3535 4223 neque'
3559 4156 3611 4208 in
3643 4157 3795 4211 Notis
3823 4161 3884 4214 ad

2299 4221 2425 4274 illud
2451 4222 2883 4290 Martyrologium
2909 4221 3094 4276 afferat
3118 4221 3488 4289 Baronius,_et
3516 4225 3885 4290 Eutychianus

2298 4307 2402 4345 non
2436 4292 2487 4345 in
2520 4291 2758 4364 lngdiculo
2782 4292 3152 4364 depositionis
3183 4303 3475 4364 martyrum
3506 4291 3650 4362 apud
3687 4300 3887 4355 Boche-

2300 4364 2457 4427 rinm,
2493 4362 2586 4440 sed
2619 4363 2671 4414 in
2705 4361 2941 4416 lndiculo
2971 4361 3340 4440 depositionis
3365 4361 3752 4440 episcoporum
3799 4387 3887 4440 po-

2296 4442 2469 4496 natur,
2517 4432 2602 4485 hic
2631 4444 2846 4486 sanctus
2878 4434 3111 4501 pontifex
3154 4436 3292 4491 inter
3319 4432 3665 4492 confessores
3699 4432 3887 4495 nume-

2297 4504 2494 4573 rﬁandus
2523 4504 2752 4557 videtur.
2799 4502 2961 4559 Certe
2999 4517 3225 4573 uterque
3273 4508 3542 4560 lndiculus
3574 4507 3889 4565 Constantio

2295 4572 2627 4645 Constantini
2658 4574 2831 4644 Magni
2864 4574 2975 4629 filio
3016 4572 3314 4642 imperante
3356 4578 3590 4645 scriptus
3637 4582 3885 4634 eninibus

611 4634 958 4717 Marcellinus
1007 4655 1149 4695 anno
1194 4640 1319 4708 275,
1349 4642 1515 4717 carus
1553 4652 1608 4696 et
1634 4640 1861 4717 Carinas
1890 4647 2185 4717 annozss,
2219 4634 2270 4692 Ι)
2294 4643 2686 4717 Martyrol0giis
2706 4634 2978 4717 antiquior
3004 4634 3107 4708 eSt,
3142 4647 3368 4715 ideoque
3409 4634 3480 4701 ei.
3508 4664 3709 4717 magna
3759 4654 3885 4705 ίὶιίες

610 4716 1009 4785 magistratum,
1052 4725 1287 4785 gessere.
1312 4731 1359 4785 i_
1394 4712 1570 4785 Quare
1635 4728 1753 4767 cum
1822 4713 2189 4785 Eutychianus

611 4781 766 4839 die'7
802 4781 1209 4839 Decembfanni
1250 4781 1361 4835 285
1391 4800 1421 4838 e
1451 4784 1585 4837 vivis
1632 4786 1881 4849 excessit,
1930 4781 2078 4840 recte
2104 4788 2190 4840 di-

609 4858 749 4910 citur
780 4856 981 4910 sedisse
1013 4870 1180 4908 annos
1211 4865 1353 4918 octo,
1383 4856 1659 4909 mensibus
1690 4856 1959 4919 undecim,
2005 4858 2191 4912 diebus

608 4926 801 4993 tribus,
832 4927 1051 4995 ejusque
1084 4926 1292 4979 initium
1322 4924 1409 4978 die
1439 4927 1471 4979 5
1502 4925 1735 4979 Januarii
1780 4928 1905 4980 anni
1933 4926 2041 4980 275
2070 4944 2191 4982 om-

610 4998 736 5051 nino
765 4998 1002 5066 contigit.
1034 5007 1087 5050 ln
1120 4997 1274 5050 Mart.
1301 4996 1719 5065 llieronymiano
1755 4998 1819 5050 ad
1867 4998 2008 5051 diem
2042 5010 2192 5052 octa-

607 5083 735 5121 vum
767 5068 1072 5138 Decembris
1100 5067 1293 5137 legitur
1321 5084 1335 5120 :
1374 5087 1392 5118 ι
1431 5067 1619 5121 Roma:
1648 5067 1995 5138 Eutycbiani;
2030 5089 2047 5122 ι
2086 5070 2193 5124 for-

609 5148 705 5194 San
738 5137 895 5208 igitur
929 5141 976 5191 in
1008 5153 1074 5193 eo
1108 5138 1487 5207 Martyrologio
1534 5153 1641 5191 non
1687 5137 1802 5192 dies
1848 5143 2036 5194 ntortis
2080 5141 2192 5204 llic,

615 5211 713 5264 sed
757 5209 1044 5275 sepultura:
1092 5218 1444 5262 memoratur.
1478 5208 1647 5262 Recte
1681 5209 2095 5275 l’apebrochius,
2129 5227 2192 5264 ex

610 5296 676 5335 eo
722 5282 859 5350 quod
890 5282 942 5332 in
994 5279 1217 5333 auctiori
1261 5279 1529 5334 Chronico
1572 5288 1813 5333 veterum
1862 5282 2192 5348 pontificum,

612 5349 897 5405 Anas‘tasiO
925 5350 1152 5421 aliisque
1200 5349 1404 5419 legatur
1453 5350 1845 5421 Eutychiannm
1895 5368 1943 5405 vr
1993 5355 2072 5406 vel
2107 5368 2196 5406 vm

612 5422 733 5477 Kal.
766 5420 990 5490 Augusti
1020 5421 1191 5493 fuisse
1214 5422 1512 5488 depositum
1560 5420 1651 5475 aut
1679 5422 1970 5493 sepultum,
1998 5424 2198 5493 colligit

612 5494 753 5547 diem
789 5493 1021 5546 natalem
1052 5492 1359 5560 pontificum
1398 5494 1766 5547 Romanorum
1800 5492 1921 5545 alibi
1952 5510 2109 5561 quam
2138 5492 2196 5547 in

612 5566 850 5688 gradatis
901 5564 1208 5618 aucwribus
1251 5566 1622 5631 quaerendum,
1658 5562 1837 5631 eisque
1886 5565 2022 5616 hanc
2061 5564 2199 5617 scri-

656 5635 776 5688 endi
810 5649 997 5687 ansam
1033 5634 1349 5688 praebuisse.
1379 5635 1734 5688 elevationem
1766 5635 1847 5688 vel
1898 5635 2199 5687 translatio-

656 5635 776 5688 endi
810 5649 997 5687 ansam
1033 5634 1349 5702 praebuisse,
1379 5635 1734 5689 elevationem
1766 5635 1847 5688 vel
1898 5635 2200 5687 translatio-

617 5720 741 5758 nem
773 5705 1006 5774 aliquam
1040 5705 1235 5758 factam
1270 5706 1356 5757 tali
1387 5706 1473 5759 die
1503 5709 1701 5760 saeculo
1732 5720 1782 5767 v,
1814 5705 1913 5759 sub
1944 5704 2202 5759 Innocen-

616 5778 695 5829 tio
724 5774 767 5839 l,
796 5789 917 5828 cum
952 5777 997 5829 is
1042 5778 1093 5829 in
1144 5779 1454 5830 «(etneterio
1486 5776 1687 5831 .Calixti
1736 5774 2019 5829 aedificavit
2065 5776 2201 5829 insi-

617 5861 777 5916 gnem
806 5846 864 5899 S.
892 5846 1195 5900 Sebastiani
1225 5847 1498 5901 basilicam
1533 5850 1595 5900 ad
1626 5848 1978 5901 Catacumbas
1998 5892 2011 5913 ,
2042 5863 2203 5916 super

623 5916 939 5986 Platoniaut,
981 5919 1081 5973 sub
1109 5932 1215 5987 qua
1245 5917 1345 5973 SS.
1392 5918 1534 5974 Petri
1565 5928 1620 5974 et
1663 5917 1812 5974 Pauli
1857 5934 2079 5990 corpora
2108 5920 2200 5974 diu

2294 4724 2378 4768 est
2408 4715 2671 4787 habenda.
2706 4714 3011 4787 Decretales
3041 4731 3158 4784 quae
3184 4714 3499 4787 Eut’ycbiani
3531 4714 3758 4776 nomine
3785 4723 3888 4777 cir-

2295 4785 2683 4847 cumferuntur,
2713 4786 3064 4853 sopposititiae
3093 4797 3238 4840 sunt.

2368 4862 2394 4900 b
2437 4856 2579 4925 Syri.
2617 4857 2765 4909 llunc
2809 4855 2866 4911 S.
2900 4856 3242 4924 Hermagoras
3277 4857 3596 4926 discipulum
3645 4863 3885 4926 tradunt,

2296 4926 2362 4999 ab
2390 4942 2561 4995 eoque
2605 4926 3259 4999 ordinatumiepiscoputn
3291 4939 3343 4983 et
3376 4930 3588 4999 l’apiam
3620 4931 3885 4988 directum

2296 4997 2493 5073 fuisse,
2510 4997 2829 5065 tandemque
2851 4998 3052 5073 obiisse
3073 5012 3194 5073 cum
3225 5014 3349 5053 Lvnt
3381 4997 3547 5054 annos
3569 5005 3887 5073 episcopatu

2296 5070 2533 5136 gerendo
2565 5068 3005 5135 consumpsisset,
3039 5079 3094 5123 et
3122 5069 3248 5123 dum
3297 5085 3493 5124 annum
3538 5068 3725 5138 ageret
3752 5068 3887 5129 duo-

2297 5140 2566 5261 decgnum
2597 5154 2757 5207 supra
2784 5140 3157 5194 centesimum.
3187 5140 3405 5209 Sumus,
3438 5142 3690 5198 tom.Vll.
3718 5146 3884 5203 Pera.

2301 5224 2365 5261 DE
2440 5224 2579 5261 ATAL

2301 5224 2365 5262 tit-2
2396 5210 2579 5263 ΝΑτΑι.

2377 5285 2397 5311 θ
2442 5280 2689 5334 Carceris.
2745 5279 2842 5334 libi
2886 5295 3007 5334 cum
3054 5279 3106 5334 in
3151 5284 3521 5352 persecutione
3567 5286 3887 5342 Diocletiani

2300 5352 2640 5430 gravis-situlos
2674 5352 2731 5405 Β.
2754 5352 2980 5430 βριξιιὶω
3012 5362 3063 5404 et
3092 5355 3417 5430 reliquarum
3450 5367 3748 5430 martyrum
3798 5361 3885 5430 qui

2301 5436 2329 5497 ξι
2358 5422 2589 5497 Daciano
2610 5424 3061 5497 interficiebantur
3082 5423 3303 5497 vidisset
3332 5422 3620 5491 cruciatus,
3651 5422 3886 5497 genib'ns

2301 5491 2356 5567 in
2381 5494 2618 5567 oratione
2673 5493 2853 5567 positis
2882 5494 3127 5567 spiritum
3160 5496 3422 5567 reddidit.
3460 5491 3723 5567 Usuan6.,
3749 5504 3885 5555 Ano.

2301 5562 2467 5644 Plura
2485 5565 2551 5617 de
2578 5566 2687 5630 ipsa
2713 5565 2763 5615 in
2784 5563 3051 5619 Breviario
3078 5566 3354 5636 Toletano,
3384 5569 3471 5624 ubi
3501 5584 3656 5626 sacro
3689 5562 3888 5644 hymno

2300 5635 2417 5701 ejus
2444 5635 2571 5689 Acta
2596 5646 2877 5687 canuntur.

2375 5708 2401 5745 d
2442 5704 2680 5785 βμιριῃ.
2706 5705 2873 5785 llujus
2902 5707 3137 5785 animum
3184 5707 3423 5785 Donatus
3471 5711 3753 5785 presbyter
3779 5718 3886 5785 pri—

2306 5777 2408 5827 mis
2439 5776 2556 5829 lidei
2600 5773 2917 5830 Christiana:
2947 5780 3225 5832 clementis
3254 5773 3494 5837 studiose
3539 5773 3733 5839 imliuit
3758 5773 3886 5839 Bar-

2304 5845 2503 5909 cinoni,
2538 5846 2785 5901 Emerita:
2818 5863 2970 5914 passa
3003 5859 3086 5902 est
3109 5859 3163 5903 et
3183 5854 3388 5919 sepulta
3418 5868 3559 5915 anno
3589 5854 3718 5910 505.
3746 5856 3887 5912 Pau-

2308 5932 2553 5985 ousnus,
2588 5919 2771 5990 ltyutu.
2800 5920 2851 5986 ἶ),
2884 5924 2997 5996 περὶ
3030 5923 3295 5996 Στεφάνων.
