4064 6346
302 347 446 404 H29

1450 340 1643 400 SECT.
1685 342 1754 398 ll.
1792 372 1860 386 —
1892 338 2453 401 MARTYROLOGIA.

3432 349 3465 405 1
3480 346 3579 406 150

1564 456 1794 513 ΕΒΙΤΙΟ
1832 456 2302 518 COLONIENSIS.

292 543 562 631 praesidis,
600 553 827 627 plurima
873 558 1143 610 tormenta
1177 564 1451 624 perpessa,
1490 552 1784 608 novissime
1823 553 1876 607 in
1904 558 1957 617 Α
1983 555 2113 609 tenti
2159 562 2303 622 sunt,
2350 561 2405 610 et
2446 568 2539 610 ora
2578 554 2815 625 ipsorum
2862 555 3126 626 lapidibus
3158 564 3403 628 contusa,
3451 575 3563 617 rur.

292 651 525 722 equuleo
555 662 815 719 suspensa
856 656 915 704 et
942 647 1289 718 exungulata,
1340 644 1529 701 faculis
1576 646 1886 702 ardentibus

291 760 360 799 ex
412 754 638 811 utroque
693 741 861 797 latere
912 739 1196 811 appositis,
1245 738 1439 793 hausto
1485 738 1609 807 igne
1636 738 1886 807 spiritum

289 838 553 902 reddidit,
594 845 648 890 et
703 833 1049 890 cernentibus
1097 831 1417 888 Christianis
1468 830 1521 885 in
1568 830 1747 900 specie
1796 845 1885 885 co-

292 931 495 984 lumbae
524 931 694 983 nivea:
721 927 838 997 ejus
866 926 1043 980 anima
1069 923 1267 979 caelum
1292 922 1466 993 petiit.
1497 920 1662 992 Cujus
1687 936 1885 991 corpus

288 1035 389 1091 per
415 1019 646 1073 triduum
688 1017 843 1089 jussu
888 1016 1138 1086 praesidis
1200 1014 1455 1086 pependit
1504 1014 1557 1069 in
1588 1014 1749 1083 ligno.
1780 1012 1885 1070 Sed

286 1114 379 1168 cui
409 1129 513 1168 non
556 1112 790 1166 humana
820 1110 1060 1175 fuerant,
1108 1106 1292 1163 divina
1320 1114 1447 1164 sunt
1475 1121 1732 1163 concessa
1770 1121 1889 1160 mu-

286 1219 446 1260 nera.
498 1203 628 1258 Nam
686 1204 775 1257 nix
808 1201 1040 1270 desuper
1065 1200 1260 1271 puella:
1307 1214 1505 1269 corpus
1532 1198 1797 1269 'aSpersit,
1829 1208 1888 1255 ut

286 1296 434 1367 quod
464 1312 528 1351 ex
559 1302 787 1363 utraque
816 1302 968 1363 parte
992 1292 1268 1361 appositus
1294 1289 1433 1361 ignis
1450 1290 1656 1346 ardoris
1683 1290 1766 1344 sui
1796 1290 1886 1345 in-

286 1388 484 1446 cendio
515 1387 960 1457 conflagraverat,
994 1384 1155 1440 nivali
1202 1385 1435 1440 candore
1461 1392 1774 1454 coopertum
1807 1383 1887 1438 di-

283 1483 414 1537 vina
445 1482 617 1552 gratia
644 1479 943 1535 dealbaret.
996 1478 1194 1548 Sicque
1221 1493 1251 1532 a
1283 1477 1885 1534 Christianis‘reveren-

285 1584 376 1629 ter
424 1574 626 1640 ablata,
677 1580 733 1627 et
779 1571 1068 1627 devotione
1111 1570 1293 1625 debita
1342 1569 1441 1624 sub
1509 1583 1667 1625 sacro
1721 1569 1882 1623 altari

281 1669 555 1739 deposita,
580 1665 963 1721 miraculorum
987 1664 1155 1734 gratia
1175 1663 1496 1719 illustratur.
1517 1661 1671 1733 Apud
1696 1660 1887 1731 praefa-

283 1772 398 1819 tam
445 1762 633 1816 urbem
662 1760 846 1829 passio
876 1769 1074 1814 sancue
1099 1757 1276 1826 Juliaz,
1323 1772 1441 1827 quae
1481 1754 1581 1811 fuit
1610 1756 1886 1826 convirgi-

284 1854 429 1909 nalis
476 1856 644 1909 beam
676 1853 924 1919 Eulalia},
957 1866 1188 1923 quaeque
1218 1850 1299 1907 illi
1330 1849 1395 1906 ad
1426 1850 1732 1922 passionem
1760 1863 1885 1919 pro-

1990 662 2218 717 sumque
2265 648 2493 716 equuleo
2536 650 2685 717 torti,
2729 656 2786 705 et
2825 660 2944 718 post
2983 652 3095 706 haec
3123 651 3210 707 diu
3261 654 3313 708 in
3355 666 3558 717 carcer:

1991 744 2269 809 macerati,
2319 744 2609 801 novissime
2654 745 2834 816 gladio
2872 754 2997 801 sunt
3038 746 3296 816 percussi.
3353 746 3553 805 Vienna

1990 835 2164 891 sancti
2207 835 2431 891 Sindulfi
2462 836 2696 909 episc0pi
2726 847 2778 893 et
2807 838 3151 894 confessoris.

2062 928 2121 982 Β.
2156 928 2220 983 Ill
2250 928 2367 984 lotis
2407 928 2642 985 Dscsun.
2679 960 2747 972 ——
2780 930 3015 987 Danielis
3057 932 3350 1002 prOphetas.
3386 933 3575 992 Romae

1988 1020 2203 1076 Damasi
2252 1036 2422 1091 papae,
2449 1023 2539 1091 qui
2583 1022 2721 1078 rexit
2754 1023 3049 1079 Ecclesiam
3080 1041 3250 1080 annos
3295 1025 3481 1082 decem
3519 1038 3578 1085 et

1989 1124 2133 1182 octo,
2165 1130 2377 1171 menses
2403 1127 2533 1185 tres,
2557 1116 2671 1171 dies
2704 1117 2856 1171 duos.
2886 1119 2979 1173 llic
3000 1118 3272 1173 conStituit
3298 1128 3355 1174 ut
3384 1120 3579 1175 Psalmi

1998 1207 2087 1261 diu
2140 1215 2411 1275 noctuque
2450 1217 2776 1262 canerentur
2808 1224 2903 1278 per
2950 1224 3137 1264 omnes
3164 1211 3441 1266 ecclesias.
3482 1212 3578 1267 Hic

1994 1298 2159 1352 multa
2220 1313 2446 1369 corpora
2501 1307 2810 1353 sanctorum
2871 1302 3169 1370 requisivit,
3240 1310 3293 1356 et
3351 1304 3576 1369 invenit,

1989 1405 2216 1461 quorum
2262 1392 2573 1446 memoriam
2621 1393 2779 1446 etiam
2822 1394 3065 1447 versibus
3092 1394 3404 1449 declaravit.
3446 1394 3575 1449 Item

1989 1480 2174 1535 Romae
2218 1482 2394 1535 natale
2440 1489 2745 1535 sanctorum
2794 1490 3089 1553 martyrum
3124 1484 3391 1551 Pontiani,
3427 1483 3570 1539 Prae—

1990 1577 2173 1630 textati
2229 1583 2389 1645 atque
2432 1574 2708 1640 Tarsonis,
2761 1576 2848 1644 qui
2896 1585 3084 1647 potens
3128 1586 3180 1632 et
3239 1578 3475 1646 locuples
3504 1578 3574 1635 de

1990 1665 2332 1720 facultatibus
2360 1666 2471 1721 suis
2502 1680 2623 1720 cum
2657 1676 2799 1721 esset
2828 1666 3181 1733 Christianus,
3207 1672 3403 1724 sanctis
3427 1686 3571 1725 mar—

1991 1755 2199 1827 tyribus
2248 1756 2299 1809 in
2333 1756 2643 1811 carceribus
2688 1767 2741 1811 et
2784 1757 2834 1809 in
2868 1760 3097 1813 metallis
3126 1758 3414 1828 damnatis,
3455 1762 3569 1816 vic-

1990 1856 2098 1903 tum
2131 1849 2488 1915 ministrabat,
2519 1864 2614 1919 per
2641 1852 2853 1905 beatum
2885 1850 3141 1905 Sisinium
3185 1862 3238 1907 et
3262 1851 3566 1923 Cyriacum,

278 1946 494 2016 peranti
547 1942 819 1999 individua
872 1957 1057 1999 comes
1104 1954 1158 1998 et
1211 1943 1411 1999 sodalis
1458 1942 1706 1997 adhaesit.
1748 1941 1878 1995 ltcm
1910 1932 1959 1995 Β
1986 1957 2090 1997 non
2123 1952 2243 2011 post
2273 1943 2441 1997 multo
2482 1954 2534 1998 et
2565 1944 2679 2013 ipse
2707 1951 2883 1997 tentus
2919 1958 2947 1996 a
2982 1943 3302 1999 Maximiano
3338 1946 3567 2014 palmam

292 2039 440 2109 apud
467 2038 726 2109 Hispalim
754 2038 1043 2104 civitatem,
1086 2044 1394 2092 sanctorum
1432 2045 1725 2107 martyrum
1752 2035 1882 2089 Car-

283 2131 511 2201 c0phori
544 2130 864 2201 presbyteri,
897 2141 950 2183 et
981 2128 1211 2183 Abundii
1239 2128 1472 2194 diaconi,
1505 2129 1593 2198 qui
1627 2141 1881 2197 persecu-

280 2227 435 2277 tione
466 2222 801 2285 Diocletiani,
832 2224 932 2277 sub
950 2221 1133 2293 judice
1163 2222 1424 2277 Martiano
1458 2221 1509 2275 in
1541 2220 1880 2277 confessione

278 2315 483 2370 Christi
508 2316 681 2384 primo
710 2314 938 2369 fustibus
961 2312 1336 2370 crudelissime
1357 2313 1484 2368 caesi
1514 2324 1660 2377 sunt,
1684 2314 1879 2370 deinde

278 2405 333 2460 in
366 2418 660 2472 carcerem,
689 2413 881 2476 negato
911 2405 1030 2460 cibo
1059 2414 1111 2459 et
1141 2416 1289 2474 pom,
1337 2406 1530 2461 retrusi
1562 2423 1576 2473 ;
1606 2407 1747 2461 unde
1778 2421 1875 2476 per

279 2498 535 2570 angelum
581 2497 752 2565 ducti,
801 2508 856 2553 et
883 2497 1107 2553 verbum
1153 2497 1248 2553 Dei
1280 2497 1631 2567 praedicantes
1677 2501 1869 2553 iterum

1984 2036 2225 2106 martyrii
2273 2050 2394 2089 cum
2438 2035 2645 2088 duobus
2684 2034 2804 2088 aliis
2834 2037 3109 2103 percipere
3160 2038 3373 2091 meruit.
3410 2037 3463 2091 ln
3492 2037 3567 2091 ci-

1984 2126 2147 2182 vitate
2176 2124 2449 2181 Ambianis
2490 2125 2695 2191 Galliaa,
2725 2136 3026 2180 sanctorum
3057 2136 3349 2198 martyrum
3390 2127 3571 2182 Victo-

1987 2220 2088 2275 rici
2117 2228 2171 2275 et
2199 2218 2479 2274 Fusciani.
2518 2216 2577 2271 In
2608 2217 2859 2287 llispania
2909 2218 3081 2272 sancti
3111 2218 3378 2289 Eutychii,
3412 2216 3569 2291 cujus

1983 2320 2132 2381 gesta
2167 2310 2451 2376 habentur,
2478 2317 2533 2364 et
2561 2308 2728 2363 sancti
2757 2306 3008 2363 Gentiani
3039 2311 3311 2379 martyris.

2056 2401 2117 2457 C.
2150 2402 2302 2456 Pnlo.
2333 2401 2451 2455 lous
2504 2400 2740 2454 Dscsns.
2790 2428 2859 2440 -—-
2898 2398 3217 2454 Sanctorum
3271 2407 3564 2469 martyrum

1980 2496 2367 2565 Hermogenis,
2432 2494 2623 2549 Donati
2679 2502 2731 2549 et
2800 2493 3024 2548 aliorum
3074 2491 3258 2563 viginti
3312 2491 3560 2548 duorum.

1533 2611 1758 2668 EDITIO
1801 2609 2311 2699 BOLLANDIANA.

280 2728 475 2786 celona
512 2727 728 2785 civitate
777 2727 1068 2799 Hispanias,
1099 2728 1200 2783 sub
1229 2727 1464 2782 Daciano
1496 2726 1720 2795 prmsidc
1751 2740 1871 2796 qua:

278 2835 401 2876 cum
430 2828 577 2875 esset
605 2819 860 2875 tredecim
902 2834 1186 2885 annorum,
1220 2826 1341 2890 post
1371 2819 1595 2888 plurima
1624 2827 1870 2873 tormen-

278 2926 353 2976 ta,
383 2911 647 2967 decollata
676 2920 778 2977 est,
810 2920 864 2967 et
893 2911 1170 2966 resiliente
1206 2912 1274 2967 ab
1298 2925 1358 2966 ea
1382 2911 1579 2980 capite,
1620 2909 1867 2965 columba

277 3004 347 3060 de
373 3019 599 3075 corpore
626 3006 744 3075 ejus
768 3006 916 3060 exire
942 3004 1055 3059 visa
1087 3013 1191 3060 est.

351 3099 440 3165 T.,
477 3100 597 3168 Ipso
622 3100 710 3154 die
740 3099 799 3154 S.
830 3100 859 3129 ⁸
894 3098 1112 3153 Valeriae
1137 3098 1357 3167 virginis
1387 3107 1440 3153 et
1480 3097 1752 3169 martyris.
1778 3095 1865 3162 B.,

278 3172 338 3228 In
368 3174 586 3226 civitate
614 3170 869 3225 Arvernis
893 3172 1071 3225 natale
1095 3170 1152 3224 S.
1186 3170 1472 3239 Agricolae.

352 3264 440 3317 ft.
464 3260 623 3316 -ΙΙΙ
650 3263 791 3317 Inus.
821 3262 1010 3316 Natale
1038 3261 1092 3317 S.
1121 3268 1149 3307 b
1180 3261 1388 3315 Damasi
1418 3274 1589 3329 papae.

351 3356 544 3411 Florus
574 3356 625 3409 in
675 3356 741 3410 A.
775 3353 841 3408 T.
888 3352 975 3407 L.:
1024 3353 1077 3407 In
1110 3353 1280 3407 Gallia
1326 3352 1541 3408 civitate
1592 3350 1873 3405 Ambianis

278 3447 459 3517 passio
505 3445 605 3502 SS.
654 3445 929 3511 Gentiani,
968 3444 1238 3508 Victorici,
1269 3452 1323 3499 et
1356 3443 1627 3511 Fusciani,
1662 3442 1753 3513 qui
1776 3441 1870 3496 Vi-

279 3539 517 3593 ctoricus
558 3551 620 3590 ac
646 3534 946 3591 Fuscianus
975 3550 1003 3589 a
1032 3537 1199 3589 Roma
1231 3535 1454 3604 egressi,
1482 3533 1703 3588 verbum
1748 3531 1871 3586 vita).

286 3630 536 3702 pluribus
578 3628 889 3684 nuntiantes
922 3637 1159 3696 tempore
1204 3626 1504 3681 Maximiani
1552 3625 1691 3680 circa
1741 3624 1872 3678 Am-

283 3722 459 3779 bianis
488 3736 518 3776 a
548 3721 853 3777 Itictiovaro
881 3720 1109 3791 praeside
1135 3718 1537 3789 comprehensi,
1563 3717 1710 3788 prius
1730 3715 1871 3770 ferro

1979 2725 2224 2779 manibus
2248 2731 2367 2793 post
2396 2730 2605 2793 tergum
2638 2720 2829 2776 vinctis
2860 2721 2915 2776 in
2944 2735 3162 2776 carcere
3186 2731 3308 2776 sunt
3340 2721 3563 2788 reclusi,

1976 2816 2173 2872 deinde
2215 2817 2266 2871 in
2298 2816 2520 2871 naribus
2550 2825 2599 2870 et
2629 2815 2846 2869 auribus
2875 2828 3061 2869 eorum
3096 2814 3318 2870 sudibus
3348 2814 3561 2869 immis-

1977 2905 2076 2974 sis,
2106 2915 2159 2962 et
2190 2906 2356 2962 clavis
2384 2907 2436 2960 in
2484 2905 2752 2975 capitibus
2800 2905 3091 2973 transfixis,
3137 2904 3386 2963 decollati
3416 2916 3566 2962 sunt.

1976 2998 2035 3053 In
2066 3013 2200 3069 quos
2228 3001 2418 3068 spiritu
2451 3000 2711 3062 irruente,
2746 2997 2992 3053 manibus
3029 2999 3204 3066 capita
3248 2999 3464 3068 propria
3494 3000 3565 3056 ad

1978 3090 2267 3160 bOSpitium
2302 3092 2360 3145 Β.
2394 3090 2643 3146 Gentiani
2670 3092 2919 3160 martyris
2944 3103 3112 3160 usque
3140 3098 3434 3160 portantes,
3462 3090 3566 3147 ibi-

1897 3215 1945 3281 c
1977 3180 2098 3236 dem
2132 3182 2524 3252 requieverunt.

2056 3297 2140 3360 B.,
2175 3294 2226 3348 In
2257 3293 2577 3349 Alexandria
2627 3294 2899 3350 Sammoni
2924 3304 2978 3349 et
3004 3292 3247 3350 Emeriti.
3274 3295 3330 3350 In
3362 3296 3556 3354 Antio-

1978 3367 2095 3422 chia
2125 3367 2225 3423 SS.
2251 3365 2469 3429 Zosimi,
2500 3365 2671 3430 Pauli,
2699 3375 2754 3419 et
2781 3366 3012 3436 Cyriaci.
3043 3366 3097 3419 ln
3126 3367 3292 3422 Gallia
3323 3369 3546 3427 civitate

1979 3439 2546 3513 Ambianense_nat_alc
2589 3438 2686 3513 SS.
2722 3438 2933 3513 Victrici
2972 3445 3027 3492 et
3054 3436 3300 3493 Fusciani
3344 3450 3546 3513 marty-

1977 3524 2115 3564 rum.
2150 3512 2213 3562 A.
2244 3518 2295 3563 et
2325 3506 2414 3573 T.,
2447 3508 2512 3561 Et
2547 3520 2563 3547 ε
2595 3508 2928 3562 Praetextati.

2051 3597 2138 3651 12.
2161 3627 2229 3637 -
2253 3596 2291 3650 ιι
2316 3595 2456 3651 lous.
2487 3596 2649 3651 Vacat
2675 3596 2852 3651 Baeda.
3569 3613 3574 3618 ”

2054 3688 2117 3744 γ.
2155 3689 2215 3744 Β.
2266 3687 2327 3745 ι).
2375 3693 2440 3744 Α.
2472 3687 2534 3743 Τ.
2561 3688 2645 3756 C.,
2694 3688 2880 3743 Natale
2928 3686 3026 3745 SS.
3053 3688 3080 3725 ά
3114 3688 3457 3760 Hermogenis
3502 3699 3559 3749 et

1682 3805 1889 3865 SMITH
1928 3804 2162 3863 ΝΟΤίΕ.

353 3913 383 3944 ι
429 3901 673 3960 Valeriw.
720 3902 845 3959 Haec
886 3902 1078 3959 colitur
1123 3904 1422 3960 Lemovicis
1464 3903 1516 3957 in
1570 3902 1756 3958 Gallia.
1785 3906 1864 3957 Ex

282 3973 403 4033 Kal.
438 3984 492 4028 et
535 3991 774 4030 monutn.
809 3976 1060 4029 Ecclesia:
1088 3976 1437 4030 Lemovicen.
1482 3974 1778 4041 Ferrarius,
1814 3974 1865 4027 in

284 4047 531 4117 catalogo
561 4047 816 4115 generali,
863 4047 1047 4100 scribit
1088 4063 1205 4101 eam
1255 4048 1419 4099 fuisse
1466 4045 1774 4113 discipulam
1806 4047 1863 4101 S.

282 4118 540 4174 Martialis
575 4120 724 4185 primi
758 4118 1010 4187 episcopi,
1040 4118 1108 4171 ab
1143 4133 1207 4173 eo
1234 4117 1297 4169 ad
1343 4117 1499 4170 fidem
1532 4131 1866 4187 conversam,

282 4201 339 4245 et
371 4189 582 4243 tandem
628 4186 801 4259 capite
833 4197 1150 4251 truncatam,
1184 4187 1323 4257 quod
1371 4189 1581 4257 nuptias
1613 4186 1871 4254 Stephani

285 4262 438 4314 ducis
469 4258 781 4328 respuissct.
812 4258 939 4328 Ejus
986 4274 1182 4326 corpus
1228 4274 1367 4313 nunc
1413 4259 1466 4314 in
1515 4259 1871 4312 (lamlionensi

285 4332 533 4385 coenobio
563 4331 901 4385 Lemovicen.
952 4330 1176 4385 diteces.
1206 4331 1467 4385 asservari
1516 4330 1731 4384 dicitur.
1767 4330 1874 4383 llac

284 4402 372 4456 die
401 4402 592 4472 colitur
618 4402 733 4471 ejus
774 4403 1051 4472 memoria,
1083 4416 1185 4471 qua
1236 4402 1549 4472 martyrium
1597 4414 1751 4469 passa
1792 4410 1874 4472 est

284 4474 385 4527 sub
413 4470 655 4527 Claudio
688 4475 815 4543 imp.
878 4472 933 4527 lu
1000 4470 1241 4526 Romano
1277 4470 1651 4543 Martyrologio
1707 4471 1875 4541 pridie

286 4545 500 4597 colitur.

361 4613 385 4649 ι»
431 4614 664 4669 Damasi.
694 4614 797 4681 Qui
848 4615 944 4668 fuit
974 4613 1187 4668 Antonii
1216 4612 1493 4680 cujusdam
1522 4611 1681 4679 filius,
1717 4622 1871 4682 gente

300 4686 589 4754 Hispanus,
644 4688 809 4756 patria
853 4702 916 4739 ex
959 4687 1165 4740 Mantua
1196 4685 1547 4756 Carpetanos,
1606 4698 1761 4756 quem
1796 4694 1872 4738 ta-

287 4774 413 4812 men
443 4760 530 4810 alii
575 4755 1051 4819 'l‘arraconensem,
1084 4756 1173 4809 alii
1220 4771 1287 4809 ex
1330 4755 1598 4809 Lusitanis
1648 4755 1873 4823 lgedita-

292 4840 415 4879 num
460 4827 624 4883 fuisse
667 4829 896 4882 volunt:
932 4828 1187 4884 Ecclesia:
1232 4827 1485 4880 Romanae
1530 4826 1628 4880 sub
1660 4827 1872 4879 Liberio

292 4896 570 4968 diaconus,
602 4899 799 4955 deinde
828 4901 1125 4968 presbyter,
1157 4900 1387 4967 denique
1418 4899 1701 4966 episcopus
1732 4911 1872 4950 anno

292 4966 397 5020 566
424 4973 769 5035 conStitutus,
811 4966 913 5025 alia
946 4966 1158 5024 interim
1192 4966 1421 5024 factione
1465 4970 1712 5023 Ursinum
1758 4972 1871 5023 sive

298 5038 596 5094 Ursicinum
643 5042 922 5097 diaconum
972 5042 1154 5094 Romae
1203 5043 1509 5109 episcopum
1560 5041 1869 5093 ordinante.

294 5110 483 5179 Magna
532 5113 777 5181 utrinque
804 5112 1167 5178 contentione,
1201 5121 1254 5165 et
1300 5115 1464 5165 multo
1492 5113 1751 5179 sanguine
1782 5126 1870 5163 res

292 5190 409 5236 acta
440 5190 541 5247 est,
572 5184 705 5237 adeo
732 5193 790 5237 ut
812 5199 919 5237 uno
947 5184 1055 5247 die,
1081 5192 1297 5236 notante
1326 5182 1628 5245 Ammiano,
1658 5198 1870 5235 ωυρμ-ιι

291 5258 438 5308 cives
466 5254 627 5308 occisi
658 5264 800 5307 sunt.
833 5254 971 5320 Quin
997 5255 1153 5308 etiam
1185 5255 1273 5307 diu
1307 5254 1360 5306 in
1390 5252 1620 5307 Ursicini
1662 5264 1869 5320 partem

294 5325 515 5379 immani
543 5325 862 5381 crudelitate
904 5326 1160 5379 Damasus
1202 5324 1475 5387 saeviebat,
1509 5324 1552 5375 si
1586 5338 1709 5377 vera
1741 5338 1869 5375 nar-

292 5406 415 5450 rant
444 5396 726 5451 Faustinus
779 5406 831 5451 et
876 5397 1208 5451 Marcellinus
1256 5397 1309 5450 in
1360 5393 1868 5464 prazfationeiquam

294 5466 501 5522 Libello
534 5482 751 5536 precum
785 5472 1173 5536 praemiscrunt.
1206 5463 1372 5521 Victo
1402 5466 1614 5521 demum
1654 5463 1866 5529 Ursino,

296 5536 556 5589 DamaSUs
584 5539 766 5594 sedem
800 5541 1029 5606 quietam
1061 5539 1249 5592 tenuit.
1286 5537 1442 5592 Circa
1488 5553 1574 5591 an.
1606 5536 1734 5596 569,
1770 5536 1868 5589 ha-

297 5607 405 5662 bita
447 5608 632 5662 Roma:
677 5612 903 5677 synodo,
951 5610 1275 5664 Auxentium
1322 5608 1767 5663 Mediolanenscm
1816 5616 1872 5661 et

294 5678 507 5734 concilii
557 5679 908 5733 Ariminensis
957 5684 1090 5734 Acta
1138 5681 1439 5744 damnavit;
1485 5679 1747 5748 fidemque
1778 5679 1870 5731 Ni-

296 5765 499 5805 caenam
540 5751 897 5804 conlirmavit.
948 5754 1102 5806 Anno
1144 5752 1269 5815 575,
1302 5753 1457 5805 aliam
1491 5754 1669 5804 liotna:
1706 5767 1865 5818 synn-

299 5822 424 5876 dum
456 5822 660 5888 habuit,
694 5823 778 5875 cui
831 5823 1072 5876 interluit
1119 5824 1305 5879 Petrus
1333 5825 1718 5879 Alexandrinus
1752 5825 1866 5892 cpi—

581 5938 856 6001 PATROL.
904 5936 1124 6019 XCIV.

1974 3913 2195 3970 scopns,
2229 3898 2279 3950 in
2309 3906 2415 3970 qua
2442 3888 2797 3970 Apollinarem
2846 3888 3066 3970 ejusque
3115 3888 3431 3970 discipulum
3459 3890 3551 3970 Ti:
3582 3940 3589 3948 .

1971 3960 2245 4025 met'heum
2293 3960 2362 4019 ob
2404 3960 2647 4015 haeresim
2686 3960 2948 4029 deposuit.
2977 3960 3133 4014 Anno
3174 3960 3300 4023 381,
3332 3962 3549 4018 concilii

1970 4032 2753 4104 ConstantinopolitaniPat_res
2795 4032 2860 4084 ad
2891 4033 3151 4104 synodum
3186 4030 3369 4104 Horme
3395 4046 3544 4104 _con.

1975 4112 2292 4183 gregandam
2326 4102 2625 4183 invitavit“.-
2655 4102 2930 4183 Damasus
2962 4102 3096 4183 obiit
3120 4102 3441 4183 anno'SSd,
3488 4114 3547 4158 ut

1976 4170 2201 4238 Testatur
2232 4180 2456 4245 Prosper
2486 4176 2535 4227 in
2567 4173 2853 4245 Chronico,
2884 4179 2939 4226 et
2976 4170 3171 4245 evincit
3204 4172 3537 4245 epitaphium

1976 4253 2150 4311 Siricil
2178 4251 2293 4322 ejus
2319 4243 2803 4322 successorisLHoc
2833 4253 3008 4322 tamen
3037 4243 3091 4322 in
3130 4243 3353 4322 dubium
3385 4260 3539 4322 revo:

1978 4335 2064 4379 cat
2121 4312 2513 4393 Papebrochius
2550 4320 2603 4371 in
2652 4314 2857 4393 Conatu
2885 4312 3426 4393 chronica-historico
3472 4315 3539 4369 ad

1978 4384 2296 4465 Catalogum
2333 4388 2668 4465 pontificum,
2706 4386 2846 4455 quod
2903 4384 3254 4465 Marcellinus.
3280 4384 3332 4439 in
3370 4385 3541 4465 Οιιιερ-

1981 4468 2102 4521 nico
2125 4455 2299 4521 Siricii
2331 4455 2537 4515 initium
2587 4457 2689 4512 sub
2736 4456 3087 4525 praecedentis
3132 4455 3255 4509 anni
3308 4456 3545 4509 consuli-

1901 4527 2079 4591 Dbus
2130 4528 2580 4604 consignet._Se_d
2636 4525 2970 4604 Marcellinus
3022 4528 3085 4604 in
3135 4525 3294 4604 hujus
3350 4528 3546 4604 saeculi

1976 4609 2136 4662 rebus
2190 4595 2488 4660 relErendis
2537 4600 2608 4652 ita
2660 4598 2969 4667 frequenter
3022 4596 3072 4650 in
3141 4595 3545 4667 chronologiam

1976 4687 2182 4747 peccat,
2213 4687 2269 4730 ut
2297 4676 2490 4729 mirum
2516 4686 2618 4725 non
2634 4669 2710 4747 sit
2732 4669 2791 4747 _it_t
2815 4667 2988 4747 Si’ricii
3011 4667 3231 4747 exordio
3258 4667 3542 4746 statuendo

1975 4737 2208 4807 errasse.
2238 4746 2589 4814 Hieronymus
2634 4740 2686 4814 in
2730 4739 3113 4814 Martyrologio
3158 4737 3546 4814 depositionem

1977 4819 2187 4874 Damasi
2218 4818 2281 4871 ad
2324 4833 2357 4869 x
2409 4806 2532 4869 D'ec.
2569 4812 2765 4875 refert;
2812 4806 3189 4863 au‘ctius’vero
3238 4806 3542 4860 Chronicon

1974 4906 2213 4945 veterum
2248 4887 2576 4957 pontificum,
2600 4896 2661 4957 et
2686 4881 2969 4957 Catalogus
2998 4893 3029 4931 a
3052 4877 3416 4957 Papebrochio
3447 4893 3547 4957 pu-

1974 4963 2199 5016 blicatus
2222 4946 2261 5021 ,’
2295 4958 2446 5026 cujus
2498 4946 2678 5010 titulus
2722 4972 2735 5007 :
2770 4946 3394 5026 Nontiiid__apou_olorunt
3418 4988 3463 5026 ,Α
3489 4956 3543 5001 et

1976 5045 2156 5089 noster
2205 5017 2479 5085 Baeda-die
2507 5043 2558 5081 χι
2590 5025 2840 5080 Decemb.
2881 5018 3140 5073 accidisse
3165 5021 3365 5074 dicunt.
3426 5017 3539 5086 Qua

1974 5122 2037 5159 ex
2067 5104 2369 5157 diversitate
2391 5109 2637 5154 constare
2668 5094 2875 5148 videtur
2914 5091 3192 5145 Damasum
3223 5091 3310 5143 die
3336 5088 3543 5143 decima

1979 5176 2226 5231 Decemb.
2260 5173 2324 5226 ad
2355 5173 2520 5225 Dauni
2550 5170 2822 5237 migrasse,
2865 5171 2920 5237 et
2962 5162 3221 5237 postridie
3242 5164 3544 5237 sepulturae

1975 5250 2279 5301 mandatum
2329 5260 2456 5298 esse
2505 5232 2647 5310 apud
2692 5236 2830 5289 viam
2867 5232 3211 5289 Ardeatinam
3241 5232 3293 5286 in
3325 5232 3543 5287 basilica

1974 5334 2130 5388 quam
2163 5319 2273 5388 ipse
2294 5315 2622 5388 condiderat.
2863 5376 2922 5388 ω
3212 5383 3222 5388 ᾔ
3260 5373 3296 5388 ἢ
3376 5373 3408 5388 __

2052 5403 2072 5427 ο
2116 5373 2431 5443 Praetextati.
2461 5385 2554 5439 Hic
2582 5396 2681 5436 una
2712 5392 2832 5433 cum
2863 5376 3137 5431 Thrasone
3176 5383 3229 5430 et
3258 5373 3543 5439 Pontiano,

1975 5468 2027 5515 et
2058 5462 2173 5516 aliis
2216 5460 2394 5514 multis
2424 5456 2539 5510 sine
2587 5464 2809 5507 numero
2857 5449 3037 5501 Romae
3086 5446 3185 5500 sub
3220 5446 3540 5499 Maximiano

1974 5536 2263 5603 capitalem,
2295 5529 2428 5599 jussi
2483 5534 2605 5603 sunt
2652 5522 2834 5603 subire
2879 5521 3220 5575 sententiam.
3272 5516 3440 5603 Perit.
3476 5532 3541 5570 os

1973 5595 2201 5670 Νἱτλιη
2230 5595 2452 5655 ΗιὲειοΝ.
2484 5595 2830 5670 Martyrolog.

2048 5656 2473 5751 (Hermogenis.
2508 5656 2686 5748 Hosin
2724 5656 2967 5735 paludem
2995 5660 3278 5751 quamdam
3300 5672 3419 5751 esse
3446 5656 3544 5741 de-

1976 5764 2198 5806 mersos,
2233 5758 2294 5796 ac
2318 5730 2395 5796 sic
2438 5730 2745 5810 martyrium
2778 5730 3197 5802 consummasse,
3232 5734 3455 5790 habetur
3486 5730 3541 5785 in

1976 5824 2245 5875 'lht-sauro
2273 5813 2539 5881 concion.,
2575 5824 2705 5870 tont.
2738 5811 2798 5865 ll.

3082 5926 3154 5987 36
