4064 6346
588 296 731 362 Ilii!

1297 291 1506 350 BENE
1546 288 1999 349 VENEBABILIS
2037 288 2188 347 OPP.
2228 286 2406 347 PARS
2441 288 2536 349 IV.
2575 318 2646 333 —
2681 289 3064 351 HISTORICA.

3697 301 3843 363 H32

1832 400 1988 461 EDI'I‘
1992 402 2057 460 10
2088 402 2549 462 COLONIENSIS.

587 511 745 584 Apud
773 502 1148 566 Alexandriam
1176 502 1456 559 beatorum
1487 508 1781 572 martyrum
1802 498 2079 569 Epimachi
2108 505 2165 554 et
2192 499 2240 574 Α
2268 509 2476 555 mortua
2520 500 2874 559 nuntiaretur.
2917 500 3087 569 Quam
3135 500 3357 561 lenones
3397 504 3695 566 nullatenus
3723 526 3846 569 mo-

589 604 900 671 Alexandri,
924 601 1013 673 qui
1044 599 1213 656 multo
1242 608 1485 668 tempore
1522 603 1579 651 et
1602 595 1808 666 magnis
1836 592 2162 649 cruciatibus

591 698 920 755 vinculorum
957 702 1015 749 et
1042 690 1277 748 carceris
1307 689 1453 757 torti,
1484 687 1695 759 ignibus
1725 685 1788 741 ad
1835 693 2162 755 postremum

590 790 831 851 consumi
875 786 1154 860 iubentur.
1205 783 1335 840 Item
1386 787 1691 837 sanctarum
1721 786 1948 849 quatuor
1974 774 2165 833 mulie-

590 903 728 953 rum,
786 883 1163 949 Ammonariae,
1218 877 1519 942 Mercuriae,
1578 872 1879 945 Dionysiae;
1936 879 1990 929 et
2036 871 2163 927 item

590 982 710 1037 alia
761 976 1141 1041 Ammonarie,
1188 987 1307 1042 quae
1351 970 1479 1026 dum
1512 967 1673 1025 nimia
1700 964 2000 1023 constantia
2046 970 2166 1019 ute-

592 1081 775 1128 rentur
825 1069 961 1140 apud
986 1067 1251 1139 iudicem,
1287 1072 1342 1120 et
1371 1062 1463 1118 ille
1488 1061 1829 1118 erubesceret
1857 1056 1993 1113 vinci
2023 1071 2053 1111 a
2084 1055 2165 1112 fe-

593 1164 786 1232 minis,
829 1160 1081 1217 inauditis
1133 1162 1527 1213 tormentorum
1567 1151 1853 1224 generibus
1904 1148 2166 1213 toleratis,

593 1256 755 1311 tinem
797 1254 1033 1309 omnium
1082 1251 1222 1306 ferro
1273 1248 1516 1304 caadente
1559 1244 1884 1316 suscipiunt,
1934 1242 2169 1315 gloriose

590 1348 731 1418 apud
761 1344 1137 1401 Alexandriam
1168 1341 1414 1412 sepultae.

662 1442 726 1496 D.
759 1440 875 1495 lous
905 1438 1141 1492 Ducena.
1170 1463 1241 1477 --
1270 1431 1423 1503 Apud
1470 1432 1763 1502 Syracusas
1813 1427 2009 1486 Sicilire
2038 1426 2168 1483 civi-

595 1544 755 1591 tatem
780 1544 979 1589 sanctae
1019 1529 1195 1585 Lucis;
1225 1526 1445 1597 virginis
1484 1533 1538 1582 et
1569 1521 1841 1594 martyris,
1869 1536 1986 1591 qua:
2018 1533 2172 1591 passa

592 1638 675 1685 est
720 1626 1088 1697 persecutione
1127 1619 1438 1677 Diocletiani
1493 1625 1548 1671 et
1584 1614 1883 1670 Maximiani
1933 1613 2030 1666 sub
2072 1611 2177 1666 Pa-

592 1721 805 1778 schasio
852 1715 1143 1773 consulari.
1174 1714 1295 1769 Haec
1329 1707 1657 1766 nobilissima
1693 1706 2170 1778 Syracusanorum,

595 1822 876 1885 postquam
926 1811 1105 1867 omnia
1148 1824 1243 1864 sua
1278 1821 1395 1877 quin
1438 1806 1506 1861 de
1546 1803 1857 1876 parentibus
1885 1804 1932 1857 ei
1964 1815 2176 1857 reman-

2270 608 2391 649 vere
2440 602 2707 666 poterant.
2739 594 2889 651 Tunc
2936 595 3186 666 praecepit
3232 597 3551 656 Paschasius
3578 613 3634 659 ut
3660 605 3843 675 ignem

2267 691 2542 761 copiosum
2596 692 2737 748 circa
2768 706 2886 748 eam
2928 693 3303 760 accenderent,
3333 703 3385 751 et
3412 695 3582 767 picem
3623 708 3679 755 et
3712 701 3849 756 resi-

2269 797 2413 850 nam,
2464 794 2519 841 et
2566 784 2779 840 fervens
2824 784 3001 841 oleum
3057 800 3220 856 super
3265 801 3381 842 eam
3414 788 3717 859 iactarent;
3753 793 3848 849 sed

2275 874 2367 931 illa
2412 876 2465 932 in
2514 876 2729 932 nomine
2776 874 2984 931 Domini
3046 878 3193 933 stetit
3248 878 3551 935 immobilis.
3607 881 3847 939 Tandem

2268 966 2446 1039 gladio
2489 966 2541 1022 in
2598 977 2811 1039 gutture
2865 982 3043 1024 merso
3097 983 3391 1039 percussa,
3460 971 3699 1041 quandiu
3760 989 3852 1028 vo-

2271 1058 2369 1114 luit
2455 1058 2660 1116 turbam
2730 1061 3160 1117 circumstantem
3242 1060 3468 1116 allocuta
3552 1074 3677 1129 est,
3748 1080 3847 1123 nec

2270 1153 2489 1210 omnino
2521 1164 2729 1210 mortua
2765 1164 2865 1217 est,
2905 1154 3076 1208 donec
3108 1153 3441 1209 venientibus
3480 1157 3849 1214 sacerdotibus

2273 1245 2702 1301 communionem
2741 1244 2996 1299 dominici
3026 1245 3267 1313 corporis
3294 1256 3347 1301 et
3398 1248 3678 1317 sanguinis
3708 1249 3850 1305 acci-

2273 1347 2457 1409 peret;
2485 1338 2691 1408 sepulta
2720 1336 2776 1392 in
2827 1338 2944 1392 loco
2975 1336 3029 1391 in
3062 1352 3168 1407 quo
3194 1352 3445 1407 percussa
3490 1349 3592 1407 est,
3625 1340 3851 1398 basilica

2273 1443 2433 1499 supra
2462 1443 2659 1502 corpus
2687 1429 2804 1497 ejus
2833 1426 3171 1498 postmodum
3196 1428 3473 1485 aedificata.

2346 1521 2408 1575 E.
2460 1520 2581 1576 XIX
2628 1519 2870 1575 KALEND.
2900 1519 3022 1574 JAN.
3070 1546 3142 1559 —-
3179 1510 3329 1589 Apud
3360 1520 3705 1579 Antiochiam
3737 1540 3859 1581 san-

2228 1616 2229 1619 “
2275 1622 2485 1669 ciorum
2529 1623 2824 1685 martyrum
2862 1611 3044 1679 Drusi,
3078 1609 3301 1679 Zosimi,
3332 1614 3543 1669 Arsenii
3587 1624 3641 1671 et
3673 1613 3858 1672 Isidori

2274 1716 2437 1777 atque
2467 1704 2760 1762 Theodori.
2797 1704 2950 1774 Apud
2980 1704 3360 1761 Alexandriam
3390 1707 3667 1764 beatorum
3722 1726 3860 1767 mar-

2279 1806 2453 1870 tyrum
2500 1797 2751 1864 Ilcronis,
2783 1790 3047 1865 Dioscori,
3077 1798 3168 1869 qui
3207 1797 3306 1853 sub
3336 1798 3565 1854 Deciana
3597 1817 3852 1870 persecu-

526 1900 538 1973 ς
593 1875 797 1971 serant,
848 1902 1189 1973 pauperibus,
1238 1875 1438 1965 viduis,
1468 1875 1747 1967 orphanis,
1775 1893 2092 1965 peregrinis,
2122 1901 2175 1948 et
2205 1875 2252 1936 Β
2279 1891 2426 1947 tione
2480 1892 2640 1947 variis
2672 1893 2958 1947 tormentis
3002 1891 3267 1957 dilaniati,
3319 1892 3615 1951 novissime
3645 1896 3861 1966 ignibus

596 2001 705 2056 Deo
728 1997 1080 2055 servientibus
1123 1995 1386 2062 distraxit,
1418 2007 1448 2049 a
1490 2005 1687 2063 sponso
1714 2004 1832 2057 suo,
1865 1987 2005 2060 quod
2035 1997 2176 2044 esset

592 2093 917 2160 Christiana,
946 2089 1237 2146 Paschasio
1266 2086 1467 2153 delata,
1498 2084 1875 2157 impellebatur
1916 2082 1981 2136 ad
2009 2079 2175 2136 sacri-

594 2185 859 2241 ficandum
903 2183 1262 2240 daemonibus.
1313 2182 1446 2249 Qum
1487 2196 1609 2235 cum
1655 2178 1808 2233 nullo
1853 2176 2012 2232 modo
2038 2190 2172 2230 con-

592 2279 840 2345 sentiret,
873 2276 1106 2332 traditur
1145 2274 1450 2341 lenonibus,
1484 2282 1539 2328 ut
1571 2272 1822 2343 populum
1853 2270 1919 2324 ad
1948 2268 2169 2324 castita-

596 2380 705 2426 tem
756 2370 875 2441 ejus
922 2369 1231 2437 invitarent,
1279 2375 1335 2422 et
1384 2365 1569 2422 tandiu
1606 2364 1971 2431 deluderetur,
2004 2362 2174 2417 donec

2275 1990 2402 2039 sunt
2450 1980 2648 2037 traditi.
2680 1980 2815 2038 Item
2848 1981 2989 2038 beati
3027 1982 3269 2052 Lupicini
3304 1982 3623 2040 Viennensis
3676 1987 3861 2043 Eccle—

2275 2075 2373 2131 sia:
2398 2074 2568 2130 octavi
2599 2073 2863 2167 episcopi.
2887 2073 3041 2145 Apud
3064 2072 3301 2144 Cyprum
3328 2075 3508 2131 natale
3533 2077 3714 2157 sancti
3736 2079 3858 2150 Spi-

2277 2165 2483 2223 ridonis
2533 2164 2775 2236 episcopi
2834 2166 3162 2221 admirandae
3205 2165 3551 2224 beatitudinis
3607 2170 3734 2236 viri,
3777 2173 3863 2241 qui

2276 2276 2413 2317 unus
2476 2259 2575 2314 fuit
2620 2258 2691 2317 de
2736 2260 2842 2315 illis
2886 2260 3300 2329 confcssoribus,
3332 2276 3465 2332 quos
3510 2259 3864 2321 Maximianus

2282 2353 2487 2436 dextris
2518 2354 2688 2410 oculis
2731 2354 2963 2424 efl’ossis,
3014 2363 3069 2411 et
3094 2355 3313 2412 sinistro
3352 2357 3555 2428 poplite
3591 2359 3864 2437 succisso,

1841 2426 2070 2509 auirio
2109 2426 2618 2509 BOLLANDIANA.

600 2554 812 2609 Donati.
842 2553 907 2607 V.
940 2552 999 2606 Β.
1028 2550 1090 2605 C.
1124 2552 1213 2618 D.,
1247 2550 1314 2604 Et
1336 2549 1559 2603 aliorum
1588 2545 1768 2616 viginti
1798 2544 2044 2618 duorum.
2077 2543 2167 2609 D.,

594 2626 746 2692 Apud
770 2623 1147 2678 Alexandriam
1175 2616 1485 2689 “Epimachi
1516 2629 1567 2674 et
1596 2617 1902 2692 Alexandri;
1932 2616 2021 2692 qui
2046 2630 2167 2692 cum

593 2685 765 2749 multo
790 2704 1029 2762 tempore
1050 2693 1101 2747 in
1133 2685 1356 2746 vinculis
1378 2699 1432 2746 et
1450 2689 1770 2762 cruciatibus
1791 2688 2023 2762 carceris
2046 2685 2170 2747 torti

592 2776 647 2824 et
677 2759 1411 2836 confectiiperdurasseutjn
1458 2762 1583 2836 fide,
1627 2761 1838 2836 ignibus
1877 2759 1943 2813 ad
1962 2768 2168 2836 __extre-

597 2855 743 2906 mum
771 2824 1309 2906 itibent'urgconsumi.
1344 2832 1428 2906 μ,
1458 2832 1520 2906 In
1544 2824 1675 2906 pago
1707 2829 1915 2906 Vitnmo
1933 2824 2026 2906 _T.
2050 2830 2166 2906 _A.,

594 2897 863 2978 Depositio
893 2908 949 2962 S.
980 2902 1308 2979 “Awalerici.
1328 2897 1464 2979 μ’,-
1484 2897 1756 2979 Episcopi.
1790 2900 1876 2962 T.,
1926 2897 2159 2979 confes-

593 2970 749 3034 soris.
784 2981 847 3034 A.
876 2979 967 3042 T.,
1019 2976 1073 3031 In
1121 2975 1389 3043 Hispaniis
1431 2973 1491 3029 S.
1523 2983 1545 3012 ο
1578 2972 1797 3027 Eulaliae
1836 2979 1892 3025 et
1934 2970 2162 3025 alterius

598 3049 817 3121 virginis
843 3050 1064 3104 nimium
1095 3056 1266 3102 tortae.

674 3173 846 3227 15.-
876 3170 1064 3224 IDIBUS.
1098 3166 1284 3222 Natale
1323 3165 1381 3221 S.
1411 3164 1586 3219 Lucius
1625 3162 1846 3233 virginis
1884 3160 1953 3216 de
2001 3158 2168 3231 Syra-

593 3265 739 3321 cusis
786 3262 887 3318 sub
926 3260 1212 3317 Paschasio
1238 3257 1505 3313 consulari
1530 3273 1545 3311 :
1573 3267 1733 3326 quam
1779 3268 1902 3308 cum
1949 3252 2170 3307 lenones

594 3369 939 3436 corrumpere
966 3394 981 3420 ,
1021 3352 1240 3423 iubente
1287 3349 1609 3411 Paschasio,
1669 3346 1895 3410 vellent,
1944 3343 2171 3398 nullate-

592 3435 694 3504 nus
735 3464 853 3503 eam
885 3460 1099 3501 movere
1130 3452 1430 3513 potuerunt,
1463 3454 1562 3496 nec
1602 3438 1811 3495 funibus
1842 3435 2034 3493 additis
2078 3442 2169 3490 aut

602 3540 767 3594 boum
808 3539 1022 3608 paribus
1065 3534 1335 3604 plurimis;
1388 3534 1594 3605 picem,
1645 3534 1908 3596 resinam,
1960 3530 2171 3587 fervens

595 3630 797 3697 oleum,
828 3627 958 3683 nihil
989 3627 1112 3681 laesa
1137 3624 1391 3693 suscepit.
1416 3623 1652 3677 Tandem
1677 3623 1849 3694 gladio
1883 3622 1933 3676 in
1959 3621 2165 3675 viscera

596 3738 796 3791 merso,
830 3734 1104 3793 percussa,
1134 3732 1234 3773 nec
1275 3727 1447 3772 tamen
1477 3728 1683 3771 mortua
1731 3724 1832 3780 est,
1866 3714 2037 3769 donec
2081 3726 2169 3768 ve-

602 3815 873 3872 nientibus
898 3810 1281 3879 sacerdotibus,
1313 3809 1739 3866 communionem
1772 3805 2020 3862 dominici
2051 3818 2170 3859 cor-

2280 2536 2425 2609 poris
2450 2544 2510 2605 ei
2531 2532 2803 2603 sanguinis
2832 2535 3055 2605 accepit.
3084 2534 3249 2592 Passa
3278 2545 3359 2594 est
3389 2545 3635 2609 tempore
3654 2539 3864 2598 Diocle-

2278 2628 2404 2684 tiani
2434 2620 2489 2711 ei
2519 2625 2842 2682 Maximiani.

2350 2722 2509 2776 Deest
2538 2721 2641 2774 hoc
2682 2719 2930 2773 ultimum
2976 2718 3227 2778 chliensi
3265 2720 3364 2779 Ms.
3398 2723 3758 2782 Atrebatcnse
3784 2736 3864 2783 est

2280 2792 2333 2848 in
2380 2791 3010 2862 principiocontractius
3040 2809 3055 2847 :
3085 2796 3216 2858 Qua:
3259 2809 3381 2850 cum
3419 2797 3520 2850 sub
3569 2796 3864 2855 Paschasio

2278 2861 2486 2945 picem,
2562 2861 2794 2919 resinam
2848 2870 2904 2918 et
2958 2862 3169 2922 fervens
3214 2865 3391 2921 oleum
3444 2867 3615 2923 illaesa
3671 2884 3864 2928 susce-

2280 2943 2502 3058 plsiifn'I‘.
2536 3003 2619 3070 [ιη
2653 3003 2775 3072 Ipso
2799 3004 2887 3059 die
2917 3006 2969 3059 in
2999 3005 3170 3061 Gallia
3198 3006 3489 3063 Cameraco
3516 3008 3742 3067 civitate
3768 3012 3865 3068 de-

2205 3074 2252 3140 C
2284 3075 2564 3150 positio‘S.
2589 3074 2615 3150 d_
2638 3077 2880 3150 Aetherii
2910 3077 3145 3150 episcopi
3171 3086 3226 3132 et
3249 3080 3603 3150 confessoris.
3636 3085 3735 3150 A.,
3768 3084 3866 3139 Per

2279 3160 2437 3222 quem
2472 3146 2724 3222 Dominus
2752 3148 3006 3222 miracula
3049 3148 3263 3222 operari
3309 3149 3559 3222 dignatus
3603 3163 3693 3208 est
3718 3146 3864 3222 prc-

2279 3217 2440 3271 clara.
2474 3218 2562 3283 T.,
2597 3219 2793 3272 Eodem
2820 3217 2908 3273 die
2940 3220 3203 3287 depositio
3231 3219 3289 3277 S.
3317 3230 3340 3257 ε
3369 3217 3557 3277 Judaei
3589 3217 3864 3281 confesso-

2278 3288 2376 3344 ris.
2421 3288 2849 3363 L.,‘_Ei‘nalale
2893 3289 2951 3345 S.
2983 3287 3003 3327 ί
3036 3289 3222 3363 Udilia:
3270 3291 3521 3362 virginis;
3550 3309 3675 3363 quae
3723 3312 3862 3352 caeca

2278 3369 2419 3423 nata,
2456 3358 2549 3413 sed
2580 3374 2609 3412 a
2638 3356 2747 3412 Deo
2796 3371 2998 3427 curata,
3046 3370 3099 3415 et
3140 3362 3208 3417 de
3245 3356 3396 3417 sacro
3444 3356 3594 3418 fonte
3635 3381 3663 3419 a
3696 3369 3862 3423 tribus

2278 3431 2542 3510 episcopis
2571 3439 2816 3510 suscepta
2848 3430 2968 3510 fuit.
3092 3429 3181 3510 C.,
3202 3434 3356 3510 Alibi
3387 3435 3725 3510 Le_ocandidi
3757 3438 3859 3510 ια,

2272 3498 2527 3573 Locandi]
2554 3498 2891 3573 confessoris
2921 3513 2976 3559 et
3008 3502 3292 3559 Valentini.
3322 3505 3411 3573 8.,
3439 3504 3719 3563 Ravenna:
3757 3498 3862 3564 ita;

2274 3569 2377 3624 tale
2423 3569 2526 3626 SS.
2552 3572 2812 3627 Valentini
2859 3585 2913 3629 et
2969 3572 3241 3628 Leuchadi
3297 3569 3699 3636 confessorum.
3752 3580 3858 3636 Me-

2273 3640 2519 3765 iliiglano,
2562 3645 2735 3712 passio
2793 3643 2892 3700 SS.
2939 3656 3235 3718 martyrum
3268 3653 3293 3695 Β
3322 3647 3569 3705 Gervasii
3618 3662 3674 3706 et
3732 3650 3863 3707 Pro-

2299 3728 2324 3764 a
2362 3726 2417 3765 ιι.

2299 3725 2417 3765 asn.

2344 3803 2434 3857 14.
2457 3834 2529 3844 -
2552 3802 2672 3860 XIX
2696 3805 2836 3862 KAL.
2860 3806 2981 3864 IAN.
3014 3806 3183 3865 Vacat
3212 3808 3389 3865 Beda.

1985 3893 2193 3952 SMITII
2230 3891 2457 3950 NOTAE.

669 4020 695 4048 α
737 4009 1035 4079 Epimachi.
1067 4009 1141 4064 De
1170 4009 1252 4064 his
1281 4006 1402 4063 vide
1423 4006 1645 4073 Euseb.,
1676 4005 2169 4079 vt,U4l._Cra2ciﬂde

595 4076 887 4151 Epimacho
960 4088 1122 4147 agunt
1184 4082 1410 4133 natalem
1474 4079 1615 4151 diem
1667 4076 1834 4151 pridie
1884 4077 2011 4151 Kal.
2064 4078 2169 4151 N_o-

592 4148 798 4217 vemb.,
833 4150 949 4231 eius
976 4164 1103 4231 vero
1125 4150 1534 4231 translationem
1556 4149 2069 4217 CmistantinOpolim
2094 4148 2170 4203 fa-

594 4233 731 4275 ctam
758 4222 997 4274 recolunt
1029 4235 1058 4273 v
1083 4220 1203 4274 Idus
1226 4220 1420 4275 Martii.

594 4362 609 4370 _
666 4290 693 4328 ι)
731 4288 993 4370 ιοναιετίερ.
1022 4292 1124 4370 Qui
1166 4292 1261 4345 fuit
1288 4290 1656 4370 Arvernensis.
1692 4288 1854 4370 Vixit.
1876 4290 2169 4370 monachus

594 4362 647 4416 in
678 4361 1002 4415 monasterio
1030 4364 1255 4417 Autumo
1283 4372 1338 4416 et
1365 4360 1739 4426 Antissiodori,
1771 4360 1893 4415 dein
1926 4361 2166 4415 Lexovii.

594 4435 637 4486 Α
667 4446 790 4500 rege
820 4431 1052 4484 Clotario
1080 4446 1197 4486 cum
1226 4447 1490 4486 consensu
1534 4429 1903 4486 Arnbianensis
1928 4432 2164 4501 episcopi

594 4503 769 4557 locum
793 4502 1100 4556 Leuconaus
1124 4504 1175 4555 in
1203 4517 1336 4572 pago
1360 4501 1704 4557 Witmacensi
1722 4502 1788 4554 ad
1822 4502 2166 4559 habitandum

593 4574 822 4641 accepit,
854 4573 943 4627 ubi
986 4578 1362 4628 monasterium
1392 4573 1708 4629 construxit.
1738 4572 1884 4626 Obiit
1927 4574 2082 4628 hodie
2112 4583 2169 4629 et

634 4646 809 4698 uidem
856 4644 942 4697 die
991 4643 1283 4708 Dominico,
1314 4645 1526 4699 vivente
1573 4658 1698 4712 rege
1740 4643 1993 4710 Clotario,
2025 4660 2166 4700 anno

634 4659 809 4698 utuem
856 4659 942 4697 uie
991 4659 1283 4708 uomnneo,
1314 4659 1526 4699 vivente
1573 4659 1698 4712 rege
1740 4659 1993 4710 uotario,
2025 4660 2166 4700 anno

592 4659 795 4771 Christi
840 4712 966 4771 622.
1020 4714 1223 4783 Duplici
1266 4716 1368 4769 alia
1423 4714 1733 4770 celebritate
1774 4713 1971 4769 colitur
2024 4715 2166 4771 idem

594 4794 813 4841 sanctus
851 4787 906 4840 in
944 4799 1043 4841 suo
1070 4786 1428 4840 monasterio:
1462 4800 1655 4855 nempe
1684 4784 1800 4840 Kal.
1834 4787 2031 4855 April.,
2062 4801 2167 4855 quo

592 4857 681 4911 die
711 4858 766 4911 in
802 4857 1043 4911 Romano
1083 4856 1457 4926 Martyrologio
1502 4858 1673 4910 locum
1705 4856 1886 4922 habet,
1921 4871 2165 4913 comme-

594 4936 836 4982 moratur
874 4928 990 4995 ejus
1037 4926 1309 4981 translatio
1339 4942 1369 4979 a
1419 4926 1697 4981 Bercundo
1725 4929 2164 4983 Ambianensium

594 5000 846 5067 episcopo
886 4996 1025 5053 facta
1050 5010 1082 5053 e
1108 4998 1310 5065 capella
1339 4996 1394 5051 in
1420 5012 1520 5067 qua
1549 4998 1715 5066 ipsius
1750 5013 1943 5066 corpus
1986 4999 2166 5067 sepul-

594 5077 705 5124 tum
736 5069 907 5123 fuerat
934 5070 987 5123 in
1009 5069 1289 5123 ecclesiam
1315 5068 1622 5122 monasterii
1654 5067 1997 5137 principalem
2026 5070 2164 5129 :alia

594 5140 875 5195 celebritas
904 5140 1086 5195 incidit
1123 5140 1175 5193 in
1222 5139 1361 5194 diem
1410 5138 1697 5193 secundam
1748 5138 1919 5204 Junii,
1951 5141 2167 5209 quando

592 5211 835 5280 ejusdem
871 5224 1062 5279 corpus
1104 5225 1169 5265 ex
1215 5209 1522 5264 Bertiniano
1569 5212 1893 5280 monasterio
1941 5212 2165 5265 relatum

597 5277 677 5337 est
706 5297 799 5349 per
826 5277 1097 5350 Hugo'nem
1115 5282 1370 5349 Capetum
1392 5295 1533 5335 anno
1553 5277 1679 5350 987i.
1704 5278 1832 5334 Vide
1853 5280 1968 5347 eius
1994 5280 2164 5335 Vitam

596 5354 652 5408 in
681 5348 968 5407 Mabilloriii
998 5348 1263 5407 saeculari
1305 5355 1428 5407 Act.
1454 5351 1588 5407 Ben.
1616 5348 1732 5406 Non
1778 5360 1924 5406 recte
1970 5352 2167 5407 dicitur

593 5437 895 5494 episcopus.
1870 5452 1871 5455 η

624 5500 689 5578 .c
730 5494 976 5549 Eulalia.
1034 5491 1196 5562 Vide,
1250 5506 1448 5563 supra,
1502 5509 1557 5550 iv
1608 5491 1731 5549 Idus
1787 5490 1945 5549 huius
2007 5507 2163 5549 men-

594 5579 690 5620 διε.

668 5635 695 5673 τι
724 5637 968 5691 Autbcrti.
1001 5636 1059 5693 S.
1092 5634 1378 5691 Autbertus
1407 5636 1611 5692 refulsit
1638 5632 1967 5703 temporibus
1998 5634 2166 5704 Dago-

595 5705 735 5779 berti
763 5708 1078 5779 regis.ASub
1124 5723 1189 5763 eo
1232 5708 1864 5779 ilannoniamirabiliter
1914 5708 1968 5761 in
2008 5706 2165 5779 Chri-

596 5778 765 5835 stiana
803 5777 1056 5851 religione
1080 5780 1240 5851 coepit
1268 5780 1490 5847 ﬂorere;
1526 5778 1709 5836 habuit
1735 5777 1877 5837 enim
1909 5780 1960 5834 in
1991 5792 2053 5835 ea
2084 5778 2162 5834 di-

2195 4467 2246 4529 D

2270 4007 2507 4079 scipulos
2546 4003 2896 4079 Landelinnm
2929 4006 3177 4063 abbatem
3208 4007 3480 4079 Crispinii,
3513 4008 3858 4069 Vincentium

2270 4078 2647 4151 Madelgarinin
2680 4082 2950 4151 eninitem,
2980 4088 3034 4151 et
3063 4078 3341 4151 conjugem
3381 4083 3500 4150 eius
3540 4083 3602 4139 S.
3643 4084 3861 4140 Walde-

2275 4150 2503 4203 trudent.
2538 4149 2678 4202 Obiit
2729 4148 3005 4225 Canterqu
3052 4151 3193 4225 circa
3226 4148 3487 4225 ξεωεϋϐὃ,
3520 4164 3575 4209 et
3620 4158 3863 4225 sepultus

2274 4228 2359 4273 est
2395 4230 2543 4296 extra
2576 4235 2753 4271 muros
2782 4220 2833 4272 in
2857 4220 2922 4296 _S.
2974 4219 3113 4276 Petri
3161 4223 3408 4296 ecclesia,
3439 4239 3557 4294 quae
3586 4219 3862 4296 ampliatis

2273 4292 2539 4344 moenibus
2571 4306 2708 4344 nunc
2738 4300 2821 4344 est
2855 4291 2991 4344 intra
3022 4308 3224 4359 muros,
3254 4294 3312 4349 S.
3340 4291 3587 4352 Autberti
3617 4291 3859 4353 abitalia.

2277 4359 2554 4431 Videiejus
2588 4361 2757 4413 Vitam
2788 4361 2927 4428 apud
2958 4362 3193 4429 Surium,
3228 4374 3358 4419 tom.
3391 4365 3475 4419 VI.

2347 4437 2369 4464 θ
2397 4430 2605 4502 .Iuiloci.
2639 4434 2750 4498 Quo
2796 4447 2939 4486 anno
2976 4432 3034 4488 S.
3065 4433 3296 4490 Judocus
3344 4435 3556 4502 obierit,
3590 4435 3857 4493 incertum

2270 4510 2373 4557 est.
2402 4501 2637 4557 Judicael
2673 4501 2954 4556 Britannia:
2985 4504 3203 4559 minoris
3230 4522 3321 4561 rex
3349 4501 3553 4561 Judoco
3579 4505 3735 4563 fratri
3761 4516 3861 4563 Ar-

2270 4577 2486 4648 moricae
2511 4574 2764 4648 ditionem
2790 4576 3065 4648 resignare
3088 4576 3254 4630 voluit
3279 4592 3417 4632 anno
3445 4578 3735 4648 Dagoberti
3770 4580 3857 4644 15,

2268 4642 2467 4698 Christi
2496 4642 2618 4697 656.
2648 4642 2919 4709 ,Ιυάοοιιεζ
2940 4646 3235 4713 impetratis
3266 4657 3385 4701 octo
3435 4642 3645 4704 dierum
3698 4642 3857 4705 indu;

2267 4716 2388 4781 ciis,
2419 4715 2471 4769 in
2504 4716 2783 4770 Pontivum
2814 4715 2968 4790 fugit,
2996 4718 3083 4770 ubi
3115 4717 3254 4787 apud
3298 4718 3628 4790 Haynionem
3661 4721 3854 4777 ducem

2269 4799 2363 4854 per
2390 4798 2594 4853 septem
2624 4801 2793 4839 annos
2823 4787 3139 4856 hospitatus,
3172 4805 3312 4845 anno
3343 4787 3469 4856 013,
3499 4791 3557 4847 in
3601 4790 3856 4849 solitudi-

2268 4872 2388 4911 nem
2437 4858 2812 4912 Brahicensem
2843 4873 2903 4912 se
2945 4861 3168 4927 recepit.
3203 4862 3411 4917 Exactis
3448 4862 3644 4917 ibidem
3690 4862 3857 4917 anuis

2266 4936 2412 4994 octo,
2439 4927 2660 4995 secessit
2688 4928 2740 4981 in
2785 4928 2961 4983 locum
3007 4931 3159 4997 cuius
3190 4931 3506 4987 vocabulum
3538 4931 3852 4997 Ituniacus;

2267 4998 2418 5052 annis
2446 4997 2531 5064 15,
2549 5012 2674 5073 seu,
2724 4999 2797 5053 uti
2826 4999 2989 5073 apud
3015 5000 3227 5073 Surium
3272 5003 3479 5073 legitur,
3508 5003 3573 5057 14
3594 5002 3709 5057 illic
3734 5018 3858 5060 m0-

2266 5077 2498 5123 raturus.
2549 5068 2749 5125 Ultimo
2797 5068 3038 5125 consedit
3087 5071 3139 5126 in
3190 5068 3675 5128 loco'monasterii
3727 5077 3856 5140 sui;

2266 5140 2495 5207 quandiu
2527 5139 2597 5194 ibi
2642 5141 2921 5207 manserit,
2964 5142 3182 5198 dubium
3226 5154 3327 5199 est.
3361 5146 3516 5199 Certe
3567 5139 3854 5201 aedificetis

2268 5208 2404 5264 facili
2435 5211 2852 5287 ‘0pcra_duobus
2883 5213 3151 5287 oratoriis,
3189 5214 3426 5287 llomano
3475 5216 3672 5271 itinere
3728 5232 3857 5287 per-

2265 5292 2405 5353 acto,
2433 5281 2579 5337 brevi
2608 5282 2905 5337 decessisse
2934 5284 3175 5338 scribunt
3206 5284 3526 5353 Florentius,
3559 5287 3705 5353 apud
3728 5281 3858 5343 ’δυ-

2265 5351 2427 5427 rium,
2461 5352 2713 5427 tom.»Vl,
2750 5362 2818 5427 et_
2853 5365 3037 5427 auctor
3084 5369 3382 5427 anonytnus
3411 5351 3550 5425 apud
3597 5351 3859 5413 Alabillo-

2265 5424 2434 5490 nium,
2463 5424 2658 5478 saeculo
2695 5440 2751 5478 ll.
2793 5422 3027 5479 Jndocus
3056 5422 3385 5481 autem'antc
3412 5422 3611 5483 annum
3645 5429 3859 5485 Christi

2265 5493 2369 5566 (ξῧὸ
2397 5494 2616 5548 Romam
2663 5495 2931 5563 profectus
2958 5507 3076 5562 est;
3106 5497 3357 5566 quocirca
3388 5500 3501 5555 eius
3544 5500 3727 5553 obitus
3774 5501 3858 5554 vi-

2264 5563 2417 5619 detur
2441 5567 2505 5619 ad
2536 5580 2731 5618 annum
2762 5568 2863 5619 608
2892 5563 3224 5621 referendus.

2344 5637 2604 5708 (ﬁdium.
2634 5639 2760 5703 Quae
2782 5638 2971 5692 claruit
3003 5642 3141 5693 circa
3165 5654 3362 5694 annum
3391 5638 3521 5708 700,
3553 5644 3609 5695 ut
3636 5649 3856 5699 constat

2265 5720 2332 5762 ex
2359 5706 2555 5759 Chron.
2581 5708 2761 5762 Germ.

2337 5786 2361 5825 8
2394 5776 2637 5835 Cervatii.
2662 5782 2734 5835 De
2763 5778 2844 5836 liis
2873 5780 3013 5846 vide,
3038 5796 3218 5853 supra,
3246 5781 3332 5838 die
3358 5798 3445 5837 xix
3471 5780 3635 5838 Junii.
