  <div class='ocr_page' id='page_1' title='image "/cluster/home/n/w/nwhite01/storage/ocr_20150623/94/hvd.32044020406492/574.png"; bbox 0 0 4064 6346; ppageno 0'>
   <div class='ocr_carea' id='block_1_1' title="bbox 310 235 454 314">
    <p class='ocr_par' dir='ltr' id='par_1_1' title="bbox 310 235 454 314">
     <span class='ocr_line' id='line_1_1' title="bbox 310 235 454 314; baseline 0.007 -1"><span class='ocrx_word' id='word_1_1' title='bbox 310 235 454 314; x_wconf 68' lang='lat'><strong>1153</strong></span> 
     </span>
    </p>
   </div>
   <div class='ocr_carea' id='block_1_2' title="bbox 1430 254 2438 317">
    <p class='ocr_par' dir='ltr' id='par_1_2' title="bbox 1430 254 2438 317">
     <span class='ocr_line' id='line_1_2' title="bbox 1430 254 2438 317; baseline -0.002 -1"><span class='ocrx_word' id='word_1_2' title='bbox 1430 254 1625 316; x_wconf 78' lang='lat' dir='ltr'><strong>SECT.</strong></span> <span class='ocrx_word' id='word_1_3' title='bbox 1667 256 1729 314; x_wconf 91' lang='lat' dir='ltr'><strong>ll.</strong></span> <span class='ocrx_word' id='word_1_4' title='bbox 1776 286 1847 302; x_wconf 90' lang='lat'><strong>--</strong></span> <span class='ocrx_word' id='word_1_5' title='bbox 1875 254 2438 317; x_wconf 74' lang='lat' dir='ltr'><strong>MARTYROLOGIA.</strong></span> 
     </span>
    </p>
   </div>
   <div class='ocr_carea' id='block_1_3' title="bbox 3410 245 3565 327">
    <p class='ocr_par' dir='ltr' id='par_1_3' title="bbox 3410 245 3565 327">
     <span class='ocr_line' id='line_1_3' title="bbox 3410 245 3565 327; baseline 0.026 -4"><span class='ocrx_word' id='word_1_6' title='bbox 3410 245 3565 327; x_wconf 69' lang='lat' dir='ltr'><strong>ttat</strong></span> 
     </span>
    </p>
   </div>
   <div class='ocr_carea' id='block_1_4' title="bbox 1557 365 2288 433">
    <p class='ocr_par' dir='ltr' id='par_1_4' title="bbox 1557 365 2288 433">
     <span class='ocr_line' id='line_1_4' title="bbox 1557 365 2288 433; baseline -0.003 -2"><span class='ocrx_word' id='word_1_7' title='bbox 1557 365 2288 433; x_wconf 59' lang='lat' dir='ltr'><strong>EDITIO&#39;COLONIENSIS.</strong></span> 
     </span>
    </p>
   </div>
   <div class='ocr_carea' id='block_1_5' title="bbox 304 464 3561 545">
    <p class='ocr_par' dir='ltr' id='par_1_5' title="bbox 304 464 3561 545">
     <span class='ocr_line' id='line_1_5' title="bbox 304 464 3561 545; baseline 0.002 -19"><span class='ocrx_word' id='word_1_8' title='bbox 304 484 402 541; x_wconf 89' lang='lat' dir='ltr'><strong>per</strong></span> <span class='ocrx_word' id='word_1_9' title='bbox 431 467 646 525; x_wconf 89' lang='lat' dir='ltr'><strong>metalla</strong></span> <span class='ocrx_word' id='word_1_10' title='bbox 696 468 1060 539; x_wconf 81' lang='lat' dir='ltr'><strong>damnaverat,</strong></span> <span class='ocrx_word' id='word_1_11' title='bbox 1090 470 1178 542; x_wconf 85' lang='lat' dir='ltr'><strong>qui</strong></span> <span class='ocrx_word' id='word_1_12' title='bbox 1226 469 1384 527; x_wconf 89' lang='lat' dir='ltr'><strong>etiam</strong></span> <span class='ocrx_word' id='word_1_13' title='bbox 1417 471 1781 542; x_wconf 83' lang='lat' dir='ltr'><strong>prapheticam</strong></span> <span class='ocrx_word' id='word_1_14' title='bbox 1804 471 1888 525; x_wconf 90' lang='lat' dir='ltr'><strong>vi-</strong></span> <span class='ocrx_word' id='word_1_15' title='bbox 1917 466 2247 545; x_wconf 65' lang='lat' dir='ltr'><strong>ACandidi,</strong></span> <span class='ocrx_word' id='word_1_16' title='bbox 2301 464 2558 532; x_wconf 80' lang='lat' dir='ltr'><strong>Caeliani,</strong></span> <span class='ocrx_word' id='word_1_17' title='bbox 2606 465 2807 533; x_wconf 78' lang='lat' dir='ltr'><strong>Marci,</strong></span> <span class='ocrx_word' id='word_1_18' title='bbox 2857 465 3099 522; x_wconf 76' lang='lat' dir='ltr'><strong>Januarii</strong></span> <span class='ocrx_word' id='word_1_19' title='bbox 3149 475 3207 524; x_wconf 88' lang='lat' dir='ltr'><strong>et</strong></span> <span class='ocrx_word' id='word_1_20' title='bbox 3256 467 3561 531; x_wconf 72' lang='lat' dir='ltr'><strong>Fortunati.</strong></span> 
     </span>
    </p>
   </div>
   <div class='ocr_carea' id='block_1_6' title="bbox 304 558 1883 633">
    <p class='ocr_par' dir='ltr' id='par_1_6' title="bbox 304 558 1883 633">
     <span class='ocr_line' id='line_1_6' title="bbox 304 558 1883 633; baseline 0.002 -19"><span class='ocrx_word' id='word_1_21' title='bbox 304 569 413 614; x_wconf 89' lang='lat' dir='ltr'><strong>tam</strong></span> <span class='ocrx_word' id='word_1_22' title='bbox 438 560 613 615; x_wconf 78' lang='lat' dir='ltr'><strong>duxit.</strong></span> <span class='ocrx_word' id='word_1_23' title='bbox 638 559 899 631; x_wconf 89' lang='lat' dir='ltr'><strong>Lugduno</strong></span> <span class='ocrx_word' id='word_1_24' title='bbox 930 558 1114 616; x_wconf 62' lang='lat' dir='ltr'><strong>Gallias</strong></span> <span class='ocrx_word' id='word_1_25' title='bbox 1158 561 1329 617; x_wconf 80' lang='lat' dir='ltr'><strong>sancti</strong></span> <span class='ocrx_word' id='word_1_26' title='bbox 1361 561 1591 619; x_wconf 89' lang='lat' dir='ltr'><strong>Viatoris</strong></span> <span class='ocrx_word' id='word_1_27' title='bbox 1620 561 1883 633; x_wconf 84' lang='lat' dir='ltr'><strong>episcopi.</strong></span> 
     </span>
    </p>
   </div>
   <div class='ocr_carea' id='block_1_7' title="bbox 2058 556 3563 629">
    <p class='ocr_par' dir='ltr' id='par_1_7' title="bbox 2058 556 3563 629">
     <span class='ocr_line' id='line_1_7' title="bbox 2058 556 3563 629; baseline 0.001 -13"><span class='ocrx_word' id='word_1_28' title='bbox 2058 560 2121 617; x_wconf 73' lang='grc' dir='ltr'><strong>ϐ.</strong></span> <span class='ocrx_word' id='word_1_29' title='bbox 2172 559 2312 615; x_wconf 89' lang='lat' dir='ltr'>XVII</span> <span class='ocrx_word' id='word_1_30' title='bbox 2340 557 2585 615; x_wconf 63' lang='lat' dir='ltr'><strong>Kueun.</strong></span> <span class='ocrx_word' id='word_1_31' title='bbox 2614 556 2738 613; x_wconf 70' lang='lat' dir='ltr'><strong>Jan.</strong></span> <span class='ocrx_word' id='word_1_32' title='bbox 2781 586 2851 599; x_wconf 90' lang='grc'><strong>--</strong></span> <span class='ocrx_word' id='word_1_33' title='bbox 2881 557 3189 629; x_wconf 81' lang='lat' dir='ltr'><strong>Martyrium</strong></span> <span class='ocrx_word' id='word_1_34' title='bbox 3219 558 3375 617; x_wconf 85' lang='lat' dir='ltr'><strong>trium</strong></span> <span class='ocrx_word' id='word_1_35' title='bbox 3414 563 3563 622; x_wconf 83' lang='lat' dir='ltr'><strong>viro-</strong></span> 
     </span>
    </p>
   </div>
   <div class='ocr_carea' id='block_1_8' title="bbox 307 650 3564 726">
    <p class='ocr_par' dir='ltr' id='par_1_8' title="bbox 307 650 3564 726">
     <span class='ocr_line' id='line_1_8' title="bbox 307 650 3564 726; baseline 0.002 -22"><span class='ocrx_word' id='word_1_36' title='bbox 307 650 532 707; x_wconf 79' lang='lat' dir='ltr'><strong>Rhemis</strong></span> <span class='ocrx_word' id='word_1_37' title='bbox 584 650 777 707; x_wconf 90' lang='lat' dir='ltr'><strong>Nicasii</strong></span> <span class='ocrx_word' id='word_1_38' title='bbox 806 653 1064 722; x_wconf 83' lang='lat' dir='ltr'><strong>episcopi,</strong></span> <span class='ocrx_word' id='word_1_39' title='bbox 1123 661 1176 710; x_wconf 88' lang='lat' dir='ltr'><strong>et</strong></span> <span class='ocrx_word' id='word_1_40' title='bbox 1225 653 1520 726; x_wconf 60' lang='lat' dir='ltr'><strong>Eutropia},</strong></span> <span class='ocrx_word' id='word_1_41' title='bbox 1555 653 1804 725; x_wconf 72' lang='lat' dir='ltr'><strong>Aspedia:</strong></span> <span class='ocrx_word' id='word_1_42' title='bbox 1833 661 1889 711; x_wconf 91' lang='lat' dir='ltr'><strong>et</strong></span> <span class='ocrx_word' id='word_1_43' title='bbox 1990 668 2105 711; x_wconf 89' lang='lat' dir='ltr'><strong>rum</strong></span> <span class='ocrx_word' id='word_1_44' title='bbox 2136 663 2441 709; x_wconf 91' lang='lat' dir='ltr'><strong>sanctorum</strong></span> <span class='ocrx_word' id='word_1_45' title='bbox 2474 652 2714 720; x_wconf 63' lang='lat' dir='ltr'><strong>Anania,</strong></span> <span class='ocrx_word' id='word_1_46' title='bbox 2749 650 2951 706; x_wconf 70' lang='lat' dir='ltr'><strong>Atat-ite</strong></span> <span class='ocrx_word' id='word_1_47' title='bbox 2977 660 3034 707; x_wconf 90' lang='lat' dir='ltr'><strong>et</strong></span> <span class='ocrx_word' id='word_1_48' title='bbox 3060 652 3313 709; x_wconf 77' lang='lat' dir='ltr'><strong>Misaelis.</strong></span> <span class='ocrx_word' id='word_1_49' title='bbox 3360 654 3419 710; x_wconf 91' lang='lat' dir='ltr'><strong>In</strong></span> <span class='ocrx_word' id='word_1_50' title='bbox 3449 655 3564 712; x_wconf 84' lang='lat' dir='ltr'><strong>&#39;I&#39;u-</strong></span> 
     </span>
    </p>
   </div>
   <div class='ocr_carea' id='block_1_9' title="bbox 297 743 585 800">
    <p class='ocr_par' dir='ltr' id='par_1_9' title="bbox 297 743 585 800">
     <span class='ocr_line' id='line_1_9' title="bbox 297 743 585 800; baseline -0.003 0"><span class='ocrx_word' id='word_1_51' title='bbox 297 743 585 800; x_wconf 80' lang='lat' dir='ltr'><strong>Theodoli.</strong></span> 
     </span>
    </p>
   </div>
   <div class='ocr_carea' id='block_1_10' title="bbox 1992 742 3565 827">
    <p class='ocr_par' dir='ltr' id='par_1_10' title="bbox 1992 742 3565 827">
     <span class='ocr_line' id='line_1_10' title="bbox 1992 742 3565 827; baseline 0.001 -26"><span class='ocrx_word' id='word_1_52' title='bbox 1992 746 2102 801; x_wconf 90' lang='lat' dir='ltr'><strong>scia</strong></span> <span class='ocrx_word' id='word_1_53' title='bbox 2131 755 2330 801; x_wconf 66' lang='lat' dir='ltr'><strong>sanctae</strong></span> <span class='ocrx_word' id='word_1_54' title='bbox 2372 745 2621 827; x_wconf 62' lang='lat' dir='ltr'><strong>Barbara:</strong></span> <span class='ocrx_word' id='word_1_55' title='bbox 2673 742 2914 813; x_wconf 74' lang='lat' dir='ltr'><strong>virginis,</strong></span> <span class='ocrx_word' id='word_1_56' title='bbox 2957 757 3076 812; x_wconf 70' lang='lat' dir='ltr'><strong>qua</strong></span> <span class='ocrx_word' id='word_1_57' title='bbox 3106 751 3346 814; x_wconf 86' lang='lat' dir='ltr'><strong>tempore</strong></span> <span class='ocrx_word' id='word_1_58' title='bbox 3389 745 3565 802; x_wconf 62' lang='lat' dir='ltr'><strong>Matio</strong></span> 
     </span>
    </p>
   </div>
   <div class='ocr_carea' id='block_1_11' title="bbox 375 832 3564 910">
    <p class='ocr_par' dir='ltr' id='par_1_11' title="bbox 375 832 3564 910">
     <span class='ocr_line' id='line_1_11' title="bbox 375 832 3564 910; baseline 0.001 -19"><span class='ocrx_word' id='word_1_59' title='bbox 375 836 435 891; x_wconf 86' lang='lat' dir='ltr'><strong>F.</strong></span> <span class='ocrx_word' id='word_1_60' title='bbox 481 836 645 893; x_wconf 88' lang='lat' dir='ltr'>XVIII</span> <span class='ocrx_word' id='word_1_61' title='bbox 692 836 931 894; x_wconf 69' lang='lat' dir='ltr'><strong>Kanan.</strong></span> <span class='ocrx_word' id='word_1_62' title='bbox 964 838 1082 895; x_wconf 70' lang='lat' dir='ltr'><strong>JAN.</strong></span> <span class='ocrx_word' id='word_1_63' title='bbox 1114 868 1186 881; x_wconf 92' lang='lat'><strong>--</strong></span> <span class='ocrx_word' id='word_1_64' title='bbox 1222 839 1375 910; x_wconf 86' lang='lat' dir='ltr'><strong>Apud</strong></span> <span class='ocrx_word' id='word_1_65' title='bbox 1415 838 1655 897; x_wconf 86' lang='lat' dir='ltr'><strong>Africam</strong></span> <span class='ocrx_word' id='word_1_66' title='bbox 1704 841 1883 897; x_wconf 83' lang='lat' dir='ltr'><strong>sancti</strong></span> <span class='ocrx_word' id='word_1_67' title='bbox 1987 836 2205 891; x_wconf 89' lang='lat' dir='ltr'><strong>miniani</strong></span> <span class='ocrx_word' id='word_1_68' title='bbox 2271 834 2609 903; x_wconf 79' lang='lat' dir='ltr'><strong>imperatoris</strong></span> <span class='ocrx_word' id='word_1_69' title='bbox 2670 846 2826 901; x_wconf 82' lang='lat' dir='ltr'><strong>passa</strong></span> <span class='ocrx_word' id='word_1_70' title='bbox 2880 840 2966 888; x_wconf 86' lang='lat' dir='ltr'><strong>est</strong></span> <span class='ocrx_word' id='word_1_71' title='bbox 2995 847 3091 902; x_wconf 90' lang='lat' dir='ltr'><strong>pro</strong></span> <span class='ocrx_word' id='word_1_72' title='bbox 3150 832 3384 891; x_wconf 82' lang='lat' dir='ltr'><strong>Christo.</strong></span> <span class='ocrx_word' id='word_1_73' title='bbox 3431 834 3564 895; x_wconf 67' lang='lat' dir='ltr'><strong>Haec</strong></span> 
     </span>
    </p>
   </div>
   <div class='ocr_carea' id='block_1_12' title="bbox 300 926 1880 1005">
    <p class='ocr_par' dir='ltr' id='par_1_12' title="bbox 300 926 1880 1005">
     <span class='ocr_line' id='line_1_12' title="bbox 300 926 1880 1005; baseline 0.004 -22"><span class='ocrx_word' id='word_1_74' title='bbox 300 926 569 984; x_wconf 86' lang='lat' dir='ltr'><strong>Valeriani</strong></span> <span class='ocrx_word' id='word_1_75' title='bbox 597 930 832 999; x_wconf 89' lang='lat' dir='ltr'><strong>episc0pi</strong></span> <span class='ocrx_word' id='word_1_76' title='bbox 878 940 931 987; x_wconf 91' lang='lat' dir='ltr'><strong>et</strong></span> <span class='ocrx_word' id='word_1_77' title='bbox 958 931 1304 1000; x_wconf 79' lang='lat' dir='ltr'><strong>confessoris,</strong></span> <span class='ocrx_word' id='word_1_78' title='bbox 1344 934 1433 1004; x_wconf 87' lang='lat' dir='ltr'><strong>qui</strong></span> <span class='ocrx_word' id='word_1_79' title='bbox 1464 943 1704 1005; x_wconf 91' lang='lat' dir='ltr'><strong>tempore</strong></span> <span class='ocrx_word' id='word_1_80' title='bbox 1736 934 1880 990; x_wconf 91' lang='lat' dir='ltr'><strong>Van-</strong></span> 
     </span>
    </p>
   </div>
   <div class='ocr_carea' id='block_1_13' title="bbox 296 1019 1878 1096">
    <p class='ocr_par' dir='ltr' id='par_1_13' title="bbox 296 1019 1878 1096">
     <span class='ocr_line' id='line_1_13' title="bbox 296 1019 1878 1096; baseline 0.005 -22"><span class='ocrx_word' id='word_1_81' title='bbox 296 1019 488 1076; x_wconf 68' lang='lat' dir='ltr'><strong>dalicre</strong></span> <span class='ocrx_word' id='word_1_82' title='bbox 537 1024 924 1090; x_wconf 84' lang='lat' dir='ltr'><strong>persecutionis</strong></span> <span class='ocrx_word' id='word_1_83' title='bbox 976 1039 1096 1080; x_wconf 91' lang='lat' dir='ltr'><strong>cum</strong></span> <span class='ocrx_word' id='word_1_84' title='bbox 1160 1042 1226 1081; x_wconf 78' lang='lat' dir='ltr'><strong>ex</strong></span> <span class='ocrx_word' id='word_1_85' title='bbox 1272 1036 1537 1096; x_wconf 66' lang='lat' dir='ltr'><strong>praecepto</strong></span> <span class='ocrx_word' id='word_1_86' title='bbox 1606 1026 1878 1084; x_wconf 88' lang='lat' dir='ltr'><strong>Genserici</strong></span> 
     </span>
    </p>
   </div>
   <div class='ocr_carea' id='block_1_14' title="bbox 296 1112 1878 1189">
    <p class='ocr_par' dir='ltr' id='par_1_14' title="bbox 296 1112 1878 1189">
     <span class='ocr_line' id='line_1_14' title="bbox 296 1112 1878 1189; baseline 0.006 -24"><span class='ocrx_word' id='word_1_87' title='bbox 296 1112 439 1181; x_wconf 83' lang='lat' dir='ltr'><strong>regis</strong></span> <span class='ocrx_word' id='word_1_88' title='bbox 470 1113 650 1168; x_wconf 91' lang='lat' dir='ltr'><strong>Ariani</strong></span> <span class='ocrx_word' id='word_1_89' title='bbox 708 1115 774 1169; x_wconf 86' lang='lat' dir='ltr'><strong>ad</strong></span> <span class='ocrx_word' id='word_1_90' title='bbox 805 1115 1120 1172; x_wconf 88' lang='lat' dir='ltr'><strong>tradendum</strong></span> <span class='ocrx_word' id='word_1_91' title='bbox 1177 1117 1357 1173; x_wconf 88' lang='lat' dir='ltr'><strong>divina</strong></span> <span class='ocrx_word' id='word_1_92' title='bbox 1386 1119 1637 1189; x_wconf 86' lang='lat' dir='ltr'><strong>mysteria</strong></span> <span class='ocrx_word' id='word_1_93' title='bbox 1684 1120 1769 1175; x_wconf 87' lang='lat' dir='ltr'><strong>vel</strong></span> <span class='ocrx_word' id='word_1_94' title='bbox 1814 1118 1878 1175; x_wconf 90' lang='lat' dir='ltr'><strong>li-</strong></span> 
     </span>
    </p>
   </div>
   <div class='ocr_carea' id='block_1_15' title="bbox 299 1204 1878 1277">
    <p class='ocr_par' dir='ltr' id='par_1_15' title="bbox 299 1204 1878 1277">
     <span class='ocr_line' id='line_1_15' title="bbox 299 1204 1878 1277; baseline 0.004 -19"><span class='ocrx_word' id='word_1_95' title='bbox 299 1204 425 1259; x_wconf 88' lang='lat' dir='ltr'><strong>bros</strong></span> <span class='ocrx_word' id='word_1_96' title='bbox 473 1212 807 1262; x_wconf 86' lang='lat' dir='ltr'><strong>aretarentur</strong></span> <span class='ocrx_word' id='word_1_97' title='bbox 836 1208 1041 1263; x_wconf 88' lang='lat' dir='ltr'><strong>.cuncti</strong></span> <span class='ocrx_word' id='word_1_98' title='bbox 1092 1209 1299 1263; x_wconf 91' lang='lat' dir='ltr'><strong>Domini</strong></span> <span class='ocrx_word' id='word_1_99' title='bbox 1354 1210 1682 1277; x_wconf 86' lang='lat' dir='ltr'><strong>sacerdotes,</strong></span> <span class='ocrx_word' id='word_1_100' title='bbox 1716 1210 1790 1264; x_wconf 86' lang='lat' dir='ltr'><strong>ita</strong></span> <span class='ocrx_word' id='word_1_101' title='bbox 1821 1218 1878 1265; x_wconf 90' lang='lat' dir='ltr'><strong>ut</strong></span> 
     </span>
    </p>
   </div>
   <div class='ocr_carea' id='block_1_16' title="bbox 296 1288 1877 1371">
    <p class='ocr_par' dir='ltr' id='par_1_16' title="bbox 296 1288 1877 1371">
     <span class='ocr_line' id='line_1_16' title="bbox 296 1288 1877 1371; baseline 0.004 -22"><span class='ocrx_word' id='word_1_102' title='bbox 296 1295 438 1351; x_wconf 91' lang='lat' dir='ltr'><strong>idem</strong></span> <span class='ocrx_word' id='word_1_103' title='bbox 491 1296 638 1367; x_wconf 87' lang='lat' dir='ltr'><strong>impii</strong></span> <span class='ocrx_word' id='word_1_104' title='bbox 682 1298 862 1355; x_wconf 86' lang='lat' dir='ltr'><strong>Ariani</strong></span> <span class='ocrx_word' id='word_1_105' title='bbox 910 1301 977 1355; x_wconf 93' lang='lat' dir='ltr'><strong>de</strong></span> <span class='ocrx_word' id='word_1_106' title='bbox 1025 1302 1153 1370; x_wconf 86' lang='lat' dir='ltr'><strong>ipsis</strong></span> <span class='ocrx_word' id='word_1_107' title='bbox 1185 1301 1360 1371; x_wconf 86' lang='lat' dir='ltr'><strong>palliis</strong></span> <span class='ocrx_word' id='word_1_108' title='bbox 1402 1288 1582 1357; x_wconf 89' lang='lat' dir='ltr'><strong>altaris</strong></span> <span class='ocrx_word' id='word_1_109' title='bbox 1627 1302 1877 1358; x_wconf 87' lang='lat' dir='ltr'><strong>camisias</strong></span> 
     </span>
    </p>
   </div>
   <div class='ocr_carea' id='block_1_17' title="bbox 294 1389 1875 1458">
    <p class='ocr_par' dir='ltr' id='par_1_17' title="bbox 294 1389 1875 1458">
     <span class='ocr_line' id='line_1_17' title="bbox 294 1389 1875 1458; baseline 0.003 -14"><span class='ocrx_word' id='word_1_110' title='bbox 294 1390 398 1444; x_wconf 88' lang='lat' dir='ltr'><strong>sibi</strong></span> <span class='ocrx_word' id='word_1_111' title='bbox 446 1399 501 1445; x_wconf 93' lang='lat' dir='ltr'><strong>et</strong></span> <span class='ocrx_word' id='word_1_112' title='bbox 551 1389 827 1447; x_wconf 90' lang='lat' dir='ltr'><strong>femoralia</strong></span> <span class='ocrx_word' id='word_1_113' title='bbox 878 1393 1133 1458; x_wconf 89' lang='lat' dir='ltr'><strong>facerent,</strong></span> <span class='ocrx_word' id='word_1_114' title='bbox 1177 1394 1403 1449; x_wconf 84' lang='lat' dir='ltr'><strong>viriliter</strong></span> <span class='ocrx_word' id='word_1_115' title='bbox 1445 1410 1512 1449; x_wconf 92' lang='lat' dir='ltr'><strong>ne</strong></span> <span class='ocrx_word' id='word_1_116' title='bbox 1542 1404 1875 1450; x_wconf 83' lang='lat' dir='ltr'><strong>sacramenta</strong></span> 
     </span>
    </p>
   </div>
   <div class='ocr_carea' id='block_1_18' title="bbox 296 1482 1873 1557">
    <p class='ocr_par' dir='ltr' id='par_1_18' title="bbox 296 1482 1873 1557">
     <span class='ocr_line' id='line_1_18' title="bbox 296 1482 1873 1557; baseline 0.004 -21"><span class='ocrx_word' id='word_1_117' title='bbox 296 1482 479 1537; x_wconf 87' lang='lat' dir='ltr'><strong>divina</strong></span> <span class='ocrx_word' id='word_1_118' title='bbox 510 1482 746 1539; x_wconf 89' lang='lat' dir='ltr'><strong>traderet</strong></span> <span class='ocrx_word' id='word_1_119' title='bbox 792 1482 1075 1553; x_wconf 84' lang='lat' dir='ltr'><strong>dimicans,</strong></span> <span class='ocrx_word' id='word_1_120' title='bbox 1128 1496 1276 1542; x_wconf 83' lang='lat' dir='ltr'><strong>extra</strong></span> <span class='ocrx_word' id='word_1_121' title='bbox 1326 1486 1595 1543; x_wconf 85' lang='lat' dir='ltr'><strong>civitatem</strong></span> <span class='ocrx_word' id='word_1_122' title='bbox 1632 1488 1873 1557; x_wconf 85' lang='lat' dir='ltr'><strong>singula-</strong></span> 
     </span>
    </p>
   </div>
   <div class='ocr_carea' id='block_1_19' title="bbox 294 1572 1873 1647">
    <p class='ocr_par' dir='ltr' id='par_1_19' title="bbox 294 1572 1873 1647">
     <span class='ocr_line' id='line_1_19' title="bbox 294 1572 1873 1647; baseline 0.006 -21"><span class='ocrx_word' id='word_1_123' title='bbox 294 1572 427 1628; x_wconf 83' lang='lat' dir='ltr'><strong>riter</strong></span> <span class='ocrx_word' id='word_1_124' title='bbox 454 1574 649 1641; x_wconf 82' lang='lat' dir='ltr'><strong>expelli</strong></span> <span class='ocrx_word' id='word_1_125' title='bbox 686 1574 866 1644; x_wconf 89' lang='lat' dir='ltr'><strong>jussus</strong></span> <span class='ocrx_word' id='word_1_126' title='bbox 895 1583 1000 1645; x_wconf 79' lang='lat' dir='ltr'><strong>est,</strong></span> <span class='ocrx_word' id='word_1_127' title='bbox 1044 1584 1099 1632; x_wconf 90' lang='lat' dir='ltr'><strong>et</strong></span> <span class='ocrx_word' id='word_1_128' title='bbox 1125 1576 1197 1633; x_wconf 90' lang='lat' dir='ltr'><strong>ita</strong></span> <span class='ocrx_word' id='word_1_129' title='bbox 1230 1586 1576 1647; x_wconf 82' lang='lat' dir='ltr'><strong>praeceptum,</strong></span> <span class='ocrx_word' id='word_1_130' title='bbox 1608 1589 1665 1633; x_wconf 90' lang='lat' dir='ltr'><strong>ut</strong></span> <span class='ocrx_word' id='word_1_131' title='bbox 1695 1580 1873 1636; x_wconf 90' lang='lat' dir='ltr'><strong>nullus</strong></span> 
     </span>
    </p>
   </div>
   <div class='ocr_carea' id='block_1_20' title="bbox 293 1665 1871 1740">
    <p class='ocr_par' dir='ltr' id='par_1_20' title="bbox 293 1665 1871 1740">
     <span class='ocr_line' id='line_1_20' title="bbox 293 1665 1871 1740; baseline 0.006 -22"><span class='ocrx_word' id='word_1_132' title='bbox 293 1677 419 1719; x_wconf 88' lang='lat' dir='ltr'><strong>eum</strong></span> <span class='ocrx_word' id='word_1_133' title='bbox 450 1679 621 1735; x_wconf 89' lang='lat' dir='ltr'><strong>neque</strong></span> <span class='ocrx_word' id='word_1_134' title='bbox 650 1666 703 1721; x_wconf 91' lang='lat' dir='ltr'><strong>in</strong></span> <span class='ocrx_word' id='word_1_135' title='bbox 731 1665 909 1733; x_wconf 89' lang='lat' dir='ltr'><strong>domo,</strong></span> <span class='ocrx_word' id='word_1_136' title='bbox 937 1683 1112 1738; x_wconf 90' lang='lat' dir='ltr'><strong>neque</strong></span> <span class='ocrx_word' id='word_1_137' title='bbox 1138 1669 1192 1725; x_wconf 89' lang='lat' dir='ltr'><strong>in</strong></span> <span class='ocrx_word' id='word_1_138' title='bbox 1226 1684 1354 1740; x_wconf 89' lang='lat' dir='ltr'><strong>agro</strong></span> <span class='ocrx_word' id='word_1_139' title='bbox 1390 1670 1681 1728; x_wconf 86' lang='lat' dir='ltr'><strong>dimitteret</strong></span> <span class='ocrx_word' id='word_1_140' title='bbox 1712 1671 1871 1727; x_wconf 91' lang='lat' dir='ltr'><strong>habi-</strong></span> 
     </span>
    </p>
   </div>
   <div class='ocr_carea' id='block_1_21' title="bbox 301 1760 1865 1835">
    <p class='ocr_par' dir='ltr' id='par_1_21' title="bbox 301 1760 1865 1835">
     <span class='ocr_line' id='line_1_21' title="bbox 301 1760 1865 1835; baseline 0.005 -23"><span class='ocrx_word' id='word_1_141' title='bbox 301 1766 436 1814; x_wconf 86' lang='lat' dir='ltr'><strong>tare.</strong></span> <span class='ocrx_word' id='word_1_142' title='bbox 490 1760 743 1835; x_wconf 30' lang='lat' dir='ltr'><strong>Comque.</strong></span> <span class='ocrx_word' id='word_1_143' title='bbox 771 1768 913 1816; x_wconf 87' lang='lat' dir='ltr'><strong>esset</strong></span> <span class='ocrx_word' id='word_1_144' title='bbox 958 1775 1215 1818; x_wconf 87' lang='lat' dir='ltr'><strong>annorum</strong></span> <span class='ocrx_word' id='word_1_145' title='bbox 1258 1763 1534 1833; x_wconf 88' lang='lat' dir='ltr'><strong>plusquam</strong></span> <span class='ocrx_word' id='word_1_146' title='bbox 1581 1764 1865 1834; x_wconf 78' lang='lat' dir='ltr'><strong>octoginta,</strong></span> 
     </span>
    </p>
   </div>
   <div class='ocr_carea' id='block_1_22' title="bbox 291 1940 1870 2031">
    <p class='ocr_par' dir='ltr' id='par_1_22' title="bbox 291 1940 1870 2031">
     <span class='ocr_line' id='line_1_22' title="bbox 291 1940 1870 2031; baseline 0.007 -38"><span class='ocrx_word' id='word_1_147' title='bbox 291 1950 441 2031; x_wconf 64' lang='lat' dir='ltr'><strong>aere,</strong></span> <span class='ocrx_word' id='word_1_148' title='bbox 469 1940 650 2010; x_wconf 80' lang='lat' dir='ltr'><strong>sicque</strong></span> <span class='ocrx_word' id='word_1_149' title='bbox 694 1942 745 1996; x_wconf 93' lang='lat' dir='ltr'><strong>in</strong></span> <span class='ocrx_word' id='word_1_150' title='bbox 794 1944 1129 2002; x_wconf 81' lang='lat' dir='ltr'><strong>confessione</strong></span> <span class='ocrx_word' id='word_1_151' title='bbox 1155 1945 1432 2003; x_wconf 66' lang='lat' dir='ltr'><strong>catholicae</strong></span> <span class='ocrx_word' id='word_1_152' title='bbox 1478 1949 1718 2005; x_wconf 88' lang='lat' dir='ltr'><strong>veritatis</strong></span> <span class='ocrx_word' id='word_1_153' title='bbox 1748 1964 1870 2006; x_wconf 85' lang='lat' dir='ltr'><strong>cur-</strong></span> 
     </span>
    </p>
   </div>
   <div class='ocr_carea' id='block_1_23' title="bbox 291 2026 1869 2107">
    <p class='ocr_par' dir='ltr' id='par_1_23' title="bbox 291 2026 1869 2107">
     <span class='ocr_line' id='line_1_23' title="bbox 291 2026 1869 2107; baseline 0.008 -21"><span class='ocrx_word' id='word_1_154' title='bbox 291 2026 411 2086; x_wconf 79' lang='lat' dir='ltr'><strong>sum</strong></span> <span class='ocrx_word' id='word_1_155' title='bbox 451 2029 622 2089; x_wconf 67' lang='lat' dir='ltr'><strong>beatae</strong></span> <span class='ocrx_word' id='word_1_156' title='bbox 671 2035 793 2091; x_wconf 67' lang='lat' dir='ltr'><strong>vita:</strong></span> <span class='ocrx_word' id='word_1_157' title='bbox 846 2026 1103 2107; x_wconf 75' lang='lat' dir='ltr'><strong>implevit.</strong></span> <span class='ocrx_word' id='word_1_158' title='bbox 1160 2037 1461 2096; x_wconf 90' lang='lat' dir='ltr'><strong>Aurelianis</strong></span> <span class='ocrx_word' id='word_1_159' title='bbox 1511 2040 1654 2096; x_wconf 87' lang='lat' dir='ltr'><strong>beati</strong></span> <span class='ocrx_word' id='word_1_160' title='bbox 1696 2041 1869 2098; x_wconf 83' lang='lat' dir='ltr'><strong>Maxi-</strong></span> 
     </span>
    </p>
   </div>
   <div class='ocr_carea' id='block_1_24' title="bbox 290 2122 1869 2200">
    <p class='ocr_par' dir='ltr' id='par_1_24' title="bbox 290 2122 1869 2200">
     <span class='ocr_line' id='line_1_24' title="bbox 290 2122 1869 2200; baseline 0.007 -24"><span class='ocrx_word' id='word_1_161' title='bbox 290 2122 424 2180; x_wconf 88' lang='lat' dir='ltr'><strong>mini</strong></span> <span class='ocrx_word' id='word_1_162' title='bbox 447 2126 779 2200; x_wconf 69' lang='lat' dir='ltr'><strong>presbyteri.</strong></span> <span class='ocrx_word' id='word_1_163' title='bbox 829 2126 889 2184; x_wconf 90' lang='lat' dir='ltr'><strong>In</strong></span> <span class='ocrx_word' id='word_1_164' title='bbox 934 2128 1113 2186; x_wconf 88' lang='lat' dir='ltr'><strong>Africa</strong></span> <span class='ocrx_word' id='word_1_165' title='bbox 1160 2130 1336 2188; x_wconf 87' lang='lat' dir='ltr'><strong>natale</strong></span> <span class='ocrx_word' id='word_1_166' title='bbox 1374 2130 1648 2199; x_wconf 86' lang='lat' dir='ltr'><strong>Faustini,</strong></span> <span class='ocrx_word' id='word_1_167' title='bbox 1698 2131 1869 2198; x_wconf 84' lang='lat' dir='ltr'><strong>Lucii,</strong></span> 
     </span>
    </p>
   </div>
   <div class='ocr_carea' id='block_1_25' title="bbox 1984 925 3561 999">
    <p class='ocr_par' dir='ltr' id='par_1_25' title="bbox 1984 925 3561 999">
     <span class='ocr_line' id='line_1_25' title="bbox 1984 925 3561 999; baseline 0.003 -16"><span class='ocrx_word' id='word_1_168' title='bbox 1984 929 2213 999; x_wconf 88' lang='lat' dir='ltr'><strong>primum</strong></span> <span class='ocrx_word' id='word_1_169' title='bbox 2258 942 2289 982; x_wconf 90' lang='lat' dir='ltr'><strong>a</strong></span> <span class='ocrx_word' id='word_1_170' title='bbox 2321 938 2471 997; x_wconf 87' lang='lat' dir='ltr'><strong>patre</strong></span> <span class='ocrx_word' id='word_1_171' title='bbox 2519 942 2617 983; x_wconf 88' lang='lat' dir='ltr'><strong>suo</strong></span> <span class='ocrx_word' id='word_1_172' title='bbox 2662 927 2923 981; x_wconf 87' lang='lat' dir='ltr'><strong>Dioscoro</strong></span> <span class='ocrx_word' id='word_1_173' title='bbox 2965 925 3057 980; x_wconf 91' lang='lat' dir='ltr'><strong>diu</strong></span> <span class='ocrx_word' id='word_1_174' title='bbox 3085 926 3280 983; x_wconf 89' lang='lat' dir='ltr'><strong>afﬂicta</strong></span> <span class='ocrx_word' id='word_1_175' title='bbox 3307 928 3406 985; x_wconf 89' lang='lat' dir='ltr'><strong>sub</strong></span> <span class='ocrx_word' id='word_1_176' title='bbox 3442 928 3561 987; x_wconf 81' lang='lat' dir='ltr'><strong>dira</strong></span> 
     </span>
    </p>
   </div>
   <div class='ocr_carea' id='block_1_26' title="bbox 1982 1015 3567 1092">
    <p class='ocr_par' dir='ltr' id='par_1_26' title="bbox 1982 1015 3567 1092">
     <span class='ocr_line' id='line_1_26' title="bbox 1982 1015 3567 1092; baseline 0.002 -18"><span class='ocrx_word' id='word_1_177' title='bbox 1982 1018 2245 1088; x_wconf 88' lang='lat' dir='ltr'><strong>custodia,</strong></span> <span class='ocrx_word' id='word_1_178' title='bbox 2275 1018 2473 1073; x_wconf 81' lang='lat' dir='ltr'><strong>deinde</strong></span> <span class='ocrx_word' id='word_1_179' title='bbox 2496 1019 2691 1073; x_wconf 80' lang='lat' dir='ltr'><strong>tradita</strong></span> <span class='ocrx_word' id='word_1_180' title='bbox 2738 1017 2950 1087; x_wconf 83' lang='lat' dir='ltr'><strong>praesidi</strong></span> <span class='ocrx_word' id='word_1_181' title='bbox 2978 1015 3266 1086; x_wconf 77' lang='lat' dir='ltr'><strong>Marciano,</strong></span> <span class='ocrx_word' id='word_1_182' title='bbox 3294 1027 3349 1076; x_wconf 89' lang='lat' dir='ltr'><strong>et</strong></span> <span class='ocrx_word' id='word_1_183' title='bbox 3374 1034 3567 1092; x_wconf 79' lang='lat' dir='ltr'><strong>exspo-</strong></span> 
     </span>
    </p>
   </div>
   <div class='ocr_carea' id='block_1_27' title="bbox 1983 1108 3565 1179">
    <p class='ocr_par' dir='ltr' id='par_1_27' title="bbox 1983 1108 3565 1179">
     <span class='ocr_line' id='line_1_27' title="bbox 1983 1108 3565 1179; baseline 0.005 -16"><span class='ocrx_word' id='word_1_184' title='bbox 1983 1108 2127 1175; x_wconf 85' lang='lat' dir='ltr'><strong>liata,</strong></span> <span class='ocrx_word' id='word_1_185' title='bbox 2163 1110 2346 1165; x_wconf 86' lang='lat' dir='ltr'><strong>nervis</strong></span> <span class='ocrx_word' id='word_1_186' title='bbox 2374 1110 2574 1165; x_wconf 84' lang='lat' dir='ltr'><strong>taureis</strong></span> <span class='ocrx_word' id='word_1_187' title='bbox 2608 1108 2762 1164; x_wconf 82' lang='lat' dir='ltr'><strong>valde</strong></span> <span class='ocrx_word' id='word_1_188' title='bbox 2805 1123 2945 1163; x_wconf 74' lang='lat' dir='ltr'><strong>caesa</strong></span> <span class='ocrx_word' id='word_1_189' title='bbox 2973 1116 3028 1162; x_wconf 91' lang='lat' dir='ltr'><strong>et</strong></span> <span class='ocrx_word' id='word_1_190' title='bbox 3056 1108 3321 1179; x_wconf 84' lang='lat' dir='ltr'><strong>discerpta</strong></span> <span class='ocrx_word' id='word_1_191' title='bbox 3361 1118 3466 1178; x_wconf 88' lang='lat' dir='ltr'><strong>est,</strong></span> <span class='ocrx_word' id='word_1_192' title='bbox 3504 1121 3565 1171; x_wconf 79' lang='lat' dir='ltr'><strong>ct</strong></span> 
     </span>
    </p>
   </div>
   <div class='ocr_carea' id='block_1_28' title="bbox 1979 1198 3563 1270">
    <p class='ocr_par' dir='ltr' id='par_1_28' title="bbox 1979 1198 3563 1270">
     <span class='ocr_line' id='line_1_28' title="bbox 1979 1198 3563 1270; baseline 0.001 -15"><span class='ocrx_word' id='word_1_193' title='bbox 1979 1201 2154 1255; x_wconf 90' lang='lat' dir='ltr'><strong>cilicio</strong></span> <span class='ocrx_word' id='word_1_194' title='bbox 2185 1200 2348 1270; x_wconf 79' lang='lat' dir='ltr'><strong>plagae</strong></span> <span class='ocrx_word' id='word_1_195' title='bbox 2375 1199 2490 1269; x_wconf 85' lang='lat' dir='ltr'><strong>ejus</strong></span> <span class='ocrx_word' id='word_1_196' title='bbox 2537 1198 2839 1263; x_wconf 77' lang='lat' dir='ltr'><strong>defricatae;</strong></span> <span class='ocrx_word' id='word_1_197' title='bbox 2874 1198 2997 1254; x_wconf 91' lang='lat' dir='ltr'><strong>inde</strong></span> <span class='ocrx_word' id='word_1_198' title='bbox 3032 1202 3238 1256; x_wconf 88' lang='lat' dir='ltr'><strong>reclusa</strong></span> <span class='ocrx_word' id='word_1_199' title='bbox 3282 1200 3337 1257; x_wconf 87' lang='lat' dir='ltr'><strong>in</strong></span> <span class='ocrx_word' id='word_1_200' title='bbox 3373 1216 3563 1260; x_wconf 87' lang='lat' dir='ltr'><strong>carce-</strong></span> 
     </span>
    </p>
   </div>
   <div class='ocr_carea' id='block_1_29' title="bbox 1980 1292 3560 1360">
    <p class='ocr_par' dir='ltr' id='par_1_29' title="bbox 1980 1292 3560 1360">
     <span class='ocr_line' id='line_1_29' title="bbox 1980 1292 3560 1360; baseline -0.001 -9"><span class='ocrx_word' id='word_1_201' title='bbox 1980 1310 2116 1360; x_wconf 89' lang='lat' dir='ltr'><strong>rem,</strong></span> <span class='ocrx_word' id='word_1_202' title='bbox 2147 1296 2235 1349; x_wconf 88' lang='lat' dir='ltr'><strong>ubi</strong></span> <span class='ocrx_word' id='word_1_203' title='bbox 2283 1295 2404 1349; x_wconf 88' lang='lat' dir='ltr'><strong>luce</strong></span> <span class='ocrx_word' id='word_1_204' title='bbox 2432 1292 2613 1349; x_wconf 87' lang='lat' dir='ltr'><strong>divina</strong></span> <span class='ocrx_word' id='word_1_205' title='bbox 2642 1293 2915 1348; x_wconf 85' lang='lat' dir='ltr'><strong>consolata</strong></span> <span class='ocrx_word' id='word_1_206' title='bbox 2944 1300 3046 1348; x_wconf 90' lang='lat' dir='ltr'><strong>est.</strong></span> <span class='ocrx_word' id='word_1_207' title='bbox 3079 1292 3283 1349; x_wconf 87' lang='lat' dir='ltr'><strong>Deinde</strong></span> <span class='ocrx_word' id='word_1_208' title='bbox 3308 1294 3449 1349; x_wconf 88' lang='lat' dir='ltr'><strong>circa</strong></span> <span class='ocrx_word' id='word_1_209' title='bbox 3480 1295 3560 1350; x_wconf 86' lang='lat' dir='ltr'><strong>la-</strong></span> 
     </span>
    </p>
   </div>
   <div class='ocr_carea' id='block_1_30' title="bbox 1980 1383 3559 1456">
    <p class='ocr_par' dir='ltr' id='par_1_30' title="bbox 1980 1383 3559 1456">
     <span class='ocr_line' id='line_1_30' title="bbox 1980 1383 3559 1456; baseline 0.001 -14"><span class='ocrx_word' id='word_1_210' title='bbox 1980 1394 2090 1442; x_wconf 88' lang='lat' dir='ltr'><strong>tera</strong></span> <span class='ocrx_word' id='word_1_211' title='bbox 2128 1388 2248 1456; x_wconf 83' lang='lat' dir='ltr'><strong>ejus</strong></span> <span class='ocrx_word' id='word_1_212' title='bbox 2277 1386 2551 1454; x_wconf 83' lang='lat' dir='ltr'><strong>lampades</strong></span> <span class='ocrx_word' id='word_1_213' title='bbox 2578 1383 2880 1455; x_wconf 59' lang='lat' dir='ltr'><strong>applicata.</strong></span> <span class='ocrx_word' id='word_1_214' title='bbox 2911 1392 2967 1439; x_wconf 86' lang='lat' dir='ltr'><strong>et</strong></span> <span class='ocrx_word' id='word_1_215' title='bbox 3002 1383 3212 1439; x_wconf 87' lang='lat' dir='ltr'><strong>malleis</strong></span> <span class='ocrx_word' id='word_1_216' title='bbox 3252 1392 3412 1455; x_wconf 89' lang='lat' dir='ltr'><strong>caput</strong></span> <span class='ocrx_word' id='word_1_217' title='bbox 3441 1386 3559 1455; x_wconf 91' lang='lat' dir='ltr'><strong>ejus</strong></span> 
     </span>
    </p>
   </div>
   <div class='ocr_carea' id='block_1_31' title="bbox 1976 1474 3559 1546">
    <p class='ocr_par' dir='ltr' id='par_1_31' title="bbox 1976 1474 3559 1546">
     <span class='ocr_line' id='line_1_31' title="bbox 1976 1474 3559 1546; baseline -0.001 -11"><span class='ocrx_word' id='word_1_218' title='bbox 1976 1493 2193 1544; x_wconf 69' lang='lat' dir='ltr'><strong>caesum,</strong></span> <span class='ocrx_word' id='word_1_219' title='bbox 2225 1488 2277 1533; x_wconf 91' lang='lat' dir='ltr'><strong>et</strong></span> <span class='ocrx_word' id='word_1_220' title='bbox 2298 1477 2548 1532; x_wconf 79' lang='lat' dir='ltr'><strong>mamillae</strong></span> <span class='ocrx_word' id='word_1_221' title='bbox 2565 1478 2683 1546; x_wconf 84' lang='lat' dir='ltr'><strong>ejus</strong></span> <span class='ocrx_word' id='word_1_222' title='bbox 2707 1475 2973 1545; x_wconf 67' lang='lat' dir='ltr'><strong>praecisae;</strong></span> <span class='ocrx_word' id='word_1_223' title='bbox 2998 1474 3191 1531; x_wconf 89' lang='lat' dir='ltr'><strong>deinde</strong></span> <span class='ocrx_word' id='word_1_224' title='bbox 3214 1491 3308 1546; x_wconf 92' lang='lat' dir='ltr'><strong>per</strong></span> <span class='ocrx_word' id='word_1_225' title='bbox 3353 1484 3559 1545; x_wconf 87' lang='lat' dir='ltr'><strong>plateas</strong></span> 
     </span>
    </p>
   </div>
   <div class='ocr_carea' id='block_1_32' title="bbox 1975 1568 3556 1641">
    <p class='ocr_par' dir='ltr' id='par_1_32' title="bbox 1975 1568 3556 1641">
     <span class='ocr_line' id='line_1_32' title="bbox 1975 1568 3556 1641; baseline -0.006 -12"><span class='ocrx_word' id='word_1_226' title='bbox 1975 1572 2357 1638; x_wconf 87' lang='lat' dir='ltr'><strong>circumducta,</strong></span> <span class='ocrx_word' id='word_1_227' title='bbox 2382 1582 2435 1627; x_wconf 90' lang='lat' dir='ltr'><strong>et</strong></span> <span class='ocrx_word' id='word_1_228' title='bbox 2455 1570 2683 1641; x_wconf 88' lang='lat' dir='ltr'><strong>ﬂagellis</strong></span> <span class='ocrx_word' id='word_1_229' title='bbox 2701 1569 3002 1625; x_wconf 83' lang='lat' dir='ltr'><strong>diutissime</strong></span> <span class='ocrx_word' id='word_1_230' title='bbox 3028 1568 3225 1624; x_wconf 87' lang='lat' dir='ltr'><strong>afﬂicta</strong></span> <span class='ocrx_word' id='word_1_231' title='bbox 3250 1578 3353 1634; x_wconf 86' lang='lat' dir='ltr'><strong>est,</strong></span> <span class='ocrx_word' id='word_1_232' title='bbox 3376 1570 3444 1625; x_wconf 91' lang='lat' dir='ltr'><strong>ad</strong></span> <span class='ocrx_word' id='word_1_233' title='bbox 3458 1585 3556 1627; x_wconf 78' lang='lat' dir='ltr'><strong>ex.</strong></span> 
     </span>
    </p>
   </div>
   <div class='ocr_carea' id='block_1_33' title="bbox 1974 1662 3553 1733">
    <p class='ocr_par' dir='ltr' id='par_1_33' title="bbox 1974 1662 3553 1733">
     <span class='ocr_line' id='line_1_33' title="bbox 1974 1662 3553 1733; baseline -0.003 -11"><span class='ocrx_word' id='word_1_234' title='bbox 1974 1675 2201 1722; x_wconf 88' lang='lat' dir='ltr'><strong>tremum</strong></span> <span class='ocrx_word' id='word_1_235' title='bbox 2224 1678 2349 1720; x_wconf 90' lang='lat' dir='ltr'><strong>vero</strong></span> <span class='ocrx_word' id='word_1_236' title='bbox 2368 1662 2545 1733; x_wconf 88' lang='lat' dir='ltr'><strong>gladio</strong></span> <span class='ocrx_word' id='word_1_237' title='bbox 2568 1663 2882 1733; x_wconf 81' lang='lat' dir='ltr'><strong>martyrium</strong></span> <span class='ocrx_word' id='word_1_238' title='bbox 2903 1662 3310 1716; x_wconf 87' lang='lat' dir='ltr'><strong>consummavit.</strong></span> <span class='ocrx_word' id='word_1_239' title='bbox 3340 1662 3553 1719; x_wconf 83' lang='lat' dir='ltr'><strong>Raven-</strong></span> 
     </span>
    </p>
   </div>
   <div class='ocr_carea' id='block_1_34' title="bbox 1974 1751 3555 1831">
    <p class='ocr_par' dir='ltr' id='par_1_34' title="bbox 1974 1751 3555 1831">
     <span class='ocr_line' id='line_1_34' title="bbox 1974 1751 3555 1831; baseline 0 -17"><span class='ocrx_word' id='word_1_240' title='bbox 1974 1775 2055 1814; x_wconf 92' lang='lat' dir='ltr'><strong>nae</strong></span> <span class='ocrx_word' id='word_1_241' title='bbox 2078 1756 2381 1831; x_wconf 82' lang='lat' dir='ltr'><strong>Valentini,</strong></span> <span class='ocrx_word' id='word_1_242' title='bbox 2412 1755 2646 1823; x_wconf 83' lang='lat' dir='ltr'><strong>Navalis,</strong></span> <span class='ocrx_word' id='word_1_243' title='bbox 2701 1754 2983 1823; x_wconf 69' lang='lat' dir='ltr'><strong>Agricolae,</strong></span> <span class='ocrx_word' id='word_1_244' title='bbox 3010 1751 3293 1810; x_wconf 83' lang='lat' dir='ltr'><strong>Concordi.</strong></span> <span class='ocrx_word' id='word_1_245' title='bbox 3338 1755 3555 1814; x_wconf 66' lang='lat' dir='ltr'><strong>Vienna:</strong></span> 
     </span>
    </p>
   </div>
   <div class='ocr_carea' id='block_1_35' title="bbox 180 1847 3560 1924">
    <p class='ocr_par' dir='ltr' id='par_1_35' title="bbox 180 1847 3560 1924">
     <span class='ocr_line' id='line_1_35' title="bbox 180 1847 3560 1924; baseline 0.001 -22"><span class='ocrx_word' id='word_1_246' title='bbox 180 1876 181 1879; x_wconf 59' lang='grc' dir='ltr'><strong>η</strong></span> <span class='ocrx_word' id='word_1_247' title='bbox 294 1847 350 1902; x_wconf 94' lang='lat' dir='ltr'><strong>in</strong></span> <span class='ocrx_word' id='word_1_248' title='bbox 389 1856 550 1905; x_wconf 86' lang='lat' dir='ltr'><strong>strata</strong></span> <span class='ocrx_word' id='word_1_249' title='bbox 593 1849 795 1919; x_wconf 90' lang='lat' dir='ltr'><strong>publica</strong></span> <span class='ocrx_word' id='word_1_250' title='bbox 827 1850 993 1909; x_wconf 91' lang='lat' dir='ltr'><strong>multo</strong></span> <span class='ocrx_word' id='word_1_251' title='bbox 1046 1861 1285 1923; x_wconf 90' lang='lat' dir='ltr'><strong>tempore</strong></span> <span class='ocrx_word' id='word_1_252' title='bbox 1325 1854 1491 1924; x_wconf 90' lang='lat' dir='ltr'><strong>jacuit</strong></span> <span class='ocrx_word' id='word_1_253' title='bbox 1538 1855 1712 1911; x_wconf 89' lang='lat' dir='ltr'><strong>nudus</strong></span> <span class='ocrx_word' id='word_1_254' title='bbox 1761 1857 1861 1911; x_wconf 88' lang='lat' dir='ltr'><strong>sub</strong></span> <span class='ocrx_word' id='word_1_255' title='bbox 1900 1875 1946 1924; x_wconf 47' lang='grc' dir='ltr'><strong>ὁ</strong></span> <span class='ocrx_word' id='word_1_256' title='bbox 1974 1852 2112 1908; x_wconf 83' lang='lat' dir='ltr'><strong>beati</strong></span> <span class='ocrx_word' id='word_1_257' title='bbox 2165 1849 2367 1907; x_wconf 85' lang='lat' dir='ltr'><strong>Adonis</strong></span> <span class='ocrx_word' id='word_1_258' title='bbox 2410 1850 2667 1919; x_wconf 82' lang='lat' dir='ltr'><strong>episcopi.</strong></span> <span class='ocrx_word' id='word_1_259' title='bbox 2712 1847 2919 1904; x_wconf 86' lang='lat' dir='ltr'><strong>Eodem</strong></span> <span class='ocrx_word' id='word_1_260' title='bbox 2962 1847 3055 1904; x_wconf 85' lang='lat' dir='ltr'><strong>die</strong></span> <span class='ocrx_word' id='word_1_261' title='bbox 3110 1849 3386 1905; x_wconf 89' lang='lat' dir='ltr'><strong>translatio</strong></span> <span class='ocrx_word' id='word_1_262' title='bbox 3426 1866 3560 1907; x_wconf 65' lang='lat' dir='ltr'><strong>sano</strong></span> 
     </span>
    </p>
   </div>
   <div class='ocr_carea' id='block_1_36' title="bbox 1900 1902 1949 1965">
    <p class='ocr_par' dir='ltr' id='par_1_36' title="bbox 1900 1902 1949 1965">
     <span class='ocr_line' id='line_1_36' title="bbox 1900 1902 1949 1965; baseline 0 0"><span class='ocrx_word' id='word_1_263' title='bbox 1900 1902 1949 1965; x_wconf 79' lang='grc' dir='ltr'><strong>Β</strong></span> 
     </span>
    </p>
   </div>
   <div class='ocr_carea' id='block_1_37' title="bbox 1976 1937 3482 2014">
    <p class='ocr_par' dir='ltr' id='par_1_37' title="bbox 1976 1937 3482 2014">
     <span class='ocr_line' id='line_1_37' title="bbox 1976 1937 3482 2014; baseline -0.002 -14"><span class='ocrx_word' id='word_1_264' title='bbox 1976 1953 2182 2001; x_wconf 91' lang='lat' dir='ltr'><strong>ctorum</strong></span> <span class='ocrx_word' id='word_1_265' title='bbox 2212 1950 2503 2014; x_wconf 80' lang='lat' dir='ltr'><strong>martyrum</strong></span> <span class='ocrx_word' id='word_1_266' title='bbox 2540 1939 2826 2010; x_wconf 75' lang='lat' dir='ltr'><strong>Simplicii,</strong></span> <span class='ocrx_word' id='word_1_267' title='bbox 2857 1937 3093 1996; x_wconf 84' lang='lat' dir='ltr'><strong>Faustini</strong></span> <span class='ocrx_word' id='word_1_268' title='bbox 3122 1948 3180 1997; x_wconf 88' lang='lat' dir='ltr'><strong>et</strong></span> <span class='ocrx_word' id='word_1_269' title='bbox 3206 1941 3482 1999; x_wconf 86' lang='lat' dir='ltr'><strong>Beatricis.</strong></span> 
     </span>
    </p>
   </div>
   <div class='ocr_carea' id='block_1_38' title="bbox 2048 2031 3563 2105">
    <p class='ocr_par' dir='ltr' id='par_1_38' title="bbox 2048 2031 3563 2105">
     <span class='ocr_line' id='line_1_38' title="bbox 2048 2031 3563 2105; baseline 0 -13"><span class='ocrx_word' id='word_1_270' title='bbox 2048 2039 2113 2092; x_wconf 79' lang='grc' dir='ltr'><strong>Α.</strong></span> <span class='ocrx_word' id='word_1_271' title='bbox 2141 2034 2282 2091; x_wconf 85' lang='lat' dir='ltr'>XVII</span> <span class='ocrx_word' id='word_1_272' title='bbox 2302 2035 2539 2092; x_wconf 70' lang='lat' dir='ltr'><strong>KALEND.</strong></span> <span class='ocrx_word' id='word_1_273' title='bbox 2568 2032 2690 2089; x_wconf 74' lang='lat' dir='ltr'><strong>Jan.</strong></span> <span class='ocrx_word' id='word_1_274' title='bbox 2730 2061 2803 2074; x_wconf 92' lang='lat'>—</span> <span class='ocrx_word' id='word_1_275' title='bbox 2837 2031 3139 2089; x_wconf 82' lang='lat' dir='ltr'><strong>Translatio</strong></span> <span class='ocrx_word' id='word_1_276' title='bbox 3166 2034 3336 2090; x_wconf 83' lang='lat' dir='ltr'><strong>sancti</strong></span> <span class='ocrx_word' id='word_1_277' title='bbox 3372 2034 3563 2105; x_wconf 79' lang='lat' dir='ltr'><strong>lgnatil</strong></span> 
     </span>
    </p>
   </div>
   <div class='ocr_carea' id='block_1_39' title="bbox 1981 2123 3562 2201">
    <p class='ocr_par' dir='ltr' id='par_1_39' title="bbox 1981 2123 3562 2201">
     <span class='ocr_line' id='line_1_39' title="bbox 1981 2123 3562 2201; baseline 0 -17"><span class='ocrx_word' id='word_1_278' title='bbox 1981 2130 2251 2201; x_wconf 80' lang='lat' dir='ltr'><strong>martyris,</strong></span> <span class='ocrx_word' id='word_1_279' title='bbox 2311 2127 2398 2197; x_wconf 89' lang='lat' dir='ltr'><strong>qui</strong></span> <span class='ocrx_word' id='word_1_280' title='bbox 2454 2126 2643 2182; x_wconf 90' lang='lat' dir='ltr'><strong>tertius</strong></span> <span class='ocrx_word' id='word_1_281' title='bbox 2676 2132 2798 2196; x_wconf 91' lang='lat' dir='ltr'><strong>post</strong></span> <span class='ocrx_word' id='word_1_282' title='bbox 2848 2123 3066 2181; x_wconf 85' lang='lat' dir='ltr'><strong>Petrum</strong></span> <span class='ocrx_word' id='word_1_283' title='bbox 3110 2126 3409 2194; x_wconf 87' lang='lat' dir='ltr'><strong>apostolum</strong></span> <span class='ocrx_word' id='word_1_284' title='bbox 3436 2129 3562 2184; x_wconf 80' lang='lat' dir='ltr'><strong>An-</strong></span> 
     </span>
    </p>
   </div>
   <div class='ocr_carea' id='block_1_40' title="bbox 1532 2216 2309 2278">
    <p class='ocr_par' dir='ltr' id='par_1_40' title="bbox 1532 2216 2309 2278">
     <span class='ocr_line' id='line_1_40' title="bbox 1532 2216 2309 2278; baseline -0.008 0"><span class='ocrx_word' id='word_1_285' title='bbox 1532 2221 1765 2278; x_wconf 85' lang='lat' dir='ltr'><strong>EDITIO</strong></span> <span class='ocrx_word' id='word_1_286' title='bbox 1801 2216 2309 2278; x_wconf 74' lang='lat' dir='ltr'><strong>BOLLANDIANA.</strong></span> 
     </span>
    </p>
   </div>
   <div class='ocr_carea' id='block_1_41' title="bbox 362 2305 1865 2383">
    <p class='ocr_par' dir='ltr' id='par_1_41' title="bbox 362 2305 1865 2383">
     <span class='ocr_line' id='line_1_41' title="bbox 362 2305 1865 2383; baseline 0.005 -21"><span class='ocrx_word' id='word_1_287' title='bbox 362 2305 553 2363; x_wconf 85' lang='lat' dir='ltr'><strong>Florus</strong></span> <span class='ocrx_word' id='word_1_288' title='bbox 595 2306 651 2364; x_wconf 89' lang='lat' dir='ltr'><strong>in</strong></span> <span class='ocrx_word' id='word_1_289' title='bbox 679 2308 746 2364; x_wconf 86' lang='lat' dir='ltr'><strong>A.</strong></span> <span class='ocrx_word' id='word_1_290' title='bbox 771 2306 839 2365; x_wconf 88' lang='grc' dir='ltr'><strong>Τ.</strong></span> <span class='ocrx_word' id='word_1_291' title='bbox 873 2306 976 2366; x_wconf 89' lang='lat' dir='ltr'><strong>L.:</strong></span> <span class='ocrx_word' id='word_1_292' title='bbox 1008 2308 1343 2383; x_wconf 80' lang='lat' dir='ltr'><strong>Jerosolyma</strong></span> <span class='ocrx_word' id='word_1_293' title='bbox 1390 2313 1572 2382; x_wconf 89' lang='lat' dir='ltr'><strong>passio</strong></span> <span class='ocrx_word' id='word_1_294' title='bbox 1602 2312 1702 2371; x_wconf 90' lang='lat' dir='ltr'><strong>SS.</strong></span> <span class='ocrx_word' id='word_1_295' title='bbox 1729 2312 1865 2370; x_wconf 78' lang='lat' dir='ltr'><strong>Josti</strong></span> 
     </span>
    </p>
   </div>
   <div class='ocr_carea' id='block_1_42' title="bbox 290 2400 1869 2475">
    <p class='ocr_par' dir='ltr' id='par_1_42' title="bbox 290 2400 1869 2475">
     <span class='ocr_line' id='line_1_42' title="bbox 290 2400 1869 2475; baseline 0.003 -21"><span class='ocrx_word' id='word_1_296' title='bbox 290 2406 351 2454; x_wconf 89' lang='lat' dir='ltr'><strong>et</strong></span> <span class='ocrx_word' id='word_1_297' title='bbox 380 2400 622 2468; x_wconf 90' lang='lat' dir='ltr'><strong>Abundi;</strong></span> <span class='ocrx_word' id='word_1_298' title='bbox 661 2400 751 2471; x_wconf 89' lang='lat' dir='ltr'><strong>qui</strong></span> <span class='ocrx_word' id='word_1_299' title='bbox 796 2410 921 2472; x_wconf 85' lang='lat' dir='ltr'><strong>post</strong></span> <span class='ocrx_word' id='word_1_300' title='bbox 969 2400 1171 2473; x_wconf 88' lang='lat' dir='ltr'><strong>alapas,</strong></span> <span class='ocrx_word' id='word_1_301' title='bbox 1200 2417 1447 2461; x_wconf 87' lang='lat' dir='ltr'><strong>carceres</strong></span> <span class='ocrx_word' id='word_1_302' title='bbox 1474 2412 1531 2461; x_wconf 91' lang='lat' dir='ltr'><strong>et</strong></span> <span class='ocrx_word' id='word_1_303' title='bbox 1577 2415 1722 2461; x_wconf 90' lang='lat' dir='ltr'><strong>rotas</strong></span> <span class='ocrx_word' id='word_1_304' title='bbox 1759 2404 1869 2475; x_wconf 87' lang='lat' dir='ltr'><strong>igni</strong></span> 
     </span>
    </p>
   </div>
   <div class='ocr_carea' id='block_1_43' title="bbox 292 2490 1871 2567">
    <p class='ocr_par' dir='ltr' id='par_1_43' title="bbox 292 2490 1871 2567">
     <span class='ocr_line' id='line_1_43' title="bbox 292 2490 1871 2567; baseline 0.003 -20"><span class='ocrx_word' id='word_1_305' title='bbox 292 2490 478 2548; x_wconf 84' lang='lat' dir='ltr'><strong>traditi</strong></span> <span class='ocrx_word' id='word_1_306' title='bbox 523 2499 649 2548; x_wconf 88' lang='lat' dir='ltr'><strong>sunt</strong></span> <span class='ocrx_word' id='word_1_307' title='bbox 678 2492 780 2548; x_wconf 86' lang='lat' dir='ltr'><strong>sub</strong></span> <span class='ocrx_word' id='word_1_308' title='bbox 828 2491 1153 2550; x_wconf 82' lang='lat' dir='ltr'><strong>Numeriano</strong></span> <span class='ocrx_word' id='word_1_309' title='bbox 1184 2493 1511 2565; x_wconf 81' lang='lat' dir='ltr'><strong>imperatore</strong></span> <span class='ocrx_word' id='word_1_310' title='bbox 1556 2504 1614 2552; x_wconf 90' lang='lat' dir='ltr'><strong>et</strong></span> <span class='ocrx_word' id='word_1_311' title='bbox 1650 2496 1871 2567; x_wconf 84' lang='lat' dir='ltr'><strong>Olybrio</strong></span> 
     </span>
    </p>
   </div>
   <div class='ocr_carea' id='block_1_44' title="bbox 290 2582 1872 2659">
    <p class='ocr_par' dir='ltr' id='par_1_44' title="bbox 290 2582 1872 2659">
     <span class='ocr_line' id='line_1_44' title="bbox 290 2582 1872 2659; baseline 0.003 -21"><span class='ocrx_word' id='word_1_312' title='bbox 290 2582 565 2654; x_wconf 82' lang='lat' dir='ltr'><strong>praefecto.</strong></span> <span class='ocrx_word' id='word_1_313' title='bbox 617 2584 875 2655; x_wconf 80' lang='lat' dir='ltr'><strong>Lugdune</strong></span> <span class='ocrx_word' id='word_1_314' title='bbox 924 2583 1021 2658; x_wconf 88' lang='lat' dir='ltr'><strong>[L.</strong></span> <span class='ocrx_word' id='word_1_315' title='bbox 1051 2600 1153 2640; x_wconf 86' lang='lat' dir='ltr'><strong>om.</strong></span> <span class='ocrx_word' id='word_1_316' title='bbox 1181 2586 1463 2657; x_wconf 81' lang='lat' dir='ltr'><strong>Lugdune,</strong></span> <span class='ocrx_word' id='word_1_317' title='bbox 1493 2585 1617 2659; x_wconf 84' lang='lat' dir='ltr'><strong>etc.]</strong></span> <span class='ocrx_word' id='word_1_318' title='bbox 1659 2588 1872 2643; x_wconf 84' lang='lat' dir='ltr'><strong>civitate</strong></span> 
     </span>
    </p>
   </div>
   <div class='ocr_carea' id='block_1_45' title="bbox 291 2674 1872 2749">
    <p class='ocr_par' dir='ltr' id='par_1_45' title="bbox 291 2674 1872 2749">
     <span class='ocr_line' id='line_1_45' title="bbox 291 2674 1872 2749; baseline 0.003 -18"><span class='ocrx_word' id='word_1_319' title='bbox 291 2676 557 2745; x_wconf 88' lang='lat' dir='ltr'><strong>depositio</strong></span> <span class='ocrx_word' id='word_1_320' title='bbox 577 2674 636 2732; x_wconf 92' lang='grc'>8.</span> <span class='ocrx_word' id='word_1_321' title='bbox 662 2676 894 2733; x_wconf 89' lang='lat' dir='ltr'><strong>Viatoris</strong></span> <span class='ocrx_word' id='word_1_322' title='bbox 918 2679 1177 2749; x_wconf 87' lang='lat' dir='ltr'><strong>episcopi.</strong></span> <span class='ocrx_word' id='word_1_323' title='bbox 1197 2678 1422 2735; x_wconf 72' lang='lat' dir='ltr'><strong>Rhemis</strong></span> <span class='ocrx_word' id='word_1_324' title='bbox 1452 2681 1629 2748; x_wconf 87' lang='lat' dir='ltr'><strong>passio</strong></span> <span class='ocrx_word' id='word_1_325' title='bbox 1646 2681 1707 2735; x_wconf 87' lang='grc'>8.</span> <span class='ocrx_word' id='word_1_326' title='bbox 1738 2689 1763 2717; x_wconf 77' lang='grc' dir='ltr'>ιι</span> <span class='ocrx_word' id='word_1_327' title='bbox 1781 2679 1872 2735; x_wconf 92' lang='lat' dir='ltr'><strong>Ni-</strong></span> 
     </span>
    </p>
   </div>
   <div class='ocr_carea' id='block_1_46' title="bbox 290 2768 1871 2844">
    <p class='ocr_par' dir='ltr' id='par_1_46' title="bbox 290 2768 1871 2844">
     <span class='ocr_line' id='line_1_46' title="bbox 290 2768 1871 2844; baseline 0.003 -19"><span class='ocrx_word' id='word_1_328' title='bbox 290 2768 424 2825; x_wconf 87' lang='lat' dir='ltr'><strong>casii</strong></span> <span class='ocrx_word' id='word_1_329' title='bbox 450 2769 684 2841; x_wconf 90' lang='lat' dir='ltr'><strong>episcopi</strong></span> <span class='ocrx_word' id='word_1_330' title='bbox 716 2770 792 2843; x_wconf 90' lang='lat' dir='ltr'><strong>[et</strong></span> <span class='ocrx_word' id='word_1_331' title='bbox 819 2773 1089 2844; x_wconf 83' lang='lat' dir='ltr'><strong>martyris,</strong></span> <span class='ocrx_word' id='word_1_332' title='bbox 1118 2772 1428 2843; x_wconf 89' lang='lat' dir='ltr'><strong>sororisque</strong></span> <span class='ocrx_word' id='word_1_333' title='bbox 1451 2774 1567 2844; x_wconf 90' lang='lat' dir='ltr'><strong>ejus</strong></span> <span class='ocrx_word' id='word_1_334' title='bbox 1596 2773 1871 2843; x_wconf 64' lang='lat' dir='ltr'><strong>Eutropia:</strong></span> 
     </span>
    </p>
   </div>
   <div class='ocr_carea' id='block_1_47' title="bbox 289 2857 1869 2938">
    <p class='ocr_par' dir='ltr' id='par_1_47' title="bbox 289 2857 1869 2938">
     <span class='ocr_line' id='line_1_47' title="bbox 289 2857 1869 2938; baseline 0.004 -22"><span class='ocrx_word' id='word_1_335' title='bbox 289 2857 519 2932; x_wconf 80' lang='lat' dir='ltr'><strong>virginis</strong></span> <span class='ocrx_word' id='word_1_336' title='bbox 543 2876 665 2919; x_wconf 89' lang='lat' dir='ltr'><strong>cum</strong></span> <span class='ocrx_word' id='word_1_337' title='bbox 693 2862 814 2919; x_wconf 90' lang='lat' dir='ltr'><strong>aliis</strong></span> <span class='ocrx_word' id='word_1_338' title='bbox 839 2863 1081 2933; x_wconf 89' lang='lat' dir='ltr'><strong>ejusdem</strong></span> <span class='ocrx_word' id='word_1_339' title='bbox 1119 2864 1265 2921; x_wconf 87' lang='lat' dir='ltr'><strong>urbis</strong></span> <span class='ocrx_word' id='word_1_340' title='bbox 1291 2864 1499 2921; x_wconf 80' lang='lat' dir='ltr'><strong>civibus</strong></span> <span class='ocrx_word' id='word_1_341' title='bbox 1522 2863 1576 2938; x_wconf 75' lang='grc' dir='ltr'><strong>ιο]</strong></span> <span class='ocrx_word' id='word_1_342' title='bbox 1618 2867 1705 2934; x_wconf 85' lang='lat' dir='ltr'><strong>qui</strong></span> <span class='ocrx_word' id='word_1_343' title='bbox 1736 2866 1869 2921; x_wconf 89' lang='lat' dir='ltr'><strong>mis-</strong></span> 
     </span>
    </p>
   </div>
   <div class='ocr_carea' id='block_1_48' title="bbox 294 2953 1869 3027">
    <p class='ocr_par' dir='ltr' id='par_1_48' title="bbox 294 2953 1869 3027">
     <span class='ocr_line' id='line_1_48' title="bbox 294 2953 1869 3027; baseline 0.004 -18"><span class='ocrx_word' id='word_1_344' title='bbox 294 2968 479 3010; x_wconf 89' lang='lat' dir='ltr'><strong>sarum</strong></span> <span class='ocrx_word' id='word_1_345' title='bbox 506 2953 929 3012; x_wconf 89' lang='lat' dir='ltr'><strong>solemnitatibus</strong></span> <span class='ocrx_word' id='word_1_346' title='bbox 958 2958 1210 3027; x_wconf 89' lang='lat' dir='ltr'><strong>peractis,</strong></span> <span class='ocrx_word' id='word_1_347' title='bbox 1243 2973 1272 3012; x_wconf 92' lang='lat' dir='ltr'><strong>a</strong></span> <span class='ocrx_word' id='word_1_348' title='bbox 1305 2957 1560 3013; x_wconf 90' lang='lat' dir='ltr'><strong>Vandalis</strong></span> <span class='ocrx_word' id='word_1_349' title='bbox 1599 2958 1735 3014; x_wconf 89' lang='lat' dir='ltr'><strong>infra</strong></span> <span class='ocrx_word' id='word_1_350' title='bbox 1764 2958 1869 3016; x_wconf 88' lang='lat' dir='ltr'><strong>Ec-</strong></span> 
     </span>
    </p>
   </div>
   <div class='ocr_carea' id='block_1_49' title="bbox 293 3045 1601 3121">
    <p class='ocr_par' dir='ltr' id='par_1_49' title="bbox 293 3045 1601 3121">
     <span class='ocr_line' id='line_1_49' title="bbox 293 3045 1601 3121; baseline 0 -19"><span class='ocrx_word' id='word_1_351' title='bbox 293 3045 513 3102; x_wconf 89' lang='lat' dir='ltr'><strong>clesiam</strong></span> <span class='ocrx_word' id='word_1_352' title='bbox 544 3045 923 3103; x_wconf 79' lang='lat' dir='ltr'><strong>Bhemensium</strong></span> <span class='ocrx_word' id='word_1_353' title='bbox 952 3063 1138 3119; x_wconf 90' lang='lat' dir='ltr'><strong>passus</strong></span> <span class='ocrx_word' id='word_1_354' title='bbox 1158 3058 1241 3104; x_wconf 91' lang='lat' dir='ltr'><strong>est</strong></span> <span class='ocrx_word' id='word_1_355' title='bbox 1268 3049 1601 3121; x_wconf 83' lang='lat' dir='ltr'><strong>martyrium.</strong></span> 
     </span>
    </p>
   </div>
   <div class='ocr_carea' id='block_1_50' title="bbox 369 3136 1865 3225">
    <p class='ocr_par' dir='ltr' id='par_1_50' title="bbox 369 3136 1865 3225">
     <span class='ocr_line' id='line_1_50' title="bbox 369 3136 1865 3225; baseline 0.002 -30"><span class='ocrx_word' id='word_1_356' title='bbox 369 3137 435 3225; x_wconf 69' lang='grc' dir='ltr'><strong>Β.</strong></span> <span class='ocrx_word' id='word_1_357' title='bbox 578 3136 673 3225; x_wconf 59' lang='grc' dir='ltr'><strong>Υ..</strong></span> <span class='ocrx_word' id='word_1_358' title='bbox 702 3138 977 3225; x_wconf 39' lang='lat' dir='ltr'><strong>.Dugdp‘no</strong></span> <span class='ocrx_word' id='word_1_359' title='bbox 1130 3139 1363 3225; x_wconf 60' lang='lat' dir='ltr'><strong>Victoris</strong></span> <span class='ocrx_word' id='word_1_360' title='bbox 1402 3139 1865 3225; x_wconf 40' lang='lat' dir='ltr'><strong>LV.,&quot;Via.toris].</strong></span> 
     </span>
    </p>
   </div>
   <div class='ocr_carea' id='block_1_51' title="bbox 294 3207 1868 3281">
    <p class='ocr_par' dir='ltr' id='par_1_51' title="bbox 294 3207 1868 3281">
     <span class='ocr_line' id='line_1_51' title="bbox 294 3207 1868 3281; baseline 0.003 -17"><span class='ocrx_word' id='word_1_361' title='bbox 294 3207 511 3265; x_wconf 74' lang='lat' dir='ltr'><strong>Vienna</strong></span> <span class='ocrx_word' id='word_1_362' title='bbox 532 3218 557 3248; x_wconf 77' lang='grc' dir='ltr'><strong>ο</strong></span> <span class='ocrx_word' id='word_1_363' title='bbox 582 3207 846 3277; x_wconf 85' lang='lat' dir='ltr'><strong>Lupicini.</strong></span> <span class='ocrx_word' id='word_1_364' title='bbox 871 3211 1089 3266; x_wconf 80' lang='lat' dir='ltr'><strong>Rhemis</strong></span> <span class='ocrx_word' id='word_1_365' title='bbox 1118 3212 1293 3267; x_wconf 90' lang='lat' dir='ltr'><strong>natale</strong></span> <span class='ocrx_word' id='word_1_366' title='bbox 1315 3212 1373 3267; x_wconf 90' lang='lat' dir='ltr'><strong>S.</strong></span> <span class='ocrx_word' id='word_1_367' title='bbox 1401 3207 1590 3267; x_wconf 81' lang='lat' dir='ltr'><strong>Nicasii</strong></span> <span class='ocrx_word' id='word_1_368' title='bbox 1614 3207 1868 3281; x_wconf 77' lang='lat' dir='ltr'><strong>episcopi.</strong></span> 
     </span>
    </p>
   </div>
   <div class='ocr_carea' id='block_1_52' title="bbox 290 3281 1869 3354">
    <p class='ocr_par' dir='ltr' id='par_1_52' title="bbox 290 3281 1869 3354">
     <span class='ocr_line' id='line_1_52' title="bbox 290 3281 1869 3354; baseline 0.001 -17"><span class='ocrx_word' id='word_1_369' title='bbox 290 3283 359 3354; x_wconf 61' lang='grc' dir='ltr'><strong>Β.</strong></span> <span class='ocrx_word' id='word_1_370' title='bbox 390 3281 578 3351; x_wconf 83' lang='lat' dir='ltr'><strong>primis</strong></span> <span class='ocrx_word' id='word_1_371' title='bbox 606 3281 815 3354; x_wconf 82' lang='lat' dir='ltr'><strong>duobus</strong></span> <span class='ocrx_word' id='word_1_372' title='bbox 855 3282 1003 3337; x_wconf 87' lang='lat' dir='ltr'><strong>addit</strong></span> <span class='ocrx_word' id='word_1_373' title='bbox 1050 3283 1261 3337; x_wconf 86' lang='lat' dir='ltr'><strong>titulum</strong></span> <span class='ocrx_word' id='word_1_374' title='bbox 1290 3283 1528 3354; x_wconf 86' lang='lat' dir='ltr'><strong>episcopi</strong></span> <span class='ocrx_word' id='word_1_375' title='bbox 1554 3292 1612 3338; x_wconf 89' lang='lat' dir='ltr'><strong>et</strong></span> <span class='ocrx_word' id='word_1_376' title='bbox 1657 3285 1869 3352; x_wconf 86' lang='lat' dir='ltr'><strong>deposi-</strong></span> 
     </span>
    </p>
   </div>
   <div class='ocr_carea' id='block_1_53' title="bbox 1972 2302 3561 2375">
    <p class='ocr_par' dir='ltr' id='par_1_53' title="bbox 1972 2302 3561 2375">
     <span class='ocr_line' id='line_1_53' title="bbox 1972 2302 3561 2375; baseline 0 -10"><span class='ocrx_word' id='word_1_377' title='bbox 1972 2308 2175 2366; x_wconf 87' lang='lat' dir='ltr'><strong>meritis</strong></span> <span class='ocrx_word' id='word_1_378' title='bbox 2203 2308 2369 2362; x_wconf 86' lang='lat' dir='ltr'><strong>multa</strong></span> <span class='ocrx_word' id='word_1_379' title='bbox 2392 2304 2644 2361; x_wconf 80' lang='lat' dir='ltr'><strong>miracula</strong></span> <span class='ocrx_word' id='word_1_380' title='bbox 2670 2303 2928 2361; x_wconf 84' lang='lat' dir='ltr'><strong>Dominus</strong></span> <span class='ocrx_word' id='word_1_381' title='bbox 2956 2302 3165 2373; x_wconf 86' lang='lat' dir='ltr'><strong>operari</strong></span> <span class='ocrx_word' id='word_1_382' title='bbox 3193 2302 3435 2375; x_wconf 80' lang='lat' dir='ltr'><strong>dignatus</strong></span> <span class='ocrx_word' id='word_1_383' title='bbox 3453 2316 3561 2365; x_wconf 71' lang='lat' dir='ltr'><strong>esto</strong></span> 
     </span>
    </p>
   </div>
   <div class='ocr_carea' id='block_1_54' title="bbox 2048 2392 3561 2467">
    <p class='ocr_par' dir='ltr' id='par_1_54' title="bbox 2048 2392 3561 2467">
     <span class='ocr_line' id='line_1_54' title="bbox 2048 2392 3561 2467; baseline 0 -12"><span class='ocrx_word' id='word_1_384' title='bbox 2048 2401 2137 2467; x_wconf 93' lang='lat' dir='ltr'><strong>D.,</strong></span> <span class='ocrx_word' id='word_1_385' title='bbox 2175 2396 2440 2453; x_wconf 83' lang='lat' dir='ltr'><strong>Valeriani</strong></span> <span class='ocrx_word' id='word_1_386' title='bbox 2464 2392 2493 2434; x_wconf 70' lang='grc' dir='ltr'><strong><em>ἀ</em></strong></span> <span class='ocrx_word' id='word_1_387' title='bbox 2521 2395 2850 2467; x_wconf 82' lang='lat' dir='ltr'><strong>episcopi_et</strong></span> <span class='ocrx_word' id='word_1_388' title='bbox 2878 2392 3224 2467; x_wconf 80' lang='lat' dir='ltr'><strong>confessoris.</strong></span> <span class='ocrx_word' id='word_1_389' title='bbox 3275 2394 3336 2451; x_wconf 91' lang='lat' dir='ltr'><strong>C.</strong></span> <span class='ocrx_word' id='word_1_390' title='bbox 3381 2395 3470 2465; x_wconf 86' lang='lat' dir='ltr'><strong>V.,</strong></span> <span class='ocrx_word' id='word_1_391' title='bbox 3499 2397 3561 2456; x_wconf 90' lang='lat' dir='ltr'><strong>In</strong></span> 
     </span>
    </p>
   </div>
   <div class='ocr_carea' id='block_1_55' title="bbox 1986 2464 3560 2537">
    <p class='ocr_par' dir='ltr' id='par_1_55' title="bbox 1986 2464 3560 2537">
     <span class='ocr_line' id='line_1_55' title="bbox 1986 2464 3560 2537; baseline 0 -12"><span class='ocrx_word' id='word_1_392' title='bbox 1986 2464 2167 2533; x_wconf 78' lang='lat' dir='ltr'><strong>Africa</strong></span> <span class='ocrx_word' id='word_1_393' title='bbox 2208 2468 2265 2524; x_wconf 90' lang='lat' dir='ltr'><strong>S.</strong></span> <span class='ocrx_word' id='word_1_394' title='bbox 2308 2467 2511 2527; x_wconf 81' lang='lat' dir='ltr'><strong>Fausti,</strong></span> <span class='ocrx_word' id='word_1_395' title='bbox 2542 2466 2690 2521; x_wconf 89' lang='lat' dir='ltr'><strong>Lucii</strong></span> <span class='ocrx_word' id='word_1_396' title='bbox 2710 2507 2739 2537; x_wconf 17' lang='grc' dir='ltr'><strong>,ί</strong></span> <span class='ocrx_word' id='word_1_397' title='bbox 2755 2464 3461 2537; x_wconf 63' lang='lat' dir='ltr'><strong>Capdidi,m3rty_rum._A.</strong></span> <span class='ocrx_word' id='word_1_398' title='bbox 3493 2468 3560 2526; x_wconf 84' lang='grc' dir='ltr'><strong>Τ.</strong></span> 
     </span>
    </p>
   </div>
   <div class='ocr_carea' id='block_1_56' title="bbox 1977 2534 3560 2611">
    <p class='ocr_par' dir='ltr' id='par_1_56' title="bbox 1977 2534 3560 2611">
     <span class='ocr_line' id='line_1_56' title="bbox 1977 2534 3560 2611; baseline -0.008 -15"><span class='ocrx_word' id='word_1_399' title='bbox 1977 2540 2040 2597; x_wconf 86' lang='lat' dir='ltr'><strong>L.</strong></span> <span class='ocrx_word' id='word_1_400' title='bbox 2076 2541 2161 2607; x_wconf 83' lang='lat' dir='ltr'><strong>D.,</strong></span> <span class='ocrx_word' id='word_1_401' title='bbox 2186 2540 2238 2593; x_wconf 91' lang='lat' dir='ltr'><strong>In</strong></span> <span class='ocrx_word' id='word_1_402' title='bbox 2267 2537 2443 2611; x_wconf 72' lang='lat' dir='ltr'><strong>Africa</strong></span> <span class='ocrx_word' id='word_1_403' title='bbox 2476 2540 2647 2591; x_wconf 87' lang='lat' dir='ltr'><strong>natale</strong></span> <span class='ocrx_word' id='word_1_404' title='bbox 2677 2536 2775 2591; x_wconf 89' lang='lat' dir='ltr'><strong>SS.</strong></span> <span class='ocrx_word' id='word_1_405' title='bbox 2808 2534 3031 2590; x_wconf 86' lang='lat' dir='ltr'><strong>Candidi</strong></span> <span class='ocrx_word' id='word_1_406' title='bbox 3060 2534 3411 2611; x_wconf 59' lang='lat' dir='ltr'><strong>[B.,&#39;Candi],</strong></span> <span class='ocrx_word' id='word_1_407' title='bbox 3438 2538 3560 2596; x_wconf 58' lang='lat' dir='ltr'><strong>Cm-</strong></span> 
     </span>
    </p>
   </div>
   <div class='ocr_carea' id='block_1_57' title="bbox 1979 2606 2465 2668">
    <p class='ocr_par' dir='ltr' id='par_1_57' title="bbox 1979 2606 2465 2668">
     <span class='ocr_line' id='line_1_57' title="bbox 1979 2606 2465 2668; baseline -0.016 0"><span class='ocrx_word' id='word_1_408' title='bbox 1979 2606 2155 2668; x_wconf 90' lang='lat' dir='ltr'><strong>ciliani</strong></span> <span class='ocrx_word' id='word_1_409' title='bbox 2184 2617 2237 2664; x_wconf 91' lang='lat' dir='ltr'><strong>et</strong></span> <span class='ocrx_word' id='word_1_410' title='bbox 2265 2606 2465 2662; x_wconf 75' lang='lat' dir='ltr'><strong>Fausti.</strong></span> 
     </span>
    </p>
   </div>
   <div class='ocr_carea' id='block_1_58' title="bbox 2052 2696 2963 2758">
    <p class='ocr_par' dir='ltr' id='par_1_58' title="bbox 2052 2696 2963 2758">
     <span class='ocr_line' id='line_1_58' title="bbox 2052 2696 2963 2758; baseline -0.005 -2"><span class='ocrx_word' id='word_1_411' title='bbox 2052 2703 2142 2758; x_wconf 88' lang='grc'><strong>16.</strong></span> <span class='ocrx_word' id='word_1_412' title='bbox 2164 2734 2233 2744; x_wconf 90' lang='grc'><strong><em>-</em></strong></span> <span class='ocrx_word' id='word_1_413' title='bbox 2259 2698 2400 2754; x_wconf 86' lang='lat' dir='ltr'>XVII</span> <span class='ocrx_word' id='word_1_414' title='bbox 2426 2698 2561 2753; x_wconf 79' lang='grc' dir='ltr'><strong>ΚΑι..</strong></span> <span class='ocrx_word' id='word_1_415' title='bbox 2588 2696 2759 2752; x_wconf 87' lang='lat' dir='ltr'><strong>Vacat</strong></span> <span class='ocrx_word' id='word_1_416' title='bbox 2786 2696 2963 2752; x_wconf 85' lang='lat' dir='ltr'><strong>Baeda.</strong></span> 
     </span>
    </p>
   </div>
   <div class='ocr_carea' id='block_1_59' title="bbox 2052 2788 3555 2862">
    <p class='ocr_par' dir='ltr' id='par_1_59' title="bbox 2052 2788 3555 2862">
     <span class='ocr_line' id='line_1_59' title="bbox 2052 2788 3555 2862; baseline -0.001 -13"><span class='ocrx_word' id='word_1_417' title='bbox 2052 2794 2144 2862; x_wconf 92' lang='lat' dir='ltr'><strong>D.,</strong></span> <span class='ocrx_word' id='word_1_418' title='bbox 2172 2791 2358 2847; x_wconf 89' lang='lat' dir='ltr'><strong>Trium</strong></span> <span class='ocrx_word' id='word_1_419' title='bbox 2390 2789 2957 2862; x_wconf 72' lang='lat' dir='ltr'><strong>martyrum_Ana_uize,</strong></span> <span class='ocrx_word' id='word_1_420' title='bbox 2982 2788 3190 2862; x_wconf 64' lang='lat' dir='ltr'><strong>Azarige</strong></span> <span class='ocrx_word' id='word_1_421' title='bbox 3218 2788 3555 2862; x_wconf 8' lang='lat' dir='ltr'><strong>ethisaelis.</strong></span> 
     </span>
    </p>
   </div>
   <div class='ocr_carea' id='block_1_60' title="bbox 1975 2856 3550 2932">
    <p class='ocr_par' dir='ltr' id='par_1_60' title="bbox 1975 2856 3550 2932">
     <span class='ocr_line' id='line_1_60' title="bbox 1975 2856 3550 2932; baseline -0.009 -11"><span class='ocrx_word' id='word_1_422' title='bbox 1975 2865 2039 2921; x_wconf 91' lang='lat' dir='ltr'><strong>B.</strong></span> <span class='ocrx_word' id='word_1_423' title='bbox 2068 2856 2161 2930; x_wconf 55' lang='lat' dir='ltr'><strong>VI,</strong></span> <span class='ocrx_word' id='word_1_424' title='bbox 2183 2863 2433 2917; x_wconf 79' lang='lat' dir='ltr'><strong>Ravenna</strong></span> <span class='ocrx_word' id='word_1_425' title='bbox 2457 2856 2631 2932; x_wconf 74' lang='lat' dir='ltr'><strong>natale</strong></span> <span class='ocrx_word' id='word_1_426' title='bbox 2646 2856 2750 2932; x_wconf 65' lang='lat' dir='ltr'><strong>SS.</strong></span> <span class='ocrx_word' id='word_1_427' title='bbox 2777 2860 2801 2889; x_wconf 81' lang='lat'><strong><em>°</em></strong></span> <span class='ocrx_word' id='word_1_428' title='bbox 2828 2858 3112 2932; x_wconf 78' lang='lat' dir='ltr'><strong>Valentini,</strong></span> <span class='ocrx_word' id='word_1_429' title='bbox 3137 2858 3550 2932; x_wconf 59' lang='lat' dir='ltr'><strong>Navalis,Agri.</strong></span> 
     </span>
    </p>
   </div>
   <div class='ocr_carea' id='block_1_61' title="bbox 1976 2929 3557 3004">
    <p class='ocr_par' dir='ltr' id='par_1_61' title="bbox 1976 2929 3557 3004">
     <span class='ocr_line' id='line_1_61' title="bbox 1976 2929 3557 3004; baseline -0.009 -12"><span class='ocrx_word' id='word_1_430' title='bbox 1976 2929 2490 3000; x_wconf 78' lang='lat' dir='ltr'><strong>colze,Concordiae.</strong></span> <span class='ocrx_word' id='word_1_431' title='bbox 2536 2931 2601 3004; x_wconf 83' lang='lat' dir='ltr'><strong>A_.</strong></span> <span class='ocrx_word' id='word_1_432' title='bbox 2628 2931 2690 2984; x_wconf 83' lang='lat' dir='ltr'><strong>T.</strong></span> <span class='ocrx_word' id='word_1_433' title='bbox 2724 2929 3093 3004; x_wconf 73' lang='lat' dir='ltr'><strong>L._,__Ra_vcnna</strong></span> <span class='ocrx_word' id='word_1_434' title='bbox 3120 2931 3300 3004; x_wconf 69' lang='lat' dir='ltr'><strong>natale</strong></span> <span class='ocrx_word' id='word_1_435' title='bbox 3329 2929 3557 3004; x_wconf 50' lang='lat' dir='ltr'><strong>SSCVa.</strong></span> 
     </span>
    </p>
   </div>
   <div class='ocr_carea' id='block_1_62' title="bbox 1977 3000 3547 3075">
    <p class='ocr_par' dir='ltr' id='par_1_62' title="bbox 1977 3000 3547 3075">
     <span class='ocr_line' id='line_1_62' title="bbox 1977 3000 3547 3075; baseline -0.002 -13"><span class='ocrx_word' id='word_1_436' title='bbox 1977 3007 2186 3073; x_wconf 88' lang='lat' dir='ltr'><strong>lentini,</strong></span> <span class='ocrx_word' id='word_1_437' title='bbox 2219 3004 2450 3069; x_wconf 84' lang='lat' dir='ltr'><strong>Navalis,</strong></span> <span class='ocrx_word' id='word_1_438' title='bbox 2476 3000 2840 3075; x_wconf 74' lang='lat' dir='ltr'><strong>et_Concordii</strong></span> <span class='ocrx_word' id='word_1_439' title='bbox 2886 3000 3424 3075; x_wconf 80' lang='lat' dir='ltr'><strong>[lI.,_et_Concordi].</strong></span> <span class='ocrx_word' id='word_1_440' title='bbox 3453 3007 3547 3075; x_wconf 85' lang='lat' dir='ltr'><strong>A.,</strong></span> 
     </span>
    </p>
   </div>
   <div class='ocr_carea' id='block_1_63' title="bbox 1976 3070 3548 3158">
    <p class='ocr_par' dir='ltr' id='par_1_63' title="bbox 1976 3070 3548 3158">
     <span class='ocr_line' id='line_1_63' title="bbox 1976 3070 3548 3158; baseline -0.001 -26"><span class='ocrx_word' id='word_1_441' title='bbox 1976 3077 2047 3158; x_wconf 88' lang='lat' dir='ltr'>In_</span> <span class='ocrx_word' id='word_1_442' title='bbox 2079 3070 2267 3158; x_wconf 81' lang='lat' dir='ltr'><strong>Tuscia</strong></span> <span class='ocrx_word' id='word_1_443' title='bbox 2317 3074 2494 3158; x_wconf 79' lang='lat' dir='ltr'><strong>passio</strong></span> <span class='ocrx_word' id='word_1_444' title='bbox 2533 3070 2653 3158; x_wconf 46' lang='grc' dir='ltr'><strong>δι’]</strong></span> <span class='ocrx_word' id='word_1_445' title='bbox 2683 3070 2927 3158; x_wconf 46' lang='grc' dir='ltr'><strong>Βπξψέτᾷξ</strong></span> <span class='ocrx_word' id='word_1_446' title='bbox 2968 3070 3190 3158; x_wconf 67' lang='lat' dir='ltr'><strong>virginis</strong></span> <span class='ocrx_word' id='word_1_447' title='bbox 3229 3073 3333 3158; x_wconf 58' lang='lat' dir='ltr'><strong>gub</strong></span> <span class='ocrx_word' id='word_1_448' title='bbox 3381 3070 3548 3158; x_wconf 65' lang='grc' dir='ltr'><strong>Μεδιῇ</strong></span> 
     </span>
    </p>
   </div>
   <div class='ocr_carea' id='block_1_64' title="bbox 1976 3142 3548 3285">
    <p class='ocr_par' dir='ltr' id='par_1_64' title="bbox 1976 3142 3548 3285">
     <span class='ocr_line' id='line_1_64' title="bbox 1977 3142 3547 3217; baseline -0.003 -12"><span class='ocrx_word' id='word_1_449' title='bbox 1977 3150 2155 3205; x_wconf 89' lang='lat' dir='ltr'><strong>miano</strong></span> <span class='ocrx_word' id='word_1_450' title='bbox 2198 3142 2538 3217; x_wconf 81' lang='lat' dir='ltr'><strong>imperatore.</strong></span> <span class='ocrx_word' id='word_1_451' title='bbox 2585 3142 2675 3208; x_wconf 87' lang='lat' dir='ltr'><strong>T.,</strong></span> <span class='ocrx_word' id='word_1_452' title='bbox 2703 3142 2769 3196; x_wconf 88' lang='lat' dir='ltr'><strong>Et</strong></span> <span class='ocrx_word' id='word_1_453' title='bbox 2816 3142 3093 3197; x_wconf 86' lang='lat' dir='ltr'><strong>Transitus</strong></span> <span class='ocrx_word' id='word_1_454' title='bbox 3145 3142 3200 3198; x_wconf 92' lang='lat' dir='ltr'><strong>S.</strong></span> <span class='ocrx_word' id='word_1_455' title='bbox 3230 3152 3255 3190; x_wconf 72' lang='grc' dir='ltr'>ε</span> <span class='ocrx_word' id='word_1_456' title='bbox 3290 3143 3547 3201; x_wconf 87' lang='lat' dir='ltr'><strong>Everardi</strong></span> 
     </span>
     <span class='ocr_line' id='line_1_65' title="bbox 1976 3211 3548 3285; baseline -0.003 -10"><span class='ocrx_word' id='word_1_457' title='bbox 1976 3218 2321 3276; x_wconf 83' lang='lat' dir='ltr'><strong>confessoris.</strong></span> <span class='ocrx_word' id='word_1_458' title='bbox 2353 3217 2438 3285; x_wconf 78' lang='lat' dir='ltr'><strong>D.,</strong></span> <span class='ocrx_word' id='word_1_459' title='bbox 2466 3216 2677 3271; x_wconf 84' lang='lat' dir='ltr'><strong>Arelate</strong></span> <span class='ocrx_word' id='word_1_460' title='bbox 2696 3212 2960 3270; x_wconf 89' lang='lat' dir='ltr'><strong>dedicatio</strong></span> <span class='ocrx_word' id='word_1_461' title='bbox 2987 3211 3221 3269; x_wconf 66' lang='lat' dir='ltr'><strong>basilica:</strong></span> <span class='ocrx_word' id='word_1_462' title='bbox 3240 3212 3299 3270; x_wconf 90' lang='lat' dir='ltr'><strong>S.</strong></span> <span class='ocrx_word' id='word_1_463' title='bbox 3322 3213 3352 3251; x_wconf 69' lang='grc' dir='ltr'><strong>ιι</strong></span> <span class='ocrx_word' id='word_1_464' title='bbox 3372 3215 3548 3272; x_wconf 85' lang='lat' dir='ltr'><strong>Gene-</strong></span> 
     </span>
    </p>
   </div>
   <div class='ocr_carea' id='block_1_65' title="bbox 1974 3288 2346 3361">
    <p class='ocr_par' dir='ltr' id='par_1_65' title="bbox 1974 3288 2346 3361">
     <span class='ocr_line' id='line_1_66' title="bbox 1974 3288 2346 3361; baseline -0.003 -15"><span class='ocrx_word' id='word_1_465' title='bbox 1974 3292 2041 3347; x_wconf 90' lang='lat' dir='ltr'><strong>sii</strong></span> <span class='ocrx_word' id='word_1_466' title='bbox 2072 3288 2346 3361; x_wconf 83' lang='lat' dir='ltr'><strong>martyris.</strong></span> 
     </span>
    </p>
   </div>
   <div class='ocr_carea' id='block_1_66' title="bbox 292 3351 3553 3449">
    <p class='ocr_par' dir='ltr' id='par_1_66' title="bbox 292 3351 3553 3449">
     <span class='ocr_line' id='line_1_67' title="bbox 292 3351 3553 3449; baseline 0 0"><span class='ocrx_word' id='word_1_467' title='bbox 292 3351 497 3449; x_wconf 58' lang='lat'><strong>9293‘}?</strong></span> <span class='ocrx_word' id='word_1_468' title='bbox 541 3353 939 3449; x_wconf 40' lang='lat' dir='ltr'><strong>{@23va</strong></span> <span class='ocrx_word' id='word_1_469' title='bbox 969 3351 1861 3449; x_wconf 55' lang='lat' dir='ltr'><strong>5:“°22&#39;“E.Q&#39;PBISE&#39;E‘R-2&quot;§§</strong></span> <span class='ocrx_word' id='word_1_470' title='bbox 1891 3370 1939 3433; x_wconf 78' lang='grc' dir='ltr'>ο</span> <span class='ocrx_word' id='word_1_471' title='bbox 2039 3351 2272 3441; x_wconf 63' lang='grc' dir='ltr'><strong><em>ιλ-ἐι</em></strong></span> <span class='ocrx_word' id='word_1_472' title='bbox 2304 3379 2425 3437; x_wconf 67' lang='grc' dir='ltr'><strong>ινι</strong></span> <span class='ocrx_word' id='word_1_473' title='bbox 2450 3378 2588 3436; x_wconf 73' lang='lat' dir='ltr'><strong>m.</strong></span> <span class='ocrx_word' id='word_1_474' title='bbox 2618 3376 2806 3433; x_wconf 67' lang='lat' dir='ltr'><strong>Natale</strong></span> <span class='ocrx_word' id='word_1_475' title='bbox 2832 3375 2935 3433; x_wconf 63' lang='lat'><strong>8.1</strong></span> <span class='ocrx_word' id='word_1_476' title='bbox 2972 3374 3443 3449; x_wconf 69' lang='grc' dir='ltr'><strong>ιςηαιίίλορίεοορί</strong></span> <span class='ocrx_word' id='word_1_477' title='bbox 3494 3386 3553 3437; x_wconf 74' lang='lat' dir='ltr'><strong>et</strong></span> 
     </span>
    </p>
   </div>
   <div class='ocr_carea' id='block_1_67' title="bbox 294 3420 1864 3492">
    <p class='ocr_par' dir='ltr' id='par_1_67' title="bbox 294 3420 1864 3492">
     <span class='ocr_line' id='line_1_68' title="bbox 294 3420 1864 3492; baseline 0.003 -16"><span class='ocrx_word' id='word_1_478' title='bbox 294 3420 527 3492; x_wconf 57' lang='lat' dir='ltr'><strong>zosimi,</strong></span> <span class='ocrx_word' id='word_1_479' title='bbox 556 3433 611 3478; x_wconf 90' lang='lat' dir='ltr'><strong>et</strong></span> <span class='ocrx_word' id='word_1_480' title='bbox 654 3422 945 3479; x_wconf 84' lang='lat' dir='ltr'><strong>Theodori.</strong></span> <span class='ocrx_word' id='word_1_481' title='bbox 989 3425 1075 3492; x_wconf 82' lang='lat' dir='ltr'><strong>D.,</strong></span> <span class='ocrx_word' id='word_1_482' title='bbox 1114 3425 1171 3480; x_wconf 94' lang='lat' dir='ltr'><strong>In</strong></span> <span class='ocrx_word' id='word_1_483' title='bbox 1216 3420 1501 3482; x_wconf 81' lang='lat' dir='ltr'><strong>Antiochia</strong></span> <span class='ocrx_word' id='word_1_484' title='bbox 1546 3426 1721 3482; x_wconf 88' lang='lat' dir='ltr'><strong>natale</strong></span> <span class='ocrx_word' id='word_1_485' title='bbox 1769 3420 1864 3483; x_wconf 72' lang='lat' dir='ltr'><strong>SS.</strong></span> 
     </span>
    </p>
   </div>
   <div class='ocr_carea' id='block_1_68' title="bbox 296 3489 986 3564">
    <p class='ocr_par' dir='ltr' id='par_1_68' title="bbox 296 3489 986 3564">
     <span class='ocr_line' id='line_1_69' title="bbox 296 3489 986 3564; baseline 0.003 -17"><span class='ocrx_word' id='word_1_486' title='bbox 296 3489 457 3547; x_wconf 85' lang='lat' dir='ltr'><strong>Drusi</strong></span> <span class='ocrx_word' id='word_1_487' title='bbox 480 3502 533 3547; x_wconf 92' lang='lat' dir='ltr'><strong>et</strong></span> <span class='ocrx_word' id='word_1_488' title='bbox 557 3493 822 3549; x_wconf 91' lang='lat' dir='ltr'><strong>sociorum</strong></span> <span class='ocrx_word' id='word_1_489' title='bbox 851 3494 986 3564; x_wconf 89' lang='lat' dir='ltr'><strong>ejus.</strong></span> 
     </span>
    </p>
   </div>
   <div class='ocr_carea' id='block_1_69' title="bbox 370 3581 1305 3642">
    <p class='ocr_par' dir='ltr' id='par_1_69' title="bbox 370 3581 1305 3642">
     <span class='ocr_line' id='line_1_70' title="bbox 370 3581 1305 3642; baseline 0.003 -5"><span class='ocrx_word' id='word_1_490' title='bbox 370 3581 458 3637; x_wconf 81' lang='grc'><strong>15.</strong></span> <span class='ocrx_word' id='word_1_491' title='bbox 482 3611 551 3621; x_wconf 92' lang='grc'><strong><em>-</em></strong></span> <span class='ocrx_word' id='word_1_492' title='bbox 574 3582 741 3639; x_wconf 88' lang='lat' dir='ltr'>XVIII</span> <span class='ocrx_word' id='word_1_493' title='bbox 765 3584 903 3640; x_wconf 75' lang='lat' dir='ltr'><strong>KAL.</strong></span> <span class='ocrx_word' id='word_1_494' title='bbox 935 3584 1101 3642; x_wconf 90' lang='lat' dir='ltr'><strong>Vacat</strong></span> <span class='ocrx_word' id='word_1_495' title='bbox 1128 3584 1305 3641; x_wconf 71' lang='lat' dir='ltr'><strong>Bazda.</strong></span> 
     </span>
    </p>
   </div>
   <div class='ocr_carea' id='block_1_70' title="bbox 366 3674 1873 3751">
    <p class='ocr_par' dir='ltr' id='par_1_70' title="bbox 366 3674 1873 3751">
     <span class='ocr_line' id='line_1_71' title="bbox 366 3674 1873 3751; baseline 0.003 -21"><span class='ocrx_word' id='word_1_496' title='bbox 366 3674 559 3732; x_wconf 79' lang='lat' dir='ltr'><strong>Florus</strong></span> <span class='ocrx_word' id='word_1_497' title='bbox 585 3674 639 3732; x_wconf 87' lang='lat' dir='ltr'><strong>in</strong></span> <span class='ocrx_word' id='word_1_498' title='bbox 664 3676 735 3733; x_wconf 79' lang='grc' dir='ltr'><strong>Α.</strong></span> <span class='ocrx_word' id='word_1_499' title='bbox 766 3676 832 3732; x_wconf 86' lang='grc' dir='ltr'><strong>Τ.</strong></span> <span class='ocrx_word' id='word_1_500' title='bbox 880 3678 984 3733; x_wconf 86' lang='lat' dir='ltr'><strong>L.:</strong></span> <span class='ocrx_word' id='word_1_501' title='bbox 1035 3678 1335 3734; x_wconf 86' lang='lat' dir='ltr'><strong>Aurelianis</strong></span> <span class='ocrx_word' id='word_1_502' title='bbox 1382 3678 1652 3751; x_wconf 79' lang='lat' dir='ltr'><strong>depositio</strong></span> <span class='ocrx_word' id='word_1_503' title='bbox 1701 3680 1873 3736; x_wconf 77' lang='lat' dir='ltr'><strong>sancti</strong></span> 
     </span>
    </p>
   </div>
   <div class='ocr_carea' id='block_1_71' title="bbox 292 3762 1873 3844">
    <p class='ocr_par' dir='ltr' id='par_1_71' title="bbox 292 3762 1873 3844">
     <span class='ocr_line' id='line_1_72' title="bbox 292 3762 1873 3844; baseline 0.004 -22"><span class='ocrx_word' id='word_1_504' title='bbox 292 3762 598 3824; x_wconf 69' lang='lat' dir='ltr'><strong>Maximiani</strong></span> <span class='ocrx_word' id='word_1_505' title='bbox 670 3768 963 3841; x_wconf 89' lang='lat' dir='ltr'><strong>presbyteri</strong></span> <span class='ocrx_word' id='word_1_506' title='bbox 1042 3778 1097 3827; x_wconf 91' lang='lat' dir='ltr'><strong>et</strong></span> <span class='ocrx_word' id='word_1_507' title='bbox 1154 3770 1475 3829; x_wconf 86' lang='lat' dir='ltr'><strong>confessoris</strong></span> <span class='ocrx_word' id='word_1_508' title='bbox 1544 3772 1873 3844; x_wconf 71' lang='lat' dir='ltr'><strong>(Eurusque</strong></span> 
     </span>
    </p>
   </div>
   <div class='ocr_carea' id='block_1_72' title="bbox 1976 3466 3559 3549">
    <p class='ocr_par' dir='ltr' id='par_1_72' title="bbox 1976 3466 3559 3549">
     <span class='ocr_line' id='line_1_73' title="bbox 1976 3466 3559 3549; baseline -0.011 -16"><span class='ocrx_word' id='word_1_509' title='bbox 1976 3478 2260 3549; x_wconf 88' lang='lat' dir='ltr'><strong>martyris;</strong></span> <span class='ocrx_word' id='word_1_510' title='bbox 2292 3473 2385 3545; x_wconf 89' lang='lat' dir='ltr'><strong>qni</strong></span> <span class='ocrx_word' id='word_1_511' title='bbox 2415 3473 2604 3529; x_wconf 85' lang='lat' dir='ltr'><strong>tertius</strong></span> <span class='ocrx_word' id='word_1_512' title='bbox 2644 3469 2947 3526; x_wconf 62' lang='lat' dir='ltr'><strong>Antiochia;</strong></span> <span class='ocrx_word' id='word_1_513' title='bbox 2990 3476 3114 3537; x_wconf 84' lang='lat' dir='ltr'><strong>post</strong></span> <span class='ocrx_word' id='word_1_514' title='bbox 3158 3466 3378 3526; x_wconf 85' lang='lat' dir='ltr'><strong>Petrum</strong></span> <span class='ocrx_word' id='word_1_515' title='bbox 3423 3484 3559 3540; x_wconf 79' lang='lat' dir='ltr'><strong>apo.</strong></span> 
     </span>
    </p>
   </div>
   <div class='ocr_carea' id='block_1_73' title="bbox 1974 3560 3559 3637">
    <p class='ocr_par' dir='ltr' id='par_1_73' title="bbox 1974 3560 3559 3637">
     <span class='ocr_line' id='line_1_74' title="bbox 1974 3560 3559 3637; baseline -0.004 -12"><span class='ocrx_word' id='word_1_516' title='bbox 1974 3568 2172 3626; x_wconf 86' lang='lat' dir='ltr'><strong>stolum</strong></span> <span class='ocrx_word' id='word_1_517' title='bbox 2222 3566 2528 3637; x_wconf 86' lang='lat' dir='ltr'><strong>episcopus,</strong></span> <span class='ocrx_word' id='word_1_518' title='bbox 2553 3561 2871 3619; x_wconf 87' lang='lat' dir='ltr'><strong>duodecimo</strong></span> <span class='ocrx_word' id='word_1_519' title='bbox 2900 3560 3114 3631; x_wconf 88' lang='lat' dir='ltr'><strong>Trajani</strong></span> <span class='ocrx_word' id='word_1_520' title='bbox 3158 3574 3318 3631; x_wconf 85' lang='lat' dir='ltr'><strong>anno,</strong></span> <span class='ocrx_word' id='word_1_521' title='bbox 3348 3562 3417 3620; x_wconf 88' lang='lat' dir='ltr'><strong>ad</strong></span> <span class='ocrx_word' id='word_1_522' title='bbox 3459 3564 3559 3620; x_wconf 87' lang='lat' dir='ltr'><strong>be-</strong></span> 
     </span>
    </p>
   </div>
   <div class='ocr_carea' id='block_1_74' title="bbox 1978 3660 3559 3732">
    <p class='ocr_par' dir='ltr' id='par_1_74' title="bbox 1978 3660 3559 3732">
     <span class='ocr_line' id='line_1_75' title="bbox 1978 3660 3559 3732; baseline 0.001 -15"><span class='ocrx_word' id='word_1_523' title='bbox 1978 3663 2110 3718; x_wconf 88' lang='lat' dir='ltr'><strong>stias</strong></span> <span class='ocrx_word' id='word_1_524' title='bbox 2140 3662 2346 3719; x_wconf 84' lang='lat' dir='ltr'><strong>vinctus</strong></span> <span class='ocrx_word' id='word_1_525' title='bbox 2378 3661 2562 3718; x_wconf 78' lang='lat' dir='ltr'><strong>Romae</strong></span> <span class='ocrx_word' id='word_1_526' title='bbox 2590 3662 2788 3718; x_wconf 88' lang='lat' dir='ltr'><strong>missus</strong></span> <span class='ocrx_word' id='word_1_527' title='bbox 2812 3669 2920 3718; x_wconf 87' lang='lat' dir='ltr'><strong>est.</strong></span> <span class='ocrx_word' id='word_1_528' title='bbox 2947 3660 3207 3732; x_wconf 83' lang='lat' dir='ltr'><strong>Reliquiae</strong></span> <span class='ocrx_word' id='word_1_529' title='bbox 3235 3670 3410 3717; x_wconf 89' lang='lat' dir='ltr'><strong>tamen</strong></span> <span class='ocrx_word' id='word_1_530' title='bbox 3435 3676 3559 3719; x_wconf 86' lang='lat' dir='ltr'><strong>cor-</strong></span> 
     </span>
    </p>
   </div>
   <div class='ocr_carea' id='block_1_75' title="bbox 1982 3752 3557 3825">
    <p class='ocr_par' dir='ltr' id='par_1_75' title="bbox 1982 3752 3557 3825">
     <span class='ocr_line' id='line_1_76' title="bbox 1982 3752 3557 3825; baseline 0.003 -16"><span class='ocrx_word' id='word_1_531' title='bbox 1982 3756 2127 3825; x_wconf 91' lang='lat' dir='ltr'><strong>poris</strong></span> <span class='ocrx_word' id='word_1_532' title='bbox 2150 3756 2265 3825; x_wconf 88' lang='lat' dir='ltr'><strong>ejus</strong></span> <span class='ocrx_word' id='word_1_533' title='bbox 2291 3755 2589 3810; x_wconf 73' lang='lat' dir='ltr'><strong>Antiochiae</strong></span> <span class='ocrx_word' id='word_1_534' title='bbox 2613 3755 2791 3824; x_wconf 89' lang='lat' dir='ltr'><strong>jacent</strong></span> <span class='ocrx_word' id='word_1_535' title='bbox 2814 3752 3112 3823; x_wconf 76' lang='lat' dir='ltr'><strong>(ﬂuctuque</strong></span> <span class='ocrx_word' id='word_1_536' title='bbox 3132 3753 3200 3807; x_wconf 85' lang='lat' dir='ltr'><strong>A.</strong></span> <span class='ocrx_word' id='word_1_537' title='bbox 3224 3764 3269 3808; x_wconf 86' lang='lat' dir='ltr'><strong>et</strong></span> <span class='ocrx_word' id='word_1_538' title='bbox 3297 3753 3389 3825; x_wconf 86' lang='grc' dir='ltr'><strong>Τ.)</strong></span> <span class='ocrx_word' id='word_1_539' title='bbox 3406 3762 3557 3812; x_wconf 75' lang='lat' dir='ltr'><strong>extra</strong></span> 
     </span>
    </p>
   </div>
   <div class='ocr_carea' id='block_1_76' title="bbox 286 3844 3349 3937">
    <p class='ocr_par' dir='ltr' id='par_1_76' title="bbox 286 3844 3349 3937">
     <span class='ocr_line' id='line_1_77' title="bbox 286 3844 3349 3937; baseline 0.001 -38"><span class='ocrx_word' id='word_1_540' title='bbox 286 3858 447 3916; x_wconf 54' lang='lat' dir='ltr'><strong>“iam</strong></span> <span class='ocrx_word' id='word_1_541' title='bbox 486 3860 551 3917; x_wconf 74' lang='grc' dir='ltr'><strong>Β,</strong></span> <span class='ocrx_word' id='word_1_542' title='bbox 593 3859 709 3932; x_wconf 51' lang='grc' dir='ltr'><strong>ι),</strong></span> <span class='ocrx_word' id='word_1_543' title='bbox 738 3862 831 3932; x_wconf 67' lang='lat' dir='ltr'><strong>qui</strong></span> <span class='ocrx_word' id='word_1_544' title='bbox 868 3862 923 3918; x_wconf 68' lang='grc' dir='ltr'><strong>ιη</strong></span> <span class='ocrx_word' id='word_1_545' title='bbox 951 3875 1159 3919; x_wconf 63' lang='lat' dir='ltr'><strong>summa</strong></span> <span class='ocrx_word' id='word_1_546' title='bbox 1202 3863 1454 3935; x_wconf 54' lang='lat' dir='ltr'><strong>religione</strong></span> <span class='ocrx_word' id='word_1_547' title='bbox 1497 3864 1718 3937; x_wconf 56' lang='lat' dir='ltr'><strong>degens,</strong></span> <span class='ocrx_word' id='word_1_548' title='bbox 1758 3865 1876 3936; x_wconf 52' lang='lat' dir='ltr'><strong>eius</strong></span> <span class='ocrx_word' id='word_1_549' title='bbox 1979 3857 2190 3918; x_wconf 89' lang='lat' dir='ltr'><strong>portam</strong></span> <span class='ocrx_word' id='word_1_550' title='bbox 2218 3844 2246 3885; x_wconf 69' lang='grc' dir='ltr'>ι</span> <span class='ocrx_word' id='word_1_551' title='bbox 2277 3847 2647 3918; x_wconf 86' lang='lat' dir='ltr'><strong>Daphniticam</strong></span> <span class='ocrx_word' id='word_1_552' title='bbox 2674 3846 2728 3902; x_wconf 91' lang='lat' dir='ltr'><strong>in</strong></span> <span class='ocrx_word' id='word_1_553' title='bbox 2752 3846 3062 3903; x_wconf 74' lang='lat' dir='ltr'><strong>cmmeterio</strong></span> <span class='ocrx_word' id='word_1_554' title='bbox 3088 3846 3349 3903; x_wconf 62' lang='lat' dir='ltr'><strong>ecclesia.</strong></span> 
     </span>
    </p>
   </div>
   <div class='ocr_carea' id='block_1_77' title="bbox 1677 3958 2150 4017">
    <p class='ocr_par' dir='ltr' id='par_1_77' title="bbox 1677 3958 2150 4017">
     <span class='ocr_line' id='line_1_78' title="bbox 1677 3958 2150 4017; baseline 0.002 -3"><span class='ocrx_word' id='word_1_555' title='bbox 1677 3959 1883 4015; x_wconf 77' lang='lat' dir='ltr'><strong>SMITH</strong></span> <span class='ocrx_word' id='word_1_556' title='bbox 1922 3958 2150 4017; x_wconf 67' lang='grc' dir='ltr'><strong>ΝΟΤΕ.</strong></span> 
     </span>
    </p>
   </div>
   <div class='ocr_carea' id='block_1_78' title="bbox 367 4047 1869 4119">
    <p class='ocr_par' dir='ltr' id='par_1_78' title="bbox 367 4047 1869 4119">
     <span class='ocr_line' id='line_1_79' title="bbox 367 4047 1869 4119; baseline 0.002 -15"><span class='ocrx_word' id='word_1_557' title='bbox 367 4059 393 4087; x_wconf 78' lang='grc' dir='ltr'>ι</span> <span class='ocrx_word' id='word_1_558' title='bbox 425 4047 644 4105; x_wconf 79' lang='lat' dir='ltr'><strong>Nicasii.</strong></span> <span class='ocrx_word' id='word_1_559' title='bbox 684 4047 750 4103; x_wconf 80' lang='lat' dir='ltr'><strong>Hi</strong></span> <span class='ocrx_word' id='word_1_560' title='bbox 796 4049 937 4119; x_wconf 88' lang='lat' dir='ltr'><strong>passi</strong></span> <span class='ocrx_word' id='word_1_561' title='bbox 976 4058 1105 4105; x_wconf 87' lang='lat' dir='ltr'><strong>sunt</strong></span> <span class='ocrx_word' id='word_1_562' title='bbox 1150 4064 1288 4105; x_wconf 86' lang='lat' dir='ltr'><strong>anno</strong></span> <span class='ocrx_word' id='word_1_563' title='bbox 1332 4047 1457 4117; x_wconf 69' lang='lat'><strong>455,</strong></span> <span class='ocrx_word' id='word_1_564' title='bbox 1508 4059 1566 4105; x_wconf 90' lang='lat' dir='ltr'><strong>ut</strong></span> <span class='ocrx_word' id='word_1_565' title='bbox 1612 4059 1754 4119; x_wconf 90' lang='lat' dir='ltr'><strong>patet</strong></span> <span class='ocrx_word' id='word_1_566' title='bbox 1801 4066 1869 4107; x_wconf 84' lang='lat' dir='ltr'><strong>ex</strong></span> 
     </span>
    </p>
   </div>
   <div class='ocr_carea' id='block_1_79' title="bbox 295 4119 1867 4245">
    <p class='ocr_par' dir='ltr' id='par_1_79' title="bbox 295 4119 1867 4245">
     <span class='ocr_line' id='line_1_80' title="bbox 295 4119 1867 4245; baseline 0.003 -72"><span class='ocrx_word' id='word_1_567' title='bbox 295 4119 562 4245; x_wconf 50' lang='lat' dir='ltr'><strong>fbrmiico</strong></span> <span class='ocrx_word' id='word_1_568' title='bbox 644 4119 933 4177; x_wconf 85' lang='lat' dir='ltr'><strong>Rhemensi</strong></span> <span class='ocrx_word' id='word_1_569' title='bbox 1021 4122 1160 4191; x_wconf 89' lang='lat' dir='ltr'><strong>apud</strong></span> <span class='ocrx_word' id='word_1_570' title='bbox 1227 4121 1425 4177; x_wconf 89' lang='lat' dir='ltr'><strong>Labbei</strong></span> <span class='ocrx_word' id='word_1_571' title='bbox 1494 4122 1627 4178; x_wconf 87' lang='lat' dir='ltr'><strong>Bibl.</strong></span> <span class='ocrx_word' id='word_1_572' title='bbox 1707 4138 1867 4189; x_wconf 91' lang='lat' dir='ltr'><strong>nov.,</strong></span> 
     </span>
     <span class='ocr_line' id='line_1_81' title="bbox 316 4206 496 4245; baseline -0.011 0"><span class='ocrx_word' id='word_1_573' title='bbox 316 4206 426 4245; x_wconf 89' lang='lat' dir='ltr'><strong>om.</strong></span> <span class='ocrx_word' id='word_1_574' title='bbox 483 4231 496 4243; x_wconf 94' lang='lat'><strong>.</strong></span> 
     </span>
    </p>
   </div>
   <div class='ocr_carea' id='block_1_80' title="bbox 292 4199 496 4247">
    <p class='ocr_par' dir='ltr' id='par_1_80' title="bbox 292 4199 496 4247">
     <span class='ocr_line' id='line_1_82' title="bbox 292 4199 496 4247; baseline -0.01 -2"><span class='ocrx_word' id='word_1_575' title='bbox 292 4199 426 4247; x_wconf 73' lang='grc' dir='ltr'><strong>ιοιιι.</strong></span> <span class='ocrx_word' id='word_1_576' title='bbox 455 4199 496 4245; x_wconf 93' lang='grc' dir='ltr'><strong>Ι.</strong></span> 
     </span>
    </p>
   </div>
   <div class='ocr_carea' id='block_1_81' title="bbox 364 4262 1506 4333">
    <p class='ocr_par' dir='ltr' id='par_1_81' title="bbox 364 4262 1506 4333">
     <span class='ocr_line' id='line_1_83' title="bbox 364 4262 1506 4333; baseline 0.003 -17"><span class='ocrx_word' id='word_1_577' title='bbox 364 4266 395 4307; x_wconf 77' lang='lat' dir='ltr'><strong>b</strong></span> <span class='ocrx_word' id='word_1_578' title='bbox 426 4263 508 4333; x_wconf 77' lang='lat' dir='ltr'><strong>Ab</strong></span> <span class='ocrx_word' id='word_1_579' title='bbox 534 4271 581 4315; x_wconf 80' lang='lat' dir='ltr'><strong>et</strong></span> <span class='ocrx_word' id='word_1_580' title='bbox 606 4263 846 4333; x_wconf 80' lang='lat' dir='ltr'><strong>martyris</strong></span> <span class='ocrx_word' id='word_1_581' title='bbox 870 4262 940 4318; x_wconf 89' lang='lat' dir='ltr'><strong>ad</strong></span> <span class='ocrx_word' id='word_1_582' title='bbox 965 4263 1157 4319; x_wconf 77' lang='lat' dir='ltr'><strong>civibus</strong></span> <span class='ocrx_word' id='word_1_583' title='bbox 1182 4264 1333 4319; x_wconf 88' lang='lat' dir='ltr'><strong>deest</strong></span> <span class='ocrx_word' id='word_1_584' title='bbox 1359 4264 1411 4318; x_wconf 92' lang='lat' dir='ltr'><strong>in</strong></span> <span class='ocrx_word' id='word_1_585' title='bbox 1440 4262 1506 4319; x_wconf 89' lang='lat' dir='ltr'><strong>T.</strong></span> 
     </span>
    </p>
   </div>
   <div class='ocr_carea' id='block_1_82' title="bbox 370 4331 1867 4405">
    <p class='ocr_par' dir='ltr' id='par_1_82' title="bbox 370 4331 1867 4405">
     <span class='ocr_line' id='line_1_84' title="bbox 370 4331 1867 4405; baseline 0.003 -18"><span class='ocrx_word' id='word_1_586' title='bbox 370 4340 393 4371; x_wconf 77' lang='grc' dir='ltr'><strong><em>ο</em></strong></span> <span class='ocrx_word' id='word_1_587' title='bbox 413 4331 679 4405; x_wconf 63' lang='lat' dir='ltr'><strong>Lupicini.</strong></span> <span class='ocrx_word' id='word_1_588' title='bbox 709 4331 1040 4405; x_wconf 76' lang='lat' dir='ltr'><strong>Maurolycus</strong></span> <span class='ocrx_word' id='word_1_589' title='bbox 1062 4344 1117 4390; x_wconf 91' lang='lat' dir='ltr'><strong>et</strong></span> <span class='ocrx_word' id='word_1_590' title='bbox 1147 4334 1441 4405; x_wconf 85' lang='lat' dir='ltr'><strong>Galesinius</strong></span> <span class='ocrx_word' id='word_1_591' title='bbox 1465 4334 1692 4389; x_wconf 87' lang='lat' dir='ltr'><strong>natalem</strong></span> <span class='ocrx_word' id='word_1_592' title='bbox 1722 4334 1867 4392; x_wconf 89' lang='lat' dir='ltr'><strong>illius</strong></span> 
     </span>
    </p>
   </div>
   <div class='ocr_carea' id='block_1_83' title="bbox 292 4402 1865 4474">
    <p class='ocr_par' dir='ltr' id='par_1_83' title="bbox 292 4402 1865 4474">
     <span class='ocr_line' id='line_1_85' title="bbox 292 4402 1865 4474; baseline 0.001 -16"><span class='ocrx_word' id='word_1_593' title='bbox 292 4402 565 4474; x_wconf 82' lang='lat' dir='ltr'><strong>celebrant</strong></span> <span class='ocrx_word' id='word_1_594' title='bbox 596 4403 695 4459; x_wconf 90' lang='lat' dir='ltr'><strong>hac</strong></span> <span class='ocrx_word' id='word_1_595' title='bbox 721 4404 830 4471; x_wconf 88' lang='lat' dir='ltr'><strong>die,</strong></span> <span class='ocrx_word' id='word_1_596' title='bbox 863 4402 1052 4474; x_wconf 85' lang='lat' dir='ltr'><strong>quibus</strong></span> <span class='ocrx_word' id='word_1_597' title='bbox 1076 4406 1293 4462; x_wconf 64' lang='lat' dir='ltr'><strong>Tabula:</strong></span> <span class='ocrx_word' id='word_1_598' title='bbox 1320 4404 1576 4462; x_wconf 86' lang='lat' dir='ltr'><strong>Ecclesiae</strong></span> <span class='ocrx_word' id='word_1_599' title='bbox 1604 4405 1865 4463; x_wconf 85' lang='lat' dir='ltr'><strong>Viennen-</strong></span> 
     </span>
    </p>
   </div>
   <div class='ocr_carea' id='block_1_84' title="bbox 291 4473 1035 4543">
    <p class='ocr_par' dir='ltr' id='par_1_84' title="bbox 291 4473 1035 4543">
     <span class='ocr_line' id='line_1_86' title="bbox 291 4473 1035 4543; baseline 0.004 -14"><span class='ocrx_word' id='word_1_600' title='bbox 291 4474 370 4529; x_wconf 90' lang='lat' dir='ltr'><strong>sis</strong></span> <span class='ocrx_word' id='word_1_601' title='bbox 395 4476 447 4528; x_wconf 92' lang='lat' dir='ltr'><strong>in</strong></span> <span class='ocrx_word' id='word_1_602' title='bbox 476 4473 640 4529; x_wconf 85' lang='lat' dir='ltr'><strong>Gallia</strong></span> <span class='ocrx_word' id='word_1_603' title='bbox 662 4473 1035 4543; x_wconf 83' lang='lat' dir='ltr'><strong>astipulantur.</strong></span> 
     </span>
    </p>
   </div>
   <div class='ocr_carea' id='block_1_85' title="bbox 368 4544 1862 4618">
    <p class='ocr_par' dir='ltr' id='par_1_85' title="bbox 368 4544 1862 4618">
     <span class='ocr_line' id='line_1_87' title="bbox 368 4544 1862 4618; baseline 0.002 -18"><span class='ocrx_word' id='word_1_604' title='bbox 368 4549 393 4618; x_wconf 55' lang='grc' dir='ltr'><strong>ει</strong></span> <span class='ocrx_word' id='word_1_605' title='bbox 433 4544 718 4618; x_wconf 78' lang='lat' dir='ltr'><strong>Valeriani.</strong></span> <span class='ocrx_word' id='word_1_606' title='bbox 766 4548 991 4602; x_wconf 89' lang='lat' dir='ltr'><strong>Abensis</strong></span> <span class='ocrx_word' id='word_1_607' title='bbox 1027 4548 1257 4604; x_wconf 87' lang='lat' dir='ltr'><strong>civitatis</strong></span> <span class='ocrx_word' id='word_1_608' title='bbox 1284 4548 1337 4602; x_wconf 90' lang='lat' dir='ltr'><strong>in</strong></span> <span class='ocrx_word' id='word_1_609' title='bbox 1370 4546 1546 4601; x_wconf 87' lang='lat' dir='ltr'><strong>Africa</strong></span> <span class='ocrx_word' id='word_1_610' title='bbox 1591 4548 1862 4618; x_wconf 85' lang='lat' dir='ltr'><strong>episcopi;</strong></span> 
     </span>
    </p>
   </div>
   <div class='ocr_carea' id='block_1_86' title="bbox 293 4617 1863 4693">
    <p class='ocr_par' dir='ltr' id='par_1_86' title="bbox 293 4617 1863 4693">
     <span class='ocr_line' id='line_1_88' title="bbox 293 4617 1863 4693; baseline 0.003 -24"><span class='ocrx_word' id='word_1_611' title='bbox 293 4617 384 4693; x_wconf 82' lang='lat' dir='ltr'><strong>qui</strong></span> <span class='ocrx_word' id='word_1_612' title='bbox 416 4618 541 4670; x_wconf 91' lang='lat' dir='ltr'><strong>dum</strong></span> <span class='ocrx_word' id='word_1_613' title='bbox 572 4617 793 4693; x_wconf 74' lang='lat' dir='ltr'><strong>viriliter</strong></span> <span class='ocrx_word' id='word_1_614' title='bbox 834 4629 1171 4693; x_wconf 77' lang='lat' dir='ltr'><strong>sacramenta</strong></span> <span class='ocrx_word' id='word_1_615' title='bbox 1218 4620 1493 4693; x_wconf 67' lang='lat' dir='ltr'><strong>divinane</strong></span> <span class='ocrx_word' id='word_1_616' title='bbox 1524 4617 1752 4693; x_wconf 82' lang='lat' dir='ltr'><strong>traderet</strong></span> <span class='ocrx_word' id='word_1_617' title='bbox 1778 4617 1863 4693; x_wconf 74' lang='lat' dir='ltr'><strong>di-</strong></span> 
     </span>
    </p>
   </div>
   <div class='ocr_carea' id='block_1_87' title="bbox 298 4688 1863 4762">
    <p class='ocr_par' dir='ltr' id='par_1_87' title="bbox 298 4688 1863 4762">
     <span class='ocr_line' id='line_1_89' title="bbox 298 4688 1863 4762; baseline 0.001 -19"><span class='ocrx_word' id='word_1_618' title='bbox 298 4692 570 4762; x_wconf 85' lang='lat' dir='ltr'><strong>micasset,</strong></span> <span class='ocrx_word' id='word_1_619' title='bbox 619 4689 761 4743; x_wconf 88' lang='lat' dir='ltr'><strong>foras</strong></span> <span class='ocrx_word' id='word_1_620' title='bbox 799 4688 1066 4744; x_wconf 85' lang='lat' dir='ltr'><strong>civitatem</strong></span> <span class='ocrx_word' id='word_1_621' title='bbox 1092 4691 1374 4762; x_wconf 82' lang='lat' dir='ltr'><strong>singularis</strong></span> <span class='ocrx_word' id='word_1_622' title='bbox 1394 4688 1575 4760; x_wconf 88' lang='lat' dir='ltr'><strong>jussus</strong></span> <span class='ocrx_word' id='word_1_623' title='bbox 1601 4688 1682 4762; x_wconf 79' lang='lat' dir='ltr'><strong>est</strong></span> <span class='ocrx_word' id='word_1_624' title='bbox 1709 4691 1863 4762; x_wconf 83' lang='lat' dir='ltr'><strong>pelli;</strong></span> 
     </span>
    </p>
   </div>
   <div class='ocr_carea' id='block_1_88' title="bbox 299 4760 1868 4829">
    <p class='ocr_par' dir='ltr' id='par_1_88' title="bbox 299 4760 1868 4829">
     <span class='ocr_line' id='line_1_90' title="bbox 299 4760 1868 4829; baseline 0.004 -20"><span class='ocrx_word' id='word_1_625' title='bbox 299 4766 355 4810; x_wconf 91' lang='lat' dir='ltr'><strong>et</strong></span> <span class='ocrx_word' id='word_1_626' title='bbox 383 4760 451 4811; x_wconf 91' lang='lat' dir='ltr'><strong>ita</strong></span> <span class='ocrx_word' id='word_1_627' title='bbox 484 4769 804 4828; x_wconf 84' lang='lat' dir='ltr'><strong>praeceptum</strong></span> <span class='ocrx_word' id='word_1_628' title='bbox 841 4767 921 4813; x_wconf 78' lang='lat' dir='ltr'><strong>est</strong></span> <span class='ocrx_word' id='word_1_629' title='bbox 953 4770 1008 4815; x_wconf 88' lang='lat' dir='ltr'><strong>ut</strong></span> <span class='ocrx_word' id='word_1_630' title='bbox 1034 4760 1206 4817; x_wconf 75' lang='lat' dir='ltr'><strong>nullus</strong></span> <span class='ocrx_word' id='word_1_631' title='bbox 1229 4776 1351 4818; x_wconf 91' lang='lat' dir='ltr'><strong>eum</strong></span> <span class='ocrx_word' id='word_1_632' title='bbox 1377 4802 1392 4825; x_wconf 83' lang='lat'><strong>.</strong></span> <span class='ocrx_word' id='word_1_633' title='bbox 1425 4774 1596 4829; x_wconf 88' lang='lat' dir='ltr'><strong>neque</strong></span> <span class='ocrx_word' id='word_1_634' title='bbox 1625 4761 1677 4815; x_wconf 92' lang='lat' dir='ltr'><strong>in</strong></span> <span class='ocrx_word' id='word_1_635' title='bbox 1707 4761 1868 4816; x_wconf 92' lang='lat' dir='ltr'><strong>domo</strong></span> 
     </span>
    </p>
   </div>
   <div class='ocr_carea' id='block_1_89' title="bbox 302 4830 1868 4899">
    <p class='ocr_par' dir='ltr' id='par_1_89' title="bbox 302 4830 1868 4899">
     <span class='ocr_line' id='line_1_91' title="bbox 302 4830 1868 4899; baseline 0.005 -20"><span class='ocrx_word' id='word_1_636' title='bbox 302 4840 475 4899; x_wconf 75' lang='lat' dir='ltr'><strong>neque</strong></span> <span class='ocrx_word' id='word_1_637' title='bbox 502 4831 555 4884; x_wconf 90' lang='lat' dir='ltr'><strong>in</strong></span> <span class='ocrx_word' id='word_1_638' title='bbox 577 4843 725 4899; x_wconf 79' lang='lat' dir='ltr'><strong>agro,</strong></span> <span class='ocrx_word' id='word_1_639' title='bbox 753 4830 1044 4887; x_wconf 88' lang='lat' dir='ltr'><strong>dimitteret</strong></span> <span class='ocrx_word' id='word_1_640' title='bbox 1084 4834 1341 4889; x_wconf 88' lang='lat' dir='ltr'><strong>habitare.</strong></span> <span class='ocrx_word' id='word_1_641' title='bbox 1372 4832 1468 4899; x_wconf 76' lang='lat' dir='ltr'><strong>Qui</strong></span> <span class='ocrx_word' id='word_1_642' title='bbox 1498 4832 1553 4885; x_wconf 91' lang='lat' dir='ltr'><strong>in</strong></span> <span class='ocrx_word' id='word_1_643' title='bbox 1577 4840 1736 4887; x_wconf 83' lang='lat' dir='ltr'><strong>strata</strong></span> <span class='ocrx_word' id='word_1_644' title='bbox 1762 4847 1868 4899; x_wconf 88' lang='lat' dir='ltr'><strong>pu-</strong></span> 
     </span>
    </p>
   </div>
   <div class='ocr_carea' id='block_1_90' title="bbox 300 4896 1866 4971">
    <p class='ocr_par' dir='ltr' id='par_1_90' title="bbox 300 4896 1866 4971">
     <span class='ocr_line' id='line_1_92' title="bbox 300 4896 1866 4971; baseline 0.006 -22"><span class='ocrx_word' id='word_1_645' title='bbox 300 4896 434 4950; x_wconf 89' lang='lat' dir='ltr'><strong>blica</strong></span> <span class='ocrx_word' id='word_1_646' title='bbox 464 4896 632 4955; x_wconf 78' lang='lat' dir='ltr'><strong>multo</strong></span> <span class='ocrx_word' id='word_1_647' title='bbox 676 4909 912 4969; x_wconf 88' lang='lat' dir='ltr'><strong>tempore</strong></span> <span class='ocrx_word' id='word_1_648' title='bbox 942 4903 1079 4958; x_wconf 89' lang='lat' dir='ltr'><strong>node</strong></span> <span class='ocrx_word' id='word_1_649' title='bbox 1117 4903 1282 4971; x_wconf 88' lang='lat' dir='ltr'><strong>jacuit</strong></span> <span class='ocrx_word' id='word_1_650' title='bbox 1315 4905 1365 4958; x_wconf 93' lang='lat' dir='ltr'><strong>in</strong></span> <span class='ocrx_word' id='word_1_651' title='bbox 1395 4896 1556 4958; x_wconf 76' lang='lat' dir='ltr'><strong>aere.</strong></span> <span class='ocrx_word' id='word_1_652' title='bbox 1590 4896 1866 4959; x_wconf 83' lang='lat' dir='ltr'><strong>Annorum</strong></span> 
     </span>
    </p>
   </div>
   <div class='ocr_carea' id='block_1_91' title="bbox 298 4972 1865 5045">
    <p class='ocr_par' dir='ltr' id='par_1_91' title="bbox 298 4972 1865 5045">
     <span class='ocr_line' id='line_1_93' title="bbox 298 4972 1865 5045; baseline 0.007 -26"><span class='ocrx_word' id='word_1_653' title='bbox 298 4978 618 5045; x_wconf 79' lang='lat' dir='ltr'><strong>a_utem_e_rat</strong></span> <span class='ocrx_word' id='word_1_654' title='bbox 657 4972 775 5039; x_wconf 86' lang='lat' dir='ltr'><strong>plus</strong></span> <span class='ocrx_word' id='word_1_655' title='bbox 803 4986 924 5025; x_wconf 78' lang='lat' dir='ltr'><strong>ua.</strong></span> <span class='ocrx_word' id='word_1_656' title='bbox 957 4974 1155 5029; x_wconf 75' lang='lat' dir='ltr'><strong>Vrcron</strong></span> <span class='ocrx_word' id='word_1_657' title='bbox 1198 4975 1465 5045; x_wconf 72' lang='lat' dir='ltr'><strong>Vneasrs,</strong></span> <span class='ocrx_word' id='word_1_658' title='bbox 1494 4975 1561 5030; x_wconf 90' lang='lat' dir='ltr'><strong>de</strong></span> <span class='ocrx_word' id='word_1_659' title='bbox 1606 4975 1865 5031; x_wconf 90' lang='lat' dir='ltr'><strong>Persecu-</strong></span> 
     </span>
    </p>
   </div>
   <div class='ocr_carea' id='block_1_92' title="bbox 298 5036 1181 5096">
    <p class='ocr_par' dir='ltr' id='par_1_92' title="bbox 298 5036 1181 5096">
     <span class='ocr_line' id='line_1_94' title="bbox 298 5036 1181 5096; baseline 0.01 -5"><span class='ocrx_word' id='word_1_660' title='bbox 298 5036 444 5093; x_wconf 89' lang='lat' dir='ltr'><strong>tione</strong></span> <span class='ocrx_word' id='word_1_661' title='bbox 472 5036 738 5096; x_wconf 83' lang='lat' dir='ltr'><strong>Africana.</strong></span> <span class='ocrx_word' id='word_1_662' title='bbox 1177 5071 1181 5075; x_wconf 86' lang='lat'><em>-</em></span> 
     </span>
    </p>
   </div>
   <div class='ocr_carea' id='block_1_93' title="bbox 377 5108 1864 5187">
    <p class='ocr_par' dir='ltr' id='par_1_93' title="bbox 377 5108 1864 5187">
     <span class='ocr_line' id='line_1_95' title="bbox 377 5108 1864 5187; baseline 0.005 -24"><span class='ocrx_word' id='word_1_663' title='bbox 377 5115 400 5143; x_wconf 83' lang='lat'>°</span> <span class='ocrx_word' id='word_1_664' title='bbox 440 5108 984 5187; x_wconf 32' lang='lat' dir='ltr'><strong>Valentiniablagislri</strong></span> <span class='ocrx_word' id='word_1_665' title='bbox 1014 5114 1265 5181; x_wconf 86' lang='lat' dir='ltr'><strong>militum,</strong></span> <span class='ocrx_word' id='word_1_666' title='bbox 1291 5114 1573 5171; x_wconf 89' lang='lat' dir='ltr'><strong>Coneordii</strong></span> <span class='ocrx_word' id='word_1_667' title='bbox 1596 5116 1713 5184; x_wconf 90' lang='lat' dir='ltr'><strong>ejus</strong></span> <span class='ocrx_word' id='word_1_668' title='bbox 1744 5115 1864 5185; x_wconf 79' lang='lat' dir='ltr'><strong>lilii,</strong></span> 
     </span>
    </p>
   </div>
   <div class='ocr_carea' id='block_1_94' title="bbox 295 5177 1865 5256">
    <p class='ocr_par' dir='ltr' id='par_1_94' title="bbox 295 5177 1865 5256">
     <span class='ocr_line' id='line_1_96' title="bbox 295 5177 1865 5256; baseline 0.004 -21"><span class='ocrx_word' id='word_1_669' title='bbox 295 5177 509 5256; x_wconf 68' lang='lat' dir='ltr'><strong>Navalis</strong></span> <span class='ocrx_word' id='word_1_670' title='bbox 540 5192 593 5256; x_wconf 87' lang='lat' dir='ltr'><strong>et</strong></span> <span class='ocrx_word' id='word_1_671' title='bbox 617 5177 901 5254; x_wconf 63' lang='lat' dir='ltr'><strong>Agricolir,</strong></span> <span class='ocrx_word' id='word_1_672' title='bbox 932 5189 1020 5256; x_wconf 88' lang='lat' dir='ltr'><strong>qui</strong></span> <span class='ocrx_word' id='word_1_673' title='bbox 1063 5187 1114 5240; x_wconf 89' lang='lat' dir='ltr'><strong>in</strong></span> <span class='ocrx_word' id='word_1_674' title='bbox 1148 5177 1517 5255; x_wconf 79' lang='lat' dir='ltr'><strong>persecutione</strong></span> <span class='ocrx_word' id='word_1_675' title='bbox 1562 5177 1865 5241; x_wconf 75' lang='lat' dir='ltr'><strong>Maximiani</strong></span> 
     </span>
    </p>
   </div>
   <div class='ocr_carea' id='block_1_95' title="bbox 294 5251 1867 5378">
    <p class='ocr_par' dir='ltr' id='par_1_95' title="bbox 294 5251 1867 5378">
     <span class='ocr_line' id='line_1_97' title="bbox 294 5251 1867 5378; baseline 0.005 -73"><span class='ocrx_word' id='word_1_676' title='bbox 294 5265 395 5378; x_wconf 61' lang='lat' dir='ltr'><strong>pro</strong></span> <span class='ocrx_word' id='word_1_677' title='bbox 438 5251 651 5307; x_wconf 80' lang='lat' dir='ltr'><strong>Christo</strong></span> <span class='ocrx_word' id='word_1_678' title='bbox 671 5251 820 5321; x_wconf 75' lang='lat' dir='ltr'><strong>passi</strong></span> <span class='ocrx_word' id='word_1_679' title='bbox 867 5251 1008 5312; x_wconf 80' lang='lat' dir='ltr'><strong>sunt.</strong></span> <span class='ocrx_word' id='word_1_680' title='bbox 1040 5251 1276 5323; x_wconf 79' lang='lat' dir='ltr'><strong>Ipsorum</strong></span> <span class='ocrx_word' id='word_1_681' title='bbox 1326 5258 1637 5327; x_wconf 88' lang='lat' dir='ltr'><strong>martyrium</strong></span> <span class='ocrx_word' id='word_1_682' title='bbox 1686 5267 1867 5313; x_wconf 90' lang='lat' dir='ltr'><strong>narrat</strong></span> 
     </span>
     <span class='ocr_line' id='line_1_98' title="bbox 324 5322 1443 5378; baseline 0.001 -1"><span class='ocrx_word' id='word_1_683' title='bbox 324 5322 608 5378; x_wconf 88' lang='lat' dir='ltr'><strong>Iieronvm.</strong></span> <span class='ocrx_word' id='word_1_684' title='bbox 638 5326 796 5378; x_wconf 83' lang='lat' dir='ltr'><strong>Rub..</strong></span> <span class='ocrx_word' id='word_1_685' title='bbox 829 5329 1026 5378; x_wconf 81' lang='lat' dir='ltr'><strong>Histor.</strong></span> <span class='ocrx_word' id='word_1_686' title='bbox 1057 5328 1280 5378; x_wconf 69' lang='lat' dir='ltr'><strong>ﬂavam.</strong></span> <span class='ocrx_word' id='word_1_687' title='bbox 1315 5330 1351 5378; x_wconf 93' lang='grc' dir='ltr'><strong>Ι.</strong></span> <span class='ocrx_word' id='word_1_688' title='bbox 1388 5344 1443 5378; x_wconf 84' lang='grc' dir='ltr'><strong>ιι.</strong></span> 
     </span>
    </p>
   </div>
   <div class='ocr_carea' id='block_1_96' title="bbox 324 5322 1443 5394">
    <p class='ocr_par' dir='ltr' id='par_1_96' title="bbox 324 5322 1443 5394">
     <span class='ocr_line' id='line_1_99' title="bbox 324 5322 1443 5394; baseline 0.004 -17"><span class='ocrx_word' id='word_1_689' title='bbox 324 5322 608 5394; x_wconf 78' lang='lat' dir='ltr'><strong>lieronym.</strong></span> <span class='ocrx_word' id='word_1_690' title='bbox 638 5326 797 5390; x_wconf 82' lang='lat' dir='ltr'><strong>Rub.,</strong></span> <span class='ocrx_word' id='word_1_691' title='bbox 829 5329 1026 5383; x_wconf 87' lang='lat' dir='ltr'><strong>llistor.</strong></span> <span class='ocrx_word' id='word_1_692' title='bbox 1057 5328 1280 5393; x_wconf 78' lang='lat' dir='ltr'><strong>Raven.,</strong></span> <span class='ocrx_word' id='word_1_693' title='bbox 1315 5330 1351 5382; x_wconf 97' lang='lat' dir='ltr'><strong>I.</strong></span> <span class='ocrx_word' id='word_1_694' title='bbox 1388 5344 1443 5383; x_wconf 92' lang='lat' dir='ltr'><strong>ll.</strong></span> 
     </span>
    </p>
   </div>
   <div class='ocr_carea' id='block_1_97' title="bbox 372 5392 1865 5468">
    <p class='ocr_par' dir='ltr' id='par_1_97' title="bbox 372 5392 1865 5468">
     <span class='ocr_line' id='line_1_100' title="bbox 372 5392 1865 5468; baseline 0.006 -22"><span class='ocrx_word' id='word_1_695' title='bbox 372 5394 401 5468; x_wconf 58' lang='grc' dir='ltr'><strong><em>ξ</em></strong></span> <span class='ocrx_word' id='word_1_696' title='bbox 426 5392 688 5468; x_wconf 66' lang='lat' dir='ltr'><strong>Barbarie.</strong></span> <span class='ocrx_word' id='word_1_697' title='bbox 723 5399 843 5454; x_wconf 63' lang='lat' dir='ltr'><strong>llaec</strong></span> <span class='ocrx_word' id='word_1_698' title='bbox 876 5402 1106 5467; x_wconf 85' lang='lat' dir='ltr'><strong>primum</strong></span> <span class='ocrx_word' id='word_1_699' title='bbox 1134 5417 1163 5453; x_wconf 86' lang='lat' dir='ltr'><strong>a</strong></span> <span class='ocrx_word' id='word_1_700' title='bbox 1195 5392 1343 5468; x_wconf 86' lang='lat' dir='ltr'><strong>patre</strong></span> <span class='ocrx_word' id='word_1_701' title='bbox 1371 5415 1468 5453; x_wconf 91' lang='lat' dir='ltr'><strong>suo</strong></span> <span class='ocrx_word' id='word_1_702' title='bbox 1497 5399 1747 5453; x_wconf 85' lang='lat' dir='ltr'><strong>Dioscoro</strong></span> <span class='ocrx_word' id='word_1_703' title='bbox 1776 5399 1865 5455; x_wconf 78' lang='lat' dir='ltr'><strong>diu</strong></span> 
     </span>
    </p>
   </div>
   <div class='ocr_carea' id='block_1_98' title="bbox 297 5463 1867 5539">
    <p class='ocr_par' dir='ltr' id='par_1_98' title="bbox 297 5463 1867 5539">
     <span class='ocr_line' id='line_1_101' title="bbox 297 5463 1867 5539; baseline 0.004 -22"><span class='ocrx_word' id='word_1_704' title='bbox 297 5463 500 5539; x_wconf 75' lang='lat' dir='ltr'><strong>afﬂicta</strong></span> <span class='ocrx_word' id='word_1_705' title='bbox 528 5467 628 5519; x_wconf 88' lang='lat' dir='ltr'><strong>sub</strong></span> <span class='ocrx_word' id='word_1_706' title='bbox 656 5470 770 5521; x_wconf 83' lang='lat' dir='ltr'><strong>dira</strong></span> <span class='ocrx_word' id='word_1_707' title='bbox 812 5463 1071 5530; x_wconf 81' lang='lat' dir='ltr'><strong>custodia,</strong></span> <span class='ocrx_word' id='word_1_708' title='bbox 1104 5463 1228 5525; x_wconf 81' lang='lat' dir='ltr'><strong>dein</strong></span> <span class='ocrx_word' id='word_1_709' title='bbox 1259 5473 1446 5525; x_wconf 85' lang='lat' dir='ltr'><strong>tradita</strong></span> <span class='ocrx_word' id='word_1_710' title='bbox 1482 5472 1696 5539; x_wconf 67' lang='lat' dir='ltr'><strong>praesidi</strong></span> <span class='ocrx_word' id='word_1_711' title='bbox 1728 5472 1867 5525; x_wconf 79' lang='lat' dir='ltr'><strong>Illar-</strong></span> 
     </span>
    </p>
   </div>
   <div class='ocr_carea' id='block_1_99' title="bbox 297 5536 1865 5606">
    <p class='ocr_par' dir='ltr' id='par_1_99' title="bbox 297 5536 1865 5606">
     <span class='ocr_line' id='line_1_102' title="bbox 297 5536 1865 5606; baseline 0.004 -16"><span class='ocrx_word' id='word_1_712' title='bbox 297 5536 464 5599; x_wconf 88' lang='lat' dir='ltr'><strong>tiano,</strong></span> <span class='ocrx_word' id='word_1_713' title='bbox 500 5540 812 5606; x_wconf 76' lang='lat' dir='ltr'><strong>exspoliata,</strong></span> <span class='ocrx_word' id='word_1_714' title='bbox 847 5542 1020 5596; x_wconf 86' lang='lat' dir='ltr'><strong>nervis</strong></span> <span class='ocrx_word' id='word_1_715' title='bbox 1061 5552 1114 5597; x_wconf 90' lang='lat' dir='ltr'><strong>et</strong></span> <span class='ocrx_word' id='word_1_716' title='bbox 1145 5546 1339 5597; x_wconf 81' lang='lat' dir='ltr'><strong>laureis</strong></span> <span class='ocrx_word' id='word_1_717' title='bbox 1381 5536 1533 5597; x_wconf 82' lang='lat' dir='ltr'><strong>valde</strong></span> <span class='ocrx_word' id='word_1_718' title='bbox 1562 5556 1721 5605; x_wconf 66' lang='lat' dir='ltr'><strong>caesa,</strong></span> <span class='ocrx_word' id='word_1_719' title='bbox 1754 5546 1865 5596; x_wconf 88' lang='lat' dir='ltr'><strong>dis-</strong></span> 
     </span>
    </p>
   </div>
   <div class='ocr_carea' id='block_1_100' title="bbox 300 5612 1862 5686">
    <p class='ocr_par' dir='ltr' id='par_1_100' title="bbox 300 5612 1862 5686">
     <span class='ocr_line' id='line_1_103' title="bbox 300 5612 1862 5686; baseline 0.005 -26"><span class='ocrx_word' id='word_1_720' title='bbox 300 5618 487 5686; x_wconf 71' lang='lat' dir='ltr'><strong>cerpta</strong></span> <span class='ocrx_word' id='word_1_721' title='bbox 511 5616 614 5674; x_wconf 86' lang='lat' dir='ltr'><strong>est,</strong></span> <span class='ocrx_word' id='word_1_722' title='bbox 671 5620 725 5663; x_wconf 89' lang='lat' dir='ltr'><strong>et</strong></span> <span class='ocrx_word' id='word_1_723' title='bbox 753 5612 924 5667; x_wconf 81' lang='lat' dir='ltr'><strong>cilicio</strong></span> <span class='ocrx_word' id='word_1_724' title='bbox 958 5614 1120 5686; x_wconf 65' lang='lat' dir='ltr'><strong>plaga:</strong></span> <span class='ocrx_word' id='word_1_725' title='bbox 1152 5615 1263 5683; x_wconf 89' lang='lat' dir='ltr'><strong>ejus</strong></span> <span class='ocrx_word' id='word_1_726' title='bbox 1296 5614 1585 5686; x_wconf 74' lang='lat' dir='ltr'><strong>defricatae.</strong></span> <span class='ocrx_word' id='word_1_727' title='bbox 1621 5614 1743 5667; x_wconf 84' lang='lat' dir='ltr'><strong>Inde</strong></span> <span class='ocrx_word' id='word_1_728' title='bbox 1775 5628 1862 5668; x_wconf 91' lang='lat' dir='ltr'><strong>re-</strong></span> 
     </span>
    </p>
   </div>
   <div class='ocr_carea' id='block_1_101' title="bbox 299 5678 1865 5755">
    <p class='ocr_par' dir='ltr' id='par_1_101' title="bbox 299 5678 1865 5755">
     <span class='ocr_line' id='line_1_104' title="bbox 299 5678 1865 5755; baseline 0.006 -24"><span class='ocrx_word' id='word_1_729' title='bbox 299 5679 444 5755; x_wconf 77' lang='lat' dir='ltr'><strong>clusa</strong></span> <span class='ocrx_word' id='word_1_730' title='bbox 474 5678 526 5732; x_wconf 90' lang='lat' dir='ltr'><strong>in</strong></span> <span class='ocrx_word' id='word_1_731' title='bbox 553 5694 797 5755; x_wconf 74' lang='lat' dir='ltr'><strong>carcere;</strong></span> <span class='ocrx_word' id='word_1_732' title='bbox 829 5678 1118 5740; x_wconf 47' lang='lat' dir='ltr'><strong>mox&#39;cir&#39;ca</strong></span> <span class='ocrx_word' id='word_1_733' title='bbox 1149 5678 1310 5742; x_wconf 77' lang='lat' dir='ltr'><strong>latera</strong></span> <span class='ocrx_word' id='word_1_734' title='bbox 1340 5685 1456 5755; x_wconf 84' lang='lat' dir='ltr'><strong>ejus</strong></span> <span class='ocrx_word' id='word_1_735' title='bbox 1482 5685 1752 5754; x_wconf 78' lang='lat' dir='ltr'><strong>lampades</strong></span> <span class='ocrx_word' id='word_1_736' title='bbox 1780 5700 1865 5741; x_wconf 83' lang='lat' dir='ltr'><strong>ar-</strong></span> 
     </span>
    </p>
   </div>
   <div class='ocr_carea' id='block_1_102' title="bbox 300 5749 1865 5827">
    <p class='ocr_par' dir='ltr' id='par_1_102' title="bbox 300 5749 1865 5827">
     <span class='ocr_line' id='line_1_105' title="bbox 300 5749 1865 5827; baseline 0.006 -23"><span class='ocrx_word' id='word_1_737' title='bbox 300 5749 487 5807; x_wconf 87' lang='lat' dir='ltr'><strong>dentes</strong></span> <span class='ocrx_word' id='word_1_738' title='bbox 512 5752 809 5822; x_wconf 66' lang='lat' dir='ltr'><strong>applicnae,</strong></span> <span class='ocrx_word' id='word_1_739' title='bbox 838 5765 891 5810; x_wconf 89' lang='lat' dir='ltr'><strong>et</strong></span> <span class='ocrx_word' id='word_1_740' title='bbox 920 5760 1079 5826; x_wconf 87' lang='lat' dir='ltr'><strong>caput</strong></span> <span class='ocrx_word' id='word_1_741' title='bbox 1106 5758 1221 5827; x_wconf 89' lang='lat' dir='ltr'><strong>ejus</strong></span> <span class='ocrx_word' id='word_1_742' title='bbox 1249 5749 1453 5813; x_wconf 75' lang='lat' dir='ltr'><strong>malleis</strong></span> <span class='ocrx_word' id='word_1_743' title='bbox 1479 5749 1781 5823; x_wconf 77' lang='lat' dir='ltr'><strong>contusum,</strong></span> <span class='ocrx_word' id='word_1_744' title='bbox 1811 5764 1865 5814; x_wconf 84' lang='lat' dir='ltr'><strong>et</strong></span> 
     </span>
    </p>
   </div>
   <div class='ocr_carea' id='block_1_103' title="bbox 1970 4050 3558 4125">
    <p class='ocr_par' dir='ltr' id='par_1_103' title="bbox 1970 4050 3558 4125">
     <span class='ocr_line' id='line_1_106' title="bbox 1970 4050 3558 4125; baseline 0.004 -19"><span class='ocrx_word' id='word_1_745' title='bbox 1970 4050 2223 4125; x_wconf 70' lang='lat' dir='ltr'><strong>mamillae</strong></span> <span class='ocrx_word' id='word_1_746' title='bbox 2269 4050 2391 4125; x_wconf 86' lang='lat' dir='ltr'><strong>ejus</strong></span> <span class='ocrx_word' id='word_1_747' title='bbox 2428 4050 2696 4125; x_wconf 72' lang='lat' dir='ltr'><strong>praecisae.</strong></span> <span class='ocrx_word' id='word_1_748' title='bbox 2753 4050 3147 4125; x_wconf 80' lang='lat' dir='ltr'><strong>Deinde__nnda</strong></span> <span class='ocrx_word' id='word_1_749' title='bbox 3200 4054 3558 4125; x_wconf 12' lang='lat' dir='ltr'><strong>periplateas</strong></span> 
     </span>
    </p>
   </div>
   <div class='ocr_carea' id='block_1_104' title="bbox 1969 4121 3557 4192">
    <p class='ocr_par' dir='ltr' id='par_1_104' title="bbox 1969 4121 3557 4192">
     <span class='ocr_line' id='line_1_107' title="bbox 1969 4121 3557 4192; baseline 0.004 -15"><span class='ocrx_word' id='word_1_750' title='bbox 1969 4123 2152 4189; x_wconf 83' lang='lat' dir='ltr'><strong>ducta,</strong></span> <span class='ocrx_word' id='word_1_751' title='bbox 2189 4132 2243 4177; x_wconf 89' lang='lat' dir='ltr'><strong>et</strong></span> <span class='ocrx_word' id='word_1_752' title='bbox 2285 4121 2511 4192; x_wconf 85' lang='lat' dir='ltr'><strong>ﬂagellis</strong></span> <span class='ocrx_word' id='word_1_753' title='bbox 2555 4122 2856 4178; x_wconf 83' lang='lat' dir='ltr'><strong>diutissime</strong></span> <span class='ocrx_word' id='word_1_754' title='bbox 2898 4122 3092 4177; x_wconf 87' lang='lat' dir='ltr'><strong>afﬂicta</strong></span> <span class='ocrx_word' id='word_1_755' title='bbox 3122 4121 3236 4189; x_wconf 71' lang='lat' dir='ltr'><strong>est;</strong></span> <span class='ocrx_word' id='word_1_756' title='bbox 3267 4121 3557 4184; x_wconf 59' lang='lat' dir='ltr'><strong>ad&#39;eatre-</strong></span> 
     </span>
    </p>
   </div>
   <div class='ocr_carea' id='block_1_105' title="bbox 1970 4193 3262 4263">
    <p class='ocr_par' dir='ltr' id='par_1_105' title="bbox 1970 4193 3262 4263">
     <span class='ocr_line' id='line_1_108' title="bbox 1970 4193 3262 4263; baseline 0 -13"><span class='ocrx_word' id='word_1_757' title='bbox 1970 4210 2116 4250; x_wconf 91' lang='lat' dir='ltr'><strong>mum</strong></span> <span class='ocrx_word' id='word_1_758' title='bbox 2146 4193 2319 4263; x_wconf 90' lang='lat' dir='ltr'><strong>gladio</strong></span> <span class='ocrx_word' id='word_1_759' title='bbox 2351 4193 2664 4263; x_wconf 82' lang='lat' dir='ltr'><strong>martyrium</strong></span> <span class='ocrx_word' id='word_1_760' title='bbox 2691 4194 3102 4249; x_wconf 82' lang='lat' dir='ltr'><strong>consummavit.</strong></span> <span class='ocrx_word' id='word_1_761' title='bbox 3126 4194 3262 4250; x_wconf 82' lang='lat' dir='ltr'><strong>Anc.</strong></span> 
     </span>
    </p>
   </div>
   <div class='ocr_carea' id='block_1_106' title="bbox 2045 4262 3555 4333">
    <p class='ocr_par' dir='ltr' id='par_1_106' title="bbox 2045 4262 3555 4333">
     <span class='ocr_line' id='line_1_109' title="bbox 2045 4262 3555 4333; baseline 0.011 -23"><span class='ocrx_word' id='word_1_762' title='bbox 2045 4272 2069 4310; x_wconf 76' lang='grc' dir='ltr'>ε</span> <span class='ocrx_word' id='word_1_763' title='bbox 2104 4262 2373 4318; x_wconf 74' lang='lat' dir='ltr'><strong>Eoerardi.</strong></span> <span class='ocrx_word' id='word_1_764' title='bbox 2405 4262 2505 4319; x_wconf 82' lang='lat' dir='ltr'><strong>Hic</strong></span> <span class='ocrx_word' id='word_1_765' title='bbox 2526 4262 2755 4333; x_wconf 86' lang='lat' dir='ltr'><strong>quiescit</strong></span> <span class='ocrx_word' id='word_1_766' title='bbox 2785 4264 2838 4318; x_wconf 92' lang='lat' dir='ltr'><strong>in</strong></span> <span class='ocrx_word' id='word_1_767' title='bbox 2866 4263 3085 4319; x_wconf 89' lang='lat' dir='ltr'><strong>Cisonio</strong></span> <span class='ocrx_word' id='word_1_768' title='bbox 3116 4268 3173 4322; x_wconf 88' lang='lat' dir='ltr'><strong>S.</strong></span> <span class='ocrx_word' id='word_1_769' title='bbox 3203 4265 3411 4323; x_wconf 88' lang='lat' dir='ltr'><strong>Callisti</strong></span> <span class='ocrx_word' id='word_1_770' title='bbox 3439 4283 3555 4325; x_wconf 89' lang='lat' dir='ltr'><strong>mo-</strong></span> 
     </span>
    </p>
   </div>
   <div class='ocr_carea' id='block_1_107' title="bbox 1968 4334 3553 4410">
    <p class='ocr_par' dir='ltr' id='par_1_107' title="bbox 1968 4334 3553 4410">
     <span class='ocr_line' id='line_1_110' title="bbox 1968 4334 3553 4410; baseline 0.006 -22"><span class='ocrx_word' id='word_1_771' title='bbox 1968 4337 2230 4410; x_wconf 76' lang='lat' dir='ltr'><strong>nasterio,</strong></span> <span class='ocrx_word' id='word_1_772' title='bbox 2263 4336 2403 4410; x_wconf 76' lang='lat' dir='ltr'><strong>quod</strong></span> <span class='ocrx_word' id='word_1_773' title='bbox 2430 4344 2515 4410; x_wconf 64' lang='lat' dir='ltr'><strong>est</strong></span> <span class='ocrx_word' id='word_1_774' title='bbox 2544 4334 2921 4410; x_wconf 47' lang='lat' dir='ltr'><strong>canonicogum</strong></span> <span class='ocrx_word' id='word_1_775' title='bbox 2950 4335 3238 4410; x_wconf 79' lang='lat' dir='ltr'><strong>ordinis_S.</strong></span> <span class='ocrx_word' id='word_1_776' title='bbox 3269 4338 3553 4410; x_wconf 79' lang='lat' dir='ltr'><strong>Augustini</strong></span> 
     </span>
    </p>
   </div>
   <div class='ocr_carea' id='block_1_108' title="bbox 1971 4404 3545 4479">
    <p class='ocr_par' dir='ltr' id='par_1_108' title="bbox 1971 4404 3545 4479">
     <span class='ocr_line' id='line_1_111' title="bbox 1971 4404 3545 4479; baseline 0.003 -17"><span class='ocrx_word' id='word_1_777' title='bbox 1971 4408 2111 4462; x_wconf 91' lang='lat' dir='ltr'><strong>inter</strong></span> <span class='ocrx_word' id='word_1_778' title='bbox 2128 4406 2341 4479; x_wconf 87' lang='lat' dir='ltr'><strong>Insulas</strong></span> <span class='ocrx_word' id='word_1_779' title='bbox 2369 4415 2423 4479; x_wconf 83' lang='lat' dir='ltr'><strong>et</strong></span> <span class='ocrx_word' id='word_1_780' title='bbox 2451 4405 2771 4479; x_wconf 73' lang='lat' dir='ltr'><strong>Tornacum.</strong></span> <span class='ocrx_word' id='word_1_781' title='bbox 2804 4404 2926 4460; x_wconf 85' lang='lat' dir='ltr'><strong>Fuit</strong></span> <span class='ocrx_word' id='word_1_782' title='bbox 2958 4405 3083 4479; x_wconf 66' lang='grc' dir='ltr'><strong>⁸ςίιιι</strong></span> <span class='ocrx_word' id='word_1_783' title='bbox 3126 4404 3545 4479; x_wconf 53' lang='grc' dir='ltr'><strong>Εοτοὶιιιῖεηείε,</strong></span> 
     </span>
    </p>
   </div>
   <div class='ocr_carea' id='block_1_109' title="bbox 1890 4471 3549 4547">
    <p class='ocr_par' dir='ltr' id='par_1_109' title="bbox 1890 4471 3549 4547">
     <span class='ocr_line' id='line_1_112' title="bbox 1890 4471 3549 4547; baseline 0.001 -12"><span class='ocrx_word' id='word_1_784' title='bbox 1890 4471 1946 4535; x_wconf 90' lang='lat' dir='ltr'><strong>D</strong></span> <span class='ocrx_word' id='word_1_785' title='bbox 1970 4479 2064 4534; x_wconf 89' lang='lat' dir='ltr'><strong>sed</strong></span> <span class='ocrx_word' id='word_1_786' title='bbox 2092 4478 2211 4532; x_wconf 78' lang='lat' dir='ltr'><strong>vita:</strong></span> <span class='ocrx_word' id='word_1_787' title='bbox 2235 4476 2518 4532; x_wconf 89' lang='lat' dir='ltr'><strong>sanctitate</strong></span> <span class='ocrx_word' id='word_1_788' title='bbox 2546 4476 2907 4547; x_wconf 80' lang='lat' dir='ltr'><strong>insignis,qui</strong></span> <span class='ocrx_word' id='word_1_789' title='bbox 2940 4475 3084 4532; x_wconf 91' lang='lat' dir='ltr'><strong>dicto</strong></span> <span class='ocrx_word' id='word_1_790' title='bbox 3113 4471 3413 4535; x_wconf 82' lang='lat' dir='ltr'><strong>Cisouiensi</strong></span> <span class='ocrx_word' id='word_1_791' title='bbox 3442 4471 3549 4537; x_wconf 58' lang='lat' dir='ltr'><strong>cm:</strong></span> 
     </span>
    </p>
   </div>
   <div class='ocr_carea' id='block_1_110' title="bbox 1970 4546 3546 4614">
    <p class='ocr_par' dir='ltr' id='par_1_110' title="bbox 1970 4546 3546 4614">
     <span class='ocr_line' id='line_1_113' title="bbox 1970 4546 3546 4614; baseline 0.003 -11"><span class='ocrx_word' id='word_1_792' title='bbox 1970 4550 2130 4603; x_wconf 90' lang='lat' dir='ltr'><strong>nobio</strong></span> <span class='ocrx_word' id='word_1_793' title='bbox 2160 4548 2366 4603; x_wconf 88' lang='lat' dir='ltr'><strong>initium</strong></span> <span class='ocrx_word' id='word_1_794' title='bbox 2396 4548 2559 4602; x_wconf 89' lang='lat' dir='ltr'><strong>dedit.</strong></span> <span class='ocrx_word' id='word_1_795' title='bbox 2588 4546 2742 4614; x_wconf 83' lang='lat' dir='ltr'><strong>Quod</strong></span> <span class='ocrx_word' id='word_1_796' title='bbox 2776 4546 3001 4603; x_wconf 82' lang='lat' dir='ltr'><strong>Meierus</strong></span> <span class='ocrx_word' id='word_1_797' title='bbox 3045 4557 3196 4604; x_wconf 88' lang='lat' dir='ltr'><strong>notat</strong></span> <span class='ocrx_word' id='word_1_798' title='bbox 3237 4564 3381 4605; x_wconf 87' lang='lat' dir='ltr'><strong>anno</strong></span> <span class='ocrx_word' id='word_1_799' title='bbox 3421 4551 3546 4608; x_wconf 79' lang='lat'><strong>858.</strong></span> 
     </span>
    </p>
   </div>
   <div class='ocr_carea' id='block_1_111' title="bbox 1969 4617 3547 4689">
    <p class='ocr_par' dir='ltr' id='par_1_111' title="bbox 1969 4617 3547 4689">
     <span class='ocr_line' id='line_1_114' title="bbox 1969 4617 3547 4689; baseline 0.002 -14"><span class='ocrx_word' id='word_1_800' title='bbox 1969 4619 2185 4676; x_wconf 87' lang='lat' dir='ltr'><strong>Festum</strong></span> <span class='ocrx_word' id='word_1_801' title='bbox 2214 4618 2564 4689; x_wconf 89' lang='lat' dir='ltr'><strong>depositionis</strong></span> <span class='ocrx_word' id='word_1_802' title='bbox 2592 4627 2677 4689; x_wconf 84' lang='lat' dir='ltr'><strong>est</strong></span> <span class='ocrx_word' id='word_1_803' title='bbox 2709 4617 2773 4672; x_wconf 88' lang='grc'><strong>16</strong></span> <span class='ocrx_word' id='word_1_804' title='bbox 2813 4618 3161 4689; x_wconf 79' lang='lat' dir='ltr'><strong>Decembris;</strong></span> <span class='ocrx_word' id='word_1_805' title='bbox 3183 4621 3547 4678; x_wconf 87' lang='lat' dir='ltr'><strong>translationis</strong></span> 
     </span>
    </p>
   </div>
   <div class='ocr_carea' id='block_1_112' title="bbox 1966 4688 3548 4813">
    <p class='ocr_par' dir='ltr' id='par_1_112' title="bbox 1966 4688 3548 4813">
     <span class='ocr_line' id='line_1_115' title="bbox 1966 4688 3548 4759; baseline 0.003 -13"><span class='ocrx_word' id='word_1_806' title='bbox 1966 4691 2054 4746; x_wconf 90' lang='lat' dir='ltr'><strong>die</strong></span> <span class='ocrx_word' id='word_1_807' title='bbox 2102 4691 2169 4745; x_wconf 87' lang='grc'><strong>10</strong></span> <span class='ocrx_word' id='word_1_808' title='bbox 2217 4688 2457 4759; x_wconf 82' lang='lat' dir='ltr'><strong>ejusdem</strong></span> <span class='ocrx_word' id='word_1_809' title='bbox 2503 4688 2722 4746; x_wconf 88' lang='lat' dir='ltr'><strong>mensis.</strong></span> <span class='ocrx_word' id='word_1_810' title='bbox 2752 4689 3029 4755; x_wconf 75' lang='lat' dir='ltr'><strong>MOLANDB,</strong></span> <span class='ocrx_word' id='word_1_811' title='bbox 3065 4690 3116 4745; x_wconf 92' lang='lat' dir='ltr'><strong>in</strong></span> <span class='ocrx_word' id='word_1_812' title='bbox 3146 4688 3388 4747; x_wconf 74' lang='lat' dir='ltr'><strong>lodicula</strong></span> <span class='ocrx_word' id='word_1_813' title='bbox 3424 4708 3548 4750; x_wconf 84' lang='lat' dir='ltr'><strong>san-</strong></span> 
     </span>
     <span class='ocr_line' id='line_1_116' title="bbox 1968 4759 2402 4813; baseline 0 0"><span class='ocrx_word' id='word_1_814' title='bbox 1968 4772 2175 4813; x_wconf 88' lang='lat' dir='ltr'><strong>ctorum</strong></span> <span class='ocrx_word' id='word_1_815' title='bbox 2212 4759 2402 4813; x_wconf 76' lang='lat' dir='ltr'><strong>Beluii.</strong></span> 
     </span>
    </p>
   </div>
   <div class='ocr_carea' id='block_1_113' title="bbox 1968 4772 2402 4817">
    <p class='ocr_par' dir='ltr' id='par_1_113' title="bbox 1968 4772 2402 4817">
     <span class='ocr_line' id='line_1_117' title="bbox 1968 4772 2402 4817; baseline -0.009 0"><span class='ocrx_word' id='word_1_816' title='bbox 1968 4772 2175 4817; x_wconf 87' lang='lat' dir='ltr'><strong>ctorum</strong></span> <span class='ocrx_word' id='word_1_817' title='bbox 2214 4772 2402 4817; x_wconf 66' lang='lat' dir='ltr'><strong>Belli].</strong></span> 
     </span>
    </p>
   </div>
   <div class='ocr_carea' id='block_1_114' title="bbox 2039 4775 3546 4902">
    <p class='ocr_par' dir='ltr' id='par_1_114' title="bbox 2039 4775 3546 4902">
     <span class='ocr_line' id='line_1_118' title="bbox 2039 4775 2402 4830; baseline -0.003 -16"><span class='ocrx_word' id='word_1_818' title='bbox 2039 4776 2175 4816; x_wconf 73' lang='lat' dir='ltr'><strong>trum</strong></span> <span class='ocrx_word' id='word_1_819' title='bbox 2214 4775 2402 4830; x_wconf 79' lang='lat' dir='ltr'><strong>neign.</strong></span> 
     </span>
     <span class='ocr_line' id='line_1_119' title="bbox 2039 4828 3546 4902; baseline 0.004 -15"><span class='ocrx_word' id='word_1_820' title='bbox 2039 4831 2065 4870; x_wconf 76' lang='grc' dir='ltr'>ιι</span> <span class='ocrx_word' id='word_1_821' title='bbox 2108 4830 2327 4887; x_wconf 78' lang='lat' dir='ltr'><strong>Genesii.</strong></span> <span class='ocrx_word' id='word_1_822' title='bbox 2372 4828 2541 4902; x_wconf 81' lang='lat' dir='ltr'><strong>Hujus</strong></span> <span class='ocrx_word' id='word_1_823' title='bbox 2587 4830 2781 4888; x_wconf 89' lang='lat' dir='ltr'><strong>natalis</strong></span> <span class='ocrx_word' id='word_1_824' title='bbox 2828 4829 3133 4886; x_wconf 88' lang='lat' dir='ltr'><strong>celebratur</strong></span> <span class='ocrx_word' id='word_1_825' title='bbox 3179 4830 3270 4889; x_wconf 87' lang='lat' dir='ltr'><strong>die</strong></span> <span class='ocrx_word' id='word_1_826' title='bbox 3314 4831 3387 4891; x_wconf 71' lang='lat'><strong>25</strong></span> <span class='ocrx_word' id='word_1_827' title='bbox 3431 4834 3546 4892; x_wconf 81' lang='lat' dir='ltr'><strong>Ast-</strong></span> 
     </span>
    </p>
   </div>
   <div class='ocr_carea' id='block_1_115' title="bbox 1965 4913 3193 5053">
    <p class='ocr_par' dir='ltr' id='par_1_115' title="bbox 1965 4913 3193 5053">
     <span class='ocr_line' id='line_1_120' title="bbox 1965 4913 3193 5053; baseline 0 -24"><span class='ocrx_word' id='word_1_828' title='bbox 1965 4913 2427 5053; x_wconf 35' lang='lat' dir='ltr'><strong>guiuidunchdiejn</strong></span> <span class='ocrx_word' id='word_1_829' title='bbox 2456 4986 2597 5053; x_wconf 62' lang='lat' dir='ltr'><strong>cum</strong></span> <span class='ocrx_word' id='word_1_830' title='bbox 2608 4970 2853 5053; x_wconf 75' lang='lat' dir='ltr'><strong>sequenti</strong></span> <span class='ocrx_word' id='word_1_831' title='bbox 2878 4970 3193 5053; x_wconf 48' lang='lat' dir='ltr'><strong>invertitff&#39;.</strong></span> 
     </span>
    </p>
   </div>
   <div class='ocr_carea' id='block_1_116' title="bbox 2040 5042 3550 5117">
    <p class='ocr_par' dir='ltr' id='par_1_116' title="bbox 2040 5042 3550 5117">
     <span class='ocr_line' id='line_1_121' title="bbox 2040 5042 3550 5117; baseline 0.005 -21"><span class='ocrx_word' id='word_1_832' title='bbox 2040 5049 2055 5096; x_wconf 78' lang='grc' dir='ltr'><strong><em>ι</em></strong></span> <span class='ocrx_word' id='word_1_833' title='bbox 2097 5045 2521 5117; x_wconf 74' lang='lat' dir='ltr'><strong>lgna!ii.Sacra</strong></span> <span class='ocrx_word' id='word_1_834' title='bbox 2562 5044 2620 5100; x_wconf 89' lang='lat' dir='ltr'><strong>S.</strong></span> <span class='ocrx_word' id='word_1_835' title='bbox 2662 5042 2851 5115; x_wconf 88' lang='lat' dir='ltr'><strong>lgnatii</strong></span> <span class='ocrx_word' id='word_1_836' title='bbox 2881 5056 3000 5117; x_wconf 79' lang='lat' dir='ltr'><strong>ossa</strong></span> <span class='ocrx_word' id='word_1_837' title='bbox 3044 5044 3199 5117; x_wconf 85' lang='lat' dir='ltr'><strong>initio</strong></span> <span class='ocrx_word' id='word_1_838' title='bbox 3237 5045 3422 5103; x_wconf 71' lang='lat' dir='ltr'><strong>Roma</strong></span> <span class='ocrx_word' id='word_1_839' title='bbox 3465 5046 3550 5103; x_wconf 69' lang='lat' dir='ltr'><strong>in—</strong></span> 
     </span>
    </p>
   </div>
   <div class='ocr_carea' id='block_1_117' title="bbox 1964 5115 3548 5187">
    <p class='ocr_par' dir='ltr' id='par_1_117' title="bbox 1964 5115 3548 5187">
     <span class='ocr_line' id='line_1_122' title="bbox 1964 5115 3548 5187; baseline 0.001 -14"><span class='ocrx_word' id='word_1_840' title='bbox 1964 5118 2099 5187; x_wconf 84' lang='lat' dir='ltr'><strong>signi</strong></span> <span class='ocrx_word' id='word_1_841' title='bbox 2135 5115 2268 5171; x_wconf 76' lang='lat' dir='ltr'><strong>loco</strong></span> <span class='ocrx_word' id='word_1_842' title='bbox 2315 5116 2600 5187; x_wconf 66' lang='lat' dir='ltr'><strong>deposita,</strong></span> <span class='ocrx_word' id='word_1_843' title='bbox 2631 5124 2829 5187; x_wconf 13' lang='lat' dir='ltr'><strong>postea,</strong></span> <span class='ocrx_word' id='word_1_844' title='bbox 2869 5115 3211 5187; x_wconf 74' lang='lat' dir='ltr'><strong>Antiochiam</strong></span> <span class='ocrx_word' id='word_1_845' title='bbox 3268 5126 3548 5187; x_wconf 65' lang='lat' dir='ltr'><strong>reportata</strong></span> 
     </span>
    </p>
   </div>
   <div class='ocr_carea' id='block_1_118' title="bbox 1966 5185 3582 5254">
    <p class='ocr_par' dir='ltr' id='par_1_118' title="bbox 1966 5185 3582 5254">
     <span class='ocr_line' id='line_1_123' title="bbox 1966 5185 3582 5254; baseline -0.001 -8"><span class='ocrx_word' id='word_1_846' title='bbox 1966 5185 2112 5246; x_wconf 71' lang='lat' dir='ltr'><strong>sunt.</strong></span> <span class='ocrx_word' id='word_1_847' title='bbox 2141 5188 2546 5244; x_wconf 88' lang='lat' dir='ltr'><strong>Solemnitatem</strong></span> <span class='ocrx_word' id='word_1_848' title='bbox 2589 5185 2725 5240; x_wconf 85' lang='lat' dir='ltr'><strong>hanc</strong></span> <span class='ocrx_word' id='word_1_849' title='bbox 2753 5186 3029 5242; x_wconf 86' lang='lat' dir='ltr'><strong>celebrant</strong></span> <span class='ocrx_word' id='word_1_850' title='bbox 3048 5185 3229 5243; x_wconf 73' lang='lat' dir='ltr'><strong>Grmci</strong></span> <span class='ocrx_word' id='word_1_851' title='bbox 3254 5185 3582 5254; x_wconf 58' lang='lat' dir='ltr'><strong>297Janua-,</strong></span> 
     </span>
    </p>
   </div>
   <div class='ocr_carea' id='block_1_119' title="bbox 1967 5256 3599 5346">
    <p class='ocr_par' dir='ltr' id='par_1_119' title="bbox 1967 5256 3599 5346">
     <span class='ocr_line' id='line_1_124' title="bbox 1967 5256 3599 5346; baseline -0.001 -31"><span class='ocrx_word' id='word_1_852' title='bbox 1967 5262 2059 5346; x_wconf 66' lang='lat' dir='ltr'><strong>rii,</strong></span> <span class='ocrx_word' id='word_1_853' title='bbox 2081 5260 2254 5346; x_wconf 61' lang='lat' dir='ltr'><strong>batini</strong></span> <span class='ocrx_word' id='word_1_854' title='bbox 2285 5258 2509 5346; x_wconf 46' lang='lat' dir='ltr'><strong>vero}?</strong></span> <span class='ocrx_word' id='word_1_855' title='bbox 2553 5256 2881 5346; x_wconf 68' lang='lat' dir='ltr'><strong>Decembris.</strong></span> <span class='ocrx_word' id='word_1_856' title='bbox 2914 5258 3221 5346; x_wconf 42' lang='lat' dir='ltr'><strong>lixLLatirt-is</strong></span> <span class='ocrx_word' id='word_1_857' title='bbox 3252 5260 3401 5346; x_wconf 56' lang='lat' dir='ltr'><strong>s&#39;olus</strong></span> <span class='ocrx_word' id='word_1_858' title='bbox 3434 5260 3547 5341; x_wconf 66' lang='grc' dir='ltr'><strong>(ξι-</strong></span> <span class='ocrx_word' id='word_1_859' title='bbox 3582 5310 3599 5346; x_wconf 39' lang='grc' dir='ltr'><strong>φ</strong></span> 
     </span>
    </p>
   </div>
   <div class='ocr_carea' id='block_1_120' title="bbox 1968 5327 3543 5403">
    <p class='ocr_par' dir='ltr' id='par_1_120' title="bbox 1968 5327 3543 5403">
     <span class='ocr_line' id='line_1_125' title="bbox 1968 5327 3543 5403; baseline -0.001 -17"><span class='ocrx_word' id='word_1_860' title='bbox 1968 5331 2188 5387; x_wconf 85' lang='lat' dir='ltr'><strong>lesinius</strong></span> <span class='ocrx_word' id='word_1_861' title='bbox 2239 5327 3111 5403; x_wconf 64' lang='lat' dir='ltr'><strong>hanctranslationem_celebrat</strong></span> <span class='ocrx_word' id='word_1_862' title='bbox 3160 5330 3215 5385; x_wconf 91' lang='lat' dir='ltr'><strong>in</strong></span> <span class='ocrx_word' id='word_1_863' title='bbox 3258 5330 3543 5403; x_wconf 66' lang='lat' dir='ltr'><strong>Januario,</strong></span> 
     </span>
    </p>
   </div>
   <div class='ocr_carea' id='block_1_121' title="bbox 1966 5396 3543 5466">
    <p class='ocr_par' dir='ltr' id='par_1_121' title="bbox 1966 5396 3543 5466">
     <span class='ocr_line' id='line_1_126' title="bbox 1966 5396 3543 5466; baseline 0.001 -11"><span class='ocrx_word' id='word_1_864' title='bbox 1966 5418 2072 5457; x_wconf 89' lang='lat' dir='ltr'><strong>non</strong></span> <span class='ocrx_word' id='word_1_865' title='bbox 2122 5412 2300 5456; x_wconf 89' lang='lat' dir='ltr'><strong>tamen</strong></span> <span class='ocrx_word' id='word_1_866' title='bbox 2348 5400 2435 5453; x_wconf 91' lang='lat' dir='ltr'><strong>die</strong></span> <span class='ocrx_word' id='word_1_867' title='bbox 2479 5396 2573 5463; x_wconf 74' lang='lat'><strong>29,</strong></span> <span class='ocrx_word' id='word_1_868' title='bbox 2618 5413 2767 5451; x_wconf 90' lang='lat' dir='ltr'><strong>more</strong></span> <span class='ocrx_word' id='word_1_869' title='bbox 2816 5396 3147 5466; x_wconf 72' lang='lat' dir='ltr'><strong>Graecorum,</strong></span> <span class='ocrx_word' id='word_1_870' title='bbox 3177 5402 3271 5457; x_wconf 86' lang='lat' dir='ltr'><strong>sed</strong></span> <span class='ocrx_word' id='word_1_871' title='bbox 3307 5397 3385 5457; x_wconf 79' lang='grc'><strong>’18</strong></span> <span class='ocrx_word' id='word_1_872' title='bbox 3433 5396 3543 5458; x_wconf 80' lang='lat' dir='ltr'><strong>die.</strong></span> 
     </span>
    </p>
   </div>
   <div class='ocr_carea' id='block_1_122' title="bbox 1962 5468 3543 5542">
    <p class='ocr_par' dir='ltr' id='par_1_122' title="bbox 1962 5468 3543 5542">
     <span class='ocr_line' id='line_1_127' title="bbox 1962 5468 3543 5542; baseline -0.002 -14"><span class='ocrx_word' id='word_1_873' title='bbox 1962 5472 2114 5529; x_wconf 78' lang='lat' dir='ltr'><strong>Hanc</strong></span> <span class='ocrx_word' id='word_1_874' title='bbox 2138 5472 2533 5542; x_wconf 88' lang='lat' dir='ltr'><strong>translationem</strong></span> <span class='ocrx_word' id='word_1_875' title='bbox 2557 5469 2813 5542; x_wconf 85' lang='lat' dir='ltr'><strong>describit</strong></span> <span class='ocrx_word' id='word_1_876' title='bbox 2837 5468 3249 5542; x_wconf 80' lang='lat' dir='ltr'><strong>Chrysostomus</strong></span> <span class='ocrx_word' id='word_1_877' title='bbox 3278 5474 3328 5526; x_wconf 91' lang='lat' dir='ltr'><strong>in</strong></span> <span class='ocrx_word' id='word_1_878' title='bbox 3363 5475 3543 5526; x_wconf 88' lang='lat' dir='ltr'><strong>homi-</strong></span> 
     </span>
    </p>
   </div>
   <div class='ocr_carea' id='block_1_123' title="bbox 1966 5541 3547 5622">
    <p class='ocr_par' dir='ltr' id='par_1_123' title="bbox 1966 5541 3547 5622">
     <span class='ocr_line' id='line_1_128' title="bbox 1966 5541 3547 5622; baseline 0.001 -22"><span class='ocrx_word' id='word_1_879' title='bbox 1966 5544 2057 5600; x_wconf 91' lang='lat' dir='ltr'><strong>Iia.</strong></span> <span class='ocrx_word' id='word_1_880' title='bbox 2083 5543 2388 5622; x_wconf 78' lang='lat' dir='ltr'><strong>Calesinius</strong></span> <span class='ocrx_word' id='word_1_881' title='bbox 2408 5541 2601 5622; x_wconf 81' lang='lat' dir='ltr'><strong>scribit_</strong></span> <span class='ocrx_word' id='word_1_882' title='bbox 2620 5544 2757 5597; x_wconf 86' lang='lat' dir='ltr'><strong>hanc</strong></span> <span class='ocrx_word' id='word_1_883' title='bbox 2787 5541 3184 5599; x_wconf 83' lang='lat' dir='ltr'><strong>translationem</strong></span> <span class='ocrx_word' id='word_1_884' title='bbox 3206 5545 3398 5600; x_wconf 72' lang='lat' dir='ltr'><strong>laetam</strong></span> <span class='ocrx_word' id='word_1_885' title='bbox 3420 5555 3547 5601; x_wconf 76' lang='lat' dir='ltr'><strong>esse</strong></span> 
     </span>
    </p>
   </div>
   <div class='ocr_carea' id='block_1_124' title="bbox 1958 5622 3545 5760">
    <p class='ocr_par' dir='ltr' id='par_1_124' title="bbox 1958 5622 3545 5760">
     <span class='ocr_line' id='line_1_129' title="bbox 1958 5622 2886 5687; baseline -0.006 -16"><span class='ocrx_word' id='word_1_886' title='bbox 1958 5622 2209 5687; x_wconf 75' lang='lat' dir='ltr'><strong>proximo</strong></span> <span class='ocrx_word' id='word_1_887' title='bbox 2238 5622 2356 5682; x_wconf 87' lang='lat' dir='ltr'><strong>post</strong></span> <span class='ocrx_word' id='word_1_888' title='bbox 2382 5622 2701 5683; x_wconf 81' lang='lat' dir='ltr'><strong>martyrium</strong></span> <span class='ocrx_word' id='word_1_889' title='bbox 2724 5628 2886 5667; x_wconf 87' lang='lat' dir='ltr'><strong>anno.</strong></span> 
     </span>
     <span class='ocr_line' id='line_1_130' title="bbox 1984 5682 3545 5760; baseline 0.003 -21"><span class='ocrx_word' id='word_1_890' title='bbox 1984 5758 1997 5760; x_wconf 29' lang='grc' dir='ltr'><strong><em>Α</em></strong></span> <span class='ocrx_word' id='word_1_891' title='bbox 2039 5686 2064 5724; x_wconf 78' lang='grc' dir='ltr'><strong>¹ι</strong></span> <span class='ocrx_word' id='word_1_892' title='bbox 2090 5684 2467 5760; x_wconf 72' lang='lat' dir='ltr'><strong>Daplmiticaut.</strong></span> <span class='ocrx_word' id='word_1_893' title='bbox 2486 5683 2683 5760; x_wconf 73' lang='lat' dir='ltr'><strong>‘I’ostea</strong></span> <span class='ocrx_word' id='word_1_894' title='bbox 2700 5683 2974 5760; x_wconf 60' lang='lat' dir='ltr'><strong>rrgnslatze</strong></span> <span class='ocrx_word' id='word_1_895' title='bbox 2988 5686 3235 5760; x_wconf 66' lang='grc' dir='ltr'><strong>τθιὶῳιίε</strong></span> <span class='ocrx_word' id='word_1_896' title='bbox 3254 5686 3356 5745; x_wconf 74' lang='grc' dir='ltr'><strong>σιώ</strong></span> <span class='ocrx_word' id='word_1_897' title='bbox 3371 5682 3545 5744; x_wconf 58' lang='lat' dir='ltr'><strong>Thom</strong></span> 
     </span>
    </p>
   </div>
   <div class='ocr_carea' id='block_1_125' title="bbox 1967 5754 3052 5827">
    <p class='ocr_par' dir='ltr' id='par_1_125' title="bbox 1967 5754 3052 5827">
     <span class='ocr_line' id='line_1_131' title="bbox 1967 5754 3052 5827; baseline -0.003 -11"><span class='ocrx_word' id='word_1_898' title='bbox 1967 5758 2121 5816; x_wconf 84' lang='lat' dir='ltr'><strong>dosio</strong></span> <span class='ocrx_word' id='word_1_899' title='bbox 2143 5754 2362 5815; x_wconf 73' lang='lat' dir='ltr'><strong>iuniore</strong></span> <span class='ocrx_word' id='word_1_900' title='bbox 2383 5757 2440 5815; x_wconf 92' lang='lat' dir='ltr'><strong>in</strong></span> <span class='ocrx_word' id='word_1_901' title='bbox 2458 5757 2723 5826; x_wconf 88' lang='lat' dir='ltr'><strong>templum</strong></span> <span class='ocrx_word' id='word_1_902' title='bbox 2743 5754 3052 5827; x_wconf 68' lang='lat' dir='ltr'><strong>&#39;I‘ychaeum.</strong></span> 
     </span>
    </p>
   </div>
  </div>
