4064 6346
558 208 701 283 i155"

1299 219 1500 278 ΒΕΒᾹΞ
1543 218 1989 279 VENEHABILIS
2027 219 2179 279 OPP.
2217 217 2397 279 PARS
2439 220 2529 279 IV.
2568 244 2640 265 -ι
2679 210 3065 279 HISTORICA.

3660 219 3801 295 “nso

1822 333 2049 390 EDITIO
2085 333 2555 393 COLONIENSIS.

555 427 864 485 tiochenam
913 424 1050 482 rexit
1100 422 1413 480 Ecclesiam.
1468 424 1625 496 Apud
1673 425 1857 481 urbem
1910 426 2135 483 Romam
2171 431 2217 492 Α
2239 426 2399 498 jussit
2434 427 2669 492 incendi,
2700 428 2947 497 ignorans
2970 428 3110 500 quod
3143 430 3455 489 crudelitate
3484 448 3580 490 sua
3614 437 3811 505 optimo

556 536 768 596 passus,
799 520 892 576 sed
920 518 1216 575 Antiochiae
1261 517 1597 587 postmodum
1630 519 1896 588 sepultus.
1926 519 2131 576 Eodem

556 611 645 668 die
690 611 829 667 beati
883 608 1090 676 Lazari,
1131 624 1287 679 quem
1319 609 1572 665 Dominus
1603 610 1882 665 suscitavit
1927 624 1956 664 a
1984 625 2134 665 mor-

556 704 680 771 tuis,
711 713 765 758 et
810 703 980 759 beata:
1028 701 1246 757 Martha:
1276 702 1478 758 sororis
1520 703 1660 774 ejus,
1693 717 1928 770 quorum
1959 686 2157 759 vene-i

553 796 777 852 rabilem
825 795 1137 850 memoriam
1179 802 1453 849 exstructa
1492 795 1719 850 ecclesia
1767 810 1873 851 non
1921 795 2076 864 longe
2102 810 2133 851 a

552 888 828 954 Bethania,
870 887 1013 942 ubie
1064 888 1238 943 vicino
1281 888 1471 943 domus
1510 902 1699 943 eorum
1740 888 1864 957 fuit,
1910 904 2133 945 conser-

549 991 663 1037 vat:
690 982 746 1037 In
776 983 992 1038 Oriente
1025 982 1163 1052 apud
1206 982 1661 1052 Eleutheropolim
1699 982 1975 1039 civitatem
2010 998 2131 1054 pas-

549 1076 632 1132 sio
661 1083 964 1131 sanctorum
998 1085 1294 1150 martyrum
1324 1073 1726 1146 quinquaginta,
1777 1076 1867 1146 qui
1900 1074 2000 1131 sub
2026 1075 2129 1134 Sa-

549 1170 761 1227 racenis
790 1170 928 1239 passi
959 1177 1104 1224 sunt.
1148 1160 1155 1167 ’

620 1264 680 1319 Β.
737 1263 830 1317 XV
884 1263 1123 1319 Kaeenn.
1173 1262 1294 1318 Jan.
1346 1262 1439 1301 '—
1500 1259 1781 1316 Beatorum
1831 1269 2127 1332 martyrum

548 1356 669 1412 Ruﬁ
720 1365 773 1410 et
800 1354 1017 1421 Zozinti,
1061 1354 1149 1424 qui
1170 1354 1238 1408 de
1268 1352 1380 1424 illis,
1417 1350 1603 1423 primis
1650 1351 1927 1419 discipulis
1952 1361 2125 1420 erant,

548 1463 645 1519 per
681 1464 812 1516 quos
839 1423 1104 1515 primitiva
1130 1423 1440 1499 Ecclesia°in
1460 1442 1660 1498 Iudaeis
1691 1451 1747 1499 et
1776 1443 1980 1499 Graecis
2006 1442 2127 1499 fun-

546 1542 669 1596 data
696 1548 795 1593 est.
828 1521 890 1593 Hi
922 1539 1257 1607 requiescunt
1281 1536 1418 1604 apud
1454 1537 1722 1590 civitatem
1758 1536 2122 1592 Macedoniam

546 1629 824 1701 Philippis.
858 1630 1008 1699 Apud
1034 1628 1267 1684 Africam
1299 1629 1477 1684 natale
1508 1629 1675 1684 sancti
1708 1628 1951 1701 Moysitis
1981 1646 2127 1684 mar-

546 1726 698 1797 tyris.
730 1723 957 1779 Turonis
994 1720 1163 1777 sancti
1186 1720 1425 1776 Gratiani
1473 1723 1731 1791 episcopi,
1757 1724 1847 1793 qui
1891 1723 1955 1778 ad
1988 1740 2126 1794 prae-

2240 517 2457 590 martyri
2509 519 2910 575 similitudinem
2958 522 3250 578 Salvatoris
3302 525 3515 592 detulit,
3574 528 3669 597 qui
3718 545 3808 597 pro

2237 610 2408 666 salute
2461 611 2672 666 humani
2711 614 2920 681 generis
2950 630 3051 669 una
3099 630 3219 670 cum
3261 616 3555 673 latronibus
3599 624 3813 686 pertulit

2235 717 2469 759 crucem.
2487 705 2790 761 Aurelianis
2815 707 2983 762 sancti
3011 706 3115 761 Viti
3135 708 3362 779 abbatis,
3381 715 3469 781 qui
3484 712 3678 780 Spiritu
3698 729 3815 782 pro-

2236 792 2431 864 phetiae
2482 795 2704 849 illustris
2762 796 2880 851 fuit.
2943 798 2996 853 In
3024 798 3341 856 Nicomedia
3369 803 3602 873 Cyriaci,
3638 813 3689 857 et
3722 804 3812 860 Pa-

2233 884 2330 951 Iili,
2358 885 2608 954 Secundi,
2639 887 2928 959 Anastasii,
2952 905 3013 945 ac
3046 890 3290 960 Syddimi
3334 894 3729 964 episcOporum,
3764 908 3811 953 et

2236 975 2476 1047 Gregorii
2510 994 2569 1049 pa
2579 994 2678 1048 pze.
3804 1038 3807 1043 ,

2304 1068 2367 1122 D.
2396 1067 2513 1123 XIII
2550 1069 2683 1126 ΚΑι..
2714 1071 2833 1127 Jan.
2866 1074 3239 1130 —Beatorum
3265 1086 3559 1151 martyrum
3590 1080 3809 1134 Ammo-

2233 1160 2337 1231 nis,
2370 1161 2618 1231 Zenonis,
2676 1164 2973 1233 Ptolomzei,
3031 1168 3228 1239 Ingenii
3274 1180 3329 1225 et
3362 1171 3673 1242 Theophili,
3723 1174 3809 1242 qui

2232 1253 2586 1311 tribunalibus
2630 1256 2771 1326 apud
2818 1258 3197 1318 Alexandriam
3246 1271 3505 1331 astantes,
3538 1280 3661 1319 cum
3694 1266 3811 1334 qui»

2230 1344 2353 1402 dam
2391 1347 2727 1405 Christianus
2775 1365 2806 1405 a
2848 1350 3418 1424 judice'torqueretur,
3449 1365 3504 1413 et
3527 1357 3641 1427 jam
3675 1372 3812 1427 pene

2230 1438 2296 1494 ad
2325 1440 2622 1510 negandum
2664 1442 2998 1511 suaderetur,
3036 1446 3500 1518 disrumpebantur
3550 1447 3693 1504 intra
3732 1466 3814 1507 se-

2229 1534 2506 1602 metipsos,
2530 1542 2583 1588 et
2606 1534 2771 1601 vultu,
2799 1536 2968 1590 oculis
2991 1552 3052 1591 ac
3076 1539 3290 1594 nutibus
3311 1540 3451 1594 velut
3471 1539 3684 1610 erigere
3713 1556 3811 1597 co-

2229 1625 2498 1679 nabantur
2527 1626 2673 1680 illum
2706 1628 2793 1696 qui
2825 1628 2879 1681 in
2926 1629 3202 1699 suppliciis
3248 1631 3446 1700 positus
3486 1634 3810 1702 trepidabat.

2224 1706 2498 1771 interdum
2529 1717 2691 1772 etiam
2741 1732 2930 1774 manus
2982 1720 3319 1788 protendere,
3375 1737 3439 1778 ac
3494 1725 3660 1778 totius
3690 1724 3814 1779 reti-

547 1819 709 1872 {alam
767 1818 949 1870 urbem
998 1815 1066 1868 ab
1117 1814 1250 1869 urbe
1298 1814 1463 1869 Roma
1518 1815 1886 1884 transmissus,
1937 1815 2120 1872 multis
2154 1808 2315 1879 Bqui
2359 1807 2599 1877 corporis
2646 1810 2881 1865 motibus
2933 1820 2991 1866 et
3048 1811 3232 1867 habitu
3270 1813 3480 1868 diverse
3541 1814 3810 1881 inclinati,

543 1909 719 1965 clarus
742 1907 1021 1961 virtutibus
1068 1906 1140 1959 ibi
1170 1905 1372 1976 quievit
1414 1905 1469 1959 in
1499 1919 1653 1975 pace.
1683 1906 1947 1962 Laodicea
1990 1908 2121 1961 civi-

543 2011 649 2058 tate
696 1999 978 2067 Theotini,
1040 1998 1313 2055 Basiliani.
1381 1998 1439 2053 ιιι
1481 1997 1663 2053 Africa
1711 1998 1927 2067 Quinti,
1981 1999 2122 2056 Sim-

539 2095 707 2167 plicii.

611 2188 677 2243 C.
726 2185 843 2242 XIV
891 2185 1130 2240 Kanenn.
1175 2184 1295 2239 JAN.
1342 2213 1412 2224 —
1452 2184 1607 2254 Apud
1659 2182 1950 2256 Egyptum
1982 2185 2141 2249 beati,

541 2280 774 2337 Nemesii
814 2268 1087 2347 martvris,
1144 2278 1232 2346 qui
1278 2276 1451 2346 primo
1481 2291 1578 2345 per
1615 2277 1935 2332 calumniam
1966 2278 2117 2347 quasi

538 2373 675 2429 latro
698 2370 859 2442 iudici
890 2370 1098 2425 delatus
1120 2377 1203 2423 est
1257 2367 1573 2422 Emiliano.
1608 2368 1723 2434 Quo
1767 2368 1991 2423 crimine
2028 2370 2122 2424 ab-

536 2467 733 2533 soluto,
788 2475 970 2535 postea
1019 2462 1159 2533 quod
1206 2462 1541 2516 Christianus
1576 2469 1737 2527 esset,
1769 2460 2027 2517 defertur.
2063 2462 2119 2517 In

538 2559 639 2614 hoc
686 2572 814 2611 vero
874 2556 1016 2610 nulla
1071 2568 1100 2606 a
1146 2552 1325 2623 judice
1355 2553 1627 2607 miseratio
1660 2563 1986 2621 reservatur,
2025 2554 2118 2609 sed

539 2652 819 2724 geminatis
878 2646 1151 2719 suppliciis
1206 2647 1572 2701 excruciatum
1641 2661 1762 2701 cum
1822 2647 2118 2701 latronibus

2231 1911 2481 1971 tanquam
2543 1900 2825 1957 sublevare
2901 1901 3156 1972 lapsantis
3223 1904 3432 1959 animos
3483 1906 3810 1975 gestiebant.

2228 1994 2491 2051 Conversi
2522 2010 2651 2051 vero
2680 1995 2747 2050 ad
2793 2009 2886 2052 eos
2910 2011 3118 2062 omnes,
3150 2007 3204 2051 et
3255 1997 3379 2066 quid
3408 1996 3476 2053 de
3505 2000 3816 2065 semetipsis

2228 2090 2627 2160 proﬁterentur,
2672 2104 2738 2143 ex
2763 2104 2949 2144 eorum
2982 2088 3213 2144 motibus
3254 2098 3634 2160 agnoscentes,
3664 2091 3812 2158 prius

2228 2196 2368 2251 pene
2398 2196 2558 2252 quam
2612 2182 2664 2236 in
2696 2194 2790 2236 eos
2839 2182 3028 2253 vulgus
3078 2182 3399 2237 clamoribus
3429 2181 3681 2247 insiliret,
3714 2182 3813 2252 ipsi

2226 2273 2280 2328 in
2309 2273 2545 2328 medium
2592 2282 2963 2343 prorumpunt,
3008 2287 3072 2326 ac
3114 2287 3174 2329 se
3201 2272 3539 2329 Christianos
3582 2288 3707 2329 esse
3736 2284 3811 2330 te-

2223 2374 2452 2421 stantur.
2488 2365 2589 2420 Per
2635 2380 2860 2435 quorum
2909 2364 3188 2421 victoriam
3238 2365 3620 2437 gloriosissime
3650 2366 3814 2422 Chri-

2224 2470 2337 2515 stus
2386 2460 2453 2515 de
2496 2459 2713 2515 inimico
2751 2459 3123 2529 triumphavit.
3179 2459 3363 2515 Romae
3416 2460 3639 2515 Zel’enni
3696 2460 3808 2529 epi-

2222 2556 2392 2625 scopi,
2453 2564 2870 2622 sanctorumque
2913 2553 3147 2611 Liberati
3197 2563 3252 2610 et
3299 2554 3490 2625 Bajuli.
3520 2554 3589 2608 Et
3629 2552 3811 2624 vigilia

2221 2648 2391 2702 sancti
2422 2647 2641 2701 Thomas
2670 2646 2920 2717 apostoli.

1807 2736 2035 2791 EDITIO
2074 2736 2573 2793 BOLLANDIANA.

604 2835 692 2900 T.,
721 2831 918 2887 Eodem
947 2827 1165 2900 dieHSS.
1201 2825 1385 2900 Lazari
1417 2824 1714 2900 etiMarthae
1741 2828 1939 2900 sororis
1969 2829 2104 2895 ejus.

532 2909 595 2964 C.
634 2898 717 2966 νζ,
750 2905 803 2957 In
841 2902 1008 2955 Africa
1041 2898 1263 2963 Victuri,
1297 2898 1519 2951 Victoris
1563 2906 1616 2950 et
1662 2899 1751 2951 alii
1798 2900 2010 2966 triginta
2055 2909 2110 2954 et

536 2940 1305 3037 ἶῖὶεεῖ’ἦνε’ὲὶόέἱὶιῖΪΑὶίεῖἱίὶἑιῖῖε,
1339 2940 1545 3035 ὂῐιῖξέῦ.
1564 2940 1751 3034 iiii};
1797 2940 2110 3023 nam:
2137 2940 2185 3006 ο

534 3050 638 3105 tale
685 3045 782 3100 SS.
834 3041 1074 3105 Victorii,
1113 3038 1431 3103 Victoriani,
1480 3039 1773 3107 Adjutoris,
1818 3038 2112 3107 Honorati,

536 3116 826 3180 Vincentii,
858 3112 1050 3166 Felicis
1075 3120 1129 3164 et
1158 3111 1381 3162 aliorum
1412 3124 1561 3163 XXIV.

607 3232 691 3287 18.
716 3258 786 3270 -
810 3225 898 3282 XV
934 3224 1068 3278 ΚΑι..
1100 3222 1261 3277 Vacat
1294 3221 1471 3276 Baeda.

604 3346 794 3401 Florus
815 3342 866 3396 in
889 3338 1031 3395 A.'I‘.
1054 3338 1146 3391 l..:
1173 3336 1503 3405 Jerosolyma
1526 3336 1703 3405 passio
1726 3333 1822 3391 SS.
1842 3335 2111 3393 nAlexan-

531 3441 613 3495 dri
670 3436 904 3506 episcopi
952 3441 1006 3486 et
1065 3430 1323 3484 Tltcodoli
1361 3448 1372 3482 :
1415 3445 1641 3499 quorum
1699 3431 2001 3487 Alexander
2056 3434 2108 3487 in

531 3530 818 3602 equuleum
870 3537 1165 3593 suspensus
1216 3532 1327 3587 est,
1379 3530 1433 3576 et
1493 3530 1677 3591 postea
1738 3525 1940 3594 pariter
1989 3540 2110 3581 cum

443 3608 445 3611 ’
533 3619 808 3677 Tliendolo
836 3617 946 3688 igni
994 3613 1215 3670 traditus
1259 3620 1342 3667 est
1387 3613 1488 3668 sub
1534 3613 1823 3670 Aureliano
1870 3615 2109 3684 impera-

528 3725 667 3771 IOI‘O.

605 3808 690 3867 D.,
724 3804 1003 3858 Beatnrum
1038 3808 1329 3868 martyrum
1358 3794 1387 3833 δ
1413 3796 1531 3851 Ruti
1561 3805 1616 3851 et
1654 3798 1874 3861 Zosimi,
1906 3799 1995 3869 qui
2040 3801 2108 3855 de

531 3878 718 3946 primis
749 3872 1286 3946 discipulisfuerunt,
1318 3882 1410 3937 per
1432 3884 1567 3946 quos
1595 3871 2106 3946 p_r_imitus_Ecc_lesia

530 3938 725 4004 inda-is
774 3956 828 3998 et
877 3943 1075 3998 Graecis
1125 3939 1341 3993 fui-data
1392 3950 1491 3992 est.
1528 3938 1587 3993 ο.
1630 3940 1689 3993 v.
1722 3941 1809 4003 T.,
1842 3941 2105 3995 Laodicea

530 4019 625 4074 SS.
656 4015 933 4077 'l'lteotcni,
965 4013 1232 4065 Basiliam.
1274 4011 1332 4062 ν.
1365 4010 1448 4073 0.,
1478 4009 1534 4063 In
1564 4008 1739 4065 Africa
1773 4012 1828 4065 S.
1856 4024 1874 4049 ο
1901 4012 2103 4078 Quinti.

532 4091 592 4143 V.
621 4092 684 4143 Τ.
713 4087 798 4152 (2.,
826 4086 961 4140 Alibi
993 4084 1167 4151 passio
1194 4080 1251 4136 S.
1285 4080 1446 4152 Afris.
1478 4081 1663 4152 A.7T.,
1703 4081 1753 4134 In
1786 4079 1963 4136 Africa
2013 4097 2106 4136 na-

529 4164 632 4214 tale
676 4165 980 4213 sanctorum
1028 4152 1326 4215 Vincenlii,
1378 4151 1674 4218 Rogatiani,
1708 4155 1795 4217 A.,
1827 4154 1893 4206 Et
1929 4154 2105 4221 paSNiO

530 4231 586 4284 S.
618 4233 770 4284 Luca:
820 4225 1059 4294 virginis.
1109 4224 1195 4289 'I‘.,
1224 4221 1429 4294 Poma:
1479 4222 1657 4294 natale
1707 4225 1805 4279 SS.
1849 4224 2097 4292 Antonii,

530 4302 761 4363 Eri-rimi,
791 4292 1075 4351 Theodori.
1108 4294 1194 4357 13.,
1222 4292 1484 4346 Laodicea
1527 4292 1742 4348 civitate
1781 4294 1951 4347 natale
1999 4294 2102 4350 SS.

2214 2829 2754 2901 QuintiLSimplicii,
2785 2830 2963 2897 Pauli,
2992 2830 3264 2901 Victoriae,
3294 2832 3511 2887 Privati.
3561 2831 3632 2887 Et
3679 2831 3807 2887 alibi

2215 2901 2393 3024 natale
2421 2898 2520 2957 SS.
2546 2901 2696 2972 Digni
2718 2913 2772 2957 et
2798 2901 3102 2974 Badegisili,
3126 2898 3379 2959 Honorati
3407 2918 3531 2959 cum
3554 2904 3679 2957 aliis
3708 2904 3805 2957 tri-

2217 2986 2304 3041 gm
2328 2986 2378 3024 a.

2287 3082 2373 3138 i9.
2392 3113 2462 3124 —
2485 3083 2599 3139 XIV
2628 3084 2763 3142 ΚΑι.
2790 3084 2953 3142 Vacat
2982 3086 3160 3143 Baeda.
3255 3090 3260 3099 '

2285 3174 2474 3230 Florus
2522 3175 2574 3228 in
2620 3178 2688 3231 A.
2720 3176 2781 3230 Τ.
2815 3176 2877 3232 L.
2908 3196 2920 3231 :
2953 3177 3327 3234 Antissiodoro
3352 3176 3608 3243 'civitate,
3642 3179 3808 3250 depo-

2213 3266 2336 3321 sitio
2360 3267 2415 3319 Β.
2465 3275 2488 3303 θ
2520 3266 2765 3337 Gregorii
2788 3269 3026 3340 episcopi
3050 3280 3103 3325 et
3127 3270 3469 3335 confessoris,
3494 3272 3585 3341 qui
3615 3282 3801 3341 tanta,

2214 3367 2271 3413 ut
2300 3358 2433 3414 liber
2461 3360 2729 3413 actionum
2761 3359 2904 3415 illius
2939 3362 3141 3429 pandit,
3173 3363 3475 3418 sobrietatis
3505 3363 3627 3429 fuit,
3658 3374 3721 3419 ut
3749 3367 3799 3419 iu

2212 3451 2388 3507 medio
2409 3452 2590 3506 mundi
2624 3452 2845 3521 positus,
2870 3469 3036 3509 novus
3056 3453 3329 3525 effulgeret
3355 3459 3605 3522 eremita,
3629 3470 3797 3527 seque

2210 3544 2408 3612 saepius
2438 3545 2620 3600 multis
2645 3545 2937 3600 declaravit
2960 3547 3253 3603 miraculis.

2283 3660 2370 3726 D.,
2400 3661 2551 3729 Apud
2583 3661 2873 3732 Egyptum
2908 3662 2965 3715 Β.
2994 3660 3229 3717 Nemesii
3257 3661 3529 3731 martyris,
3558 3661 3653 3730 qui
3688 3659 3794 3730 pri-

2212 3745 2371 3819 mum.
2396 3747 2488 3800 per
2523 3732 2842 3819 calumniam
2880 3737 3037 3819 quasi
3067 3732 3082 3769 τ
3117 3734 3253 3787 latro
3281 3733 3487 3814 delatus
3509 3744 3610 3819 est.
3627 3732 3793 3813 judici

2212 3802 2517 3857 1Etnilian0.
2568 3801 2629 3855 Β.
2652 3803 2714 3857 C.
2749 3802 2831 3869 V.,
2878 3804 2934 3857 In
2978 3804 3174 3867 Nicaea,
3209 3812 3234 3849 8
3259 3804 3475 3858 civitate
3509 3802 3797 3873 Bithyniae,

2212 3872 2310 3927 SS.
2339 3872 2567 3935 Zosimi,
2614 3872 2788 3939 Pauli,
2830 3874 3147 3938 Secnndini,
3188 3875 3390 3941 Quinti.
3420 3874 3801 3928 Autissiodoro

2211 3943 2470 4015 depositio
2494 3946 2553 3996 Β.
2579 3944 2817 4015 Gregorii
2844 3947 3098 4015 episcopi.
3124 3950 3211 4013 A.,
3236 3950 3299 3998 Et
3325 3948 3497 3999 natale
3518 3946 3575 3998 S.
3595 3945 3795 4014 Cyria.

2207 4013 2295 4139 ﬁ”
2322 4014 2516 4069 Zosimi
2540 4024 2593 4070 et
2621 4014 2801 4069 Cirici.
2828 4013 2917 4083 T.,
2943 4018 3006 4072 Et
3035 4017 3180 4071 Pauli
3210 4018 3263 4071 iu
3290 4018 3503 4071 civitate
3528 4013 3796 4086 Bithynia

2259 4099 2387 4139 tcea.

2276 4178 2368 4231 20.
2386 4208 2452 4217 -
2475 4177 2590 4233 XIII
2614 4177 2749 4233 ΚΑΙ..
2777 4178 2941 4234 Vacat
2967 4179 3144 4235 Baeda.

2280 4271 2367 4338 D.,
2425 4270 2707 4327 Beatorum
2758 4285 3073 4344 martyrum,
3108 4271 3135 4310 ιι
3172 4273 3468 4340 Ammonis,
3529 4272 3793 4341 Zenonis,

1914 4401 2119 4461 SMITII
2158 4406 2390 4463 NOTAE.

599 4519 622 4544 ει
658 4500 955 4558 Α,ε,ταῃάι·ἱ.
1001 4498 1098 4571 llic
1128 4496 1262 4549 alius
1309 4496 1484 4571 estab
1514 4496 1605 4571 illo
1635 4497 1935 4571 Alexandro
1982 4499 2096 4565 epi-
2130 4501 2261 4563 Dlii
2296 4501 2539 4571 :Roman.
2602 4501 2944 4570 pontificum,
3008 4500 3303 4571 imperante
3360 4496 3707 4561 ~.Iustiniano.
3767 4527 3789 4562 ι

528 4592 690 4647 scopo
740 4570 1208 4647 ierosolyniitano,
1241 4570 1329 4636 qui
1375 4567 1622 4622 Narcisso
1667 4567 1776 4637 jam
1825 4579 2103 4625 senectute

527 4639 770 4706 contecto
797 4639 1005 4711 adjuttir
1035 4639 1149 4717 fuit.
1363 4708 1375 4717 .
1415 4707 1427 4717 ν

598 4719 625 4759 b
654 4717 798 4785 Ruﬁ.
844 4708 905 4768 Hi
950 4711 1290 4779 requiescunt
1330 4708 1543 4763 civitate
1587 4708 1933 4763 Macedonum
1979 4709 2105 4764 Phi-

528 4791 706 4847 tinnis.

568 4806 913 4927 p£|8éuincli._
934 4853 1191 4927 Quinctus
1223 4848 1317 4927 fuit
1367 4849 1648 4920 episcopus
1694 4850 1745 4904 in
1766 4850 2098 4927 _Mat_tritania

528 4922 863 5001 temporibus
892 4924 1065 5001 Decii_
1087 4925 1217 4989 imp.
1244 4922 1317 5001 ad
1347 4935 1501 5001 quem
1543 4931 1717 5001 e__x_stat
1745 4922 1818 5001 _S.
1851 4922 2098 5001 L'ypriani

526 4992 687 5072 epist.
717 5002 807 5054 71.
851 4996 1158 5072 Ιιιεᾳντὼξῳι·
1187 4992 1344 5072 etiam
1384 4992 1643 5072 ejus-aliis
1674 4993 1938 5059 epiStolis.
1977 4996 2101 5072 Pas.

526 5063 619 5130 sus
652 5081 732 5127 est
778 5085 897 5123 cum
948 5067 1006 5120 S.
1038 5064 1313 5129 Simplicio
1343 5073 1396 5116 et
1441 5063 1558 5116 aliis
1606 5080 1831 5130 quorum
1886 5066 2100 5118 nomina

531 5146 653 5198 vide
683 5145 736 5197 in
780 5138 1087 5206 Hieronymi
1142 5134 1521 5205 Martyrologio
1567 5145 1806 5203 tempore
1839 5134 2102 5189 Valeriani

529 5231 908 5354 Imihihegorii.
936 5279 1014 5354 De
1042 5278 1141 5331 hoc
1172 5278 1249 5354 sic
1277 5274 1616 5354 scribitur_in_
1642 5274 1861 5354 pigro-[ie
1880 5278 2099 5354 ppisco.

529 5375 719 5428 porum
750 5346 1289 5428 Atttissiodorettsium
1339 5349 1475 5415 apud
1528 5346 1724 5401 Labbei
1780 5346 1913 5401 Bibl.
1948 5364 2096 5412 nov.,

532 5420 661 5484 iom.
694 5430 713 5481 ι
739 5447 749 5480 ;
786 5445 804 5476 ‹
834 5422 1118 5491 Gregorius
1149 5420 1287 5472 sedit
1316 5432 1487 5491 annos
1512 5432 1619 5491 xtl,
1646 5432 1972 5491 tnensesvt;
2006 5434 2099 5472 ex-

530 5512 755 5568 actoque
801 5510 912 5550 suae
941 5488 1067 5546 vicis
1095 5492 1411 5568 ofticiokxtv
1452 5488 1568 5568 Kal.
1593 5490 1834 5553 Januar.,
1870 5489 2098 5542 humana

532 5561 830 5637 deponens,
850 5567 904 5620 in
930 5561 1159 5620 ecclesia
1176 5562 1248 5637 Β.
1277 5561 1526 5615 Germani
1554 5575 1859 5628 supremum
1893 5574 2103 5637 prome-

533 5632 641 5698 ruit
686 5632 898 5705 munus,
938 5650 1098 5691 omne
1136 5634 1258 5687 vita:
1304 5639 1667 5705 sua:__tempu_s
1711 5646 1900 5705 ωριχιν
1947 5632 2100 5705 anuis

532 5717 729 5782 exegit.
792 5700 913 5769 Fuit
964 5718 1140 5766 autem
1200 5702 1524 5771 temporibus
1576 5700 1788 5757 Silvcrii
1849 5710 1903 5758 et
1962 5702 2101 5775 Vigi-

2286 4570 2305 4609 ί
2338 4571 2512 4626 Latro.
2546 4571 2732 4626 Postea
2768 4588 2894 4626 vero
2923 4587 3042 4627 cum
3077 4570 3210 4640 apud
3254 4576 3621 4631 centurionem
3653 4582 3794 4634 hanc

2209 4643 2528 4696 calumniam
2562 4658 2587 4695 a
2618 4658 2677 4697 se
2708 4643 3021 4711 depulisset,
3049 4644 3257 4697 delatus
3284 4646 3422 4712 quod
3450 4644 3795 4703 Christianus

2208 4724 2369 4777 esset,
2399 4714 2464 4766 ad
2513 4716 2817 4782 pra-tectum
2859 4715 3067 4768 vinctus
3110 4715 3409 4770 adducitur.
3438 4716 3509 4768 At
3540 4717 3633 4771 ille
3685 4721 3792 4771 ini-

2209 4785 2498 4851 quissimus
2546 4784 2737 4853 judex,
2772 4794 3047 4853 postquam
3080 4801 3198 4839 eum
3242 4787 3402 4854 duplo
3450 4787 3793 4855 gravioribus

2211 4870 2369 4921 quam
2417 4855 2649 4923 reliquos
2698 4856 2929 4909 latrones
2958 4858 3240 4909 tormentis
3268 4872 3332 4912 ac
3359 4858 3675 4911 verberibus
3707 4857 3792 4909 ai-

2211 4923 2451 4995 l‘ecisset,
2483 4926 2618 4978 inter
2668 4925 2899 4980 latrones
2937 4927 3094 4995 jussit
3121 4928 3351 4983 incendi.
3385 4931 3611 4991 Eusss.,
3643 4926 3789 4981 Hist.

2210 4994 2377 5060 Eccl.,
2412 5011 2485 5059 vt,
2515 4995 2601 5049 4t.

2284 5067 2309 5136 ξε
2341 5065 2551 5120 Civitate
2576 5065 2833 5136 Bithynice
2860 5067 2913 5120 in
2941 5067 3056 5122 solo
3085 5068 3145 5123 Β.

2282 5128 2310 5168 ³
2351 5138 2629 5209 Ammonis.
2675 5128 2775 5203 Qui
2824 5138 3171 5193 tribunalibus
3218 5146 3476 5203 astantes,
3506 5151 3629 5193 cum
3672 5140 3794 5209 qui-

2212 5206 2333 5261 dam
2365 5206 2700 5263 Christianus
2732 5209 2784 5261 in
2828 5210 3101 5278 suppliciis
3146 5214 3346 5278 positus
3387 5206 3703 5276 trepidaret,
3734 5221 3795 5265 et

2205 5279 2316 5347 jam
2366 5294 2521 5347 poene
2564 5281 2628 5331 ad
2678 5284 2975 5349 negandum
3028 5282 3342 5347 declinaret,
3372 5280 3543 5346 vultu,
3587 5282 3791 5345 oculis,

2206 5364 2270 5421 ac
2307 5351 2521 5404 nutibus
2570 5350 2711 5404 illum
2763 5352 3089 5405 conabantur
3128 5356 3369 5421 erigere;
3421 5367 3653 5421 cumque
3686 5352 3793 5405 hac

2207 5420 2272 5473 de
2301 5436 2458 5474 causa
2489 5424 2647 5474 totius
2672 5424 2849 5490 populi
2879 5425 3082 5477 clamor
3110 5424 3160 5477 in
3199 5420 3290 5478 eos
3332 5420 3624 5491 prosiliret,
3660 5437 3790 5489 pro-

2207 5500 2514 5559 rumpentes
2563 5493 2616 5545 in
2658 5494 2889 5547 niedium
2934 5494 3269 5548 Christianos
3314 5508 3373 5549 se
3421 5507 3541 5546 esse
3594 5494 3791 5546 testati

2204 5572 2360 5625 sunt;
2393 5578 2488 5631 per
2514 5577 2739 5631 quorum
2791 5563 3067 5619 victoriam
3104 5566 3374 5625 Christus,
3409 5564 3497 5633 qui
3525 5563 3638 5617 suis
3664 5578 3789 5617 eam

2204 5633 2367 5706 animi
2382 5635 2732 5706 constantiam
2747 5634 2986 5706 dederat,
3002 5635 3384 5705 gloriosissime
3408 5634 3785 5706 triumphavit.

2207 5703 2429 5771 Ευεεβ..
2456 5704 2589 5759 Hist.
2615 5705 2761 5761 Eccl.
2796 5723 2870 5774 vi,
2910 5704 2998 5760 41.
