4064 6346
261 318 329 378 ﬂ
337 320 407 375 37

1376 327 1566 385 SECT.
1611 326 1675 383 ll.
1713 355 1783 367 -
1822 328 2381 391 MARTYROLOGIA.

3408 338 3551 401 1158

1501 446 1729 502 EDITIO
1767 445 2233 506 COLONIENSIS.

340 532 402 589 Ε.
428 531 523 590 XII
551 531 795 591 lineas.
823 534 945 592 Jan.
974 565 1046 577 —
1091 537 1279 595 Natale
1305 539 1448 596 beati
1477 541 1701 597 Thomas
1726 556 1854 610 apo-
1879 544 1935 604 Α
1961 556 2063 595 una
2090 541 2175 597 die
2209 542 2586 611 persecutione
2610 543 2927 601 Diocletiani
2952 546 3193 603 coronati
3216 556 3362 607 sunt.
3387 547 3548 620 Apud

259 625 409 693 stoli,
441 625 530 697 qui
580 624 794 681 Parthis
838 637 892 682 et
935 626 1100 684 Medis
1130 629 1477 701 Evangelium
1530 633 1849 702 praedicans,

265 732 454 789 passus
484 726 566 773 est
594 718 644 773 in
686 719 856 775 India.
886 720 1096 792 Corpus
1122 722 1242 794 ejus
1272 724 1327 780 in
1370 726 1670 792 civitatem,
1698 742 1859 796 quam

262 810 391 883 Syri
441 811 680 868 Edessen
714 823 932 881 vocant,
978 817 1328 886 translatum,
1359 817 1540 887 ibique
1570 821 1731 890 digno
1764 821 1861 876 ho-

264 918 401 959 nore
448 904 727 960 conditum
785 914 887 962 est.
937 906 1246 965 Catalaunis
1286 910 1454 965 sancti
1489 911 1706 967 Maximi
1736 913 1858 984 epi-

264 994 438 1065 scopi,
483 996 640 1066 primi
690 997 765 1052 illi
794 997 999 1054 civitati
1047 1001 1116 1056 ab
1146 1002 1278 1057 urbe
1328 1002 1499 1058 Roma
1527 1004 1739 1073 directi,
1768 1005 1859 1075 qui

265 1088 408 1141 inter
461 1089 566 1142 alia
621 1090 899 1145 innumera
950 1092 1203 1147 miracula
1249 1105 1520 1149 mortuum
1551 1095 1854 1151 suscitavit.

263 1174 328 1233 ln
358 1175 552 1234 Tuscia
612 1181 789 1237 natale
819 1193 1129 1239 sanctorum
1165 1184 1388 1240 Joannis
1418 1196 1473 1242 et
1502 1186 1672 1243 Festi.

342 1272 405 1327 F.
434 1272 505 1327 XI
533 1272 775 1331 Kanesn.
811 1275 933 1332 Jan.
980 1308 1053 1319 —-
1080 1277 1265 1337 Romae
1295 1280 1383 1336 via
1408 1279 1675 1337 Lavicana
1722 1281 1862 1339 inter

266 1364 404 1422 duas
458 1366 635 1427 lauros
659 1410 677 1440 ,
710 1370 887 1427 natale
926 1371 1141 1443 triginta
1173 1382 1508 1445 martyrum,
1538 1374 1632 1444 qui
1676 1390 1863 1431 omnes

1970 634 2345 688 Alexandriam
2392 637 2530 691 beati
2584 636 2893 694 Chiridonis
2939 641 3213 712 martyris.
3243 640 3294 696 Is
3323 656 3552 713 namque

1967 739 2089 779 cum
2146 742 2259 782 rem
2315 729 2594 799 cujusdam
2644 733 2885 801 potentis
2931 734 3033 789 sub
3062 733 3312 790 mercede
3357 737 3551 804 procu-

1968 829 2133 889 raret,
2162 822 2379 892 jubetur
2430 827 2497 880 ab
2545 842 2611 883 co
2647 827 2802 882 idolis
2830 828 3128 885 immolare.
3158 828 3432 886 Recusans
3460 845 3555 886 co-

1969 914 2195 983 gebatur
2242 915 2486 985 injuriis;
2527 920 2825 987 persistens
2855 937 3073 977 rursum
3101 922 3375 978 blanditiis
3414 921 3556 977 mul-

1969 1007 2208 1062 cebatur.
2232 1006 2364 1064 Cum
2393 1027 2523 1066 vero
2554 1023 2839 1087 utrumque
2864 1024 3255 1083 contemneret,
3285 1024 3554 1086 praeacuta

1968 1102 2103 1156 sude
2130 1104 2458 1159 validissima
2492 1111 2959 1166 transverberatur
2991 1125 3089 1180 per
3116 1109 3291 1165 media
3319 1111 3549 1175 viscera,

1967 1202 2022 1248 et
2070 1195 2186 1251 neci
2244 1199 2488 1253 traditur.
2542 1200 2687 1269 Ipsos
2735 1201 2821 1257 die
2865 1202 3093 1258 aliorum
3135 1201 3557 1272 quamplurima-

1972 1304 2089 1343 rum
2142 1302 2458 1363 martyrum,
2514 1294 2689 1364 quiin
2736 1295 2961 1352 desertis
3004 1305 3059 1352 et
3106 1296 3376 1351 montibus
3404 1293 3547 1366 apud

1972 1379 2265 1452 IEgyptum
2296 1383 2639 1453 aberrantes,
2691 1385 2850 1457 fame,
2877 1387 2985 1453 siti,
3023 1385 3242 1458 frigore,
3278 1385 3560 1457 languore,

1496 1490 1720 1546 EDITIO
1761 1491 2261 1557 BOLLANDIANA.

270 1596 574 1674 Ptolomaei,
600 1600 840 1674 Ingenui,
872 1610 926 1658 et
947 1601 1266 1674 Theopbyli.
1298 1601 1361 1659 Β.
1383 1601 1445 1658 C.
1477 1602 1565 1669 V.,
1599 1603 1653 1658 In
1687 1604 1860 1661 Thra-

268 1671 377 1735 cia,
412 1672 438 1701 ⁸
467 1672 683 1726 civitate
712 1670 1013 1740 b'Cildoba,
1062 1670 1239 1728 natale
1285 1675 1345 1728 S.
1391 1674 1539 1729 Julii.
1593 1676 1775 1730 Romae
1832 1686 1857 1715 °

271 1741 562 1812 Zephyriui
594 1744 850 1813 episcOpi.
885 1740 913 1781 ἀ
949 1745 1001 1798 In
1029 1746 1247 1799 Oriente
1299 1746 1358 1800 S.
1388 1745 1623 1801 'I‘heclae.
1678 1747 1863 1802 Natale

268 1814 333 1869 8.
361 1823 384 1849 ι·
413 1813 668 1869 Liberali.
698 1818 763 1871 A.
797 1815 884 1881 T.,
914 1816 1100 1871 Natale
1129 1816 1188 1871 S.
1225 1814 1243 1854 π
1279 1818 1566 1875 Anastasii.
1593 1817 1657 1871 A.
1686 1818 1748 1872 T.
1775 1818 1858 1881 L.,

273 1883 461 1959 Itonia:
492 1886 759 1959 depositio
788 1888 845 1959 ξ.
879 1887 1186 1959 Zephyrini.
1224 1889 1276 1942 In
1334 1889 1551 1943 Oriente
1600 1890 1777 1943 natale
1800 1891 1856 1943 S.

270 1931 765 2024 Εἷιὶἔὶἇιῖἱὶζᾋῖι
788 1931 1276 2029 ὗνᾶιῖἷιᾌῆἦξῷξῆ
1299 1931 1561 2016 sese“.
1593 1931 1859 2016 sanas:
1894 1931 1942 1993 Β

348 2048 436 2102 21.
470 2080 542 2092 —
572 2049 665 2106 XII
694 2049 828 2107 KAL.
863 2052 985 2108 Jan.
1016 2052 1165 2110 Nat..
1209 2053 1269 2110 S.
1305 2063 1330 2101 κ
1364 2054 1586 2109 Thomas
1617 2064 1793 2124 apost.

348 2140 538 2198 Florus
565 2142 782 2198 additin
814 2144 879 2200 A.
905 2144 968 2200 Τ.
1000 2144 1060 2200 Ι...
1098 2161 1115 2200 :
1147 2145 1249 2214 Qui
1282 2161 1473 2216 passus
1494 2160 1578 2203 eSt
1606 2148 1658 2201 in
1683 2147 1863 2216 ludia,

276 2231 464 2288 lancea
488 2233 689 2305 quippe
714 2234 1001 2293 transﬁxus
1028 2238 1314 2305 occubuit;
1340 2238 1495 2309 hujus
1521 2240 1718 2294 etenim
1746 2253 1871 2294 cor—

276 2339 382 2397 pus
448 2328 766 2382 translatum
819 2338 905 2384 est
953 2329 1091 2401 apud
1147 2331 1391 2391 Edissam
1442 2332 1737 2390 civitatem.
1779 2331 1870 2403 T.,

278 2416 479 2486 Quinto
516 2418 697 2476 Nonas
727 2419 876 2477 Julii.

356 2507 418 2565 Β.
444 2506 508 2564 C.
534 2508 601 2566 ν.
630 2512 697 2567 A.
724 2511 789 2567 Τ.
810 2511 900 2579 L.,
929 2512 1112 2572 Romae
1134 2513 1197 2573 S.
1228 2494 1259 2554 Β
1282 2515 1579 2573 Innocentii
1607 2516 1868 2589 episcOpi.

1967 1611 2163 1692 ῥέῃ
2200 1614 2264 1668 Et
2287 1614 2462 1692 p_assi_o
2487 1616 2563 1692 S._
2590 1617 2846 1692 Honorati
2873 1622 3130 1692 episcopi.
3163 1622 3249 1689 (1.,
3280 1622 3347 1678 Et
3372 1624 3554 1692 passio

1966 1680 2025 1737 s.
2053 1680 2383 1754 Phoc:e.'8.,
2417 1687 2472 1742 In
2526 1688 2739 1744 Eraclea
2789 1680 2963 1747 natale
3007 1680 3072 1749 s.‘
3119 1680 3285 1747 Passi.
3326 1680 3390 1748 Ei
3426 1694 3555 1750 alibi

1965 1755 2143 1836 passio
2165 1757 2258 1813 SS.
2298 1757 2473 1822 Focm,
2500 1758 2685 1827 Florii,
2714 1761 2967 1832 Honorati
2990 1764 3225 1834 episcopi
3255 1775 3309 1821 et
3330 1765 3554 1821 confes-

1966 1839 2123 1880 SOI‘IS.

2042 1897 2127 1974 l).,
2158 1899 2461 1974 Catalaunis
2492 1901 2549 1974 ὃ.
2600 1900 2882 1958 iMemmii
2933 1906 3169 1974 episcopi
3216 1905 3368 1973 primi
3416 1905 3557 1962 illius

1971 1967 2294 2049 civitatis-ab
2343 1974 2473 2049 urbe
2505 1973 2672 2028 Roma
2715 1976 2921 2049 directi,
2956 1967 3041 2044 qui
3078 1967 3345 2031 inter—alia
3390 1977 3548 2049 innu-

1975 2054 2120 2114 mera
2148 2040 2401 2095 miracula
2450 2054 2714 2099 mortuum
2744 2040 3025 2100 suscitavit
3056 2064 3070 2103 :
3101 2051 3253 2114 cujus
3285 2062 3427 2101 nunc
3468 2040 3557 2102 s‘c-

1976 2111 2221 2178 pulcrum
2274 2114 2617 2169 creberrimis
2670 2117 2939 2171 miraculis
3008 2111 3324 2173 illustratur.
3388 2119 3454 2171 Et
3504 2117 3557 2172 in

1976 2179 2170 2259 1_‘_uscia
2200 2181 2421 2239 Joannis
2447 2195 2501 2239 et
2531 2184 2673 2242 Festi
2700 2205 2713 2250 ;
2746 2188 2840 2241 sed
2887 2188 3025 2243 forte
3064 2193 3177 2243 haec
3218 2199 3460 2259 spectant
3492 2189 3558 2243 ad

1976 2252 2475 2380 gier'iilsequeutem,
2521 2272 2625 2325 quo
2653 2272 2931 2327 perperam
2965 2260 3017 2313 in
3063 2260 3164 2315 hoc
3191 2252 3288 2315 Ms.
3331 2258 3563 2318 refertur

2023 2365 2036 2377 .
2134 2341 2322 2380 iunias.

2023 2365 2036 2377 .
2079 2341 2101 2377 ι
2117 2341 2322 2380 11011138.

2055 2417 2147 2473 22.
2189 2448 2259 2458 —
2297 2418 2366 2472 XI
2389 2418 2525 2474 KAL.
2552 2418 2716 2475 Vacat
2748 2421 2925 2477 Baeda.

2055 2512 2118 2568 C.
2151 2513 2239 2578 V.,
2289 2512 2433 2569 Inter
2474 2514 2605 2570 duas
2646 2515 2823 2597 lauros
2852 2515 3031 2572 natale
3061 2516 3077 2567 l
3114 2516 3335 2588 triginta
3364 2524 3566 2588 marty-

1639 2631 1847 2691 SMITH
1886 2628 2113 2687 NOTIE.

354 2724 383 2754 ι
423 2718 635 2774 Ciuitate
661 2718 881 2777 Gildoba
912 2724 964 2779 in
1004 2724 1120 2780 solo
1164 2725 1222 2779 Β.

354 2786 383 2827 δ
420 2789 663 2849 Gildoba.
694 2792 918 2860 Plinius,
962 2797 1056 2851 lib.
1093 2812 1207 2862 nx,
1238 2811 1358 2865 cap.
1408 2795 1469 2865 5,
1511 2796 1637 2852 dicit
1668 2793 1866 2851 Geldu—

280 2862 408 2937 bam
432 2876 552 2917 esse
576 2865 854 2937 castellum
897 2865 1087 2921 Rheno
1131 2862 1471 2937 impositum;
1521 2868 1680 2923 aliam
1734 2866 1861 2923 Gel-

279 2932 478 3005 dubatn
511 2950 614 2988 non
650 2935 971 2993 invenimus.
1006 2932 1290 3005 BARONIIJS,
1322 2941 1375 2995 in
1406 2932 1574 2997 Notis.

359 3014 382 3043 θ
430 3004 726 3079 Zephyrini.
781 3008 1112 3079 Zephyriuus
1160 3004 1301 3066 anno
1347 3011 1449 3064 217
1485 3010 1772 3066 Praesentis
1810 3019 1864 3065 et

284 3075 878 3149 Extricatig'consulatu
929 3075 1186 3149 insignito
1216 3097 1246 3137 e
1288 3083 1430 3136 vivis
1476 3086 1726 3147 excessit,
1775 3082 1864 3137 die

284 3147 493 3219 decima
535 3146 695 3214 Julii;
749 3146 1114 3219 pontiﬁcatum
1164 3163 1343 3208 autem
1393 3154 1509 3207 iniit
1555 3146 1861 3217 anno’197,

285 3218 375 3296 die
400 3219 605 3296 decima
637 3218 962 3296 Aiigu_51i._ln
984 3224 1095 3296 hoc
1129 3236 1183 3279 et
1214 3224 1628 3296 Ilieronymiano
1658 3225 1858 3296 Marty-

284 3289 707 3364 rologiohnatale
729 3289 865 3362 ejus
894 3293 1054 3349 hodie
1094 3289 1466 3364 consignatur;
1498 3296 1698 3364 iugaliis
1731 3289 1864 3349 Mar-

288 3361 567 3437 tyrologiis
592 3361 787 3437 quibus
821 3365 1078 3420 Baronius
1102 3361 1365 3429 adhaeret,
1397 3366 1484 3421 die
1511 3363 1583 3419 26
1606 3366 1861 3437 Augusti;

285 3431 384 3504 sed
426 3441 648 3501 uterque
694 3434 809 3489 dies
856 3437 921 3490 ad
951 3437 1067 3504 ejus
1108 3439 1482 3492 translationes
1530 3431 1863 3493 referendus.

286 3500 688 3569 Papehrocliius
716 3507 768 3559 in
804 3500 1008 3562 Conatu
1039 3508 1581 3565 chronica-historico
1609 3509 1675 3562 ad
1705 3511 1866 3563 chro-

289 3574 853 3649 nolog‘iavaeterum
884 3582 1194 3646 pontificum
1226 3580 1537 3635 existimans
1581 3582 1632 3632 in
1665 3580 1868 3649 Marty—

290 3645 499 3713 rologio
545 3645 959 3720 Hieronymiano
991 3651 1105 3706 dies
1152 3652 1356 3706 natales
1402 3650 1711 3720 pontificum
1754 3645 1863 3705 Ito-

290 3729 575 3791 manorum
604 3718 824 3791 signari,
857 3723 1059 3775 obitum
1089 3721 1362 3791 Zephirini
1394 3718 1514 3777 cum
1548 3724 1635 3777 die
1666 3721 1736 3775 20
1771 3723 1872 3777 De-

290 3787 626 3862 eeinb._anni
656 3788 762 3842 2I7
806 3792 1046 3862 illigavit,
1078 3802 1131 3846 et
1160 3787 1281 3862 quia
1326 3802 1535 3847 constat
1575 3802 1702 3846 ante
1749 3808 1872 3847 eum

293 3857 439 3930 diem
466 3859 745 3914 Callistum
777 3857 910 3930 ejus
938 3857 1304 3918 successorem
1336 3865 1559 3923 sedisse.
1594 3864 1720 3917 dicit
1747 3878 1871 3918 cum

293 3925 583 4004 Zephyriui
625 3925 970 4004 constitutum
1030 3933 1192 3990 fuisse
1235 3934 1528 3987 vicarium:
1560 3935 1654 3987 sed
1686 3934 1875 4004 hujus-

296 4002 445 4076 modi
477 4002 760 4076 vicariatns
808 4014 933 4058 sunt
992 4006 1147 4073 plme
1191 4005 1532 4074 supposititii.
1586 4002 1873 4076 Zephyrini

298 4070 541 4140 epistolae
568 4090 686 4139 quae
714 4070 1164 4131 circumferuntur
1191 4070 1313 4129 sunt
1340 4070 1741 4133 commentitiae.

371 4141 396 4180 ιι
427 4142 490 4196 1η
523 4144 728 4198 Oriente
757 4145 819 4200 S.
850 4145 1053 4201 Thecla:
1082 4147 1232 4201 deest
1264 4148 1316 4201 in
1352 4147 1410 4200 Β.

371 4156 396 4180 ιι
427 4156 490 4196 ιη
523 4156 728 4198 Urtente
757 4156 819 4200 δ.
850 4156 1053 4201 Ἡιεοιω
1082 4156 1232 4203 deest
1264 4163 1316 4201 tn
1352 4156 1410 4200 Β.

375 4218 398 4246 ⁸
444 4213 691 4288 Liberali.
741 4216 897 4271 JuXta
938 4218 1151 4273 lia-dam
1189 4218 1339 4288 Vulg.
1367 4228 1440 4288 et
1482 4217 1765 4272 Baroniuin
1797 4218 1884 4273 hic

302 4298 423 4338 cum
480 4286 667 4355 Bajulo
710 4304 899 4356 passus
949 4300 1032 4344 est
1082 4286 1311 4354 Romae;
1356 4287 1633 4345 Usuardus
1662 4303 1787 4343 vero
1816 4289 1887 4343 de

301 4356 554 4412 Liberato
608 4358 718 4428 agit
760 4360 897 4428 solo,
930 4362 1084 4432 quasi
1144 4375 1332 4431 passus
1375 4370 1517 4419 easet
1565 4361 1620 4415 in
1664 4361 1887 4430 Amphi-

302 4436 439 4482 trea.

381 4496 401 4535 ί
446 4501 727 4555 Anastasii.
784 4502 1084 4558 Antiochia:
1104 4502 1166 4559 S.
1216 4503 1480 4558 Anastasii
1508 4502 1767 4572 episcOpi,
1798 4502 1887 4571 qui

308 4569 485 4625 l’hoca
517 4573 813 4640 imperante
858 4589 887 4627 a
940 4574 1141 4629 Judmis
1190 4575 1491 4629 saevissime
1531 4569 1750 4629 necatus
1782 4569 1883 4628 est.

310 4646 514 4696 Auctor
542 4642 795 4698 Chronici
841 4644 1195 4701 Alexandrini
1225 4662 1365 4699 anno
1400 4658 1516 4713 post
1546 4646 1882 4700 consulatum

312 4713 504 4785 Phoce:
545 4715 680 4783 Aug.
712 4731 786 4779 vr,
830 4719 937 4771 ait:
979 4736 997 4769 ‹
1032 4717 1548 4771 Ptochodochiorum
1581 4718 1885 4785 praefectus,

310 4781 862 4852 Septembri—mense,
894 4788 1183 4844 indictione
1218 4788 1302 4855 Η,
1352 4781 1693 4851 renuntiavit,
1739 4790 1887 4841 Ana-

312 4855 534 4930 stasium
568 4856 958 4930 Antioctienum
982 4876 1010 4911 a
1035 4861 1288 4914 militibus
1314 4862 1687 4930 interemptum
1711 4874 1885 4913 esse.»

313 4929 533 4981 Uecisus
556 4935 637 4980 est
666 4927 823 4995 igitur
849 4944 987 4983 anno
1005 4931 1199 4984 Christi
1231 4930 1353 4985 (illi.
1385 4927 1642 4986 Batonius
1664 4932 1892 4985 Anasla.

316 4999 456 5052 sium
499 4998 629 5050 colit
660 4998 936 5064 postridie.

389 5076 417 5115 8
469 5068 691 5123 I'Itomw.
745 5071 846 5137 Qui
899 5072 1108 5126 Parthis
1162 5072 1505 5141 Evangelium
1558 5070 1891 5141 praedicavit,

321 5149 380 5195 ut
405 5147 630 5194 testatur
662 5140 877 5209 Euseb.,
927 5142 1062 5197 Ilist.
1118 5144 1264 5197 Eccl.
1295 5140 1375 5205 III,
1412 5144 1464 5206 1,
1498 5140 1812 5207 ct’Socrat.,
1844 5160 1894 5208 ι,

324 5211 416 5284 19,
444 5218 502 5265 et
523 5213 766 5267 Clemens
815 5214 868 5267 iii
913 5215 1005 5269 lib.
1061 5231 1112 5268 ix
1164 5214 1628 5284 Recognitionum.
1678 5215 1897 5268 Certum

322 5283 484 5338 etiam
517 5283 725 5338 videtur
764 5286 910 5338 illum
949 5286 1090 5354 apud
1121 5286 1276 5341 Indos
1304 5283 1500 5339 Christi
1533 5284 1692 5337 Iidem
1725 5284 1902 5337 disse-

327 5355 583 5427 i_ninasse,
610 5355 660 5408 id
684 5359 1058 5412 attestantibus
1081 5357 1340 5427 Gregorio
1362 5355 1717 5418 Nazianzeno,
1758 5362 1898 5408 orat.

325 5424 421 5488 25,
478 5424 821 5497 Ilieronymo,
876 5429 1031 5497 epist.
1088 5424 1214 5494 148;
1264 5427 1569 5491 Ambrosio,
1604 5428 1654 5480 in
1708 5426 1899 5497 psalm.

329 5494 981 5575 x_t.v,_Pau|ino_,‘aliisqiie
1006 5502 1122 5575 SS._
1153 5501 1419 5575 Patribtts,
1450 5513 1519 5553 ex
1551 5499 1741 5575 quibus
1765 5494 1899 5575 (ian-

331 5570 554 5647 dentius
579 5579 637 5647 et
657 5570 746 5624 alii
770 5586 895 5647 cum
929 5572 1314 5647 vetustioribus
1336 5569 1727 5647 Martyrologiis
1755 5569 1904 5647 aiunt

334 5656 455 5711 eum
488 5640 681 5695 ibidem
734 5641 893 5695 vitam
945 5645 1202 5707 finivisse,
1253 5653 1308 5698 et
1360 5642 1572 5711 quidem
1625 5640 1902 5707 martyrio.

335 5710 412 5766 De
477 5712 595 5780 ejus
645 5712 901 5771 Edessam
957 5716 1303 5771 translatione
1355 5714 1474 5768 vide
1520 5726 1735 5783 suprav
1768 5711 1902 5765 Non.

337 5784 481 5843 Julii.

408 5853 439 5896 ³³
482 5856 785 5917 Innocentii.
814 5858 915 5929 Qui
950 5857 1050 5918 fuit
1074 5860 1289 5924 natione
1316 5859 1498 5929 Italus,
1538 5856 1706 5931 patria
1741 5854 1909 5915 Alba-

1972 2736 2095 2789 nus,
2128 2729 2180 2777 et
2207 2730 2437 2778 exeunte
2464 2737 2605 2777 anno
2635 2722 2736 2778 401
2773 2725 3057 2794 episcopus
3078 2724 3352 2779 Romanus
3382 2724 3553 2781 factus

1973 2802 2075 2850 est.
2111 2793 2430 2866 Episcopatu
2459 2804 2728 2866 suscepto,
2763 2793 3006 2866 ingentes
3034 2810 3155 2851 cum
3186 2796 3552 2851 Orientalibus

1972 2865 2239 2934 episcopis
2267 2865 2386 2920 lites
2412 2866 2481 2921 de
2506 2865 2562 2921 S.
2596 2865 3211 2937 Joannis’Chrysostomi
3243 2881 3401 2922 causa
3445 2868 3559 2935 agi-

1975 2944 2088 2989 tare
2130 2936 2313 3004 coepit,
2346 2939 2498 3006 cujus
2529 2937 2620 2992 ille
2651 2946 2828 3005 partes
2859 2936 3075 2993 strenue
3107 2946 3303 2992 tutatus
3345 2938 3552 2992 fuerat:

1973 3020 2129 3074 quem
2164 3006 2339 3061 vivum
2372 3011 2691 3063 auctoritate
2713 3024 2808 3063 sua
2839 3020 2891 3063 et
2915 3009 3289 3064 consolatoriis
3312 3008 3554 3076 epistolis

1971 3077 2326 3144 conﬁrmavit,
2372 3089 2427 3132 et
2471 3079 2710 3135 defuncti
2748 3094 2966 3136 causam
3013 3080 3231 3134 minime
3282 3079 3555 3144 deseruit;

1971 3150 2064 3205 sed
2094 3164 2226 3219 cum
2258 3150 2622 3206 Orientalibus
2653 3151 3387 3219 episcopis'communionem
3420 3151 3558 3205 inire

1973 3217 2254 3293 praefracte
2298 3223 2496 3285 renuit,
2553 3217 2724 3277 donec
2753 3221 3125 3293 Chrysostomi
3169 3236 3362 3293 nomen
3394 3223 3446 3293 in
3475 3221 3560 3275 di-

1969 3291 2162 3361 ptycha
2187 3306 2341 3346 sacra
2373 3293 2699 3360 postliminio
2738 3291 3128 3349 restitueretur.
3159 3293 3312 3348 Anno
3337 3291 3463 3358 409,
3491 3292 3561 3345 ali

1971 3360 2208 3416 Hunorio
2239 3363 2366 3434 imp.
2400 3364 2465 3417 ad
2499 3364 2767 3419 Alaricum
2796 3363 3095 3419 Gothorum
3144 3377 3323 3434 regem
3375 3362 3561 3434 Roma

1970 3434 2265 3505 exercitum
2294 3433 2635 3489 admoturum
2668 3436 2867 3504 legatus
2897 3443 3004 3505 est,
3058 3446 3115 3489 ut
3159 3433 3227 3488 ab
3274 3433 3558 3489 obsidione

1973 3501 2074 3557 ista
2108 3505 2366 3558 barbaros
2396 3514 2682 3561 averteret.
2721 3501 2998 3562 Successu
3043 3505 3258 3576 quidem
3284 3506 3561 3576 caruitile-

1973 3576 2140 3643 gatio.
2193 3577 2287 3631 sed
2320 3591 2384 3631 eo
2413 3578 2573 3631 modo
2605 3578 2736 3632 urbe
2767 3575 3071 3633 subductus
3092 3576 3428 3631 Innocentius
3454 3575 3561 3630 Ra-

1976 3659 2163 3701 vennae
2192 3649 2448 3711 substitit,
2474 3658 2529 3703 et
2552 3649 2801 3704 miseram
2831 3665 2945 3703 suae
2970 3650 3116 3703 sedis
3157 3647 3363 3701 ruinam
3390 3661 3421 3700 e
3441 3646 3559 3701 Ion-

1977 3718 2173 3785 ginquo
2198 3722 2481 3784 conspexit
2513 3737 2525 3771 :
2555 3720 2819 3787 reliquum
2846 3720 2968 3773 vitae
2998 3733 3213 3773 cursum
3246 3716 3554 3772 Novatianis

1978 3797 2031 3857 et
2107 3787 2407 3855 Pelagianis
2464 3789 2842 3857 impugnandis
2907 3788 3184 3852 impendit.
3246 3787 3563 3843 Permisisse

1980 3855 2369 3921 Innocentium,
2398 3869 2455 3913 ut
2479 3855 2789 3914 imminente
2811 3861 2917 3926 jam
2962 3859 3144 3913 Romae
3194 3858 3404 3912 Alarico
3429 3872 3560 3926 gen-

1982 3927 2102 3998 tiles
2133 3930 2335 3997 priscos
2363 3929 2496 3983 ritus
2526 3939 2579 3984 et
2603 3930 2861 3984 sacrificia
2890 3931 3028 3985 clam
3070 3936 3401 3998 peragerent,
3429 3942 3561 3981 con-

1983 3997 2103 4051 ficta
2130 4011 2210 4052 est
2232 4017 2258 4053 a
2282 3999 2514 4067 Zosimo,
2548 4001 2637 4055 lib.
2664 4016 2715 4065 v,
2745 4000 3033 4055 calumnia.
3058 3997 3271 4055 Zosimo
3297 4000 3566 4065 scriptore

1982 4069 2197 4124 ethnico
2218 4072 2415 4140 opponi
2462 4081 2685 4139 possunt
2717 4072 2985 4136 Socrates,
3022 4088 3096 4137 ix,
3128 4072 3183 4137 7,
3215 4080 3267 4126 et
3307 4070 3566 4124 Sozome-

1986 4156 2107 4204 nus,
2170 4157 2265 4202 vn,
2314 4144 2368 4206 9,
2418 4144 2507 4212 qui
2561 4143 2744 4197 llomm
2794 4141 3124 4197 obsidionem
3153 4154 3205 4197 et
3236 4140 3570 4196 ethnicorum

1986 4213 2291 4283 molitiones
2316 4230 2349 4267 n
2372 4226 2596 4268 irrantes
2622 4230 2730 4266 rem
2765 4215 2916 4281 plane
2940 4225 3135 4278 tacent,
3163 4215 3210 4268 id
3233 4228 3567 4283 nequaquam

1990 4281 2208 4349 facturi,
2243 4285 2286 4338 si
2319 4286 2518 4339 crimen
2548 4286 2809 4355 ejusmodi
2859 4284 3165 4339 admisisset
3211 4281 3570 4347 lnnOcentius,

1988 4370 2148 4423 quem
2180 4366 2341 4410 seem
2363 4354 2667 4409 Novatiana:
2693 4357 2874 4409 odium
2902 4359 3037 4424 ipsis
3066 4358 3290 4410 invisum
3324 4355 3569 4410 reddide-

1994 4435 2093 4479 rat.
2130 4426 2271 4479 Obiit
2299 4443 2437 4480 anno
2465 4428 2591 4493 M7,
2633 4442 2739 4481 non
2771 4428 2858 4480 die
2898 4428 2969 4482 28
2998 4427 3145 4495 Julii,
3190 4438 3245 4481 ut
3272 4426 3385 4479 vult
3416 4426 3579 4479 Baro-

1997 4497 2147 4562 nius;
2180 4512 2243 4549 ex
2296 4499 2556 4565 rescripto
2602 4500 2742 4553 enim
2801 4498 2998 4553 Zosimi
3041 4496 3364 4553 successoris
3418 4495 3577 4564 hujus

1996 4566 2291 4623 Innocentii
2323 4579 2473 4624 certo
2504 4579 2713 4623 constat
2760 4570 3028 4623 lasanum
3056 4570 3143 4624 die
3174 4569 3243 4623 25
3272 4567 3446 4620 Martii
3477 4570 3576 4620 liu-

1988 4639 2379 4717 j-u‘saunbjam
2429 4640 2724 4694 Ecclesiam
2775 4641 3323 4717 Itonianain_re_x_isse,
3356 4638 3449 4717 sed
3487 4637 3577 4717 die

1993 4707 2059 4762 1‘2
2093 4707 2285 4770 Martii,
2312 4720 2368 4765 ut
2396 4721 2537 4778 patet
2566 4728 2631 4764 ex
2674 4727 2827 4780 quam
2879 4713 3119 4779 plurimis
3158 4709 3575 4778 Martyrologiis.

1990 4780 2175 4849 Neque
2198 4785 2338 4835 enim
2369 4782 2604 4838 obiitdie
2627 4784 2687 4835 21
2719 4783 3027 4837 Decembris
3050 4782 3398 4849 prmcedentis
3424 4781 3576 4847 anui,

1992 4853 2131 4920 quod
2157 4857 2265 4906 vult
2290 4854 2687 4925 Papebrochius
2714 4856 2762 4907 in
2788 4858 2987 4907 Oonatu
3007 4852 3574 4925 clironicojliistorico;

1996 4938 2118 4995 nam
2165 4921 2518 4994 praeterquam
2563 4926 2703 4995 quod
2733 4931 2946 4980 constat
2992 4925 3139 4976 illum
3171 4924 3235 4995 ad
3271 4921 3425 4995 hujus
3454 4922 3581 4976 anui

1996 4994 2201 5048 initium
2232 4998 2392 5048 vitam
2429 4994 2769 5064 protraxisse,
2816 5010 2935 5048 cum
2986 5010 3168 5049 mense
3198 4994 3450 5048 Januario
3482 4994 3578 5047 Pe-

1995 5064 2234 5135 lagianos
2259 5066 2611 5134 damnavi-rit,
2640 5082 2706 5121 eo
2746 5078 2896 5134 pacto
2925 5067 3149 5119 sedisset
3175 5073 3377 5119 tantum
3409 5077 3584 5119 annos

1996 5151 2107 5203 xw,
2141 5152 2354 5191 menses
2379 5154 2452 5203 χι,
2484 5138 2598 5192 dies
2642 5152 2751 5201 xxi,
2802 5138 2943 5203 quod
2987 5138 3223 5206 Catalogi
3274 5136 3581 5204 pontiticum

1999 5222 2104 5261 non
2150 5208 2443 5277 patiuntur,
2477 5212 2563 5278 qui
2598 5207 2960 5262 Innocentium
2994 5224 3057 5261 xv
3082 5220 3252 5261 annos
3296 5218 3581 5274 superasse

1999 5281 2361 5346 consentiunt,
2414 5282 2535 5335 licet
2577 5279 2627 5332 id
2676 5279 3068 5347 Papebrochius
3107 5280 3222 5331 sine
3259 5278 3577 5347 auctoritate

2001 5350 2225 5418 alicujus
2268 5352 2483 5406 Codicis
2532 5346 2867 5424 Anastasiaui
2919 5349 3281 5424 aut_alicujus_
3325 5346 3574 5424 _Catalogi

2004 5425 2324 5497 pontificum
2373 5436 2681 5497 persuasum
2736 5422 2947 5497 habent.
3011 5418 3428 5497 Forsati__igitu_r
3465 5418 3586 5485 ejus

2004 5488 2269 5547 Ordinatio
2316 5488 2472 5568 hodie
2510 5494 2829 5568 celebratur,
2881 5494 2979 5546 hoc
3007 5508 3146 5568 enim
3195 5491 3280 5544 die
3309 5488 3586 5568 ordinatus

2004 5575 2087 5616 est
2136 5565 2508 5629 Innocentius;
2542 5564 2626 5618 vel
2671 5564 2861 5617 saltem
2903 5563 3177 5617 translatio
3224 5558 3465 5630 quaedam
3498 5560 3587 5614 die

2005 5635 2352 5689 ordinationis
2384 5646 2619 5702 peracta.
2655 5634 2807 5699 Vide,
2838 5649 3019 5701 suora,
3050 5634 3116 5688 12
3142 5632 3337 5687 Martii.

2083 5704 2101 5742 ί
2148 5706 2398 5778 Memmii.
2433 5708 2512 5778 De
2534 5707 2634 5760 hoc
2661 5708 2782 5760 vide
2817 5721 2848 5760 v
2877 5706 3124 5778 Augusti.

2079 5780 2135 5860 Ι.
2178 5776 2434 5849 Triginta.
2491 5776 2644 5838 Passi
2688 5788 2810 5837 sunt
2860 5780 2911 5834 in
2969 5776 3342 5850 persecutione
3380 5776 3601 5838 Diocle~
