4064 6346
507 392 647 455 1189

1228 387 1433 447 BEDE
1470 385 1922 446 VENERABILIS
1964 385 2119 443 OPP.
2162 381 2338 441 PARS
2376 382 2466 441 IV.
2506 413 2576 427 —
2614 380 3001 441 HISTORICA.

3634 376 3777 436 11ιο

1050 572 1054 576 θ
1792 500 2021 557 EDITIO
2058 497 2529 557 COLONIENSIS.

456 584 457 597 ‘
507 602 823 665 latronibus,
878 597 1168 669 bestiisque
1203 599 1506 669 consumpti
1560 605 1715 664 sunt,
1757 598 1848 668 qui
1894 609 2080 653 omnes
2110 598 2160 659 Α
2190 592 2381 658 letum,
2434 601 2676 662 tempore
2707 589 3033 647 Diocletiani
3063 597 3118 645 et
3140 584 3447 645 Maximiani
3483 586 3777 660 imperato-

510 695 703 753 imitati
733 694 933 749 electos
972 691 1068 747 Dei
1105 691 1414 762 prophetas,
1445 690 1620 761 gloria
1652 690 1891 762 martyrii
1932 704 2089 745 coro-

510 789 621 844 nati
670 793 816 841 sunt.
863 783 1006 840 lnter
1051 798 1185 854 quos
1213 791 1268 838 et
1313 782 1647 839 venerandus
1674 796 1839 838 senex
1871 782 2092 863 .Chere-

510 871 656 936 mon.
706 879 803 934 llic
852 876 1133 949 episcopus
1181 877 1325 933 urbis
1370 876 1751 948 Egypti,quae
1780 875 1973 932 dicitur
2002 874 2092 930 Ni-

507 974 738 1043 Copolis,
766 988 886 1029 cum
935 973 1002 1028 ad
1034 971 1321 1027 Arabicum
1375 980 1610 1026 montem
1641 983 1745 1024 una
1780 983 1902 1024 cum
1933 984 2093 1039 gran-

513 1066 664 1121 daeva
719 1066 946 1137 conjuge
997 1063 1380 1129 discessisset,
1438 1062 1567 1117 nulli
1624 1062 1758 1117 ultra
1822 1060 2090 1131 apparuit.

516 1157 705 1212 Romae
752 1158 1015 1225 depositio
1054 1155 1226 1211 sancti
1271 1156 1465 1213 Felicis
1496 1152 1751 1225 episcOpi.
1800 1151 1857 1207 ln
1906 1154 2095 1207 Antio-

513 1248 630 1305 chia
661 1251 837 1306 natale
863 1248 1033 1304 sancti
1066 1248 1280 1317 Basilei,
1325 1255 1381 1303 et
1405 1246 1530 1302 alibi
1572 1246 1747 1316 passio
1772 1244 2089 1301 Theodosia:

514 1340 756 1412 virginis,
788 1348 843 1396 et
873 1337 1084 1412 Didymi
1115 1339 1386 1394 monachi.

585 1431 652 1488 C.
679 1431 746 1487 X.
778 1431 1017 1488 KALEND.
1046 1431 1164 1487 Jan.
1192 1460 1263 1472 —-
1292 1430 1479 1486 Romae
1527 1431 1703 1485 natale
1747 1440 1945 1485 sanctae
1970 1427 2096 1484 Vic-

517 1526 670 1580 toriae
698 1524 939 1593 virginis,
988 1522 1357 1593 persecutione
1400 1520 1545 1578 Decii
1576 1522 1938 1591 imperatoris.
1966 1522 2095 1589 Quae

517 1634 637 1674 cum
682 1626 827 1674 esset
851 1617 1172 1688 desponsata
1202 1617 1317 1671 viro
1362 1630 1569 1685 pagano
1612 1616 1871 1687 Eugenio,
1901 1624 1955 1669 et
1997 1628 2098 1670 nec

518 1708 722 1765 nubere
768 1708 950 1773 vellet,
1011 1722 1110 1763 nec
1161 1706 1482 1772 sacriticare,
1540 1717 1760 1778 propter
1807 1708 2095 1761 draconem

520 1803 825 1873 pestiferum
859 1801 928 1858 de
977 1800 1084 1855 illis
1120 1801 1251 1855 locis
1294 1801 1601 1870 expulsum,
1629 1808 1683 1855 et
1704 1801 1805 1854 alia
1835 1800 1971 1855 facta
1998 1801 2097 1854 mi-

523 1894 728 1960 racula,
777 1900 834 1949 et
863 1903 1082 1963 propter
1107 1895 1338 1965 virgines
1371 1907 1503 1963 quas
1529 1893 1595 1948 ad
1620 1893 1959 1948 serviendum
1990 1893 2094 1946 Do-

2191 701 2331 753 rum,
2364 687 2462 741 sub
2485 684 2663 758 judice
2720 684 2939 740 Flacco.
2982 684 3083 752 Qui
3116 682 3241 738 dum
3289 690 3699 753 perseveranter
3725 682 3779 737 in

2192 775 2298 832 ﬂde
2330 787 2586 847 maneret,
2620 775 2854 834 inStibus
2907 775 3131 831 nodosis
3168 775 3384 830 dorsum
3434 772 3554 845 ejus
3584 775 3778 829 verbe-

2191 878 2365 925 ratum
2423 871 2711 940 rumpitur,
2762 868 3015 938 rigiratus
3061 876 3248 923 venter
3289 866 3406 936 ejus
3460 864 3780 936 dissipatur,

2190 962 2315 1021 inde
2344 964 2531 1036 ligatus
2563 979 2751 1020 manus
2794 972 2849 1019 et
2886 961 3051 1035 pedes
3097 972 3149 1021 in
3180 959 3435 1018 craticula
3466 958 3786 1030 superponi-

2194 1064 2299 1123 tur,
2332 1056 2486 1126 lignis
2518 1058 2823 1127 suppositis.
2858 1056 3125 1112 Continuo
3156 1065 3467 1111 terraemotu
3490 1053 3661 1117 facto,
3698 1068 3785 1107 ce-

2194 1148 2323 1206 cidit
2350 1165 2453 1206 una
2516 1151 2666 1222 regio
2718 1153 2768 1205 in
2812 1149 3031 1207 civitate
3089 1148 3401 1219 Spoletana,
3431 1157 3488 1204 et
3515 1147 3791 1219 oppressit

2194 1244 2474 1315 plusquam
2526 1251 2791 1299 trecentos
2859 1242 3013 1299 idolis
3082 1243 3398 1299 servientes.
3449 1241 3579 1296 Post
3640 1239 3788 1295 ferro

2199 1338 2543 1404 constrictus,
2573 1335 2673 1391 sub
2704 1337 2939 1392 custodia
2997 1337 3224 1391 militum
3275 1335 3328 1392 iu
3361 1350 3637 1391 carcerem
3668 1345 3793 1389 tru-

2199 1426 2361 1492 ditur,
2418 1428 2506 1481 ubi
2546 1426 2785 1497 angelica
2815 1427 3121 1482 visitatione
3155 1427 3491 1482 consolatur.
3537 1425 3785 1482 Eductus

2199 1535 2230 1575 e
2272 1535 2490 1575 carcere
2516 1521 2732 1576 carduis
2763 1520 2955 1577 ferreis
2974 1536 3144 1593 genua
3169 1522 3310 1577 illius
3334 1536 3591 1591 percussa
3625 1531 3794 1577 sunt:

2198 1612 2293 1667 sed
2347 1622 2401 1667 et
2457 1612 2769 1669 ardentibus
2806 1613 3142 1684 lampadibus
3194 1614 3362 1671 latera
3391 1616 3511 1686 ejus
3540 1615 3793 1685 incensa,

2201 1704 2416 1761 dicente
2474 1707 2630 1761 beato
2668 1715 2904 1780 martyre
2947 1708 3112 1778 judici
3139 1709 3306 1778 impio
3334 1726 3347 1761 :
3377 1710 3432 1765 Si
3464 1718 3637 1766 totum
3674 1725 3797 1766 cor-

2201 1813 2298 1868 pus
2327 1813 2506 1852 meum
2535 1798 2751 1868 perdas,
2802 1809 2999 1869 praesto
3027 1808 3110 1855 est
3152 1801 3405 1856 Dominus
3432 1817 3587 1858 meus
3637 1800 3798 1859 Jesus

2200 1888 2471 1954 Christus,
2502 1889 2593 1959 qui
2624 1904 2712 1946 me
2750 1900 2904 1945 sanat
2930 1901 2986 1946 et
3028 1892 3365 1949 corroborat.
3392 1893 3544 1949 Tunc
3568 1892 3799 1951 Flaccus

525 1986 673 2041 mino
729 1994 1135 2057 aggregaverat,
1186 1999 1437 2056 percussa
1487 1995 1571 2040 est
1619 1984 1795 2053 gladio
1848 1987 1899 2039 in
1939 1984 2104 2040 corde
2135 1984 2179 2046 Β
2202 1982 2360 2054 jussit
2382 1984 2610 2039 Tircano
2634 1983 2864 2050 cuidam,
2887 1993 2945 2040 ut
2971 1985 3184 2040 beatum
3207 1985 3527 2056 Gregorium
3563 1997 3797 2044 tractum

523 2096 554 2135 a
584 2081 830 2134 carnitice
884 2077 1225 2133 Thaliarcho.
1260 2079 1468 2149 Corpus
1514 2077 1633 2149 ejus
1662 2092 1782 2132 cum
1822 2078 1966 2132 omni
2018 2092 2106 2133 re-

524 2172 760 2229 verentia
816 2180 1056 2228 curatum
1110 2181 1214 2229 est.
1264 2172 1418 2241 Apud
1482 2170 1842 2227 Nicomediam
1886 2181 2104 2229 saneto-

2211 2077 2265 2132 in
2315 2076 2771 2149 amphitheatrum
2802 2079 3109 2134 decollaret.
3151 2079 3269 2148 Quo
3316 2079 3461 2136 facto
3485 2082 3647 2151 jussit
3677 2081 3800 2137 Tir-

2207 2185 2374 2226 canus
2398 2171 2538 2227 feras
2571 2170 2835 2228 terribiles
2861 2171 3077 2239 dimitti,
3110 2179 3168 2227 ut
3193 2187 3391 2243 corpus
3428 2173 3603 2229 sancti
3629 2244 3634 2247 ‘
3656 2188 3799 2228 mar-

528 2282 645 2323 rum
672 2276 965 2336 martyrum
1004 2266 1216 2337 viginti,
1266 2280 1405 2335 quos
1452 2265 1776 2322 Diocletiana
1800 2268 2109 2338 persecutio
2210 2263 2343 2335 tyris
2369 2262 2738 2330 absorberent,
2783 2264 2879 2319 sed
2910 2264 3053 2320 nulla
3100 2278 3287 2320 earum
3316 2278 3510 2335 corpus
3550 2274 3799 2320 sanctum

529 2360 856 2427 gravissimis
890 2360 1168 2414 tormentis
1220 2370 1484 2431 martyres
1532 2360 1749 2415 Christo
1780 2361 1924 2417 fecit.
1972 2362 2105 2416 ltem

528 2449 716 2504 Ruina:
746 2449 883 2503 beati
940 2449 1169 2513 Servuli,
1224 2450 1376 2519 cujus
1406 2451 1592 2505 beatus
1634 2452 1875 2506 meminit
1906 2452 2105 2522 Grego-

525 2540 641 2594 rius
670 2539 723 2593 in
767 2538 1033 2593 homeliis.
1097 2537 1152 2591 ln
1196 2540 1300 2594 alio
1341 2542 1460 2595 loco
1508 2541 1758 2607 Evaristi,
1801 2542 2023 2599 Victoris
2054 2552 2107 2599 et

527 2634 753 2686 aliorum
795 2630 1223 2700 octingentorum
1259 2632 1474 2702 triginta
1506 2633 1757 2687 duorum.

602 2725 668 2778 Α.
704 2721 775 2777 IX
798 2721 1044 2778 KALEND.
1069 2722 1193 2778 Jan.
1217 2754 1286 2765 —-
1315 2725 1499 2795 Vigilia
1535 2726 1741 2782 Domini
1784 2726 1951 2781 nostri
1980 2726 2109 2783 Jesu

528 2808 750 2863 Christi.
784 2808 935 2877 Apud
959 2809 1298 2864 Antiochiam
1325 2810 1493 2882 Syriae
1517 2822 1820 2867 sanctarum
1847 2812 2110 2880 virginum

528 2899 901 2970 quadraginta,
938 2913 1058 2968 quae
1100 2902 1473 2971 persecutione
1504 2901 1734 2958 Deciana
1764 2918 1861 2975 per
1897 2904 2108 2961 diversa

530 3001 794 3048 tormenta
844 2993 1157 3065 martyrium
1188 3007 1732 3056 consummaverunt.
1780 2996 1983 3055 Eodem
2024 2981 2109 3056 die

531 3084 703 3144 sancti
750 3085 995 3158 Gregorii
1028 3087 1326 3159 presbyteri
1372 3097 1428 3144 et
1473 3091 1767 3161 martyris:
1794 3091 1934 3161 apud
1972 3090 2108 3161 Spo-

2206 2360 2401 2429 attigit.
2429 2359 2683 2426 Quadam
2740 2366 2919 2413 autem
2948 2358 3142 2413 mulier
3174 2358 3513 2414 Abundantia
3555 2360 3792 2425 nomine,

2207 2451 2362 2523 petiit
2387 2465 2581 2520 corpus
2600 2451 2770 2506 sancti
2796 2451 3076 2523 martyris;
3108 2451 3203 2506 sed
3224 2451 3345 2521 quia
3375 2450 3534 2507 aliter
3553 2451 3797 2508 obtinere

2209 2560 2313 2599 non
2370 2546 2560 2614 potuit,
2604 2543 2742 2600 datis
2800 2545 3011 2615 triginta
3055 2544 3290 2616 quinque
3336 2545 3514 2600 aureis
3544 2546 3589 2600 Τ
3594 2546 3799 2612 ircano,

2210 2650 2403 2705 corpus
2456 2637 2658 2707 recepit
2706 2646 2782 2707 et,
2841 2647 2899 2692 ut
2957 2637 3179 2705 decuit,
3232 2646 3519 2709 martyrem
3552 2640 3801 2709 sepelivit

2210 2730 2358 2799 juxta
2416 2739 2629 2798 pontem
2684 2731 2975 2800 lapideum.
3005 2729 3067 2786 ln
3101 2731 3357 2801 Thropoli
3404 2731 3647 2799 civitate,
3678 2746 3803 2788 san-

2214 2821 2283 2875 cti
2355 2820 2610 2889 Luciani,
2668 2821 2937 2893 Metrobi,
2992 2822 3170 2892 Pauli,
3231 2822 3447 2891 Zenoti,
3502 2824 3806 2896 Theutini,

2215 2913 2393 2969 Drusi.

2286 3005 2345 3059 Β.
2377 3003 2494 3060 Vlll
2515 3002 2756 3063 ΚΑιειω.
2784 3003 2904 3064 Jan.
2932 3036 3005 3050 —
3027 3006 3184 3066 Iesus
3211 3008 3473 3066 Cuntsros
3496 3010 3680 3067 Ftuns
3705 3011 3804 3068 Det

2214 3110 2267 3150 ut
2290 3094 2584 3151 Bst-nutu
2603 3096 2805 3154 luam
2836 3112 3114 3168 trasenna,
3143 3116 3283 3159 anno
3300 3098 3546 3159 CESARIS
3563 3104 3805 3160 Atreum

1780 3206 2008 3263 EDITIO
2048 3207 2547 3272 BOLLANDIANA.

529 3311 647 3377 [om
673 3298 759 3364 qui
805 3313 992 3377 omnes
1016 3314 1121 3377 una
1147 3298 1235 3354 die
1261 3297 1505 3377 coronati
1542 3305 1688 3353 sunt.
1720 3297 1787 3353 A.
1815 3297 1879 3352 Τ.
1923 3299 2109 3377 ιμΒ..
2136 3304 2182 3365 c
2214 3303 2531 3369 Eleutherii,
2574 3303 2796 3367 Urbani,
2824 3306 3082 3371 Cornelii,
3116 3307 3353 3377 Trajini,
3386 3307 3646 3374 Victoris,
3692 3310 3799 3366 Ca-

530 3368 736 3438 Bomae,
768 3378 793 3407 ⁸
822 3372 903 3425 via
952 3370 1241 3449 lsavicana,
1298 3371 1474 3449 nataio
1524 3379 1840 3449 sanctorum
1890 3372 2107 3449 triginta
2210 3378 2362 3449 stulte
2389 3384 2446 3431 et
2469 3368 2692 3429 aliorum
2721 3368 3145 3447 octingentorum
3165 3368 3236 3433 et'
3260 3368 3497 3449 triginta.
3547 3382 3604 3435 in
3632 3368 3798 3437 Nico-

533 3450 848 3511 martyrum,
879 3442 967 3511 qui
999 3456 1105 3496 una
1135 3442 1222 3495 die
1245 3448 1381 3511 sunt,
1400 3440 1677 3511 coronati.
1699 3439 1889 3511 A.7’I‘.,
1922 3440 2109 3497 Roma:

534 3509 799 3578 depositio
833 3514 888 3565 8.
933 3510 1127 3565 Felicis
1151 3509 1407 3579 episeOpi.
1449 3509 1509 3564 Ι..
1560 3510 1727 3573 addit,
1772 3510 2105 3567 Portuensis.

535 3580 605 3643 A,
632 3581 697 3633 Τ.
727 3581 811 3645 Β..
843 3584 903 3635 Et
928 3582 1109 3652 passio
1137 3582 1195 3637 S.
1236 3580 1548 3635 Theodosia:
1572 3579 1811 3652 virginis.
1846 3582 1909 3635 Et
1953 3583 2111 3652 Didy-

542 3654 614 3705 mi
648 3653 891 3706 monachi
926 3655 1009 3716 lt.,
1037 3651 1090 3705 in
1124 3660 1277 3720 portu
1311 3652 1549 3706 Romano
1572 3651 1745 3705 natale
1787 3651 1846 3707 8.
1877 3651 2109 3709 Aristoni

540 3731 597 3805 et
616 3723 673 3777 8.
707 3722 897 3805 Felicis
918 3724 1175 3794 episcopi.
1204 3723 1403 3778 Eodem
1443 3721 1533 3777 die
1558 3722 1732 3789 passio
1769 3722 1827 3778 8.
1854 3724 1883 3764 Β
1906 3722 2111 3793 Grego-

530 3804 598 3850 ιη
622 3804 889 3864 martyris.
1258 3832 1271 3841 ι

602 3884 695 3939 25.
718 3911 789 3923 --
822 3883 865 3938 Χ
913 3883 1044 3939 ιω..
1078 3882 1348 3954 Depositio
1372 3881 1431 3939 S.
1467 3894 1489 3923 ο
1525 3881 1772 3939 Victoriae
1798 3882 1982 3938 Romae
2009 3886 2109 3941 sub

532 3972 730 4045 Decio;
760 3991 877 4046 quae
904 3992 1025 4032 cum
1060 3985 1207 4032 esset
1235 3975 1558 4044 desponsata
1604 3975 1721 4030 viro
1753 3990 1959 4046 pagano
2006 3976 2112 4032 Eu-

529 4069 717 4138 genio,
759 4078 814 4127 et
859 4083 955 4125 nec
995 4069 1198 4143 nubere
1244 4068 1404 4124 vellet
1449 4080 1549 4125 nec
1599 4067 1926 4133 sacriﬁcare,
1978 4077 2100 4137 post

532 4159 701 4214 multa
741 4160 872 4213 facta
906 4159 1188 4225 mirabilia,
1222 4159 1360 4213 inter
1409 4174 1528 4228 quae
1576 4158 1831 4227 plurimas
1876 4158 2111 4227 virgines

535 4251 765 4307 Domino
791 4262 1188 4322 aggregaverat,
1216 4265 1472 4322 percussa
1497 4259 1576 4305 est
1619 4250 1813 4321 gladio,
1855 4250 2113 4308 carnifice

536 4339 820 4398 Taliarcho
875 4343 1187 4410 templorum
1255 4345 1451 4398 comite
1517 4352 1701 4412 rogatu
1760 4342 1841 4397 sui
1891 4342 2117 4410 Sponsi',

530 4438 771 4504 deposita
800 4446 883 4489 est
908 4444 1087 4491 autem
1121 4453 1151 4491 χ
1174 4435 1529 4491 Kalendarum
1560 4435 1894 4491 earumdem.

518 4544 521 4547 λ
604 4529 666 4581 (ἶ.
697 4526 787 4594 ν.,
819 4527 1015 4600 Eodem
1045 4527 1131 4582 die
1154 4528 1211 4582 S.
1238 4526 1479 4600 Gregorii
1512 4526 1756 4598 martyris
1780 4527 2033 4598 Spoletini
2058 4538 2113 4584 et

533 4600 623 4655 alii
656 4601 903 4667 nongenti
953 4598 979 4636 ά
1019 4602 1250 4668 triginta,
1311 4598 1371 4655 Α.
1406 4601 1496 4667 Τ.,
1548 4601 1729 4656 Romae
1787 4601 1961 4654 natale
2009 4600 2106 4655 SS.

2212 3447 2586 3519 medianatale
2608 3459 2916 3519 sanctorum
2956 3450 3172 3519 triginta
3195 3447 3433 3519 quinque
3464 3464 3792 3519 martyrum.

2211 3517 2281 3571 Et
2318 3517 2443 3571 alibi
2477 3518 2664 3572 natalis
2708 3518 2802 3574 SS.
2850 3517 3071 3576 Joannis
3120 3530 3175 3576 et
3217 3517 3432 3575 Felicis.
3466 3521 3554 3589 L.,
3590 3517 3796 3579 Eodem

2210 3590 2298 3643 die
2346 3590 2623 3664 adventus,
2647 3591 2991 3661 reliquiarum
3039 3591 3097 3647 8.
3133 3599 3184 3664 μ’
3237 3592 3507 3647 Lamberti
3541 3594 3795 3664 martyris

2210 3668 2367 3731 atque
2390 3659 2652 3729 pontiﬁcis
2674 3702 2691 3728 ,
2721 3659 2851 3731 quas
2877 3662 3198 3719 venerandae
3250 3665 3526 3718 memoriae
3562 3659 3797 3720 domnus

2212 3728 2543 3804 linedricus,
2587 3728 2753 3803 huius
2790 3733 2891 3788 loci
2941 3733 3109 3788 abbas
3148 3736 3357 3797 tertius,
3415 3735 3485 3789 ab
3540 3737 3799 3804 episcopo

2215 3800 2487 3873 Leodiensi
2522 3800 2787 3862 Alberone
2831 3804 2875 3859 ll
2916 3806 3260 3860 devotissime
3304 3800 3641 3873 impetratis.
3694 3800 3799 3861 Ee-

2212 3872 2375 3927 clesia
2404 3874 2654 3933 Lmtiensi
2685 3893 2717 3931 ι
2748 3875 2865 3932 Kal.
2911 3876 3148 3931 Januarii
3204 3872 3518 3931 solemnitor
3564 3878 3794 3944 invexit,

2212 3945 2630 4016 solemniterqne
2669 3948 2842 4015 ipsius
2871 3946 2976 4003 diei
3014 3948 3330 4003 memoriam
3371 3950 3660 4016 quotannis
3700 3963 3801 4005 ce-

2216 4014 2521 4072 lebrandam
2543 4014 2799 4075 instituit.
3286 4030 3293 4031 ί

2282 4108 2376 4167 24.
2403 4141 2473 4153 -
2506 4109 2577 4166 IX
2604 4109 2742 4167 KAL.
2785 4108 2973 4182 Vigilia
2999 4107 3190 4163 natalis
3219 4106 3453 4163 Domini.

2287 4200 2374 4264 D.,
2403 4201 2553 4271 Apttd
2584 4198 2917 4255 Antiochiam
2948 4198 3117 4272 Syrim
3146 4201 3320 4255 natale
3352 4208 3661 4272 sanctarum
3688 4199 3795 4255 vir-

2213 4272 2392 4344 ginum
2433 4270 2803 4342 quadraginta,
2849 4270 3385 4339 quze'persecutione
3435 4270 3666 4325 Deciana
3704 4284 3806 4395 ger

2215 4345 2423 4395 diversa
2474 4351 2734 4395 tormenta
2778 4342 3094 4395 martvrium
3132 4352 3671 4395 consummaverunt.
3756 4380 3798 4395 ..

2215 4342 2423 4397 diversa
2474 4351 2734 4397 tormenta
2778 4342 3094 4413 martyrium
3132 4352 3671 4413 consummaverunt.
3704 4342 3798 4413 Ῡ..

2214 4413 2400 4468 Natale
2447 4421 2746 4467 sanctarum
2790 4410 3049 4477 virginum
3078 4410 3450 4482 quadraginta.
3485 4413 3550 4466 A.
3582 4410 3656 4466 Τ.
3699 4412 3794 4479 ι...

2223 4482 2242 4523 ί
2277 4485 2457 4541 lienis:
2485 4484 2658 4538 natale
2704 4483 2810 4539 SS.
2857 4483 3105 4562 Metrobi,
3137 4483 3309 4551 Pauli,
3332 4493 3385 4537 et
3412 4482 3657 4540 Luciaui.

2286 4576 2375 4631 25.
2415 4604 2486 4617 —
2526 4575 2635 4632 Vill
2667 4574 2804 4631 ΚΑι..
2834 4573 3091 4632 Nativitas
3118 4574 3182 4631 D.
3206 4575 3274 4632 Ν.
3311 4576 3440 4633 Jesu
3466 4574 3691 4631 Christi.

536 4666 827 4728 Eleutherii
854 4680 908 4727 et
934 4666 1185 4727 Cornelii.
1214 4671 1302 4741 8.,
1329 4666 1507 4727 nam
1532 4672 1705 4728 natale
1734 4671 1831 4729 SS.
1857 4670 2103 4742 Eugenii,
2136 4677 2185 4738 υ
2283 4668 2471 4725 Florus
2499 4666 2649 4725 addit
2702 4667 2755 4722 in
2795 4668 2861 4722 A.
2883 4679 2941 4728 et
2993 4666 3052 4723 L.
3084 4685 3096 4722 :
3122 4667 3223 4735 Qui
3270 4668 3322 4724 in
3363 4667 3661 4724 divinitatis
3687 4680 3801 4722 suae

1911 4785 2119 4845 SMITH
2154 4783 2386 4842 NOTAE.

607 4890 633 4919 ι
679 4878 775 4934 Via
792 4878 1045 4932 Lavicana
1071 4878 1223 4934 deest
1263 4879 1325 4933 Β.

606 4950 634 4991 δ
678 4949 932 5019 Gregorii.
999 4949 1099 5015 Qui
1172 4946 1875 5019 temporibusiDiocletiani
1936 4950 2109 5019 primo

533 5021 753 5083 nodosis
781 5018 1005 5076 fustibus
1028 5033 1222 5083 cassus,
1274 5034 1338 5074 ae
1384 5018 1576 5073 deinde
1627 5030 1745 5087 post
1793 5021 2106 5074 craticulam

532 5103 586 5148 et
617 5106 909 5159 carcerem,
950 5092 1160 5145 carduis
1209 5090 1396 5145 ferreis
1442 5089 1493 5144 in
1525 5091 1750 5158 genibus
1796 5105 2106 5159 percussus,

533 5164 630 5219 sed
657 5172 710 5217 et
748 5161 1056 5216 ardentibus
1104 5160 1434 5230 lampadibus
1491 5175 1586 5229 per
1638 5161 1806 5216 latera
1860 5161 2107 5217 incensus

535 5236 746 5290 tandem
795 5231 1087 5287 deeollatus
1126 5243 1228 5286 est.

608 5307 632 5336 ο
685 5303 941 5358 Victorias.
1002 5303 1123 5359 Haec
1151 5316 1305 5374 passa
1356 5311 1439 5357 est
1481 5299 1666 5357 Roma:
1708 5301 1863 5374 juxta
1907 5300 2107 5374 Usuar-

536 5377 661 5433 dum
694 5386 748 5431 et
777 5375 1036 5439 Adonem,
1065 5371 1214 5445 juxta
1243 5374 1458 5430 Petrum
1505 5374 1573 5429 de
1599 5371 1773 5428 Natal.
1801 5373 1940 5442 apud
1981 5374 2109 5428 civi-

535 5455 697 5504 tatem
726 5447 1061 5501 'l‘ihnlanam.

603 5518 633 5558 εἰ
669 5516 923 5585 Triginta.
968 5518 1112 5585 Quos
1142 5514 1500 5570 Diocletianea
1532 5514 1830 5581 persecutio
1853 5512 2111 5585 gravissi-

533 5590 637 5647 mis
680 5582 957 5643 tormentis
988 5582 1255 5659 martyres
1278 5586 1476 5659 Christi
1519 5587 1664 5659 iecit.
1707 5586 1938 5649 Usoano,
1972 5582 2107 5659 Atto.

538 5661 616 5719 De
644 5661 970 5730 martyribus
1009 5655 1501 5730 Nicomediensibus
1531 5658 1583 5711 in
1616 5658 1714 5730 hac
1739 5655 2110 5730 persecutione

535 5730 707 5806 pas>i_s
736 5726 921 5806 scribit
952 5731 1144 5806 Euseb.
1183 5730 1321 5806 llis-ti
1343 5727 1489 5784 Eccl.
1516 5743 1630 5806 vni,
1664 5728 1716 5806 5,
1749 5726 1802 5781 6.

2254 4892 2341 4930 um
2373 4875 2628 4938 Stephani
2653 4874 2888 4944 episcopi
2914 4874 2978 4928 ad
3006 4873 3179 4929 Vitam
3202 4874 3266 4931 S.
3290 4874 3635 4943 Landeberti,
3658 4876 3796 4936 facta

2240 4948 2318 5001 uit
2359 4947 2541 5000 Leodii
2593 4948 2843 5014 repositio
2892 4947 3236 5014 reliquiarum
3294 4948 3355 5001 B:
3405 4948 3680 5004 Lamberti
3726 4952 3798 5007 de

2219 5017 2511 5088 vasculoin
2543 5032 2648 5086 quo
2666 5028 2786 5087 post
2816 5020 3115 5084 passionem
3142 5032 3170 5070 a
3196 5018 3254 5073 8.
3282 5019 3517 5073 Huberto
3537 5020 3797 5088 episcopo

2216 5087 2406 5159 locatae
2435 5086 2749 5159 fuerangin
2784 5102 2876 5142 vas
2920 5088 3059 5141 aliud
3106 5090 3247 5158 quod
3296 5090 3349 5143 in
3395 5086 3597 5145 honore
3630 5086 3798 5159 ipsius

2214 5158 2471 5213 decenter
2520 5158 2838 5213 fabricatum
2896 5159 3152 5227 fulgebat,
3210 5170 3472 5228 praesente
3523 5158 3800 5218 Alberone

2214 5233 2491 5298 episcopo,
2520 5240 2574 5284 et
2622 5238 2834 5284 astante
2884 5230 3179 5296 frequentia
3234 5245 3513 5297 procerum
3553 5241 3609 5285 et
3639 5233 3799 5291 cieri.

2215 5298 2350 5355 Huic
2380 5301 2687 5368 repositioni
2732 5315 2853 5355 cum
2898 5302 3016 5354 aliis
3042 5300 3214 5355 adl‘uit
3242 5302 3570 5356 Unedericus
3599 5304 3801 5359 tertius

2216 5370 2477 5425 Letiensis
2525 5370 2711 5439 abbas,
2742 5380 2905 5439 atque
2953 5369 3076 5424 inde
3121 5374 3351 5425 maxima
3381 5372 3520 5426 dona
3565 5373 3796 5427 Lastiam
3892 5404 3895 5411 ν

2196 5443 2418 5507 .retulit,
2455 5442 2698 5497 videlicet
2725 5457 2786 5495 os
2816 5444 2881 5495 de
2903 5456 3128 5509 corpore
3169 5444 3335 5510 ipsius
3364 5446 3632 5512 martyris,
3651 5444 3799 5499 etde

2215 5513 2397 5568 cinere
2429 5524 2532 5566 tam
2560 5514 2737 5567 carnis
2768 5514 2933 5581 ipsius
2960 5527 3116 5581 quam
3155 5514 3594 5568 vestimentorum
3623 5527 3677 5568 et
3716 5514 3789 5568 le-

2215 5584 2344 5637 ctuli
2378 5585 2426 5636 in
2458 5599 2564 5650 quo
2597 5586 2821 5651 primum
2853 5584 3091 5649 sepultus
3119 5583 3241 5648 fuit,
3283 5591 3391 5638 etc.
3421 5583 3480 5639 S.
3512 5582 3795 5647 Lamberti

2213 5652 2330 5707 dies
2358 5656 2546 5707 natalis
2573 5654 2869 5708 celebratur
2902 5655 2967 5708 17
3012 5656 3286 5721 Septemb.

2291 5721 2312 5761 ί
2354 5723 2553 5799 Rome.
2597 5725 2657 5778 lii
2685 5740 2813 5780 vero
2838 5725 3041 5799 Tripoli
3069 5726 3210 5792 passi
3254 5733 3382 5785 sunt
3415 5724 3573 5799 juxta
3600 5724 3778 5787 Usus:

609 5810 632 5835 ε
660 5799 938 5855 Lamberti.
980 5803 1135 5855 Anno
1184 5798 1343 5863 1145,
1377 5810 1565 5867 quarto
1592 5791 1805 5855 decimo
1846 5794 1962 5852 Kal.
2012 5794 2103 5851 Ja-
2205 5795 2357 5865 dum,
2390 5795 2694 5851 Hrabanum
2739 5807 2791 5851 ct
2837 5791 3140 5850 Baronium.

536 5873 736 5940 nuarii,
766 5880 900 5928 teste
927 5870 1125 5927 Jacobo
1146 5870 1514 5941 Chapeavillo,
1543 5870 1594 5926 in
1634 5868 1783 5925 Notis
1819 5868 1885 5923 ad
1921 5867 2101 5937 prolo-
