4064 6346
274 337 413 401 Iul

1409 335 1603 393 SECT.
1641 335 1708 393 ll.
1746 362 1819 379 -ι
1857 336 2421 397 MARTYBOLOGIA.

3386 332 3522 392 “42

1537 448 1763 505 EDITIO
1799 448 2253 507 COLONIENSIS.

270 541 561 599 Ocnvuutt
606 552 1264 609 Qusnucsstttosscurtno,
1327 554 1648 599 osvnrunts
1700 555 1843 596 veno
1871 545 1921 605 Λ
1950 542 2194 606 basilica,
2228 550 2287 598 ut
2312 540 2512 607 decuit,
2534 548 2824 613 martyrem
2854 540 3113 610 sepelivit.
3148 540 3272 623 Ipso
3292 542 3379 597 die
3408 541 3517 596 Ro-

268 649 584 691 CENTESIM‘
610 650 952 690 NONAGESIIIE
983 650 1177 690 TERTIO
1202 649 1357 700 ANNO,
1384 651 1446 688 ΑΒ
1480 635 1627 690 υιωε
1658 650 1837 691 AUTEI

267 743 497 783 CONDITA
558 742 1043 783 SEPTINGENTESIHO
1096 742 1519 791 QUINQUAGESIUO
1573 741 1842 791 SECUNDO,

266 820 596 889 compressis
624 832 932 877 cunctarum
954 836 1044 892 per
1068 823 1253 876 orbem
1287 831 1441 875 terra:
1469 820 1700 889 gentium
1724 835 1839 873 mo-

268 913 432 977 libus,
464 926 516 970 et
568 913 871 967 ﬁrmissima
901 929 1030 981 pace
1065 913 1401 968 ordinatione
1450 914 1544 983 Dei
1578 927 1606 969 a
1636 914 1844 969 Caesare

265 1005 507 1075 Angusto
552 1005 843 1061 Octaviano
873 1005 1188 1075 composita,
1229 1007 1440 1077 quando
1482 1006 1743 1077 Cyrenius
1777 1022 1843 1061 ex

265 1096 489 1150 consilio
538 1105 772 1163 senatus,
825 1096 877 1151 in
908 1097 1145 1152 Judaeum
1176 1097 1396 1165 missus,
1438 1113 1631 1153 census
1661 1097 1837 1154 homi-

265 1202 393 1243 num
449 1189 950 1261 possessionumque
1000 1189 1355 1257 describebat,
1397 1200 1613 1245 sextam
1662 1189 1843 1245 mundi

262 1286 475 1333 aetatem
525 1293 623 1333 suo
678 1280 917 1348 piissimo
962 1282 1293 1339 consecravit
1348 1280 1598 1343 adventu.
1644 1280 1844 1336 Eodem

264 1369 355 1426 die
386 1373 563 1427 natale
593 1384 791 1429 sanctas
842 1374 1156 1440 Anastasius,
1187 1390 1306 1443 quas
1352 1385 1590 1444 tempore
1641 1375 1849 1431 Diocle-

262 1461 396 1516 tiani
422 1462 589 1530 pritno
618 1464 953 1523 clarissimam
981 1474 1034 1523 et
1058 1464 1318 1527 immitem
1347 1466 1647 1521 custodiam
1673 1483 1700 1521 a
1731 1467 1845 1523 viro

261 1565 364 1607 sne
414 1551 601 1608 Publio
656 1568 929 1624 perpessa,
996 1556 1045 1610 in
1098 1571 1199 1625 qna
1233 1566 1409 1611 tamen
1438 1572 1465 1610 a
1498 1558 1849 1629 Chrysogono

259 1645 567 1703 contessore
586 1646 777 1704 Christi
803 1650 1023 1704 multum
1048 1650 1319 1705 consolala
1344 1658 1399 1705 et
1422 1651 1717 1709 conlortata
1743 1660 1844 1720 est,

259 1736 453 1794 deinde
482 1754 510 1793 a
541 1739 789 1810 praelecto
821 1740 1026 1811 lllyrico
1076 1742 1128 1803 in
1185 1741 1516 1811 gravissima,
1548 1753 1705 1813 atque
1734 1743 1850 1801 ditt-

259 1831 371 1886 tina
418 1834 659 1887 custodia
700 1844 964 1895 macerata
1003 1844 1105 1903 est,
1163 1838 1215 1891 in
1260 1852 1359 1905 qua
1407 1836 1616 1892 duobus
1648 1838 1848 1893 mensi-

1949 648 2051 688 mae
2081 634 2131 686 in
2154 633 2462 690 cmmeterio
2496 632 2788 701 Aproniani
2825 633 2999 701 passio
3036 644 3233 688 sancta
3265 633 3519 703 Eugeniae

1947 724 2187 793 virginis,
2241 740 2358 794 qua}
2407 733 2646 793 tempore
2707 723 2938 781 Gallieni
2992 726 3333 795 imperatoris
3398 734 3519 793 post

1947 818 2109 879 multa
2138 817 2361 884 insignia
2397 816 2672 883 virtutum,
2704 826 2757 871 et
2794 831 2977 873 sacros
3004 818 3267 886 virginum
3298 817 3516 884 choros,

1946 924 2077 977 quos
2106 907 2327 963 Christo
2353 908 2580 962 Domino
2607 917 3004 978 aggregaverat,
3033 909 3132 963 sub
3159 908 3385 980 Nycetio
3414 924 3509 963 ur-

1947 1001 2031 1057 bis
2059 1001 2305 1070 praefecto
2325 1003 2536 1072 alligato
2566 1015 2718 1067 saxo,
2746 1011 2800 1057 et
2821 1002 3146 1072 praecipitata
3176 1002 3227 1056 in
3252 1001 3509 1067 Tiberim,

1947 1092 2041 1151 sed
2086 1092 2249 1161 mergi
2280 1108 2382 1147 non
2432 1092 2619 1161 potuit.
2660 1092 2787 1149 inde
2816 1093 3035 1148 thermis
3079 1094 3260 1163 ignitis
3291 1091 3520 1157 inclusa,

1948 1185 2109 1242 illaesa
2154 1195 2359 1254 reperta
2393 1196 2492 1251 est,
2540 1188 2827 1243 novissime
2873 1188 2925 1242 in
2970 1187 3060 1241 die
3088 1188 3278 1241 natalis
3307 1186 3516 1241 Domini

1949 1278 2083 1333 sicut
2110 1277 2221 1345 ipse
2261 1278 2504 1333 Salvator
2534 1280 2580 1334 ei
2626 1288 2747 1334 ante
2791 1279 3068 1346 revelavit,
3099 1294 3197 1350 per
3227 1280 3518 1348 spiculata-

1949 1386 2063 1428 rem
2113 1370 2167 1425 in
2197 1372 2434 1425 custodia
2465 1372 2641 1440 gladio
2691 1372 2979 1442 jnguiatur.
3037 1373 3102 1428 Et
3131 1374 3398 1428 sublatum
3432 1380 3519 1426 est

1949 1480 2140 1533 corpus
2195 1462 2359 1532 ejusa
2404 1464 2736 1525 Christianis,
2769 1475 2824 1521 et
2853 1466 3079 1533 positum
3118 1479 3223 1520 non
3264 1465 3423 1534 longe
3451 1463 3518 1518 ab

1950 1558 2082 1613 urbe
2105 1556 2186 1612 via
2230 1555 2433 1621 Latina,
2467 1556 2520 1611 lu
2552 1558 2753 1626 praedio
2778 1558 2894 1629 ejus
2942 1559 3178 1629 proprio,
3210 1557 3299 1614 ubi
3328 1558 3523 1613 multo-

1950 1670 2067 1710 rum
2094 1655 2205 1724 ipsa
2234 1654 2520 1724 sepelierat
2548 1653 2806 1709 membra.

2023 1748 2082 1803 C.
2120 1747 2208 1802 VII
2232 1747 2470 1802 Ksnsnu.
2503 1746 2624 1802 Jan.
2654 1774 2723 1786 --
2750 1746 2805 1802 in
2838 1744 3034 1815 oppido
3066 1742 3521 1815 Jerosoiymltano

1951 1837 2372 1908 Caphargamala
2404 1837 2581 1907 passio
2623 1837 2791 1892 sancti
2821 1836 3079 1907 Stephani
3113 1834 3524 1906 protomartyris

259 1922 364 1980 bus
390 1923 586 1982 refecta
612 1935 695 1985 est
737 1927 1040 1983 cmlestibus
1083 1928 1223 1983 escis
1272 1943 1364 1998 per
1392 1937 1631 1989 sanctam
1672 1928 1848 1989 Theo—
1884 1923 1931 1989 B
1955 1931 2176 1995 Christi,
2204 1933 2292 2001 qui
2336 1946 2439 1985 non
2492 1930 2660 1985 multo
2691 1939 2808 1999 post
2835 1930 3204 1983 ascensionem
3228 1926 3439 1981 Domini
3460 1926 3527 1979 ab

261 2017 473 2084 doram,
521 2035 639 2089 quae
693 2020 1006 2088 martyrium
1059 2019 1203 2088 prius
1258 2036 1414 2090 passa
1472 2030 1574 2083 est.
1644 2020 1846 2077 Deinde

258 2109 382 2163 navi
437 2110 681 2180 imposita
743 2127 862 2167 cum
917 2112 1162 2167 ducentis
1219 2112 1372 2180 viris,
1428 2122 1485 2168 et
1532 2113 1843 2183 quingentis

254 2198 485 2268 feminis,
516 2214 572 2257 ut
611 2204 1049 2274 deniergerentur
1076 2203 1130 2261 in
1160 2219 1341 2271 mare;
1390 2206 1484 2262 sed
1526 2208 1730 2277 perlata
1762 2216 1847 2263 est

254 2292 324 2348 ad
352 2294 552 2349 insulas
608 2294 919 2363 Palmarias,
968 2297 1057 2353 ubi
1112 2314 1209 2369 per
1242 2313 1432 2355 manus
1470 2308 1524 2354 et
1556 2299 1716 2368 pedes
1745 2314 1843 2355 ex-

255 2395 428 2454 tensa,
455 2396 508 2442 et
532 2388 688 2459 ligata
719 2388 785 2443 ad
814 2390 962 2460 palos
995 2391 1150 2457 ﬁxos,
1191 2403 1245 2447 et
1269 2395 1413 2448 circa
1457 2392 1694 2448 medium
1728 2392 1844 2463 ejus

255 2479 397 2549 ignis
447 2494 726 2549 accensus,
752 2482 805 2537 in
850 2496 955 2552 quo
1002 2486 1316 2556 martyrium
1346 2471 1843 2550 consummavitfet

250 2584 439 2626 omnes
482 2573 571 2641 qui
628 2587 750 2627 cum
816 2573 902 2627 illa
936 2584 1213 2643 venerant,
1245 2576 1407 2629 variis
1454 2575 1839 2635 interiectioni-

252 2659 357 2717 bus
385 2663 697 2736 martyrium
725 2664 1084 2723 celebrarunt.
1118 2665 1261 2724 Inter
1308 2682 1444 2737 quos
1489 2682 1675 2725 omnes
1702 2683 1840 2725 unus

252 2763 371 2807 erat
404 2756 849 2812 innocentissimar
901 2767 1123 2826 natura},
1182 2760 1400 2816 nomine
1449 2760 1836 2832 Eutyebianus.

249 2844 353 2912 Qui
376 2846 600 2902 sublatis
626 2849 749 2916 sibi,
786 2864 907 2907 cum
939 2852 1094 2909 dives
1139 2862 1303 2921 esset,
1334 2855 1586 2912 omnibus
1610 2855 1834 2911 faculta-

254 2943 423 3009 tibus,
476 2946 639 2999 tacuit
684 2944 815 3001 nihil
844 2948 1102 3017 cogitans,
1152 2950 1392 3019 nihilque
1434 2957 1679 3005 metuens
1732 2948 1835 3003 nisi

252 3034 379 3099 hoc,
432 3052 499 3093 ne
549 3039 827 3096 facultates
856 3056 918 3095 ac
948 3042 1163 3098 divitias
1211 3042 1335 3098 ﬁdei
1377 3042 1654 3112 perderet.
1688 3041 1836 3110 Quo.

250 3128 560 3199 tiescunque
605 3128 795 3188 fuisset
844 3134 1075 3204 auditus,
1134 3134 1553 3205 quotiescunque
1602 3134 1834 3190 interro-

248 3230 423 3291 gatus,
444 3222 574 3277 nihil
606 3224 749 3278 aliud
770 3224 980 3281 dicebat
1014 3244 1027 3281 :
1059 3224 1336 3282 Christum
1368 3228 1500 3282 mihi
1528 3242 1633 3283 non
1665 3226 1822 3289 tollit,

1948 2022 2213 2092 apostolis
2239 2022 2498 2076 diaconus
2524 2022 2797 2077 ordinatus
2819 2030 2920 2076 est.
2954 2020 3156 2075 Scribit
3197 2020 3382 2075 beatus
3411 2017 3523 2073 Lu-

1945 2127 2038 2170 cas
2083 2113 2406 2184 evangelista
2434 2113 2552 2184 ejus
2584 2115 2887 2183 passionem
2911 2114 2964 2168 in
2991 2112 3211 2168 Actibus
3236 2110 3508 2180 apostolo-

1946 2225 2085 2265 rum.
2122 2210 2324 2265 Eodem
2352 2209 2440 2265 die
2468 2211 2635 2263 sancti
2672 2210 2873 2278 lgnatii,
2902 2208 3021 2264 Ruii
3046 2218 3102 2265 et
3123 2206 3321 2263 Zosimi
3346 2219 3515 2277 papae,

1945 2305 2033 2375 qui
2059 2304 2199 2359 sedit
2234 2305 2420 2359 Romae
2449 2320 2647 2358 annum
2681 2320 2863 2359 unum.
2894 2303 2988 2359 llic
3012 2302 3289 2359 constituit
3320 2310 3381 2356 ut
3402 2301 3517 2356 dia-

1943 2411 2113 2452 conus
2169 2396 2354 2451 lzevatn
2388 2405 2589 2467 tegeret
2632 2395 2829 2464 palliis,
2873 2405 2925 2451 et
2954 2399 3206 2464 prmcepit
3258 2402 3316 2447 ut
3343 2392 3516 2453 nullus

1942 2487 2169 2544 clericus
2195 2488 2442 2556 poculum
2475 2488 2527 2541 in
2574 2486 2787 2555 publico
2829 2485 3157 2556 prepinaret,
3192 2484 3293 2539 nisi
3319 2491 3522 2539 tantum

1943 2579 1995 2635 in
2025 2579 2173 2634 cellis
2225 2578 2462 2635 ﬁdelium
2515 2588 2570 2635 et
2600 2579 2939 2634 clericorum.
2990 2577 3063 2633 De
3096 2591 3322 2647 quorum
3353 2590 3523 2645 agone

1940 2669 2114 2737 felici,
2160 2681 2375 2726 sanctus
2427 2669 2755 2740 Polycarpus
2806 2669 2860 2725 in
2912 2668 3138 2739 epistola
3196 2665 3264 2721 ad
3322 2665 3521 2734 Philip-

1940 2776 2131 2832 penses
2182 2762 2389 2825 scribit,
2446 2761 2675 2816 dicens:
2714 2778 2733 2812 ι
2787 2760 3055 2828 Deprecor
3102 2767 3282 2812 autem
3333 2768 3521 2810 omnes

1937 2867 2035 2910 vos
2060 2853 2378 2910 obedientiae
2401 2853 2529 2909 dare
2546 2867 2785 2922 operam,
2819 2866 2883 2906 ac
2910 2848 3152 2906 meditari
3181 2847 3519 2920 patientiam,

1935 2962 2098 3018 quam
2126 2947 2331 3003 vidistis
2364 2947 2416 3001 in
2448 2945 2672 3015 lgnatio,
2720 2953 2775 3000 et
2812 2942 2969 3010 Rufo,
2998 2952 3052 2998 et
3088 2941 3305 2997 Zosimo
3337 2939 3511 2996 beatis

1934 3042 2087 3103 viris,
2119 3043 2347 3096 scientes
2376 3039 2514 3111 quod
2545 3038 2595 3093 hi
2631 3054 2734 3092 non
2765 3039 2814 3092 in
2846 3051 3090 3099 vacuum,
3114 3036 3206 3090 sed
3234 3048 3327 3104 per
3359 3032 3520 3087 iidem

1933 3144 1984 3192 et
2025 3133 2289 3204 justitiam
2323 3141 2703 3196 cucurrerunt,
2733 3130 2903 3184 donec
2950 3127 3201 3183 venirent
3227 3126 3294 3179 ad
3345 3125 3522 3179 locum

1933 3228 2033 3285 sibi
2065 3243 2093 3281 a
2129 3225 2351 3281 Domino
2392 3231 2767 3294 praeparatum,
2826 3222 3079 3292 quoniam
3132 3218 3345 3289 quidem
3392 3231 3521 3287 pas-

246 3289 408 3377 etiam
445 3314 535 3386 qui
588 3328 750 3387 caput
798 3318 1100 3377 abstulerit.
1141 3320 1290 3377 Tune
1341 3319 1621 3390 Apollonia
1669 3319 1826 3375 Chri-
1855 3289 1900 3354 α
1930 3319 2139 3376 sionum
2179 3316 2297 3388 ejus
2337 3289 2621 3386 participes
2674 3289 3021 3379 exstiterunt;
3074 3324 3171 3366 nec
3214 3310 3524 3365 dilexerunt

249 3406 421 3460 stiana
474 3415 717 3462 matrona
770 3409 962 3465 tollens
1022 3426 1219 3482 corpus
1270 3412 1439 3468 beatae
1485 3410 1824 3478 Anastasiaa,

249 3498 682 3569 exosculabatur,
709 3509 765 3558 et
791 3503 1120 3559 aromatibus
1147 3512 1203 3561 et
1244 3504 1639 3562 linteaminibus
1667 3520 1823 3559 mun-

250 3588 340 3648 dis
369 3591 683 3663 obvolvens,
712 3595 852 3653 intra
874 3596 1187 3653 viridarium
1218 3597 1410 3655 domus
1432 3614 1543 3654 suae
1570 3597 1826 3653 fabricata

1932 3426 2167 3484 praesens
2209 3412 2484 3478 sacculum,
2539 3409 2634 3466 sed
2662 3408 2955 3471 Christum,
3010 3405 3099 3476 qui
3138 3418 3236 3473 pro
3283 3402 3437 3474 ipsis'
3468 3407 3529 3458 et

1933 3517 2032 3576 pro
2082 3503 2331 3561 omnibus
2375 3511 2615 3559 mortuus
2663 3507 2774 3570 est,
2811 3506 2864 3556 et
2891 3495 3207 3565 resurrexit.
3239 3512 3263 3549 ι

1499 3714 1730 3772 EDlTlO
1769 3691 2269 3770 BOLLANDIANA.

254 3823 489 3893 potentia
518 3834 572 3880 et
602 3830 811 3896 tempus
853 3826 1142 3883 nativitatis
1184 3841 1293 3883 suae
1340 3824 1606 3897 praevidit,
1634 3834 1688 3880 et
1712 3839 1823 3879 ma-

256 3924 387 3970 trem
424 3931 519 3985 per
548 3931 709 3988 quam
741 3927 1053 3976 nasceretur
1080 3918 1263 3988 elegit.

325 4008 391 4063 Et
420 4007 481 4064 S.
523 4017 551 4047 α
599 4009 846 4080 Eugenia:
876 4012 1113 4081 virginis.
1162 4012 1362 4067 Eodem
1407 4011 1492 4068 die
1538 4010 1716 4067 natale
1770 4009 1830 4066 S.

254 4101 584 4170 Anastasius;
637 4118 755 4173 quae
802 4114 1041 4177 tempore
1086 4104 1403 4161 Diocletiani
1438 4104 1611 4174 primo
1657 4103 1829 4159 diram

254 4201 310 4249 et
337 4194 594 4252 immitem
622 4194 916 4253 custodiam
963 4213 994 4252 a
1040 4198 1155 4254 viro
1212 4212 1310 4253 suo
1355 4197 1544 4252 Publio
1576 4210 1832 4267 perpessa

255 4295 359 4353 est,
392 4288 446 4343 in
473 4302 574 4357 qua
601 4297 776 4345 nmen
806 4304 835 4343 a
865 4295 891 4335 b
920 4287 1269 4362 Chrysogono
1300 4289 1609 4345 confessore
1635 4285 1835 4343 Christi

255 4378 481 4433 multum
530 4380 805 4435 consolata
844 4389 898 4436 et
925 4381 1222 4436 conlortata
1257 4391 1358 4438 cst.
1406 4379 1613 4437 Deinde
1640 4394 1668 4437 a
1699 4394 1835 4449 prat-

198 4548 211 4555 Χ
254 4467 394 4525 tecto
439 4470 625 4530 lliirici
665 4473 718 4528 in
747 4472 1059 4543 gravissima
1092 4490 1244 4544 mque
1284 4484 1337 4531 et
1365 4474 1565 4530 diutina
1592 4472 1832 4529 custodia

250 4575 520 4622 macerata
548 4576 632 4625 est
672 4567 975 4640 (ﬂuensque
1004 4568 1123 4639 A.),
1157 4569 1209 4623 in
1240 4582 1343 4638 qua
1380 4568 1591 4623 duobus
1622 4566 1829 4622 mensi-

1937 3822 1992 3877 in
2018 3832 2123 3890 quo
2152 3813 2468 3885 martyrium
2494 3806 2905 3873 consummavit,
2938 3814 2991 3861 et
3036 3816 3223 3861 omnes
3264 3789 3371 3875 qui.
3397 3815 3520 3858 cum

1938 3916 2025 3975 illa
2054 3918 2313 3970 venerant
2342 3907 2499 3967 variis
2524 3901 2991 3963 interiectionibus
3021 3897 3332 3973 martyrium
3358 3895 3517 3955 cele-

1937 4010 2177 4073 brarunt.

2008 4098 2199 4154 Florus
2225 4097 2276 4150 in
2320 4093 2386 4150 A.
2428 4092 2491 4147 Τ.
2521 4089 2582 4146 L.
2618 4088 2910 4162 praeposuit
2943 4104 2955 4141 :
2987 4085 3046 4142 in
3072 4084 3288 4142 Sirmio.

2011 4191 2099 4259 Β..
2130 4184 2651 4256 Constantin0polim
2673 4181 2731 4239 S.
2764 4178 3051 4241 Anastasii.

2012 4283 2103 4337 26.
2134 4279 2320 4337 —Vll
2369 4278 2506 4335 Kac.
2536 4276 2727 4334 Natale
2782 4274 2840 4333 S.
2905 4271 3165 4343 Stephani
3226 4278 3521 4345 protomar-

1944 4378 2098 4435 tvris.

1966 4392 2204 4525 y‘l‘l‘slorus
2246 4468 2297 4525 in
2349 4465 2415 4523 Α.
2465 4463 2530 4519 Τ.
2576 4450 2682 4521 ι.;
2735 4460 2791 4516 in
2848 4458 3044 4529 oppido
3073 4458 3521 4532 ierosoiymttabo

1938 4554 2061 4618 villa
2089 4555 2514 4630 Caphargamala
2543 4553 2721 4626 passio
2764 4552 2824 4610 Β.
2857 4551 3137 4623 Stephani,
3180 4554 3267 4620 qui
3296 4551 3364 4605 ab
3387 4564 3520 4619 apo-

250 4659 351 4714 bus
382 4658 577 4717 refecta
608 4673 689 4718 est
729 4665 1041 4719 caelestibus
1069 4662 1212 4719 escis
1263 4677 1356 4731 per
1390 4662 1448 4718 s.
1492 4662 1827 4727 Theodoreti,
1862 4676 1914 4739 ο
1937 4653 2086 4710 stolis
2113 4651 2270 4708 levita
2312 4647 2606 4712 ordinatus,
2638 4645 2707 4701 ob
2742 4646 3104 4739 testimonium
3134 4642 3334 4739 Christi
3368 4641 3509 4739 lapis

250 4764 370 4822 qua:
410 4751 555 4823 prius
585 4755 892 4827 martyrium
923 4770 1079 4825 passa
1120 4764 1225 4813 est.
1261 4754 1460 4810 Deinde
1492 4754 1611 4809 navi
1656 4753 1829 4821 impo-

248 4839 351 4897 sita
379 4856 501 4899 cum
541 4844 786 4901 ducentis
820 4846 948 4901 viris
996 4853 1054 4903 et
1104 4845 1452 4915 septingentis
1506 4842 1740 4909 feminis,
1774 4850 1831 4897 ut

248 4933 651 5006 demergeretur
690 4940 747 4994 in
774 4940 927 5006 mari,
960 4940 1160 5008 perlata
1200 4948 1278 4995 est
1329 4939 1395 4994 ad
1448 4939 1648 4994 insulas
1701 4935 1830 4991 Pal-

250 5027 469 5094 marias,
497 5031 584 5085 ubi
613 5046 706 5101 per
727 5046 916 5088 manus
942 5039 995 5087 et
1018 5031 1182 5104 pedes
1207 5039 1426 5088 extensa
1451 5041 1555 5101 est,
1583 5031 1737 5101 ligata
1760 5027 1829 5085 ad

249 5118 403 5188 palos
432 5118 593 5191 fixos,
622 5131 676 5179 et
700 5124 842 5180 circa
871 5123 1108 5183 medium
1128 5122 1249 5194 eius
1274 5123 1410 5193 ignis
1441 5136 1697 5181 accensus
1726 5130 1832 5187 est,

1938 4748 2188 4807 dantibus
2211 4744 2411 4802 Judzeis
2461 4743 2665 4815 primus
2719 4750 2839 4810 post
2889 4737 3256 4793 ascensionem
3306 4735 3517 4791 Domini

1941 4840 2195 4911 martyrio
2216 4843 2614 4892 consummatus
2640 4842 2724 4890 est
2760 4831 3063 4903 (ﬂuensque
3086 4828 3201 4898 A.).
3230 4827 3325 4883 llic
3352 4828 3520 4882 caelos

1941 4934 2074 4990 vidit
2111 4938 2324 5001 apertos
2370 4936 2424 4983 et
2472 4926 2653 4982 Jesum
2702 4932 2928 4980 stantem
2978 4936 3009 4976 a
3058 4920 3259 4977 dextris
3306 4917 3520 4973 virtutis

1942 5028 2073 5095 Dei;
2100 5026 2183 5082 cui
2208 5024 2455 5096 spiritum
2495 5019 2898 5085 commendans,
2933 5024 2988 5074 et
3023 5032 3121 5088 pro
3163 5018 3518 5087 persecutori-

1942 5122 2044 5179 bus
2065 5134 2316 5189 exorans,
2342 5118 2515 5177 imbre
2543 5114 2775 5187 lapidum
2797 5111 3041 5184 perfusus
3061 5109 3402 5173 obdormivit.

1634 5234 1844 5294 SMlTll
1880 5233 2111 5293 NOTAE.

327 5350 353 5381 ⁸
396 5347 662 5420 Eugeniae.
715 5347 869 5404 Filia:
916 5346 1148 5419 Philippi
1202 5346 1441 5418 praefecti
1486 5346 1829 5420 Alexandrini

253 5417 500 5489 tempore
544 5420 769 5475 Gallieni
817 5417 1173 5489 imperatoris,
1203 5417 1322 5489 quae
1365 5432 1647 5473 assumens
1678 5417 1832 5473 habi-

251 5487 605 5550 tum—virilem
627 5505 746 5546 cum
777 5492 939 5546 sociis
979 5487 1135 5546 Prata
1158 5487 1536 5562 ebiiyacimho
1564 5498 1832 5562 monaste-

254 5564 397 5619 rium
428 5564 671 5633 ingressa
697 5572 799 5633 est,
828 5562 978 5629 cujus
1008 5571 1187 5632 postea
1212 5560 1346 5615 facta
1376 5574 1457 5615 est
1481 5562 1663 5615 abbas.
1700 5560 1826 5614 Post

254 5632 701 5705 plnrirna’autem
746 5632 968 5705 insignia
1000 5636 1100 5688 sub
1146 5632 1352 5705 Nicetio
1398 5633 1541 5685 urbis
1576 5633 1826 5705 praelecto

252 5701 344 5760 diu
372 5705 679 5775 agonizans,
725 5701 1012 5759 novissime
1055 5705 1233 5773 gladio
1276 5703 1509 5773 jugulata
1560 5714 1660 5775 est.
1696 5701 1828 5773 Ejus

252 5778 385 5832 Acta
414 5774 679 5843 descripta
706 5790 737 5830 a
782 5775 1140 5844 Metaphraste
1182 5785 1392 5830 exstant
1419 5775 1555 5844 apud
1583 5774 1839 5839 Surium,-

253 5857 389 5931 tom.
418 5844 507 5905 Vl.
540 5844 750 5907 Habent
800 5854 977 5907 tamen
1027 5846 1205 5919 aliqua
1251 5862 1370 5920 qua:
1415 5860 1642 5904 censura
1690 5845 1801 5900 indi

1938 5356 2119 5419 geant,
2152 5344 2316 5419 veluti
2357 5342 2507 5419 quod.
2546 5338 2617 5395 ibi
2660 5337 2853 5407 legitur
2892 5336 2961 5419 de
2990 5334 3233 5419 Philippo
3262 5333 3515 5419 Eugeniae

1940 5406 2117 5489 patre,
2159 5416 2318 5480 facto,
2355 5406 2412 5469 ut
2462 5412 2535 5466 ait
2579 5420 2786 5475 auctor,
2822 5409 3074 5489 episcopo
3126 5406 3514 5488 Alexandrino,

1939 5478 2268 5558 quod'plane
2305 5478 2674 5558 commentum
2717 5494 2840 5558 esse
2891 5478 3107 5558 Iahn-lae
3137 5479 3513 5558 episcoporum

1887 5546 2414 5615 'A'Iexandrinorum
2452 5568 2571 5624 qua:
2620 5552 2688 5605 ab
2748 5550 2978 5624 Eusebio
3033 5549 3086 5604 in
3133 5546 3331 5604 Chron.
3377 5548 3514 5603 etin

1931 5632 2063 5688 llist.
2095 5621 2486 5689 describuntur,
2517 5624 2793 5678 manifeste
2820 5621 3113 5677 declarant.

1996 5705 2025 5745 b
2067 5688 2544 5770 Cltrysogono,_De
2591 5694 2703 5770 hoe
2720 5694 2809 5763 qui
2856 5691 3188 5749 Anastasiam
3234 5688 3301 5747 ad
3344 5688 3506 5746 ﬁdem

1928 5765 2213 5840 convertit,
2249 5765 2369 5826 vide
2390 5766 2462 5825 '24
2487 5765 2746 5825 Novemb.
