  <div class='ocr_page' id='page_1' title='image "/cluster/home/n/w/nwhite01/storage/ocr_20150623/94/hvd.32044020406492/579.png"; bbox 0 0 4064 6346; ppageno 0'>
   <div class='ocr_carea' id='block_1_1' title="bbox 568 348 709 410">
    <p class='ocr_par' dir='ltr' id='par_1_1' title="bbox 568 348 709 410">
     <span class='ocr_line' id='line_1_1' title="bbox 568 348 709 410; baseline 0.021 -3"><span class='ocrx_word' id='word_1_1' title='bbox 568 348 709 410; x_wconf 74' lang='grc'><strong>1145</strong></span> 
     </span>
    </p>
   </div>
   <div class='ocr_carea' id='block_1_2' title="bbox 1290 348 3035 409">
    <p class='ocr_par' dir='ltr' id='par_1_2' title="bbox 1290 348 3035 409">
     <span class='ocr_line' id='line_1_2' title="bbox 1290 348 3035 409; baseline -0.001 -3"><span class='ocrx_word' id='word_1_2' title='bbox 1290 351 1490 407; x_wconf 72' lang='grc' dir='ltr'>ΒΕΒιΕ</span> <span class='ocrx_word' id='word_1_3' title='bbox 1538 348 1984 409; x_wconf 80' lang='lat' dir='ltr'><strong>VENERABILIS</strong></span> <span class='ocrx_word' id='word_1_4' title='bbox 2020 349 2167 408; x_wconf 84' lang='lat' dir='ltr'><strong>OPP.</strong></span> <span class='ocrx_word' id='word_1_5' title='bbox 2210 349 2382 407; x_wconf 80' lang='lat' dir='ltr'><strong>PARS</strong></span> <span class='ocrx_word' id='word_1_6' title='bbox 2419 348 2508 405; x_wconf 81' lang='lat' dir='ltr'><strong>IV.</strong></span> <span class='ocrx_word' id='word_1_7' title='bbox 2548 378 2617 392; x_wconf 87' lang='lat'><strong>—-</strong></span> <span class='ocrx_word' id='word_1_8' title='bbox 2654 348 3035 407; x_wconf 76' lang='lat' dir='ltr'><strong>HISTORICA.</strong></span> 
     </span>
    </p>
   </div>
   <div class='ocr_carea' id='block_1_3' title="bbox 3680 350 3830 408">
    <p class='ocr_par' dir='ltr' id='par_1_3' title="bbox 3680 350 3830 408">
     <span class='ocr_line' id='line_1_3' title="bbox 3680 350 3830 408; baseline -0.013 0"><span class='ocrx_word' id='word_1_9' title='bbox 3680 350 3830 408; x_wconf 73' lang='grc' dir='ltr'><strong>ηιι</strong></span> 
     </span>
    </p>
   </div>
   <div class='ocr_carea' id='block_1_4' title="bbox 1806 464 2544 524">
    <p class='ocr_par' dir='ltr' id='par_1_4' title="bbox 1806 464 2544 524">
     <span class='ocr_line' id='line_1_4' title="bbox 1806 464 2544 524; baseline 0.004 -4"><span class='ocrx_word' id='word_1_10' title='bbox 1806 466 2033 523; x_wconf 84' lang='lat' dir='ltr'><strong>EDITIO</strong></span> <span class='ocrx_word' id='word_1_11' title='bbox 2070 464 2544 524; x_wconf 72' lang='lat' dir='ltr'><strong>COLONIENSIS.</strong></span> 
     </span>
    </p>
   </div>
   <div class='ocr_carea' id='block_1_5' title="bbox 634 557 3835 630">
    <p class='ocr_par' dir='ltr' id='par_1_5' title="bbox 634 557 3835 630">
     <span class='ocr_line' id='line_1_5' title="bbox 634 557 3835 630; baseline 0 -15"><span class='ocrx_word' id='word_1_12' title='bbox 634 558 699 615; x_wconf 91' lang='lat' dir='ltr'><strong>D.</strong></span> <span class='ocrx_word' id='word_1_13' title='bbox 742 558 808 616; x_wconf 85' lang='lat' dir='ltr'><strong>Vl</strong></span> <span class='ocrx_word' id='word_1_14' title='bbox 836 558 969 615; x_wconf 78' lang='lat' dir='ltr'><strong>KAL.</strong></span> <span class='ocrx_word' id='word_1_15' title='bbox 997 558 1117 616; x_wconf 65' lang='lat' dir='ltr'><strong>Jan.</strong></span> <span class='ocrx_word' id='word_1_16' title='bbox 1150 589 1220 603; x_wconf 92' lang='lat'><strong>—</strong></span> <span class='ocrx_word' id='word_1_17' title='bbox 1243 560 1430 617; x_wconf 90' lang='lat' dir='ltr'><strong>Natale</strong></span> <span class='ocrx_word' id='word_1_18' title='bbox 1460 560 1598 617; x_wconf 97' lang='lat' dir='ltr'><strong>beati</strong></span> <span class='ocrx_word' id='word_1_19' title='bbox 1638 559 1857 616; x_wconf 83' lang='lat' dir='ltr'><strong>Joannis</strong></span> <span class='ocrx_word' id='word_1_20' title='bbox 1898 574 2131 630; x_wconf 87' lang='lat' dir='ltr'><strong>evange—</strong></span> <span class='ocrx_word' id='word_1_21' title='bbox 2157 570 2206 627; x_wconf 78' lang='grc' dir='ltr'><strong>Α</strong></span> <span class='ocrx_word' id='word_1_22' title='bbox 2237 573 2404 613; x_wconf 86' lang='lat' dir='ltr'><strong>annos</strong></span> <span class='ocrx_word' id='word_1_23' title='bbox 2451 574 2577 623; x_wconf 87' lang='lat' dir='ltr'><strong>sex;</strong></span> <span class='ocrx_word' id='word_1_24' title='bbox 2625 558 2866 628; x_wconf 87' lang='lat' dir='ltr'><strong>sepultus</strong></span> <span class='ocrx_word' id='word_1_25' title='bbox 2897 558 2980 613; x_wconf 91' lang='lat' dir='ltr'><strong>via</strong></span> <span class='ocrx_word' id='word_1_26' title='bbox 3027 557 3218 627; x_wconf 86' lang='lat' dir='ltr'><strong>Appia,</strong></span> <span class='ocrx_word' id='word_1_27' title='bbox 3265 572 3318 613; x_wconf 87' lang='lat' dir='ltr'><strong>in</strong></span> <span class='ocrx_word' id='word_1_28' title='bbox 3369 559 3679 615; x_wconf 71' lang='lat' dir='ltr'><strong>cmmeterio</strong></span> <span class='ocrx_word' id='word_1_29' title='bbox 3704 560 3835 616; x_wconf 80' lang='lat' dir='ltr'><strong>Cal-</strong></span> 
     </span>
    </p>
   </div>
   <div class='ocr_carea' id='block_1_6' title="bbox 562 651 2129 723">
    <p class='ocr_par' dir='ltr' id='par_1_6' title="bbox 562 651 2129 723">
     <span class='ocr_line' id='line_1_6' title="bbox 562 651 2129 723; baseline 0.001 -16"><span class='ocrx_word' id='word_1_30' title='bbox 562 651 720 719; x_wconf 71' lang='lat' dir='ltr'><strong>listae,</strong></span> <span class='ocrx_word' id='word_1_31' title='bbox 762 667 920 723; x_wconf 82' lang='lat' dir='ltr'><strong>quem</strong></span> <span class='ocrx_word' id='word_1_32' title='bbox 950 651 1206 709; x_wconf 85' lang='lat' dir='ltr'><strong>Dominus</strong></span> <span class='ocrx_word' id='word_1_33' title='bbox 1249 652 1403 710; x_wconf 90' lang='lat' dir='ltr'><strong>Jesus</strong></span> <span class='ocrx_word' id='word_1_34' title='bbox 1439 653 1645 708; x_wconf 87' lang='lat' dir='ltr'><strong>amavit</strong></span> <span class='ocrx_word' id='word_1_35' title='bbox 1672 653 1997 723; x_wconf 92' lang='lat' dir='ltr'><strong>plurimum;</strong></span> <span class='ocrx_word' id='word_1_36' title='bbox 2040 653 2129 722; x_wconf 89' lang='lat' dir='ltr'><strong>qui</strong></span> 
     </span>
    </p>
   </div>
   <div class='ocr_carea' id='block_1_7' title="bbox 562 745 2128 818">
    <p class='ocr_par' dir='ltr' id='par_1_7' title="bbox 562 745 2128 818">
     <span class='ocr_line' id='line_1_7' title="bbox 562 745 2128 818; baseline 0.001 -19"><span class='ocrx_word' id='word_1_37' title='bbox 562 745 848 801; x_wconf 89' lang='lat' dir='ltr'><strong>secundam</strong></span> <span class='ocrx_word' id='word_1_38' title='bbox 906 755 1025 816; x_wconf 92' lang='lat' dir='ltr'><strong>post</strong></span> <span class='ocrx_word' id='word_1_39' title='bbox 1082 746 1348 803; x_wconf 85' lang='lat' dir='ltr'><strong>Neronem</strong></span> <span class='ocrx_word' id='word_1_40' title='bbox 1407 747 1830 818; x_wconf 74' lang='lat' dir='ltr'><strong>persecutionem</strong></span> <span class='ocrx_word' id='word_1_41' title='bbox 1883 755 2128 801; x_wconf 75' lang='lat' dir='ltr'><strong>movente</strong></span> 
     </span>
    </p>
   </div>
   <div class='ocr_carea' id='block_1_8' title="bbox 560 834 2132 910">
    <p class='ocr_par' dir='ltr' id='par_1_8' title="bbox 560 834 2132 910">
     <span class='ocr_line' id='line_1_8' title="bbox 560 834 2132 910; baseline 0.004 -21"><span class='ocrx_word' id='word_1_42' title='bbox 560 834 886 905; x_wconf 88' lang='lat' dir='ltr'><strong>Domitiano,</strong></span> <span class='ocrx_word' id='word_1_43' title='bbox 918 848 1260 910; x_wconf 87' lang='lat' dir='ltr'><strong>posteaquam</strong></span> <span class='ocrx_word' id='word_1_44' title='bbox 1284 839 1335 895; x_wconf 93' lang='lat' dir='ltr'><strong>in</strong></span> <span class='ocrx_word' id='word_1_45' title='bbox 1358 840 1479 896; x_wconf 93' lang='lat' dir='ltr'><strong>oleo</strong></span> <span class='ocrx_word' id='word_1_46' title='bbox 1506 840 1674 910; x_wconf 91' lang='lat' dir='ltr'><strong>ignito</strong></span> <span class='ocrx_word' id='word_1_47' title='bbox 1694 839 1974 895; x_wconf 87' lang='lat' dir='ltr'><strong>demersus</strong></span> <span class='ocrx_word' id='word_1_48' title='bbox 2000 839 2132 895; x_wconf 90' lang='lat' dir='ltr'><strong>nihil</strong></span> 
     </span>
    </p>
   </div>
   <div class='ocr_carea' id='block_1_9' title="bbox 558 929 2134 1001">
    <p class='ocr_par' dir='ltr' id='par_1_9' title="bbox 558 929 2134 1001">
     <span class='ocr_line' id='line_1_9' title="bbox 558 929 2134 1001; baseline 0.004 -20"><span class='ocrx_word' id='word_1_49' title='bbox 558 940 746 995; x_wconf 89' lang='lat' dir='ltr'><strong>passus</strong></span> <span class='ocrx_word' id='word_1_50' title='bbox 769 937 872 996; x_wconf 88' lang='lat' dir='ltr'><strong>est,</strong></span> <span class='ocrx_word' id='word_1_51' title='bbox 900 929 952 985; x_wconf 91' lang='lat' dir='ltr'><strong>in</strong></span> <span class='ocrx_word' id='word_1_52' title='bbox 976 930 1258 987; x_wconf 90' lang='lat' dir='ltr'><strong>Pathmum</strong></span> <span class='ocrx_word' id='word_1_53' title='bbox 1284 931 1506 987; x_wconf 87' lang='lat' dir='ltr'><strong>insulam</strong></span> <span class='ocrx_word' id='word_1_54' title='bbox 1534 932 1801 1001; x_wconf 83' lang='lat' dir='ltr'><strong>relegatus</strong></span> <span class='ocrx_word' id='word_1_55' title='bbox 1828 930 1958 985; x_wconf 91' lang='lat' dir='ltr'><strong>vidit</strong></span> <span class='ocrx_word' id='word_1_56' title='bbox 1986 929 2134 1001; x_wconf 85' lang='lat' dir='ltr'><strong>Apo-</strong></span> 
     </span>
    </p>
   </div>
   <div class='ocr_carea' id='block_1_10' title="bbox 559 1019 2130 1092">
    <p class='ocr_par' dir='ltr' id='par_1_10' title="bbox 559 1019 2130 1092">
     <span class='ocr_line' id='line_1_10' title="bbox 559 1019 2130 1092; baseline 0.004 -18"><span class='ocrx_word' id='word_1_57' title='bbox 559 1019 842 1091; x_wconf 85' lang='lat' dir='ltr'><strong>calypsim.</strong></span> <span class='ocrx_word' id='word_1_58' title='bbox 883 1021 1167 1078; x_wconf 88' lang='lat' dir='ltr'><strong>Interfecto</strong></span> <span class='ocrx_word' id='word_1_59' title='bbox 1194 1034 1374 1079; x_wconf 90' lang='lat' dir='ltr'><strong>autem</strong></span> <span class='ocrx_word' id='word_1_60' title='bbox 1419 1023 1745 1090; x_wconf 89' lang='lat' dir='ltr'><strong>Domitiano,</strong></span> <span class='ocrx_word' id='word_1_61' title='bbox 1775 1032 1830 1079; x_wconf 91' lang='lat' dir='ltr'><strong>et</strong></span> <span class='ocrx_word' id='word_1_62' title='bbox 1854 1023 1986 1078; x_wconf 89' lang='lat' dir='ltr'><strong>aclis</strong></span> <span class='ocrx_word' id='word_1_63' title='bbox 2016 1023 2130 1092; x_wconf 84' lang='lat' dir='ltr'><strong>ejus</strong></span> 
     </span>
    </p>
   </div>
   <div class='ocr_carea' id='block_1_11' title="bbox 558 1111 2135 1183">
    <p class='ocr_par' dir='ltr' id='par_1_11' title="bbox 558 1111 2135 1183">
     <span class='ocr_line' id='line_1_11' title="bbox 558 1111 2135 1183; baseline 0.003 -16"><span class='ocrx_word' id='word_1_64' title='bbox 558 1111 630 1168; x_wconf 90' lang='lat' dir='ltr'><strong>ob</strong></span> <span class='ocrx_word' id='word_1_65' title='bbox 661 1113 879 1169; x_wconf 89' lang='lat' dir='ltr'><strong>nimiam</strong></span> <span class='ocrx_word' id='word_1_66' title='bbox 906 1115 1276 1172; x_wconf 89' lang='lat' dir='ltr'><strong>crudelitatem</strong></span> <span class='ocrx_word' id='word_1_67' title='bbox 1304 1117 1545 1172; x_wconf 79' lang='lat' dir='ltr'><strong>rescissis</strong></span> <span class='ocrx_word' id='word_1_68' title='bbox 1574 1132 1603 1170; x_wconf 94' lang='lat' dir='ltr'><strong>a</strong></span> <span class='ocrx_word' id='word_1_69' title='bbox 1631 1125 1838 1183; x_wconf 81' lang='lat' dir='ltr'><strong>senatu,</strong></span> <span class='ocrx_word' id='word_1_70' title='bbox 1868 1117 1968 1171; x_wconf 88' lang='lat' dir='ltr'><strong>sub</strong></span> <span class='ocrx_word' id='word_1_71' title='bbox 2002 1116 2135 1171; x_wconf 90' lang='lat' dir='ltr'><strong>Per-</strong></span> 
     </span>
    </p>
   </div>
   <div class='ocr_carea' id='block_1_12' title="bbox 555 1201 2130 1276">
    <p class='ocr_par' dir='ltr' id='par_1_12' title="bbox 555 1201 2130 1276">
     <span class='ocr_line' id='line_1_12' title="bbox 555 1201 2130 1276; baseline 0.002 -18"><span class='ocrx_word' id='word_1_72' title='bbox 555 1201 734 1258; x_wconf 88' lang='lat' dir='ltr'><strong>tinace</strong></span> <span class='ocrx_word' id='word_1_73' title='bbox 763 1204 1002 1276; x_wconf 90' lang='lat' dir='ltr'><strong>principe</strong></span> <span class='ocrx_word' id='word_1_74' title='bbox 1032 1206 1189 1261; x_wconf 88' lang='lat' dir='ltr'><strong>rediit</strong></span> <span class='ocrx_word' id='word_1_75' title='bbox 1221 1207 1488 1275; x_wconf 86' lang='lat' dir='ltr'><strong>Ephesum</strong></span> <span class='ocrx_word' id='word_1_76' title='bbox 1516 1222 1530 1259; x_wconf 89' lang='lat'><strong>:</strong></span> <span class='ocrx_word' id='word_1_77' title='bbox 1570 1218 1623 1261; x_wconf 91' lang='lat' dir='ltr'><strong>et</strong></span> <span class='ocrx_word' id='word_1_78' title='bbox 1652 1205 1772 1276; x_wconf 91' lang='lat' dir='ltr'><strong>quia</strong></span> <span class='ocrx_word' id='word_1_79' title='bbox 1811 1221 2130 1264; x_wconf 90' lang='lat' dir='ltr'><strong>concussam</strong></span> 
     </span>
    </p>
   </div>
   <div class='ocr_carea' id='block_1_13' title="bbox 558 1294 2128 1365">
    <p class='ocr_par' dir='ltr' id='par_1_13' title="bbox 558 1294 2128 1365">
     <span class='ocr_line' id='line_1_13' title="bbox 558 1294 2128 1365; baseline 0.003 -16"><span class='ocrx_word' id='word_1_80' title='bbox 558 1308 621 1349; x_wconf 89' lang='lat' dir='ltr'><strong>se</strong></span> <span class='ocrx_word' id='word_1_81' title='bbox 650 1294 871 1350; x_wconf 89' lang='lat' dir='ltr'><strong>absente</strong></span> <span class='ocrx_word' id='word_1_82' title='bbox 900 1311 992 1365; x_wconf 92' lang='lat' dir='ltr'><strong>per</strong></span> <span class='ocrx_word' id='word_1_83' title='bbox 1021 1297 1305 1353; x_wconf 65' lang='lat' dir='ltr'><strong>haereticos</strong></span> <span class='ocrx_word' id='word_1_84' title='bbox 1336 1297 1465 1352; x_wconf 86' lang='lat' dir='ltr'><strong>vidit</strong></span> <span class='ocrx_word' id='word_1_85' title='bbox 1496 1297 1746 1352; x_wconf 83' lang='lat' dir='ltr'><strong>Ecclesiae</strong></span> <span class='ocrx_word' id='word_1_86' title='bbox 1771 1298 1924 1353; x_wconf 90' lang='lat' dir='ltr'><strong>fidem</strong></span> <span class='ocrx_word' id='word_1_87' title='bbox 1949 1341 1962 1364; x_wconf 92' lang='lat'><strong>,</strong></span> <span class='ocrx_word' id='word_1_88' title='bbox 1999 1313 2128 1353; x_wconf 89' lang='lat' dir='ltr'><strong>con-</strong></span> 
     </span>
    </p>
   </div>
   <div class='ocr_carea' id='block_1_14' title="bbox 558 1384 2129 1458">
    <p class='ocr_par' dir='ltr' id='par_1_14' title="bbox 558 1384 2129 1458">
     <span class='ocr_line' id='line_1_14' title="bbox 558 1384 2129 1458; baseline 0.004 -21"><span class='ocrx_word' id='word_1_89' title='bbox 558 1384 733 1440; x_wconf 85' lang='lat' dir='ltr'><strong>festim</strong></span> <span class='ocrx_word' id='word_1_90' title='bbox 763 1386 898 1441; x_wconf 89' lang='lat' dir='ltr'><strong>hanc</strong></span> <span class='ocrx_word' id='word_1_91' title='bbox 929 1387 1251 1458; x_wconf 91' lang='lat' dir='ltr'><strong>descriptam</strong></span> <span class='ocrx_word' id='word_1_92' title='bbox 1282 1390 1333 1443; x_wconf 90' lang='lat' dir='ltr'><strong>in</strong></span> <span class='ocrx_word' id='word_1_93' title='bbox 1369 1387 1662 1457; x_wconf 83' lang='lat' dir='ltr'><strong>Evangelia</strong></span> <span class='ocrx_word' id='word_1_94' title='bbox 1708 1402 1805 1443; x_wconf 90' lang='lat' dir='ltr'><strong>suo</strong></span> <span class='ocrx_word' id='word_1_95' title='bbox 1839 1387 2002 1443; x_wconf 86' lang='lat' dir='ltr'><strong>Verbi</strong></span> <span class='ocrx_word' id='word_1_96' title='bbox 2033 1388 2129 1443; x_wconf 89' lang='lat' dir='ltr'><strong>Dei</strong></span> 
     </span>
    </p>
   </div>
   <div class='ocr_carea' id='block_1_15' title="bbox 555 1478 2130 1550">
    <p class='ocr_par' dir='ltr' id='par_1_15' title="bbox 555 1478 2130 1550">
     <span class='ocr_line' id='line_1_15' title="bbox 555 1478 2130 1550; baseline 0.002 -19"><span class='ocrx_word' id='word_1_97' title='bbox 555 1478 908 1534; x_wconf 64' lang='lat' dir='ltr'><strong>mternitatem</strong></span> <span class='ocrx_word' id='word_1_98' title='bbox 957 1479 1235 1534; x_wconf 87' lang='lat' dir='ltr'><strong>stabilivit.</strong></span> <span class='ocrx_word' id='word_1_99' title='bbox 1295 1478 1530 1550; x_wconf 82' lang='lat' dir='ltr'><strong>Rogatus</strong></span> <span class='ocrx_word' id='word_1_100' title='bbox 1562 1479 1822 1548; x_wconf 91' lang='lat' dir='ltr'><strong>siquidem</strong></span> <span class='ocrx_word' id='word_1_101' title='bbox 1871 1480 1937 1534; x_wconf 90' lang='lat' dir='ltr'><strong>ab</strong></span> <span class='ocrx_word' id='word_1_102' title='bbox 1987 1479 2130 1534; x_wconf 63' lang='lat' dir='ltr'><strong>Asiae</strong></span> 
     </span>
    </p>
   </div>
   <div class='ocr_carea' id='block_1_16' title="bbox 555 1566 2130 1641">
    <p class='ocr_par' dir='ltr' id='par_1_16' title="bbox 555 1566 2130 1641">
     <span class='ocr_line' id='line_1_16' title="bbox 555 1566 2130 1641; baseline 0.004 -20"><span class='ocrx_word' id='word_1_103' title='bbox 555 1566 819 1637; x_wconf 89' lang='lat' dir='ltr'><strong>episcopis</strong></span> <span class='ocrx_word' id='word_1_104' title='bbox 863 1570 1119 1625; x_wconf 90' lang='lat' dir='ltr'><strong>adversus</strong></span> <span class='ocrx_word' id='word_1_105' title='bbox 1159 1569 1495 1637; x_wconf 90' lang='lat' dir='ltr'><strong>Cerinthum,</strong></span> <span class='ocrx_word' id='word_1_106' title='bbox 1547 1571 1784 1641; x_wconf 90' lang='lat' dir='ltr'><strong>aliosque</strong></span> <span class='ocrx_word' id='word_1_107' title='bbox 1829 1570 2130 1638; x_wconf 64' lang='lat' dir='ltr'><strong>haereticos,</strong></span> 
     </span>
    </p>
   </div>
   <div class='ocr_carea' id='block_1_17' title="bbox 555 1660 2129 1734">
    <p class='ocr_par' dir='ltr' id='par_1_17' title="bbox 555 1660 2129 1734">
     <span class='ocr_line' id='line_1_17' title="bbox 555 1660 2129 1734; baseline 0.004 -22"><span class='ocrx_word' id='word_1_108' title='bbox 555 1666 611 1713; x_wconf 90' lang='lat' dir='ltr'><strong>et</strong></span> <span class='ocrx_word' id='word_1_109' title='bbox 640 1660 869 1714; x_wconf 79' lang='lat' dir='ltr'><strong>maxime</strong></span> <span class='ocrx_word' id='word_1_110' title='bbox 896 1670 1081 1715; x_wconf 89' lang='lat' dir='ltr'><strong>contra</strong></span> <span class='ocrx_word' id='word_1_111' title='bbox 1114 1660 1483 1717; x_wconf 84' lang='lat' dir='ltr'><strong>Ebionitarutn</strong></span> <span class='ocrx_word' id='word_1_112' title='bbox 1508 1670 1632 1716; x_wconf 90' lang='lat' dir='ltr'><strong>tunc</strong></span> <span class='ocrx_word' id='word_1_113' title='bbox 1660 1663 1853 1733; x_wconf 85' lang='lat' dir='ltr'><strong>dogma</strong></span> <span class='ocrx_word' id='word_1_114' title='bbox 1881 1677 2129 1734; x_wconf 82' lang='lat' dir='ltr'><strong>surgens,</strong></span> 
     </span>
    </p>
   </div>
   <div class='ocr_carea' id='block_1_18' title="bbox 557 1750 2135 1820">
    <p class='ocr_par' dir='ltr' id='par_1_18' title="bbox 557 1750 2135 1820">
     <span class='ocr_line' id='line_1_18' title="bbox 557 1750 2135 1820; baseline 0.003 -17"><span class='ocrx_word' id='word_1_115' title='bbox 557 1750 648 1820; x_wconf 85' lang='lat' dir='ltr'><strong>qui</strong></span> <span class='ocrx_word' id='word_1_116' title='bbox 676 1760 922 1807; x_wconf 87' lang='lat' dir='ltr'><strong>asserunt</strong></span> <span class='ocrx_word' id='word_1_117' title='bbox 945 1751 1217 1807; x_wconf 88' lang='lat' dir='ltr'><strong>Christum</strong></span> <span class='ocrx_word' id='word_1_118' title='bbox 1249 1762 1372 1806; x_wconf 86' lang='lat' dir='ltr'><strong>ante</strong></span> <span class='ocrx_word' id='word_1_119' title='bbox 1398 1752 1617 1807; x_wconf 84' lang='lat' dir='ltr'><strong>Mariam</strong></span> <span class='ocrx_word' id='word_1_120' title='bbox 1649 1768 1753 1808; x_wconf 92' lang='lat' dir='ltr'><strong>non</strong></span> <span class='ocrx_word' id='word_1_121' title='bbox 1784 1753 1966 1819; x_wconf 90' lang='lat' dir='ltr'><strong>fuisse,</strong></span> <span class='ocrx_word' id='word_1_122' title='bbox 1993 1753 2135 1808; x_wconf 90' lang='lat' dir='ltr'><strong>unde</strong></span> 
     </span>
    </p>
   </div>
   <div class='ocr_carea' id='block_1_19' title="bbox 561 1845 2141 1916">
    <p class='ocr_par' dir='ltr' id='par_1_19' title="bbox 561 1845 2141 1916">
     <span class='ocr_line' id='line_1_19' title="bbox 561 1845 2141 1916; baseline 0.002 -18"><span class='ocrx_word' id='word_1_123' title='bbox 561 1845 871 1914; x_wconf 88' lang='lat' dir='ltr'><strong>compulsus</strong></span> <span class='ocrx_word' id='word_1_124' title='bbox 898 1854 979 1901; x_wconf 86' lang='lat' dir='ltr'><strong>est</strong></span> <span class='ocrx_word' id='word_1_125' title='bbox 1007 1845 1273 1901; x_wconf 89' lang='lat' dir='ltr'><strong>scribendi</strong></span> <span class='ocrx_word' id='word_1_126' title='bbox 1296 1846 1567 1915; x_wconf 77' lang='lat' dir='ltr'><strong>Evangelii</strong></span> <span class='ocrx_word' id='word_1_127' title='bbox 1594 1855 1832 1902; x_wconf 89' lang='lat' dir='ltr'><strong>sanctum</strong></span> <span class='ocrx_word' id='word_1_128' title='bbox 1864 1860 1999 1916; x_wconf 91' lang='lat' dir='ltr'><strong>opus</strong></span> <span class='ocrx_word' id='word_1_129' title='bbox 2020 1860 2141 1901; x_wconf 90' lang='lat' dir='ltr'><strong>sus-</strong></span> 
     </span>
    </p>
   </div>
   <div class='ocr_carea' id='block_1_20' title="bbox 2232 648 3837 722">
    <p class='ocr_par' dir='ltr' id='par_1_20' title="bbox 2232 648 3837 722">
     <span class='ocr_line' id='line_1_20' title="bbox 2232 648 3837 722; baseline 0.002 -18"><span class='ocrx_word' id='word_1_130' title='bbox 2232 650 2359 705; x_wconf 90' lang='lat' dir='ltr'><strong>listi.</strong></span> <span class='ocrx_word' id='word_1_131' title='bbox 2414 650 2512 704; x_wconf 85' lang='lat' dir='ltr'><strong>llic</strong></span> <span class='ocrx_word' id='word_1_132' title='bbox 2552 650 2815 706; x_wconf 90' lang='lat' dir='ltr'><strong>Ecclesias</strong></span> <span class='ocrx_word' id='word_1_133' title='bbox 2870 648 3197 721; x_wconf 77' lang='lat' dir='ltr'><strong>presbyteris</strong></span> <span class='ocrx_word' id='word_1_134' title='bbox 3228 648 3399 718; x_wconf 80' lang='lat' dir='ltr'><strong>dedit,</strong></span> <span class='ocrx_word' id='word_1_135' title='bbox 3447 660 3500 707; x_wconf 90' lang='lat' dir='ltr'><strong>et</strong></span> <span class='ocrx_word' id='word_1_136' title='bbox 3540 654 3837 722; x_wconf 83' lang='lat' dir='ltr'><strong>parochias</strong></span> 
     </span>
    </p>
   </div>
   <div class='ocr_carea' id='block_1_21' title="bbox 2233 741 3830 813">
    <p class='ocr_par' dir='ltr' id='par_1_21' title="bbox 2233 741 3830 813">
     <span class='ocr_line' id='line_1_21' title="bbox 2233 741 3830 813; baseline 0.002 -16"><span class='ocrx_word' id='word_1_137' title='bbox 2233 741 2479 798; x_wconf 78' lang='lat' dir='ltr'><strong>dioecesis</strong></span> <span class='ocrx_word' id='word_1_138' title='bbox 2505 741 2673 809; x_wconf 85' lang='lat' dir='ltr'><strong>dedit,</strong></span> <span class='ocrx_word' id='word_1_139' title='bbox 2704 752 2865 813; x_wconf 89' lang='lat' dir='ltr'><strong>atque</strong></span> <span class='ocrx_word' id='word_1_140' title='bbox 2886 742 3189 797; x_wconf 88' lang='lat' dir='ltr'><strong>constituit.</strong></span> <span class='ocrx_word' id='word_1_141' title='bbox 3230 741 3298 797; x_wconf 88' lang='lat' dir='ltr'><strong>Et</strong></span> <span class='ocrx_word' id='word_1_142' title='bbox 3328 743 3666 813; x_wconf 87' lang='lat' dir='ltr'><strong>episcopatus</strong></span> <span class='ocrx_word' id='word_1_143' title='bbox 3692 759 3830 800; x_wconf 87' lang='lat' dir='ltr'><strong>san-</strong></span> 
     </span>
    </p>
   </div>
   <div class='ocr_carea' id='block_1_22' title="bbox 2232 835 3838 907">
    <p class='ocr_par' dir='ltr' id='par_1_22' title="bbox 2232 835 3838 907">
     <span class='ocr_line' id='line_1_22' title="bbox 2232 835 3838 907; baseline 0.001 -13"><span class='ocrx_word' id='word_1_144' title='bbox 2232 837 2303 894; x_wconf 93' lang='lat' dir='ltr'><strong>cti</strong></span> <span class='ocrx_word' id='word_1_145' title='bbox 2331 837 2509 893; x_wconf 89' lang='lat' dir='ltr'><strong>Jacobi</strong></span> <span class='ocrx_word' id='word_1_146' title='bbox 2550 836 2731 891; x_wconf 78' lang='lat' dir='ltr'><strong>fratris</strong></span> <span class='ocrx_word' id='word_1_147' title='bbox 2785 836 3010 900; x_wconf 89' lang='lat' dir='ltr'><strong>Domini,</strong></span> <span class='ocrx_word' id='word_1_148' title='bbox 3062 836 3152 906; x_wconf 93' lang='lat' dir='ltr'><strong>qui</strong></span> <span class='ocrx_word' id='word_1_149' title='bbox 3202 835 3270 890; x_wconf 90' lang='lat' dir='ltr'><strong>ab</strong></span> <span class='ocrx_word' id='word_1_150' title='bbox 3311 838 3566 907; x_wconf 87' lang='lat' dir='ltr'><strong>apostolis</strong></span> <span class='ocrx_word' id='word_1_151' title='bbox 3620 838 3838 907; x_wconf 84' lang='lat' dir='ltr'><strong>primus</strong></span> 
     </span>
    </p>
   </div>
   <div class='ocr_carea' id='block_1_23' title="bbox 2236 928 3356 999">
    <p class='ocr_par' dir='ltr' id='par_1_23' title="bbox 2236 928 3356 999">
     <span class='ocr_line' id='line_1_23' title="bbox 2236 928 3356 999; baseline 0 -14"><span class='ocrx_word' id='word_1_152' title='bbox 2236 944 2304 985; x_wconf 89' lang='lat' dir='ltr'><strong>ex</strong></span> <span class='ocrx_word' id='word_1_153' title='bbox 2335 929 2532 986; x_wconf 65' lang='lat' dir='ltr'><strong>Judaeis</strong></span> <span class='ocrx_word' id='word_1_154' title='bbox 2560 940 2642 985; x_wconf 91' lang='lat' dir='ltr'><strong>est</strong></span> <span class='ocrx_word' id='word_1_155' title='bbox 2669 928 2946 984; x_wconf 92' lang='lat' dir='ltr'><strong>ordinatus</strong></span> <span class='ocrx_word' id='word_1_156' title='bbox 2983 928 3356 999; x_wconf 85' lang='lat' dir='ltr'><strong>Jerosolymis.</strong></span> 
     </span>
    </p>
   </div>
   <div class='ocr_carea' id='block_1_24' title="bbox 2308 1014 3829 1077">
    <p class='ocr_par' dir='ltr' id='par_1_24' title="bbox 2308 1014 3829 1077">
     <span class='ocr_line' id='line_1_24' title="bbox 2308 1014 3829 1077; baseline 0.001 -2"><span class='ocrx_word' id='word_1_157' title='bbox 2308 1022 2369 1075; x_wconf 89' lang='lat' dir='ltr'><strong>E.</strong></span> <span class='ocrx_word' id='word_1_158' title='bbox 2412 1020 2454 1073; x_wconf 81' lang='grc' dir='ltr'><strong>γ</strong></span> <span class='ocrx_word' id='word_1_159' title='bbox 2483 1019 2618 1076; x_wconf 75' lang='grc' dir='ltr'>ΚΑι..</span> <span class='ocrx_word' id='word_1_160' title='bbox 2649 1019 2774 1075; x_wconf 76' lang='lat' dir='ltr'><strong>JAN.</strong></span> <span class='ocrx_word' id='word_1_161' title='bbox 2823 1014 2893 1061; x_wconf 64' lang='lat'><strong>—&#39;-</strong></span> <span class='ocrx_word' id='word_1_162' title='bbox 2924 1020 3235 1074; x_wconf 89' lang='lat' dir='ltr'><strong>Bethlehem</strong></span> <span class='ocrx_word' id='word_1_163' title='bbox 3266 1019 3462 1075; x_wconf 67' lang='lat' dir='ltr'><strong>Judaaa:</strong></span> <span class='ocrx_word' id='word_1_164' title='bbox 3487 1021 3664 1077; x_wconf 84' lang='lat' dir='ltr'><strong>natale</strong></span> <span class='ocrx_word' id='word_1_165' title='bbox 3692 1034 3829 1076; x_wconf 85' lang='lat' dir='ltr'><strong>san-</strong></span> 
     </span>
    </p>
   </div>
   <div class='ocr_carea' id='block_1_25' title="bbox 2235 1103 3830 1182">
    <p class='ocr_par' dir='ltr' id='par_1_25' title="bbox 2235 1103 3830 1182">
     <span class='ocr_line' id='line_1_25' title="bbox 2235 1103 3830 1182; baseline -0.002 -13"><span class='ocrx_word' id='word_1_166' title='bbox 2235 1121 2440 1171; x_wconf 87' lang='lat' dir='ltr'><strong>ctorum</strong></span> <span class='ocrx_word' id='word_1_167' title='bbox 2465 1103 2841 1179; x_wconf 68' lang='lat' dir='ltr'><strong>innocentum,</strong></span> <span class='ocrx_word' id='word_1_168' title='bbox 2867 1126 3003 1182; x_wconf 90' lang='lat' dir='ltr'><strong>quos</strong></span> <span class='ocrx_word' id='word_1_169' title='bbox 3032 1111 3272 1167; x_wconf 86' lang='lat' dir='ltr'><strong>Herodes</strong></span> <span class='ocrx_word' id='word_1_170' title='bbox 3296 1126 3415 1169; x_wconf 93' lang='lat' dir='ltr'><strong>cum</strong></span> <span class='ocrx_word' id='word_1_171' title='bbox 3435 1113 3634 1168; x_wconf 90' lang='lat' dir='ltr'><strong>Christi</strong></span> <span class='ocrx_word' id='word_1_172' title='bbox 3683 1114 3830 1167; x_wconf 78' lang='lat' dir='ltr'><strong>nati-</strong></span> 
     </span>
    </p>
   </div>
   <div class='ocr_carea' id='block_1_26' title="bbox 2236 1204 3827 1275">
    <p class='ocr_par' dir='ltr' id='par_1_26' title="bbox 2236 1204 3827 1275">
     <span class='ocr_line' id='line_1_26' title="bbox 2236 1204 3827 1275; baseline 0.001 -16"><span class='ocrx_word' id='word_1_173' title='bbox 2236 1206 2455 1260; x_wconf 89' lang='lat' dir='ltr'><strong>vitatem</strong></span> <span class='ocrx_word' id='word_1_174' title='bbox 2514 1220 2788 1274; x_wconf 86' lang='lat' dir='ltr'><strong>magorum</strong></span> <span class='ocrx_word' id='word_1_175' title='bbox 2852 1204 3049 1259; x_wconf 91' lang='lat' dir='ltr'><strong>indicio</strong></span> <span class='ocrx_word' id='word_1_176' title='bbox 3096 1206 3481 1275; x_wconf 86' lang='lat' dir='ltr'><strong>cognovisset,</strong></span> <span class='ocrx_word' id='word_1_177' title='bbox 3541 1206 3827 1261; x_wconf 88' lang='lat' dir='ltr'><strong>tricesimo</strong></span> 
     </span>
    </p>
   </div>
   <div class='ocr_carea' id='block_1_27' title="bbox 2235 1296 3833 1368">
    <p class='ocr_par' dir='ltr' id='par_1_27' title="bbox 2235 1296 3833 1368">
     <span class='ocr_line' id='line_1_27' title="bbox 2235 1296 3833 1368; baseline -0.001 -17"><span class='ocrx_word' id='word_1_178' title='bbox 2235 1298 2419 1368; x_wconf 92' lang='lat' dir='ltr'><strong>quinto</strong></span> <span class='ocrx_word' id='word_1_179' title='bbox 2446 1311 2586 1353; x_wconf 84' lang='lat' dir='ltr'><strong>anno</strong></span> <span class='ocrx_word' id='word_1_180' title='bbox 2626 1298 2773 1366; x_wconf 86' lang='lat' dir='ltr'><strong>regni</strong></span> <span class='ocrx_word' id='word_1_181' title='bbox 2800 1296 2880 1352; x_wconf 90' lang='lat' dir='ltr'><strong>sui</strong></span> <span class='ocrx_word' id='word_1_182' title='bbox 2908 1297 3135 1352; x_wconf 90' lang='lat' dir='ltr'><strong>interfici</strong></span> <span class='ocrx_word' id='word_1_183' title='bbox 3175 1296 3357 1367; x_wconf 90' lang='lat' dir='ltr'><strong>jussit,</strong></span> <span class='ocrx_word' id='word_1_184' title='bbox 3396 1296 3488 1368; x_wconf 89' lang='lat' dir='ltr'><strong>qui</strong></span> <span class='ocrx_word' id='word_1_185' title='bbox 3536 1310 3683 1351; x_wconf 88' lang='lat' dir='ltr'><strong>anno</strong></span> <span class='ocrx_word' id='word_1_186' title='bbox 3730 1296 3833 1352; x_wconf 89' lang='lat' dir='ltr'><strong>tri-</strong></span> 
     </span>
    </p>
   </div>
   <div class='ocr_carea' id='block_1_28' title="bbox 2235 1387 3830 1456">
    <p class='ocr_par' dir='ltr' id='par_1_28' title="bbox 2235 1387 3830 1456">
     <span class='ocr_line' id='line_1_28' title="bbox 2235 1387 3830 1456; baseline -0.003 -12"><span class='ocrx_word' id='word_1_187' title='bbox 2235 1390 2435 1445; x_wconf 89' lang='lat' dir='ltr'><strong>cesitno</strong></span> <span class='ocrx_word' id='word_1_188' title='bbox 2481 1396 2634 1444; x_wconf 86' lang='lat' dir='ltr'><strong>sexto</strong></span> <span class='ocrx_word' id='word_1_189' title='bbox 2678 1387 2865 1443; x_wconf 91' lang='lat' dir='ltr'><strong>morbo</strong></span> <span class='ocrx_word' id='word_1_190' title='bbox 2915 1387 3190 1442; x_wconf 89' lang='lat' dir='ltr'><strong>intercutis</strong></span> <span class='ocrx_word' id='word_1_191' title='bbox 3228 1401 3415 1456; x_wconf 79' lang='lat' dir='ltr'><strong>aquae,</strong></span> <span class='ocrx_word' id='word_1_192' title='bbox 3459 1395 3515 1441; x_wconf 93' lang='lat' dir='ltr'><strong>et</strong></span> <span class='ocrx_word' id='word_1_193' title='bbox 3562 1387 3830 1442; x_wconf 84' lang='lat' dir='ltr'><strong>scatenti-</strong></span> 
     </span>
    </p>
   </div>
   <div class='ocr_carea' id='block_1_29' title="bbox 2238 1484 3819 1557">
    <p class='ocr_par' dir='ltr' id='par_1_29' title="bbox 2238 1484 3819 1557">
     <span class='ocr_line' id='line_1_29' title="bbox 2238 1484 3819 1557; baseline 0 -16"><span class='ocrx_word' id='word_1_194' title='bbox 2238 1487 2336 1542; x_wconf 91' lang='lat' dir='ltr'><strong>bus</strong></span> <span class='ocrx_word' id='word_1_195' title='bbox 2380 1494 2495 1540; x_wconf 93' lang='lat' dir='ltr'><strong>toto</strong></span> <span class='ocrx_word' id='word_1_196' title='bbox 2538 1500 2765 1555; x_wconf 91' lang='lat' dir='ltr'><strong>corpore</strong></span> <span class='ocrx_word' id='word_1_197' title='bbox 2793 1485 3064 1541; x_wconf 86' lang='lat' dir='ltr'><strong>vermibus</strong></span> <span class='ocrx_word' id='word_1_198' title='bbox 3089 1526 3105 1553; x_wconf 93' lang='lat'><strong>,</strong></span> <span class='ocrx_word' id='word_1_199' title='bbox 3146 1484 3523 1541; x_wconf 87' lang='lat' dir='ltr'><strong>miserabiliter</strong></span> <span class='ocrx_word' id='word_1_200' title='bbox 3548 1494 3604 1540; x_wconf 87' lang='lat' dir='ltr'><strong>et</strong></span> <span class='ocrx_word' id='word_1_201' title='bbox 3644 1485 3819 1557; x_wconf 81' lang='lat' dir='ltr'><strong>digne</strong></span> 
     </span>
    </p>
   </div>
   <div class='ocr_carea' id='block_1_30' title="bbox 2238 1587 2501 1632">
    <p class='ocr_par' dir='ltr' id='par_1_30' title="bbox 2238 1587 2501 1632">
     <span class='ocr_line' id='line_1_30' title="bbox 2238 1587 2501 1632; baseline 0.011 -2"><span class='ocrx_word' id='word_1_202' title='bbox 2238 1587 2501 1632; x_wconf 89' lang='lat' dir='ltr'><strong>mortuus.</strong></span> 
     </span>
    </p>
   </div>
   <div class='ocr_carea' id='block_1_31' title="bbox 2307 1665 3831 1736">
    <p class='ocr_par' dir='ltr' id='par_1_31' title="bbox 2307 1665 3831 1736">
     <span class='ocr_line' id='line_1_31' title="bbox 2307 1665 3831 1736; baseline -0.001 -15"><span class='ocrx_word' id='word_1_203' title='bbox 2307 1666 2370 1721; x_wconf 88' lang='lat' dir='ltr'><strong>F.</strong></span> <span class='ocrx_word' id='word_1_204' title='bbox 2395 1666 2460 1721; x_wconf 82' lang='lat' dir='ltr'><strong>Vl</strong></span> <span class='ocrx_word' id='word_1_205' title='bbox 2499 1666 2631 1723; x_wconf 78' lang='lat' dir='ltr'><strong>KAL.</strong></span> <span class='ocrx_word' id='word_1_206' title='bbox 2664 1666 2786 1723; x_wconf 68' lang='lat' dir='ltr'><strong>Jan.</strong></span> <span class='ocrx_word' id='word_1_207' title='bbox 2808 1697 2878 1707; x_wconf 97' lang='lat'><strong>—</strong></span> <span class='ocrx_word' id='word_1_208' title='bbox 2907 1666 3067 1722; x_wconf 86' lang='lat' dir='ltr'><strong>David</strong></span> <span class='ocrx_word' id='word_1_209' title='bbox 3099 1666 3260 1736; x_wconf 86' lang='lat' dir='ltr'><strong>regis.</strong></span> <span class='ocrx_word' id='word_1_210' title='bbox 3292 1666 3420 1722; x_wconf 91' lang='lat' dir='ltr'><strong>ltem</strong></span> <span class='ocrx_word' id='word_1_211' title='bbox 3455 1666 3593 1736; x_wconf 88' lang='lat' dir='ltr'><strong>apud</strong></span> <span class='ocrx_word' id='word_1_212' title='bbox 3626 1665 3831 1721; x_wconf 83' lang='lat' dir='ltr'><strong>Arela-</strong></span> 
     </span>
    </p>
   </div>
   <div class='ocr_carea' id='block_1_32' title="bbox 2240 1756 3831 1830">
    <p class='ocr_par' dir='ltr' id='par_1_32' title="bbox 2240 1756 3831 1830">
     <span class='ocr_line' id='line_1_32' title="bbox 2240 1756 3831 1830; baseline -0.001 -16"><span class='ocrx_word' id='word_1_213' title='bbox 2240 1767 2328 1815; x_wconf 91' lang='lat' dir='ltr'><strong>ten</strong></span> <span class='ocrx_word' id='word_1_214' title='bbox 2360 1760 2536 1816; x_wconf 89' lang='lat' dir='ltr'><strong>natale</strong></span> <span class='ocrx_word' id='word_1_215' title='bbox 2584 1761 2756 1815; x_wconf 88' lang='lat' dir='ltr'><strong>sancti</strong></span> <span class='ocrx_word' id='word_1_216' title='bbox 2786 1760 3060 1828; x_wconf 89' lang='lat' dir='ltr'><strong>Trophimi</strong></span> <span class='ocrx_word' id='word_1_217' title='bbox 3102 1761 3342 1830; x_wconf 87' lang='lat' dir='ltr'><strong>episcopi</strong></span> <span class='ocrx_word' id='word_1_218' title='bbox 3388 1769 3441 1816; x_wconf 90' lang='lat' dir='ltr'><strong>et</strong></span> <span class='ocrx_word' id='word_1_219' title='bbox 3470 1756 3831 1826; x_wconf 83' lang='lat' dir='ltr'><strong>confessoris,</strong></span> 
     </span>
    </p>
   </div>
   <div class='ocr_carea' id='block_1_33' title="bbox 2241 1850 3833 1922">
    <p class='ocr_par' dir='ltr' id='par_1_33' title="bbox 2241 1850 3833 1922">
     <span class='ocr_line' id='line_1_33' title="bbox 2241 1850 3833 1922; baseline -0.001 -17"><span class='ocrx_word' id='word_1_220' title='bbox 2241 1852 2486 1920; x_wconf 90' lang='lat' dir='ltr'><strong>discipuli</strong></span> <span class='ocrx_word' id='word_1_221' title='bbox 2530 1853 2893 1922; x_wconf 90' lang='lat' dir='ltr'><strong>apostolorum</strong></span> <span class='ocrx_word' id='word_1_222' title='bbox 2952 1853 3097 1907; x_wconf 90' lang='lat' dir='ltr'><strong>Petri</strong></span> <span class='ocrx_word' id='word_1_223' title='bbox 3141 1862 3195 1907; x_wconf 91' lang='lat' dir='ltr'><strong>et</strong></span> <span class='ocrx_word' id='word_1_224' title='bbox 3248 1852 3415 1906; x_wconf 87' lang='lat' dir='ltr'><strong>Pauli.</strong></span> <span class='ocrx_word' id='word_1_225' title='bbox 3472 1851 3679 1906; x_wconf 88' lang='lat' dir='ltr'><strong>Eodem</strong></span> <span class='ocrx_word' id='word_1_226' title='bbox 3742 1850 3833 1904; x_wconf 88' lang='lat' dir='ltr'><strong>die</strong></span> 
     </span>
    </p>
   </div>
   <div class='ocr_carea' id='block_1_34' title="bbox 558 1936 3824 2015">
    <p class='ocr_par' dir='ltr' id='par_1_34' title="bbox 558 1936 3824 2015">
     <span class='ocr_line' id='line_1_34' title="bbox 558 1936 3824 2015; baseline 0.001 -22"><span class='ocrx_word' id='word_1_227' title='bbox 558 1940 762 2007; x_wconf 64' lang='lat' dir='ltr'><strong>sipere.</strong></span> <span class='ocrx_word' id='word_1_228' title='bbox 810 1940 928 2008; x_wconf 88' lang='lat' dir='ltr'><strong>Ipse</strong></span> <span class='ocrx_word' id='word_1_229' title='bbox 955 1950 1131 1995; x_wconf 89' lang='lat' dir='ltr'><strong>autem</strong></span> <span class='ocrx_word' id='word_1_230' title='bbox 1164 1955 1334 2011; x_wconf 91' lang='lat' dir='ltr'><strong>usque</strong></span> <span class='ocrx_word' id='word_1_231' title='bbox 1364 1940 1429 1995; x_wconf 90' lang='lat' dir='ltr'><strong>ad</strong></span> <span class='ocrx_word' id='word_1_232' title='bbox 1457 1941 1673 2010; x_wconf 85' lang='lat' dir='ltr'><strong>Trajani</strong></span> <span class='ocrx_word' id='word_1_233' title='bbox 1708 1943 1964 2011; x_wconf 87' lang='lat' dir='ltr'><strong>principis</strong></span> <span class='ocrx_word' id='word_1_234' title='bbox 1992 1950 2124 1996; x_wconf 88' lang='lat' dir='ltr'><strong>tem—</strong></span> <span class='ocrx_word' id='word_1_235' title='bbox 2152 1936 2203 1999; x_wconf 87' lang='grc' dir='ltr'>Β</span> <span class='ocrx_word' id='word_1_236' title='bbox 2227 1944 2397 1999; x_wconf 85' lang='lat' dir='ltr'><strong>sancti</strong></span> <span class='ocrx_word' id='word_1_237' title='bbox 2423 1943 2720 2000; x_wconf 87' lang='lat' dir='ltr'><strong>Crescentii</strong></span> <span class='ocrx_word' id='word_1_238' title='bbox 2748 1945 2983 2015; x_wconf 80' lang='lat' dir='ltr'><strong>apostoli</strong></span> <span class='ocrx_word' id='word_1_239' title='bbox 3021 1943 3173 1998; x_wconf 89' lang='lat' dir='ltr'><strong>Pauli</strong></span> <span class='ocrx_word' id='word_1_240' title='bbox 3202 1941 3824 2012; x_wconf 84' lang='lat' dir='ltr'><strong>discipuli,Viennensis</strong></span> 
     </span>
    </p>
   </div>
   <div class='ocr_carea' id='block_1_35' title="bbox 556 2033 2139 2105">
    <p class='ocr_par' dir='ltr' id='par_1_35' title="bbox 556 2033 2139 2105">
     <span class='ocr_line' id='line_1_35' title="bbox 556 2033 2139 2105; baseline 0.003 -20"><span class='ocrx_word' id='word_1_241' title='bbox 556 2046 687 2101; x_wconf 91' lang='lat' dir='ltr'><strong>pora</strong></span> <span class='ocrx_word' id='word_1_242' title='bbox 713 2049 1079 2103; x_wconf 84' lang='lat' dir='ltr'><strong>perseverans,</strong></span> <span class='ocrx_word' id='word_1_243' title='bbox 1108 2042 1246 2089; x_wconf 88' lang='lat' dir='ltr'><strong>totas</strong></span> <span class='ocrx_word' id='word_1_244' title='bbox 1277 2034 1416 2089; x_wconf 70' lang='lat' dir='ltr'><strong>Asiae</strong></span> <span class='ocrx_word' id='word_1_245' title='bbox 1448 2033 1709 2101; x_wconf 79' lang='lat' dir='ltr'><strong>fundavit,</strong></span> <span class='ocrx_word' id='word_1_246' title='bbox 1746 2036 1993 2105; x_wconf 83' lang='lat' dir='ltr'><strong>rexitque</strong></span> <span class='ocrx_word' id='word_1_247' title='bbox 2024 2036 2139 2090; x_wconf 86' lang='lat' dir='ltr'><strong>Ec-</strong></span> 
     </span>
    </p>
   </div>
   <div class='ocr_carea' id='block_1_36' title="bbox 556 2126 2131 2198">
    <p class='ocr_par' dir='ltr' id='par_1_36' title="bbox 556 2126 2131 2198">
     <span class='ocr_line' id='line_1_36' title="bbox 556 2126 2131 2198; baseline 0.003 -19"><span class='ocrx_word' id='word_1_248' title='bbox 556 2126 771 2194; x_wconf 90' lang='lat' dir='ltr'><strong>clesias,</strong></span> <span class='ocrx_word' id='word_1_249' title='bbox 805 2136 859 2182; x_wconf 91' lang='lat' dir='ltr'><strong>et</strong></span> <span class='ocrx_word' id='word_1_250' title='bbox 907 2127 1179 2182; x_wconf 88' lang='lat' dir='ltr'><strong>confectus</strong></span> <span class='ocrx_word' id='word_1_251' title='bbox 1207 2130 1357 2183; x_wconf 87' lang='lat' dir='ltr'><strong>senio</strong></span> <span class='ocrx_word' id='word_1_252' title='bbox 1388 2128 1723 2198; x_wconf 79' lang='lat' dir='ltr'><strong>sexagesimo</strong></span> <span class='ocrx_word' id='word_1_253' title='bbox 1773 2138 1962 2183; x_wconf 90' lang='lat' dir='ltr'><strong>octavo</strong></span> <span class='ocrx_word' id='word_1_254' title='bbox 2006 2136 2131 2198; x_wconf 91' lang='lat' dir='ltr'><strong>post</strong></span> 
     </span>
    </p>
   </div>
   <div class='ocr_carea' id='block_1_37' title="bbox 560 2218 2138 2288">
    <p class='ocr_par' dir='ltr' id='par_1_37' title="bbox 560 2218 2138 2288">
     <span class='ocr_line' id='line_1_37' title="bbox 560 2218 2138 2288; baseline 0.003 -18"><span class='ocrx_word' id='word_1_255' title='bbox 560 2220 863 2288; x_wconf 90' lang='lat' dir='ltr'><strong>passionem</strong></span> <span class='ocrx_word' id='word_1_256' title='bbox 892 2218 1103 2274; x_wconf 91' lang='lat' dir='ltr'><strong>Domini</strong></span> <span class='ocrx_word' id='word_1_257' title='bbox 1135 2221 1316 2285; x_wconf 87' lang='lat' dir='ltr'><strong>anno‘,</strong></span> <span class='ocrx_word' id='word_1_258' title='bbox 1347 2222 1520 2274; x_wconf 69' lang='lat' dir='ltr'><strong>artatis</strong></span> <span class='ocrx_word' id='word_1_259' title='bbox 1550 2231 1729 2275; x_wconf 88' lang='lat' dir='ltr'><strong>autem</strong></span> <span class='ocrx_word' id='word_1_260' title='bbox 1762 2235 1871 2275; x_wconf 67' lang='lat' dir='ltr'><strong>sua:</strong></span> <span class='ocrx_word' id='word_1_261' title='bbox 1905 2235 2138 2288; x_wconf 87' lang='lat' dir='ltr'><strong>nonage-</strong></span> 
     </span>
    </p>
   </div>
   <div class='ocr_carea' id='block_1_38' title="bbox 554 2310 2134 2381">
    <p class='ocr_par' dir='ltr' id='par_1_38' title="bbox 554 2310 2134 2381">
     <span class='ocr_line' id='line_1_38' title="bbox 554 2310 2134 2381; baseline 0.001 -18"><span class='ocrx_word' id='word_1_262' title='bbox 554 2310 693 2364; x_wconf 88' lang='lat' dir='ltr'><strong>simo</strong></span> <span class='ocrx_word' id='word_1_263' title='bbox 722 2328 859 2365; x_wconf 90' lang='lat' dir='ltr'><strong>nono</strong></span> <span class='ocrx_word' id='word_1_264' title='bbox 889 2322 1151 2377; x_wconf 90' lang='lat' dir='ltr'><strong>mortuus,</strong></span> <span class='ocrx_word' id='word_1_265' title='bbox 1192 2314 1337 2381; x_wconf 81' lang='lat' dir='ltr'><strong>juxta</strong></span> <span class='ocrx_word' id='word_1_266' title='bbox 1369 2314 1610 2367; x_wconf 87' lang='lat' dir='ltr'><strong>eamdem</strong></span> <span class='ocrx_word' id='word_1_267' title='bbox 1638 2315 1819 2367; x_wconf 84' lang='lat' dir='ltr'><strong>urbem</strong></span> <span class='ocrx_word' id='word_1_268' title='bbox 1844 2323 1927 2366; x_wconf 89' lang='lat' dir='ltr'><strong>est</strong></span> <span class='ocrx_word' id='word_1_269' title='bbox 1956 2310 2134 2379; x_wconf 89' lang='lat' dir='ltr'><strong>sepul-</strong></span> 
     </span>
    </p>
   </div>
   <div class='ocr_carea' id='block_1_39' title="bbox 553 2400 2138 2475">
    <p class='ocr_par' dir='ltr' id='par_1_39' title="bbox 553 2400 2138 2475">
     <span class='ocr_line' id='line_1_39' title="bbox 553 2400 2138 2475; baseline 0.001 -20"><span class='ocrx_word' id='word_1_270' title='bbox 553 2409 658 2457; x_wconf 88' lang='lat' dir='ltr'><strong>tus.</strong></span> <span class='ocrx_word' id='word_1_271' title='bbox 692 2400 877 2458; x_wconf 64' lang='lat' dir='ltr'><strong>Romae</strong></span> <span class='ocrx_word' id='word_1_272' title='bbox 907 2403 1142 2475; x_wconf 85' lang='lat' dir='ltr'><strong>Dionysii</strong></span> <span class='ocrx_word' id='word_1_273' title='bbox 1174 2418 1325 2474; x_wconf 82' lang='lat' dir='ltr'><strong>papae</strong></span> <span class='ocrx_word' id='word_1_274' title='bbox 1350 2443 1366 2470; x_wconf 90' lang='lat'><strong>,</strong></span> <span class='ocrx_word' id='word_1_275' title='bbox 1413 2405 1500 2473; x_wconf 91' lang='lat' dir='ltr'><strong>qui</strong></span> <span class='ocrx_word' id='word_1_276' title='bbox 1531 2404 1672 2459; x_wconf 91' lang='lat' dir='ltr'><strong>sedit</strong></span> <span class='ocrx_word' id='word_1_277' title='bbox 1726 2403 1779 2458; x_wconf 90' lang='lat' dir='ltr'><strong>in</strong></span> <span class='ocrx_word' id='word_1_278' title='bbox 1825 2403 2138 2472; x_wconf 83' lang='lat' dir='ltr'><strong>episcopatu</strong></span> 
     </span>
    </p>
   </div>
   <div class='ocr_carea' id='block_1_40' title="bbox 2243 2033 3825 2105">
    <p class='ocr_par' dir='ltr' id='par_1_40' title="bbox 2243 2033 3825 2105">
     <span class='ocr_line' id='line_1_40' title="bbox 2243 2033 3825 2105; baseline -0.003 -13"><span class='ocrx_word' id='word_1_279' title='bbox 2243 2036 2500 2092; x_wconf 72' lang='lat' dir='ltr'><strong>Ecclesia:</strong></span> <span class='ocrx_word' id='word_1_280' title='bbox 2547 2037 2700 2105; x_wconf 89' lang='lat' dir='ltr'><strong>primi</strong></span> <span class='ocrx_word' id='word_1_281' title='bbox 2734 2036 2992 2091; x_wconf 90' lang='lat' dir='ltr'><strong>doctoris.</strong></span> <span class='ocrx_word' id='word_1_282' title='bbox 3049 2036 3107 2091; x_wconf 86' lang='lat' dir='ltr'><strong>In</strong></span> <span class='ocrx_word' id='word_1_283' title='bbox 3156 2035 3332 2090; x_wconf 88' lang='lat' dir='ltr'><strong>Africa</strong></span> <span class='ocrx_word' id='word_1_284' title='bbox 3374 2036 3548 2090; x_wconf 86' lang='lat' dir='ltr'><strong>natale</strong></span> <span class='ocrx_word' id='word_1_285' title='bbox 3581 2033 3825 2102; x_wconf 89' lang='lat' dir='ltr'><strong>Domini,</strong></span> 
     </span>
    </p>
   </div>
   <div class='ocr_carea' id='block_1_41' title="bbox 2244 2124 3828 2199">
    <p class='ocr_par' dir='ltr' id='par_1_41' title="bbox 2244 2124 3828 2199">
     <span class='ocr_line' id='line_1_41' title="bbox 2244 2124 3828 2199; baseline -0.004 -15"><span class='ocrx_word' id='word_1_286' title='bbox 2244 2130 2491 2193; x_wconf 84' lang='lat' dir='ltr'><strong>Victoris,</strong></span> <span class='ocrx_word' id='word_1_287' title='bbox 2529 2127 2807 2191; x_wconf 87' lang='lat' dir='ltr'><strong>Primiani,</strong></span> <span class='ocrx_word' id='word_1_288' title='bbox 2840 2126 3037 2199; x_wconf 86' lang='lat' dir='ltr'><strong>Lybosi</strong></span> <span class='ocrx_word' id='word_1_289' title='bbox 3066 2127 3326 2197; x_wconf 88' lang='lat' dir='ltr'><strong>episcopi.</strong></span> <span class='ocrx_word' id='word_1_290' title='bbox 3379 2127 3562 2181; x_wconf 77' lang='lat' dir='ltr'><strong>Roma:</strong></span> <span class='ocrx_word' id='word_1_291' title='bbox 3593 2124 3828 2192; x_wconf 87' lang='lat' dir='ltr'><strong>Callisti,</strong></span> 
     </span>
    </p>
   </div>
   <div class='ocr_carea' id='block_1_42' title="bbox 2247 2218 3828 2290">
    <p class='ocr_par' dir='ltr' id='par_1_42' title="bbox 2247 2218 3828 2290">
     <span class='ocr_line' id='line_1_42' title="bbox 2247 2218 3828 2290; baseline -0.003 -12"><span class='ocrx_word' id='word_1_292' title='bbox 2247 2222 2443 2278; x_wconf 87' lang='lat' dir='ltr'><strong>Felicis</strong></span> <span class='ocrx_word' id='word_1_293' title='bbox 2472 2230 2525 2276; x_wconf 92' lang='lat' dir='ltr'><strong>et</strong></span> <span class='ocrx_word' id='word_1_294' title='bbox 2554 2220 2814 2275; x_wconf 88' lang='lat' dir='ltr'><strong>Bonifacii</strong></span> <span class='ocrx_word' id='word_1_295' title='bbox 2867 2220 3104 2290; x_wconf 90' lang='lat' dir='ltr'><strong>episcopi</strong></span> <span class='ocrx_word' id='word_1_296' title='bbox 3149 2222 3204 2274; x_wconf 89' lang='lat' dir='ltr'><strong>in</strong></span> <span class='ocrx_word' id='word_1_297' title='bbox 3236 2220 3548 2276; x_wconf 71' lang='lat' dir='ltr'><strong>cmmeterio</strong></span> <span class='ocrx_word' id='word_1_298' title='bbox 3592 2218 3828 2273; x_wconf 85' lang='lat' dir='ltr'><strong>Callisti.</strong></span> 
     </span>
    </p>
   </div>
   <div class='ocr_carea' id='block_1_43' title="bbox 2248 2309 3824 2383">
    <p class='ocr_par' dir='ltr' id='par_1_43' title="bbox 2248 2309 3824 2383">
     <span class='ocr_line' id='line_1_43' title="bbox 2248 2309 3824 2383; baseline 0.001 -18"><span class='ocrx_word' id='word_1_299' title='bbox 2248 2313 2450 2367; x_wconf 82' lang='lat' dir='ltr'><strong>Eodem</strong></span> <span class='ocrx_word' id='word_1_300' title='bbox 2476 2312 2562 2367; x_wconf 86' lang='lat' dir='ltr'><strong>die</strong></span> <span class='ocrx_word' id='word_1_301' title='bbox 2603 2312 2774 2367; x_wconf 86' lang='lat' dir='ltr'><strong>sancti</strong></span> <span class='ocrx_word' id='word_1_302' title='bbox 2804 2312 3024 2367; x_wconf 73' lang='lat' dir='ltr'><strong>Thomas</strong></span> <span class='ocrx_word' id='word_1_303' title='bbox 3062 2312 3452 2383; x_wconf 86' lang='lat' dir='ltr'><strong>archiepiscopi</strong></span> <span class='ocrx_word' id='word_1_304' title='bbox 3479 2319 3534 2369; x_wconf 89' lang='lat' dir='ltr'><strong>et</strong></span> <span class='ocrx_word' id='word_1_305' title='bbox 3562 2309 3824 2382; x_wconf 84' lang='lat' dir='ltr'><strong>martyris</strong></span> 
     </span>
    </p>
   </div>
   <div class='ocr_carea' id='block_1_44' title="bbox 2244 2406 2670 2461">
    <p class='ocr_par' dir='ltr' id='par_1_44' title="bbox 2244 2406 2670 2461">
     <span class='ocr_line' id='line_1_44' title="bbox 2244 2406 2670 2461; baseline 0 0"><span class='ocrx_word' id='word_1_306' title='bbox 2244 2406 2670 2461; x_wconf 87' lang='lat' dir='ltr'><strong>Cantuariensis.</strong></span> 
     </span>
    </p>
   </div>
   <div class='ocr_carea' id='block_1_45' title="bbox 1815 2518 2589 2577">
    <p class='ocr_par' dir='ltr' id='par_1_45' title="bbox 1815 2518 2589 2577">
     <span class='ocr_line' id='line_1_45' title="bbox 1815 2518 2589 2577; baseline 0.001 -3"><span class='ocrx_word' id='word_1_307' title='bbox 1815 2518 2044 2574; x_wconf 85' lang='lat' dir='ltr'><strong>EDITIO</strong></span> <span class='ocrx_word' id='word_1_308' title='bbox 2084 2519 2589 2577; x_wconf 77' lang='lat' dir='ltr'><strong>BOLLANDIANA.</strong></span> 
     </span>
    </p>
   </div>
   <div class='ocr_carea' id='block_1_46' title="bbox 625 2614 2141 2687">
    <p class='ocr_par' dir='ltr' id='par_1_46' title="bbox 625 2614 2141 2687">
     <span class='ocr_line' id='line_1_46' title="bbox 625 2614 2141 2687; baseline 0.001 -16"><span class='ocrx_word' id='word_1_309' title='bbox 625 2619 686 2672; x_wconf 82' lang='grc' dir='ltr'>Β.</span> <span class='ocrx_word' id='word_1_310' title='bbox 718 2617 777 2671; x_wconf 79' lang='grc' dir='ltr'>ϐ.</span> <span class='ocrx_word' id='word_1_311' title='bbox 810 2614 895 2679; x_wconf 87' lang='lat' dir='ltr'><strong>V.,</strong></span> <span class='ocrx_word' id='word_1_312' title='bbox 925 2616 1107 2670; x_wconf 69' lang='lat' dir='ltr'><strong>Romae</strong></span> <span class='ocrx_word' id='word_1_313' title='bbox 1153 2616 1225 2687; x_wconf 70' lang='lat' dir='ltr'><strong>S.</strong></span> <span class='ocrx_word' id='word_1_314' title='bbox 1258 2622 1283 2650; x_wconf 73' lang='grc'><strong><em>⁸</em></strong></span> <span class='ocrx_word' id='word_1_315' title='bbox 1329 2615 1567 2687; x_wconf 88' lang='lat' dir='ltr'><strong>Dionysii</strong></span> <span class='ocrx_word' id='word_1_316' title='bbox 1610 2616 1867 2685; x_wconf 90' lang='lat' dir='ltr'><strong>episcopi.</strong></span> <span class='ocrx_word' id='word_1_317' title='bbox 1900 2616 1988 2680; x_wconf 78' lang='grc' dir='ltr'>Τ..</span> <span class='ocrx_word' id='word_1_318' title='bbox 2034 2617 2141 2672; x_wconf 88' lang='lat' dir='ltr'><strong>Eo-</strong></span> 
     </span>
    </p>
   </div>
   <div class='ocr_carea' id='block_1_47' title="bbox 555 2686 2139 2755">
    <p class='ocr_par' dir='ltr' id='par_1_47' title="bbox 555 2686 2139 2755">
     <span class='ocr_line' id='line_1_47' title="bbox 555 2686 2139 2755; baseline 0.001 -13"><span class='ocrx_word' id='word_1_319' title='bbox 555 2687 678 2744; x_wconf 88' lang='lat' dir='ltr'><strong>dem</strong></span> <span class='ocrx_word' id='word_1_320' title='bbox 730 2688 818 2741; x_wconf 90' lang='lat' dir='ltr'><strong>die</strong></span> <span class='ocrx_word' id='word_1_321' title='bbox 868 2687 1051 2741; x_wconf 81' lang='lat' dir='ltr'><strong>Romae</strong></span> <span class='ocrx_word' id='word_1_322' title='bbox 1094 2686 1267 2755; x_wconf 90' lang='lat' dir='ltr'><strong>passio</strong></span> <span class='ocrx_word' id='word_1_323' title='bbox 1308 2687 1366 2743; x_wconf 91' lang='grc'><strong>8.</strong></span> <span class='ocrx_word' id='word_1_324' title='bbox 1403 2689 1431 2727; x_wconf 72' lang='grc' dir='ltr'><strong>ι)</strong></span> <span class='ocrx_word' id='word_1_325' title='bbox 1468 2686 1678 2743; x_wconf 74' lang='lat' dir='ltr'><strong>Marini.</strong></span> <span class='ocrx_word' id='word_1_326' title='bbox 1724 2688 1809 2755; x_wconf 82' lang='lat' dir='ltr'><strong>D.,</strong></span> <span class='ocrx_word' id='word_1_327' title='bbox 1841 2688 2139 2745; x_wconf 77' lang='lat' dir='ltr'><strong>Antiochiae</strong></span> 
     </span>
    </p>
   </div>
   <div class='ocr_carea' id='block_1_48' title="bbox 551 2755 1125 2815">
    <p class='ocr_par' dir='ltr' id='par_1_48' title="bbox 551 2755 1125 2815">
     <span class='ocr_line' id='line_1_48' title="bbox 551 2755 1125 2815; baseline -0.005 0"><span class='ocrx_word' id='word_1_328' title='bbox 551 2755 749 2815; x_wconf 82' lang='lat' dir='ltr'><strong>Juliani</strong></span> <span class='ocrx_word' id='word_1_329' title='bbox 773 2768 826 2814; x_wconf 91' lang='lat' dir='ltr'><strong>et</strong></span> <span class='ocrx_word' id='word_1_330' title='bbox 849 2758 1125 2813; x_wconf 84' lang='lat' dir='ltr'><strong>Marciani.</strong></span> 
     </span>
    </p>
   </div>
   <div class='ocr_carea' id='block_1_49' title="bbox 620 2850 2140 2923">
    <p class='ocr_par' dir='ltr' id='par_1_49' title="bbox 620 2850 2140 2923">
     <span class='ocr_line' id='line_1_49' title="bbox 620 2850 2140 2923; baseline 0.003 -18"><span class='ocrx_word' id='word_1_331' title='bbox 620 2850 715 2906; x_wconf 75' lang='grc'><strong>27.</strong></span> <span class='ocrx_word' id='word_1_332' title='bbox 764 2880 835 2894; x_wconf 89' lang='lat'><strong>—</strong></span> <span class='ocrx_word' id='word_1_333' title='bbox 884 2850 950 2905; x_wconf 83' lang='lat' dir='ltr'><strong>VI</strong></span> <span class='ocrx_word' id='word_1_334' title='bbox 1001 2850 1134 2905; x_wconf 77' lang='grc' dir='ltr'>ΚΑι..</span> <span class='ocrx_word' id='word_1_335' title='bbox 1182 2851 1380 2905; x_wconf 86' lang='lat' dir='ltr'><strong>Natalis</strong></span> <span class='ocrx_word' id='word_1_336' title='bbox 1431 2851 1489 2907; x_wconf 98' lang='grc'><strong>8.</strong></span> <span class='ocrx_word' id='word_1_337' title='bbox 1544 2850 1764 2908; x_wconf 84' lang='lat' dir='ltr'><strong>Joannis</strong></span> <span class='ocrx_word' id='word_1_338' title='bbox 1811 2852 2038 2923; x_wconf 89' lang='lat' dir='ltr'><strong>apostoli</strong></span> <span class='ocrx_word' id='word_1_339' title='bbox 2087 2859 2140 2909; x_wconf 81' lang='lat' dir='ltr'><strong>et</strong></span> 
     </span>
    </p>
   </div>
   <div class='ocr_carea' id='block_1_50' title="bbox 555 2940 1389 3011">
    <p class='ocr_par' dir='ltr' id='par_1_50' title="bbox 555 2940 1389 3011">
     <span class='ocr_line' id='line_1_50' title="bbox 555 2940 1389 3011; baseline -0.002 -15"><span class='ocrx_word' id='word_1_340' title='bbox 555 2940 916 3011; x_wconf 59' lang='lat' dir='ltr'><strong>evangelista},</strong></span> <span class='ocrx_word' id='word_1_341' title='bbox 948 2940 1129 2995; x_wconf 87' lang='lat' dir='ltr'><strong>dilecti</strong></span> <span class='ocrx_word' id='word_1_342' title='bbox 1162 2940 1389 2995; x_wconf 90' lang='lat' dir='ltr'><strong>Domini.</strong></span> 
     </span>
    </p>
   </div>
   <div class='ocr_carea' id='block_1_51' title="bbox 626 3033 2140 3103">
    <p class='ocr_par' dir='ltr' id='par_1_51' title="bbox 626 3033 2140 3103">
     <span class='ocr_line' id='line_1_51' title="bbox 626 3033 2140 3103; baseline 0.001 -14"><span class='ocrx_word' id='word_1_343' title='bbox 626 3034 818 3090; x_wconf 89' lang='lat' dir='ltr'><strong>Florus</strong></span> <span class='ocrx_word' id='word_1_344' title='bbox 870 3034 922 3089; x_wconf 91' lang='lat' dir='ltr'><strong>in</strong></span> <span class='ocrx_word' id='word_1_345' title='bbox 970 3035 1037 3089; x_wconf 78' lang='grc' dir='ltr'>Α.</span> <span class='ocrx_word' id='word_1_346' title='bbox 1083 3034 1147 3089; x_wconf 94' lang='grc' dir='ltr'>Τ.</span> <span class='ocrx_word' id='word_1_347' title='bbox 1199 3034 1259 3088; x_wconf 89' lang='lat' dir='ltr'><strong>L.</strong></span> <span class='ocrx_word' id='word_1_348' title='bbox 1310 3034 1581 3103; x_wconf 63' lang='lat' dir='ltr'><strong>praemittit</strong></span> <span class='ocrx_word' id='word_1_349' title='bbox 1632 3050 1646 3088; x_wconf 90' lang='lat'><strong>:</strong></span> <span class='ocrx_word' id='word_1_350' title='bbox 1699 3033 1755 3088; x_wconf 85' lang='lat' dir='ltr'><strong>In</strong></span> <span class='ocrx_word' id='word_1_351' title='bbox 1805 3034 2036 3103; x_wconf 81' lang='lat' dir='ltr'><strong>Epheso,</strong></span> <span class='ocrx_word' id='word_1_352' title='bbox 2085 3043 2140 3091; x_wconf 90' lang='lat' dir='ltr'><strong>et</strong></span> 
     </span>
    </p>
   </div>
   <div class='ocr_carea' id='block_1_52' title="bbox 544 3126 2133 3198">
    <p class='ocr_par' dir='ltr' id='par_1_52' title="bbox 544 3126 2133 3198">
     <span class='ocr_line' id='line_1_52' title="bbox 544 3126 2133 3198; baseline 0.001 -15"><span class='ocrx_word' id='word_1_353' title='bbox 544 3126 747 3183; x_wconf 78' lang='lat' dir='ltr'><strong>deinde</strong></span> <span class='ocrx_word' id='word_1_354' title='bbox 774 3127 1048 3197; x_wconf 89' lang='lat' dir='ltr'><strong>subjungit</strong></span> <span class='ocrx_word' id='word_1_355' title='bbox 1076 3144 1087 3180; x_wconf 89' lang='lat'><strong>:</strong></span> <span class='ocrx_word' id='word_1_356' title='bbox 1117 3128 1285 3194; x_wconf 87' lang='lat' dir='ltr'><strong>Quem</strong></span> <span class='ocrx_word' id='word_1_357' title='bbox 1316 3126 1573 3183; x_wconf 89' lang='lat' dir='ltr'><strong>Dominus</strong></span> <span class='ocrx_word' id='word_1_358' title='bbox 1618 3143 1721 3183; x_wconf 91' lang='lat' dir='ltr'><strong>non</strong></span> <span class='ocrx_word' id='word_1_359' title='bbox 1767 3143 1877 3198; x_wconf 84' lang='lat' dir='ltr'><strong>prae</strong></span> <span class='ocrx_word' id='word_1_360' title='bbox 1926 3130 2133 3185; x_wconf 71' lang='lat' dir='ltr'><strong>creteris</strong></span> 
     </span>
    </p>
   </div>
   <div class='ocr_carea' id='block_1_53' title="bbox 548 3219 2129 3290">
    <p class='ocr_par' dir='ltr' id='par_1_53' title="bbox 548 3219 2129 3290">
     <span class='ocr_line' id='line_1_53' title="bbox 548 3219 2129 3290; baseline 0.001 -14"><span class='ocrx_word' id='word_1_361' title='bbox 548 3222 747 3288; x_wconf 90' lang='lat' dir='ltr'><strong>solum,</strong></span> <span class='ocrx_word' id='word_1_362' title='bbox 781 3220 877 3276; x_wconf 93' lang='lat' dir='ltr'><strong>sed</strong></span> <span class='ocrx_word' id='word_1_363' title='bbox 908 3230 961 3275; x_wconf 89' lang='lat' dir='ltr'><strong>ct</strong></span> <span class='ocrx_word' id='word_1_364' title='bbox 991 3235 1101 3290; x_wconf 71' lang='lat' dir='ltr'><strong>prae</strong></span> <span class='ocrx_word' id='word_1_365' title='bbox 1132 3219 1343 3276; x_wconf 85' lang='lat' dir='ltr'><strong>caeteris</strong></span> <span class='ocrx_word' id='word_1_366' title='bbox 1372 3220 1682 3276; x_wconf 80' lang='lat' dir='ltr'><strong>familiarius</strong></span> <span class='ocrx_word' id='word_1_367' title='bbox 1724 3237 1883 3277; x_wconf 90' lang='lat' dir='ltr'><strong>unum</strong></span> <span class='ocrx_word' id='word_1_368' title='bbox 1925 3222 2129 3278; x_wconf 78' lang='lat' dir='ltr'><strong>dilexit.</strong></span> 
     </span>
    </p>
   </div>
   <div class='ocr_carea' id='block_1_54' title="bbox 549 3314 2131 3386">
    <p class='ocr_par' dir='ltr' id='par_1_54' title="bbox 549 3314 2131 3386">
     <span class='ocr_line' id='line_1_54' title="bbox 549 3314 2131 3386; baseline 0 -15"><span class='ocrx_word' id='word_1_369' title='bbox 549 3316 649 3373; x_wconf 85' lang='lat' dir='ltr'><strong>llic</strong></span> <span class='ocrx_word' id='word_1_370' title='bbox 676 3330 837 3386; x_wconf 88' lang='lat' dir='ltr'><strong>supra</strong></span> <span class='ocrx_word' id='word_1_371' title='bbox 867 3325 1052 3386; x_wconf 88' lang='lat' dir='ltr'><strong>pectus</strong></span> <span class='ocrx_word' id='word_1_372' title='bbox 1083 3314 1293 3370; x_wconf 91' lang='lat' dir='ltr'><strong>Domini</strong></span> <span class='ocrx_word' id='word_1_373' title='bbox 1340 3316 1391 3370; x_wconf 91' lang='lat' dir='ltr'><strong>in</strong></span> <span class='ocrx_word' id='word_1_374' title='bbox 1422 3330 1572 3371; x_wconf 86' lang='lat' dir='ltr'><strong>coena</strong></span> <span class='ocrx_word' id='word_1_375' title='bbox 1604 3317 1876 3381; x_wconf 83' lang='lat' dir='ltr'><strong>recubuit;</strong></span> <span class='ocrx_word' id='word_1_376' title='bbox 1906 3316 1988 3371; x_wconf 92' lang='lat' dir='ltr'><strong>cui</strong></span> <span class='ocrx_word' id='word_1_377' title='bbox 2036 3331 2131 3385; x_wconf 86' lang='lat' dir='ltr'><strong>po-</strong></span> 
     </span>
    </p>
   </div>
   <div class='ocr_carea' id='block_1_55' title="bbox 547 3407 2131 3479">
    <p class='ocr_par' dir='ltr' id='par_1_55' title="bbox 547 3407 2131 3479">
     <span class='ocr_line' id='line_1_55' title="bbox 547 3407 2131 3479; baseline -0.001 -16"><span class='ocrx_word' id='word_1_378' title='bbox 547 3415 666 3463; x_wconf 82' lang='lat' dir='ltr'><strong>stea</strong></span> <span class='ocrx_word' id='word_1_379' title='bbox 697 3408 898 3463; x_wconf 80' lang='lat' dir='ltr'><strong>levatus</strong></span> <span class='ocrx_word' id='word_1_380' title='bbox 941 3407 995 3463; x_wconf 92' lang='lat' dir='ltr'><strong>in</strong></span> <span class='ocrx_word' id='word_1_381' title='bbox 1026 3424 1184 3463; x_wconf 88' lang='lat' dir='ltr'><strong>cruce</strong></span> <span class='ocrx_word' id='word_1_382' title='bbox 1214 3419 1435 3463; x_wconf 86' lang='lat' dir='ltr'><strong>matrem</strong></span> <span class='ocrx_word' id='word_1_383' title='bbox 1474 3407 1740 3479; x_wconf 78' lang='lat' dir='ltr'><strong>Virginem</strong></span> <span class='ocrx_word' id='word_1_384' title='bbox 1770 3408 1956 3478; x_wconf 88' lang='lat' dir='ltr'><strong>virgini</strong></span> <span class='ocrx_word' id='word_1_385' title='bbox 1987 3422 2131 3462; x_wconf 91' lang='lat' dir='ltr'><strong>com-</strong></span> 
     </span>
    </p>
   </div>
   <div class='ocr_carea' id='block_1_56' title="bbox 552 3500 2131 3572">
    <p class='ocr_par' dir='ltr' id='par_1_56' title="bbox 552 3500 2131 3572">
     <span class='ocr_line' id='line_1_56' title="bbox 552 3500 2131 3572; baseline 0.001 -17"><span class='ocrx_word' id='word_1_386' title='bbox 552 3500 843 3555; x_wconf 83' lang='lat' dir='ltr'><strong>mendavit.</strong></span> <span class='ocrx_word' id='word_1_387' title='bbox 875 3501 1176 3572; x_wconf 82' lang='lat' dir='ltr'><strong>(Hucusque</strong></span> <span class='ocrx_word' id='word_1_388' title='bbox 1217 3502 1305 3569; x_wconf 89' lang='lat' dir='ltr'><strong>A.)</strong></span> <span class='ocrx_word' id='word_1_389' title='bbox 1331 3502 1426 3557; x_wconf 88' lang='lat' dir='ltr'><strong>Hic</strong></span> <span class='ocrx_word' id='word_1_390' title='bbox 1465 3501 1603 3555; x_wconf 90' lang='lat' dir='ltr'><strong>inter</strong></span> <span class='ocrx_word' id='word_1_391' title='bbox 1632 3510 1857 3572; x_wconf 89' lang='lat' dir='ltr'><strong>quatuor</strong></span> <span class='ocrx_word' id='word_1_392' title='bbox 1885 3500 2131 3556; x_wconf 86' lang='lat' dir='ltr'><strong>animalia</strong></span> 
     </span>
    </p>
   </div>
   <div class='ocr_carea' id='block_1_57' title="bbox 554 3593 2130 3664">
    <p class='ocr_par' dir='ltr' id='par_1_57' title="bbox 554 3593 2130 3664">
     <span class='ocr_line' id='line_1_57' title="bbox 554 3593 2130 3664; baseline 0.002 -18"><span class='ocrx_word' id='word_1_393' title='bbox 554 3594 745 3663; x_wconf 66' lang='lat' dir='ltr'><strong>aquilae</strong></span> <span class='ocrx_word' id='word_1_394' title='bbox 777 3602 1139 3664; x_wconf 87' lang='lat' dir='ltr'><strong>comparatus,</strong></span> <span class='ocrx_word' id='word_1_395' title='bbox 1165 3594 1233 3649; x_wconf 91' lang='lat' dir='ltr'><strong>de</strong></span> <span class='ocrx_word' id='word_1_396' title='bbox 1264 3594 1539 3649; x_wconf 89' lang='lat' dir='ltr'><strong>divinitate</strong></span> <span class='ocrx_word' id='word_1_397' title='bbox 1565 3593 1756 3650; x_wconf 87' lang='lat' dir='ltr'><strong>Christi</strong></span> <span class='ocrx_word' id='word_1_398' title='bbox 1785 3604 1837 3650; x_wconf 90' lang='lat' dir='ltr'><strong>et</strong></span> <span class='ocrx_word' id='word_1_399' title='bbox 1864 3595 2130 3664; x_wconf 90' lang='lat' dir='ltr'><strong>limpidius</strong></span> 
     </span>
    </p>
   </div>
   <div class='ocr_carea' id='block_1_58' title="bbox 551 3683 2131 3756">
    <p class='ocr_par' dir='ltr' id='par_1_58' title="bbox 551 3683 2131 3756">
     <span class='ocr_line' id='line_1_58' title="bbox 551 3683 2131 3756; baseline 0.003 -19"><span class='ocrx_word' id='word_1_400' title='bbox 551 3697 663 3753; x_wconf 62' lang='lat' dir='ltr'><strong>pra:</strong></span> <span class='ocrx_word' id='word_1_401' title='bbox 692 3684 895 3741; x_wconf 83' lang='lat' dir='ltr'><strong>cunctis</strong></span> <span class='ocrx_word' id='word_1_402' title='bbox 922 3686 1220 3755; x_wconf 85' lang='lat' dir='ltr'><strong>conspexit,</strong></span> <span class='ocrx_word' id='word_1_403' title='bbox 1248 3692 1303 3740; x_wconf 91' lang='lat' dir='ltr'><strong>et</strong></span> <span class='ocrx_word' id='word_1_404' title='bbox 1328 3683 1384 3740; x_wconf 90' lang='lat' dir='ltr'><strong>in</strong></span> <span class='ocrx_word' id='word_1_405' title='bbox 1418 3686 1687 3756; x_wconf 85' lang='lat' dir='ltr'><strong>Evangelii</strong></span> <span class='ocrx_word' id='word_1_406' title='bbox 1732 3687 1814 3741; x_wconf 90' lang='lat' dir='ltr'><strong>sui</strong></span> <span class='ocrx_word' id='word_1_407' title='bbox 1860 3687 2131 3755; x_wconf 86' lang='lat' dir='ltr'><strong>principiis</strong></span> 
     </span>
    </p>
   </div>
   <div class='ocr_carea' id='block_1_59' title="bbox 546 3775 1200 3833">
    <p class='ocr_par' dir='ltr' id='par_1_59' title="bbox 546 3775 1200 3833">
     <span class='ocr_line' id='line_1_59' title="bbox 546 3775 1200 3833; baseline -0.002 0"><span class='ocrx_word' id='word_1_408' title='bbox 546 3776 831 3833; x_wconf 83' lang='lat' dir='ltr'><strong>scribendo</strong></span> <span class='ocrx_word' id='word_1_409' title='bbox 860 3775 1200 3833; x_wconf 91' lang='lat' dir='ltr'><strong>contradidit.</strong></span> 
     </span>
    </p>
   </div>
   <div class='ocr_carea' id='block_1_60' title="bbox 619 3868 2127 3940">
    <p class='ocr_par' dir='ltr' id='par_1_60' title="bbox 619 3868 2127 3940">
     <span class='ocr_line' id='line_1_60' title="bbox 619 3868 2127 3940; baseline 0 -15"><span class='ocrx_word' id='word_1_410' title='bbox 619 3869 685 3925; x_wconf 87' lang='grc' dir='ltr'>Τ.</span> <span class='ocrx_word' id='word_1_411' title='bbox 720 3868 777 3925; x_wconf 89' lang='lat' dir='ltr'><strong>L.</strong></span> <span class='ocrx_word' id='word_1_412' title='bbox 810 3870 894 3933; x_wconf 81' lang='grc' dir='ltr'><strong>Β..</strong></span> <span class='ocrx_word' id='word_1_413' title='bbox 929 3871 1124 3925; x_wconf 81' lang='lat' dir='ltr'><strong>Eodem</strong></span> <span class='ocrx_word' id='word_1_414' title='bbox 1177 3870 1263 3926; x_wconf 92' lang='lat' dir='ltr'><strong>die</strong></span> <span class='ocrx_word' id='word_1_415' title='bbox 1295 3880 1317 3911; x_wconf 73' lang='grc' dir='ltr'>α</span> <span class='ocrx_word' id='word_1_416' title='bbox 1352 3870 1616 3926; x_wconf 88' lang='lat' dir='ltr'><strong>ordinatio</strong></span> <span class='ocrx_word' id='word_1_417' title='bbox 1667 3872 2024 3940; x_wconf 87' lang='lat' dir='ltr'><strong>episcopatus.</strong></span> <span class='ocrx_word' id='word_1_418' title='bbox 2072 3872 2127 3927; x_wconf 90' lang='lat' dir='ltr'><strong>S.</strong></span> 
     </span>
    </p>
   </div>
   <div class='ocr_carea' id='block_1_61' title="bbox 547 3939 2124 4012">
    <p class='ocr_par' dir='ltr' id='par_1_61' title="bbox 547 3939 2124 4012">
     <span class='ocr_line' id='line_1_61' title="bbox 547 3939 2124 4012; baseline 0.001 -15"><span class='ocrx_word' id='word_1_419' title='bbox 547 3939 753 4009; x_wconf 87' lang='lat' dir='ltr'><strong>Jacobi,</strong></span> <span class='ocrx_word' id='word_1_420' title='bbox 792 3942 969 3998; x_wconf 83' lang='lat' dir='ltr'><strong>fratris</strong></span> <span class='ocrx_word' id='word_1_421' title='bbox 1018 3942 1245 4009; x_wconf 90' lang='lat' dir='ltr'><strong>Domini,</strong></span> <span class='ocrx_word' id='word_1_422' title='bbox 1292 3941 1382 4012; x_wconf 91' lang='lat' dir='ltr'><strong>qui</strong></span> <span class='ocrx_word' id='word_1_423' title='bbox 1420 3941 1486 3997; x_wconf 90' lang='lat' dir='ltr'><strong>ab</strong></span> <span class='ocrx_word' id='word_1_424' title='bbox 1528 3943 1781 4012; x_wconf 83' lang='lat' dir='ltr'><strong>apostolis</strong></span> <span class='ocrx_word' id='word_1_425' title='bbox 1811 3939 2013 4012; x_wconf 85' lang='lat' dir='ltr'><strong>primus</strong></span> <span class='ocrx_word' id='word_1_426' title='bbox 2059 3958 2124 3999; x_wconf 86' lang='lat' dir='ltr'><strong>ex</strong></span> 
     </span>
    </p>
   </div>
   <div class='ocr_carea' id='block_1_62' title="bbox 2245 2619 3827 2691">
    <p class='ocr_par' dir='ltr' id='par_1_62' title="bbox 2245 2619 3827 2691">
     <span class='ocr_line' id='line_1_62' title="bbox 2245 2619 3827 2691; baseline 0.003 -16"><span class='ocrx_word' id='word_1_427' title='bbox 2245 2619 2440 2676; x_wconf 84' lang='lat' dir='ltr'><strong>Judaeis</strong></span> <span class='ocrx_word' id='word_1_428' title='bbox 2485 2620 2815 2691; x_wconf 89' lang='lat' dir='ltr'><strong>Jerosolyma</strong></span> <span class='ocrx_word' id='word_1_429' title='bbox 2858 2627 2941 2691; x_wconf 89' lang='lat' dir='ltr'><strong>est</strong></span> <span class='ocrx_word' id='word_1_430' title='bbox 2987 2619 3259 2675; x_wconf 86' lang='lat' dir='ltr'><strong>ordinatus</strong></span> <span class='ocrx_word' id='word_1_431' title='bbox 3303 2621 3604 2689; x_wconf 85' lang='lat' dir='ltr'><strong>episcopus.</strong></span> <span class='ocrx_word' id='word_1_432' title='bbox 3638 2620 3724 2689; x_wconf 91' lang='lat' dir='ltr'><strong>B.,</strong></span> <span class='ocrx_word' id='word_1_433' title='bbox 3758 2622 3827 2679; x_wconf 80' lang='lat' dir='ltr'><strong>Et</strong></span> 
     </span>
    </p>
   </div>
   <div class='ocr_carea' id='block_1_63' title="bbox 2245 2690 3830 2762">
    <p class='ocr_par' dir='ltr' id='par_1_63' title="bbox 2245 2690 3830 2762">
     <span class='ocr_line' id='line_1_63' title="bbox 2245 2690 3830 2762; baseline 0.001 -16"><span class='ocrx_word' id='word_1_434' title='bbox 2245 2691 2423 2762; x_wconf 89' lang='lat' dir='ltr'><strong>medio</strong></span> <span class='ocrx_word' id='word_1_435' title='bbox 2474 2692 2675 2745; x_wconf 85' lang='lat' dir='ltr'><strong>Pascha</strong></span> <span class='ocrx_word' id='word_1_436' title='bbox 2700 2690 2981 2762; x_wconf 78' lang='lat' dir='ltr'><strong>martyrio</strong></span> <span class='ocrx_word' id='word_1_437' title='bbox 3006 2702 3309 2747; x_wconf 88' lang='lat' dir='ltr'><strong>coronatus.</strong></span> <span class='ocrx_word' id='word_1_438' title='bbox 3345 2693 3404 2747; x_wconf 83' lang='lat' dir='ltr'><strong>V.</strong></span> <span class='ocrx_word' id='word_1_439' title='bbox 3434 2691 3521 2760; x_wconf 91' lang='lat' dir='ltr'><strong>C.,</strong></span> <span class='ocrx_word' id='word_1_440' title='bbox 3552 2694 3617 2749; x_wconf 84' lang='lat' dir='ltr'><strong>Et</strong></span> <span class='ocrx_word' id='word_1_441' title='bbox 3646 2692 3708 2749; x_wconf 88' lang='lat' dir='ltr'><strong>S.</strong></span> <span class='ocrx_word' id='word_1_442' title='bbox 3741 2694 3830 2749; x_wconf 82' lang='lat' dir='ltr'><strong>Ja-</strong></span> 
     </span>
    </p>
   </div>
   <div class='ocr_carea' id='block_1_64' title="bbox 2245 2761 2828 2817">
    <p class='ocr_par' dir='ltr' id='par_1_64' title="bbox 2245 2761 2828 2817">
     <span class='ocr_line' id='line_1_64' title="bbox 2245 2761 2828 2817; baseline -0.002 0"><span class='ocrx_word' id='word_1_443' title='bbox 2245 2764 2361 2817; x_wconf 88' lang='lat' dir='ltr'><strong>cobi</strong></span> <span class='ocrx_word' id='word_1_444' title='bbox 2395 2761 2570 2817; x_wconf 87' lang='lat' dir='ltr'><strong>fratris</strong></span> <span class='ocrx_word' id='word_1_445' title='bbox 2599 2763 2828 2816; x_wconf 91' lang='lat' dir='ltr'><strong>Domini.</strong></span> 
     </span>
    </p>
   </div>
   <div class='ocr_carea' id='block_1_65' title="bbox 2315 2852 3827 2931">
    <p class='ocr_par' dir='ltr' id='par_1_65' title="bbox 2315 2852 3827 2931">
     <span class='ocr_line' id='line_1_65' title="bbox 2315 2852 3827 2931; baseline 0.003 -24"><span class='ocrx_word' id='word_1_446' title='bbox 2315 2852 2408 2908; x_wconf 74' lang='lat'><strong>28.</strong></span> <span class='ocrx_word' id='word_1_447' title='bbox 2439 2882 2509 2894; x_wconf 91' lang='lat'>—</span> <span class='ocrx_word' id='word_1_448' title='bbox 2537 2853 2576 2909; x_wconf 72' lang='grc' dir='ltr'><strong>γ</strong></span> <span class='ocrx_word' id='word_1_449' title='bbox 2609 2852 2743 2909; x_wconf 73' lang='grc' dir='ltr'>ΚΑι..</span> <span class='ocrx_word' id='word_1_450' title='bbox 2774 2853 2971 2910; x_wconf 85' lang='lat' dir='ltr'><strong>Natalis</strong></span> <span class='ocrx_word' id='word_1_451' title='bbox 3000 2862 3307 2912; x_wconf 87' lang='lat' dir='ltr'><strong>sanctorum</strong></span> <span class='ocrx_word' id='word_1_452' title='bbox 3343 2866 3635 2931; x_wconf 66' lang='lat' dir='ltr'><strong>martvrum</strong></span> <span class='ocrx_word' id='word_1_453' title='bbox 3663 2856 3827 2912; x_wconf 83' lang='lat' dir='ltr'><strong>Inno-</strong></span> 
     </span>
    </p>
   </div>
   <div class='ocr_carea' id='block_1_66' title="bbox 2239 2945 2495 3005">
    <p class='ocr_par' dir='ltr' id='par_1_66' title="bbox 2239 2945 2495 3005">
     <span class='ocr_line' id='line_1_66' title="bbox 2239 2945 2495 3005; baseline -0.004 -5"><span class='ocrx_word' id='word_1_454' title='bbox 2239 2945 2495 3005; x_wconf 77' lang='lat' dir='ltr'><strong>centium.</strong></span> 
     </span>
    </p>
   </div>
   <div class='ocr_carea' id='block_1_67' title="bbox 2312 3030 3826 3107">
    <p class='ocr_par' dir='ltr' id='par_1_67' title="bbox 2312 3030 3826 3107">
     <span class='ocr_line' id='line_1_67' title="bbox 2312 3030 3826 3107; baseline 0.001 -13"><span class='ocrx_word' id='word_1_455' title='bbox 2312 3040 2501 3095; x_wconf 89' lang='lat' dir='ltr'><strong>Florus</strong></span> <span class='ocrx_word' id='word_1_456' title='bbox 2530 3040 2581 3095; x_wconf 92' lang='lat' dir='ltr'><strong>in</strong></span> <span class='ocrx_word' id='word_1_457' title='bbox 2610 3041 2677 3095; x_wconf 88' lang='lat' dir='ltr'><strong>A.</strong></span> <span class='ocrx_word' id='word_1_458' title='bbox 2706 3041 2770 3095; x_wconf 92' lang='grc' dir='ltr'>Τ.</span> <span class='ocrx_word' id='word_1_459' title='bbox 2799 3040 2861 3095; x_wconf 92' lang='lat' dir='ltr'><strong>L.</strong></span> <span class='ocrx_word' id='word_1_460' title='bbox 2895 3040 3039 3096; x_wconf 86' lang='lat' dir='ltr'><strong>addit</strong></span> <span class='ocrx_word' id='word_1_461' title='bbox 3077 3059 3089 3094; x_wconf 93' lang='lat'>:</span> <span class='ocrx_word' id='word_1_462' title='bbox 3123 3040 3220 3107; x_wconf 88' lang='lat' dir='ltr'><strong>Qui</strong></span> <span class='ocrx_word' id='word_1_463' title='bbox 3265 3042 3626 3095; x_wconf 83' lang='lat' dir='ltr'><strong>testimonium</strong></span> <span class='ocrx_word' id='word_1_464' title='bbox 3666 3030 3826 3095; x_wconf 75' lang='lat' dir='ltr'><strong>Chri—</strong></span> 
     </span>
    </p>
   </div>
   <div class='ocr_carea' id='block_1_68' title="bbox 2241 3132 3829 3203">
    <p class='ocr_par' dir='ltr' id='par_1_68' title="bbox 2241 3132 3829 3203">
     <span class='ocr_line' id='line_1_68' title="bbox 2241 3132 3829 3203; baseline 0.003 -15"><span class='ocrx_word' id='word_1_465' title='bbox 2241 3142 2324 3188; x_wconf 90' lang='lat' dir='ltr'><strong>sto</strong></span> <span class='ocrx_word' id='word_1_466' title='bbox 2353 3146 2456 3186; x_wconf 89' lang='lat' dir='ltr'><strong>non</strong></span> <span class='ocrx_word' id='word_1_467' title='bbox 2484 3132 2755 3202; x_wconf 90' lang='lat' dir='ltr'><strong>loquendo</strong></span> <span class='ocrx_word' id='word_1_468' title='bbox 2780 3134 2872 3191; x_wconf 87' lang='lat' dir='ltr'><strong>sed</strong></span> <span class='ocrx_word' id='word_1_469' title='bbox 2905 3132 3180 3189; x_wconf 86' lang='lat' dir='ltr'><strong>moriendo</strong></span> <span class='ocrx_word' id='word_1_470' title='bbox 3210 3134 3570 3203; x_wconf 89' lang='lat' dir='ltr'><strong>perhibentes,</strong></span> <span class='ocrx_word' id='word_1_471' title='bbox 3601 3134 3829 3193; x_wconf 84' lang='lat' dir='ltr'><strong>Herodis</strong></span> 
     </span>
    </p>
   </div>
   <div class='ocr_carea' id='block_1_69' title="bbox 2240 3222 3326 3293">
    <p class='ocr_par' dir='ltr' id='par_1_69' title="bbox 2240 3222 3326 3293">
     <span class='ocr_line' id='line_1_69' title="bbox 2240 3222 3326 3293; baseline 0.002 -18"><span class='ocrx_word' id='word_1_472' title='bbox 2240 3222 2509 3291; x_wconf 90' lang='lat' dir='ltr'><strong>impietate</strong></span> <span class='ocrx_word' id='word_1_473' title='bbox 2536 3222 2676 3278; x_wconf 89' lang='lat' dir='ltr'><strong>felici</strong></span> <span class='ocrx_word' id='word_1_474' title='bbox 2706 3238 2836 3279; x_wconf 88' lang='lat' dir='ltr'><strong>nece</strong></span> <span class='ocrx_word' id='word_1_475' title='bbox 2860 3223 3160 3293; x_wconf 88' lang='lat' dir='ltr'><strong>consumpti</strong></span> <span class='ocrx_word' id='word_1_476' title='bbox 3182 3232 3326 3279; x_wconf 90' lang='lat' dir='ltr'><strong>sunt.</strong></span> 
     </span>
    </p>
   </div>
   <div class='ocr_carea' id='block_1_70' title="bbox 2240 3314 3825 3441">
    <p class='ocr_par' dir='ltr' id='par_1_70' title="bbox 2240 3314 3825 3441">
     <span class='ocr_line' id='line_1_70' title="bbox 2240 3314 3825 3441; baseline 0.003 -73"><span class='ocrx_word' id='word_1_477' title='bbox 2240 3385 2278 3441; x_wconf 62' lang='grc' dir='ltr'><strong>Ο</strong></span> <span class='ocrx_word' id='word_1_478' title='bbox 2311 3314 2401 3440; x_wconf 45' lang='lat' dir='ltr'><strong>Vl};</strong></span> <span class='ocrx_word' id='word_1_479' title='bbox 2432 3316 2619 3398; x_wconf 72' lang='lat' dir='ltr'><strong>Natale</strong></span> <span class='ocrx_word' id='word_1_480' title='bbox 2646 3314 2672 3353; x_wconf 75' lang='grc' dir='ltr'><em>ά</em></span> <span class='ocrx_word' id='word_1_481' title='bbox 2706 3316 2913 3388; x_wconf 84' lang='lat' dir='ltr'><strong>Eutycii</strong></span> <span class='ocrx_word' id='word_1_482' title='bbox 2940 3317 3255 3387; x_wconf 89' lang='lat' dir='ltr'><strong>presbyteri,</strong></span> <span class='ocrx_word' id='word_1_483' title='bbox 3281 3315 3568 3373; x_wconf 89' lang='lat' dir='ltr'><strong>Domitiani</strong></span> <span class='ocrx_word' id='word_1_484' title='bbox 3588 3316 3825 3385; x_wconf 75' lang='lat' dir='ltr'><strong>diaconi,</strong></span> 
     </span>
     <span class='ocr_line' id='line_1_71' title="bbox 2285 3402 2489 3441; baseline 0.005 -3"><span class='ocrx_word' id='word_1_485' title='bbox 2285 3402 2340 3440; x_wconf 87' lang='lat' dir='ltr'><strong>as</strong></span> <span class='ocrx_word' id='word_1_486' title='bbox 2404 3403 2489 3441; x_wconf 83' lang='lat' dir='ltr'><strong>J‘ll.</strong></span> 
     </span>
    </p>
   </div>
   <div class='ocr_carea' id='block_1_71' title="bbox 2285 3397 2489 3441">
    <p class='ocr_par' dir='ltr' id='par_1_71' title="bbox 2285 3397 2489 3441">
     <span class='ocr_line' id='line_1_72' title="bbox 2285 3397 2489 3441; baseline 0 -2"><span class='ocrx_word' id='word_1_487' title='bbox 2285 3397 2489 3441; x_wconf 71' lang='lat' dir='ltr'><strong>aSIOJ‘Il.</strong></span> 
     </span>
    </p>
   </div>
   <div class='ocr_carea' id='block_1_72' title="bbox 2307 3497 3156 3555">
    <p class='ocr_par' dir='ltr' id='par_1_72' title="bbox 2307 3497 3156 3555">
     <span class='ocr_line' id='line_1_73' title="bbox 2307 3497 3156 3555; baseline 0.001 -4"><span class='ocrx_word' id='word_1_488' title='bbox 2307 3498 2395 3553; x_wconf 73' lang='lat'><strong>‘29.</strong></span> <span class='ocrx_word' id='word_1_489' title='bbox 2431 3528 2500 3539; x_wconf 82' lang='lat'><strong>-—~</strong></span> <span class='ocrx_word' id='word_1_490' title='bbox 2526 3497 2591 3552; x_wconf 85' lang='lat' dir='ltr'><strong>lV</strong></span> <span class='ocrx_word' id='word_1_491' title='bbox 2614 3497 2755 3553; x_wconf 78' lang='grc' dir='ltr'>ΚΑι..</span> <span class='ocrx_word' id='word_1_492' title='bbox 2792 3497 2956 3555; x_wconf 82' lang='lat' dir='ltr'><strong>Vacat</strong></span> <span class='ocrx_word' id='word_1_493' title='bbox 2980 3498 3156 3553; x_wconf 65' lang='lat' dir='ltr'><strong>Baeda.</strong></span> 
     </span>
    </p>
   </div>
   <div class='ocr_carea' id='block_1_73' title="bbox 2310 3588 3820 3659">
    <p class='ocr_par' dir='ltr' id='par_1_73' title="bbox 2310 3588 3820 3659">
     <span class='ocr_line' id='line_1_74' title="bbox 2310 3588 3820 3659; baseline 0.001 -16"><span class='ocrx_word' id='word_1_494' title='bbox 2310 3590 2394 3654; x_wconf 92' lang='lat' dir='ltr'><strong>D.,</strong></span> <span class='ocrx_word' id='word_1_495' title='bbox 2445 3588 2608 3643; x_wconf 86' lang='lat' dir='ltr'><strong>David</strong></span> <span class='ocrx_word' id='word_1_496' title='bbox 2654 3591 2814 3658; x_wconf 88' lang='lat' dir='ltr'><strong>regis.</strong></span> <span class='ocrx_word' id='word_1_497' title='bbox 2862 3589 3013 3658; x_wconf 87' lang='lat' dir='ltr'><strong>Apud</strong></span> <span class='ocrx_word' id='word_1_498' title='bbox 3060 3589 3326 3644; x_wconf 81' lang='lat' dir='ltr'><strong>Arelatem</strong></span> <span class='ocrx_word' id='word_1_499' title='bbox 3372 3588 3431 3644; x_wconf 91' lang='lat' dir='ltr'><strong>S.</strong></span> <span class='ocrx_word' id='word_1_500' title='bbox 3481 3594 3505 3622; x_wconf 67' lang='grc' dir='ltr'>ε</span> <span class='ocrx_word' id='word_1_501' title='bbox 3540 3588 3820 3659; x_wconf 86' lang='lat' dir='ltr'><strong>Trophimi</strong></span> 
     </span>
    </p>
   </div>
   <div class='ocr_carea' id='block_1_74' title="bbox 2240 3659 3823 3784">
    <p class='ocr_par' dir='ltr' id='par_1_74' title="bbox 2240 3659 3823 3784">
     <span class='ocr_line' id='line_1_75' title="bbox 2240 3659 3823 3730; baseline 0.001 -14"><span class='ocrx_word' id='word_1_502' title='bbox 2240 3661 2477 3730; x_wconf 85' lang='lat' dir='ltr'><strong>episcopi</strong></span> <span class='ocrx_word' id='word_1_503' title='bbox 2506 3673 2554 3713; x_wconf 86' lang='lat' dir='ltr'><strong>et</strong></span> <span class='ocrx_word' id='word_1_504' title='bbox 2589 3660 2934 3723; x_wconf 67' lang='lat' dir='ltr'><strong>confessoris,</strong></span> <span class='ocrx_word' id='word_1_505' title='bbox 2972 3659 3216 3727; x_wconf 91' lang='lat' dir='ltr'><strong>discipuli</strong></span> <span class='ocrx_word' id='word_1_506' title='bbox 3265 3661 3627 3727; x_wconf 86' lang='lat' dir='ltr'><strong>apostolorum</strong></span> <span class='ocrx_word' id='word_1_507' title='bbox 3681 3661 3823 3717; x_wconf 84' lang='lat' dir='ltr'><strong>Petri</strong></span> 
     </span>
     <span class='ocr_line' id='line_1_76' title="bbox 2240 3728 3823 3784; baseline 0 0"><span class='ocrx_word' id='word_1_508' title='bbox 2240 3742 2291 3784; x_wconf 90' lang='lat' dir='ltr'><strong>et</strong></span> <span class='ocrx_word' id='word_1_509' title='bbox 2317 3731 2480 3784; x_wconf 86' lang='lat' dir='ltr'><strong>Pauli.</strong></span> <span class='ocrx_word' id='word_1_510' title='bbox 2520 3730 2581 3784; x_wconf 82' lang='lat' dir='ltr'><strong>V.</strong></span> <span class='ocrx_word' id='word_1_511' title='bbox 2611 3731 2694 3784; x_wconf 74' lang='lat'><strong>(2..</strong></span> <span class='ocrx_word' id='word_1_512' title='bbox 2729 3731 2783 3784; x_wconf 92' lang='lat' dir='ltr'><strong>ln</strong></span> <span class='ocrx_word' id='word_1_513' title='bbox 2814 3728 2988 3784; x_wconf 88' lang='lat' dir='ltr'><strong>Africa</strong></span> <span class='ocrx_word' id='word_1_514' title='bbox 3036 3731 3347 3784; x_wconf 86' lang='lat' dir='ltr'><strong>Crescentii.</strong></span> <span class='ocrx_word' id='word_1_515' title='bbox 3404 3730 3687 3784; x_wconf 89' lang='lat' dir='ltr'><strong>Primiani.</strong></span> <span class='ocrx_word' id='word_1_516' title='bbox 3726 3732 3823 3784; x_wconf 81' lang='lat' dir='ltr'><strong>Se-</strong></span> 
     </span>
    </p>
   </div>
   <div class='ocr_carea' id='block_1_75' title="bbox 2237 3732 3823 3866">
    <p class='ocr_par' dir='ltr' id='par_1_75' title="bbox 2237 3732 3823 3866">
     <span class='ocr_line' id='line_1_77' title="bbox 2237 3732 3823 3796; baseline 0.001 -10"><span class='ocrx_word' id='word_1_517' title='bbox 2237 3742 2291 3786; x_wconf 88' lang='lat' dir='ltr'><strong>et</strong></span> <span class='ocrx_word' id='word_1_518' title='bbox 2317 3732 2480 3784; x_wconf 84' lang='lat' dir='ltr'><strong>Pauli.</strong></span> <span class='ocrx_word' id='word_1_519' title='bbox 2520 3732 2581 3784; x_wconf 83' lang='lat' dir='ltr'><strong>V.</strong></span> <span class='ocrx_word' id='word_1_520' title='bbox 2611 3732 2694 3795; x_wconf 71' lang='lat'><strong>(1.,</strong></span> <span class='ocrx_word' id='word_1_521' title='bbox 2729 3732 2783 3784; x_wconf 92' lang='lat' dir='ltr'><strong>ln</strong></span> <span class='ocrx_word' id='word_1_522' title='bbox 2814 3732 2988 3785; x_wconf 85' lang='lat' dir='ltr'><strong>Africa</strong></span> <span class='ocrx_word' id='word_1_523' title='bbox 3036 3732 3347 3796; x_wconf 84' lang='lat' dir='ltr'><strong>Crescentii,</strong></span> <span class='ocrx_word' id='word_1_524' title='bbox 3404 3732 3687 3793; x_wconf 86' lang='lat' dir='ltr'><strong>Primiani,</strong></span> <span class='ocrx_word' id='word_1_525' title='bbox 3726 3732 3823 3787; x_wconf 84' lang='lat' dir='ltr'><strong>Se-</strong></span> 
     </span>
     <span class='ocr_line' id='line_1_78' title="bbox 2239 3798 3823 3866; baseline 0 -10"><span class='ocrx_word' id='word_1_526' title='bbox 2239 3803 2418 3865; x_wconf 87' lang='lat' dir='ltr'><strong>cundi,</strong></span> <span class='ocrx_word' id='word_1_527' title='bbox 2463 3801 2754 3866; x_wconf 89' lang='lat' dir='ltr'><strong>Saturnini,</strong></span> <span class='ocrx_word' id='word_1_528' title='bbox 2804 3800 3288 3856; x_wconf 70' lang='lat' dir='ltr'><strong>Honorati.‘llornaa</strong></span> <span class='ocrx_word' id='word_1_529' title='bbox 3334 3798 3524 3855; x_wconf 87' lang='lat' dir='ltr'><strong>Felicis</strong></span> <span class='ocrx_word' id='word_1_530' title='bbox 3566 3811 3623 3855; x_wconf 90' lang='lat' dir='ltr'><strong>et</strong></span> <span class='ocrx_word' id='word_1_531' title='bbox 3665 3802 3823 3856; x_wconf 86' lang='lat' dir='ltr'><strong>Boni-</strong></span> 
     </span>
    </p>
   </div>
   <div class='ocr_carea' id='block_1_76' title="bbox 2241 3870 3821 3941">
    <p class='ocr_par' dir='ltr' id='par_1_76' title="bbox 2241 3870 3821 3941">
     <span class='ocr_line' id='line_1_79' title="bbox 2241 3870 3821 3941; baseline 0.001 -15"><span class='ocrx_word' id='word_1_532' title='bbox 2241 3873 2357 3927; x_wconf 87' lang='lat' dir='ltr'><strong>facii</strong></span> <span class='ocrx_word' id='word_1_533' title='bbox 2408 3873 2663 3940; x_wconf 82' lang='lat' dir='ltr'><strong>episcOpi,</strong></span> <span class='ocrx_word' id='word_1_534' title='bbox 2712 3872 2798 3941; x_wconf 89' lang='lat' dir='ltr'><strong>qui</strong></span> <span class='ocrx_word' id='word_1_535' title='bbox 2850 3872 3066 3924; x_wconf 89' lang='lat' dir='ltr'><strong>ultimus</strong></span> <span class='ocrx_word' id='word_1_536' title='bbox 3089 3870 3248 3924; x_wconf 83' lang='lat' dir='ltr'><strong>etiam</strong></span> <span class='ocrx_word' id='word_1_537' title='bbox 3270 3879 3358 3941; x_wconf 85' lang='lat' dir='ltr'><strong>est</strong></span> <span class='ocrx_word' id='word_1_538' title='bbox 3385 3872 3555 3938; x_wconf 89' lang='lat' dir='ltr'><strong>primo</strong></span> <span class='ocrx_word' id='word_1_539' title='bbox 3600 3873 3718 3925; x_wconf 92' lang='lat' dir='ltr'><strong>loco</strong></span> <span class='ocrx_word' id='word_1_540' title='bbox 3770 3874 3821 3927; x_wconf 90' lang='lat' dir='ltr'><strong>in</strong></span> 
     </span>
    </p>
   </div>
   <div class='ocr_carea' id='block_1_77' title="bbox 2240 3940 3820 4011">
    <p class='ocr_par' dir='ltr' id='par_1_77' title="bbox 2240 3940 3820 4011">
     <span class='ocr_line' id='line_1_80' title="bbox 2240 3940 3820 4011; baseline -0.001 -12"><span class='ocrx_word' id='word_1_541' title='bbox 2240 3945 2307 3999; x_wconf 89' lang='lat' dir='ltr'><strong>A.</strong></span> <span class='ocrx_word' id='word_1_542' title='bbox 2339 3943 2404 3998; x_wconf 92' lang='lat' dir='ltr'><strong>T.</strong></span> <span class='ocrx_word' id='word_1_543' title='bbox 2448 3944 2508 3998; x_wconf 86' lang='lat' dir='ltr'><strong>L.</strong></span> <span class='ocrx_word' id='word_1_544' title='bbox 2546 3944 2600 3997; x_wconf 90' lang='lat' dir='ltr'><strong>ln</strong></span> <span class='ocrx_word' id='word_1_545' title='bbox 2634 3940 2807 3998; x_wconf 86' lang='lat' dir='ltr'><strong>Africa</strong></span> <span class='ocrx_word' id='word_1_546' title='bbox 2855 3941 2952 3998; x_wconf 86' lang='lat' dir='ltr'><strong>SS.</strong></span> <span class='ocrx_word' id='word_1_547' title='bbox 2986 3942 3221 4007; x_wconf 89' lang='lat' dir='ltr'><strong>Domitii,</strong></span> <span class='ocrx_word' id='word_1_548' title='bbox 3268 3940 3491 4007; x_wconf 79' lang='lat' dir='ltr'><strong>Victuri,</strong></span> <span class='ocrx_word' id='word_1_549' title='bbox 3540 3940 3820 4011; x_wconf 87' lang='lat' dir='ltr'><strong>Primiani,</strong></span> 
     </span>
    </p>
   </div>
   <div class='ocr_carea' id='block_1_78' title="bbox 1939 4055 2418 4113">
    <p class='ocr_par' dir='ltr' id='par_1_78' title="bbox 1939 4055 2418 4113">
     <span class='ocr_line' id='line_1_81' title="bbox 1939 4055 2418 4113; baseline 0.002 -2"><span class='ocrx_word' id='word_1_550' title='bbox 1939 4055 2148 4112; x_wconf 79' lang='lat' dir='ltr'><strong>SMITH</strong></span> <span class='ocrx_word' id='word_1_551' title='bbox 2187 4055 2418 4113; x_wconf 70' lang='lat' dir='ltr'><strong>NOTAE.</strong></span> 
     </span>
    </p>
   </div>
   <div class='ocr_carea' id='block_1_79' title="bbox 625 4144 2121 4217">
    <p class='ocr_par' dir='ltr' id='par_1_79' title="bbox 625 4144 2121 4217">
     <span class='ocr_line' id='line_1_82' title="bbox 625 4144 2121 4217; baseline 0.002 -18"><span class='ocrx_word' id='word_1_552' title='bbox 625 4148 651 4175; x_wconf 73' lang='grc'>⁸</span> <span class='ocrx_word' id='word_1_553' title='bbox 683 4144 936 4217; x_wconf 82' lang='lat' dir='ltr'><strong>Dionysii.</strong></span> <span class='ocrx_word' id='word_1_554' title='bbox 992 4147 1085 4201; x_wconf 92' lang='lat' dir='ltr'><strong>llic</strong></span> <span class='ocrx_word' id='word_1_555' title='bbox 1129 4145 1272 4213; x_wconf 88' lang='lat' dir='ltr'><strong>juxta</strong></span> <span class='ocrx_word' id='word_1_556' title='bbox 1301 4146 1602 4217; x_wconf 88' lang='lat' dir='ltr'><strong>Chronicon</strong></span> <span class='ocrx_word' id='word_1_557' title='bbox 1644 4147 1853 4202; x_wconf 91' lang='lat' dir='ltr'><strong>Damasi</strong></span> <span class='ocrx_word' id='word_1_558' title='bbox 1887 4146 2121 4215; x_wconf 83' lang='lat' dir='ltr'><strong>pontifex</strong></span> 
     </span>
    </p>
   </div>
   <div class='ocr_carea' id='block_1_80' title="bbox 540 4214 2125 4286">
    <p class='ocr_par' dir='ltr' id='par_1_80' title="bbox 540 4214 2125 4286">
     <span class='ocr_line' id='line_1_83' title="bbox 540 4214 2125 4286; baseline 0.001 -14"><span class='ocrx_word' id='word_1_559' title='bbox 540 4214 713 4272; x_wconf 85' lang='lat' dir='ltr'><strong>factus</strong></span> <span class='ocrx_word' id='word_1_560' title='bbox 759 4214 840 4271; x_wconf 73' lang='lat' dir='ltr'><strong>esi</strong></span> <span class='ocrx_word' id='word_1_561' title='bbox 882 4232 1020 4272; x_wconf 88' lang='lat' dir='ltr'><strong>anno</strong></span> <span class='ocrx_word' id='word_1_562' title='bbox 1066 4217 1193 4282; x_wconf 69' lang='lat'><strong>259,</strong></span> <span class='ocrx_word' id='word_1_563' title='bbox 1246 4219 1496 4286; x_wconf 88' lang='lat' dir='ltr'><strong>insignito</strong></span> <span class='ocrx_word' id='word_1_564' title='bbox 1543 4216 1831 4272; x_wconf 65' lang='lat' dir='ltr'><strong>IEmiIiano</strong></span> <span class='ocrx_word' id='word_1_565' title='bbox 1867 4228 1921 4271; x_wconf 93' lang='lat' dir='ltr'><strong>et</strong></span> <span class='ocrx_word' id='word_1_566' title='bbox 1963 4218 2125 4273; x_wconf 79' lang='lat' dir='ltr'><strong>Basso</strong></span> 
     </span>
    </p>
   </div>
   <div class='ocr_carea' id='block_1_81' title="bbox 539 4287 2126 4353">
    <p class='ocr_par' dir='ltr' id='par_1_81' title="bbox 539 4287 2126 4353">
     <span class='ocr_line' id='line_1_84' title="bbox 539 4287 2126 4353; baseline 0.001 -11"><span class='ocrx_word' id='word_1_567' title='bbox 539 4287 871 4353; x_wconf 91' lang='lat' dir='ltr'><strong>consulibus,</strong></span> <span class='ocrx_word' id='word_1_568' title='bbox 902 4300 954 4343; x_wconf 90' lang='lat' dir='ltr'><strong>et</strong></span> <span class='ocrx_word' id='word_1_569' title='bbox 1000 4289 1264 4345; x_wconf 89' lang='lat' dir='ltr'><strong>hominem</strong></span> <span class='ocrx_word' id='word_1_570' title='bbox 1304 4288 1449 4343; x_wconf 84' lang='lat' dir='ltr'><strong>exuit</strong></span> <span class='ocrx_word' id='word_1_571' title='bbox 1479 4303 1617 4342; x_wconf 90' lang='lat' dir='ltr'><strong>anno</strong></span> <span class='ocrx_word' id='word_1_572' title='bbox 1644 4287 1773 4353; x_wconf 74' lang='lat'><strong>‘269,</strong></span> <span class='ocrx_word' id='word_1_573' title='bbox 1820 4287 2024 4342; x_wconf 87' lang='lat' dir='ltr'><strong>Claudii</strong></span> <span class='ocrx_word' id='word_1_574' title='bbox 2072 4298 2126 4344; x_wconf 87' lang='lat' dir='ltr'><strong>et</strong></span> 
     </span>
    </p>
   </div>
   <div class='ocr_carea' id='block_1_82' title="bbox 544 4358 2123 4428">
    <p class='ocr_par' dir='ltr' id='par_1_82' title="bbox 544 4358 2123 4428">
     <span class='ocr_line' id='line_1_85' title="bbox 544 4358 2123 4428; baseline 0.003 -17"><span class='ocrx_word' id='word_1_575' title='bbox 544 4358 757 4412; x_wconf 80' lang='lat' dir='ltr'><strong>Paterni</strong></span> <span class='ocrx_word' id='word_1_576' title='bbox 787 4360 1064 4413; x_wconf 87' lang='lat' dir='ltr'><strong>consulatu</strong></span> <span class='ocrx_word' id='word_1_577' title='bbox 1096 4370 1294 4414; x_wconf 84' lang='lat' dir='ltr'><strong>notato.</strong></span> <span class='ocrx_word' id='word_1_578' title='bbox 1328 4359 1552 4424; x_wconf 88' lang='lat' dir='ltr'><strong>Quidam</strong></span> <span class='ocrx_word' id='word_1_579' title='bbox 1594 4358 1659 4414; x_wconf 92' lang='lat' dir='ltr'><strong>de</strong></span> <span class='ocrx_word' id='word_1_580' title='bbox 1705 4358 1807 4414; x_wconf 91' lang='lat' dir='ltr'><strong>hoc</strong></span> <span class='ocrx_word' id='word_1_581' title='bbox 1836 4369 1996 4428; x_wconf 84' lang='lat' dir='ltr'><strong>agunt</strong></span> <span class='ocrx_word' id='word_1_582' title='bbox 2029 4375 2123 4428; x_wconf 56' lang='lat' dir='ltr'><strong>po.</strong></span> 
     </span>
    </p>
   </div>
   <div class='ocr_carea' id='block_1_83' title="bbox 541 4429 2125 4500">
    <p class='ocr_par' dir='ltr' id='par_1_83' title="bbox 541 4429 2125 4500">
     <span class='ocr_line' id='line_1_86' title="bbox 541 4429 2125 4500; baseline 0.003 -18"><span class='ocrx_word' id='word_1_583' title='bbox 541 4429 773 4493; x_wconf 90' lang='lat' dir='ltr'><strong>stridie;</strong></span> <span class='ocrx_word' id='word_1_584' title='bbox 820 4429 915 4484; x_wconf 88' lang='lat' dir='ltr'><strong>sed</strong></span> <span class='ocrx_word' id='word_1_585' title='bbox 969 4432 1179 4497; x_wconf 84' lang='lat' dir='ltr'><strong>quando</strong></span> <span class='ocrx_word' id='word_1_586' title='bbox 1232 4433 1518 4499; x_wconf 84' lang='lat' dir='ltr'><strong>scriptores</strong></span> <span class='ocrx_word' id='word_1_587' title='bbox 1570 4430 1621 4483; x_wconf 91' lang='lat' dir='ltr'><strong>in</strong></span> <span class='ocrx_word' id='word_1_588' title='bbox 1679 4437 1850 4484; x_wconf 90' lang='lat' dir='ltr'><strong>morte</strong></span> <span class='ocrx_word' id='word_1_589' title='bbox 1902 4431 2125 4500; x_wconf 85' lang='lat' dir='ltr'><strong>alicujus</strong></span> 
     </span>
    </p>
   </div>
   <div class='ocr_carea' id='block_1_84' title="bbox 542 4500 2126 4567">
    <p class='ocr_par' dir='ltr' id='par_1_84' title="bbox 542 4500 2126 4567">
     <span class='ocr_line' id='line_1_87' title="bbox 542 4500 2126 4567; baseline 0.004 -15"><span class='ocrx_word' id='word_1_590' title='bbox 542 4500 809 4567; x_wconf 86' lang='lat' dir='ltr'><strong>pontificis</strong></span> <span class='ocrx_word' id='word_1_591' title='bbox 840 4515 947 4554; x_wconf 92' lang='lat' dir='ltr'><strong>uno</strong></span> <span class='ocrx_word' id='word_1_592' title='bbox 979 4502 1147 4554; x_wconf 90' lang='lat' dir='ltr'><strong>solum</strong></span> <span class='ocrx_word' id='word_1_593' title='bbox 1194 4501 1281 4557; x_wconf 91' lang='lat' dir='ltr'><strong>die</strong></span> <span class='ocrx_word' id='word_1_594' title='bbox 1323 4503 1459 4556; x_wconf 92' lang='lat' dir='ltr'><strong>inter</strong></span> <span class='ocrx_word' id='word_1_595' title='bbox 1484 4516 1544 4556; x_wconf 91' lang='lat' dir='ltr'><strong>se</strong></span> <span class='ocrx_word' id='word_1_596' title='bbox 1582 4501 1861 4563; x_wconf 88' lang='lat' dir='ltr'><strong>dissident,</strong></span> <span class='ocrx_word' id='word_1_597' title='bbox 1897 4502 2033 4556; x_wconf 89' lang='lat' dir='ltr'><strong>alter</strong></span> <span class='ocrx_word' id='word_1_598' title='bbox 2060 4504 2126 4558; x_wconf 89' lang='lat' dir='ltr'><strong>de</strong></span> 
     </span>
    </p>
   </div>
   <div class='ocr_carea' id='block_1_85' title="bbox 539 4571 2124 4640">
    <p class='ocr_par' dir='ltr' id='par_1_85' title="bbox 539 4571 2124 4640">
     <span class='ocr_line' id='line_1_88' title="bbox 539 4571 2124 4640; baseline 0.002 -18"><span class='ocrx_word' id='word_1_599' title='bbox 539 4571 628 4625; x_wconf 89' lang='lat' dir='ltr'><strong>die</strong></span> <span class='ocrx_word' id='word_1_600' title='bbox 656 4571 897 4635; x_wconf 90' lang='lat' dir='ltr'><strong>ohituali,</strong></span> <span class='ocrx_word' id='word_1_601' title='bbox 927 4571 1062 4625; x_wconf 88' lang='lat' dir='ltr'><strong>alter</strong></span> <span class='ocrx_word' id='word_1_602' title='bbox 1090 4572 1155 4625; x_wconf 89' lang='lat' dir='ltr'><strong>de</strong></span> <span class='ocrx_word' id='word_1_603' title='bbox 1182 4573 1267 4626; x_wconf 84' lang='lat' dir='ltr'><strong>die</strong></span> <span class='ocrx_word' id='word_1_604' title='bbox 1296 4572 1583 4640; x_wconf 72' lang='lat' dir='ltr'><strong>sepultura:</strong></span> <span class='ocrx_word' id='word_1_605' title='bbox 1613 4582 1694 4627; x_wconf 86' lang='lat' dir='ltr'><strong>est</strong></span> <span class='ocrx_word' id='word_1_606' title='bbox 1728 4573 2124 4640; x_wconf 85' lang='lat' dir='ltr'><strong>intelligendus.</strong></span> 
     </span>
    </p>
   </div>
   <div class='ocr_carea' id='block_1_86' title="bbox 538 4640 2125 4713">
    <p class='ocr_par' dir='ltr' id='par_1_86' title="bbox 538 4640 2125 4713">
     <span class='ocr_line' id='line_1_89' title="bbox 538 4640 2125 4713; baseline 0.003 -19"><span class='ocrx_word' id='word_1_607' title='bbox 538 4641 596 4713; x_wconf 80' lang='lat' dir='ltr'><strong>in</strong></span> <span class='ocrx_word' id='word_1_608' title='bbox 632 4642 1008 4713; x_wconf 82' lang='lat' dir='ltr'><strong>Martyrologio</strong></span> <span class='ocrx_word' id='word_1_609' title='bbox 1038 4640 1449 4713; x_wconf 83' lang='lat' dir='ltr'><strong>llieronymiano</strong></span> <span class='ocrx_word' id='word_1_610' title='bbox 1478 4644 1541 4696; x_wconf 91' lang='lat' dir='ltr'><strong>ad</strong></span> <span class='ocrx_word' id='word_1_611' title='bbox 1580 4642 1719 4697; x_wconf 92' lang='lat' dir='ltr'><strong>diem</strong></span> <span class='ocrx_word' id='word_1_612' title='bbox 1754 4643 1819 4695; x_wconf 71' lang='grc'><strong>14</strong></span> <span class='ocrx_word' id='word_1_613' title='bbox 1851 4643 2125 4712; x_wconf 90' lang='lat' dir='ltr'><strong>Septemb.</strong></span> 
     </span>
    </p>
   </div>
   <div class='ocr_carea' id='block_1_87' title="bbox 539 4658 2125 4783">
    <p class='ocr_par' dir='ltr' id='par_1_87' title="bbox 539 4658 2125 4783">
     <span class='ocr_line' id='line_1_90' title="bbox 539 4658 2125 4713; baseline 0.003 -19"><span class='ocrx_word' id='word_1_614' title='bbox 539 4658 596 4694; x_wconf 82' lang='lat' dir='ltr'><strong>In</strong></span> <span class='ocrx_word' id='word_1_615' title='bbox 632 4658 917 4713; x_wconf 80' lang='lat' dir='ltr'><strong>martyroto</strong></span> <span class='ocrx_word' id='word_1_616' title='bbox 962 4658 1008 4694; x_wconf 84' lang='grc' dir='ltr'><strong>ιο</strong></span> <span class='ocrx_word' id='word_1_617' title='bbox 1038 4658 1449 4711; x_wconf 83' lang='lat' dir='ltr'><strong>uteronymiano</strong></span> <span class='ocrx_word' id='word_1_618' title='bbox 1478 4658 1541 4696; x_wconf 87' lang='lat' dir='ltr'><strong>au</strong></span> <span class='ocrx_word' id='word_1_619' title='bbox 1580 4658 1719 4697; x_wconf 81' lang='lat' dir='ltr'><strong>diem</strong></span> <span class='ocrx_word' id='word_1_620' title='bbox 1754 4658 1819 4695; x_wconf 73' lang='lat'><strong>14</strong></span> <span class='ocrx_word' id='word_1_621' title='bbox 1851 4658 2125 4712; x_wconf 68' lang='lat' dir='ltr'><strong>beptemb.</strong></span> 
     </span>
     <span class='ocr_line' id='line_1_91' title="bbox 539 4658 2125 4783; baseline 0.002 -16"><span class='ocrx_word' id='word_1_622' title='bbox 539 4712 737 4780; x_wconf 67' lang='lat' dir='ltr'><strong>legitur</strong></span> <span class='ocrx_word' id='word_1_623' title='bbox 791 4732 803 4767; x_wconf 89' lang='lat'>:</span> <span class='ocrx_word' id='word_1_624' title='bbox 861 4733 880 4767; x_wconf 72' lang='grc' dir='ltr'><strong><em>ι</em></strong></span> <span class='ocrx_word' id='word_1_625' title='bbox 917 4658 1190 4782; x_wconf 60' lang='lat' dir='ltr'><strong>gepositio</strong></span> <span class='ocrx_word' id='word_1_626' title='bbox 1235 4713 1290 4767; x_wconf 93' lang='lat' dir='ltr'><strong>S.</strong></span> <span class='ocrx_word' id='word_1_627' title='bbox 1350 4713 1585 4783; x_wconf 82' lang='lat' dir='ltr'><strong>Dionysii</strong></span> <span class='ocrx_word' id='word_1_628' title='bbox 1631 4715 1888 4782; x_wconf 83' lang='lat' dir='ltr'><strong>episcopi.</strong></span> <span class='ocrx_word' id='word_1_629' title='bbox 1945 4733 1963 4767; x_wconf 76' lang='grc' dir='ltr'><strong><em>ι</em></strong></span> <span class='ocrx_word' id='word_1_630' title='bbox 2019 4716 2125 4770; x_wconf 87' lang='lat' dir='ltr'><strong>Sed</strong></span> 
     </span>
    </p>
   </div>
   <div class='ocr_carea' id='block_1_88' title="bbox 539 4783 2123 4848">
    <p class='ocr_par' dir='ltr' id='par_1_88' title="bbox 539 4783 2123 4848">
     <span class='ocr_line' id='line_1_92' title="bbox 539 4783 2123 4848; baseline 0.004 -11"><span class='ocrx_word' id='word_1_631' title='bbox 539 4793 752 4838; x_wconf 86' lang='lat' dir='ltr'><strong>constat</strong></span> <span class='ocrx_word' id='word_1_632' title='bbox 781 4786 866 4840; x_wconf 92' lang='lat' dir='ltr'><strong>hic</strong></span> <span class='ocrx_word' id='word_1_633' title='bbox 895 4800 1001 4840; x_wconf 91' lang='lat' dir='ltr'><strong>non</strong></span> <span class='ocrx_word' id='word_1_634' title='bbox 1025 4783 1162 4838; x_wconf 90' lang='lat' dir='ltr'><strong>diem</strong></span> <span class='ocrx_word' id='word_1_635' title='bbox 1194 4784 1564 4848; x_wconf 88' lang='lat' dir='ltr'><strong>emortualem,</strong></span> <span class='ocrx_word' id='word_1_636' title='bbox 1597 4786 1689 4839; x_wconf 89' lang='lat' dir='ltr'><strong>sed</strong></span> <span class='ocrx_word' id='word_1_637' title='bbox 1723 4785 2123 4843; x_wconf 83' lang='lat' dir='ltr'><strong>translationem</strong></span> 
     </span>
    </p>
   </div>
   <div class='ocr_carea' id='block_1_89' title="bbox 540 4854 1549 4923">
    <p class='ocr_par' dir='ltr' id='par_1_89' title="bbox 540 4854 1549 4923">
     <span class='ocr_line' id='line_1_93' title="bbox 540 4854 1549 4923; baseline 0.003 -16"><span class='ocrx_word' id='word_1_638' title='bbox 540 4855 622 4908; x_wconf 91' lang='lat' dir='ltr'><strong>vel</strong></span> <span class='ocrx_word' id='word_1_639' title='bbox 655 4855 1008 4912; x_wconf 89' lang='lat' dir='ltr'><strong>elevationem</strong></span> <span class='ocrx_word' id='word_1_640' title='bbox 1039 4854 1325 4923; x_wconf 87' lang='lat' dir='ltr'><strong>quamdam</strong></span> <span class='ocrx_word' id='word_1_641' title='bbox 1358 4856 1549 4909; x_wconf 90' lang='lat' dir='ltr'><strong>notari.</strong></span> 
     </span>
    </p>
   </div>
   <div class='ocr_carea' id='block_1_90' title="bbox 610 4923 2125 4994">
    <p class='ocr_par' dir='ltr' id='par_1_90' title="bbox 610 4923 2125 4994">
     <span class='ocr_line' id='line_1_94' title="bbox 610 4923 2125 4994; baseline 0.006 -18"><span class='ocrx_word' id='word_1_642' title='bbox 610 4924 638 4963; x_wconf 79' lang='lat' dir='ltr'><strong>b</strong></span> <span class='ocrx_word' id='word_1_643' title='bbox 692 4924 903 4980; x_wconf 80' lang='lat' dir='ltr'><strong>Marini.</strong></span> <span class='ocrx_word' id='word_1_644' title='bbox 956 4923 1170 4980; x_wconf 89' lang='lat' dir='ltr'><strong>Ordinis</strong></span> <span class='ocrx_word' id='word_1_645' title='bbox 1215 4925 1487 4989; x_wconf 84' lang='lat' dir='ltr'><strong>senatorii,</strong></span> <span class='ocrx_word' id='word_1_646' title='bbox 1526 4925 1615 4994; x_wconf 89' lang='lat' dir='ltr'><strong>qui</strong></span> <span class='ocrx_word' id='word_1_647' title='bbox 1666 4926 1766 4981; x_wconf 90' lang='lat' dir='ltr'><strong>sub</strong></span> <span class='ocrx_word' id='word_1_648' title='bbox 1804 4926 2125 4985; x_wconf 90' lang='lat' dir='ltr'><strong>Numeriano</strong></span> 
     </span>
    </p>
   </div>
   <div class='ocr_carea' id='block_1_91' title="bbox 536 4993 2125 5067">
    <p class='ocr_par' dir='ltr' id='par_1_91' title="bbox 536 4993 2125 5067">
     <span class='ocr_line' id='line_1_95' title="bbox 536 4993 2125 5067; baseline 0.001 -18"><span class='ocrx_word' id='word_1_649' title='bbox 536 4993 884 5067; x_wconf 83' lang='lat' dir='ltr'><strong>imperatore,</strong></span> <span class='ocrx_word' id='word_1_650' title='bbox 908 5004 963 5051; x_wconf 90' lang='lat' dir='ltr'><strong>et</strong></span> <span class='ocrx_word' id='word_1_651' title='bbox 987 4996 1249 5050; x_wconf 84' lang='lat' dir='ltr'><strong>Marciano</strong></span> <span class='ocrx_word' id='word_1_652' title='bbox 1274 4995 1544 5067; x_wconf 57' lang='lat' dir='ltr'><strong>praefecto,</strong></span> <span class='ocrx_word' id='word_1_653' title='bbox 1568 4996 1883 5053; x_wconf 74' lang='lat' dir='ltr'><strong>Christiana:</strong></span> <span class='ocrx_word' id='word_1_654' title='bbox 1913 5000 2125 5067; x_wconf 87' lang='lat' dir='ltr'><strong>religio-</strong></span> 
     </span>
    </p>
   </div>
   <div class='ocr_carea' id='block_1_92' title="bbox 535 5065 2122 5139">
    <p class='ocr_par' dir='ltr' id='par_1_92' title="bbox 535 5065 2122 5139">
     <span class='ocr_line' id='line_1_96' title="bbox 535 5065 2122 5139; baseline 0.002 -19"><span class='ocrx_word' id='word_1_655' title='bbox 535 5065 622 5120; x_wconf 88' lang='lat' dir='ltr'><strong>nis</strong></span> <span class='ocrx_word' id='word_1_656' title='bbox 651 5078 810 5119; x_wconf 82' lang='lat' dir='ltr'><strong>causa</strong></span> <span class='ocrx_word' id='word_1_657' title='bbox 838 5067 1281 5139; x_wconf 89' lang='lat' dir='ltr'><strong>comprehensus,</strong></span> <span class='ocrx_word' id='word_1_658' title='bbox 1325 5066 1551 5139; x_wconf 82' lang='lat' dir='ltr'><strong>equuleo</strong></span> <span class='ocrx_word' id='word_1_659' title='bbox 1594 5075 1650 5139; x_wconf 87' lang='lat' dir='ltr'><strong>et</strong></span> <span class='ocrx_word' id='word_1_660' title='bbox 1697 5070 1906 5139; x_wconf 85' lang='lat' dir='ltr'><strong>ungulis</strong></span> <span class='ocrx_word' id='word_1_661' title='bbox 1945 5065 2122 5123; x_wconf 76' lang='lat' dir='ltr'><strong>servili</strong></span> 
     </span>
    </p>
   </div>
   <div class='ocr_carea' id='block_1_93' title="bbox 538 5134 2123 5208">
    <p class='ocr_par' dir='ltr' id='par_1_93' title="bbox 538 5134 2123 5208">
     <span class='ocr_line' id='line_1_97' title="bbox 538 5134 2123 5208; baseline 0.003 -19"><span class='ocrx_word' id='word_1_662' title='bbox 538 5134 1042 5208; x_wconf 46' lang='lat' dir='ltr'><strong>morepunitus,&#39;iu</strong></span> <span class='ocrx_word' id='word_1_663' title='bbox 1079 5138 1399 5208; x_wconf 83' lang='lat' dir='ltr'><strong>sartaginem</strong></span> <span class='ocrx_word' id='word_1_664' title='bbox 1448 5134 1640 5191; x_wconf 88' lang='lat' dir='ltr'><strong>deinde</strong></span> <span class='ocrx_word' id='word_1_665' title='bbox 1685 5134 1979 5208; x_wconf 70' lang='lat' dir='ltr'><strong>corijectus,</strong></span> <span class='ocrx_word' id='word_1_666' title='bbox 2028 5140 2123 5195; x_wconf 86' lang='lat' dir='ltr'><strong>sed</strong></span> 
     </span>
    </p>
   </div>
   <div class='ocr_carea' id='block_1_94' title="bbox 538 5206 2120 5279">
    <p class='ocr_par' dir='ltr' id='par_1_94' title="bbox 538 5206 2120 5279">
     <span class='ocr_line' id='line_1_98' title="bbox 538 5206 2120 5279; baseline 0.003 -19"><span class='ocrx_word' id='word_1_667' title='bbox 538 5208 661 5279; x_wconf 82' lang='lat' dir='ltr'><strong>igne</strong></span> <span class='ocrx_word' id='word_1_668' title='bbox 691 5206 743 5261; x_wconf 91' lang='lat' dir='ltr'><strong>in</strong></span> <span class='ocrx_word' id='word_1_669' title='bbox 778 5223 953 5279; x_wconf 83' lang='lat' dir='ltr'><strong>rorem</strong></span> <span class='ocrx_word' id='word_1_670' title='bbox 986 5206 1248 5262; x_wconf 79' lang='lat' dir='ltr'><strong>converso</strong></span> <span class='ocrx_word' id='word_1_671' title='bbox 1280 5207 1555 5279; x_wconf 80' lang='lat' dir='ltr'><strong>liberatus,</strong></span> <span class='ocrx_word' id='word_1_672' title='bbox 1590 5207 1714 5262; x_wconf 88' lang='lat' dir='ltr'><strong>feris</strong></span> <span class='ocrx_word' id='word_1_673' title='bbox 1754 5206 1962 5279; x_wconf 86' lang='lat' dir='ltr'><strong>quoque</strong></span> <span class='ocrx_word' id='word_1_674' title='bbox 1988 5226 2120 5264; x_wconf 89' lang='lat' dir='ltr'><strong>con-</strong></span> 
     </span>
    </p>
   </div>
   <div class='ocr_carea' id='block_1_95' title="bbox 536 5277 2118 5346">
    <p class='ocr_par' dir='ltr' id='par_1_95' title="bbox 536 5277 2118 5346">
     <span class='ocr_line' id='line_1_99' title="bbox 536 5277 2118 5346; baseline 0.001 -13"><span class='ocrx_word' id='word_1_675' title='bbox 536 5277 731 5346; x_wconf 78' lang='lat' dir='ltr'><strong>iectus,</strong></span> <span class='ocrx_word' id='word_1_676' title='bbox 763 5288 816 5332; x_wconf 92' lang='lat' dir='ltr'><strong>et</strong></span> <span class='ocrx_word' id='word_1_677' title='bbox 847 5278 913 5333; x_wconf 88' lang='lat' dir='ltr'><strong>ab</strong></span> <span class='ocrx_word' id='word_1_678' title='bbox 957 5279 1060 5333; x_wconf 88' lang='lat' dir='ltr'><strong>illis</strong></span> <span class='ocrx_word' id='word_1_679' title='bbox 1089 5289 1331 5332; x_wconf 81' lang='lat' dir='ltr'><strong>servatus</strong></span> <span class='ocrx_word' id='word_1_680' title='bbox 1376 5278 1595 5345; x_wconf 69' lang='lat' dir='ltr'><strong>illaasus,</strong></span> <span class='ocrx_word' id='word_1_681' title='bbox 1639 5277 1849 5333; x_wconf 87' lang='lat' dir='ltr'><strong>tandem</strong></span> <span class='ocrx_word' id='word_1_682' title='bbox 1879 5277 1942 5334; x_wconf 83' lang='lat' dir='ltr'><strong>ad</strong></span> <span class='ocrx_word' id='word_1_683' title='bbox 1974 5294 2118 5335; x_wconf 88' lang='lat' dir='ltr'><strong>aram</strong></span> 
     </span>
    </p>
   </div>
   <div class='ocr_carea' id='block_1_96' title="bbox 532 5348 2112 5417">
    <p class='ocr_par' dir='ltr' id='par_1_96' title="bbox 532 5348 2112 5417">
     <span class='ocr_line' id='line_1_100' title="bbox 532 5348 2112 5417; baseline 0.002 -15"><span class='ocrx_word' id='word_1_684' title='bbox 532 5348 724 5403; x_wconf 89' lang='lat' dir='ltr'><strong>iterum</strong></span> <span class='ocrx_word' id='word_1_685' title='bbox 753 5349 961 5413; x_wconf 86' lang='lat' dir='ltr'><strong>ductus,</strong></span> <span class='ocrx_word' id='word_1_686' title='bbox 993 5349 1118 5403; x_wconf 92' lang='lat' dir='ltr'><strong>dum</strong></span> <span class='ocrx_word' id='word_1_687' title='bbox 1164 5350 1299 5403; x_wconf 84' lang='lat' dir='ltr'><strong>idola</strong></span> <span class='ocrx_word' id='word_1_688' title='bbox 1329 5351 1571 5404; x_wconf 89' lang='lat' dir='ltr'><strong>oratione</strong></span> <span class='ocrx_word' id='word_1_689' title='bbox 1601 5349 1718 5417; x_wconf 89' lang='lat' dir='ltr'><strong>ejus</strong></span> <span class='ocrx_word' id='word_1_690' title='bbox 1764 5352 2112 5417; x_wconf 90' lang='lat' dir='ltr'><strong>corruissent,</strong></span> 
     </span>
    </p>
   </div>
   <div class='ocr_carea' id='block_1_97' title="bbox 611 5420 2120 5492">
    <p class='ocr_par' dir='ltr' id='par_1_97' title="bbox 611 5420 2120 5492">
     <span class='ocr_line' id='line_1_101' title="bbox 611 5420 2120 5492; baseline 0.004 -20"><span class='ocrx_word' id='word_1_691' title='bbox 611 5434 824 5475; x_wconf 88' lang='lat' dir='ltr'><strong>rcussus</strong></span> <span class='ocrx_word' id='word_1_692' title='bbox 866 5420 1040 5491; x_wconf 87' lang='lat' dir='ltr'><strong>gladio</strong></span> <span class='ocrx_word' id='word_1_693' title='bbox 1087 5422 1401 5490; x_wconf 87' lang='lat' dir='ltr'><strong>martyrium</strong></span> <span class='ocrx_word' id='word_1_694' title='bbox 1451 5422 1675 5492; x_wconf 89' lang='lat' dir='ltr'><strong>adeptus</strong></span> <span class='ocrx_word' id='word_1_695' title='bbox 1723 5430 1822 5476; x_wconf 89' lang='lat' dir='ltr'><strong>est.</strong></span> <span class='ocrx_word' id='word_1_696' title='bbox 1856 5421 2020 5475; x_wconf 71' lang='lat' dir='ltr'><strong>Pera.</strong></span> <span class='ocrx_word' id='word_1_697' title='bbox 2054 5439 2120 5478; x_wconf 82' lang='lat' dir='ltr'><strong>DE</strong></span> 
     </span>
    </p>
   </div>
   <div class='ocr_carea' id='block_1_98' title="bbox 581 5505 740 5544">
    <p class='ocr_par' dir='ltr' id='par_1_98' title="bbox 581 5505 740 5544">
     <span class='ocr_line' id='line_1_102' title="bbox 581 5505 740 5544; baseline 0.006 -1"><span class='ocrx_word' id='word_1_698' title='bbox 581 5505 740 5544; x_wconf 74' lang='grc' dir='ltr'>ΑΤΛΙ..</span> 
     </span>
    </p>
   </div>
   <div class='ocr_carea' id='block_1_99' title="bbox 610 5558 2121 5635">
    <p class='ocr_par' dir='ltr' id='par_1_99' title="bbox 610 5558 2121 5635">
     <span class='ocr_line' id='line_1_103' title="bbox 610 5558 2121 5635; baseline 0.005 -24"><span class='ocrx_word' id='word_1_699' title='bbox 610 5562 632 5590; x_wconf 84' lang='lat'><strong>°</strong></span> <span class='ocrx_word' id='word_1_700' title='bbox 668 5558 959 5635; x_wconf 71' lang='lat' dir='ltr'><strong>Ordinatio.</strong></span> <span class='ocrx_word' id='word_1_701' title='bbox 1004 5560 1261 5635; x_wconf 66' lang='lat' dir='ltr'><strong>Ecclesiae</strong></span> <span class='ocrx_word' id='word_1_702' title='bbox 1288 5561 1636 5635; x_wconf 80' lang='lat' dir='ltr'><strong>Jerosolyinis</strong></span> <span class='ocrx_word' id='word_1_703' title='bbox 1667 5564 1968 5635; x_wconf 75' lang='lat' dir='ltr'><strong>constituta:</strong></span> <span class='ocrx_word' id='word_1_704' title='bbox 2008 5566 2121 5634; x_wconf 88' lang='lat' dir='ltr'><strong>epi-</strong></span> 
     </span>
    </p>
   </div>
   <div class='ocr_carea' id='block_1_100' title="bbox 536 5632 2117 5700">
    <p class='ocr_par' dir='ltr' id='par_1_100' title="bbox 536 5632 2117 5700">
     <span class='ocr_line' id='line_1_104' title="bbox 536 5632 2117 5700; baseline 0.004 -18"><span class='ocrx_word' id='word_1_705' title='bbox 536 5643 731 5697; x_wconf 89' lang='lat' dir='ltr'><strong>scopus</strong></span> <span class='ocrx_word' id='word_1_706' title='bbox 755 5670 771 5694; x_wconf 95' lang='lat'><strong>,</strong></span> <span class='ocrx_word' id='word_1_707' title='bbox 805 5632 975 5699; x_wconf 82' lang='lat' dir='ltr'><strong>inquit</strong></span> <span class='ocrx_word' id='word_1_708' title='bbox 1008 5633 1265 5688; x_wconf 79' lang='lat' dir='ltr'><strong>Eusebius</strong></span> <span class='ocrx_word' id='word_1_709' title='bbox 1297 5634 1346 5687; x_wconf 91' lang='lat' dir='ltr'><strong>in</strong></span> <span class='ocrx_word' id='word_1_710' title='bbox 1377 5632 1678 5700; x_wconf 81' lang='lat' dir='ltr'><strong>Chronico,</strong></span> <span class='ocrx_word' id='word_1_711' title='bbox 1710 5634 1940 5689; x_wconf 87' lang='lat' dir='ltr'><strong>Jacohus</strong></span> <span class='ocrx_word' id='word_1_712' title='bbox 1972 5632 2117 5689; x_wconf 85' lang='lat' dir='ltr'><strong>ordi-</strong></span> 
     </span>
    </p>
   </div>
   <div class='ocr_carea' id='block_1_101' title="bbox 538 5702 2116 5773">
    <p class='ocr_par' dir='ltr' id='par_1_101' title="bbox 538 5702 2116 5773">
     <span class='ocr_line' id='line_1_105' title="bbox 538 5702 2116 5773; baseline 0.004 -22"><span class='ocrx_word' id='word_1_713' title='bbox 538 5712 693 5752; x_wconf 87' lang='lat' dir='ltr'><strong>natus</strong></span> <span class='ocrx_word' id='word_1_714' title='bbox 721 5710 830 5765; x_wconf 90' lang='lat' dir='ltr'><strong>est;</strong></span> <span class='ocrx_word' id='word_1_715' title='bbox 864 5704 1042 5771; x_wconf 90' lang='lat' dir='ltr'><strong>utique</strong></span> <span class='ocrx_word' id='word_1_716' title='bbox 1068 5704 1254 5758; x_wconf 89' lang='lat' dir='ltr'><strong>eodem</strong></span> <span class='ocrx_word' id='word_1_717' title='bbox 1284 5719 1388 5773; x_wconf 90' lang='lat' dir='ltr'><strong>quo</strong></span> <span class='ocrx_word' id='word_1_718' title='bbox 1417 5702 1661 5758; x_wconf 83' lang='lat' dir='ltr'><strong>Christus</strong></span> <span class='ocrx_word' id='word_1_719' title='bbox 1689 5707 1973 5761; x_wconf 80' lang='lat' dir='ltr'><strong>crucifixus</strong></span> <span class='ocrx_word' id='word_1_720' title='bbox 1997 5705 2116 5771; x_wconf 88' lang='lat' dir='ltr'><strong>fuit,</strong></span> 
     </span>
    </p>
   </div>
   <div class='ocr_carea' id='block_1_102' title="bbox 534 5773 2117 5847">
    <p class='ocr_par' dir='ltr' id='par_1_102' title="bbox 534 5773 2117 5847">
     <span class='ocr_line' id='line_1_106' title="bbox 534 5773 2117 5847; baseline 0.003 -23"><span class='ocrx_word' id='word_1_721' title='bbox 534 5773 829 5847; x_wconf 72' lang='lat' dir='ltr'><strong>resurrexit</strong></span> <span class='ocrx_word' id='word_1_722' title='bbox 866 5783 924 5847; x_wconf 83' lang='lat' dir='ltr'><strong>et</strong></span> <span class='ocrx_word' id='word_1_723' title='bbox 968 5776 1017 5827; x_wconf 92' lang='lat' dir='ltr'><strong>in</strong></span> <span class='ocrx_word' id='word_1_724' title='bbox 1049 5775 1242 5847; x_wconf 62' lang='lat' dir='ltr'><strong>caelum</strong></span> <span class='ocrx_word' id='word_1_725' title='bbox 1268 5776 1511 5829; x_wconf 88' lang='lat' dir='ltr'><strong>ascendit</strong></span> <span class='ocrx_word' id='word_1_726' title='bbox 1534 5791 1698 5842; x_wconf 88' lang='lat' dir='ltr'><strong>anno,</strong></span> <span class='ocrx_word' id='word_1_727' title='bbox 1729 5780 1814 5847; x_wconf 90' lang='lat' dir='ltr'><strong>qui</strong></span> <span class='ocrx_word' id='word_1_728' title='bbox 1860 5778 1955 5830; x_wconf 70' lang='lat' dir='ltr'><strong>fuit</strong></span> <span class='ocrx_word' id='word_1_729' title='bbox 1982 5776 2117 5829; x_wconf 89' lang='lat' dir='ltr'><strong>duo-</strong></span> 
     </span>
    </p>
   </div>
   <div class='ocr_carea' id='block_1_103' title="bbox 533 5839 2119 5919">
    <p class='ocr_par' dir='ltr' id='par_1_103' title="bbox 533 5839 2119 5919">
     <span class='ocr_line' id='line_1_107' title="bbox 533 5839 2119 5919; baseline 0.004 -21"><span class='ocrx_word' id='word_1_730' title='bbox 533 5840 631 5898; x_wconf 86' lang='lat' dir='ltr'><strong>bus</strong></span> <span class='ocrx_word' id='word_1_731' title='bbox 668 5839 906 5900; x_wconf 82' lang='lat' dir='ltr'><strong>Geminis</strong></span> <span class='ocrx_word' id='word_1_732' title='bbox 951 5846 1254 5904; x_wconf 86' lang='lat' dir='ltr'><strong>consulibus</strong></span> <span class='ocrx_word' id='word_1_733' title='bbox 1300 5856 1527 5912; x_wconf 89' lang='lat' dir='ltr'><strong>notatus,</strong></span> <span class='ocrx_word' id='word_1_734' title='bbox 1570 5858 1623 5905; x_wconf 91' lang='lat' dir='ltr'><strong>ct</strong></span> <span class='ocrx_word' id='word_1_735' title='bbox 1661 5839 1949 5919; x_wconf 76' lang='lat' dir='ltr'><strong>respondet</strong></span> <span class='ocrx_word' id='word_1_736' title='bbox 1976 5860 2119 5905; x_wconf 89' lang='lat' dir='ltr'><strong>anno</strong></span> 
     </span>
    </p>
   </div>
   <div class='ocr_carea' id='block_1_104' title="bbox 2152 4543 2206 4606">
    <p class='ocr_par' dir='ltr' id='par_1_104' title="bbox 2152 4543 2206 4606">
     <span class='ocr_line' id='line_1_108' title="bbox 2152 4543 2206 4606; baseline 0 0"><span class='ocrx_word' id='word_1_737' title='bbox 2152 4543 2206 4606; x_wconf 87' lang='lat' dir='ltr'><strong>D</strong></span> 
     </span>
    </p>
   </div>
   <div class='ocr_carea' id='block_1_105' title="bbox 2233 4148 3827 4218">
    <p class='ocr_par' dir='ltr' id='par_1_105' title="bbox 2233 4148 3827 4218">
     <span class='ocr_line' id='line_1_109' title="bbox 2233 4148 3827 4218; baseline 0.002 -18"><span class='ocrx_word' id='word_1_738' title='bbox 2233 4148 2470 4218; x_wconf 87' lang='lat' dir='ltr'><strong>vulgaris</strong></span> <span class='ocrx_word' id='word_1_739' title='bbox 2518 4164 2638 4203; x_wconf 62' lang='lat' dir='ltr'><strong>aeria</strong></span> <span class='ocrx_word' id='word_1_740' title='bbox 2681 4148 2769 4204; x_wconf 68' lang='lat'><strong>29.</strong></span> <span class='ocrx_word' id='word_1_741' title='bbox 2826 4149 2938 4205; x_wconf 85' lang='lat' dir='ltr'><strong>lloc</strong></span> <span class='ocrx_word' id='word_1_742' title='bbox 2966 4150 3126 4203; x_wconf 89' lang='lat' dir='ltr'><strong>etiam</strong></span> <span class='ocrx_word' id='word_1_743' title='bbox 3158 4148 3505 4203; x_wconf 88' lang='lat' dir='ltr'><strong>confirmatur</strong></span> <span class='ocrx_word' id='word_1_744' title='bbox 3532 4164 3599 4203; x_wconf 84' lang='lat' dir='ltr'><strong>ex</strong></span> <span class='ocrx_word' id='word_1_745' title='bbox 3634 4148 3827 4205; x_wconf 81' lang='lat' dir='ltr'><strong>Hiero-</strong></span> 
     </span>
    </p>
   </div>
   <div class='ocr_carea' id='block_1_106' title="bbox 2235 4218 3828 4290">
    <p class='ocr_par' dir='ltr' id='par_1_106' title="bbox 2235 4218 3828 4290">
     <span class='ocr_line' id='line_1_110' title="bbox 2235 4218 3828 4290; baseline 0 -17"><span class='ocrx_word' id='word_1_746' title='bbox 2235 4235 2412 4290; x_wconf 88' lang='lat' dir='ltr'><strong>nymo,</strong></span> <span class='ocrx_word' id='word_1_747' title='bbox 2441 4221 2531 4290; x_wconf 84' lang='lat' dir='ltr'><strong>qui</strong></span> <span class='ocrx_word' id='word_1_748' title='bbox 2564 4221 2614 4274; x_wconf 92' lang='lat' dir='ltr'><strong>in</strong></span> <span class='ocrx_word' id='word_1_749' title='bbox 2642 4220 2781 4276; x_wconf 91' lang='lat' dir='ltr'><strong>libro</strong></span> <span class='ocrx_word' id='word_1_750' title='bbox 2818 4221 2884 4275; x_wconf 90' lang='lat' dir='ltr'><strong>de</strong></span> <span class='ocrx_word' id='word_1_751' title='bbox 2916 4218 3276 4290; x_wconf 89' lang='lat' dir='ltr'><strong>Scriptoribus</strong></span> <span class='ocrx_word' id='word_1_752' title='bbox 3305 4219 3688 4275; x_wconf 88' lang='lat' dir='ltr'><strong>ecclesiasticis</strong></span> <span class='ocrx_word' id='word_1_753' title='bbox 3716 4222 3828 4273; x_wconf 75' lang='lat' dir='ltr'><strong>elo—</strong></span> 
     </span>
    </p>
   </div>
   <div class='ocr_carea' id='block_1_107' title="bbox 2232 4289 3825 4357">
    <p class='ocr_par' dir='ltr' id='par_1_107' title="bbox 2232 4289 3825 4357">
     <span class='ocr_line' id='line_1_111' title="bbox 2232 4289 3825 4357; baseline 0.001 -14"><span class='ocrx_word' id='word_1_754' title='bbox 2232 4289 2374 4357; x_wconf 84' lang='lat' dir='ltr'><strong>gium</strong></span> <span class='ocrx_word' id='word_1_755' title='bbox 2423 4289 2607 4346; x_wconf 89' lang='lat' dir='ltr'><strong>Jacobi</strong></span> <span class='ocrx_word' id='word_1_756' title='bbox 2654 4292 2925 4347; x_wconf 90' lang='lat' dir='ltr'><strong>concludit</strong></span> <span class='ocrx_word' id='word_1_757' title='bbox 2955 4289 3047 4345; x_wconf 86' lang='lat' dir='ltr'><strong>his</strong></span> <span class='ocrx_word' id='word_1_758' title='bbox 3066 4289 3243 4346; x_wconf 88' lang='lat' dir='ltr'><strong>verbis</strong></span> <span class='ocrx_word' id='word_1_759' title='bbox 3274 4308 3288 4343; x_wconf 84' lang='lat'><strong>:</strong></span> <span class='ocrx_word' id='word_1_760' title='bbox 3323 4309 3342 4344; x_wconf 73' lang='grc' dir='ltr'>ι</span> <span class='ocrx_word' id='word_1_761' title='bbox 3380 4290 3619 4357; x_wconf 86' lang='lat' dir='ltr'><strong>Triginta</strong></span> <span class='ocrx_word' id='word_1_762' title='bbox 3669 4292 3825 4345; x_wconf 84' lang='lat' dir='ltr'><strong>annis</strong></span> 
     </span>
    </p>
   </div>
   <div class='ocr_carea' id='block_1_108' title="bbox 2234 4360 3824 4431">
    <p class='ocr_par' dir='ltr' id='par_1_108' title="bbox 2234 4360 3824 4431">
     <span class='ocr_line' id='line_1_112' title="bbox 2234 4360 3824 4431; baseline 0.001 -16"><span class='ocrx_word' id='word_1_763' title='bbox 2234 4360 2585 4431; x_wconf 83' lang='lat' dir='ltr'><strong>Jerosolymis</strong></span> <span class='ocrx_word' id='word_1_764' title='bbox 2638 4363 2775 4417; x_wconf 84' lang='lat' dir='ltr'><strong>rexit</strong></span> <span class='ocrx_word' id='word_1_765' title='bbox 2819 4362 3130 4428; x_wconf 87' lang='lat' dir='ltr'><strong>Ecclesiam,</strong></span> <span class='ocrx_word' id='word_1_766' title='bbox 3166 4376 3333 4431; x_wconf 91' lang='lat' dir='ltr'><strong>usque</strong></span> <span class='ocrx_word' id='word_1_767' title='bbox 3374 4362 3438 4414; x_wconf 87' lang='lat' dir='ltr'><strong>ad</strong></span> <span class='ocrx_word' id='word_1_768' title='bbox 3468 4361 3697 4415; x_wconf 75' lang='lat' dir='ltr'><strong>Neronis</strong></span> <span class='ocrx_word' id='word_1_769' title='bbox 3726 4377 3824 4416; x_wconf 88' lang='lat' dir='ltr'><strong>an—</strong></span> 
     </span>
    </p>
   </div>
   <div class='ocr_carea' id='block_1_109' title="bbox 2232 4432 3825 4501">
    <p class='ocr_par' dir='ltr' id='par_1_109' title="bbox 2232 4432 3825 4501">
     <span class='ocr_line' id='line_1_113' title="bbox 2232 4432 3825 4501; baseline 0 -15"><span class='ocrx_word' id='word_1_770' title='bbox 2232 4447 2357 4486; x_wconf 93' lang='lat' dir='ltr'><strong>num</strong></span> <span class='ocrx_word' id='word_1_771' title='bbox 2401 4434 2454 4498; x_wconf 88' lang='lat'><strong>7,</strong></span> <span class='ocrx_word' id='word_1_772' title='bbox 2491 4452 2509 4484; x_wconf 70' lang='grc' dir='ltr'><strong><em>ι</em></strong></span> <span class='ocrx_word' id='word_1_773' title='bbox 2564 4433 2652 4501; x_wconf 87' lang='lat' dir='ltr'><strong>qui</strong></span> <span class='ocrx_word' id='word_1_774' title='bbox 2697 4434 2881 4500; x_wconf 87' lang='lat' dir='ltr'><strong>utique</strong></span> <span class='ocrx_word' id='word_1_775' title='bbox 2928 4442 3009 4487; x_wconf 93' lang='lat' dir='ltr'><strong>est</strong></span> <span class='ocrx_word' id='word_1_776' title='bbox 3047 4447 3216 4485; x_wconf 88' lang='lat' dir='ltr'><strong>annus</strong></span> <span class='ocrx_word' id='word_1_777' title='bbox 3266 4433 3334 4486; x_wconf 84' lang='lat'><strong>66</strong></span> <span class='ocrx_word' id='word_1_778' title='bbox 3374 4448 3512 4485; x_wconf 59' lang='lat' dir='ltr'><strong>aurai.</strong></span> <span class='ocrx_word' id='word_1_779' title='bbox 3544 4432 3825 4486; x_wconf 84' lang='lat' dir='ltr'><strong>Ordinatio</strong></span> 
     </span>
    </p>
   </div>
   <div class='ocr_carea' id='block_1_110' title="bbox 2235 4503 3821 4573">
    <p class='ocr_par' dir='ltr' id='par_1_110' title="bbox 2235 4503 3821 4573">
     <span class='ocr_line' id='line_1_114' title="bbox 2235 4503 3821 4573; baseline 0.003 -20"><span class='ocrx_word' id='word_1_780' title='bbox 2235 4515 2411 4559; x_wconf 87' lang='lat' dir='ltr'><strong>autem</strong></span> <span class='ocrx_word' id='word_1_781' title='bbox 2443 4503 2560 4573; x_wconf 91' lang='lat' dir='ltr'><strong>ejus</strong></span> <span class='ocrx_word' id='word_1_782' title='bbox 2592 4504 2747 4558; x_wconf 80' lang='lat' dir='ltr'><strong>hodie</strong></span> <span class='ocrx_word' id='word_1_783' title='bbox 2769 4503 3085 4557; x_wconf 86' lang='lat' dir='ltr'><strong>celebratur.</strong></span> <span class='ocrx_word' id='word_1_784' title='bbox 3115 4504 3288 4571; x_wconf 82' lang='lat' dir='ltr'><strong>Atque</strong></span> <span class='ocrx_word' id='word_1_785' title='bbox 3313 4504 3414 4557; x_wconf 91' lang='lat' dir='ltr'><strong>huc</strong></span> <span class='ocrx_word' id='word_1_786' title='bbox 3443 4510 3653 4570; x_wconf 77' lang='lat' dir='ltr'><strong>spectat</strong></span> <span class='ocrx_word' id='word_1_787' title='bbox 3686 4503 3821 4571; x_wconf 85' lang='lat' dir='ltr'><strong>quod</strong></span> 
     </span>
    </p>
   </div>
   <div class='ocr_carea' id='block_1_111' title="bbox 2237 4573 3821 4635">
    <p class='ocr_par' dir='ltr' id='par_1_111' title="bbox 2237 4573 3821 4635">
     <span class='ocr_line' id='line_1_115' title="bbox 2237 4573 3821 4635; baseline 0.001 -8"><span class='ocrx_word' id='word_1_788' title='bbox 2237 4574 2495 4628; x_wconf 86' lang='lat' dir='ltr'><strong>Eusebius</strong></span> <span class='ocrx_word' id='word_1_789' title='bbox 2546 4577 2703 4629; x_wconf 89' lang='lat' dir='ltr'><strong>habet</strong></span> <span class='ocrx_word' id='word_1_790' title='bbox 2752 4574 2885 4631; x_wconf 87' lang='lat' dir='ltr'><strong>Hist.</strong></span> <span class='ocrx_word' id='word_1_791' title='bbox 2937 4574 3079 4628; x_wconf 88' lang='lat' dir='ltr'><strong>Eccl.</strong></span> <span class='ocrx_word' id='word_1_792' title='bbox 3112 4589 3204 4635; x_wconf 83' lang='lat' dir='ltr'><strong>vn,</strong></span> <span class='ocrx_word' id='word_1_793' title='bbox 3240 4575 3305 4627; x_wconf 81' lang='grc'><strong>19</strong></span> <span class='ocrx_word' id='word_1_794' title='bbox 3338 4590 3351 4629; x_wconf 92' lang='lat'>:</span> <span class='ocrx_word' id='word_1_795' title='bbox 3390 4592 3409 4624; x_wconf 81' lang='lat' dir='ltr'><strong>r</strong></span> <span class='ocrx_word' id='word_1_796' title='bbox 3447 4573 3635 4627; x_wconf 87' lang='lat' dir='ltr'><strong>Jacobi</strong></span> <span class='ocrx_word' id='word_1_797' title='bbox 3685 4573 3821 4628; x_wconf 85' lang='lat' dir='ltr'><strong>illius</strong></span> 
     </span>
    </p>
   </div>
   <div class='ocr_carea' id='block_1_112' title="bbox 2234 4646 3821 4712">
    <p class='ocr_par' dir='ltr' id='par_1_112' title="bbox 2234 4646 3821 4712">
     <span class='ocr_line' id='line_1_116' title="bbox 2234 4646 3821 4712; baseline 0 -15"><span class='ocrx_word' id='word_1_798' title='bbox 2234 4646 2704 4700; x_wconf 88' lang='lat' dir='ltr'><strong>cathedram.......</strong></span> <span class='ocrx_word' id='word_1_799' title='bbox 2738 4646 2803 4698; x_wconf 92' lang='lat' dir='ltr'><strong>ad</strong></span> <span class='ocrx_word' id='word_1_800' title='bbox 2845 4655 3025 4698; x_wconf 80' lang='lat' dir='ltr'><strong>nostra</strong></span> <span class='ocrx_word' id='word_1_801' title='bbox 3058 4658 3223 4712; x_wconf 86' lang='lat' dir='ltr'><strong>usque</strong></span> <span class='ocrx_word' id='word_1_802' title='bbox 3256 4654 3493 4712; x_wconf 90' lang='lat' dir='ltr'><strong>tempora</strong></span> <span class='ocrx_word' id='word_1_803' title='bbox 3525 4658 3821 4697; x_wconf 87' lang='lat' dir='ltr'><strong>conserva-</strong></span> 
     </span>
    </p>
   </div>
   <div class='ocr_carea' id='block_1_113' title="bbox 2235 4714 3819 4782">
    <p class='ocr_par' dir='ltr' id='par_1_113' title="bbox 2235 4714 3819 4782">
     <span class='ocr_line' id='line_1_117' title="bbox 2235 4714 3819 4782; baseline -0.001 -12"><span class='ocrx_word' id='word_1_804' title='bbox 2235 4725 2338 4771; x_wconf 88' lang='lat' dir='ltr'><strong>tam</strong></span> <span class='ocrx_word' id='word_1_805' title='bbox 2369 4719 2556 4771; x_wconf 87' lang='lat' dir='ltr'><strong>fratres</strong></span> <span class='ocrx_word' id='word_1_806' title='bbox 2589 4717 2726 4771; x_wconf 89' lang='lat' dir='ltr'><strong>illius</strong></span> <span class='ocrx_word' id='word_1_807' title='bbox 2754 4717 3003 4770; x_wconf 55' lang='lat' dir='ltr'><strong>Ecclesiae</strong></span> <span class='ocrx_word' id='word_1_808' title='bbox 3030 4714 3137 4782; x_wconf 85' lang='lat' dir='ltr'><strong>jam</strong></span> <span class='ocrx_word' id='word_1_809' title='bbox 3170 4715 3291 4768; x_wconf 89' lang='lat' dir='ltr'><strong>inde</strong></span> <span class='ocrx_word' id='word_1_810' title='bbox 3318 4730 3347 4767; x_wconf 88' lang='lat' dir='ltr'><strong>a</strong></span> <span class='ocrx_word' id='word_1_811' title='bbox 3380 4715 3674 4779; x_wconf 80' lang='lat' dir='ltr'><strong>majoribus</strong></span> <span class='ocrx_word' id='word_1_812' title='bbox 3707 4732 3819 4768; x_wconf 86' lang='lat' dir='ltr'><strong>ina-</strong></span> 
     </span>
    </p>
   </div>
   <div class='ocr_carea' id='block_1_114' title="bbox 2229 4785 3823 4857">
    <p class='ocr_par' dir='ltr' id='par_1_114' title="bbox 2229 4785 3823 4857">
     <span class='ocr_line' id='line_1_118' title="bbox 2229 4785 3823 4857; baseline 0.001 -18"><span class='ocrx_word' id='word_1_813' title='bbox 2229 4802 2330 4854; x_wconf 83' lang='lat' dir='ltr'><strong>gna</strong></span> <span class='ocrx_word' id='word_1_814' title='bbox 2383 4798 2776 4857; x_wconf 88' lang='lat' dir='ltr'><strong>prosequuntur</strong></span> <span class='ocrx_word' id='word_1_815' title='bbox 2823 4787 3140 4857; x_wconf 85' lang='lat' dir='ltr'><strong>reverentia.</strong></span> <span class='ocrx_word' id='word_1_816' title='bbox 3180 4803 3198 4857; x_wconf 64' lang='lat' dir='ltr'><strong>t</strong></span> <span class='ocrx_word' id='word_1_817' title='bbox 3253 4786 3381 4853; x_wconf 79' lang='lat' dir='ltr'><strong>Ejus</strong></span> <span class='ocrx_word' id='word_1_818' title='bbox 3427 4785 3619 4838; x_wconf 88' lang='lat' dir='ltr'><strong>natalis</strong></span> <span class='ocrx_word' id='word_1_819' title='bbox 3669 4788 3693 4839; x_wconf 73' lang='lat' dir='ltr'><strong>i</strong></span> <span class='ocrx_word' id='word_1_820' title='bbox 3738 4786 3823 4840; x_wconf 83' lang='lat' dir='ltr'><strong>die</strong></span> 
     </span>
    </p>
   </div>
   <div class='ocr_carea' id='block_1_115' title="bbox 2230 4855 3822 4922">
    <p class='ocr_par' dir='ltr' id='par_1_115' title="bbox 2230 4855 3822 4922">
     <span class='ocr_line' id='line_1_119' title="bbox 2230 4855 3822 4922; baseline -0.001 -11"><span class='ocrx_word' id='word_1_821' title='bbox 2230 4857 2346 4911; x_wconf 86' lang='lat' dir='ltr'><strong>Maii</strong></span> <span class='ocrx_word' id='word_1_822' title='bbox 2377 4855 2699 4913; x_wconf 84' lang='lat' dir='ltr'><strong>celebratur.</strong></span> <span class='ocrx_word' id='word_1_823' title='bbox 2737 4858 2972 4911; x_wconf 81' lang='lat' dir='ltr'><strong>Ecclesia</strong></span> <span class='ocrx_word' id='word_1_824' title='bbox 3003 4855 3414 4909; x_wconf 79' lang='lat' dir='ltr'><strong>Mediolanensis</strong></span> <span class='ocrx_word' id='word_1_825' title='bbox 3462 4857 3621 4922; x_wconf 83' lang='lat' dir='ltr'><strong>hujus</strong></span> <span class='ocrx_word' id='word_1_826' title='bbox 3677 4858 3822 4910; x_wconf 85' lang='lat' dir='ltr'><strong>ordi-</strong></span> 
     </span>
    </p>
   </div>
   <div class='ocr_carea' id='block_1_116' title="bbox 2230 4924 3821 5000">
    <p class='ocr_par' dir='ltr' id='par_1_116' title="bbox 2230 4924 3821 5000">
     <span class='ocr_line' id='line_1_120' title="bbox 2230 4924 3821 5000; baseline 0.001 -19"><span class='ocrx_word' id='word_1_827' title='bbox 2230 4932 2502 5000; x_wconf 80' lang='lat' dir='ltr'><strong>nationem</strong></span> <span class='ocrx_word' id='word_1_828' title='bbox 2530 4930 2785 5000; x_wconf 83' lang='lat' dir='ltr'><strong>celebrat</strong></span> <span class='ocrx_word' id='word_1_829' title='bbox 2815 4937 3005 5000; x_wconf 88' lang='lat' dir='ltr'><strong>quarto</strong></span> <span class='ocrx_word' id='word_1_830' title='bbox 3046 4925 3165 4981; x_wconf 79' lang='lat' dir='ltr'><strong>Kal.</strong></span> <span class='ocrx_word' id='word_1_831' title='bbox 3197 4924 3455 4983; x_wconf 84' lang='lat' dir='ltr'><strong>Januarii.</strong></span> <span class='ocrx_word' id='word_1_832' title='bbox 3488 4926 3821 4993; x_wconf 76' lang='lat' dir='ltr'><strong>FERRARIUS,</strong></span> 
     </span>
    </p>
   </div>
   <div class='ocr_carea' id='block_1_117' title="bbox 2228 4999 3794 5055">
    <p class='ocr_par' dir='ltr' id='par_1_117' title="bbox 2228 4999 3794 5055">
     <span class='ocr_line' id='line_1_121' title="bbox 2228 4999 3794 5055; baseline 0.01 -4"><span class='ocrx_word' id='word_1_833' title='bbox 2228 4999 2281 5053; x_wconf 92' lang='lat' dir='ltr'><strong>in</strong></span> <span class='ocrx_word' id='word_1_834' title='bbox 2312 4999 2481 5053; x_wconf 90' lang='lat' dir='ltr'><strong>Catal.</strong></span> <span class='ocrx_word' id='word_1_835' title='bbox 2515 4999 2649 5055; x_wconf 89' lang='lat' dir='ltr'><strong>Gen.</strong></span> <span class='ocrx_word' id='word_1_836' title='bbox 2835 4999 2840 5000; x_wconf 14' lang='lat'><em>7</em></span> <span class='ocrx_word' id='word_1_837' title='bbox 3786 5036 3794 5046; x_wconf 92' lang='lat'><strong>-</strong></span> 
     </span>
    </p>
   </div>
   <div class='ocr_carea' id='block_1_118' title="bbox 2300 5067 3821 5141">
    <p class='ocr_par' dir='ltr' id='par_1_118' title="bbox 2300 5067 3821 5141">
     <span class='ocr_line' id='line_1_122' title="bbox 2300 5067 3821 5141; baseline 0.001 -20"><span class='ocrx_word' id='word_1_838' title='bbox 2300 5068 2322 5105; x_wconf 75' lang='grc' dir='ltr'><em>ά</em></span> <span class='ocrx_word' id='word_1_839' title='bbox 2359 5069 2586 5140; x_wconf 83' lang='lat' dir='ltr'><strong>Eulycii.</strong></span> <span class='ocrx_word' id='word_1_840' title='bbox 2633 5070 2696 5125; x_wconf 79' lang='lat' dir='ltr'><strong>lli</strong></span> <span class='ocrx_word' id='word_1_841' title='bbox 2747 5074 2972 5141; x_wconf 62' lang='lat' dir='ltr'><strong>Ancyra}.</strong></span> <span class='ocrx_word' id='word_1_842' title='bbox 3017 5070 3067 5123; x_wconf 94' lang='lat' dir='ltr'><strong>in</strong></span> <span class='ocrx_word' id='word_1_843' title='bbox 3101 5068 3304 5123; x_wconf 86' lang='lat' dir='ltr'><strong>Galatia</strong></span> <span class='ocrx_word' id='word_1_844' title='bbox 3336 5069 3478 5139; x_wconf 89' lang='lat' dir='ltr'><strong>passi</strong></span> <span class='ocrx_word' id='word_1_845' title='bbox 3508 5076 3667 5135; x_wconf 91' lang='lat' dir='ltr'><strong>sunt;</strong></span> <span class='ocrx_word' id='word_1_846' title='bbox 3706 5067 3821 5139; x_wconf 85' lang='lat' dir='ltr'><strong>Ca-</strong></span> 
     </span>
    </p>
   </div>
   <div class='ocr_carea' id='block_1_119' title="bbox 2226 5139 3355 5207">
    <p class='ocr_par' dir='ltr' id='par_1_119' title="bbox 2226 5139 3355 5207">
     <span class='ocr_line' id='line_1_123' title="bbox 2226 5139 3355 5207; baseline 0 -13"><span class='ocrx_word' id='word_1_847' title='bbox 2226 5150 2422 5195; x_wconf 87' lang='lat' dir='ltr'><strong>stortus</strong></span> <span class='ocrx_word' id='word_1_848' title='bbox 2451 5139 2574 5195; x_wconf 78' lang='lat' dir='ltr'><strong>vero</strong></span> <span class='ocrx_word' id='word_1_849' title='bbox 2608 5144 2656 5194; x_wconf 89' lang='lat' dir='ltr'><strong>in</strong></span> <span class='ocrx_word' id='word_1_850' title='bbox 2690 5139 2891 5195; x_wconf 72' lang='lat' dir='ltr'><strong>Africa.</strong></span> <span class='ocrx_word' id='word_1_851' title='bbox 2922 5139 3169 5207; x_wconf 76' lang='lat' dir='ltr'><strong>HIERON.,</strong></span> <span class='ocrx_word' id='word_1_852' title='bbox 3206 5142 3355 5194; x_wconf 85' lang='lat' dir='ltr'><strong>Mart.</strong></span> 
     </span>
    </p>
   </div>
   <div class='ocr_carea' id='block_1_120' title="bbox 2302 5209 3821 5281">
    <p class='ocr_par' dir='ltr' id='par_1_120' title="bbox 2302 5209 3821 5281">
     <span class='ocr_line' id='line_1_124' title="bbox 2302 5209 3821 5281; baseline 0 -17"><span class='ocrx_word' id='word_1_853' title='bbox 2302 5214 2325 5241; x_wconf 74' lang='grc' dir='ltr'><strong>θ</strong></span> <span class='ocrx_word' id='word_1_854' title='bbox 2373 5210 2657 5281; x_wconf 80' lang='lat' dir='ltr'><strong>Trophimi.</strong></span> <span class='ocrx_word' id='word_1_855' title='bbox 2705 5211 2995 5278; x_wconf 73' lang='lat' dir='ltr'><strong>Gregorius</strong></span> <span class='ocrx_word' id='word_1_856' title='bbox 3046 5212 3410 5281; x_wconf 85' lang='lat' dir='ltr'><strong>Turonensis,</strong></span> <span class='ocrx_word' id='word_1_857' title='bbox 3460 5225 3508 5272; x_wconf 90' lang='lat' dir='ltr'><strong>t,</strong></span> <span class='ocrx_word' id='word_1_858' title='bbox 3562 5209 3660 5273; x_wconf 70' lang='lat'><strong>28,</strong></span> <span class='ocrx_word' id='word_1_859' title='bbox 3709 5210 3821 5264; x_wconf 83' lang='lat' dir='ltr'><strong>vult</strong></span> 
     </span>
    </p>
   </div>
   <div class='ocr_carea' id='block_1_121' title="bbox 2226 5280 3813 5350">
    <p class='ocr_par' dir='ltr' id='par_1_121' title="bbox 2226 5280 3813 5350">
     <span class='ocr_line' id='line_1_125' title="bbox 2226 5280 3813 5350; baseline -0.003 -12"><span class='ocrx_word' id='word_1_860' title='bbox 2226 5280 2577 5350; x_wconf 86' lang='lat' dir='ltr'><strong>Trephimum</strong></span> <span class='ocrx_word' id='word_1_861' title='bbox 2609 5298 2637 5335; x_wconf 92' lang='lat' dir='ltr'><strong>a</strong></span> <span class='ocrx_word' id='word_1_862' title='bbox 2670 5283 2920 5350; x_wconf 89' lang='lat' dir='ltr'><strong>pontifice</strong></span> <span class='ocrx_word' id='word_1_863' title='bbox 2950 5281 3190 5335; x_wconf 80' lang='lat' dir='ltr'><strong>Romano</strong></span> <span class='ocrx_word' id='word_1_864' title='bbox 3235 5280 3545 5348; x_wconf 88' lang='lat' dir='ltr'><strong>episcopum</strong></span> <span class='ocrx_word' id='word_1_865' title='bbox 3595 5282 3813 5347; x_wconf 87' lang='lat' dir='ltr'><strong>factum,</strong></span> 
     </span>
    </p>
   </div>
   <div class='ocr_carea' id='block_1_122' title="bbox 2226 5351 3813 5417">
    <p class='ocr_par' dir='ltr' id='par_1_122' title="bbox 2226 5351 3813 5417">
     <span class='ocr_line' id='line_1_126' title="bbox 2226 5351 3813 5417; baseline -0.002 -9"><span class='ocrx_word' id='word_1_866' title='bbox 2226 5361 2281 5408; x_wconf 90' lang='lat' dir='ltr'><strong>et</strong></span> <span class='ocrx_word' id='word_1_867' title='bbox 2332 5354 2490 5408; x_wconf 88' lang='lat' dir='ltr'><strong>Decio</strong></span> <span class='ocrx_word' id='word_1_868' title='bbox 2540 5368 2602 5409; x_wconf 90' lang='lat' dir='ltr'><strong>ac</strong></span> <span class='ocrx_word' id='word_1_869' title='bbox 2656 5354 2818 5407; x_wconf 85' lang='lat' dir='ltr'><strong>Grato</strong></span> <span class='ocrx_word' id='word_1_870' title='bbox 2868 5354 3214 5417; x_wconf 89' lang='lat' dir='ltr'><strong>consulibus,</strong></span> <span class='ocrx_word' id='word_1_871' title='bbox 3265 5367 3405 5405; x_wconf 91' lang='lat' dir='ltr'><strong>anno</strong></span> <span class='ocrx_word' id='word_1_872' title='bbox 3454 5366 3645 5416; x_wconf 87' lang='lat' dir='ltr'><strong>nempe</strong></span> <span class='ocrx_word' id='word_1_873' title='bbox 3685 5351 3813 5415; x_wconf 72' lang='lat'><strong>250,</strong></span> 
     </span>
    </p>
   </div>
   <div class='ocr_carea' id='block_1_123' title="bbox 2223 5421 3817 5493">
    <p class='ocr_par' dir='ltr' id='par_1_123' title="bbox 2223 5421 3817 5493">
     <span class='ocr_line' id='line_1_127' title="bbox 2223 5421 3817 5493; baseline -0.003 -16"><span class='ocrx_word' id='word_1_874' title='bbox 2223 5425 2493 5479; x_wconf 90' lang='lat' dir='ltr'><strong>Arelatem</strong></span> <span class='ocrx_word' id='word_1_875' title='bbox 2550 5425 2815 5487; x_wconf 84' lang='lat' dir='ltr'><strong>missum,</strong></span> <span class='ocrx_word' id='word_1_876' title='bbox 2874 5424 3099 5493; x_wconf 91' lang='lat' dir='ltr'><strong>primum</strong></span> <span class='ocrx_word' id='word_1_877' title='bbox 3158 5424 3274 5490; x_wconf 84' lang='lat' dir='ltr'><strong>ejus</strong></span> <span class='ocrx_word' id='word_1_878' title='bbox 3325 5421 3468 5475; x_wconf 88' lang='lat' dir='ltr'><strong>sedis</strong></span> <span class='ocrx_word' id='word_1_879' title='bbox 3518 5422 3817 5473; x_wconf 64' lang='lat' dir='ltr'><strong>antistitem</strong></span> 
     </span>
    </p>
   </div>
   <div class='ocr_carea' id='block_1_124' title="bbox 2225 5493 3821 5561">
    <p class='ocr_par' dir='ltr' id='par_1_124' title="bbox 2225 5493 3821 5561">
     <span class='ocr_line' id='line_1_128' title="bbox 2225 5493 3821 5561; baseline -0.003 -13"><span class='ocrx_word' id='word_1_880' title='bbox 2225 5496 2424 5559; x_wconf 85' lang='lat' dir='ltr'><strong>fuisse;</strong></span> <span class='ocrx_word' id='word_1_881' title='bbox 2457 5496 2548 5549; x_wconf 89' lang='lat' dir='ltr'><strong>sed</strong></span> <span class='ocrx_word' id='word_1_882' title='bbox 2576 5495 2663 5549; x_wconf 90' lang='lat' dir='ltr'><strong>illa</strong></span> <span class='ocrx_word' id='word_1_883' title='bbox 2696 5495 2800 5549; x_wconf 88' lang='lat' dir='ltr'><strong>alia</strong></span> <span class='ocrx_word' id='word_1_884' title='bbox 2828 5493 3038 5548; x_wconf 86' lang='lat' dir='ltr'><strong>traditio</strong></span> <span class='ocrx_word' id='word_1_885' title='bbox 3067 5496 3235 5547; x_wconf 92' lang='lat' dir='ltr'><strong>multo</strong></span> <span class='ocrx_word' id='word_1_886' title='bbox 3266 5503 3347 5546; x_wconf 91' lang='lat' dir='ltr'><strong>est</strong></span> <span class='ocrx_word' id='word_1_887' title='bbox 3374 5493 3664 5555; x_wconf 88' lang='lat' dir='ltr'><strong>celebrior,</strong></span> <span class='ocrx_word' id='word_1_888' title='bbox 3696 5505 3821 5561; x_wconf 76' lang='lat' dir='ltr'><strong>qua:</strong></span> 
     </span>
    </p>
   </div>
   <div class='ocr_carea' id='block_1_125' title="bbox 2224 5563 3819 5635">
    <p class='ocr_par' dir='ltr' id='par_1_125' title="bbox 2224 5563 3819 5635">
     <span class='ocr_line' id='line_1_129' title="bbox 2224 5563 3819 5635; baseline -0.003 -16"><span class='ocrx_word' id='word_1_889' title='bbox 2224 5566 2573 5635; x_wconf 85' lang='lat' dir='ltr'><strong>&#39;l‘rophirnum</strong></span> <span class='ocrx_word' id='word_1_890' title='bbox 2602 5566 2962 5635; x_wconf 84' lang='lat' dir='ltr'><strong>apostolorum</strong></span> <span class='ocrx_word' id='word_1_891' title='bbox 2992 5575 3146 5619; x_wconf 69' lang='lat' dir='ltr'><strong>aetate</strong></span> <span class='ocrx_word' id='word_1_892' title='bbox 3181 5565 3345 5635; x_wconf 76' lang='lat' dir='ltr'><strong>ltoma</strong></span> <span class='ocrx_word' id='word_1_893' title='bbox 3386 5563 3819 5635; x_wconf 8' lang='lat' dir='ltr'><strong>Arelatemginis-</strong></span> 
     </span>
    </p>
   </div>
   <div class='ocr_carea' id='block_1_126' title="bbox 2224 5633 3815 5703">
    <p class='ocr_par' dir='ltr' id='par_1_126' title="bbox 2224 5633 3815 5703">
     <span class='ocr_line' id='line_1_130' title="bbox 2224 5633 3815 5703; baseline -0.004 -12"><span class='ocrx_word' id='word_1_894' title='bbox 2224 5633 2349 5691; x_wconf 75' lang='lat' dir='ltr'><strong>sum</strong></span> <span class='ocrx_word' id='word_1_895' title='bbox 2374 5640 2543 5698; x_wconf 88' lang='lat' dir='ltr'><strong>docet,</strong></span> <span class='ocrx_word' id='word_1_896' title='bbox 2578 5633 2949 5691; x_wconf 45' lang='lat' dir='ltr'><strong>ct&#39;auctoritas</strong></span> <span class='ocrx_word' id='word_1_897' title='bbox 2977 5635 3224 5703; x_wconf 81' lang='lat' dir='ltr'><strong>Gregorii</strong></span> <span class='ocrx_word' id='word_1_898' title='bbox 3257 5634 3457 5688; x_wconf 84' lang='lat' dir='ltr'><strong>&#39;f‘uron.</strong></span> <span class='ocrx_word' id='word_1_899' title='bbox 3490 5648 3556 5689; x_wconf 73' lang='lat' dir='ltr'><strong>ex</strong></span> <span class='ocrx_word' id='word_1_900' title='bbox 3587 5633 3815 5700; x_wconf 84' lang='lat' dir='ltr'><strong>epistola</strong></span> 
     </span>
    </p>
   </div>
   <div class='ocr_carea' id='block_1_127' title="bbox 2224 5705 3813 5776">
    <p class='ocr_par' dir='ltr' id='par_1_127' title="bbox 2224 5705 3813 5776">
     <span class='ocr_line' id='line_1_131' title="bbox 2224 5705 3813 5776; baseline -0.002 -17"><span class='ocrx_word' id='word_1_901' title='bbox 2224 5709 2276 5760; x_wconf 91' lang='lat' dir='ltr'><strong>in</strong></span> <span class='ocrx_word' id='word_1_902' title='bbox 2326 5708 2575 5775; x_wconf 87' lang='lat' dir='ltr'><strong>operibus</strong></span> <span class='ocrx_word' id='word_1_903' title='bbox 2622 5707 2872 5776; x_wconf 85' lang='lat' dir='ltr'><strong>Cypriani</strong></span> <span class='ocrx_word' id='word_1_904' title='bbox 2922 5708 2988 5759; x_wconf 88' lang='lat' dir='ltr'><strong>de</strong></span> <span class='ocrx_word' id='word_1_905' title='bbox 3035 5706 3299 5759; x_wconf 80' lang='lat' dir='ltr'><strong>Marciano</strong></span> <span class='ocrx_word' id='word_1_906' title='bbox 3344 5706 3432 5774; x_wconf 90' lang='lat' dir='ltr'><strong>qui</strong></span> <span class='ocrx_word' id='word_1_907' title='bbox 3482 5705 3582 5776; x_wconf 78' lang='lat' dir='ltr'><strong>Sub</strong></span> <span class='ocrx_word' id='word_1_908' title='bbox 3632 5705 3813 5766; x_wconf 84' lang='lat' dir='ltr'><strong>Decio,</strong></span> 
     </span>
    </p>
   </div>
   <div class='ocr_carea' id='block_1_128' title="bbox 2224 5775 3817 5852">
    <p class='ocr_par' dir='ltr' id='par_1_128' title="bbox 2224 5775 3817 5852">
     <span class='ocr_line' id='line_1_132' title="bbox 2224 5775 3817 5852; baseline 0.001 -22"><span class='ocrx_word' id='word_1_909' title='bbox 2224 5776 2453 5852; x_wconf 79' lang='lat' dir='ltr'><strong>Galloet</strong></span> <span class='ocrx_word' id='word_1_910' title='bbox 2490 5775 2792 5851; x_wconf 73' lang='lat' dir='ltr'><strong>Valeriano,</strong></span> <span class='ocrx_word' id='word_1_911' title='bbox 2819 5777 3099 5852; x_wconf 89' lang='lat' dir='ltr'><strong>episcopus</strong></span> <span class='ocrx_word' id='word_1_912' title='bbox 3139 5776 3466 5836; x_wconf 86' lang='lat' dir='ltr'><strong>Arelatensis</strong></span> <span class='ocrx_word' id='word_1_913' title='bbox 3504 5775 3626 5843; x_wconf 92' lang='lat' dir='ltr'><strong>fuit,</strong></span> <span class='ocrx_word' id='word_1_914' title='bbox 3657 5777 3817 5846; x_wconf 83' lang='lat' dir='ltr'><strong>plane</strong></span> 
     </span>
    </p>
   </div>
   <div class='ocr_carea' id='block_1_129' title="bbox 2221 5848 2493 5907">
    <p class='ocr_par' dir='ltr' id='par_1_129' title="bbox 2221 5848 2493 5907">
     <span class='ocr_line' id='line_1_133' title="bbox 2221 5848 2493 5907; baseline 0 0"><span class='ocrx_word' id='word_1_915' title='bbox 2221 5848 2493 5907; x_wconf 87' lang='lat' dir='ltr'><strong>evertitur.</strong></span> 
     </span>
    </p>
   </div>
  </div>
