4064 6346
251 388 388 447 1145

1368 388 1563 448 SECT.
1612 392 1675 448 ll.
1714 421 1786 434 —
1823 388 2382 449 MARTYBOLOGIA.

3358 392 3494 449 1M6

1527 508 1750 565 EDITIO
1790 510 2256 569 COLONIENSIS.

313 601 381 656 (ἶ.
417 597 483 657 111
508 597 642 654 ΚΜ..
676 596 795 653 Jan.
835 626 905 638 —
948 595 1097 666 Apud
1130 598 1402 666 Spoletum
1437 601 1614 667 passio
1642 602 1809 657 sancti
1845 611 1895 673 Α
1919 604 2157 659 custodia
2184 609 2359 672 erant,
2393 603 2654 658 miserunt
2682 616 2739 658 se
2787 601 2851 658 ad
2903 602 3068 672 pedes
3094 601 3244 673 ejus,
3274 618 3499 660 numero

240 696 425 750 Sabini
482 695 741 764 episcopi,
792 694 1135 764 Exnperantii
1187 705 1240 750 et
1287 697 1519 752 Marcelli
1569 698 1822 753 diacono-

241 804 385 852 rum,
429 796 480 842 et
512 786 818 842 Venustiani
848 803 965 843 cum
999 805 1160 843 uxore
1203 806 1263 845 ac
1315 789 1455 853 ftliis,
1510 792 1607 847 sub
1649 791 1820 847 Maxi-

242 885 427 941 miano
460 885 716 954 Augusto.
771 886 871 951 Qui
918 886 1108 940 beatus
1146 886 1374 941 Sabinus
1418 902 1538 941 cum
1584 897 1727 943 esset
1767 888 1819 942 in

242 979 495 1034 omnibus
520 978 715 1034 divinis
758 978 1192 1033 instructionibus
1220 979 1393 1033 clarus
1419 1019 1433 1043 ,
1469 988 1643 1033 tentus
1672 986 1754 1034 est
1791 992 1820 1033 a

243 1071 479 1141 praeside
512 1071 717 1125 Tusciae
750 1070 1089 1137 Venustiano,
1116 1085 1234 1124 cum
1268 1070 1478 1125 duobus
1506 1070 1822 1125 diaconibus

246 1165 617 1234 Exuperantio
641 1172 696 1219 et
723 1164 993 1231 Marcello,
1020 1174 1073 1219 et
1103 1164 1280 1218 multis
1322 1164 1553 1217 clericis.
1580 1162 1678 1217 Cui
1714 1162 1818 1218 Ve-

251 1260 535 1313 nustiantts
563 1258 721 1312 deum
750 1256 933 1311 Jovem
966 1271 1141 1320 suum,
1173 1270 1329 1325 quem
1363 1255 1592 1310 habebat
1624 1255 1675 1308 in
1718 1269 1815 1308 cu-

243 1352 428 1407 biculo
456 1367 519 1407 ex
557 1350 729 1419 lapide
758 1351 893 1403 mire
946 1349 1245 1412 formatum,
1280 1347 1609 1402 vestimentis
1640 1345 1823 1402 aureis

242 1446 309 1500 ad
343 1444 671 1499 adorandum
697 1444 908 1499 obtulit.
943 1444 1108 1510 Quem
1140 1441 1336 1509 {beatus
1364 1442 1596 1496 Sabinus
1626 1440 1677 1495 in
1712 1454 1824 1494 nta-

243 1538 401 1592 nibus
423 1546 720 1606 acceptum,
764 1537 900 1591 facta
931 1536 1175 1590 oratione
1204 1534 1457 1588 continuo
1484 1534 1625 1588 elisit
1653 1533 1703 1586 in
1734 1548 1825 1601 pa-

240 1630 500 1693 vimento,
534 1639 588 1684 et
615 1629 899 1697 confregit.
932 1626 1080 1694 Quod
1114 1625 1308 1680 factum
1334 1625 1517 1679 videns
1544 1624 1829 1679 Venustia-

242 1735 370 1783 nus,
416 1734 538 1774 cum
572 1717 751 1773 furore
793 1719 949 1787 jussit
978 1728 1035 1773 ut
1068 1716 1479 1786 praeciderentur
1516 1715 1563 1771 ei
1609 1730 1817 1785 manus,

240 1821 299 1867 et
347 1811 398 1866 in
447 1821 730 1881 conspectu
779 1811 893 1879 ejus
941 1809 1244 1863 Marcellum
1297 1816 1351 1862 et
1395 1808 1817 1876 Exuperantium

241 1903 472 1972 equuleo
500 1901 769 1971 suspendi,
794 1916 855 1955 ac
882 1900 1103 1955 fustibus
1126 1899 1278 1967 CJ‘dl,
1312 1910 1363 1954 et
1411 1900 1675 1969 unguibus
1711 1900 1823 1955 radi

1922 696 2187 761 undecim,
2242 704 2294 751 et
2336 696 2588 765 baptizati
2634 707 2780 751 sunt.
2829 694 2985 763 Quod
3024 710 3143 750 cum
3197 696 3495 753 nuntiatum

1921 798 2063 845 esset
2096 786 2421 844 Venustiano
2466 787 2705 859 praesidi,
2739 787 3078 844 indoluerant
3106 785 3248 843 oculi
3277 788 3410 858 ejus,
3444 795 3500 844 et

1922 898 2031 953 prae
2062 882 2247 938 dolore
2277 897 2447 951 neque
2474 884 2673 947 cibum,
2708 897 2877 953 neque
2908 892 3116 952 potum,
3152 895 3324 951 neque
3348 895 3497 935 som-

1922 990 2047 1030 num
2072 990 2264 1043 capere
2294 984 2517 1046 poterat,
2552 976 2802 1046 misitque
2830 991 3056 1030 uxorem
3081 990 3253 1043 suam,
3283 985 3338 1030 et
3363 975 3499 1031 duos

1923 1069 2082 1137 filios,
2113 1078 2172 1124 ut
2222 1070 2546 1126 adducerent
2593 1072 2809 1126 beatum
2860 1072 3116 1127 Sabinum
3170 1073 3237 1127 ad
3280 1072 3499 1128 domum

1922 1163 2035 1232 ejus
2064 1162 2131 1217 de
2161 1178 2395 1219 carcere.
2444 1163 2720 1217 Adductus
2766 1164 2947 1232 itaque
3000 1163 3289 1233 prostravit
3326 1179 3384 1217 se
3434 1160 3501 1217 ad

1925 1254 2090 1324 pedes
2131 1256 2246 1323 ejus
2294 1254 2648 1309 Venustianus
2677 1270 2797 1309 cum
2847 1255 2997 1319 ﬂetu,
3030 1270 3267 1320 uxorque
3303 1269 3368 1309 ac
3408 1252 3503 1312 lilii

1925 1356 2143 1415 agentes
2170 1346 2535 1413 paenitentiam
2563 1384 2577 1410 ,
2612 1349 2664 1400 et
2702 1357 2948 1415 rogantes
2988 1362 3047 1402 se
3074 1347 3349 1416 baptizari.
3384 1345 3502 1400 Mox

1926 1439 2222 1508 baptizatus
2267 1449 2323 1493 ut
2352 1439 2419 1494 de
2446 1438 2585 1508 pelvi
2636 1439 2840 1494 levatus
2878 1447 2981 1505 est,
3026 1438 3226 1494 nullum
3260 1439 3501 1493 dolorem

1924 1532 2093 1589 sensit
2122 1532 2397 1589 oculorum
2447 1550 2460 1586 :
2519 1534 2816 1587 nuntiatum
2849 1541 2933 1587 est
2968 1542 3142 1588 autem
3190 1533 3291 1587 hoc
3334 1530 3504 1585 Maxi-

1926 1626 2140 1692 miano,
2190 1626 2279 1695 qui
2328 1626 2495 1680 iratus
2544 1627 2798 1695 praecepit
2850 1626 3100 1683 Sabinum
3145 1624 3409 1690 damnari,
3450 1631 3505 1680 et

1926 1719 2101 1785 ipsum
2137 1717 2522 1773 Venustianum
2553 1720 2725 1787 capite
2774 1720 3031 1774 truncari.
3061 1718 3293 1774 Veniens
3328 1727 3505 1773 autem

1930 1810 2125 1865 Lucius
2164 1811 2432 1877 tribunus,
2480 1810 2597 1865 sine
2644 1810 2917 1866 auditione
2965 1811 3177 1866 beatum
3229 1809 3507 1866 Venustia-

1929 1918 2056 1957 num
2083 1917 2203 1957 cum
2234 1917 2402 1957 uxore
2430 1886 2482 1957 et
2512 1902 2630 1957 liliis
2657 1902 2884 1969 necavit,
2910 1904 2961 1957 in
2987 1903 3202 1958 civitate
3231 1903 3507 1969 Assisina;

243 1995 413 2050 latera
468 2011 679 2060 eorum,
711 1996 883 2065 ignem
928 1995 1087 2049 etiam
1120 1994 1366 2063 supponi.
1420 1994 1529 2050 Hoc
1570 1995 1711 2049 facto
1765 1996 1819 2051 in
1858 1979 1905 2040 Β
1934 1995 2187 2049 Sabinum
2219 2010 2344 2049 vero
2375 1996 2687 2063 episc0pum
2718 1994 2937 2049 adduxit
2974 1994 3026 2048 in
3066 1994 3335 2049 civitatem
3374 1993 3508 2062 Spo-

240 2085 581 2139 confessione
635 2085 841 2139 Domini
897 2084 1139 2152 spiritum
1191 2084 1502 2138 emiserunt.
1561 2085 1816 2141 Sabinum

239 2192 372 2231 vero
405 2178 707 2246 episc0pum
746 2177 899 2246 jussit
940 2177 1134 2231 retrudi
1167 2175 1219 2231 in
1247 2191 1543 2233 carcerem.
1582 2179 1821 2235 Audien-

242 2277 328 2324 tes
355 2277 531 2323 autem
571 2268 785 2338 quidam
819 2268 1051 2337 piscator
1076 2277 1128 2321 et
1154 2269 1457 2337 presbyter,
1492 2269 1825 2338 collegerunt

242 2376 469 2427 corpora
501 2369 806 2416 sanctorum
828 2400 845 2427 ,
876 2372 925 2415 et
958 2359 1453 2429 sepelieruntjuxta
1482 2360 1619 2414 viam
1655 2360 1825 2429 pridie

240 2452 508 2508 Kalendas
560 2452 817 2507 Januarii.
878 2453 1075 2507 Serena
1122 2466 1253 2505 vero
1309 2450 1605 2505 Christiana
1667 2452 1823 2505 vidua

240 2559 423 2599 curam
456 2544 655 2598 habens
682 2543 850 2599 sancti
876 2542 1057 2597 Sabini
1088 2541 1349 2611 episcopi,
1380 2541 1601 2594 adduxit
1630 2540 1683 2593 in
1704 2554 1823 2594 caro

240 2648 421 2688 cerem
465 2644 710 2701 nepotem
755 2648 908 2686 suum
960 2632 1284 2685 Priscianum
1314 2670 1328 2695 ,
1362 2632 1452 2700 qui
1484 2640 1600 2684 erat
1630 2644 1821 2684 caecus.

240 2725 392 2781 Tunc
418 2735 632 2780 sanctus
679 2724 907 2781 Sabinus
953 2734 1164 2778 truncas
1208 2736 1393 2777 manus
1439 2738 1599 2793 super
1643 2724 1825 2777 oculos

237 2818 359 2889 ejus
389 2819 578 2888 posuit,
631 2818 1049 2875 etillutninavit.
1102 2816 1355 2873 Videntes
1410 2826 1587 2873 autem
1627 2818 1720 2886 qui
1770 2816 1823 2872 in

1927 2087 2109 2152 letum,
2177 2096 2229 2141 et
2278 2087 2457 2140 tandiu
2512 2087 2762 2157 praecepit
2815 2087 2965 2149 caedi,
3019 2086 3190 2140 donec
3233 2086 3506 2140 deficeret.

1926 2178 2088 2247 Cujus
2119 2192 2315 2246 corpus
2341 2176 2555 2246 collegit
2580 2177 2903 2232 venerabilis
2933 2176 3153 2242 Serena,
3180 2189 3506 2246 quamanus

1928 2267 2042 2338 ejus
2097 2268 2147 2322 in
2192 2268 2337 2322 dolio
2368 2268 2537 2323 vitreo
2580 2283 2700 2322 cum
2740 2268 3069 2323 aromatibus
3097 2267 3425 2334 condiverat,
3456 2273 3509 2321 et

1929 2361 2065 2415 infra
2091 2359 2308 2414 domum
2337 2375 2490 2414 suam
2518 2369 2788 2428 posuerat,
2832 2360 3178 2430 sepelivitque
3206 2374 3331 2415 eum
3374 2373 3403 2411 a
3434 2358 3510 2411 ci-

1932 2454 2096 2507 vitate
2141 2453 2425 2522 Spoletana
2458 2453 2707 2509 milliario
2752 2454 2869 2522 plus
2900 2455 3075 2509 minus
3104 2468 3231 2517 uno,
3274 2452 3373 2507 sub
3416 2452 3507 2507 die

1932 2544 2159 2612 septimo
2192 2545 2310 2598 ldus
2358 2544 2690 2599 Decembris.
2738 2543 3023 2599 Festivitas
3076 2552 3251 2598 tamen
3298 2542 3415 2613 ejus
3457 2548 3510 2597 et

1932 2649 2091 2702 supra
2118 2635 2517 2690 nominatorum
2568 2642 2885 2705 martvrum,
2920 2633 3077 2691 tertio
3123 2632 3388 2689 Kalendas
3416 2629 3509 2687 Ja-

1935 2727 2105 2783 nuarii
2128 2727 2311 2797 agitur.

1520 2913 1752 2968 EDITIO
1794 2894 2307 2969 BOLLANDIANA.

243 3008 524 3073 Honorati,
555 3007 755 3074 Saturi,
786 3008 993 3063 Felicis.
1026 3006 1112 3071 L.,
1144 3010 1209 3063 Et
1239 3011 1411 3077 passio
1440 3010 1497 3067 S.
1537 3020 1563 3049 ι
1593 3010 1818 3066 Thomas

242 3079 629 3145 archiepiscopi
678 3089 732 3134 et
782 3079 1027 3150 martyris
1070 3080 1484 3137 Cantuariensis.
1518 3083 1600 3148 D.,
1636 3083 1817 3135 Romae

245 3150 441 3204 Felicis
483 3160 537 3205 et
582 3151 835 3205 Bonifacii
864 3153 1095 3217 episcopi
1130 3152 1195 3206 de
1222 3154 1578 3209 ordinatione.
1607 3153 1661 3206 In
1693 3166 1823 3219 pago

242 3222 543 3274 Oxomense
589 3221 743 3278 Otico
793 3224 1115 3278 monasterio
1166 3222 1430 3293 depositio
1473 3224 1531 3283 S.
1561 3226 1589 3265 δ
1617 3223 1821 3280 Ebrulll

242 3291 582 3344 confessoris.

241 3306 582 3347 CODICSSOI’IS.

313 3383 401 3437 30.
434 3413 505 3423 —
533 3383 599 3437 lll
628 3383 760 3439 ΚΑι..
790 3384 956 3440 Vacat
982 3388 1157 3443 Baeda.

313 3464 503 3521 Florus
546 3469 598 3523 in
641 3471 706 3523 A.
758 3469 819 3523 Τ.
874 3470 933 3525 L.
971 3489 981 3524 ;
1036 3473 1263 3527 Turonis
1303 3470 1520 3527 civitate
1566 3470 1826 3541 depositio

241 3564 265 3592 ε
291 3556 537 3627 Perpetui
569 3560 803 3629 episcopi
832 3571 886 3615 et
908 3562 1230 3617 confessoris
1262 3579 1275 3615 :
1313 3564 1401 3632 qui
1434 3562 1681 3632 religioso
1714 3578 1825 3617 ma-

237 3664 450 3721 gnoque
477 3660 599 3708 voto
623 3666 817 3722 corpus
844 3652 903 3707 Β.
936 3654 1146 3711 Martini
1172 3668 1477 3720 removens,
1531 3654 1821 3724 angelicam

1853 3427 1900 3490 C

1930 3008 2284 3064 visitationem
2314 3004 2618 3077 promeruit.

2000 3100 2089 3165 D.,
2124 3100 2275 3168 Apud
2301 3101 2575 3170 Spoletum
2606 3100 2784 3169 passio
2809 3096 2865 3155 S.
2899 3107 2926 3147 d
2952 3097 3132 3155 Sabini
3162 3095 3420 3167 episcopi,
3451 3106 3508 3155 et

1934 3173 2258 3241 Exuperanti
2304 3180 2360 3226 et
2412 3171 2643 3226 Marcelli
2687 3172 3060 3232 diaconorum,
3106 3178 3161 3224 et
3200 3170 3505 3241 Venustiatti

1930 3240 2065 3299 cum
2085 3257 2247 3296 uxore
2277 3252 2329 3297 et
2362 3243 2481 3296 filiis
2509 3242 2615 3297 sub
2652 3242 2967 3297 Maximiano
3008 3244 3263 3311 Augusto.
3308 3240 3372 3296 V.
3416 3240 3504 3310 'l‘.,

1931 3316 1988 3369 1n
2017 3313 2335 3368 Alexandria
2368 3314 2620 3367 Mansueti
2660 3312 2966 3381 (ﬂuctuque
2996 3312 3058 3367 Τ.
3085 3322 3131 3367 et
3159 3311 3265 3382 8.),
3298 3313 3506 3380 Severi,

1930 3385 2159 3453 Appiani
2190 3382 2423 3455 [Securi,
2453 3384 2693 3456 Apanis],
2729 3386 2937 3456 Donati.
2965 3384 3202 3456 Honorii,
3239 3385 3321 3456 Β..
3356 3384 3508 3456 Pole-

1932 3456 2053 3512 disi.
2102 3456 2159 3509 1n
2193 3454 2217 3485 θ
2245 3456 2420 3510 Insula
2473 3456 2530 3509 S.
2590 3454 2867 3519 Florentii,
2911 3455 3119 3523 Sereni,
3170 3454 3341 3519 Pauli,
3387 3455 3509 3508 Sto-

1934 3528 2117 3596 pltani,
2169 3526 2406 3598 Papiam,
2455 3525 2808 3598 Cleteogenis.
2857 3525 3087 3583 Turonis
3113 3525 3360 3596 Perpetui
3396 3525 3509 3596 epi-

1933 3599 2079 3668 scopi
2103 3606 2157 3653 et
2177 3596 2517 3654 confessoris.

1651 3750 1858 3808 SMITH
1899 3751 2125 3811 ΝΟΤίΕ.

312 3843 339 3872 ⁸
370 3837 597 3910 Thamar.
629 3836 993 3907 Cognomento
1042 3839 1236 3895 Becket
1283 3850 1441 3910 gente
1489 3841 1662 3908 Angli,
1694 3844 1823 3897 civi-

241 3920 347 3966 tate
379 3908 759 3964 Londinensis.
800 3910 919 3965 Fuit
946 3912 1128 3977 primis
1160 3908 1453 3965 litterarum
1485 3912 1761 3968 elementis
1792 3929 1820 3967 a

238 3983 417 4045 priore
462 3980 776 4035 Mertoncnsi
826 3981 1081 4047 imbutus,
1132 3982 1356 4049 primum
1404 3984 1621 4048 Oxonii,
1685 3984 1809 4039 dein

240 4052 463 4107 Lutetim
486 4051 705 4105 studuit.
732 4050 787 4104 lu
816 4052 1060 4117 Angliam
1092 4068 1337 4107 reversus
1364 4052 1501 4107 inter
1522 4053 1817 4110 Theobaldi

238 4121 625 4191 archiepiscOpi
649 4122 1043 4176 Cantuariensis
1066 4124 1682 4190 domesticosrooptatus
1703 4136 1815 4189 est;

238 4196 307 4247 ab
352 4192 750 4260 archiepiscopo
783 4193 1071 4247 Bononiam
1126 4210 1246 4249 mox
1287 4196 1619 4259 atuandatus,
1654 4206 1708 4250 ut
1749 4198 1821 4252 ibi

236 4263 371 4333 juris
417 4263 661 4317 canonici
704 4264 978 4317 scientiam
1028 4264 1310 4320 edisceret.
1348 4265 1539 4322 lterum
1574 4282 1821 4322 reversus

238 4334 673 4388 arcltidiacouatu
721 4334 1128 4400 Cantuariensi,
1164 4338 1508 4405 praepositum
1563 4337 1821 4393 Beverla-

236 4404 408 4469 censi,
458 4404 699 4458 rectoriis
748 4407 813 4458 de
866 4406 1148 4461 Bromfield
1190 4416 1244 4461 et
1280 4404 1473 4463 intonte
1519 4410 1575 4463 S.
1618 4409 1814 4471 Mariae,

239 4474 540 4543 praebendis
570 4476 694 4529 item
745 4475 971 4542 duabus,
1021 4492 1119 4532 una
1174 4478 1412 4543 Paulina,
1462 4478 1818 4535 Littcolniensi

238 4547 452 4611 altera,
503 4546 747 4599 donatur.
798 4546 915 4601 Mox
965 4549 1015 4601 in
1066 4550 1239 4602 aulam
1289 4552 1524 4616 ascitus,
1577 4566 1816 4606 summus

1933 3843 2057 3897 560.
2113 3842 2177 3895 Et
2223 3858 2291 3897 xv
2338 3842 2437 3896 alia
2477 3838 2797 3895 monasteria
2835 3838 3070 3893 virorum
3110 3853 3201 3893 seu
3230 3836 3506 3891 mulierum

1932 3912 2244 3975 regulariter
2293 3911 2541 3977 instituit,
2591 3924 2815 3979 quorum
2863 3910 3073 3979 nomina
3126 3909 3415 3979 perierunt.
3450 3907 3505 3979 lu

1928 3983 2127 4051 duplici
2156 3981 2423 4037 Chronico
2464 3995 2566 4035 ms.
2611 3977 2925 4051 monasterii
2958 3977 3238 4051 Uticensis,
3269 3977 3507 4051 quoduS.

1931 4046 2130 4108 Ebrulfi
2180 4055 2336 4107 modo
2367 4054 2685 4121 appellatur,
2721 4058 2883 4121 natus
2901 4049 3108 4121 _Iegitttr
3155 4050 3215 4106 S.
3262 4046 3507 4121 Ebrulfns

1928 4140 2070 4180 anno
2096 4124 2222 4186 517,
2254 4118 2491 4178 mortuus
2524 4138 2651 4178 vero
2680 4135 2817 4175 anno
2856 4118 2989 4174 596.
3012 4121 3288 4175 Consentit
3312 4118 3509 4175 Guliel-

1927 4212 2044 4249 mus
2090 4194 2547 4255 Gemmeticensis,
2604 4194 2692 4246 lib.
2746 4207 2839 4256 vtt,
2892 4206 2941 4245 c.
2996 4191 3085 4256 εδ,
3140 4191 3219 4245 his
3266 4190 3441 4244 Verbis
3491 4204 3507 4243 :

1931 4285 1949 4316 ε
1984 4269 2137 4321 Anno
2167 4267 2231 4320 ab
2260 4266 2627 4321 lncarnatione
2654 4263 2858 4317 Domini
2884 4260 3013 4325 596,
3038 4262 3208 4315 aetatis
3240 4277 3367 4316 vero
3396 4273 3508 4313 sate

1924 4337 2011 4401 80,
2070 4338 2337 4393 residente
2391 4338 2442 4389 in
2492 4335 2619 4390 sede
2662 4332 2949 4399 apostolica
3000 4332 3257 4401 Gregorio
3301 4345 3509 4386 summo

1925 4410 2144 4464 doctore
2174 4419 2226 4463 ct
2258 4408 2546 4471 Anglorum
2574 4404 2886 4472 apostolico,
2922 4403 2979 4457 Β.
3012 4404 3257 4458 Ehrulfus
3298 4419 3348 4456 tv
3388 4402 3506 4456 Kal.

1922 4479 2041 4534 Jan.
2076 4496 2139 4534 ex
2174 4481 2271 4534 ltac
2316 4479 2422 4533 vita
2472 4476 2734 4547 migravit.
2775 4493 2795 4527 ι
2830 4475 2958 4531 Vide
2987 4474 3269 4531 Mabillonii
3308 4488 3433 4529 saec.
3464 4486 3507 4542 ι,

1926 4554 2042 4605 Act.
2080 4553 2207 4606 Ben.

237 4600 451 4686 Anglia}.
486 4617 835 4693 cancellarius
880 4600 1244 4693 creatuswestﬁ;
1291 4600 1815 4689 et'poﬁs‘t‘f
1852 4600 1900 4659 D
1926 4600 2318 4693 ivenP—e'r-p—etui.
2350 4621 2423 4675 De
2450 4635 2513 4693 eo
2542 4619 2681 4685 vide,
2715 4634 2895 4693 supra,
2925 4619 3014 4693 _die
3052 4619 3083 4672 8
3113 4618 3345 4693 Aprilis._
3375 4616 3503 4682 Quis

237 4698 465 4742 nmrtem
510 4687 575 4740 ad
628 4687 875 4741 thronum
925 4687 1622 4745 Cantuariensem‘evectus
1676 4709 1816 4749 anno

241 4758 400 4821 “62,
431 4758 546 4823 ipso
574 4757 659 4811 die
691 4758 1033 4813 Pentecostes
1059 4771 1397 4816 consecratus
1427 4772 1509 4816 est
1534 4780 1547 4827 ;
1579 4779 1698 4816 cum
1726 4781 1818 4816 au-

238 4839 344 4902 tem
390 4829 588 4902 aliquot
636 4844 802 4883 annos
849 4832 1049 4902 regium
1095 4831 1181 4901 jus
1230 4832 1429 4886 clerum
1471 4834 1816 4902 Anglicanum

232 4898 384 4971 juxta
431 4900 675 4973 antiquas
725 4900 873 4968 regni
916 4898 1329 4957 consuetudines
1360 4898 1608 4973 puniendi
1652 4920 1820 4971 oppu-

236 4969 473 5042 gnasset,
504 4977 558 5023 et
580 4969 690 5038 jam
735 4972 843 5039 regi
892 4986 1160 5042 regnoque
1189 4969 1373 5039 gravis
1393 4974 1560 5029 factus
1592 4969 1755 5041 esset,
1788 4992 1818 5031 a

235 5040 549 5116 satellitibus
578 5049 802 5116 quatuor
830 5040 1004 5110 regiis,
1037 5044 1237 5107 injussu
1271 5054 1443 5116 tamen
1476 5047 1647 5116 regio,
1678 5040 1812 5101 Catt-

240 5112 426 5165 tuarim
454 5113 757 5165 interfectus
789 5122 891 5176 est,
942 5122 1168 5167 exeunte
1207 5130 1345 5165 anno
1396 5112 1560 5171 117οῖ
1596 5117 1820 5174 Exstant

237 5181 355 5250 ejus
388 5182 729 5248 epistularum
762 5182 881 5236 libri
906 5199 976 5247 vt,
1002 5199 1027 5235 a
1056 5184 1260 5237 Joanne
1284 5185 1661 5241 Sarisberieusi
1689 5191 1814 5243 otim

235 5254 444 5307 collecti
476 5261 531 5323 et
557 5253 766 5319 digesti,
800 5253 1039 5307 adtnistis
1070 5256 1227 5307 etiam
1258 5258 1655 5323 quatnplurimis
1684 5260 1818 5313 alio-

236 5339 353 5377 rum
407 5324 469 5377 ad
520 5322 777 5376 Thomam
826 5333 879 5377 et
927 5325 995 5380 de
1038 5340 1102 5380 co
1144 5325 1399 5391 epistolis.
1426 5322 1815 5384 'Collectionetn

236 5393 474 5468 istamjn
507 5394 676 5447 lucem
709 5396 991 5462 protraxit,
1022 5406 1073 5451 et
1103 5412 1202 5450 una
1229 5411 1347 5468 cum
1379 5396 1696 5468 Quadrilogo
1721 5413 1818 5456 seu

239 5463 355 5518 Vita
401 5465 622 5519 Thotnte
670 5479 736 5518 ex
783 5474 1008 5534 quatuor
1051 5466 1353 5522 auctoribus
1396 5470 1522 5523 olim
1566 5463 1814 5526 contexta

233 5536 319 5591 edi
352 5537 552 5589 curavit
574 5536 909 5591 Christianus
938 5536 1115 5604 Lupus
1149 5538 1422 5592 Bruxellis.

308 5612 336 5679 tu
368 5605 590 5679 Ebrulﬁ.
641 5606 745 5679 llic,
783 5608 941 5661 nobili
990 5620 1136 5663 ortus
1176 5612 1441 5678 prosapia,
1475 5609 1816 5679 Bajocassina

237 5677 369 5731 urbe
394 5678 647 5732 oriundus
681 5678 797 5741 fuit,
824 5694 961 5732 anno
990 5679 1091 5732 517
1117 5691 1286 5734 natus.
1322 5677 1624 5736 Amicorum
1657 5698 1815 5740 suasu

238 5765 460 5803 uxorem
493 5748 677 5813 duxit;
710 5763 811 5815 qua
841 5759 1021 5818 postea
1049 5752 1238 5815 velata,
1269 5750 1321 5805 in
1346 5754 1724 5807 monasterium
1756 5771 1814 5810 se

236 5821 454 5889 recepit,
487 5819 610 5873 inde
648 5820 698 5889 in
737 5833 973 5875 eretnum
1018 5822 1357 5875 Oxitncnscm
1388 5835 1479 5877 seu
1513 5822 1815 5880 Uticensem

238 5888 559 5951 eum’tribus
588 5888 768 5962 sociis,
799 5892 888 5950 ubi
930 5893 1092 5951 cellas
1117 5894 1412 5966 construxit
1436 5894 1576 5956 circa
1614 5910 1811 5956 annum

1923 4692 2036 4748 dies
2083 4686 2451 4757 S.'l’erpcttto
2485 4692 2638 4744 fuerit
2687 4691 2878 4743 natalis
2923 4691 3176 4743 incertum
3203 4696 3302 4741 est.
3329 4686 3383 4740 In
3417 4703 3505 4741 ve-

1920 4765 2233 4819 tustioribus
2264 4778 2391 4816 vero
2418 4764 2807 4833 martyrologiis
2838 4772 3055 4833 n0tatur_
3075 4757 3423 4833 5U‘Decemb.

1999 4839 2024 4878 d
2054 4834 2251 4890 Sabini.
2293 4830 2647 4888 Venttstiantts
2678 4847 2872 4898 praeses
2900 4831 3106 4884 Tuscia:
3154 4830 3272 4882 huic
3315 4844 3503 4883 manus

1923 4907 2137 4973 praecidi
2182 4904 2373 4973 jussit;
2407 4920 2467 4957 ac
2488 4906 2646 4959 etiam
2674 4903 2989 4973 Marcellum
3008 4911 3060 4953 et
3084 4899 3499 4973 Exttperantium

1923 4971 1973 5029 in
2002 4971 2227 5044 equuleo
2276 4976 2550 5042 suspendi,
2581 4976 2804 5029 fustibus
2850 4971 3081 5044 graviter
3110 4972 3355 5044 _tnultari,
3384 4988 3472 5044 Ann

1921 5042 2108 5117 guibus
2135 5046 2339 5113 abradi,
2374 5046 2537 5100 latera
2578 5047 2854 5117 exustione
2886 5043 3061 5117 Aassari
3092 5042 3263 5117 donec
3291 5042 3501 5117 emitte-

1920 5112 2041 5172 rent
2066 5112 2333 5185 Spiritum,
2363 5128 2415 5171 et
2443 5132 2663 5186 corpora
2696 5118 2743 5169 in
2776 5114 2990 5167 fluvium
3023 5112 3370 5186 praecipitari;
3399 5113 3495 5186 Sa-

1921 5188 2074 5243 binus
2100 5183 2278 5243 autem
2314 5190 2508 5243 fmdum
2540 5183 2600 5241 in
2634 5200 2900 5241 carcerem
2944 5183 3217 5253 eonjectus
3255 5191 3355 5235 est.
3402 5184 3501 5237 Ve-

1922 5261 2198 5314 nustiantts
2222 5270 2398 5314 autem
2425 5274 2617 5328 praeses
2642 5259 2916 5311 oeulorutn
2942 5257 3124 5328 dolore
3146 5266 3348 5322 captus,
3375 5268 3496 5307 cum

1920 5332 2215 5386 remedium
2260 5327 2497 5386 invenire
2527 5329 2870 5397 nequivisset,
2900 5343 2927 5379 a
2956 5327 3152 5397 Sabino
3181 5341 3300 5378 cum
3332 5340 3498 5378 nxoze

1918 5409 1973 5455 et
2003 5402 2126 5457 filiis
2157 5403 2450 5469 baptizatus
2479 5410 2582 5467 est,
2613 5396 2666 5453 et
2714 5397 2890 5453 statim
2940 5406 3042 5469 cst_
3071 5396 3276 5469 fugatus
3322 5397 3494 5469 omnis

1917 5474 2191 5527 oculorum
2221 5466 2394 5527 dolor.
2423 5466 2802 5538 Qttaeaudicns
2836 5467 3201 5531 Maximianus,
3239 5466 3397 5538 jussit
3440 5474 3499 5521 ut

1916 5542 2113 5597 Lucius
2143 5544 2381 5598 tribunus
2416 5536 2794 5596 Venustiattum
2822 5555 2943 5593 cum
2976 5554 3139 5593 uxore
3179 5547 3231 5591 et
3264 5536 3384 5590 liliis
3407 5552 3497 5589 ca-

1919 5612 2023 5680 pite
2078 5623 2374 5679 truncaret,
2434 5623 2673 5666 sanctum
2726 5628 2850 5665 vero
2898 5610 3151 5666 Sabinum
3206 5607 3493 5680 plumbatis

1921 5678 2087 5752 usque
2108 5686 2170 5737 ad
2194 5678 2415 5738 mortem
2445 5684 2695 5739 caederet.
2724 5682 2886 5754 Cujus
2914 5695 3105 5752 corpus
3124 5682 3323 5739 Serena
3344 5678 3495 5749 juxta

1916 5756 2191 5826 Spoletum
2216 5754 2479 5823 sepelivit.
2511 5757 2643 5813 Ano.

1994 5830 2016 5860 °
2047 5826 2251 5882 Insula.
2284 5826 2401 5897 Oia,
2432 5841 2512 5884 sc.
