4064 6346
587 378 724 437 1159

816 511 924 568 DE
988 507 1236 565 LOCIS
1291 507 1401 565 SS.
1470 507 1949 573 M'ARTYjRUM

867 618 984 667 ουλε
1022 617 1154 656 SUN'I'
1193 616 1342 655 FORIS
1379 615 1639 655 CWITATIS
1676 614 1856 654 80118.

658 696 890 752 Primum
924 695 1109 749 Petrus
1142 694 1191 746 in
1218 701 1366 759 parte
1404 691 1714 746 occidentali
1746 689 1978 745 civitatis
2006 690 2154 758 juxta

586 770 725 823 viam
770 766 1070 820 Corneliam
1116 764 1180 817 ad
1226 762 1526 817 milliarium
1566 762 1786 831 primum
1838 764 1888 815 in
1935 775 2156 828 corpore

587 838 912 907 requiescit,
964 845 1019 907 et
1065 834 1381 907 pontificalis
1433 836 1603 898 ordo,
1662 841 1882 907 exeepto
1938 846 2156 907 numero

588 903 776 979 pauco,
812 907 862 960 in
891 906 1078 979 eodem
1112 905 1227 959 loco
1256 906 1306 979 in
1337 906 1533 979 tumbis
1578 903 1801 979 propriis
1848 903 2149 979 requiescit.

589 974 661 1035 ibi
704 993 915 1048 quoque
951 976 1101 1047 juxta
1143 976 1559 1048 eamdeinviam
1592 974 1745 1027 sedes
1773 983 1854 1048 est
1891 974 2158 1042 apostolo-

585 1044 744 1113 rum';
794 1044 847 1103 et
902 1044 1081 1101 mensa
1130 1056 1185 1101 et
1233 1046 1496 1099 recubitus
1544 1059 1727 1099 eorum
1781 1044 1846 1097 de
1894 1058 2158 1098 marmore

588 1121 724 1175 facta
752 1134 917 1188 usque
947 1118 1101 1188 hodie
1128 1125 1404 1188 apparent.
1432 1114 1607 1188 Mensa
1633 1128 1879 1188 quoque,
1904 1114 2060 1188 modo
2084 1114 2158 1166 al-

588 1200 723 1253 tare,
755 1185 908 1257 quam
957 1187 1143 1241 Petrus
1191 1186 1432 1239 manibus
1470 1185 1769 1257 soisifecit,
1816 1185 2006 1257 ibidem
2040 1194 2153 1247 est;

584 1255 1019 1332 juxtaieamdem
1060 1271 1269 1332 quoque
1299 1256 1769 1332 _viam__S.ARu_iina
1796 1295 1811 1319 ,
1854 1255 1914 1332 8ζ
1954 1256 2155 1332 Secun-

587 1325 656 1386 da
682 1375 695 1399 ,
739 1331 798 1384 8.
843 1331 999 1384 Maria
1028 1371 1042 1393 ,
1078 1325 1141 1382 8.
1186 1327 1377 1399 Marius
1402 1370 1416 1394 ,
1448 1329 1504 1380 8.
1547 1326 1782 1399 Ambacu
1809 1367 1822 1391 ,
1865 1325 1949 1399 AS.
1977 1326 2159 1399 Audaf

588 1396 691 1457 fax'
729 1410 783 1457 et
830 1400 916 1453 alii
959 1415 1112 1466 quam
1160 1398 1366 1465 plurimi
1409 1398 1575 1450 sancti
1618 1396 1814 1465 jacent.
1863 1396 1983 1449 Inde
2022 1396 2157 1449 haud

589 1472 775 1542 procul
803 1474 858 1542 in
884 1470 1095 1542 sinistra
1124 1468 1477 1542 manu,_jux;ta
1504 1467 1640 1542 viam
1667 1466 1930 1542 Aureliani
1957 1466 2160 1542 S._Pro-

588 1536 791 1604 cessus,
845 1541 901 1595 8.
952 1540 1254 1602 Martianus,
1298 1538 1353 1592 S.
1404 1538 1730 1599 Pancratius.
1782 1536 1837 1591 8.
1887 1536 2155 1601 Paulinus,

592 1615 651 1670 S.
686 1613 1008 1674 Artbemius,
1042 1612 1100 1665 8.
1135 1609 1301 1671 Felix,
1332 1607 1388 1662 S.
1416 1609 1660 1673 Calistus,
1695 1608 1749 1662 8.
1783 1608 2009 1673 Calopus
2037 1622 2159 1661 cum

591 1684 774 1739 multis
804 1683 991 1748 Sepulti
1017 1681 1213 1751 jacent.
1257 1678 1413 1751 Juxta
1450 1679 1584 1730 viam
1629 1694 1752 1732 vero
1794 1679 2158 1751 Portueusern,

632 1770 709 1807 uae
736 1754 927 1821 et'ipsa
960 1749 1354 1821 in'occidentali
1394 1751 1625 1821 civitatis
1657 1759 1801 1816 parte
1832 1759 1932 1815 est,
1961 1750 2017 1803 8.
2055 1749 2161 1821 Ab-

632 1771 709 1807 ΙΙΞΕ
736 1771 790 1807 CI.
816 1771 927 1821 ipsa
960 1771 1009 1805 HI
1041 1771 1354 1804 OCClllClllHll
1394 1771 1625 1802 ClVIlHLIS
1657 1771 1801 1816 parte
1832 1771 1932 1815 υδι,
1962 1771 2017 1803 δ.
2056 1771 2157 1800 Λυ-

591 1771 695 1880 ﬂon
722 1832 777 1879 et
803 1825 861 1878 8.
889 1822 1113 1884 Senties,
1144 1820 1201 1874 8.
1250 1820 1404 1873 Milex
1445 1828 1496 1871 et
1526 1820 1581 1873 S.
1617 1821 1936 1883 Vincentius,
1971 1822 2026 1871 8.
2055 1817 2157 1871 Ρο-

594 1897 723 1957 lion.
755 1895 812 1949 8.
843 1893 1031 1958 Julius,
1060 1893 1116 1945 S.
1152 1891 1404 1961 Pymeon,
1445 1888 1502 1943 S.
1549 1890 1717 1953 Felix,
1748 1887 2157 1961 SrSimplicius,

591 1967 649 2025 8.
699 1965 1001 2025 Faustinus,
1047 1961 1110 2016 S.
1166 1959 1419 2015 Beatricis
1466 1960 1753 2013 dormiunt.
1804 1960 1859 2013 In
1895 1972 2039 2028 parte
2070 1975 2166 2012 au-

594 2035 741 2091 strali
773 2035 1000 2089 civitatis
1024 2031 1175 2102 juxta
1197 2035 1333 2102 viam
1356 2031 1652 2102 Ostiensem
1681 2030 1874 2084 Paulus
1895 2031 2169 2099 apostolus

593 2121 819 2175 corpore
867 2114 1052 2173 pausat
1093 2101 1496 2175 et_Tittintheus
1534 2101 1822 2175 ‘cpiscepus
1854 2110 1906 2175 et
1947 2108 2167 2175 martyr,

594 2180 662 2233 de
691 2171 795 2246 quo
839 2171 1080 2246 meminit
1130 2172 1261 2226 liber
1303 2172 1571 2246 Silvestri,
1616 2171 1810 2246 ibidem
1843 2171 2085 2246 dormit;_
2120 2180 2173 2223 ct

593 2242 720 2303 ante
770 2247 995 2300 fr0ntem
1036 2243 1292 2312 ejusdem,
1321 2243 1551 2296 basilica:
1590 2244 1879 2312 oratorium
1926 2250 2007 2294 est
2054 2242 2172 2312 Ste-

594 2318 755 2390 phani
785 2310 1077 2390 martyrisI
1098 2313 1253 2381 Lapis
1282 2311 1375 2390 ibi.
1406 2326 1510 2390 qu_o
1540 2311 1810 2390 lapidatus
1841 2321 1921 2365 est
1945 2310 2173 2390 Stepha-

598 2382 719 2452 nus,
741 2401 901 2452 super
927 2382 1096 2437 altare
1124 2393 1203 2437 est
1229 2382 1448 2450 positus.
1465 2382 1587 2434 Inde
1610 2382 1753 2452 baud
1780 2382 1956 2449 procul
1982 2384 2029 2434 in
2056 2397 2169 2435 rue-

600 2451 1214 2514 ridiem’monasterium
1262 2462 1343 2506 est
1392 2458 1555 2521 Aqua:
1600 2451 1827 2516 Salviae,
1878 2453 1967 2506 ubi
2016 2460 2175 2520 caput

595 2531 653 2585 8.
686 2525 951 2581 Anastasii
982 2534 1085 2586 est,
1116 2535 1164 2576 et
1200 2523 1348 2575 locus
1372 2522 1458 2576 ubi
1499 2520 1793 2577 decollatus
1833 2532 1913 2576 est
1962 2522 2168 2576 Paulus.

602 2601 773 2665 Protie
801 2610 1014 2665 quoque
1045 2594 1275 2665 basilicas
1307 2593 1452 2665 Paguli
1497 2594 1719 2665 ecclesia
1765 2593 1818 2647 8.
1868 2593 2054 2665 Tecla;
2071 2601 2169 2665 est,

597 2670 686 2723 ubi
715 2663 846 2735 ipsa
892 2663 1115 2733 carpere
1148 2663 1331 2735 jacet.
1359 2663 1426 2716 Et
1468 2678 1570 2716 non
1612 2664 1765 2734 longe
1800 2664 1920 2718 inde
1948 2663 2173 2735 ecclesia

598 2742 656 2796 S.
690 2733 876 2794 Felicis
920 2745 1022 2801 est,
1053 2735 1138 2788 ubi
1167 2734 1281 2803 ipse
1306 2734 1518 2795 dormit,
1550 2748 1667 2787 cum
1711 2733 1839 2804 quo,
1874 2733 2084 2803 quando
2109 2735 2174 2787 ad

599 2811 794 2866 coelum
842 2807 1125 2875 migravit,
1176 2804 1373 2872 pariter
1418 2805 1732 2875 prOperabat
1782 2805 2072 2872 Adauctus,
2123 2814 2176 2859 et

598 2883 757 2935 ambo
788 2874 1127 2946 requiescunt
1170 2878 1222 2929 in
1262 2891 1364 2928 uno
1397 2875 1533 2946 loco.
1566 2874 1640 2946 lb_i
1667 2890 1873 2943 quoque
1900 2885 1954 2929 et
1982 2875 2176 2928 Nome-

598 2967 720 3007 seus
752 2943 951 3019 martyr
979 2962 1097 3000 cum
1127 2946 1366 3019 plurimis
1403 2944 1563 3019 jacet.
1603 2943 1756 3019 Juxta
1803 2948 1939 2999 viam
1972 2946 2179 3019 Arden-

601 3024 762 3078 tinam
792 3015 1014 3073 erciesia
1044 3027 1126 3071 est
1162 3017 1219 3071 8.
1252 3015 1606 3081 Petronellae;
1640 3017 1707 3069 ibi
1736 3032 1943 3085 quoque
1988 3018 2046 3070 8.
2077 3016 2173 3069 Neo

601 3108 726 3147 reus
754 3101 807 3145 et
835 3089 892 3144 8.
922 3089 1191 3143 Achilleus
1218 3096 1361 3149 sunt.
1394 3096 1457 3149 et.
1486 3086 1597 3154 ipsa
1640 3087 1933 3142 Petronella
1963 3086 2173 3154 sepulti.

600 3162 670 3218 Et
700 3176 861 3231 prope
890 3158 1130 3231 eamdem
1158 3160 1293 3231 viam
1330 3157 1395 3231 8.
1448 3157 1866 3231 Damasushpapa
1903 3156 2174 3231 depositus

601 3228 981 3287 est'et’soror
1030 3230 1142 3297 ejus
1188 3228 1427 3291 Martha;
1479 3236 1533 3281 et
1582 3228 1633 3281 in
1670 3228 1770 3281 alia
1812 3228 2028 3281 basilica
2070 3243 2175 3281 non

602 3304 758 3371 longe
791 3302 995 3356 Marcus
1018 3309 1071 3354 et
1101 3299 1463 3371 alarcellianus
1487 3309 1608 3351 sunt
1632 3298 1905 3371 honorati;
1932 3299 2179 3371 etiadhuc

600 3376 654 3430 iu
686 3368 786 3427 alia
817 3372 1043 3426 ecclesia
1084 3370 1218 3423 alius
1262 3370 1467 3423 Marcus
1508 3384 1627 3422 cum
1659 3368 1962 3423 Marcellino
1990 3370 2041 3422 in
2083 3369 2179 3422 ho-

600 3460 731 3499 nore
760 3444 997 3497 habetur.
1029 3441 1182 3495 Juxta
1217 3440 1353 3493 viam
1394 3440 1616 3508 Appiam
1665 3442 1715 3493 in
1756 3439 1999 3493 orientali
2034 3451 2179 3507 parte

601 3515 835 3570 civitatis
876 3512 1103 3567 ecclesia
1146 3520 1225 3564 est
1281 3520 1477 3563 sancta:
1526 3509 1730 3565 Suteris
1780 3510 2047 3579 martyris,
2091 3510 2178 3562 ubi

603 3586 715 3663 ipsa
745 3582 1071 3663 cum_mnltis
1095 3581 1418 3663 martyribus
1443 3584 1584 3649 jacet
1605 3596 1639 3663 ;.
1664 3590 1719 3662 et
1742 3579 1890 3663 juxta
1935 3579 2176 3663 eamdem

604 3649 745 3709 viam
774 3651 1001 3707 ecclesia
1030 3660 1112 3705 est
1134 3650 1193 3707 8.
1227 3649 1357 3705 Sixti
1391 3664 1560 3718 papae,
1590 3650 1675 3703 ubi
1707 3650 1818 3715 ipse
1847 3650 2063 3703 dormit.
2106 3649 2179 3702 lbi

604 3738 818 3794 quoque
858 3720 1072 3794 Caecilia
1120 3722 1265 3789 virgo
1308 3729 1513 3794 pausat,
1548 3728 1598 3773 et
1643 3720 1711 3774 ibi
1744 3719 2100 3794 S.__'f_ar_sici_us
2127 3728 2183 3773 et

602 3789 661 3852 8.
697 3794 975 3851 Gerefiuus
1005 3792 1057 3845 in
1087 3807 1193 3845 uno
1226 3792 1429 3845 tumulo
1454 3790 1633 3859 jacent
1667 3800 1755 3843 :et
1801 3789 1871 3842 ibi
1914 3790 1968 3844 S.
2013 3792 2181 3843 Euse-

608 3867 728 3921 bius
756 3875 809 3920 et
834 3864 891 3919 8.
925 3863 1215 3917 Colocerus
1244 3872 1295 3915 et
1335 3862 1392 3916 8.
1426 3860 1739 3915 Parthenius
1768 3875 1859 3928 per
1883 3862 2071 3929 singuli
2093 3859 2179 3930 ja-

606 3946 751 4002 cent,
770 3946 824 3991 et
842 3948 971 3991 nccc
995 3944 1254 4003 martyres
1282 3932 1475 3986 ibidem
1508 3933 1864 4003 requiescunt.
1895 3932 2017 3984 Inde
2044 3932 2180 3983 haud

606 4001 1208 4079 proculincmmeterio
1234 4004 1372 4057 Calis
1409 4003 1692 4079 Cornelius
1714 4009 1767 4055 et
1808 4001 2100 4079 Cyprianus
2130 4004 2181 4054 in

608 4073 833 4133 ecclesia
862 4074 1157 4131 dormiunt.
1190 4077 1347 4128 Juxta
1371 4075 1612 4127 eamdem
1647 4073 1784 4125 viam
1834 4074 2057 4125 ecclesia
2101 4082 2183 4125 est

607 4149 893 4203 multorum
941 4156 1266 4207 sanctorum,
1305 4144 1356 4197 id
1402 4151 1504 4207 est,
1551 4141 1809 4205 Januarii,
1855 4144 1944 4210 qui
1986 4142 2080 4194 fuit
2117 4142 2183 4196 de

607 4229 812 4285 septem
845 4216 965 4271 liliis
998 4215 1285 4270 Felicitatis
1312 4212 1481 4283 major
1526 4223 1678 4285 natu,
1706 4213 2179 4285 urbani,ngapiti,

612 4281 945 4351 Felicissimi,
989 4285 1191 4355 Cyrini,
1241 4281 1471 4339 Zenonis
1517 4284 1691 4338 fratris
1728 4281 2038 4355 _V'aleutini,
2090 4284 2180 4337 'l‘i~

610 4357 793 4421 burtii,
830 4353 1113 4419 Valeriani,
1145 4368 1196 4411 et
1224 4356 1373 4409 multi
1415 4362 1676 4423 martyres
1707 4353 1775 4408 ibi
1822 4355 2181 4421 requiescunt.

608 4428 848 4499 Etjuxta
873 4426 1112 4499 eamdem
1137 4429 1273 4499 viam
1300 4425 1522 4499 ecclesia
1544 4432 1626 4479 est
1646 4424 1704 4479 S.
1729 4424 2022 4499 Sebastiani
2045 4440 2185 4499 mar-

609 4496 762 4573 tyris,
797 4499 883 4573 ubi
912 4497 1022 4573 ipse
1054 4497 1246 4551 dormit
1280 4514 1290 4548 :
1327 4496 1412 4551 ubi
1443 4504 1568 4573 sunt
1593 4497 1879 4573 sepulturae
1917 4496 2185 4563 apostolo-

1562 372 1651 428 ΑΒ
1687 369 2086 428 MARTYROL.
2126 367 2328 425 BEDZE
2371 368 2809 427 APPENDICES.

2183 482 2237 544 Α
2261 485 2450 547 miunt,
2481 482 2684 551 Petrus,
2715 481 3072 543 Marcellinus,
3099 480 3391 547 Tiburtius,
3422 481 3518 539 SS.
3549 500 3653 539 xxx
3683 488 3836 541 mili-

3692 372 3830 429 “60

2262 560 2361 614 tes,
2390 553 2707 620 Gorgonius.
2739 553 3031 614 Genuinus,
3077 553 3354 623 Maximus,
3384 569 3435 607 iv
3466 555 3743 623 Coronati,
3780 559 3837 613 id

2256 631 2357 695 est,
2383 623 2650 695 Claudius,
2694 624 3037 695 Niciistratus,
3072 622 3492 691 Simpronianus,
3525 622 3835 695 Castorius,

2256 691 2559 757 Simplicius
2609 713 2619 745 :
2669 694 2736 747 ibi
2784 694 2950 761 estin
2990 696 3189 759 cruptis
3230 694 3329 747 sub
3376 704 3513 749 terra
3544 691 3835 752 innumera

2255 773 2549 832 martyrum
2582 764 2866 817 multitudo
2897 764 3102 833 sepulta
3127 764 3325 832 jaceut.
3366 765 3530 819 Juxta
3560 770 3699 822 viam
3738 769 3835 821 Ti-

2257 834 2519 887 burtinam
2549 835 2773 889 ecclesia
2801 841 2883 887 est
2911 834 2972 890 S.
3004 835 3213 901 Agapiti
3242 835 3459 889 multum
3493 836 3835 892 honorabilis

2255 913 2549 974 martyrum
2579 906 2889 972 corporibus
2916 914 3157 974 etprope
3187 905 3428 960 eamdem
3469 908 3613 961 viam
3645 911 3837 963 eccle-

2258 976 2334 1027 sia
2364 973 2451 1047 est
2483 973 2541 1027 8.
2591 975 2858 1047 Laurentii
2890 973 3080 1043 major,
3116 976 3181 1047 in
3205 990 3306 1043 qua
3338 991 3529 1044 corpus
3560 978 3683 1047 ejus
3714 981 3838 1043 pri-

2257 1059 2402 1120 mum
2436 1046 2602 1120 inerat
2626 1046 2998 1120 humatum,et
3020 1046 3086 1097 ibi
3114 1046 3331 1120 basilica
3362 1063 3492 1120 nova
3522 1046 3672 1104 mira:
3696 1052 3833 1120 pul-

2264 1114 2597 1187 cliritudinis,
2622 1116 2710 1187 ubi
2736 1114 3037 1187 ipsegmodo
3065 1116 3371 1187 requiescit.
3405 1118 3464 1172 Hi
3486 1114 3836 1187 quoque'sub

2257 1186 2444 1238 eodem
2473 1187 2637 1239 altare
2681 1185 2939 1257 Abundus
2965 1194 3047 1257 est
3075 1185 3346 1253 depositus
3372 1198 3424 1241 et
3452 1185 3581 1242 foris
3615 1185 3668 1242 in
3702 1205 3835 1257 por-

2260 1256 2362 1308 ticu
2391 1257 2522 1321 lapis
2544 1257 2747 1325 est,qui
2770 1255 3050 1323 aliquando
3080 1257 3127 1308 in
3159 1258 3295 1309 collo
3326 1257 3564 1325 ejusdem
3600 1255 3831 1315 Abuudi

2258 1325 2519 1397 pendebat
2550 1327 2599 1379 in
2631 1336 2842 1389 puteum
2874 1326 3019 1397 missi
3071 1342 3086 1378 :
3128 1325 3196 1378 ibi
3228 1326 3524 1394 ilereneus,
3556 1328 3836 1397 Julianus,

2261 1395 2582 1467 Primitivus,
2610 1398 2855 1459 Tacteus,
2886 1396 3198 1461 Nemeseus,
3234 1398 3522 1467 Eugenius,
3562 1395 3832 1464 Justinus,

2258 1462 2681 1537 Crescentianus,
2708 1468 2997 1537 itemanus,
3016 1476 3137 1519 sunt
3166 1462 3382 1533 sepulti,
3405 1479 3458 1522 et
3486 1472 3545 1523 8.
3576 1462 3833 1537 Cyriaca,

2261 1536 2316 1591 8.
2352 1536 2653 1607 Symferosa
2684 1546 2738 1590 et
2761 1536 2965 1590 Justiua
2992 1552 3110 1590 cum
3143 1540 3323 1590 multis
3351 1536 3677 1608 martyribus
3707 1551 3838 1593 sunt

2259 1608 2470 1680 sepulti.
2499 1607 2701 1680 Indein
2731 1608 2953 1680 Boream
2984 1622 3194 1680 sursum
3229 1609 3278 1661 in
3315 1607 3529 1662 basilica
3560 1610 3616 1663 8.
3648 1608 3841 1680 Hypo-

2262 1677 2339 1730 liti
2371 1686 2471 1740 est,
2507 1679 2591 1730 ubi
2624 1678 2735 1745 ipse
2762 1692 2882 1729 cum
2915 1676 3109 1730 familia
3150 1692 3242 1730 sua
3278 1689 3406 1741 tota,
3440 1695 3587 1735 xviiii
3630 1676 3839 1745 marty-

2263 1762 2369 1812 res,
2400 1749 2539 1814 jacet
2569 1766 2582 1802 :
2613 1740 2797 1801 carcer
2830 1748 2899 1801 ibi
2930 1748 3085 1800 estin
3109 1762 3211 1814 quo
3238 1748 3331 1801 fuit
3361 1740 3704 1804 Laurentius.
3741 1740 3841 1803 iiic

2192 1844 2237 1901 Β
2264 1827 2346 1899 est
2373 1818 2620 1901 'l‘rifonia,
2649 1833 2779 1901 uxe‘r
2800 1817 3211 1901 Decii‘Carsari‘s,
3245 1827 3298 1901 et
3319 1818 3518 1889 Cyrilla
3543 1820 3651 1874 filia
3684 1821 3845 1901 ejus;

2268 1890 2405 1942 inter
2434 1898 2682 1957 utrasque
2728 1887 3019 1941 Concordia
3058 1897 3109 1939 et
3150 1888 3204 1940 8.
3251 1886 3540 1954 Geueseus,
3582 1902 3639 1945 et
3690 1886 3847 1945 multi

2268 1969 2528 2028 martyies
2573 1960 2639 2011 ibi
2682 1967 2821 2011 sunt.
2865 1959 3023 2013 Juxta
3057 1958 3192 2010 viam
3246 1960 3634 2015 Numentauam
3667 1972 3755 2017 est
3787 1963 3848 2017 S.

2268 2028 2579 2101 Nicomedes
2622 2036 2676 2082 et
2700 2028 2848 2101 juxta
2878 2029 3119 2101 eamdem
3152 2028 3285 2081 viam
3315 2030 3529 2085 basilica
3563 2031 3622 2085 S.
3665 2032 3848 2101 Agnes

2270 2097 2418 2173 inira:
2451 2098 2865 2173 pulchritudinis,
2888 2099 2985 2173 ubi
3005 2100 3113 2163 ipsa
3143 2113 3365 2173 corpore
3374 2102 3539 2170 jacet,
3572 2097 3852 2173 propéque

2272 2169 2341 2222 ibi
2388 2184 2537 2223 soror
2576 2170 2687 2237 ejus
2720 2168 3089 2223 Emerentiana
3124 2186 3137 2223 :
3185 2171 3235 2221 in
3266 2168 3581 2226 allatamen
3624 2168 3848 2228 basilica

2271 2240 2482 2294 dormit.
2525 2239 2598 2292 lbi
2631 2254 2839 2309 quoque
2880 2240 2930 2291 in
2961 2238 3209 2306 singulari
3239 2242 3462 2294 ecclesia
3490 2246 3848 2309 Constantia,

2271 2311 2609 2381 Constantini
2643 2312 2767 2381 lilia,
2814 2309 3133 2381 requiescit,
3166 2320 3487 2377 sanctusque
3515 2314 3855 2381 Alexander,

2271 2379 2331 2435 8.
2366 2380 2575 2445 Felicis,
2610 2381 2667 2435 8.
2700 2379 2877 2447 Papia,
2910 2381 2968 2434 8.
3006 2380 3203 2443 Victor,
3231 2390 3285 2434 et
3313 2383 3400 2436 alii
3433 2386 3584 2437 multi
3617 2385 3688 2435 ibi
3723 2379 3857 2438 dor;

2274 2451 2464 2505 miunt.
2492 2452 2644 2505 Juxta
2676 2452 2817 2503 viam
2849 2451 3103 2505 Salariam
3135 2451 3356 2505 ecclesia
3386 2465 3468 2507 est
3496 2455 3554 2508 8.
3592 2454 3857 2509 Felicita-

2276 2523 2362 2586 tis,
2397 2522 2481 2594 ubi
2517 2524 2624 2590 ipsa
2654 2520 2796 2591 jacet
2820 2534 3039 2594 corpore
3060 2540 3087 2594 _;
3122 2520 3532 2594 ibigetSillanus
3561 2525 3707 2578 filius
3736 2526 3856 2594 ejus

2274 2606 2410 2646 tutus
2430 2592 2496 2646 de
2511 2608 2580 2646 vu
2603 2602 2687 2646 est
2709 2592 2965 2659 sepultus,
2982 2600 3037 2645 et
3058 2591 3359 2647 Bonifacius
3380 2609 3502 2648 cum
3522 2596 3712 2649 multis
3734 2591 3858 2650 san-

2274 2665 2372 2716 ctis
2403 2662 2472 2716 ibi
2495 2662 2783 2716 dormiunt.
2812 2662 2963 2716 Juxta
2995 2661 3231 2715 eamdem
3263 2664 3402 2717 viam
3430 2665 3489 2719 8.
3523 2666 3853 2720 Saturninus

2274 2746 2395 2787 cum
2417 2734 2596 2787 multis
2611 2733 2926 2801 martyribus
2938 2733 3129 2785 dormit
3147 2750 3157 2803 ς
3180 2748 3445 2803 propeque
3464 2736 3533 2788 ibi
3548 2738 3606 2790 S.
3625 2737 3858 2791 Alexan-

2274 2804 2373 2858 der
2392 2815 2445 2857 et
2470 2806 2525 2859 8.
2552 2804 2753 2874 Vitalis,
2780 2812 3095 2870 sanctusque
3116 2802 3389 2870 Martialis,
3405 2806 3492 2874 qui
3514 2817 3639 2859 sunt
3664 2818 3776 2861 tres
3788 2809 3857 2863 de

2277 2888 2481 2946 septem
2508 2874 2627 2928 iiliis
2656 2873 2943 2946 Felicitatis
2963 2874 3284 2946 cum_multis
3306 2873 3627 2944 martyribus
3646 2879 3857 2946 jacent.

2278 2942 2353 2998 ibi
2386 2956 2438 2999 et
2465 2960 2534 2999 vu
2588 2946 2844 3014 virgines,
2871 2942 2922 2997 id
2944 2952 3043 3007 est,
3075 2944 3140 3014 8.
3166 2942 3601 3000 δδωηιίηειέι8.
3628 2942 3857 3014 Hilaria,

2278 3014 2333 3069 8.
2371 3011 2719 3079 Dominanda,
2742 3014 2801 3068 8.
2826 3013 3087 3079 Serotina,
3120 3011 3174 3068 8.
3193 3015 3428 3081 Paulina,
3456 3018 3512 3070 8.
3535 3017 3767 3081 Donata,
3799 3011 3856 3074 8.

2280 3086 2574 3153 Rogantina
2600 3086 2955 3153 requiescunt.
2984 3084 3137 3138 Juxta
3160 3087 3401 3140 eamdem
3429 3088 3568 3141 viam
3591 3089 3858 3144 Salariam

2282 3155 2339 3211 S.
2369 3158 2617 3210 Silvester
2648 3155 2932 3225 requiescit
2953 3154 3285 3225 etaliiquam
3312 3157 3544 3225 plurimi,
3578 3159 3631 3212 id
3659 3169 3768 3224 est,
3800 3159 3858 3214 8.

2281 3227 2617 3298 ςωιβδιῑηυε,
2647 3225 2705 3281 8.
2728 3223 3074 3298 Potentiauia,
3097 3223 3153 3279 S.
3173 3223 3441 3298 Praxedis,
3461 3223 3857 3298 SJMIrcellus,

2281 3295 2336 3351 S.
2364 3296 2791 3363 Crescentianus,
2815 3296 2872 3349 8.
2903 3296 3132 3363 Maurus,
3183 3295 3238 3352 S.
3267 3296 3624 3363 Marcellinus,
3645 3298 3708 3355 S.
3746 3295 3859 3354 Pri;

2280 3382 2393 3435 sca,
2411 3366 2469 3421 S.
2495 3368 2708 3432 Paulus,
2726 3365 2788 3423 8.
2814 3366 2999 3439 ιξειίιξίε
3015 3381 3151 3439 unus
3170 3368 3234 3421 de
3254 3377 3481 3436 septem.
3497 3369 3555 3423 8.
3579 3370 3859 3439 Philippus

2282 3452 2418 3491 unus
2462 3438 2529 3491 de
2554 3447 2779 3506 septem.
2812 3436 2880 3509 iS.
2927 3434 3243 3502 Semetrius,
3275 3434 3329 3491 et
3366 3439 3418 3492 in
3456 3456 3558 3493 una
3583 3434 3857 3509 sepultura

2281 3522 2511 3563 CCCLxu.
2543 3509 2643 3561 Per
2671 3508 2910 3561 eamdem
2942 3524 3151 3575 quoque
3178 3512 3316 3561 viam
3348 3512 3560 3564 venitur
3581 3508 3661 3564 ad,
3682 3516 3855 3566 eccle-

2282 3581 2411 3633 siam
2443 3578 2501 3633 S.
2534 3579 2845 3632 Michahelis
2866 3618 2880 3642 ,
2914 3578 3143 3646 septimo
3171 3580 3401 3632 milliaro
3429 3582 3496 3635 ab
3523 3581 3692 3635 Urbe.
3737 3582 3862 3636 Inde

2282 3648 2423 3701 haud
2458 3651 2638 3717 procul
2684 3651 2736 3702 in
2784 3650 3150 3720 occidentem,
3185 3648 3335 3718 juxta
3365 3652 3529 3716 viam,
3560 3654 3618 3706 in
3656 3654 3860 3720 emptis

2283 3721 2382 3773 sub
2415 3730 2552 3773 terra
2585 3734 2719 3773 Lxxx
2744 3719 2992 3787 gradibus
3026 3718 3084 3773 8.
3133 3719 3438 3784 Pamphilus
3480 3733 3535 3775 et
3583 3718 3860 3777 Candidus

2283 3796 2602 3861 sanctusque
2644 3788 2959 3861 Cyprianus,
2987 3804 3105 3844 cum
3138 3789 3316 3843 multis
3345 3792 3673 3861 martyribus
3700 3794 3859 3861 jacet.

2284 3860 2351 3914 Et
2380 3860 2501 3913 inde
2543 3862 2593 3913 in
2648 3860 2977 3914 occidentem
3018 3861 3354 3914 tendentibus
3384 3860 3613 3930 apparet
3644 3860 3862 3917 basilica

2283 3931 2340 3985 S.
2381 3931 2619 3995 llermes,
2649 3932 2733 3982 ubi
2769 3931 2881 3998 ipse
2911 3941 3110 3998 martyr
3150 3932 3311 3998 jacet.
3345 3930 3424 3985 lbi
3464 3942 3592 3986 sunt
3629 3932 3693 3987 8.
3724 3934 3863 3987 Cris—

2286 4018 2381 4071 pus
2400 4000 2521 4055 etS.
2542 4000 2939 4071 HerCulanuset
2966 4002 3022 4053 8.
3039 4001 3422 4056 Maximilianus
3441 4014 3495 4056 et
3512 4002 3571 4058 S.
3600 4006 3864 4058 Basiiessa

2285 4070 2337 4126 et
2363 4073 2418 4125 8.
2446 4072 2751 4125 JacinCthus
2778 4080 2833 4125 et
2868 4070 2925 4124 8.
2962 4072 3247 4143 Ρτυιυεᾼθι
3292 4070 3350 4125 8.
3392 4074 3707 4143 Leopardus
3746 4090 3863 4128 cum

2286 4143 2466 4196 multis
2495 4143 3054 4213 martyribusksepttlti.
3090 4141 3215 4196 inde
3240 4156 3344 4196 non
3376 4141 3533 4213 longe
3559 4154 3648 4198 est
3676 4147 3734 4199 in
3762 4160 3856 4199 oc-

2284 4216 2493 4268 cidente
2537 4210 2761 4266 ecclesia
2808 4210 2885 4285 S.
2922 4212 3141 4267 Joannis
3198 4210 3493 4284 martyris;
3554 4214 3653 4269 ubi
3702 4223 3864 4285 caput

2290 4286 2405 4353 ejus
2451 4285 2501 4337 in
2534 4285 2635 4335 alio
2664 4284 2781 4338 loco
2810 4283 2909 4354 sub
2938 4287 3107 4354 altare
3142 4283 3377 4352 ponitur,
3406 4287 3458 4340 in
3500 4286 3607 4340 alio
3638 4283 3858 4354 corpus,

2285 4357 2355 4411 ibi
2388 4356 2445 4409 8.
2475 4356 2732 4421 Diogenes
2756 4363 2810 4407 et
2837 4353 2895 4409 S.
2924 4353 3093 4409 Sistus
3120 4368 3172 4410 et
3197 4359 3253 4407 8.
3283 4354 3561 4410 Liberatus
3580 4367 3636 4411 et
3659 4356 3717 4411 S.
3747 4353 3866 4410 Bla-

2286 4428 2397 4481 sius
2445 4435 2499 4478 et
2548 4422 2605 4478 S.
2666 4424 2876 4478 Maurus
2933 4436 2987 4478 et
3027 4423 3085 4478 8.
3132 4425 3367 4494 Longina
3423 4439 3594 4481 mater
3647 4427 3869 4483 Joannis

2288 4507 2412 4550 sunt
2432 4496 2642 4561 sepulti.
2672 4496 2795 4548 Inde
2816 4508 2980 4563 prope
3005 4497 3159 4563 juxta
3182 4496 3320 4550 viam
3347 4496 3676 4552 Flamineam
3704 4514 3865 4566 appa-

609 4553 761 4635 ritm;
805 4572 857 4622 in
900 4553 1090 4637 quibus
1120 4584 1185 4621 xi.
1214 4582 1381 4639 annos
1417 4553 1748 4639 quieverunt.
1769 4566 1864 4639 _lbi
1893 4553 2101 4639 quoque
2134 4574 2187 4619 ct
2216 4553 2264 4614 Ῐ)
2291 4580 2372 4622 ret
2412 4553 2632 4620 ecclesia
2665 4553 2886 4619 mirili'ce
2915 4553 3119 4620 'ornata
3185 4567 3258 4639 S.
3281 4566 3539 4622 Valentini
3574 4553 3863 4639 martyris,

610 4640 838 4712 Cyrinus
869 4636 1069 4712 martyr
1095 4647 1177 4712 est
1200 4638 1458 4712 sepultus.
1502 4636 1601 4691 Per
1628 4636 1868 4691 eamdem
1899 4650 2021 4712 vero
2049 4637 2183 4712 viam

612 4707 919 4781 pervenitur
948 4707 1019 4762 ad
1042 4708 1303 4781 Albanam
1331 4708 1608 4781 civitatem
1627 4717 1680 4762 et
1708 4722 1801 4781 per
1844 4708 2084 4781 eamdem
2114 4707 2189 4760 ci-

611 4776 828 4836 vitatem
858 4780 922 4833 ad
950 4779 1230 4833 ecclesiam
1271 4778 1329 4831 S.
1368 4778 1662 4841 Senatoris,
1696 4780 1782 4831 ubi
1826 4786 1881 4831 et
1930 4776 2187 4844 Perpetua

615 4854 753 4919 jacet
797 4864 1021 4919 corpore
1068 4858 1122 4903 et
1159 4848 1422 4919 innumeri
1475 4850 1641 4903 sancti
1690 4857 1742 4903 et
1792 4862 1980 4916 magna
2030 4851 2192 4901 mira-

655 4924 741 4975 ilia
773 4918 969 4977 ibidem
996 4931 1269 4990 geruntur.
1303 4918 1458 4974 Juxta
1496 4919 1634 4972 viam
1666 4934 1789 4973 vero
1829 4920 2066 4972 Latinam
2103 4932 2190 4972 ec-

614 4993 773 5047 clesia
803 5003 885 5047 est
924 4995 979 5047 8.
1010 4991 1283 5055 Gordiani,
1336 4990 1423 5042 ubi
1467 4990 1577 5056 ipse
1619 5004 1738 5044 cum
1778 4990 1941 5043 fratre
1982 4990 2191 5057 Epima-

614 5063 717 5117 cho
739 5065 789 5116 in
815 5078 915 5117 una
944 5065 1208 5130 sepultura
1236 5060 1536 5130 requiescit.
1564 5061 1633 5113 Ibi
1658 5076 1867 5130 quoque
1887 5061 2115 5127 Quartus
2140 5066 2194 5113 et

616 5134 843 5200 Quintus
869 5151 881 5186 :
914 5133 985 5187 ibi
1016 5134 1271 5201 Sulpitius
1296 5143 1351 5187 et
1378 5130 1707 5184 Servrliauus
1733 5140 1787 5185 et
1821 5133 1877 5186 8.
1916 5131 2108 5199 SOphia
2140 5138 2195 5185 et

616 5204 940 5273 'l‘ropbimus
976 5218 1095 5257 cum
1129 5204 1309 5256 multis
1333 5203 1651 5273 martyribus
1681 5203 1869 5270 sepulti
1901 5202 2189 5268 dormiunt,

618 5285 673 5331 et
712 5272 861 5344 juxta
905 5276 1143 5329 eamdem
1190 5274 1327 5327 viam
1376 5272 1710 5344 Tertulliani,
1760 5286 1811 5325 et
1852 5273 2067 5326 basilica
2106 5273 2193 5326 ubi

618 5342 736 5415 ipse
774 5361 894 5401 cum
928 5345 1109 5399 multis
1149 5344 1470 5414 martyribus
1500 5342 1645 5413 jacet
1677 5364 1696 5415 ς
1723 5345 1944 5396 ecclesia
1983 5358 2193 5412 quoque

620 5413 678 5473 8.
712 5416 964 5485 Eugeniae
986 5416 1132 5484 juxta
1160 5413 1445 5469 eam’viam
1469 5425 1587 5481 est,
1616 5413 1701 5467 ubi
1736 5418 1846 5481 ipsa
1872 5430 1990 5467 cum
2024 5423 2196 5468 matre

621 5503 715 5543 sua
738 5490 790 5542 in
816 5503 919 5540 uno
941 5486 1142 5540 tumulo
1170 5485 1310 5555 jacet
1337 5503 1349 5537 ;
1385 5486 1455 5538 ibi
1484 5486 1543 5541 8.
1575 5486 1879 5552 Stephanus
1908 5499 2039 5553 papa
2069 5500 2192 5538 cum

623 5568 734 5613 toto
764 5560 908 5613 clero
931 5573 1029 5612 suo
1072 5571 1297 5611 numero
1322 5570 1529 5627 xxxviii
1568 5566 1827 5627 martyres
1859 5556 1978 5627 :rribi
2009 5559 2065 5609 8.
2095 5556 2196 5609 Ne-

624 5646 858 5694 meseus,
889 5631 945 5685 8.
969 5629 1286 5696 Ulimphius,
1312 5626 1371 5682 S.
1398 5628 1752 5694 Simpronius,
1777 5628 1833 5680 8.
1866 5626 2193 5693 'l‘beodulus,

623 5702 683 5755 8.
713 5703 987 5769 Superius,
1046 5700 1105 5754 8.
1134 5698 1432 5761 Ubioteris,
1473 5697 1527 5751 8.
1562 5697 1966 5769 'l‘iliurtieanus,
1997 5708 2196 5767 marty-

623 5786 711 5827 res
738 5780 859 5825 sunt
885 5772 1093 5840 sepulti.
1130 5770 1283 5824 Juxta
1309 5769 1603 5840 viam_vero
1632 5768 1945 5823 Lavicanam
1968 5771 2195 5824 ecclesia

625 5842 685 5899 S.
719 5842 930 5898 Helenae
948 5835 1046 5898 'ubi
1072 5842 1188 5912 ipsa
1214 5853 1434 5908 corpore
1454 5835 1621 5909 jacet.
1650 5839 1725 5895 ibi
1755 5840 1927 5897 sancti
1952 5840 2041 5896 isti
2071 5840 2194 5895 dor-

2293 4640 2377 4691 ubi
2418 4639 2529 4761 iljise
2570 4650 2796 4706 corpore
2833 4638 2974 4705 jacet
3017 4647 3071 4692 et
3109 4637 3263 4691 multi
3311 4639 3481 4692 sancti
3514 4638 3716 4693 ibidem
3739 4637 3870 4694 sunt

2293 4723 2419 4761 seuu
2449 4722 2504 4761 ιι.

2290 4722 2504 4777 sepulti.

2424 4837 2557 4877 ISTA‘Z
2587 4836 2722 4877 VERO
2761 4837 3028 4879 εοειεειιε
3057 4838 3208 4879 ιΝτυε
3239 4839 3395 4880 Βοκε
3426 4840 3740 4880 HABENTUB.

2368 4917 2593 4971 Basilica
2628 4918 3079 4989 Constantiniana,
3129 4936 3249 4989 qua:
3292 4932 3345 4974 et
3385 4917 3708 4984 Salvatoris,
3755 4934 3871 4989 Ipsa

2293 5006 2504 5061 quoque
2534 4990 2591 5043 8.
2624 4988 2844 5042 Joannis
2866 4989 3077 5043 dicitur.

2363 5061 2587 5114 Basrlica
2613 5076 2730 5129 quae
2756 5063 3053 5131 appellatur
3084 5063 3143 5115 8.
3179 5061 3340 5116 Maria
3371 5062 3555 5131 Major.

2370 5132 2591 5183 Basilica
2636 5146 2753 5200 qua:
2794 5132 3087 5199 appellatur
3115 5132 3171 5186 8.
3227 5135 3532 5200 Anastasia,
3565 5132 3658 5187 ubi
3688 5145 3877 5188 cruces

2294 5210 2582 5257 servantur
2605 5216 2724 5269 quae
2752 5212 3029 5270 portantur
3060 5217 3152 5271 per
3175 5206 3453 5259 stationes.

2370 5272 2594 5326 Basilica
2626 5287 2742 5339 qua:
2768 5283 2988 5327 vocatur
3018 5272 3078 5326 8.
3102 5272 3262 5327 Maria
3294 5278 3544 5343 Antiqua.

2369 5343 2593 5397 Basilica
2624 5357 2741 5411 qua:
2767 5345 3065 5411 appellatur
3093 5344 3149 5398 8.
3177 5345 3337 5399 Maria
3371 5345 3641 5401 Betunda.

2372 5413 2597 5469 Basilica
2623 5427 2744 5482 qua:
2782 5414 3080 5482 appellatur
3110 5416 3167 5471 S.
3201 5415 3362 5470 Maria
3393 5416 3876 5472 Trans-Tiberim:

2298 5484 2370 5541 ibi
2403 5497 2485 5539 est
2518 5487 2689 5555 imago
2728 5485 2784 5537 8.
2820 5485 3020 5551 Mariae,
3053 5500 3171 5554 qua:
3198 5502 3290 5556 per
3315 5503 3373 5542 se
3403 5488 3541 5542 facta
3568 5496 3677 5543 est.

2296 5556 2592 5682 phBlasilica
2646 5570 2764 5625 qua;
2811 5556 3123 5626 appellatur
3168 5562 3534 5627 apOStolorum
3582 5558 3775 5613 Jacobi
3818 5566 3872 5612 et

2380 5645 2393 5681 l
2421 5643 2545 5682 inut.

2380 5643 2545 5695 iuppt.

2372 5700 2596 5753 Basilica
2627 5714 2742 5768 quae
2782 5699 3079 5767 appellatur
3106 5698 3325 5757 Joannis
3352 5709 3407 5757 et
3436 5698 3608 5766 Pauli,
3644 5701 3733 5755 ubi
3774 5700 3873 5768 ipsi

2299 5771 2540 5824 amboin
2572 5786 2676 5825 uno
2708 5773 2908 5824 tumulo
2928 5772 3129 5837 jacent.

2376 5841 2597 5896 Basilica
2628 5856 2743 5911 quae
2776 5845 3071 5911 appellatur
3099 5843 3155 5899 S.
3194 5843 3489 5901 Cosmae'et
3513 5841 3777 5898 Damiaui.
