  <div class='ocr_page' id='page_1' title='image "/cluster/home/n/w/nwhite01/storage/ocr_20150623/94/hvd.32044020406492/589.png"; bbox 0 0 4064 6346; ppageno 0'>
   <div class='ocr_carea' id='block_1_1' title="bbox 542 288 678 346">
    <p class='ocr_par' dir='ltr' id='par_1_1' title="bbox 542 288 678 346">
     <span class='ocr_line' id='line_1_1' title="bbox 542 288 678 346; baseline -0.022 0"><span class='ocrx_word' id='word_1_1' title='bbox 542 288 678 346; x_wconf 74' lang='grc'><strong>1163</strong></span> 
     </span>
    </p>
   </div>
   <div class='ocr_carea' id='block_1_2' title="bbox 1552 279 2799 339">
    <p class='ocr_par' dir='ltr' id='par_1_2' title="bbox 1552 279 2799 339">
     <span class='ocr_line' id='line_1_2' title="bbox 1552 279 2799 339; baseline 0.001 -3"><span class='ocrx_word' id='word_1_2' title='bbox 1552 282 1641 336; x_wconf 83' lang='lat' dir='ltr'><strong>AD</strong></span> <span class='ocrx_word' id='word_1_3' title='bbox 1681 279 2080 337; x_wconf 79' lang='lat' dir='ltr'><strong>MARTYROL.</strong></span> <span class='ocrx_word' id='word_1_4' title='bbox 2123 280 2322 336; x_wconf 56' lang='lat' dir='ltr'><strong>BEDrE</strong></span> <span class='ocrx_word' id='word_1_5' title='bbox 2360 280 2799 339; x_wconf 81' lang='lat' dir='ltr'><strong>APPENDICES.</strong></span> 
     </span>
    </p>
   </div>
   <div class='ocr_carea' id='block_1_3' title="bbox 3645 275 3781 331">
    <p class='ocr_par' dir='ltr' id='par_1_3' title="bbox 3645 275 3781 331">
     <span class='ocr_line' id='line_1_3' title="bbox 3645 275 3781 331; baseline 0 0"><span class='ocrx_word' id='word_1_6' title='bbox 3645 275 3781 331; x_wconf 70' lang='grc'><strong>1164</strong></span> 
     </span>
    </p>
   </div>
   <div class='ocr_carea' id='block_1_4' title="bbox 607 391 3787 461">
    <p class='ocr_par' dir='ltr' id='par_1_4' title="bbox 607 391 3787 461">
     <span class='ocr_line' id='line_1_4' title="bbox 607 391 3787 461; baseline -0.003 -8"><span class='ocrx_word' id='word_1_7' title='bbox 607 403 663 453; x_wconf 73' lang='lat'><strong>&#39;2.</strong></span> <span class='ocrx_word' id='word_1_8' title='bbox 707 398 857 453; x_wconf 83' lang='lat' dir='ltr'><strong>Anno</strong></span> <span class='ocrx_word' id='word_1_9' title='bbox 886 395 954 447; x_wconf 67' lang='lat'><strong>42</strong></span> <span class='ocrx_word' id='word_1_10' title='bbox 999 392 1265 448; x_wconf 89' lang='lat' dir='ltr'><strong>Octaviani</strong></span> <span class='ocrx_word' id='word_1_11' title='bbox 1310 393 1525 459; x_wconf 81' lang='lat' dir='ltr'><strong>Augusti</strong></span> <span class='ocrx_word' id='word_1_12' title='bbox 1557 392 1781 447; x_wconf 72' lang='lat' dir='ltr'><strong>Caesaris</strong></span> <span class='ocrx_word' id='word_1_13' title='bbox 1822 402 1976 445; x_wconf 89' lang='lat' dir='ltr'><strong>natus</strong></span> <span class='ocrx_word' id='word_1_14' title='bbox 2014 398 2097 444; x_wconf 88' lang='lat' dir='ltr'><strong>est</strong></span> <span class='ocrx_word' id='word_1_15' title='bbox 2121 393 2174 452; x_wconf 76' lang='grc' dir='ltr'><strong>Α</strong></span> <span class='ocrx_word' id='word_1_16' title='bbox 2200 399 2350 445; x_wconf 83' lang='lat' dir='ltr'><strong>sexto</strong></span> <span class='ocrx_word' id='word_1_17' title='bbox 2378 391 2589 460; x_wconf 82' lang='lat' dir='ltr'><strong>quidem</strong></span> <span class='ocrx_word' id='word_1_18' title='bbox 2616 392 2862 447; x_wconf 91' lang='lat' dir='ltr'><strong>milliario</strong></span> <span class='ocrx_word' id='word_1_19' title='bbox 2891 406 3150 447; x_wconf 89' lang='lat' dir='ltr'><strong>annorum</strong></span> <span class='ocrx_word' id='word_1_20' title='bbox 3174 392 3355 461; x_wconf 88' lang='lat' dir='ltr'><strong>etipse</strong></span> <span class='ocrx_word' id='word_1_21' title='bbox 3377 391 3787 461; x_wconf 87' lang='lat' dir='ltr'><strong>dicitapparere</strong></span> 
     </span>
    </p>
   </div>
   <div class='ocr_carea' id='block_1_5' title="bbox 543 462 2097 528">
    <p class='ocr_par' dir='ltr' id='par_1_5' title="bbox 543 462 2097 528">
     <span class='ocr_line' id='line_1_5' title="bbox 543 462 2097 528; baseline -0.005 -6"><span class='ocrx_word' id='word_1_22' title='bbox 543 475 801 528; x_wconf 80' lang='lat' dir='ltr'><strong>Dominus</strong></span> <span class='ocrx_word' id='word_1_23' title='bbox 840 476 891 521; x_wconf 89' lang='lat' dir='ltr'><strong>et</strong></span> <span class='ocrx_word' id='word_1_24' title='bbox 916 466 1162 527; x_wconf 85' lang='lat' dir='ltr'><strong>Salvator</strong></span> <span class='ocrx_word' id='word_1_25' title='bbox 1200 472 1378 516; x_wconf 86' lang='lat' dir='ltr'><strong>noster</strong></span> <span class='ocrx_word' id='word_1_26' title='bbox 1407 462 1560 517; x_wconf 84' lang='lat' dir='ltr'><strong>Jesus</strong></span> <span class='ocrx_word' id='word_1_27' title='bbox 1602 462 1864 517; x_wconf 74' lang='lat' dir='ltr'><strong>Christus.</strong></span> <span class='ocrx_word' id='word_1_28' title='bbox 1887 472 1909 495; x_wconf 72' lang='grc'>⁸</span> <span class='ocrx_word' id='word_1_29' title='bbox 1936 462 2097 515; x_wconf 84' lang='lat' dir='ltr'><strong>Euse-</strong></span> 
     </span>
    </p>
   </div>
   <div class='ocr_carea' id='block_1_6' title="bbox 544 532 2101 601">
    <p class='ocr_par' dir='ltr' id='par_1_6' title="bbox 544 532 2101 601">
     <span class='ocr_line' id='line_1_6' title="bbox 544 532 2101 601; baseline -0.011 -2"><span class='ocrx_word' id='word_1_30' title='bbox 544 545 661 599; x_wconf 87' lang='lat' dir='ltr'><strong>Iiius</strong></span> <span class='ocrx_word' id='word_1_31' title='bbox 687 541 823 594; x_wconf 90' lang='lat' dir='ltr'><strong>enim</strong></span> <span class='ocrx_word' id='word_1_32' title='bbox 854 538 949 601; x_wconf 88' lang='lat' dir='ltr'><strong>ait,</strong></span> <span class='ocrx_word' id='word_1_33' title='bbox 976 535 1097 600; x_wconf 83' lang='lat' dir='ltr'><strong>quia</strong></span> <span class='ocrx_word' id='word_1_34' title='bbox 1130 543 1406 600; x_wconf 85' lang='lat' dir='ltr'><strong>postquam</strong></span> <span class='ocrx_word' id='word_1_35' title='bbox 1449 532 1692 586; x_wconf 83' lang='lat' dir='ltr'><strong>transivit</strong></span> <span class='ocrx_word' id='word_1_36' title='bbox 1723 549 1786 586; x_wconf 61' lang='grc' dir='ltr'>ιι,</span> <span class='ocrx_word' id='word_1_37' title='bbox 1818 544 1868 585; x_wconf 91' lang='lat' dir='ltr'><strong>et</strong></span> <span class='ocrx_word' id='word_1_38' title='bbox 1899 532 2101 601; x_wconf 82' lang='lat' dir='ltr'><strong>primus</strong></span> 
     </span>
    </p>
   </div>
   <div class='ocr_carea' id='block_1_7' title="bbox 544 599 2098 671">
    <p class='ocr_par' dir='ltr' id='par_1_7' title="bbox 544 599 2098 671">
     <span class='ocr_line' id='line_1_7' title="bbox 544 599 2098 671; baseline -0.008 -4"><span class='ocrx_word' id='word_1_39' title='bbox 544 626 712 667; x_wconf 88' lang='lat' dir='ltr'><strong>annus</strong></span> <span class='ocrx_word' id='word_1_40' title='bbox 740 620 792 661; x_wconf 89' lang='lat' dir='ltr'><strong>et</strong></span> <span class='ocrx_word' id='word_1_41' title='bbox 836 599 1032 659; x_wconf 86' lang='lat' dir='ltr'><strong>mensis</strong></span> <span class='ocrx_word' id='word_1_42' title='bbox 1077 599 1425 671; x_wconf 27' lang='lat' dir='ltr'><strong>sextns’regni</strong></span> <span class='ocrx_word' id='word_1_43' title='bbox 1455 602 1692 670; x_wconf 58' lang='lat' dir='ltr'><strong>ejusdem</strong></span> <span class='ocrx_word' id='word_1_44' title='bbox 1723 603 1946 655; x_wconf 69' lang='lat' dir='ltr'><strong>CaeSaris</strong></span> <span class='ocrx_word' id='word_1_45' title='bbox 1968 599 2019 662; x_wconf 66' lang='grc' dir='ltr'><strong>δ,</strong></span> <span class='ocrx_word' id='word_1_46' title='bbox 2050 602 2098 654; x_wconf 89' lang='lat' dir='ltr'><strong>in</strong></span> 
     </span>
    </p>
   </div>
   <div class='ocr_carea' id='block_1_8' title="bbox 543 672 2096 745">
    <p class='ocr_par' dir='ltr' id='par_1_8' title="bbox 543 672 2096 745">
     <span class='ocr_line' id='line_1_8' title="bbox 543 672 2096 745; baseline -0.008 -11"><span class='ocrx_word' id='word_1_47' title='bbox 543 688 768 737; x_wconf 75' lang='lat' dir='ltr'><strong>mensec</strong></span> <span class='ocrx_word' id='word_1_48' title='bbox 797 678 1009 745; x_wconf 85' lang='lat' dir='ltr'><strong>Dystro,</strong></span> <span class='ocrx_word' id='word_1_49' title='bbox 1060 674 1110 725; x_wconf 89' lang='lat' dir='ltr'><strong>id</strong></span> <span class='ocrx_word' id='word_1_50' title='bbox 1160 682 1242 726; x_wconf 83' lang='lat' dir='ltr'><strong>est</strong></span> <span class='ocrx_word' id='word_1_51' title='bbox 1289 677 1581 745; x_wconf 74' lang='lat' dir='ltr'><strong>secundum</strong></span> <span class='ocrx_word' id='word_1_52' title='bbox 1626 674 1839 745; x_wconf 70' lang='lat' dir='ltr'><strong>Latinos</strong></span> <span class='ocrx_word' id='word_1_53' title='bbox 1868 672 2096 745; x_wconf 71' lang='lat' dir='ltr'><strong>Martio,</strong></span> 
     </span>
    </p>
   </div>
   <div class='ocr_carea' id='block_1_9' title="bbox 544 742 2102 810">
    <p class='ocr_par' dir='ltr' id='par_1_9' title="bbox 544 742 2102 810">
     <span class='ocr_line' id='line_1_9' title="bbox 544 742 2102 810; baseline -0.008 -7"><span class='ocrx_word' id='word_1_54' title='bbox 544 754 631 807; x_wconf 89' lang='lat' dir='ltr'><strong>die</strong></span> <span class='ocrx_word' id='word_1_55' title='bbox 660 751 728 803; x_wconf 69' lang='lat'><strong>25</strong></span> <span class='ocrx_word' id='word_1_56' title='bbox 761 742 978 809; x_wconf 76' lang='lat' dir='ltr'><strong>mensis,</strong></span> <span class='ocrx_word' id='word_1_57' title='bbox 1010 744 1109 797; x_wconf 81' lang='lat' dir='ltr'><strong>hoc</strong></span> <span class='ocrx_word' id='word_1_58' title='bbox 1139 754 1219 795; x_wconf 89' lang='lat' dir='ltr'><strong>est</strong></span> <span class='ocrx_word' id='word_1_59' title='bbox 1246 758 1333 795; x_wconf 88' lang='lat' dir='ltr'><strong>vni</strong></span> <span class='ocrx_word' id='word_1_60' title='bbox 1380 743 1491 795; x_wconf 73' lang='lat' dir='ltr'><strong>Kal.</strong></span> <span class='ocrx_word' id='word_1_61' title='bbox 1528 742 1744 810; x_wconf 81' lang='lat' dir='ltr'><strong>Aprilis.</strong></span> <span class='ocrx_word' id='word_1_62' title='bbox 1793 742 1879 807; x_wconf 91' lang='lat' dir='ltr'><strong>qui</strong></span> <span class='ocrx_word' id='word_1_63' title='bbox 1909 756 2102 795; x_wconf 87' lang='lat' dir='ltr'><strong>secun-</strong></span> 
     </span>
    </p>
   </div>
   <div class='ocr_carea' id='block_1_10' title="bbox 545 812 2101 881">
    <p class='ocr_par' dir='ltr' id='par_1_10' title="bbox 545 812 2101 881">
     <span class='ocr_line' id='line_1_10' title="bbox 545 812 2101 881; baseline -0.008 -6"><span class='ocrx_word' id='word_1_64' title='bbox 545 824 667 875; x_wconf 90' lang='lat' dir='ltr'><strong>dum</strong></span> <span class='ocrx_word' id='word_1_65' title='bbox 699 819 909 873; x_wconf 61' lang='lat' dir='ltr'><strong>Graacos</strong></span> <span class='ocrx_word' id='word_1_66' title='bbox 955 812 1243 867; x_wconf 77' lang='lat' dir='ltr'><strong>Xanthicus</strong></span> <span class='ocrx_word' id='word_1_67' title='bbox 1274 814 1585 881; x_wconf 59' lang='lat' dir='ltr'><strong>appellatur,</strong></span> <span class='ocrx_word' id='word_1_68' title='bbox 1633 814 1758 864; x_wconf 87' lang='lat' dir='ltr'><strong>hora</strong></span> <span class='ocrx_word' id='word_1_69' title='bbox 1788 812 1974 864; x_wconf 87' lang='lat' dir='ltr'><strong>diurna</strong></span> <span class='ocrx_word' id='word_1_70' title='bbox 2016 825 2101 862; x_wconf 89' lang='lat' dir='ltr'><strong>se-</strong></span> 
     </span>
    </p>
   </div>
   <div class='ocr_carea' id='block_1_11' title="bbox 545 882 2099 953">
    <p class='ocr_par' dir='ltr' id='par_1_11' title="bbox 545 882 2099 953">
     <span class='ocr_line' id='line_1_11' title="bbox 545 882 2099 953; baseline -0.009 -8"><span class='ocrx_word' id='word_1_71' title='bbox 545 891 736 953; x_wconf 89' lang='lat' dir='ltr'><strong>cunda,</strong></span> <span class='ocrx_word' id='word_1_72' title='bbox 764 889 1000 941; x_wconf 92' lang='lat' dir='ltr'><strong>initiante</strong></span> <span class='ocrx_word' id='word_1_73' title='bbox 1032 884 1180 937; x_wconf 89' lang='lat' dir='ltr'><strong>tertia</strong></span> <span class='ocrx_word' id='word_1_74' title='bbox 1209 882 1294 936; x_wconf 90' lang='lat' dir='ltr'><strong>die</strong></span> <span class='ocrx_word' id='word_1_75' title='bbox 1343 884 1631 946; x_wconf 87' lang='lat' dir='ltr'><strong>Dominica,</strong></span> <span class='ocrx_word' id='word_1_76' title='bbox 1668 887 1858 935; x_wconf 84' lang='lat' dir='ltr'><strong>missus</strong></span> <span class='ocrx_word' id='word_1_77' title='bbox 1884 893 1966 953; x_wconf 77' lang='lat' dir='ltr'><strong>est</strong></span> <span class='ocrx_word' id='word_1_78' title='bbox 2010 896 2099 953; x_wconf 78' lang='lat' dir='ltr'><strong>ar-</strong></span> 
     </span>
    </p>
   </div>
   <div class='ocr_carea' id='block_1_12' title="bbox 546 950 2101 1027">
    <p class='ocr_par' dir='ltr' id='par_1_12' title="bbox 546 950 2101 1027">
     <span class='ocr_line' id='line_1_12' title="bbox 546 950 2101 1027; baseline -0.007 -13"><span class='ocrx_word' id='word_1_79' title='bbox 546 950 831 1027; x_wconf 82' lang='lat' dir='ltr'><strong>changelns</strong></span> <span class='ocrx_word' id='word_1_80' title='bbox 854 956 1065 1009; x_wconf 80' lang='lat' dir='ltr'><strong>Gabriel</strong></span> <span class='ocrx_word' id='word_1_81' title='bbox 1113 954 1478 1027; x_wconf 69' lang='lat' dir='ltr'><strong>evangelizare</strong></span> <span class='ocrx_word' id='word_1_82' title='bbox 1508 953 1674 1027; x_wconf 69' lang='lat' dir='ltr'><strong>beata:</strong></span> <span class='ocrx_word' id='word_1_83' title='bbox 1704 953 1900 1027; x_wconf 63' lang='lat' dir='ltr'><strong>alarias,</strong></span> <span class='ocrx_word' id='word_1_84' title='bbox 1934 951 2004 1027; x_wconf 89' lang='lat' dir='ltr'><strong>in_</strong></span> <span class='ocrx_word' id='word_1_85' title='bbox 2028 950 2101 1003; x_wconf 91' lang='lat' dir='ltr'><strong>ci-</strong></span> 
     </span>
    </p>
   </div>
   <div class='ocr_carea' id='block_1_13' title="bbox 547 1019 2101 1084">
    <p class='ocr_par' dir='ltr' id='par_1_13' title="bbox 547 1019 2101 1084">
     <span class='ocr_line' id='line_1_13' title="bbox 547 1019 2101 1084; baseline -0.008 0"><span class='ocrx_word' id='word_1_86' title='bbox 547 1019 762 1084; x_wconf 78' lang='lat' dir='ltr'><strong>vitatem</strong></span> <span class='ocrx_word' id='word_1_87' title='bbox 793 1027 1024 1082; x_wconf 68' lang='lat' dir='ltr'><strong>Galilaea:</strong></span> <span class='ocrx_word' id='word_1_88' title='bbox 1054 1025 1133 1076; x_wconf 90' lang='lat' dir='ltr'><strong>cui</strong></span> <span class='ocrx_word' id='word_1_89' title='bbox 1178 1039 1369 1077; x_wconf 82' lang='lat' dir='ltr'><strong>nomen</strong></span> <span class='ocrx_word' id='word_1_90' title='bbox 1417 1022 1696 1082; x_wconf 77' lang='lat' dir='ltr'><strong>Nazareth,</strong></span> <span class='ocrx_word' id='word_1_91' title='bbox 1731 1022 1783 1073; x_wconf 89' lang='lat' dir='ltr'><strong>in</strong></span> <span class='ocrx_word' id='word_1_92' title='bbox 1823 1019 2101 1075; x_wconf 84' lang='lat' dir='ltr'><strong>consulatu</strong></span> 
     </span>
    </p>
   </div>
   <div class='ocr_carea' id='block_1_14' title="bbox 546 1090 2101 1171">
    <p class='ocr_par' dir='ltr' id='par_1_14' title="bbox 546 1090 2101 1171">
     <span class='ocr_line' id='line_1_14' title="bbox 546 1090 2101 1171; baseline -0.009 -16"><span class='ocrx_word' id='word_1_93' title='bbox 546 1099 575 1141; x_wconf 72' lang='grc' dir='ltr'><em>δ</em></span> <span class='ocrx_word' id='word_1_94' title='bbox 598 1098 775 1171; x_wconf 56' lang='grc' dir='ltr'><strong>Οῇιὶηἰ</strong></span> <span class='ocrx_word' id='word_1_95' title='bbox 815 1108 867 1151; x_wconf 88' lang='lat' dir='ltr'><strong>et</strong></span> <span class='ocrx_word' id='word_1_96' title='bbox 900 1093 1138 1171; x_wconf 64' lang='lat' dir='ltr'><strong>Longini,</strong></span> <span class='ocrx_word' id='word_1_97' title='bbox 1170 1109 1285 1145; x_wconf 89' lang='lat' dir='ltr'><strong>cum</strong></span> <span class='ocrx_word' id='word_1_98' title='bbox 1331 1102 1473 1147; x_wconf 87' lang='lat' dir='ltr'><strong>esset</strong></span> <span class='ocrx_word' id='word_1_99' title='bbox 1500 1093 1814 1171; x_wconf 75' lang='lat' dir='ltr'><strong>desponsata</strong></span> <span class='ocrx_word' id='word_1_100' title='bbox 1864 1092 1975 1170; x_wconf 75' lang='lat' dir='ltr'><strong>viro</strong></span> <span class='ocrx_word' id='word_1_101' title='bbox 2008 1090 2101 1171; x_wconf 60' lang='lat' dir='ltr'><strong>cui</strong></span> 
     </span>
    </p>
   </div>
   <div class='ocr_carea' id='block_1_15' title="bbox 549 1158 2100 1231">
    <p class='ocr_par' dir='ltr' id='par_1_15' title="bbox 549 1158 2100 1231">
     <span class='ocr_line' id='line_1_15' title="bbox 549 1158 2100 1231; baseline -0.01 -5"><span class='ocrx_word' id='word_1_102' title='bbox 549 1158 741 1226; x_wconf 75' lang='lat' dir='ltr'><strong>nomen</strong></span> <span class='ocrx_word' id='word_1_103' title='bbox 782 1178 896 1222; x_wconf 84' lang='lat' dir='ltr'><strong>erat.</strong></span> <span class='ocrx_word' id='word_1_104' title='bbox 921 1158 1135 1231; x_wconf 85' lang='lat' dir='ltr'><strong>Joseph,</strong></span> <span class='ocrx_word' id='word_1_105' title='bbox 1172 1172 1486 1231; x_wconf 85' lang='lat' dir='ltr'><strong>procurante</strong></span> <span class='ocrx_word' id='word_1_106' title='bbox 1530 1162 1743 1229; x_wconf 79' lang='lat' dir='ltr'><strong>quidem</strong></span> <span class='ocrx_word' id='word_1_107' title='bbox 1772 1160 1976 1229; x_wconf 77' lang='lat' dir='ltr'><strong>Syriam</strong></span> <span class='ocrx_word' id='word_1_108' title='bbox 2008 1158 2100 1211; x_wconf 84' lang='lat' dir='ltr'><strong>Vi-</strong></span> 
     </span>
    </p>
   </div>
   <div class='ocr_carea' id='block_1_16' title="bbox 548 1232 2101 1306">
    <p class='ocr_par' dir='ltr' id='par_1_16' title="bbox 548 1232 2101 1306">
     <span class='ocr_line' id='line_1_16' title="bbox 548 1232 2101 1306; baseline -0.011 -10"><span class='ocrx_word' id='word_1_109' title='bbox 548 1242 717 1302; x_wconf 88' lang='lat' dir='ltr'><strong>tellio,</strong></span> <span class='ocrx_word' id='word_1_110' title='bbox 758 1238 847 1306; x_wconf 92' lang='lat' dir='ltr'><strong>qni</strong></span> <span class='ocrx_word' id='word_1_111' title='bbox 889 1247 1010 1289; x_wconf 88' lang='lat' dir='ltr'><strong>tunc</strong></span> <span class='ocrx_word' id='word_1_112' title='bbox 1033 1236 1222 1306; x_wconf 70' lang='lat' dir='ltr'><strong>agebat</strong></span> <span class='ocrx_word' id='word_1_113' title='bbox 1245 1241 1267 1267; x_wconf 78' lang='grc' dir='ltr'>ι·</span> <span class='ocrx_word' id='word_1_114' title='bbox 1288 1232 1498 1306; x_wconf 73' lang='lat' dir='ltr'><strong>juvenis</strong></span> <span class='ocrx_word' id='word_1_115' title='bbox 1527 1233 1625 1306; x_wconf 82' lang='lat' dir='ltr'><strong>sub</strong></span> <span class='ocrx_word' id='word_1_116' title='bbox 1649 1232 1834 1283; x_wconf 88' lang='lat' dir='ltr'><strong>eodem</strong></span> <span class='ocrx_word' id='word_1_117' title='bbox 1862 1234 2101 1306; x_wconf 79' lang='lat' dir='ltr'><strong>Augusto</strong></span> 
     </span>
    </p>
   </div>
   <div class='ocr_carea' id='block_1_17' title="bbox 547 1302 2101 1373">
    <p class='ocr_par' dir='ltr' id='par_1_17' title="bbox 547 1302 2101 1373">
     <span class='ocr_line' id='line_1_17' title="bbox 547 1302 2101 1373; baseline -0.011 -6"><span class='ocrx_word' id='word_1_118' title='bbox 547 1302 786 1367; x_wconf 57' lang='lat' dir='ltr'><strong>Cmsare.</strong></span> <span class='ocrx_word' id='word_1_119' title='bbox 821 1322 912 1361; x_wconf 88' lang='lat' dir='ltr'><strong>vin</strong></span> <span class='ocrx_word' id='word_1_120' title='bbox 957 1322 1082 1373; x_wconf 79' lang='lat' dir='ltr'><strong>ergo</strong></span> <span class='ocrx_word' id='word_1_121' title='bbox 1134 1304 1246 1356; x_wconf 84' lang='lat' dir='ltr'><strong>Kal.</strong></span> <span class='ocrx_word' id='word_1_122' title='bbox 1294 1302 1508 1370; x_wconf 82' lang='lat' dir='ltr'><strong>Aprilis,</strong></span> <span class='ocrx_word' id='word_1_123' title='bbox 1554 1303 1603 1354; x_wconf 89' lang='lat' dir='ltr'><strong>id</strong></span> <span class='ocrx_word' id='word_1_124' title='bbox 1653 1310 1735 1353; x_wconf 89' lang='lat' dir='ltr'><strong>est</strong></span> <span class='ocrx_word' id='word_1_125' title='bbox 1783 1302 2101 1373; x_wconf 67' lang='lat' dir='ltr'><strong>aequinoctio</strong></span> 
     </span>
    </p>
   </div>
   <div class='ocr_carea' id='block_1_18' title="bbox 549 1368 2100 1444">
    <p class='ocr_par' dir='ltr' id='par_1_18' title="bbox 549 1368 2100 1444">
     <span class='ocr_line' id='line_1_18' title="bbox 549 1368 2100 1444; baseline -0.009 -11"><span class='ocrx_word' id='word_1_126' title='bbox 549 1382 769 1444; x_wconf 85' lang='lat' dir='ltr'><strong>vernali,</strong></span> <span class='ocrx_word' id='word_1_127' title='bbox 823 1368 1111 1443; x_wconf 64' lang='lat' dir='ltr'><strong>conceptus</strong></span> <span class='ocrx_word' id='word_1_128' title='bbox 1158 1383 1240 1426; x_wconf 90' lang='lat' dir='ltr'><strong>est</strong></span> <span class='ocrx_word' id='word_1_129' title='bbox 1284 1368 1534 1425; x_wconf 71' lang='lat' dir='ltr'><strong>Dominus</strong></span> <span class='ocrx_word' id='word_1_130' title='bbox 1579 1373 1628 1422; x_wconf 92' lang='lat' dir='ltr'><strong>in</strong></span> <span class='ocrx_word' id='word_1_131' title='bbox 1657 1382 1806 1444; x_wconf 82' lang='lat' dir='ltr'><strong>utero</strong></span> <span class='ocrx_word' id='word_1_132' title='bbox 1854 1368 2100 1444; x_wconf 71' lang='lat' dir='ltr'><strong>Virginis.</strong></span> 
     </span>
    </p>
   </div>
   <div class='ocr_carea' id='block_1_19' title="bbox 548 1441 2107 1511">
    <p class='ocr_par' dir='ltr' id='par_1_19' title="bbox 548 1441 2107 1511">
     <span class='ocr_line' id='line_1_19' title="bbox 548 1441 2107 1511; baseline -0.008 -5"><span class='ocrx_word' id='word_1_133' title='bbox 548 1452 679 1507; x_wconf 80' lang='lat' dir='ltr'><strong>Nam</strong></span> <span class='ocrx_word' id='word_1_134' title='bbox 733 1441 787 1503; x_wconf 84' lang='lat' dir='ltr'><strong>et</strong></span> <span class='ocrx_word' id='word_1_135' title='bbox 833 1441 1016 1501; x_wconf 83' lang='lat' dir='ltr'><strong>eadem</strong></span> <span class='ocrx_word' id='word_1_136' title='bbox 1070 1446 1155 1498; x_wconf 89' lang='lat' dir='ltr'><strong>die</strong></span> <span class='ocrx_word' id='word_1_137' title='bbox 1198 1444 1485 1511; x_wconf 76' lang='lat' dir='ltr'><strong>patibulum</strong></span> <span class='ocrx_word' id='word_1_138' title='bbox 1535 1442 1706 1493; x_wconf 79' lang='lat' dir='ltr'><strong>crucis</strong></span> <span class='ocrx_word' id='word_1_139' title='bbox 1751 1441 2008 1511; x_wconf 80' lang='lat' dir='ltr'><strong>ascendit,</strong></span> <span class='ocrx_word' id='word_1_140' title='bbox 2053 1450 2107 1493; x_wconf 90' lang='lat' dir='ltr'><strong>ct</strong></span> 
     </span>
    </p>
   </div>
   <div class='ocr_carea' id='block_1_20' title="bbox 551 1510 2108 1592">
    <p class='ocr_par' dir='ltr' id='par_1_20' title="bbox 551 1510 2108 1592">
     <span class='ocr_line' id='line_1_20' title="bbox 551 1510 2108 1592; baseline -0.013 -14"><span class='ocrx_word' id='word_1_141' title='bbox 551 1531 733 1592; x_wconf 86' lang='lat' dir='ltr'><strong>postea</strong></span> <span class='ocrx_word' id='word_1_142' title='bbox 764 1522 814 1573; x_wconf 92' lang='lat' dir='ltr'><strong>in</strong></span> <span class='ocrx_word' id='word_1_143' title='bbox 846 1516 1089 1592; x_wconf 78' lang='lat' dir='ltr'><strong>sepulcro</strong></span> <span class='ocrx_word' id='word_1_144' title='bbox 1117 1510 1209 1567; x_wconf 77' lang='lat' dir='ltr'><strong>est</strong></span> <span class='ocrx_word' id='word_1_145' title='bbox 1238 1514 1455 1592; x_wconf 79' lang='lat' dir='ltr'><strong>positus.</strong></span> <span class='ocrx_word' id='word_1_146' title='bbox 1491 1513 1551 1592; x_wconf 78' lang='lat' dir='ltr'><strong>Et</strong></span> <span class='ocrx_word' id='word_1_147' title='bbox 1580 1510 1967 1592; x_wconf 71' lang='lat' dir='ltr'><strong>aliainagnalia</strong></span> <span class='ocrx_word' id='word_1_148' title='bbox 2014 1511 2108 1560; x_wconf 83' lang='lat' dir='ltr'><strong>Do-</strong></span> 
     </span>
    </p>
   </div>
   <div class='ocr_carea' id='block_1_21' title="bbox 553 1580 2108 1652">
    <p class='ocr_par' dir='ltr' id='par_1_21' title="bbox 553 1580 2108 1652">
     <span class='ocr_line' id='line_1_21' title="bbox 553 1580 2108 1652; baseline -0.011 -5"><span class='ocrx_word' id='word_1_149' title='bbox 553 1580 678 1646; x_wconf 65' lang='lat' dir='ltr'><strong>inini</strong></span> <span class='ocrx_word' id='word_1_150' title='bbox 705 1593 753 1643; x_wconf 87' lang='lat' dir='ltr'><strong>in</strong></span> <span class='ocrx_word' id='word_1_151' title='bbox 784 1603 844 1642; x_wconf 90' lang='lat' dir='ltr'><strong>ea</strong></span> <span class='ocrx_word' id='word_1_152' title='bbox 884 1580 968 1640; x_wconf 81' lang='lat' dir='ltr'><strong>die</strong></span> <span class='ocrx_word' id='word_1_153' title='bbox 1000 1594 1143 1652; x_wconf 82' lang='lat' dir='ltr'><strong>gesta</strong></span> <span class='ocrx_word' id='word_1_154' title='bbox 1185 1580 1327 1645; x_wconf 73' lang='lat' dir='ltr'><strong>etim,</strong></span> <span class='ocrx_word' id='word_1_155' title='bbox 1378 1583 1428 1635; x_wconf 89' lang='lat' dir='ltr'><strong>id</strong></span> <span class='ocrx_word' id='word_1_156' title='bbox 1477 1591 1560 1635; x_wconf 82' lang='lat' dir='ltr'><strong>est</strong></span> <span class='ocrx_word' id='word_1_157' title='bbox 1606 1580 1810 1633; x_wconf 89' lang='lat' dir='ltr'><strong>initium</strong></span> <span class='ocrx_word' id='word_1_158' title='bbox 1844 1582 1927 1633; x_wconf 88' lang='lat' dir='ltr'><strong>hic</strong></span> <span class='ocrx_word' id='word_1_159' title='bbox 1958 1594 2108 1652; x_wconf 57' lang='grc' dir='ltr'>ιιιιιιιτ</span> 
     </span>
    </p>
   </div>
   <div class='ocr_carea' id='block_1_22' title="bbox 550 1647 2106 1728">
    <p class='ocr_par' dir='ltr' id='par_1_22' title="bbox 550 1647 2106 1728">
     <span class='ocr_line' id='line_1_22' title="bbox 550 1647 2106 1728; baseline -0.01 -11"><span class='ocrx_word' id='word_1_160' title='bbox 550 1664 650 1717; x_wconf 88' lang='lat' dir='ltr'><strong>dtts</strong></span> <span class='ocrx_word' id='word_1_161' title='bbox 680 1662 789 1728; x_wconf 90' lang='lat' dir='ltr'><strong>ipsa</strong></span> <span class='ocrx_word' id='word_1_162' title='bbox 817 1658 903 1711; x_wconf 90' lang='lat' dir='ltr'><strong>die</strong></span> <span class='ocrx_word' id='word_1_163' title='bbox 951 1647 1177 1728; x_wconf 78' lang='lat' dir='ltr'><strong>sumpsit</strong></span> <span class='ocrx_word' id='word_1_164' title='bbox 1205 1669 1233 1705; x_wconf 92' lang='lat' dir='ltr'><strong>a</strong></span> <span class='ocrx_word' id='word_1_165' title='bbox 1268 1655 1409 1715; x_wconf 88' lang='lat' dir='ltr'><strong>Deo;</strong></span> <span class='ocrx_word' id='word_1_166' title='bbox 1432 1664 1481 1706; x_wconf 90' lang='lat' dir='ltr'><strong>et</strong></span> <span class='ocrx_word' id='word_1_167' title='bbox 1514 1661 1638 1704; x_wconf 90' lang='lat' dir='ltr'><strong>tunc</strong></span> <span class='ocrx_word' id='word_1_168' title='bbox 1665 1654 1983 1728; x_wconf 81' lang='lat' dir='ltr'><strong>transierunt</strong></span> <span class='ocrx_word' id='word_1_169' title='bbox 2015 1647 2106 1702; x_wconf 73' lang='lat' dir='ltr'><strong>ﬁlii</strong></span> 
     </span>
    </p>
   </div>
   <div class='ocr_carea' id='block_1_23' title="bbox 2200 461 3787 530">
    <p class='ocr_par' dir='ltr' id='par_1_23' title="bbox 2200 461 3787 530">
     <span class='ocr_line' id='line_1_23' title="bbox 2200 461 3787 530; baseline -0.001 -14"><span class='ocrx_word' id='word_1_170' title='bbox 2200 461 2526 516; x_wconf 85' lang='lat' dir='ltr'><strong>Salvatoretn</strong></span> <span class='ocrx_word' id='word_1_171' title='bbox 2557 462 2850 530; x_wconf 86' lang='lat' dir='ltr'><strong>Christum,</strong></span> <span class='ocrx_word' id='word_1_172' title='bbox 2891 464 3184 519; x_wconf 88' lang='lat' dir='ltr'><strong>secundum</strong></span> <span class='ocrx_word' id='word_1_173' title='bbox 3239 476 3517 517; x_wconf 86' lang='lat' dir='ltr'><strong>numerum</strong></span> <span class='ocrx_word' id='word_1_174' title='bbox 3547 477 3641 514; x_wconf 89' lang='lat' dir='ltr'><strong>sex</strong></span> <span class='ocrx_word' id='word_1_175' title='bbox 3673 462 3787 515; x_wconf 87' lang='lat' dir='ltr'><strong>die-</strong></span> 
     </span>
    </p>
   </div>
   <div class='ocr_carea' id='block_1_24' title="bbox 2200 531 3790 601">
    <p class='ocr_par' dir='ltr' id='par_1_24' title="bbox 2200 531 3790 601">
     <span class='ocr_line' id='line_1_24' title="bbox 2200 531 3790 601; baseline 0.002 -20"><span class='ocrx_word' id='word_1_176' title='bbox 2200 545 2318 601; x_wconf 83' lang='lat' dir='ltr'><strong>rum</strong></span> <span class='ocrx_word' id='word_1_177' title='bbox 2371 532 2734 598; x_wconf 78' lang='lat' dir='ltr'><strong>plasmationis</strong></span> <span class='ocrx_word' id='word_1_178' title='bbox 2788 534 2939 600; x_wconf 70' lang='lat' dir='ltr'><strong>Adae,</strong></span> <span class='ocrx_word' id='word_1_179' title='bbox 2995 534 3138 601; x_wconf 87' lang='lat' dir='ltr'><strong>prius</strong></span> <span class='ocrx_word' id='word_1_180' title='bbox 3180 545 3353 587; x_wconf 89' lang='lat' dir='ltr'><strong>tamen</strong></span> <span class='ocrx_word' id='word_1_181' title='bbox 3384 548 3540 600; x_wconf 86' lang='lat' dir='ltr'><strong>quam</strong></span> <span class='ocrx_word' id='word_1_182' title='bbox 3570 531 3790 599; x_wconf 76' lang='lat' dir='ltr'><strong>expleta</strong></span> 
     </span>
    </p>
   </div>
   <div class='ocr_carea' id='block_1_25' title="bbox 2203 600 3789 669">
    <p class='ocr_par' dir='ltr' id='par_1_25' title="bbox 2203 600 3789 669">
     <span class='ocr_line' id='line_1_25' title="bbox 2203 600 3789 669; baseline 0.001 -16"><span class='ocrx_word' id='word_1_183' title='bbox 2203 600 2429 654; x_wconf 77' lang='lat' dir='ltr'><strong>fuissent</strong></span> <span class='ocrx_word' id='word_1_184' title='bbox 2480 617 2572 655; x_wconf 89' lang='lat' dir='ltr'><strong>sex</strong></span> <span class='ocrx_word' id='word_1_185' title='bbox 2626 602 2787 655; x_wconf 85' lang='lat' dir='ltr'><strong>millia</strong></span> <span class='ocrx_word' id='word_1_186' title='bbox 2840 600 3123 658; x_wconf 87' lang='lat' dir='ltr'><strong>annorum.</strong></span> <span class='ocrx_word' id='word_1_187' title='bbox 3176 604 3329 669; x_wconf 86' lang='lat' dir='ltr'><strong>Quia,</strong></span> <span class='ocrx_word' id='word_1_188' title='bbox 3360 602 3513 665; x_wconf 85' lang='lat' dir='ltr'><strong>dixit,</strong></span> <span class='ocrx_word' id='word_1_189' title='bbox 3540 604 3789 667; x_wconf 72' lang='lat' dir='ltr'><strong>apparuit</strong></span> 
     </span>
    </p>
   </div>
   <div class='ocr_carea' id='block_1_26' title="bbox 2204 670 3791 727">
    <p class='ocr_par' dir='ltr' id='par_1_26' title="bbox 2204 670 3791 727">
     <span class='ocr_line' id='line_1_26' title="bbox 2204 670 3791 727; baseline 0.001 -6"><span class='ocrx_word' id='word_1_190' title='bbox 2204 670 2455 724; x_wconf 68' lang='lat' dir='ltr'><strong>DOminu‘s</strong></span> <span class='ocrx_word' id='word_1_191' title='bbox 2482 672 2620 726; x_wconf 87' lang='lat' dir='ltr'><strong>Deus</strong></span> <span class='ocrx_word' id='word_1_192' title='bbox 2653 672 2807 726; x_wconf 82' lang='lat' dir='ltr'><strong>Jesus</strong></span> <span class='ocrx_word' id='word_1_193' title='bbox 2832 671 3075 727; x_wconf 86' lang='lat' dir='ltr'><strong>Christus</strong></span> <span class='ocrx_word' id='word_1_194' title='bbox 3096 674 3341 727; x_wconf 80' lang='lat' dir='ltr'><strong>Salvator</strong></span> <span class='ocrx_word' id='word_1_195' title='bbox 3368 681 3549 725; x_wconf 85' lang='lat' dir='ltr'><strong>noster</strong></span> <span class='ocrx_word' id='word_1_196' title='bbox 3580 670 3648 723; x_wconf 89' lang='lat' dir='ltr'><strong>ad</strong></span> <span class='ocrx_word' id='word_1_197' title='bbox 3680 671 3791 723; x_wconf 83' lang='lat' dir='ltr'><strong>eri-</strong></span> 
     </span>
    </p>
   </div>
   <div class='ocr_carea' id='block_1_27' title="bbox 2204 739 3791 809">
    <p class='ocr_par' dir='ltr' id='par_1_27' title="bbox 2204 739 3791 809">
     <span class='ocr_line' id='line_1_27' title="bbox 2204 739 3791 809; baseline -0.001 -16"><span class='ocrx_word' id='word_1_198' title='bbox 2204 742 2453 807; x_wconf 89' lang='lat' dir='ltr'><strong>piendum</strong></span> <span class='ocrx_word' id='word_1_199' title='bbox 2478 754 2646 809; x_wconf 88' lang='lat' dir='ltr'><strong>genus</strong></span> <span class='ocrx_word' id='word_1_200' title='bbox 2674 742 2961 797; x_wconf 88' lang='lat' dir='ltr'><strong>humanum</strong></span> <span class='ocrx_word' id='word_1_201' title='bbox 2986 784 3000 805; x_wconf 90' lang='lat'><strong>,</strong></span> <span class='ocrx_word' id='word_1_202' title='bbox 3031 753 3087 798; x_wconf 85' lang='lat' dir='ltr'><strong>et</strong></span> <span class='ocrx_word' id='word_1_203' title='bbox 3116 754 3293 806; x_wconf 88' lang='lat' dir='ltr'><strong>natus,</strong></span> <span class='ocrx_word' id='word_1_204' title='bbox 3343 740 3533 808; x_wconf 89' lang='lat' dir='ltr'><strong>inquit,</strong></span> <span class='ocrx_word' id='word_1_205' title='bbox 3563 755 3634 794; x_wconf 87' lang='lat' dir='ltr'><strong>ex</strong></span> <span class='ocrx_word' id='word_1_206' title='bbox 3666 739 3791 792; x_wconf 84' lang='lat' dir='ltr'><strong>Vir-</strong></span> 
     </span>
    </p>
   </div>
   <div class='ocr_carea' id='block_1_28' title="bbox 2202 811 3792 882">
    <p class='ocr_par' dir='ltr' id='par_1_28' title="bbox 2202 811 3792 882">
     <span class='ocr_line' id='line_1_28' title="bbox 2202 811 3792 882; baseline 0.001 -20"><span class='ocrx_word' id='word_1_207' title='bbox 2202 811 2659 878; x_wconf 85' lang='lat' dir='ltr'><strong>ginehumanatus</strong></span> <span class='ocrx_word' id='word_1_208' title='bbox 2684 821 2766 866; x_wconf 89' lang='lat' dir='ltr'><strong>est</strong></span> <span class='ocrx_word' id='word_1_209' title='bbox 2815 813 2866 867; x_wconf 90' lang='lat' dir='ltr'><strong>in</strong></span> <span class='ocrx_word' id='word_1_210' title='bbox 2919 814 3103 882; x_wconf 92' lang='lat' dir='ltr'><strong>quinto</strong></span> <span class='ocrx_word' id='word_1_211' title='bbox 3144 813 3387 867; x_wconf 87' lang='lat' dir='ltr'><strong>tnilliario</strong></span> <span class='ocrx_word' id='word_1_212' title='bbox 3426 821 3481 866; x_wconf 88' lang='lat' dir='ltr'><strong>et</strong></span> <span class='ocrx_word' id='word_1_213' title='bbox 3527 811 3792 882; x_wconf 81' lang='lat' dir='ltr'><strong>quingen-</strong></span> 
     </span>
    </p>
   </div>
   <div class='ocr_carea' id='block_1_29' title="bbox 2209 881 3794 951">
    <p class='ocr_par' dir='ltr' id='par_1_29' title="bbox 2209 881 3794 951">
     <span class='ocr_line' id='line_1_29' title="bbox 2209 881 3794 951; baseline 0.002 -21"><span class='ocrx_word' id='word_1_214' title='bbox 2209 883 2396 934; x_wconf 89' lang='lat' dir='ltr'><strong>tesimo</strong></span> <span class='ocrx_word' id='word_1_215' title='bbox 2422 890 2475 951; x_wconf 82' lang='lat' dir='ltr'><strong>et</strong></span> <span class='ocrx_word' id='word_1_216' title='bbox 2504 896 2537 933; x_wconf 84' lang='grc' dir='ltr'><strong>ιι</strong></span> <span class='ocrx_word' id='word_1_217' title='bbox 2574 882 2596 917; x_wconf 72' lang='grc' dir='ltr'><strong>ιι</strong></span> <span class='ocrx_word' id='word_1_218' title='bbox 2631 896 2771 936; x_wconf 85' lang='lat' dir='ltr'><strong>anno</strong></span> <span class='ocrx_word' id='word_1_219' title='bbox 2800 881 2987 951; x_wconf 64' lang='lat' dir='ltr'><strong>passus</strong></span> <span class='ocrx_word' id='word_1_220' title='bbox 3015 892 3097 937; x_wconf 91' lang='lat' dir='ltr'><strong>est</strong></span> <span class='ocrx_word' id='word_1_221' title='bbox 3122 891 3178 938; x_wconf 88' lang='lat' dir='ltr'><strong>et</strong></span> <span class='ocrx_word' id='word_1_222' title='bbox 3214 884 3502 938; x_wconf 71' lang='lat' dir='ltr'><strong>resurrexit</strong></span> <span class='ocrx_word' id='word_1_223' title='bbox 3529 881 3794 934; x_wconf 85' lang='lat' dir='ltr'><strong>Dominus</strong></span> 
     </span>
    </p>
   </div>
   <div class='ocr_carea' id='block_1_30' title="bbox 2204 950 3793 1021">
    <p class='ocr_par' dir='ltr' id='par_1_30' title="bbox 2204 950 3793 1021">
     <span class='ocr_line' id='line_1_30' title="bbox 2204 950 3793 1021; baseline 0.001 -19"><span class='ocrx_word' id='word_1_224' title='bbox 2204 961 2389 1004; x_wconf 91' lang='lat' dir='ltr'><strong>noster</strong></span> <span class='ocrx_word' id='word_1_225' title='bbox 2437 950 2589 1004; x_wconf 78' lang='lat' dir='ltr'><strong>Jesus</strong></span> <span class='ocrx_word' id='word_1_226' title='bbox 2643 950 2908 1015; x_wconf 89' lang='lat' dir='ltr'><strong>Christus,</strong></span> <span class='ocrx_word' id='word_1_227' title='bbox 2962 962 3015 1007; x_wconf 92' lang='lat' dir='ltr'><strong>et</strong></span> <span class='ocrx_word' id='word_1_228' title='bbox 3067 954 3375 1021; x_wconf 88' lang='lat' dir='ltr'><strong>adsumptus</strong></span> <span class='ocrx_word' id='word_1_229' title='bbox 3426 952 3586 1021; x_wconf 80' lang='lat' dir='ltr'><strong>estin</strong></span> <span class='ocrx_word' id='word_1_230' title='bbox 3619 952 3793 1004; x_wconf 65' lang='lat' dir='ltr'><strong>caelos</strong></span> 
     </span>
    </p>
   </div>
   <div class='ocr_carea' id='block_1_31' title="bbox 2202 1019 3794 1077">
    <p class='ocr_par' dir='ltr' id='par_1_31' title="bbox 2202 1019 3794 1077">
     <span class='ocr_line' id='line_1_31' title="bbox 2202 1019 3794 1077; baseline 0.001 -6"><span class='ocrx_word' id='word_1_231' title='bbox 2202 1034 2339 1074; x_wconf 88' lang='lat' dir='ltr'><strong>anno</strong></span> <span class='ocrx_word' id='word_1_232' title='bbox 2370 1021 2538 1073; x_wconf 61' lang='lat' dir='ltr'><strong>aetatis</strong></span> <span class='ocrx_word' id='word_1_233' title='bbox 2566 1022 2744 1076; x_wconf 64' lang='lat' dir='ltr'><strong>saeculi</strong></span> <span class='ocrx_word' id='word_1_234' title='bbox 2770 1023 2837 1074; x_wconf 92' lang='lat' dir='ltr'><strong>ab</strong></span> <span class='ocrx_word' id='word_1_235' title='bbox 2867 1022 3032 1077; x_wconf 88' lang='lat' dir='ltr'><strong>Adam</strong></span> <span class='ocrx_word' id='word_1_236' title='bbox 3058 1040 3127 1077; x_wconf 81' lang='lat' dir='ltr'><strong>vit</strong></span> <span class='ocrx_word' id='word_1_237' title='bbox 3151 1040 3180 1077; x_wconf 85' lang='grc' dir='ltr'>ι)</span> <span class='ocrx_word' id='word_1_238' title='bbox 3200 1019 3388 1077; x_wconf 72' lang='lat' dir='ltr'><strong>xxxiii.</strong></span> <span class='ocrx_word' id='word_1_239' title='bbox 3422 1019 3480 1075; x_wconf 86' lang='lat' dir='ltr'><strong>In</strong></span> <span class='ocrx_word' id='word_1_240' title='bbox 3512 1032 3665 1074; x_wconf 87' lang='lat' dir='ltr'><strong>sexto</strong></span> <span class='ocrx_word' id='word_1_241' title='bbox 3693 1034 3794 1072; x_wconf 84' lang='lat' dir='ltr'><strong>au-</strong></span> 
     </span>
    </p>
   </div>
   <div class='ocr_carea' id='block_1_32' title="bbox 2205 1090 3791 1158">
    <p class='ocr_par' dir='ltr' id='par_1_32' title="bbox 2205 1090 3791 1158">
     <span class='ocr_line' id='line_1_32' title="bbox 2205 1090 3791 1158; baseline 0.003 -18"><span class='ocrx_word' id='word_1_242' title='bbox 2205 1100 2306 1142; x_wconf 90' lang='lat' dir='ltr'><strong>tem</strong></span> <span class='ocrx_word' id='word_1_243' title='bbox 2337 1107 2594 1143; x_wconf 85' lang='lat' dir='ltr'><strong>annorum</strong></span> <span class='ocrx_word' id='word_1_244' title='bbox 2628 1092 2873 1145; x_wconf 86' lang='lat' dir='ltr'><strong>milliario</strong></span> <span class='ocrx_word' id='word_1_245' title='bbox 2900 1094 3225 1147; x_wconf 85' lang='lat' dir='ltr'><strong>concordant</strong></span> <span class='ocrx_word' id='word_1_246' title='bbox 3254 1106 3440 1147; x_wconf 87' lang='lat' dir='ltr'><strong>omnes</strong></span> <span class='ocrx_word' id='word_1_247' title='bbox 3470 1090 3791 1158; x_wconf 78' lang='lat' dir='ltr'><strong>apparuisse</strong></span> 
     </span>
    </p>
   </div>
   <div class='ocr_carea' id='block_1_33' title="bbox 2204 1160 3795 1230">
    <p class='ocr_par' dir='ltr' id='par_1_33' title="bbox 2204 1160 3795 1230">
     <span class='ocr_line' id='line_1_33' title="bbox 2204 1160 3795 1230; baseline 0.001 -17"><span class='ocrx_word' id='word_1_248' title='bbox 2204 1160 2507 1227; x_wconf 85' lang='lat' dir='ltr'><strong>Dominum,</strong></span> <span class='ocrx_word' id='word_1_249' title='bbox 2558 1162 2798 1230; x_wconf 86' lang='lat' dir='ltr'><strong>quamvis</strong></span> <span class='ocrx_word' id='word_1_250' title='bbox 2852 1164 3041 1217; x_wconf 80' lang='lat' dir='ltr'><strong>SCOTTI</strong></span> <span class='ocrx_word' id='word_1_251' title='bbox 3099 1164 3423 1217; x_wconf 84' lang='lat' dir='ltr'><strong>concordare</strong></span> <span class='ocrx_word' id='word_1_252' title='bbox 3454 1164 3662 1223; x_wconf 89' lang='lat' dir='ltr'><strong>nolunt,</strong></span> <span class='ocrx_word' id='word_1_253' title='bbox 3696 1160 3795 1226; x_wconf 83' lang='lat' dir='ltr'><strong>qui</strong></span> 
     </span>
    </p>
   </div>
   <div class='ocr_carea' id='block_1_34' title="bbox 2202 1231 3796 1298">
    <p class='ocr_par' dir='ltr' id='par_1_34' title="bbox 2202 1231 3796 1298">
     <span class='ocr_line' id='line_1_34' title="bbox 2202 1231 3796 1298; baseline 0.001 -17"><span class='ocrx_word' id='word_1_254' title='bbox 2202 1231 2513 1297; x_wconf 81' lang='lat' dir='ltr'><strong>sapientiam</strong></span> <span class='ocrx_word' id='word_1_255' title='bbox 2539 1246 2596 1284; x_wconf 92' lang='lat' dir='ltr'><strong>se</strong></span> <span class='ocrx_word' id='word_1_256' title='bbox 2624 1231 2930 1286; x_wconf 74' lang='lat' dir='ltr'><strong>existimant</strong></span> <span class='ocrx_word' id='word_1_257' title='bbox 2970 1235 3167 1288; x_wconf 87' lang='lat' dir='ltr'><strong>habere</strong></span> <span class='ocrx_word' id='word_1_258' title='bbox 3196 1243 3248 1287; x_wconf 89' lang='lat' dir='ltr'><strong>et</strong></span> <span class='ocrx_word' id='word_1_259' title='bbox 3290 1233 3565 1287; x_wconf 86' lang='lat' dir='ltr'><strong>scientiam</strong></span> <span class='ocrx_word' id='word_1_260' title='bbox 3598 1231 3796 1298; x_wconf 87' lang='lat' dir='ltr'><strong>perdi-</strong></span> 
     </span>
    </p>
   </div>
   <div class='ocr_carea' id='block_1_35' title="bbox 2204 1300 3789 1371">
    <p class='ocr_par' dir='ltr' id='par_1_35' title="bbox 2204 1300 3789 1371">
     <span class='ocr_line' id='line_1_35' title="bbox 2204 1300 3789 1371; baseline 0.002 -21"><span class='ocrx_word' id='word_1_261' title='bbox 2204 1300 2430 1371; x_wconf 82' lang='lat' dir='ltr'><strong>derunt:</strong></span> <span class='ocrx_word' id='word_1_262' title='bbox 2464 1301 2543 1353; x_wconf 94' lang='lat' dir='ltr'><strong>vel</strong></span> <span class='ocrx_word' id='word_1_263' title='bbox 2575 1302 2731 1354; x_wconf 82' lang='lat' dir='ltr'><strong>etiam</strong></span> <span class='ocrx_word' id='word_1_264' title='bbox 2783 1318 2919 1356; x_wconf 89' lang='lat' dir='ltr'><strong>unus</strong></span> <span class='ocrx_word' id='word_1_265' title='bbox 2971 1305 3108 1371; x_wconf 86' lang='lat' dir='ltr'><strong>plus,</strong></span> <span class='ocrx_word' id='word_1_266' title='bbox 3136 1304 3270 1356; x_wconf 91' lang='lat' dir='ltr'><strong>alius</strong></span> <span class='ocrx_word' id='word_1_267' title='bbox 3303 1302 3477 1355; x_wconf 90' lang='lat' dir='ltr'><strong>minus</strong></span> <span class='ocrx_word' id='word_1_268' title='bbox 3505 1302 3789 1355; x_wconf 87' lang='lat' dir='ltr'><strong>dixerunt.</strong></span> 
     </span>
    </p>
   </div>
   <div class='ocr_carea' id='block_1_36' title="bbox 2208 1370 3795 1443">
    <p class='ocr_par' dir='ltr' id='par_1_36' title="bbox 2208 1370 3795 1443">
     <span class='ocr_line' id='line_1_36' title="bbox 2208 1370 3795 1443; baseline 0 -21"><span class='ocrx_word' id='word_1_269' title='bbox 2208 1370 2260 1422; x_wconf 93' lang='lat' dir='ltr'><strong>In</strong></span> <span class='ocrx_word' id='word_1_270' title='bbox 2310 1379 2461 1443; x_wconf 77' lang='lat' dir='ltr'><strong>sexto</strong></span> <span class='ocrx_word' id='word_1_271' title='bbox 2491 1371 2733 1443; x_wconf 87' lang='lat' dir='ltr'><strong>milliario</strong></span> <span class='ocrx_word' id='word_1_272' title='bbox 2759 1370 3041 1436; x_wconf 84' lang='lat' dir='ltr'><strong>annorum,</strong></span> <span class='ocrx_word' id='word_1_273' title='bbox 3076 1373 3363 1426; x_wconf 89' lang='lat' dir='ltr'><strong>secundum</strong></span> <span class='ocrx_word' id='word_1_274' title='bbox 3416 1371 3795 1443; x_wconf 81' lang='lat' dir='ltr'><strong>prophetieam</strong></span> 
     </span>
    </p>
   </div>
   <div class='ocr_carea' id='block_1_37' title="bbox 2208 1440 3798 1506">
    <p class='ocr_par' dir='ltr' id='par_1_37' title="bbox 2208 1440 3798 1506">
     <span class='ocr_line' id='line_1_37' title="bbox 2208 1440 3798 1506; baseline 0.001 -15"><span class='ocrx_word' id='word_1_275' title='bbox 2208 1454 2392 1493; x_wconf 89' lang='lat' dir='ltr'><strong>vocem</strong></span> <span class='ocrx_word' id='word_1_276' title='bbox 2424 1440 2460 1505; x_wconf 67' lang='lat'><strong>,&#39;</strong></span> <span class='ocrx_word' id='word_1_277' title='bbox 2497 1440 2828 1497; x_wconf 86' lang='lat' dir='ltr'><strong>elocutiones</strong></span> <span class='ocrx_word' id='word_1_278' title='bbox 2882 1446 3143 1497; x_wconf 69' lang='lat' dir='ltr'><strong>universae</strong></span> <span class='ocrx_word' id='word_1_279' title='bbox 3188 1440 3572 1506; x_wconf 88' lang='lat' dir='ltr'><strong>consentiunt,</strong></span> <span class='ocrx_word' id='word_1_280' title='bbox 3628 1440 3798 1493; x_wconf 84' lang='lat' dir='ltr'><strong>etiam</strong></span> 
     </span>
    </p>
   </div>
   <div class='ocr_carea' id='block_1_38' title="bbox 2208 1511 3799 1579">
    <p class='ocr_par' dir='ltr' id='par_1_38' title="bbox 2208 1511 3799 1579">
     <span class='ocr_line' id='line_1_38' title="bbox 2208 1511 3799 1579; baseline 0.001 -18"><span class='ocrx_word' id='word_1_281' title='bbox 2208 1512 2451 1579; x_wconf 85' lang='lat' dir='ltr'><strong>quamvis</strong></span> <span class='ocrx_word' id='word_1_282' title='bbox 2483 1511 2790 1579; x_wconf 85' lang='lat' dir='ltr'><strong>repigritent</strong></span> <span class='ocrx_word' id='word_1_283' title='bbox 2820 1512 2906 1578; x_wconf 87' lang='lat' dir='ltr'><strong>qui</strong></span> <span class='ocrx_word' id='word_1_284' title='bbox 2935 1522 3294 1579; x_wconf 84' lang='lat' dir='ltr'><strong>exposuerunt</strong></span> <span class='ocrx_word' id='word_1_285' title='bbox 3321 1513 3385 1565; x_wconf 90' lang='lat' dir='ltr'><strong>de</strong></span> <span class='ocrx_word' id='word_1_286' title='bbox 3419 1522 3644 1563; x_wconf 89' lang='lat' dir='ltr'><strong>numero</strong></span> <span class='ocrx_word' id='word_1_287' title='bbox 3690 1524 3799 1563; x_wconf 83' lang='lat' dir='ltr'><strong>an-</strong></span> 
     </span>
    </p>
   </div>
   <div class='ocr_carea' id='block_1_39' title="bbox 2211 1579 3802 1649">
    <p class='ocr_par' dir='ltr' id='par_1_39' title="bbox 2211 1579 3802 1649">
     <span class='ocr_line' id='line_1_39' title="bbox 2211 1579 3802 1649; baseline 0.002 -19"><span class='ocrx_word' id='word_1_288' title='bbox 2211 1595 2423 1634; x_wconf 89' lang='lat' dir='ltr'><strong>norum.</strong></span> <span class='ocrx_word' id='word_1_289' title='bbox 2485 1580 2535 1633; x_wconf 92' lang='lat' dir='ltr'><strong>In</strong></span> <span class='ocrx_word' id='word_1_290' title='bbox 2595 1582 2894 1636; x_wconf 85' lang='lat' dir='ltr'><strong>novissimis</strong></span> <span class='ocrx_word' id='word_1_291' title='bbox 2925 1592 3099 1635; x_wconf 90' lang='lat' dir='ltr'><strong>tamen</strong></span> <span class='ocrx_word' id='word_1_292' title='bbox 3132 1581 3456 1649; x_wconf 89' lang='lat' dir='ltr'><strong>temporibus</strong></span> <span class='ocrx_word' id='word_1_293' title='bbox 3480 1579 3802 1647; x_wconf 81' lang='lat' dir='ltr'><strong>apparuisse</strong></span> 
     </span>
    </p>
   </div>
   <div class='ocr_carea' id='block_1_40' title="bbox 2211 1650 3803 1720">
    <p class='ocr_par' dir='ltr' id='par_1_40' title="bbox 2211 1650 3803 1720">
     <span class='ocr_line' id='line_1_40' title="bbox 2211 1650 3803 1720; baseline -0.001 -17"><span class='ocrx_word' id='word_1_294' title='bbox 2211 1650 2565 1713; x_wconf 79' lang='lat' dir='ltr'><strong>SaIVatorem,</strong></span> <span class='ocrx_word' id='word_1_295' title='bbox 2598 1652 2734 1704; x_wconf 87' lang='lat' dir='ltr'><strong>sicut</strong></span> <span class='ocrx_word' id='word_1_296' title='bbox 2763 1652 2938 1706; x_wconf 83' lang='lat' dir='ltr'><strong>divina</strong></span> <span class='ocrx_word' id='word_1_297' title='bbox 2969 1653 3242 1720; x_wconf 85' lang='lat' dir='ltr'><strong>Scriptura</strong></span> <span class='ocrx_word' id='word_1_298' title='bbox 3293 1650 3576 1720; x_wconf 82' lang='lat' dir='ltr'><strong>signiﬁcat,</strong></span> <span class='ocrx_word' id='word_1_299' title='bbox 3603 1663 3803 1703; x_wconf 87' lang='lat' dir='ltr'><strong>omnes</strong></span> 
     </span>
    </p>
   </div>
   <div class='ocr_carea' id='block_1_41' title="bbox 552 1719 3809 1797">
    <p class='ocr_par' dir='ltr' id='par_1_41' title="bbox 552 1719 3809 1797">
     <span class='ocr_line' id='line_1_41' title="bbox 552 1719 3809 1797; baseline -0.004 -11"><span class='ocrx_word' id='word_1_300' title='bbox 552 1719 714 1786; x_wconf 81' lang='lat' dir='ltr'><strong>Israel</strong></span> <span class='ocrx_word' id='word_1_301' title='bbox 745 1744 834 1797; x_wconf 89' lang='lat' dir='ltr'><strong>per</strong></span> <span class='ocrx_word' id='word_1_302' title='bbox 881 1741 1025 1781; x_wconf 90' lang='lat' dir='ltr'><strong>mare</strong></span> <span class='ocrx_word' id='word_1_303' title='bbox 1056 1725 1292 1777; x_wconf 74' lang='lat' dir='ltr'><strong>llubruni</strong></span> <span class='ocrx_word' id='word_1_304' title='bbox 1329 1732 1582 1797; x_wconf 83' lang='lat' dir='ltr'><strong>tanquam</strong></span> <span class='ocrx_word' id='word_1_305' title='bbox 1619 1736 1709 1797; x_wconf 78' lang='lat' dir='ltr'><strong>per</strong></span> <span class='ocrx_word' id='word_1_306' title='bbox 1748 1721 1949 1797; x_wconf 78' lang='lat' dir='ltr'><strong>aridam</strong></span> <span class='ocrx_word' id='word_1_307' title='bbox 2005 1728 2110 1797; x_wconf 73' lang='lat' dir='ltr'><strong>tcr—</strong></span> <span class='ocrx_word' id='word_1_308' title='bbox 2142 1736 2188 1795; x_wconf 76' lang='grc' dir='ltr'>Β</span> <span class='ocrx_word' id='word_1_309' title='bbox 2219 1722 2395 1797; x_wconf 72' lang='lat' dir='ltr'><strong>testati</strong></span> <span class='ocrx_word' id='word_1_310' title='bbox 2443 1731 2587 1777; x_wconf 88' lang='lat' dir='ltr'><strong>sunt.</strong></span> <span class='ocrx_word' id='word_1_311' title='bbox 2617 1721 2746 1797; x_wconf 83' lang='lat' dir='ltr'><strong>Nam</strong></span> <span class='ocrx_word' id='word_1_312' title='bbox 2791 1732 2843 1775; x_wconf 89' lang='lat' dir='ltr'><strong>et</strong></span> <span class='ocrx_word' id='word_1_313' title='bbox 2888 1723 2939 1775; x_wconf 92' lang='lat' dir='ltr'><strong>in</strong></span> <span class='ocrx_word' id='word_1_314' title='bbox 2984 1719 3180 1797; x_wconf 77' lang='lat' dir='ltr'><strong>sanctis</strong></span> <span class='ocrx_word' id='word_1_315' title='bbox 3206 1719 3501 1797; x_wconf 66' lang='lat' dir='ltr'><strong>Evangeliis</strong></span> <span class='ocrx_word' id='word_1_316' title='bbox 3525 1719 3809 1797; x_wconf 62' lang='lat' dir='ltr'><strong>repperies</strong></span> 
     </span>
    </p>
   </div>
   <div class='ocr_carea' id='block_1_42' title="bbox 552 1789 2110 1866">
    <p class='ocr_par' dir='ltr' id='par_1_42' title="bbox 552 1789 2110 1866">
     <span class='ocr_line' id='line_1_42' title="bbox 552 1789 2110 1866; baseline -0.011 -9"><span class='ocrx_word' id='word_1_317' title='bbox 552 1818 708 1866; x_wconf 89' lang='lat' dir='ltr'><strong>ram;</strong></span> <span class='ocrx_word' id='word_1_318' title='bbox 737 1789 791 1854; x_wconf 77' lang='lat' dir='ltr'><strong>et</strong></span> <span class='ocrx_word' id='word_1_319' title='bbox 830 1810 951 1851; x_wconf 92' lang='lat' dir='ltr'><strong>tunc</strong></span> <span class='ocrx_word' id='word_1_320' title='bbox 996 1806 1324 1866; x_wconf 82' lang='lat' dir='ltr'><strong>expugnatus</strong></span> <span class='ocrx_word' id='word_1_321' title='bbox 1364 1792 1748 1866; x_wconf 81' lang='lat' dir='ltr'><strong>est_diabo|us,</strong></span> <span class='ocrx_word' id='word_1_322' title='bbox 1789 1800 1843 1844; x_wconf 88' lang='lat' dir='ltr'><strong>et</strong></span> <span class='ocrx_word' id='word_1_323' title='bbox 1872 1792 1937 1866; x_wconf 73' lang='lat' dir='ltr'><strong>tle</strong></span> <span class='ocrx_word' id='word_1_324' title='bbox 1972 1789 2110 1866; x_wconf 69' lang='lat' dir='ltr'><strong>coelo</strong></span> 
     </span>
    </p>
   </div>
   <div class='ocr_carea' id='block_1_43' title="bbox 554 1860 2115 1940">
    <p class='ocr_par' dir='ltr' id='par_1_43' title="bbox 554 1860 2115 1940">
     <span class='ocr_line' id='line_1_43' title="bbox 554 1860 2115 1940; baseline -0.007 -19"><span class='ocrx_word' id='word_1_325' title='bbox 554 1860 1102 1940; x_wconf 14' lang='lat' dir='ltr'><strong>projectusest‘cum</strong></span> <span class='ocrx_word' id='word_1_326' title='bbox 1137 1860 1349 1940; x_wconf 52' lang='lat' dir='ltr'><strong>:angelis</strong></span> <span class='ocrx_word' id='word_1_327' title='bbox 1389 1864 1537 1940; x_wconf 72' lang='lat' dir='ltr'><strong>suis;</strong></span> <span class='ocrx_word' id='word_1_328' title='bbox 1583 1871 1816 1940; x_wconf 38' lang='lat' dir='ltr'><strong>.et_tun.c</strong></span> <span class='ocrx_word' id='word_1_329' title='bbox 1872 1862 1982 1928; x_wconf 89' lang='lat' dir='ltr'><strong>ipsa</strong></span> <span class='ocrx_word' id='word_1_330' title='bbox 2031 1860 2115 1940; x_wconf 71' lang='lat' dir='ltr'><strong>die</strong></span> 
     </span>
    </p>
   </div>
   <div class='ocr_carea' id='block_1_44' title="bbox 554 1929 2115 1999">
    <p class='ocr_par' dir='ltr' id='par_1_44' title="bbox 554 1929 2115 1999">
     <span class='ocr_line' id='line_1_44' title="bbox 554 1929 2115 1999; baseline -0.008 -4"><span class='ocrx_word' id='word_1_331' title='bbox 554 1929 795 1996; x_wconf 72' lang='lat' dir='ltr'><strong>sanctum</strong></span> <span class='ocrx_word' id='word_1_332' title='bbox 834 1937 1084 1992; x_wconf 86' lang='lat' dir='ltr'><strong>Jacobum</strong></span> <span class='ocrx_word' id='word_1_333' title='bbox 1134 1929 1347 1988; x_wconf 74' lang='lat' dir='ltr'><strong>fratrem</strong></span> <span class='ocrx_word' id='word_1_334' title='bbox 1391 1932 1596 1985; x_wconf 81' lang='lat' dir='ltr'><strong>Domini</strong></span> <span class='ocrx_word' id='word_1_335' title='bbox 1645 1931 1711 1985; x_wconf 91' lang='lat' dir='ltr'><strong>de</strong></span> <span class='ocrx_word' id='word_1_336' title='bbox 1742 1930 1897 1999; x_wconf 88' lang='lat' dir='ltr'><strong>pinna</strong></span> <span class='ocrx_word' id='word_1_337' title='bbox 1937 1929 2115 1996; x_wconf 88' lang='lat' dir='ltr'><strong>templi</strong></span> 
     </span>
    </p>
   </div>
   <div class='ocr_carea' id='block_1_45' title="bbox 553 1999 2117 2075">
    <p class='ocr_par' dir='ltr' id='par_1_45' title="bbox 553 1999 2117 2075">
     <span class='ocr_line' id='line_1_45' title="bbox 553 1999 2117 2075; baseline -0.008 -10"><span class='ocrx_word' id='word_1_338' title='bbox 553 2013 800 2065; x_wconf 87' lang='lat' dir='ltr'><strong>deorsum</strong></span> <span class='ocrx_word' id='word_1_339' title='bbox 851 2008 1189 2075; x_wconf 88' lang='lat' dir='ltr'><strong>projecerunt</strong></span> <span class='ocrx_word' id='word_1_340' title='bbox 1237 2004 1427 2059; x_wconf 68' lang='lat' dir='ltr'><strong>Judaei.</strong></span> <span class='ocrx_word' id='word_1_341' title='bbox 1477 1999 2117 2075; x_wconf 58' lang='lat' dir='ltr'><strong>Concepttis__estigitur</strong></span> 
     </span>
    </p>
   </div>
   <div class='ocr_carea' id='block_1_46' title="bbox 560 2069 2118 2148">
    <p class='ocr_par' dir='ltr' id='par_1_46' title="bbox 560 2069 2118 2148">
     <span class='ocr_line' id='line_1_46' title="bbox 560 2069 2118 2148; baseline -0.009 -13"><span class='ocrx_word' id='word_1_342' title='bbox 560 2083 811 2135; x_wconf 90' lang='lat' dir='ltr'><strong>Dominus</strong></span> <span class='ocrx_word' id='word_1_343' title='bbox 844 2069 895 2131; x_wconf 80' lang='lat' dir='ltr'><strong>in</strong></span> <span class='ocrx_word' id='word_1_344' title='bbox 924 2069 1352 2148; x_wconf 76' lang='lat' dir='ltr'><strong>,utero_Virgiiiis</strong></span> <span class='ocrx_word' id='word_1_345' title='bbox 1381 2088 1472 2148; x_wconf 85' lang='lat' dir='ltr'><strong>v_m</strong></span> <span class='ocrx_word' id='word_1_346' title='bbox 1501 2072 1615 2127; x_wconf 88' lang='lat' dir='ltr'><strong>Kal.</strong></span> <span class='ocrx_word' id='word_1_347' title='bbox 1649 2071 1864 2138; x_wconf 83' lang='lat' dir='ltr'><strong>Aprilis,</strong></span> <span class='ocrx_word' id='word_1_348' title='bbox 1897 2069 1949 2148; x_wconf 89' lang='lat' dir='ltr'><strong>i_d</strong></span> <span class='ocrx_word' id='word_1_349' title='bbox 1975 2080 2056 2122; x_wconf 88' lang='lat' dir='ltr'><strong>est</strong></span> <span class='ocrx_word' id='word_1_350' title='bbox 2085 2084 2118 2148; x_wconf 61' lang='lat' dir='ltr'><strong>ti:</strong></span> 
     </span>
    </p>
   </div>
   <div class='ocr_carea' id='block_1_47' title="bbox 553 2139 2115 2207">
    <p class='ocr_par' dir='ltr' id='par_1_47' title="bbox 553 2139 2115 2207">
     <span class='ocr_line' id='line_1_47' title="bbox 553 2139 2115 2207; baseline -0.008 -2"><span class='ocrx_word' id='word_1_351' title='bbox 553 2161 606 2205; x_wconf 90' lang='lat' dir='ltr'><strong>et</strong></span> <span class='ocrx_word' id='word_1_352' title='bbox 631 2169 694 2205; x_wconf 73' lang='lat' dir='ltr'><strong>ax</strong></span> <span class='ocrx_word' id='word_1_353' title='bbox 726 2152 809 2204; x_wconf 85' lang='lat' dir='ltr'><strong>dio</strong></span> <span class='ocrx_word' id='word_1_354' title='bbox 848 2148 1045 2201; x_wconf 79' lang='lat' dir='ltr'><strong>mensis</strong></span> <span class='ocrx_word' id='word_1_355' title='bbox 1075 2139 1279 2205; x_wconf 70' lang='lat' dir='ltr'><strong>Martii;</strong></span> <span class='ocrx_word' id='word_1_356' title='bbox 1335 2145 1422 2207; x_wconf 90' lang='lat' dir='ltr'><strong>qui</strong></span> <span class='ocrx_word' id='word_1_357' title='bbox 1464 2153 1545 2196; x_wconf 71' lang='lat' dir='ltr'><strong>est</strong></span> <span class='ocrx_word' id='word_1_358' title='bbox 1579 2157 1663 2194; x_wconf 78' lang='lat' dir='ltr'><strong>xu</strong></span> <span class='ocrx_word' id='word_1_359' title='bbox 1711 2156 1880 2194; x_wconf 90' lang='lat' dir='ltr'><strong>annus</strong></span> <span class='ocrx_word' id='word_1_360' title='bbox 1908 2139 2115 2207; x_wconf 87' lang='lat' dir='ltr'><strong>imperii</strong></span> 
     </span>
    </p>
   </div>
   <div class='ocr_carea' id='block_1_48' title="bbox 554 2213 2116 2290">
    <p class='ocr_par' dir='ltr' id='par_1_48' title="bbox 554 2213 2116 2290">
     <span class='ocr_line' id='line_1_48' title="bbox 554 2213 2116 2290; baseline -0.008 -15"><span class='ocrx_word' id='word_1_361' title='bbox 554 2217 1033 2290; x_wconf 68' lang='lat' dir='ltr'><strong>AnguSIijsaris,</strong></span> <span class='ocrx_word' id='word_1_362' title='bbox 1056 2214 1509 2290; x_wconf 72' lang='lat' dir='ltr'><strong>vtttKalcndartmi</strong></span> <span class='ocrx_word' id='word_1_363' title='bbox 1524 2213 1917 2290; x_wconf 84' lang='lat' dir='ltr'><strong>Januariarum,</strong></span> <span class='ocrx_word' id='word_1_364' title='bbox 1936 2224 2116 2289; x_wconf 70' lang='lat' dir='ltr'><strong>mense</strong></span> 
     </span>
    </p>
   </div>
   <div class='ocr_carea' id='block_1_49' title="bbox 553 2280 2112 2359">
    <p class='ocr_par' dir='ltr' id='par_1_49' title="bbox 553 2280 2112 2359">
     <span class='ocr_line' id='line_1_49' title="bbox 553 2280 2112 2359; baseline -0.006 -16"><span class='ocrx_word' id='word_1_365' title='bbox 553 2280 840 2359; x_wconf 69' lang='lat' dir='ltr'><strong>Appellmo,</strong></span> <span class='ocrx_word' id='word_1_366' title='bbox 891 2288 981 2353; x_wconf 86' lang='lat' dir='ltr'><strong>qui</strong></span> <span class='ocrx_word' id='word_1_367' title='bbox 1022 2297 1104 2359; x_wconf 82' lang='lat' dir='ltr'><strong>est</strong></span> <span class='ocrx_word' id='word_1_368' title='bbox 1153 2284 1547 2359; x_wconf 76' lang='lat' dir='ltr'><strong>Decetnlier,_in</strong></span> <span class='ocrx_word' id='word_1_369' title='bbox 1602 2286 1686 2336; x_wconf 84' lang='lat' dir='ltr'><strong>die</strong></span> <span class='ocrx_word' id='word_1_370' title='bbox 1728 2296 1841 2359; x_wconf 65' lang='lat' dir='ltr'><strong>xxv</strong></span> <span class='ocrx_word' id='word_1_371' title='bbox 1890 2280 2112 2344; x_wconf 84' lang='lat' dir='ltr'><strong>mensis,</strong></span> 
     </span>
    </p>
   </div>
   <div class='ocr_carea' id='block_1_50' title="bbox 553 2351 2117 2420">
    <p class='ocr_par' dir='ltr' id='par_1_50' title="bbox 553 2351 2117 2420">
     <span class='ocr_line' id='line_1_50' title="bbox 553 2351 2117 2420; baseline -0.007 -6"><span class='ocrx_word' id='word_1_372' title='bbox 553 2351 681 2414; x_wconf 73' lang='lat' dir='ltr'><strong>hora</strong></span> <span class='ocrx_word' id='word_1_373' title='bbox 734 2360 836 2413; x_wconf 86' lang='lat' dir='ltr'><strong>diei</strong></span> <span class='ocrx_word' id='word_1_374' title='bbox 869 2351 962 2420; x_wconf 79' lang='lat' dir='ltr'><strong>vit,</strong></span> <span class='ocrx_word' id='word_1_375' title='bbox 1022 2356 1073 2407; x_wconf 91' lang='lat' dir='ltr'><strong>in</strong></span> <span class='ocrx_word' id='word_1_376' title='bbox 1121 2357 1336 2408; x_wconf 80' lang='lat' dir='ltr'><strong>civitate</strong></span> <span class='ocrx_word' id='word_1_377' title='bbox 1382 2351 1602 2415; x_wconf 67' lang='lat' dir='ltr'><strong>ludam,</strong></span> <span class='ocrx_word' id='word_1_378' title='bbox 1658 2351 1744 2403; x_wconf 91' lang='lat' dir='ltr'><strong>cui</strong></span> <span class='ocrx_word' id='word_1_379' title='bbox 1794 2364 1985 2403; x_wconf 89' lang='lat' dir='ltr'><strong>nomen</strong></span> <span class='ocrx_word' id='word_1_380' title='bbox 2034 2358 2117 2403; x_wconf 89' lang='lat' dir='ltr'><strong>est</strong></span> 
     </span>
    </p>
   </div>
   <div class='ocr_carea' id='block_1_51' title="bbox 559 2420 2112 2492">
    <p class='ocr_par' dir='ltr' id='par_1_51' title="bbox 559 2420 2112 2492">
     <span class='ocr_line' id='line_1_51' title="bbox 559 2420 2112 2492; baseline -0.01 -8"><span class='ocrx_word' id='word_1_381' title='bbox 559 2430 851 2491; x_wconf 80' lang='lat' dir='ltr'><strong>Bethleem,</strong></span> <span class='ocrx_word' id='word_1_382' title='bbox 904 2426 1002 2478; x_wconf 86' lang='lat' dir='ltr'><strong>sub</strong></span> <span class='ocrx_word' id='word_1_383' title='bbox 1050 2424 1277 2492; x_wconf 64' lang='lat' dir='ltr'><strong>pricside</strong></span> <span class='ocrx_word' id='word_1_384' title='bbox 1326 2422 1494 2491; x_wconf 73' lang='lat' dir='ltr'><strong>Syria:</strong></span> <span class='ocrx_word' id='word_1_385' title='bbox 1555 2420 1750 2489; x_wconf 85' lang='lat' dir='ltr'><strong>Cyriuo</strong></span> <span class='ocrx_word' id='word_1_386' title='bbox 1805 2420 2112 2492; x_wconf 77' lang='lat' dir='ltr'><strong>exeonsule,</strong></span> 
     </span>
    </p>
   </div>
   <div class='ocr_carea' id='block_1_52' title="bbox 552 2490 2117 2562">
    <p class='ocr_par' dir='ltr' id='par_1_52' title="bbox 552 2490 2117 2562">
     <span class='ocr_line' id='line_1_52' title="bbox 552 2490 2117 2562; baseline -0.01 -8"><span class='ocrx_word' id='word_1_387' title='bbox 552 2490 997 2554; x_wconf 88' lang='lat' dir='ltr'><strong>consulatuvero</strong></span> <span class='ocrx_word' id='word_1_388' title='bbox 1042 2490 1279 2562; x_wconf 73' lang='lat' dir='ltr'><strong>ejusdem</strong></span> <span class='ocrx_word' id='word_1_389' title='bbox 1330 2490 1601 2562; x_wconf 76' lang='lat' dir='ltr'><strong>octaviaui</strong></span> <span class='ocrx_word' id='word_1_390' title='bbox 1649 2492 1864 2558; x_wconf 79' lang='lat' dir='ltr'><strong>Augusti</strong></span> <span class='ocrx_word' id='word_1_391' title='bbox 1913 2500 1967 2543; x_wconf 91' lang='lat' dir='ltr'><strong>et</strong></span> <span class='ocrx_word' id='word_1_392' title='bbox 2013 2490 2117 2562; x_wconf 74' lang='lat' dir='ltr'><strong>Sil-</strong></span> 
     </span>
    </p>
   </div>
   <div class='ocr_carea' id='block_1_53' title="bbox 552 2559 2118 2634">
    <p class='ocr_par' dir='ltr' id='par_1_53' title="bbox 552 2559 2118 2634">
     <span class='ocr_line' id='line_1_53' title="bbox 552 2559 2118 2634; baseline -0.004 -14"><span class='ocrx_word' id='word_1_393' title='bbox 552 2572 671 2624; x_wconf 86' lang='lat' dir='ltr'><strong>vani</strong></span> <span class='ocrx_word' id='word_1_394' title='bbox 702 2568 745 2634; x_wconf 71' lang='grc' dir='ltr'><strong>ί,</strong></span> <span class='ocrx_word' id='word_1_395' title='bbox 770 2566 1018 2634; x_wconf 88' lang='lat' dir='ltr'><strong>toparcha</strong></span> <span class='ocrx_word' id='word_1_396' title='bbox 1047 2559 1219 2617; x_wconf 82' lang='lat' dir='ltr'><strong>autem</strong></span> <span class='ocrx_word' id='word_1_397' title='bbox 1247 2563 1442 2617; x_wconf 77' lang='lat' dir='ltr'><strong>.ludaea:</strong></span> <span class='ocrx_word' id='word_1_398' title='bbox 1461 2561 1669 2615; x_wconf 83' lang='lat' dir='ltr'><strong>Herode</strong></span> <span class='ocrx_word' id='word_1_399' title='bbox 1692 2564 1777 2613; x_wconf 87' lang='lat' dir='ltr'><strong>illo</strong></span> <span class='ocrx_word' id='word_1_400' title='bbox 1808 2562 2030 2629; x_wconf 83' lang='lat' dir='ltr'><strong>majore,</strong></span> <span class='ocrx_word' id='word_1_401' title='bbox 2059 2559 2118 2613; x_wconf 87' lang='lat' dir='ltr'><strong>li-</strong></span> 
     </span>
    </p>
   </div>
   <div class='ocr_carea' id='block_1_54' title="bbox 549 2634 1699 2704">
    <p class='ocr_par' dir='ltr' id='par_1_54' title="bbox 549 2634 1699 2704">
     <span class='ocr_line' id='line_1_54' title="bbox 549 2634 1699 2704; baseline -0.013 -7"><span class='ocrx_word' id='word_1_402' title='bbox 549 2643 621 2697; x_wconf 87' lang='lat' dir='ltr'><strong>lio</strong></span> <span class='ocrx_word' id='word_1_403' title='bbox 650 2638 911 2703; x_wconf 82' lang='lat' dir='ltr'><strong>Archelai,</strong></span> <span class='ocrx_word' id='word_1_404' title='bbox 942 2636 1078 2689; x_wconf 86' lang='lat' dir='ltr'><strong>sicut</strong></span> <span class='ocrx_word' id='word_1_405' title='bbox 1106 2634 1425 2704; x_wconf 77' lang='lat' dir='ltr'><strong>evangelista</strong></span> <span class='ocrx_word' id='word_1_406' title='bbox 1458 2642 1699 2685; x_wconf 87' lang='lat' dir='ltr'><strong>testatur.</strong></span> 
     </span>
    </p>
   </div>
   <div class='ocr_carea' id='block_1_55' title="bbox 620 2700 2119 2776">
    <p class='ocr_par' dir='ltr' id='par_1_55' title="bbox 620 2700 2119 2776">
     <span class='ocr_line' id='line_1_55' title="bbox 620 2700 2119 2776; baseline -0.009 -10"><span class='ocrx_word' id='word_1_407' title='bbox 620 2714 673 2767; x_wconf 72' lang='grc'><strong>5.</strong></span> <span class='ocrx_word' id='word_1_408' title='bbox 715 2700 1043 2776; x_wconf 88' lang='lat' dir='ltr'><strong>Colliguntur</strong></span> <span class='ocrx_word' id='word_1_409' title='bbox 1069 2719 1195 2771; x_wconf 87' lang='lat' dir='ltr'><strong>ergo</strong></span> <span class='ocrx_word' id='word_1_410' title='bbox 1223 2700 1290 2776; x_wconf 62' lang='lat' dir='ltr'><strong>a&#39;h</strong></span> <span class='ocrx_word' id='word_1_411' title='bbox 1322 2704 1487 2776; x_wconf 73' lang='lat' dir='ltr'><strong>Adam</strong></span> <span class='ocrx_word' id='word_1_412' title='bbox 1520 2716 1685 2776; x_wconf 82' lang='lat' dir='ltr'><strong>usque</strong></span> <span class='ocrx_word' id='word_1_413' title='bbox 1715 2700 1779 2776; x_wconf 78' lang='lat' dir='ltr'><strong>ad</strong></span> <span class='ocrx_word' id='word_1_414' title='bbox 1810 2700 2007 2776; x_wconf 77' lang='lat' dir='ltr'><strong>Phalec</strong></span> <span class='ocrx_word' id='word_1_415' title='bbox 2054 2700 2119 2753; x_wconf 81' lang='lat' dir='ltr'><strong>ii-</strong></span> 
     </span>
    </p>
   </div>
   <div class='ocr_carea' id='block_1_56' title="bbox 550 2771 2118 2841">
    <p class='ocr_par' dir='ltr' id='par_1_56' title="bbox 550 2771 2118 2841">
     <span class='ocr_line' id='line_1_56' title="bbox 550 2771 2118 2841; baseline -0.006 -5"><span class='ocrx_word' id='word_1_416' title='bbox 550 2784 681 2836; x_wconf 88' lang='lat' dir='ltr'><strong>litnn</strong></span> <span class='ocrx_word' id='word_1_417' title='bbox 716 2771 909 2841; x_wconf 70' lang='lat' dir='ltr'><strong>lleber,</strong></span> <span class='ocrx_word' id='word_1_418' title='bbox 933 2790 1190 2827; x_wconf 88' lang='lat' dir='ltr'><strong>annorum</strong></span> <span class='ocrx_word' id='word_1_419' title='bbox 1217 2774 1312 2827; x_wconf 89' lang='lat' dir='ltr'><strong>tria</strong></span> <span class='ocrx_word' id='word_1_420' title='bbox 1343 2771 1529 2826; x_wconf 86' lang='lat' dir='ltr'><strong>millia.</strong></span> <span class='ocrx_word' id='word_1_421' title='bbox 1563 2774 1625 2825; x_wconf 76' lang='lat' dir='ltr'><strong>Et</strong></span> <span class='ocrx_word' id='word_1_422' title='bbox 1656 2787 1685 2823; x_wconf 89' lang='lat' dir='ltr'><strong>a</strong></span> <span class='ocrx_word' id='word_1_423' title='bbox 1726 2772 1921 2825; x_wconf 76' lang='lat' dir='ltr'><strong>l’halec</strong></span> <span class='ocrx_word' id='word_1_424' title='bbox 1950 2786 2118 2839; x_wconf 88' lang='lat' dir='ltr'><strong>usque</strong></span> 
     </span>
    </p>
   </div>
   <div class='ocr_carea' id='block_1_57' title="bbox 551 2840 2117 2909">
    <p class='ocr_par' dir='ltr' id='par_1_57' title="bbox 551 2840 2117 2909">
     <span class='ocr_line' id='line_1_57' title="bbox 551 2840 2117 2909; baseline -0.005 -6"><span class='ocrx_word' id='word_1_425' title='bbox 551 2854 616 2905; x_wconf 87' lang='lat' dir='ltr'><strong>ad</strong></span> <span class='ocrx_word' id='word_1_426' title='bbox 650 2866 714 2904; x_wconf 76' lang='grc' dir='ltr'><strong>χι.</strong></span> <span class='ocrx_word' id='word_1_427' title='bbox 766 2857 820 2900; x_wconf 91' lang='lat' dir='ltr'><strong>et</strong></span> <span class='ocrx_word' id='word_1_428' title='bbox 852 2862 885 2901; x_wconf 87' lang='grc' dir='ltr'><strong>ιι</strong></span> <span class='ocrx_word' id='word_1_429' title='bbox 935 2860 1129 2897; x_wconf 84' lang='lat' dir='ltr'><strong>annum</strong></span> <span class='ocrx_word' id='word_1_430' title='bbox 1164 2844 1311 2909; x_wconf 89' lang='lat' dir='ltr'><strong>regni</strong></span> <span class='ocrx_word' id='word_1_431' title='bbox 1344 2842 1565 2909; x_wconf 75' lang='lat' dir='ltr'><strong>Augusti</strong></span> <span class='ocrx_word' id='word_1_432' title='bbox 1622 2841 1867 2903; x_wconf 65' lang='lat' dir='ltr'><strong>Caesaris,</strong></span> <span class='ocrx_word' id='word_1_433' title='bbox 1913 2840 2036 2894; x_wconf 89' lang='lat' dir='ltr'><strong>anni</strong></span> <span class='ocrx_word' id='word_1_434' title='bbox 2082 2857 2117 2895; x_wconf 92' lang='grc' dir='ltr'><strong>ιι</strong></span> 
     </span>
    </p>
   </div>
   <div class='ocr_carea' id='block_1_58' title="bbox 552 2912 2119 2982">
    <p class='ocr_par' dir='ltr' id='par_1_58' title="bbox 552 2912 2119 2982">
     <span class='ocr_line' id='line_1_58' title="bbox 552 2912 2119 2982; baseline -0.006 -8"><span class='ocrx_word' id='word_1_435' title='bbox 552 2923 694 2974; x_wconf 91' lang='lat' dir='ltr'><strong>mille</strong></span> <span class='ocrx_word' id='word_1_436' title='bbox 726 2931 884 2972; x_wconf 77' lang='lat' dir='ltr'><strong>occec</strong></span> <span class='ocrx_word' id='word_1_437' title='bbox 918 2930 1073 2968; x_wconf 83' lang='lat' dir='ltr'><strong>van.</strong></span> <span class='ocrx_word' id='word_1_438' title='bbox 1113 2914 1177 2966; x_wconf 78' lang='lat' dir='ltr'><strong>Et</strong></span> <span class='ocrx_word' id='word_1_439' title='bbox 1208 2914 1273 2966; x_wconf 89' lang='lat' dir='ltr'><strong>ita</strong></span> <span class='ocrx_word' id='word_1_440' title='bbox 1299 2914 1619 2982; x_wconf 88' lang='lat' dir='ltr'><strong>colliguntur</strong></span> <span class='ocrx_word' id='word_1_441' title='bbox 1639 2914 1704 2963; x_wconf 91' lang='lat' dir='ltr'><strong>ab</strong></span> <span class='ocrx_word' id='word_1_442' title='bbox 1745 2912 1912 2967; x_wconf 81' lang='lat' dir='ltr'><strong>Adam</strong></span> <span class='ocrx_word' id='word_1_443' title='bbox 1949 2912 2119 2982; x_wconf 81' lang='lat' dir='ltr'><strong>primo</strong></span> 
     </span>
    </p>
   </div>
   <div class='ocr_carea' id='block_1_59' title="bbox 555 2981 2119 3053">
    <p class='ocr_par' dir='ltr' id='par_1_59' title="bbox 555 2981 2119 3053">
     <span class='ocr_line' id='line_1_59' title="bbox 555 2981 2119 3053; baseline -0.005 -10"><span class='ocrx_word' id='word_1_444' title='bbox 555 2990 767 3043; x_wconf 87' lang='lat' dir='ltr'><strong>homine</strong></span> <span class='ocrx_word' id='word_1_445' title='bbox 807 3001 972 3053; x_wconf 91' lang='lat' dir='ltr'><strong>usque</strong></span> <span class='ocrx_word' id='word_1_446' title='bbox 1003 2986 1067 3037; x_wconf 89' lang='lat' dir='ltr'><strong>ad</strong></span> <span class='ocrx_word' id='word_1_447' title='bbox 1112 2981 1527 3038; x_wconf 84' lang='lat' dir='ltr'><strong>incarnationem</strong></span> <span class='ocrx_word' id='word_1_448' title='bbox 1558 2982 1765 3053; x_wconf 79' lang='lat' dir='ltr'><strong>Domini</strong></span> <span class='ocrx_word' id='word_1_449' title='bbox 1796 2985 1961 3034; x_wconf 89' lang='lat' dir='ltr'><strong>nostri</strong></span> <span class='ocrx_word' id='word_1_450' title='bbox 1994 2981 2119 3035; x_wconf 86' lang='lat' dir='ltr'><strong>Jesu</strong></span> 
     </span>
    </p>
   </div>
   <div class='ocr_carea' id='block_1_60' title="bbox 551 3052 2116 3122">
    <p class='ocr_par' dir='ltr' id='par_1_60' title="bbox 551 3052 2116 3122">
     <span class='ocr_line' id='line_1_60' title="bbox 551 3052 2116 3122; baseline -0.006 -9"><span class='ocrx_word' id='word_1_451' title='bbox 551 3061 767 3122; x_wconf 83' lang='lat' dir='ltr'><strong>Christi,</strong></span> <span class='ocrx_word' id='word_1_452' title='bbox 800 3068 853 3111; x_wconf 86' lang='lat' dir='ltr'><strong>et</strong></span> <span class='ocrx_word' id='word_1_453' title='bbox 882 3052 988 3108; x_wconf 70' lang='lat' dir='ltr'><strong>mi</strong></span> <span class='ocrx_word' id='word_1_454' title='bbox 1034 3070 1229 3107; x_wconf 87' lang='lat' dir='ltr'><strong>annum</strong></span> <span class='ocrx_word' id='word_1_455' title='bbox 1277 3053 1423 3119; x_wconf 67' lang='lat' dir='ltr'><strong>regni</strong></span> <span class='ocrx_word' id='word_1_456' title='bbox 1455 3052 1679 3119; x_wconf 77' lang='lat' dir='ltr'><strong>Augusti</strong></span> <span class='ocrx_word' id='word_1_457' title='bbox 1711 3053 1963 3115; x_wconf 60' lang='lat' dir='ltr'><strong>Caesaris,</strong></span> <span class='ocrx_word' id='word_1_458' title='bbox 1993 3053 2116 3105; x_wconf 91' lang='lat' dir='ltr'><strong>anni</strong></span> 
     </span>
    </p>
   </div>
   <div class='ocr_carea' id='block_1_61' title="bbox 552 3124 2113 3182">
    <p class='ocr_par' dir='ltr' id='par_1_61' title="bbox 552 3124 2113 3182">
     <span class='ocr_line' id='line_1_61' title="bbox 552 3124 2113 3182; baseline -0.004 -3"><span class='ocrx_word' id='word_1_459' title='bbox 552 3146 581 3179; x_wconf 90' lang='lat' dir='ltr'><strong>v</strong></span> <span class='ocrx_word' id='word_1_460' title='bbox 613 3128 758 3182; x_wconf 89' lang='lat' dir='ltr'><strong>mille</strong></span> <span class='ocrx_word' id='word_1_461' title='bbox 804 3141 966 3181; x_wconf 76' lang='lat' dir='ltr'><strong>occec</strong></span> <span class='ocrx_word' id='word_1_462' title='bbox 1012 3140 1169 3179; x_wconf 78' lang='lat' dir='ltr'><strong>mu.</strong></span> <span class='ocrx_word' id='word_1_463' title='bbox 1207 3125 1270 3177; x_wconf 82' lang='lat' dir='ltr'><strong>Et</strong></span> <span class='ocrx_word' id='word_1_464' title='bbox 1327 3124 1447 3178; x_wconf 89' lang='lat' dir='ltr'><strong>inde</strong></span> <span class='ocrx_word' id='word_1_465' title='bbox 1486 3132 1567 3176; x_wconf 89' lang='lat' dir='ltr'><strong>est</strong></span> <span class='ocrx_word' id='word_1_466' title='bbox 1612 3131 1953 3176; x_wconf 85' lang='lat' dir='ltr'><strong>conversatus</strong></span> <span class='ocrx_word' id='word_1_467' title='bbox 1995 3136 2113 3174; x_wconf 84' lang='lat' dir='ltr'><strong>cuin</strong></span> 
     </span>
    </p>
   </div>
   <div class='ocr_carea' id='block_1_62' title="bbox 552 3192 2118 3264">
    <p class='ocr_par' dir='ltr' id='par_1_62' title="bbox 552 3192 2118 3264">
     <span class='ocr_line' id='line_1_62' title="bbox 552 3192 2118 3264; baseline -0.004 -13"><span class='ocrx_word' id='word_1_468' title='bbox 552 3199 855 3253; x_wconf 87' lang='lat' dir='ltr'><strong>hominibus</strong></span> <span class='ocrx_word' id='word_1_469' title='bbox 898 3211 1056 3264; x_wconf 87' lang='lat' dir='ltr'><strong>super</strong></span> <span class='ocrx_word' id='word_1_470' title='bbox 1104 3205 1296 3247; x_wconf 89' lang='lat' dir='ltr'><strong>terram</strong></span> <span class='ocrx_word' id='word_1_471' title='bbox 1348 3194 1598 3248; x_wconf 86' lang='lat' dir='ltr'><strong>Dominus</strong></span> <span class='ocrx_word' id='word_1_472' title='bbox 1648 3192 2118 3264; x_wconf 79' lang='lat' dir='ltr'><strong>noster_Salvator</strong></span> 
     </span>
    </p>
   </div>
   <div class='ocr_carea' id='block_1_63' title="bbox 554 3262 2117 3329">
    <p class='ocr_par' dir='ltr' id='par_1_63' title="bbox 554 3262 2117 3329">
     <span class='ocr_line' id='line_1_63' title="bbox 554 3262 2117 3329; baseline -0.004 -7"><span class='ocrx_word' id='word_1_473' title='bbox 554 3271 707 3323; x_wconf 84' lang='lat' dir='ltr'><strong>Jcsus</strong></span> <span class='ocrx_word' id='word_1_474' title='bbox 737 3262 983 3321; x_wconf 76' lang='lat' dir='ltr'><strong>Christus</strong></span> <span class='ocrx_word' id='word_1_475' title='bbox 1012 3265 1225 3319; x_wconf 78' lang='lat' dir='ltr'><strong>circiter</strong></span> <span class='ocrx_word' id='word_1_476' title='bbox 1257 3279 1422 3317; x_wconf 86' lang='lat' dir='ltr'><strong>annos</strong></span> <span class='ocrx_word' id='word_1_477' title='bbox 1455 3278 1621 3317; x_wconf 68' lang='grc' dir='ltr'>χχχιιι</span> <span class='ocrx_word' id='word_1_478' title='bbox 1669 3278 1772 3317; x_wconf 91' lang='lat' dir='ltr'><strong>non</strong></span> <span class='ocrx_word' id='word_1_479' title='bbox 1808 3262 1989 3329; x_wconf 82' lang='lat' dir='ltr'><strong>plenos</strong></span> <span class='ocrx_word' id='word_1_480' title='bbox 2024 3276 2117 3329; x_wconf 89' lang='lat' dir='ltr'><strong>pa-</strong></span> 
     </span>
    </p>
   </div>
   <div class='ocr_carea' id='block_1_64' title="bbox 553 3331 2117 3406">
    <p class='ocr_par' dir='ltr' id='par_1_64' title="bbox 553 3331 2117 3406">
     <span class='ocr_line' id='line_1_64' title="bbox 553 3331 2117 3406; baseline -0.003 -15"><span class='ocrx_word' id='word_1_481' title='bbox 553 3355 668 3392; x_wconf 87' lang='lat' dir='ltr'><strong>rum</strong></span> <span class='ocrx_word' id='word_1_482' title='bbox 699 3337 846 3406; x_wconf 88' lang='lat' dir='ltr'><strong>quid.</strong></span> <span class='ocrx_word' id='word_1_483' title='bbox 881 3337 947 3391; x_wconf 78' lang='lat' dir='ltr'><strong>L‘t</strong></span> <span class='ocrx_word' id='word_1_484' title='bbox 981 3337 1106 3389; x_wconf 88' lang='lat' dir='ltr'><strong>liant</strong></span> <span class='ocrx_word' id='word_1_485' title='bbox 1137 3335 1201 3388; x_wconf 89' lang='lat' dir='ltr'><strong>ab</strong></span> <span class='ocrx_word' id='word_1_486' title='bbox 1250 3334 1414 3406; x_wconf 78' lang='lat' dir='ltr'><strong>Adam</strong></span> <span class='ocrx_word' id='word_1_487' title='bbox 1450 3349 1615 3398; x_wconf 76' lang='lat' dir='ltr'><strong>usque</strong></span> <span class='ocrx_word' id='word_1_488' title='bbox 1659 3334 1724 3387; x_wconf 90' lang='lat' dir='ltr'><strong>ad</strong></span> <span class='ocrx_word' id='word_1_489' title='bbox 1774 3331 1981 3406; x_wconf 83' lang='lat' dir='ltr'><strong>Domini</strong></span> <span class='ocrx_word' id='word_1_490' title='bbox 2026 3347 2117 3386; x_wconf 87' lang='lat' dir='ltr'><strong>no-</strong></span> 
     </span>
    </p>
   </div>
   <div class='ocr_carea' id='block_1_65' title="bbox 553 3402 2120 3467">
    <p class='ocr_par' dir='ltr' id='par_1_65' title="bbox 553 3402 2120 3467">
     <span class='ocr_line' id='line_1_65' title="bbox 553 3402 2120 3467; baseline -0.004 -6"><span class='ocrx_word' id='word_1_491' title='bbox 553 3412 648 3461; x_wconf 90' lang='lat' dir='ltr'><strong>stri</strong></span> <span class='ocrx_word' id='word_1_492' title='bbox 680 3402 803 3461; x_wconf 76' lang='lat' dir='ltr'><strong>Jesu</strong></span> <span class='ocrx_word' id='word_1_493' title='bbox 848 3406 1043 3460; x_wconf 88' lang='lat' dir='ltr'><strong>Christi</strong></span> <span class='ocrx_word' id='word_1_494' title='bbox 1076 3405 1367 3459; x_wconf 87' lang='lat' dir='ltr'><strong>secundum</strong></span> <span class='ocrx_word' id='word_1_495' title='bbox 1419 3419 1631 3458; x_wconf 77' lang='lat' dir='ltr'><strong>earncm</strong></span> <span class='ocrx_word' id='word_1_496' title='bbox 1683 3402 2030 3467; x_wconf 84' lang='lat' dir='ltr'><strong>nativitatem,</strong></span> <span class='ocrx_word' id='word_1_497' title='bbox 2064 3410 2120 3455; x_wconf 90' lang='lat' dir='ltr'><strong>et</strong></span> 
     </span>
    </p>
   </div>
   <div class='ocr_carea' id='block_1_66' title="bbox 555 3471 2117 3546">
    <p class='ocr_par' dir='ltr' id='par_1_66' title="bbox 555 3471 2117 3546">
     <span class='ocr_line' id='line_1_66' title="bbox 555 3471 2117 3546; baseline -0.002 -17"><span class='ocrx_word' id='word_1_498' title='bbox 555 3480 852 3546; x_wconf 90' lang='lat' dir='ltr'><strong>passionem</strong></span> <span class='ocrx_word' id='word_1_499' title='bbox 885 3476 1076 3546; x_wconf 84' lang='lat' dir='ltr'><strong>crucis,</strong></span> <span class='ocrx_word' id='word_1_500' title='bbox 1104 3486 1155 3527; x_wconf 90' lang='lat' dir='ltr'><strong>et</strong></span> <span class='ocrx_word' id='word_1_501' title='bbox 1176 3476 1599 3546; x_wconf 79' lang='lat' dir='ltr'><strong>adsumptionem</strong></span> <span class='ocrx_word' id='word_1_502' title='bbox 1630 3475 1745 3541; x_wconf 89' lang='lat' dir='ltr'><strong>ejus</strong></span> <span class='ocrx_word' id='word_1_503' title='bbox 1771 3472 1835 3524; x_wconf 85' lang='lat' dir='ltr'><strong>ad</strong></span> <span class='ocrx_word' id='word_1_504' title='bbox 1864 3472 2028 3526; x_wconf 77' lang='lat' dir='ltr'><strong>caelos</strong></span> <span class='ocrx_word' id='word_1_505' title='bbox 2051 3471 2117 3526; x_wconf 84' lang='lat' dir='ltr'><strong>ad</strong></span> 
     </span>
    </p>
   </div>
   <div class='ocr_carea' id='block_1_67' title="bbox 554 3544 2118 3611">
    <p class='ocr_par' dir='ltr' id='par_1_67' title="bbox 554 3544 2118 3611">
     <span class='ocr_line' id='line_1_67' title="bbox 554 3544 2118 3611; baseline -0.006 -9"><span class='ocrx_word' id='word_1_506' title='bbox 554 3544 787 3609; x_wconf 79' lang='lat' dir='ltr'><strong>Patrem,</strong></span> <span class='ocrx_word' id='word_1_507' title='bbox 820 3545 943 3597; x_wconf 77' lang='lat' dir='ltr'><strong>anni</strong></span> <span class='ocrx_word' id='word_1_508' title='bbox 975 3560 1024 3596; x_wconf 88' lang='lat' dir='ltr'><strong>vt</strong></span> <span class='ocrx_word' id='word_1_509' title='bbox 1056 3546 1199 3597; x_wconf 91' lang='lat' dir='ltr'><strong>mille</strong></span> <span class='ocrx_word' id='word_1_510' title='bbox 1233 3546 1392 3611; x_wconf 91' lang='lat' dir='ltr'><strong>pleni.</strong></span> <span class='ocrx_word' id='word_1_511' title='bbox 1435 3544 1625 3596; x_wconf 82' lang='lat' dir='ltr'><strong>l’halec</strong></span> <span class='ocrx_word' id='word_1_512' title='bbox 1662 3546 1880 3606; x_wconf 91' lang='lat' dir='ltr'><strong>etenim,</strong></span> <span class='ocrx_word' id='word_1_513' title='bbox 1927 3557 2118 3595; x_wconf 87' lang='lat' dir='ltr'><strong>secun-</strong></span> 
     </span>
    </p>
   </div>
   <div class='ocr_carea' id='block_1_68' title="bbox 554 3612 2118 3684">
    <p class='ocr_par' dir='ltr' id='par_1_68' title="bbox 554 3612 2118 3684">
     <span class='ocr_line' id='line_1_68' title="bbox 554 3612 2118 3684; baseline -0.003 -13"><span class='ocrx_word' id='word_1_514' title='bbox 554 3618 681 3671; x_wconf 90' lang='lat' dir='ltr'><strong>dum</strong></span> <span class='ocrx_word' id='word_1_515' title='bbox 714 3615 1075 3684; x_wconf 88' lang='lat' dir='ltr'><strong>propheticam</strong></span> <span class='ocrx_word' id='word_1_516' title='bbox 1105 3628 1287 3665; x_wconf 87' lang='lat' dir='ltr'><strong>vocem</strong></span> <span class='ocrx_word' id='word_1_517' title='bbox 1312 3612 1523 3680; x_wconf 81' lang='lat' dir='ltr'><strong>Moysis,</strong></span> <span class='ocrx_word' id='word_1_518' title='bbox 1554 3616 1604 3684; x_wconf 90' lang='lat' dir='ltr'><strong>in</strong></span> <span class='ocrx_word' id='word_1_519' title='bbox 1628 3614 1905 3665; x_wconf 89' lang='lat' dir='ltr'><strong>dimidium</strong></span> <span class='ocrx_word' id='word_1_520' title='bbox 1928 3613 2118 3666; x_wconf 91' lang='lat' dir='ltr'><strong>dicitur</strong></span> 
     </span>
    </p>
   </div>
   <div class='ocr_carea' id='block_1_69' title="bbox 555 3683 2119 3754">
    <p class='ocr_par' dir='ltr' id='par_1_69' title="bbox 555 3683 2119 3754">
     <span class='ocr_line' id='line_1_69' title="bbox 555 3683 2119 3754; baseline -0.001 -16"><span class='ocrx_word' id='word_1_521' title='bbox 555 3683 811 3754; x_wconf 83' lang='lat' dir='ltr'><strong>temperis</strong></span> <span class='ocrx_word' id='word_1_522' title='bbox 869 3686 1054 3737; x_wconf 68' lang='grc' dir='ltr'>[ιιιιιτίε</span> <span class='ocrx_word' id='word_1_523' title='bbox 1109 3684 1479 3754; x_wconf 72' lang='lat' dir='ltr'><strong>incarnationis</strong></span> <span class='ocrx_word' id='word_1_524' title='bbox 1529 3683 1721 3735; x_wconf 71' lang='lat' dir='ltr'><strong>Chiisti</strong></span> <span class='ocrx_word' id='word_1_525' title='bbox 1772 3684 2119 3754; x_wconf 82' lang='lat' dir='ltr'><strong>intervenisse</strong></span> 
     </span>
    </p>
   </div>
   <div class='ocr_carea' id='block_1_70' title="bbox 555 3752 2115 3810">
    <p class='ocr_par' dir='ltr' id='par_1_70' title="bbox 555 3752 2115 3810">
     <span class='ocr_line' id='line_1_70' title="bbox 555 3752 2115 3810; baseline -0.003 -2"><span class='ocrx_word' id='word_1_526' title='bbox 555 3752 861 3810; x_wconf 81' lang='lat' dir='ltr'><strong>adventum.</strong></span> <span class='ocrx_word' id='word_1_527' title='bbox 917 3755 1063 3807; x_wconf 76' lang='lat' dir='ltr'><strong>Sicut</strong></span> <span class='ocrx_word' id='word_1_528' title='bbox 1094 3756 1231 3805; x_wconf 77' lang='lat' dir='ltr'><strong>enim</strong></span> <span class='ocrx_word' id='word_1_529' title='bbox 1267 3752 1528 3807; x_wconf 83' lang='lat' dir='ltr'><strong>hominem</strong></span> <span class='ocrx_word' id='word_1_530' title='bbox 1575 3765 1721 3805; x_wconf 84' lang='lat' dir='ltr'><strong>sexta</strong></span> <span class='ocrx_word' id='word_1_531' title='bbox 1767 3754 1851 3804; x_wconf 88' lang='lat' dir='ltr'><strong>die</strong></span> <span class='ocrx_word' id='word_1_532' title='bbox 1876 3752 1941 3805; x_wconf 91' lang='lat' dir='ltr'><strong>de</strong></span> <span class='ocrx_word' id='word_1_533' title='bbox 1980 3762 2115 3804; x_wconf 90' lang='lat' dir='ltr'><strong>terra</strong></span> 
     </span>
    </p>
   </div>
   <div class='ocr_carea' id='block_1_71' title="bbox 555 3824 2117 3895">
    <p class='ocr_par' dir='ltr' id='par_1_71' title="bbox 555 3824 2117 3895">
     <span class='ocr_line' id='line_1_71' title="bbox 555 3824 2117 3895; baseline -0.003 -16"><span class='ocrx_word' id='word_1_534' title='bbox 555 3825 836 3895; x_wconf 73' lang='lat' dir='ltr'><strong>plasmavit</strong></span> <span class='ocrx_word' id='word_1_535' title='bbox 863 3826 1019 3895; x_wconf 89' lang='lat' dir='ltr'><strong>Deus,</strong></span> <span class='ocrx_word' id='word_1_536' title='bbox 1063 3833 1119 3876; x_wconf 92' lang='lat' dir='ltr'><strong>ut</strong></span> <span class='ocrx_word' id='word_1_537' title='bbox 1161 3824 1364 3892; x_wconf 81' lang='lat' dir='ltr'><strong>MoyScS</strong></span> <span class='ocrx_word' id='word_1_538' title='bbox 1400 3839 1617 3891; x_wconf 81' lang='lat' dir='ltr'><strong>magnus</strong></span> <span class='ocrx_word' id='word_1_539' title='bbox 1661 3825 1884 3895; x_wconf 81' lang='lat' dir='ltr'><strong>scriptor</strong></span> <span class='ocrx_word' id='word_1_540' title='bbox 1916 3832 2117 3888; x_wconf 86' lang='lat' dir='ltr'><strong>tempo-</strong></span> 
     </span>
    </p>
   </div>
   <div class='ocr_carea' id='block_1_72' title="bbox 554 3894 2111 3963">
    <p class='ocr_par' dir='ltr' id='par_1_72' title="bbox 554 3894 2111 3963">
     <span class='ocr_line' id='line_1_72' title="bbox 554 3894 2111 3963; baseline -0.003 -12"><span class='ocrx_word' id='word_1_541' title='bbox 554 3894 671 3951; x_wconf 87' lang='lat' dir='ltr'><strong>rum</strong></span> <span class='ocrx_word' id='word_1_542' title='bbox 700 3898 944 3963; x_wconf 84' lang='lat' dir='ltr'><strong>ettposuit</strong></span> <span class='ocrx_word' id='word_1_543' title='bbox 968 3894 1019 3947; x_wconf 92' lang='lat' dir='ltr'><strong>in</strong></span> <span class='ocrx_word' id='word_1_544' title='bbox 1050 3896 1159 3946; x_wconf 83' lang='lat' dir='ltr'><strong>suis</strong></span> <span class='ocrx_word' id='word_1_545' title='bbox 1196 3910 1477 3946; x_wconf 89' lang='lat' dir='ltr'><strong>tnonumen</strong></span> <span class='ocrx_word' id='word_1_546' title='bbox 1509 3912 1572 3959; x_wconf 68' lang='lat' dir='ltr'><strong>is,</strong></span> <span class='ocrx_word' id='word_1_547' title='bbox 1607 3896 1675 3947; x_wconf 88' lang='lat' dir='ltr'><strong>ita</strong></span> <span class='ocrx_word' id='word_1_548' title='bbox 1707 3896 1807 3947; x_wconf 89' lang='lat' dir='ltr'><strong>hoe</strong></span> <span class='ocrx_word' id='word_1_549' title='bbox 1838 3894 2072 3946; x_wconf 73' lang='lat' dir='ltr'><strong>dciinivnt</strong></span> <span class='ocrx_word' id='word_1_550' title='bbox 2100 3912 2111 3946; x_wconf 93' lang='lat'><strong>:</strong></span> 
     </span>
    </p>
   </div>
   <div class='ocr_carea' id='block_1_73' title="bbox 554 3963 2113 4033">
    <p class='ocr_par' dir='ltr' id='par_1_73' title="bbox 554 3963 2113 4033">
     <span class='ocr_line' id='line_1_73' title="bbox 554 3963 2113 4033; baseline -0.001 -13"><span class='ocrx_word' id='word_1_551' title='bbox 554 3968 621 4020; x_wconf 84' lang='lat' dir='ltr'><strong>Et</strong></span> <span class='ocrx_word' id='word_1_552' title='bbox 644 3968 766 4026; x_wconf 88' lang='lat' dir='ltr'><strong>erit,</strong></span> <span class='ocrx_word' id='word_1_553' title='bbox 823 3964 1009 4033; x_wconf 88' lang='lat' dir='ltr'><strong>inquit,</strong></span> <span class='ocrx_word' id='word_1_554' title='bbox 1058 3979 1156 4016; x_wconf 90' lang='lat' dir='ltr'><strong>una</strong></span> <span class='ocrx_word' id='word_1_555' title='bbox 1200 3965 1314 4016; x_wconf 89' lang='lat' dir='ltr'><strong>dies</strong></span> <span class='ocrx_word' id='word_1_556' title='bbox 1360 3964 1565 4016; x_wconf 90' lang='lat' dir='ltr'><strong>Domini</strong></span> <span class='ocrx_word' id='word_1_557' title='bbox 1617 3966 1751 4018; x_wconf 82' lang='lat' dir='ltr'><strong>sient</strong></span> <span class='ocrx_word' id='word_1_558' title='bbox 1796 3963 1938 4016; x_wconf 92' lang='lat' dir='ltr'><strong>mille</strong></span> <span class='ocrx_word' id='word_1_559' title='bbox 1966 3966 2113 4019; x_wconf 90' lang='lat' dir='ltr'><strong>anni.</strong></span> 
     </span>
    </p>
   </div>
   <div class='ocr_carea' id='block_1_74' title="bbox 553 4034 2117 4102">
    <p class='ocr_par' dir='ltr' id='par_1_74' title="bbox 553 4034 2117 4102">
     <span class='ocr_line' id='line_1_74' title="bbox 553 4034 2117 4102; baseline -0.001 -12"><span class='ocrx_word' id='word_1_560' title='bbox 553 4037 715 4094; x_wconf 76' lang='lat' dir='ltr'><strong>Sexta</strong></span> <span class='ocrx_word' id='word_1_561' title='bbox 747 4036 902 4102; x_wconf 87' lang='lat' dir='ltr'><strong>igitur</strong></span> <span class='ocrx_word' id='word_1_562' title='bbox 930 4036 1017 4088; x_wconf 91' lang='lat' dir='ltr'><strong>die</strong></span> <span class='ocrx_word' id='word_1_563' title='bbox 1047 4034 1198 4086; x_wconf 71' lang='lat' dir='ltr'><strong>ﬁnxit</strong></span> <span class='ocrx_word' id='word_1_564' title='bbox 1224 4035 1487 4088; x_wconf 87' lang='lat' dir='ltr'><strong>hominem</strong></span> <span class='ocrx_word' id='word_1_565' title='bbox 1516 4035 1676 4100; x_wconf 88' lang='lat' dir='ltr'><strong>Deus,</strong></span> <span class='ocrx_word' id='word_1_566' title='bbox 1708 4044 1762 4087; x_wconf 91' lang='lat' dir='ltr'><strong>et</strong></span> <span class='ocrx_word' id='word_1_567' title='bbox 1789 4034 1982 4087; x_wconf 87' lang='lat' dir='ltr'><strong>cecidit</strong></span> <span class='ocrx_word' id='word_1_568' title='bbox 2018 4038 2117 4088; x_wconf 86' lang='lat' dir='ltr'><strong>sub</strong></span> 
     </span>
    </p>
   </div>
   <div class='ocr_carea' id='block_1_75' title="bbox 558 4103 2113 4175">
    <p class='ocr_par' dir='ltr' id='par_1_75' title="bbox 558 4103 2113 4175">
     <span class='ocr_line' id='line_1_75' title="bbox 558 4103 2113 4175; baseline -0.006 -14"><span class='ocrx_word' id='word_1_569' title='bbox 558 4117 827 4175; x_wconf 84' lang='lat' dir='ltr'><strong>peccatum</strong></span> <span class='ocrx_word' id='word_1_570' title='bbox 875 4105 1054 4158; x_wconf 83' lang='lat' dir='ltr'><strong>hono.</strong></span> <span class='ocrx_word' id='word_1_571' title='bbox 1088 4103 1152 4175; x_wconf 80' lang='lat' dir='ltr'><strong>Ut</strong></span> <span class='ocrx_word' id='word_1_572' title='bbox 1201 4105 1300 4175; x_wconf 88' lang='lat' dir='ltr'><strong>hoc</strong></span> <span class='ocrx_word' id='word_1_573' title='bbox 1351 4119 1563 4173; x_wconf 89' lang='lat' dir='ltr'><strong>quoque</strong></span> <span class='ocrx_word' id='word_1_574' title='bbox 1606 4105 1797 4158; x_wconf 88' lang='lat' dir='ltr'><strong>clarius</strong></span> <span class='ocrx_word' id='word_1_575' title='bbox 1842 4117 2113 4175; x_wconf 80' lang='lat' dir='ltr'><strong>appareat,</strong></span> 
     </span>
    </p>
   </div>
   <div class='ocr_carea' id='block_1_76' title="bbox 552 4173 2112 4246">
    <p class='ocr_par' dir='ltr' id='par_1_76' title="bbox 552 4173 2112 4246">
     <span class='ocr_line' id='line_1_76' title="bbox 552 4173 2112 4246; baseline -0.003 -15"><span class='ocrx_word' id='word_1_576' title='bbox 552 4173 674 4246; x_wconf 83' lang='lat' dir='ltr'><strong>quia</strong></span> <span class='ocrx_word' id='word_1_577' title='bbox 728 4178 866 4229; x_wconf 88' lang='lat' dir='ltr'><strong>sicut</strong></span> <span class='ocrx_word' id='word_1_578' title='bbox 911 4186 1058 4227; x_wconf 85' lang='lat' dir='ltr'><strong>sexta</strong></span> <span class='ocrx_word' id='word_1_579' title='bbox 1110 4174 1195 4227; x_wconf 89' lang='lat' dir='ltr'><strong>die</strong></span> <span class='ocrx_word' id='word_1_580' title='bbox 1245 4174 1403 4227; x_wconf 88' lang='lat' dir='ltr'><strong>homo</strong></span> <span class='ocrx_word' id='word_1_581' title='bbox 1455 4177 1504 4227; x_wconf 93' lang='lat' dir='ltr'><strong>in</strong></span> <span class='ocrx_word' id='word_1_582' title='bbox 1552 4173 2112 4246; x_wconf 84' lang='lat' dir='ltr'><strong>paradisoplastnatus</strong></span> 
     </span>
    </p>
   </div>
   <div class='ocr_carea' id='block_1_77' title="bbox 554 4244 2115 4312">
    <p class='ocr_par' dir='ltr' id='par_1_77' title="bbox 554 4244 2115 4312">
     <span class='ocr_line' id='line_1_77' title="bbox 554 4244 2115 4312; baseline -0.001 -13"><span class='ocrx_word' id='word_1_583' title='bbox 554 4244 751 4300; x_wconf 83' lang='lat' dir='ltr'><strong>corruit</strong></span> <span class='ocrx_word' id='word_1_584' title='bbox 779 4247 829 4298; x_wconf 90' lang='lat' dir='ltr'><strong>in</strong></span> <span class='ocrx_word' id='word_1_585' title='bbox 860 4254 1158 4312; x_wconf 89' lang='lat' dir='ltr'><strong>peccatum,</strong></span> <span class='ocrx_word' id='word_1_586' title='bbox 1188 4248 1255 4297; x_wconf 89' lang='lat' dir='ltr'><strong>ita</strong></span> <span class='ocrx_word' id='word_1_587' title='bbox 1283 4253 1432 4297; x_wconf 89' lang='lat' dir='ltr'><strong>sexto</strong></span> <span class='ocrx_word' id='word_1_588' title='bbox 1459 4246 1628 4297; x_wconf 64' lang='lat' dir='ltr'><strong>artatis</strong></span> <span class='ocrx_word' id='word_1_589' title='bbox 1658 4244 1837 4297; x_wconf 89' lang='lat' dir='ltr'><strong>mundi</strong></span> <span class='ocrx_word' id='word_1_590' title='bbox 1869 4244 2115 4297; x_wconf 86' lang='lat' dir='ltr'><strong>milliatio</strong></span> 
     </span>
    </p>
   </div>
   <div class='ocr_carea' id='block_1_78' title="bbox 553 4313 2115 4382">
    <p class='ocr_par' dir='ltr' id='par_1_78' title="bbox 553 4313 2115 4382">
     <span class='ocr_line' id='line_1_78' title="bbox 553 4313 2115 4382; baseline -0.001 -12"><span class='ocrx_word' id='word_1_591' title='bbox 553 4317 796 4370; x_wconf 88' lang='lat' dir='ltr'><strong>Christus</strong></span> <span class='ocrx_word' id='word_1_592' title='bbox 841 4329 1000 4382; x_wconf 91' lang='lat' dir='ltr'><strong>super</strong></span> <span class='ocrx_word' id='word_1_593' title='bbox 1030 4326 1220 4367; x_wconf 84' lang='lat' dir='ltr'><strong>terrain</strong></span> <span class='ocrx_word' id='word_1_594' title='bbox 1268 4314 1634 4368; x_wconf 76' lang='lat' dir='ltr'><strong>tnanil‘estatus</strong></span> <span class='ocrx_word' id='word_1_595' title='bbox 1660 4325 1760 4379; x_wconf 91' lang='lat' dir='ltr'><strong>est,</strong></span> <span class='ocrx_word' id='word_1_596' title='bbox 1796 4322 1850 4367; x_wconf 89' lang='lat' dir='ltr'><strong>et</strong></span> <span class='ocrx_word' id='word_1_597' title='bbox 1895 4313 2115 4369; x_wconf 86' lang='lat' dir='ltr'><strong>salvavit</strong></span> 
     </span>
    </p>
   </div>
   <div class='ocr_carea' id='block_1_79' title="bbox 555 4385 2110 4454">
    <p class='ocr_par' dir='ltr' id='par_1_79' title="bbox 555 4385 2110 4454">
     <span class='ocr_line' id='line_1_79' title="bbox 555 4385 2110 4454; baseline -0.002 -14"><span class='ocrx_word' id='word_1_598' title='bbox 555 4388 850 4451; x_wconf 90' lang='lat' dir='ltr'><strong>hominem,</strong></span> <span class='ocrx_word' id='word_1_599' title='bbox 896 4400 988 4452; x_wconf 89' lang='lat' dir='ltr'><strong>per</strong></span> <span class='ocrx_word' id='word_1_600' title='bbox 1016 4387 1187 4437; x_wconf 91' lang='lat' dir='ltr'><strong>crucis</strong></span> <span class='ocrx_word' id='word_1_601' title='bbox 1238 4385 1565 4452; x_wconf 79' lang='lat' dir='ltr'><strong>signaculum</strong></span> <span class='ocrx_word' id='word_1_602' title='bbox 1599 4386 1724 4454; x_wconf 83' lang='lat' dir='ltr'><strong>ligni</strong></span> <span class='ocrx_word' id='word_1_603' title='bbox 1768 4393 1819 4438; x_wconf 86' lang='lat' dir='ltr'><strong>et</strong></span> <span class='ocrx_word' id='word_1_604' title='bbox 1867 4398 2110 4439; x_wconf 88' lang='lat' dir='ltr'><strong>resurre-</strong></span> 
     </span>
    </p>
   </div>
   <div class='ocr_carea' id='block_1_80' title="bbox 553 4455 1565 4511">
    <p class='ocr_par' dir='ltr' id='par_1_80' title="bbox 553 4455 1565 4511">
     <span class='ocr_line' id='line_1_80' title="bbox 553 4455 1565 4511; baseline -0.003 0"><span class='ocrx_word' id='word_1_605' title='bbox 553 4459 781 4511; x_wconf 88' lang='lat' dir='ltr'><strong>ctionem</strong></span> <span class='ocrx_word' id='word_1_606' title='bbox 815 4470 877 4508; x_wconf 84' lang='lat' dir='ltr'><strong>ex</strong></span> <span class='ocrx_word' id='word_1_607' title='bbox 913 4455 1133 4507; x_wconf 88' lang='lat' dir='ltr'><strong>mortuis</strong></span> <span class='ocrx_word' id='word_1_608' title='bbox 1162 4455 1496 4508; x_wconf 78' lang='lat' dir='ltr'><strong>reformando</strong></span> <span class='ocrx_word' id='word_1_609' title='bbox 1520 4460 1565 4508; x_wconf 77' lang='lat'><strong>8.</strong></span> 
     </span>
    </p>
   </div>
   <div class='ocr_carea' id='block_1_81' title="bbox 624 4524 2120 4593">
    <p class='ocr_par' dir='ltr' id='par_1_81' title="bbox 624 4524 2120 4593">
     <span class='ocr_line' id='line_1_81' title="bbox 624 4524 2120 4593; baseline 0.001 -16"><span class='ocrx_word' id='word_1_610' title='bbox 624 4526 679 4580; x_wconf 70' lang='grc'><strong>4.</strong></span> <span class='ocrx_word' id='word_1_611' title='bbox 709 4526 857 4590; x_wconf 92' lang='lat' dir='ltr'><strong>Quod</strong></span> <span class='ocrx_word' id='word_1_612' title='bbox 889 4525 1045 4577; x_wconf 87' lang='lat' dir='ltr'><strong>etiam</strong></span> <span class='ocrx_word' id='word_1_613' title='bbox 1076 4526 1182 4590; x_wconf 84' lang='lat' dir='ltr'><strong>pari</strong></span> <span class='ocrx_word' id='word_1_614' title='bbox 1216 4528 1369 4578; x_wconf 86' lang='lat' dir='ltr'><strong>modo</strong></span> <span class='ocrx_word' id='word_1_615' title='bbox 1396 4524 1641 4579; x_wconf 85' lang='lat' dir='ltr'><strong>Clemens</strong></span> <span class='ocrx_word' id='word_1_616' title='bbox 1684 4526 1762 4577; x_wconf 80' lang='lat' dir='ltr'><strong>Vel</strong></span> <span class='ocrx_word' id='word_1_617' title='bbox 1792 4525 2120 4593; x_wconf 88' lang='lat' dir='ltr'><strong>Theophilus</strong></span> 
     </span>
    </p>
   </div>
   <div class='ocr_carea' id='block_1_82' title="bbox 551 4593 2121 4663">
    <p class='ocr_par' dir='ltr' id='par_1_82' title="bbox 551 4593 2121 4663">
     <span class='ocr_line' id='line_1_82' title="bbox 551 4593 2121 4663; baseline 0.001 -14"><span class='ocrx_word' id='word_1_618' title='bbox 551 4606 605 4650; x_wconf 92' lang='lat' dir='ltr'><strong>et</strong></span> <span class='ocrx_word' id='word_1_619' title='bbox 651 4596 979 4656; x_wconf 81' lang='lat' dir='ltr'><strong>Timotheus,</strong></span> <span class='ocrx_word' id='word_1_620' title='bbox 1030 4593 1353 4647; x_wconf 79' lang='lat' dir='ltr'><strong>dilectissimi</strong></span> <span class='ocrx_word' id='word_1_621' title='bbox 1414 4596 1502 4649; x_wconf 86' lang='lat' dir='ltr'><strong>Dei</strong></span> <span class='ocrx_word' id='word_1_622' title='bbox 1547 4598 1778 4663; x_wconf 85' lang='lat' dir='ltr'><strong>episcopi</strong></span> <span class='ocrx_word' id='word_1_623' title='bbox 1810 4607 1862 4651; x_wconf 91' lang='lat' dir='ltr'><strong>et</strong></span> <span class='ocrx_word' id='word_1_624' title='bbox 1891 4600 2121 4650; x_wconf 88' lang='lat' dir='ltr'><strong>chrono-</strong></span> 
     </span>
    </p>
   </div>
   <div class='ocr_carea' id='block_1_83' title="bbox 552 4664 2121 4735">
    <p class='ocr_par' dir='ltr' id='par_1_83' title="bbox 552 4664 2121 4735">
     <span class='ocr_line' id='line_1_83' title="bbox 552 4664 2121 4735; baseline 0.003 -18"><span class='ocrx_word' id='word_1_625' title='bbox 552 4667 760 4735; x_wconf 79' lang='lat' dir='ltr'><strong>graphi,</strong></span> <span class='ocrx_word' id='word_1_626' title='bbox 794 4665 1225 4735; x_wconf 78' lang='lat' dir='ltr'><strong>explanaverunt,</strong></span> <span class='ocrx_word' id='word_1_627' title='bbox 1271 4664 1495 4718; x_wconf 89' lang='lat' dir='ltr'><strong>invicem</strong></span> <span class='ocrx_word' id='word_1_628' title='bbox 1524 4667 1607 4721; x_wconf 93' lang='lat' dir='ltr'><strong>hic</strong></span> <span class='ocrx_word' id='word_1_629' title='bbox 1633 4678 2005 4720; x_wconf 86' lang='lat' dir='ltr'><strong>consonantes.</strong></span> <span class='ocrx_word' id='word_1_630' title='bbox 2038 4667 2121 4721; x_wconf 89' lang='lat' dir='ltr'><strong>Di-</strong></span> 
     </span>
    </p>
   </div>
   <div class='ocr_carea' id='block_1_84' title="bbox 553 4734 2118 4806">
    <p class='ocr_par' dir='ltr' id='par_1_84' title="bbox 553 4734 2118 4806">
     <span class='ocr_line' id='line_1_84' title="bbox 553 4734 2118 4806; baseline 0.001 -16"><span class='ocrx_word' id='word_1_631' title='bbox 553 4734 718 4791; x_wconf 78' lang='lat' dir='ltr'><strong>lectus</strong></span> <span class='ocrx_word' id='word_1_632' title='bbox 748 4746 923 4789; x_wconf 83' lang='lat' dir='ltr'><strong>autem</strong></span> <span class='ocrx_word' id='word_1_633' title='bbox 953 4734 1043 4788; x_wconf 86' lang='lat' dir='ltr'><strong>Dei</strong></span> <span class='ocrx_word' id='word_1_634' title='bbox 1073 4734 1506 4803; x_wconf 80' lang='lat' dir='ltr'><strong>chronographus</strong></span> <span class='ocrx_word' id='word_1_635' title='bbox 1555 4736 1815 4792; x_wconf 73' lang='lat' dir='ltr'><strong>Eusebius</strong></span> <span class='ocrx_word' id='word_1_636' title='bbox 1862 4738 2118 4806; x_wconf 87' lang='lat' dir='ltr'><strong>l‘amphili</strong></span> 
     </span>
    </p>
   </div>
   <div class='ocr_carea' id='block_1_85' title="bbox 554 4869 2116 4946">
    <p class='ocr_par' dir='ltr' id='par_1_85' title="bbox 554 4869 2116 4946">
     <span class='ocr_line' id='line_1_85' title="bbox 554 4869 2116 4946; baseline 0.004 -21"><span class='ocrx_word' id='word_1_637' title='bbox 554 4869 769 4925; x_wconf 87' lang='lat' dir='ltr'><strong>motheo</strong></span> <span class='ocrx_word' id='word_1_638' title='bbox 797 4880 956 4939; x_wconf 83' lang='lat' dir='ltr'><strong>atque</strong></span> <span class='ocrx_word' id='word_1_639' title='bbox 985 4871 1514 4946; x_wconf 76' lang='lat' dir='ltr'><strong>Ensebio,_legantur</strong></span> <span class='ocrx_word' id='word_1_640' title='bbox 1542 4874 1697 4928; x_wconf 88' lang='lat' dir='ltr'><strong>llodii</strong></span> <span class='ocrx_word' id='word_1_641' title='bbox 1740 4876 2116 4946; x_wconf 82' lang='lat' dir='ltr'><strong>prolegmnena</strong></span> 
     </span>
    </p>
   </div>
   <div class='ocr_carea' id='block_1_86' title="bbox 551 4944 2116 5018">
    <p class='ocr_par' dir='ltr' id='par_1_86' title="bbox 551 4944 2116 5018">
     <span class='ocr_line' id='line_1_86' title="bbox 551 4944 2116 5018; baseline 0.004 -22"><span class='ocrx_word' id='word_1_642' title='bbox 551 4956 609 4996; x_wconf 82' lang='grc' dir='ltr'><strong>η.</strong></span> <span class='ocrx_word' id='word_1_643' title='bbox 640 4956 774 5007; x_wconf 80' lang='lat' dir='ltr'><strong>xstt,</strong></span> <span class='ocrx_word' id='word_1_644' title='bbox 803 4957 957 5018; x_wconf 70' lang='lat' dir='ltr'><strong>situt,</strong></span> <span class='ocrx_word' id='word_1_645' title='bbox 989 4944 1467 5018; x_wconf 65' lang='lat' dir='ltr'><strong>xxiv,_quibuse_um</strong></span> <span class='ocrx_word' id='word_1_646' title='bbox 1494 4944 1935 5018; x_wconf 77' lang='lat' dir='ltr'><strong>tamencunlerre</strong></span> <span class='ocrx_word' id='word_1_647' title='bbox 1959 4966 2116 5018; x_wconf 87' lang='lat' dir='ltr'><strong>opor-</strong></span> 
     </span>
    </p>
   </div>
   <div class='ocr_carea' id='block_1_87' title="bbox 551 5012 1853 5072">
    <p class='ocr_par' dir='ltr' id='par_1_87' title="bbox 551 5012 1853 5072">
     <span class='ocr_line' id='line_1_87' title="bbox 551 5012 1853 5072; baseline 0.005 -7"><span class='ocrx_word' id='word_1_648' title='bbox 551 5019 629 5065; x_wconf 91' lang='lat' dir='ltr'><strong>tet</strong></span> <span class='ocrx_word' id='word_1_649' title='bbox 651 5014 1097 5067; x_wconf 80' lang='lat' dir='ltr'><strong>contradictiones</strong></span> <span class='ocrx_word' id='word_1_650' title='bbox 1118 5013 1184 5065; x_wconf 80' lang='lat' dir='ltr'><strong>C.</strong></span> <span class='ocrx_word' id='word_1_651' title='bbox 1216 5012 1389 5067; x_wconf 67' lang='lat' dir='ltr'><strong>Cavaai</strong></span> <span class='ocrx_word' id='word_1_652' title='bbox 1424 5026 1523 5067; x_wconf 83' lang='lat' dir='ltr'><strong>art.</strong></span> <span class='ocrx_word' id='word_1_653' title='bbox 1549 5016 1615 5068; x_wconf 89' lang='lat' dir='ltr'><strong>de</strong></span> <span class='ocrx_word' id='word_1_654' title='bbox 1645 5017 1853 5072; x_wconf 85' lang='lat' dir='ltr'><strong>Malala.</strong></span> 
     </span>
    </p>
   </div>
   <div class='ocr_carea' id='block_1_88' title="bbox 624 5081 1709 5152">
    <p class='ocr_par' dir='ltr' id='par_1_88' title="bbox 624 5081 1709 5152">
     <span class='ocr_line' id='line_1_88' title="bbox 624 5081 1709 5152; baseline 0.004 -18"><span class='ocrx_word' id='word_1_655' title='bbox 624 5088 649 5152; x_wconf 63' lang='grc' dir='ltr'><strong>ξ’</strong></span> <span class='ocrx_word' id='word_1_656' title='bbox 672 5081 850 5152; x_wconf 75' lang='lat' dir='ltr'><strong>Codex</strong></span> <span class='ocrx_word' id='word_1_657' title='bbox 874 5082 1031 5136; x_wconf 90' lang='lat' dir='ltr'><strong>habet</strong></span> <span class='ocrx_word' id='word_1_658' title='bbox 1060 5086 1291 5151; x_wconf 77' lang='lat' dir='ltr'><strong>superius</strong></span> <span class='ocrx_word' id='word_1_659' title='bbox 1320 5098 1413 5152; x_wconf 91' lang='lat' dir='ltr'><strong>pro</strong></span> <span class='ocrx_word' id='word_1_660' title='bbox 1440 5084 1709 5139; x_wconf 80' lang='lat' dir='ltr'><strong>Eusebius.</strong></span> 
     </span>
    </p>
   </div>
   <div class='ocr_carea' id='block_1_89' title="bbox 619 5148 1380 5219">
    <p class='ocr_par' dir='ltr' id='par_1_89' title="bbox 619 5148 1380 5219">
     <span class='ocr_line' id='line_1_89' title="bbox 619 5148 1380 5219; baseline 0.004 -16"><span class='ocrx_word' id='word_1_661' title='bbox 619 5148 647 5189; x_wconf 73' lang='grc' dir='ltr'>ιι</span> <span class='ocrx_word' id='word_1_662' title='bbox 678 5151 892 5219; x_wconf 85' lang='lat' dir='ltr'><strong>Euseb.,</strong></span> <span class='ocrx_word' id='word_1_663' title='bbox 922 5152 1056 5206; x_wconf 88' lang='lat' dir='ltr'><strong>llist.</strong></span> <span class='ocrx_word' id='word_1_664' title='bbox 1088 5148 1218 5208; x_wconf 84' lang='lat' dir='ltr'><strong>ecel.</strong></span> <span class='ocrx_word' id='word_1_665' title='bbox 1252 5170 1289 5218; x_wconf 84' lang='grc' dir='ltr'>ι,</span> <span class='ocrx_word' id='word_1_666' title='bbox 1322 5148 1380 5209; x_wconf 71' lang='lat'><strong>5.</strong></span> 
     </span>
    </p>
   </div>
   <div class='ocr_carea' id='block_1_90' title="bbox 549 5220 2115 5346">
    <p class='ocr_par' dir='ltr' id='par_1_90' title="bbox 549 5220 2115 5346">
     <span class='ocr_line' id='line_1_90' title="bbox 549 5220 2115 5346; baseline 0.006 -71"><span class='ocrx_word' id='word_1_667' title='bbox 549 5292 580 5346; x_wconf 56' lang='grc' dir='ltr'>ἀ</span> <span class='ocrx_word' id='word_1_668' title='bbox 624 5220 849 5304; x_wconf 38' lang='lat' dir='ltr'><strong>°.U-titur</strong></span> <span class='ocrx_word' id='word_1_669' title='bbox 897 5234 1079 5278; x_wconf 89' lang='lat' dir='ltr'><strong>uoster</strong></span> <span class='ocrx_word' id='word_1_670' title='bbox 1129 5225 1570 5294; x_wconf 87' lang='lat' dir='ltr'><strong>appellationibus</strong></span> <span class='ocrx_word' id='word_1_671' title='bbox 1620 5228 1877 5282; x_wconf 90' lang='lat' dir='ltr'><strong>mensium</strong></span> <span class='ocrx_word' id='word_1_672' title='bbox 1938 5228 2115 5284; x_wconf 77' lang='lat' dir='ltr'><strong>Mace-</strong></span> 
     </span>
     <span class='ocr_line' id='line_1_91' title="bbox 586 5307 774 5346; baseline -0.011 0"><span class='ocrx_word' id='word_1_673' title='bbox 586 5307 774 5346; x_wconf 85' lang='lat' dir='ltr'><strong>unicis.</strong></span> 
     </span>
    </p>
   </div>
   <div class='ocr_carea' id='block_1_91' title="bbox 586 5307 774 5347">
    <p class='ocr_par' dir='ltr' id='par_1_91' title="bbox 586 5307 774 5347">
     <span class='ocr_line' id='line_1_92' title="bbox 586 5307 774 5347; baseline -0.016 0"><span class='ocrx_word' id='word_1_674' title='bbox 586 5307 774 5347; x_wconf 82' lang='lat' dir='ltr'><strong>OIIICIS.</strong></span> 
     </span>
    </p>
   </div>
   <div class='ocr_carea' id='block_1_92' title="bbox 620 5362 2116 5435">
    <p class='ocr_par' dir='ltr' id='par_1_92' title="bbox 620 5362 2116 5435">
     <span class='ocr_line' id='line_1_93' title="bbox 620 5362 2116 5435; baseline 0.004 -20"><span class='ocrx_word' id='word_1_675' title='bbox 620 5362 915 5427; x_wconf 77' lang='lat' dir='ltr'><strong>dillalalas,</strong></span> <span class='ocrx_word' id='word_1_676' title='bbox 965 5365 1047 5419; x_wconf 89' lang='lat' dir='ltr'><strong>vel</strong></span> <span class='ocrx_word' id='word_1_677' title='bbox 1090 5364 1325 5420; x_wconf 74' lang='lat' dir='ltr'><strong>IIlSioriCl</strong></span> <span class='ocrx_word' id='word_1_678' title='bbox 1383 5368 1518 5435; x_wconf 89' lang='lat' dir='ltr'><strong>apud</strong></span> <span class='ocrx_word' id='word_1_679' title='bbox 1568 5368 1845 5435; x_wconf 88' lang='lat' dir='ltr'><strong>eumdem,</strong></span> <span class='ocrx_word' id='word_1_680' title='bbox 1903 5384 1954 5435; x_wconf 89' lang='lat' dir='ltr'><strong>p.</strong></span> <span class='ocrx_word' id='word_1_681' title='bbox 2012 5369 2116 5435; x_wconf 73' lang='lat'><strong>93$,</strong></span> 
     </span>
    </p>
   </div>
   <div class='ocr_carea' id='block_1_93' title="bbox 550 5435 2113 5510">
    <p class='ocr_par' dir='ltr' id='par_1_93' title="bbox 550 5435 2113 5510">
     <span class='ocr_line' id='line_1_94' title="bbox 550 5435 2113 5510; baseline 0.008 -27"><span class='ocrx_word' id='word_1_682' title='bbox 550 5435 732 5510; x_wconf 70' lang='lat' dir='ltr'><strong>Quinti</strong></span> <span class='ocrx_word' id='word_1_683' title='bbox 758 5446 802 5487; x_wconf 86' lang='lat' dir='ltr'><strong>et</strong></span> <span class='ocrx_word' id='word_1_684' title='bbox 828 5435 1062 5510; x_wconf 47' lang='lat' dir='ltr'><strong>Dungiui.</strong></span> <span class='ocrx_word' id='word_1_685' title='bbox 1093 5437 1179 5491; x_wconf 88' lang='lat' dir='ltr'><strong>Sic</strong></span> <span class='ocrx_word' id='word_1_686' title='bbox 1206 5438 1362 5490; x_wconf 84' lang='lat' dir='ltr'><strong>etiam</strong></span> <span class='ocrx_word' id='word_1_687' title='bbox 1397 5443 1732 5494; x_wconf 78' lang='lat' dir='ltr'><strong>consentiunt</strong></span> <span class='ocrx_word' id='word_1_688' title='bbox 1760 5440 1831 5492; x_wconf 86' lang='lat' dir='ltr'><strong>de</strong></span> <span class='ocrx_word' id='word_1_689' title='bbox 1859 5455 2113 5510; x_wconf 83' lang='lat' dir='ltr'><strong>procura-</strong></span> 
     </span>
    </p>
   </div>
   <div class='ocr_carea' id='block_1_94' title="bbox 551 5504 922 5559">
    <p class='ocr_par' dir='ltr' id='par_1_94' title="bbox 551 5504 922 5559">
     <span class='ocr_line' id='line_1_95' title="bbox 551 5504 922 5559; baseline 0.011 -4"><span class='ocrx_word' id='word_1_690' title='bbox 551 5515 665 5559; x_wconf 89' lang='lat' dir='ltr'><strong>tore</strong></span> <span class='ocrx_word' id='word_1_691' title='bbox 695 5504 922 5559; x_wconf 83' lang='lat' dir='ltr'><strong>V.te!lio.</strong></span> 
     </span>
    </p>
   </div>
   <div class='ocr_carea' id='block_1_95' title="bbox 624 5574 2117 5653">
    <p class='ocr_par' dir='ltr' id='par_1_95' title="bbox 624 5574 2117 5653">
     <span class='ocr_line' id='line_1_96' title="bbox 624 5574 2117 5653; baseline 0.006 -27"><span class='ocrx_word' id='word_1_692' title='bbox 624 5584 646 5608; x_wconf 75' lang='grc' dir='ltr'>ε</span> <span class='ocrx_word' id='word_1_693' title='bbox 672 5574 885 5653; x_wconf 58' lang='lat' dir='ltr'><strong>Alalalas</strong></span> <span class='ocrx_word' id='word_1_694' title='bbox 907 5578 1255 5653; x_wconf 59' lang='grc' dir='ltr'><strong>προᾳχοέγτος</strong></span> <span class='ocrx_word' id='word_1_695' title='bbox 1272 5584 1477 5647; x_wconf 75' lang='grc' dir='ltr'><strong>νεωστὶ,</strong></span> <span class='ocrx_word' id='word_1_696' title='bbox 1494 5596 1649 5650; x_wconf 84' lang='lat' dir='ltr'><strong>nuper</strong></span> <span class='ocrx_word' id='word_1_697' title='bbox 1669 5582 1906 5653; x_wconf 81' lang='lat' dir='ltr'><strong>promoti.</strong></span> <span class='ocrx_word' id='word_1_698' title='bbox 1928 5581 2117 5635; x_wconf 83' lang='lat' dir='ltr'><strong>Noster</strong></span> 
     </span>
    </p>
   </div>
   <div class='ocr_carea' id='block_1_96' title="bbox 552 5648 1206 5716">
    <p class='ocr_par' dir='ltr' id='par_1_96' title="bbox 552 5648 1206 5716">
     <span class='ocr_line' id='line_1_97' title="bbox 552 5648 1206 5716; baseline 0.008 -19"><span class='ocrx_word' id='word_1_699' title='bbox 552 5648 965 5716; x_wconf 72' lang='lat' dir='ltr'><strong>\‘ero__ititellexit</strong></span> <span class='ocrx_word' id='word_1_700' title='bbox 984 5650 1206 5716; x_wconf 68' lang='lat' dir='ltr'><strong>juvenis.</strong></span> 
     </span>
    </p>
   </div>
   <div class='ocr_carea' id='block_1_97' title="bbox 628 5712 2102 5789">
    <p class='ocr_par' dir='ltr' id='par_1_97' title="bbox 628 5712 2102 5789">
     <span class='ocr_line' id='line_1_98' title="bbox 628 5712 2102 5789; baseline 0.009 -24"><span class='ocrx_word' id='word_1_701' title='bbox 628 5712 784 5771; x_wconf 66' lang='lat' dir='ltr'><strong>llloc</strong></span> <span class='ocrx_word' id='word_1_702' title='bbox 827 5719 951 5772; x_wconf 78' lang='lat' dir='ltr'><strong>item</strong></span> <span class='ocrx_word' id='word_1_703' title='bbox 984 5712 1131 5773; x_wconf 75' lang='lat' dir='ltr'><strong>aiunt</strong></span> <span class='ocrx_word' id='word_1_704' title='bbox 1179 5720 1415 5775; x_wconf 74' lang='lat' dir='ltr'><strong>historici</strong></span> <span class='ocrx_word' id='word_1_705' title='bbox 1456 5722 1589 5788; x_wconf 84' lang='lat' dir='ltr'><strong>apud</strong></span> <span class='ocrx_word' id='word_1_706' title='bbox 1642 5721 1901 5789; x_wconf 64' lang='lat' dir='ltr'><strong>Malalitn,</strong></span> <span class='ocrx_word' id='word_1_707' title='bbox 1937 5739 1987 5788; x_wconf 71' lang='grc' dir='ltr'><strong>ρ.</strong></span> <span class='ocrx_word' id='word_1_708' title='bbox 2016 5724 2102 5778; x_wconf 79' lang='lat'><strong>96.</strong></span> 
     </span>
    </p>
   </div>
   <div class='ocr_carea' id='block_1_98' title="bbox 2220 1789 3809 1855">
    <p class='ocr_par' dir='ltr' id='par_1_98' title="bbox 2220 1789 3809 1855">
     <span class='ocr_line' id='line_1_99' title="bbox 2220 1789 3809 1855; baseline -0.001 -12"><span class='ocrx_word' id='word_1_709' title='bbox 2220 1792 2319 1845; x_wconf 92' lang='lat' dir='ltr'><strong>hoc</strong></span> <span class='ocrx_word' id='word_1_710' title='bbox 2372 1789 2588 1855; x_wconf 80' lang='lat' dir='ltr'><strong>factum,</strong></span> <span class='ocrx_word' id='word_1_711' title='bbox 2647 1791 2772 1845; x_wconf 90' lang='lat' dir='ltr'><strong>dum</strong></span> <span class='ocrx_word' id='word_1_712' title='bbox 2833 1808 2968 1847; x_wconf 88' lang='lat' dir='ltr'><strong>unus</strong></span> <span class='ocrx_word' id='word_1_713' title='bbox 3015 1794 3167 1847; x_wconf 90' lang='lat' dir='ltr'><strong>tertia</strong></span> <span class='ocrx_word' id='word_1_714' title='bbox 3218 1796 3343 1846; x_wconf 90' lang='lat' dir='ltr'><strong>hora</strong></span> <span class='ocrx_word' id='word_1_715' title='bbox 3372 1790 3644 1845; x_wconf 87' lang='lat' dir='ltr'><strong>Christum</strong></span> <span class='ocrx_word' id='word_1_716' title='bbox 3672 1789 3809 1843; x_wconf 82' lang='lat' dir='ltr'><strong>dicit</strong></span> 
     </span>
    </p>
   </div>
   <div class='ocr_carea' id='block_1_99' title="bbox 2218 1862 3806 1928">
    <p class='ocr_par' dir='ltr' id='par_1_99' title="bbox 2218 1862 3806 1928">
     <span class='ocr_line' id='line_1_100' title="bbox 2218 1862 3806 1928; baseline -0.001 -14"><span class='ocrx_word' id='word_1_717' title='bbox 2218 1875 2338 1914; x_wconf 90' lang='lat' dir='ltr'><strong>esse</strong></span> <span class='ocrx_word' id='word_1_718' title='bbox 2366 1862 2702 1925; x_wconf 80' lang='lat' dir='ltr'><strong>crueilixum,</strong></span> <span class='ocrx_word' id='word_1_719' title='bbox 2726 1862 2774 1915; x_wconf 91' lang='lat' dir='ltr'><strong>id</strong></span> <span class='ocrx_word' id='word_1_720' title='bbox 2799 1872 2881 1917; x_wconf 81' lang='lat' dir='ltr'><strong>est</strong></span> <span class='ocrx_word' id='word_1_721' title='bbox 2910 1862 3249 1928; x_wconf 88' lang='lat' dir='ltr'><strong>Marcus;alii</strong></span> <span class='ocrx_word' id='word_1_722' title='bbox 3278 1876 3405 1915; x_wconf 86' lang='lat' dir='ltr'><strong>vero</strong></span> <span class='ocrx_word' id='word_1_723' title='bbox 3427 1862 3477 1915; x_wconf 92' lang='lat' dir='ltr'><strong>in</strong></span> <span class='ocrx_word' id='word_1_724' title='bbox 3508 1869 3659 1914; x_wconf 78' lang='lat' dir='ltr'><strong>sexta</strong></span> <span class='ocrx_word' id='word_1_725' title='bbox 3674 1874 3806 1915; x_wconf 88' lang='lat' dir='ltr'><strong>eum</strong></span> 
     </span>
    </p>
   </div>
   <div class='ocr_carea' id='block_1_100' title="bbox 2218 1931 3810 2001">
    <p class='ocr_par' dir='ltr' id='par_1_100' title="bbox 2218 1931 3810 2001">
     <span class='ocr_line' id='line_1_101' title="bbox 2218 1931 3810 2001; baseline 0.001 -18"><span class='ocrx_word' id='word_1_726' title='bbox 2218 1941 2459 1984; x_wconf 88' lang='lat' dir='ltr'><strong>asserunt</strong></span> <span class='ocrx_word' id='word_1_727' title='bbox 2507 1932 2648 2000; x_wconf 82' lang='lat' dir='ltr'><strong>ligno</strong></span> <span class='ocrx_word' id='word_1_728' title='bbox 2702 1934 3045 1986; x_wconf 83' lang='lat' dir='ltr'><strong>crucilixnm:</strong></span> <span class='ocrx_word' id='word_1_729' title='bbox 3101 1947 3263 2001; x_wconf 90' lang='lat' dir='ltr'><strong>quare</strong></span> <span class='ocrx_word' id='word_1_730' title='bbox 3316 1931 3452 1999; x_wconf 90' lang='lat' dir='ltr'><strong>apud</strong></span> <span class='ocrx_word' id='word_1_731' title='bbox 3522 1932 3810 1997; x_wconf 86' lang='lat' dir='ltr'><strong>imperitos</strong></span> 
     </span>
    </p>
   </div>
   <div class='ocr_carea' id='block_1_101' title="bbox 2218 2002 3811 2068">
    <p class='ocr_par' dir='ltr' id='par_1_101' title="bbox 2218 2002 3811 2068">
     <span class='ocr_line' id='line_1_102' title="bbox 2218 2002 3811 2068; baseline -0.001 -14"><span class='ocrx_word' id='word_1_732' title='bbox 2218 2002 2489 2054; x_wconf 88' lang='lat' dir='ltr'><strong>contraria</strong></span> <span class='ocrx_word' id='word_1_733' title='bbox 2521 2002 2621 2055; x_wconf 89' lang='lat' dir='ltr'><strong>sibi</strong></span> <span class='ocrx_word' id='word_1_734' title='bbox 2670 2002 2781 2056; x_wconf 77' lang='lat' dir='ltr'><strong>litec</strong></span> <span class='ocrx_word' id='word_1_735' title='bbox 2812 2003 3152 2068; x_wconf 90' lang='lat' dir='ltr'><strong>videbuntur,</strong></span> <span class='ocrx_word' id='word_1_736' title='bbox 3181 2003 3275 2055; x_wconf 88' lang='lat' dir='ltr'><strong>sed</strong></span> <span class='ocrx_word' id='word_1_737' title='bbox 3308 2016 3410 2055; x_wconf 89' lang='lat' dir='ltr'><strong>n0n</strong></span> <span class='ocrx_word' id='word_1_738' title='bbox 3439 2010 3563 2055; x_wconf 90' lang='lat' dir='ltr'><strong>sunt</strong></span> <span class='ocrx_word' id='word_1_739' title='bbox 3589 2011 3811 2056; x_wconf 85' lang='lat' dir='ltr'><strong>eontra-</strong></span> 
     </span>
    </p>
   </div>
   <div class='ocr_carea' id='block_1_102' title="bbox 2219 2070 3813 2140">
    <p class='ocr_par' dir='ltr' id='par_1_102' title="bbox 2219 2070 3813 2140">
     <span class='ocr_line' id='line_1_103' title="bbox 2219 2070 3813 2140; baseline 0.001 -17"><span class='ocrx_word' id='word_1_740' title='bbox 2219 2072 2293 2123; x_wconf 88' lang='lat' dir='ltr'><strong>ria</strong></span> <span class='ocrx_word' id='word_1_741' title='bbox 2351 2085 2490 2125; x_wconf 72' lang='lat' dir='ltr'><strong>vera:</strong></span> <span class='ocrx_word' id='word_1_742' title='bbox 2540 2073 2755 2137; x_wconf 86' lang='lat' dir='ltr'><strong>rationi,</strong></span> <span class='ocrx_word' id='word_1_743' title='bbox 2786 2074 2872 2127; x_wconf 92' lang='lat' dir='ltr'><strong>ubi</strong></span> <span class='ocrx_word' id='word_1_744' title='bbox 2903 2088 2959 2126; x_wconf 91' lang='lat' dir='ltr'><strong>se</strong></span> <span class='ocrx_word' id='word_1_745' title='bbox 2991 2074 3066 2127; x_wconf 88' lang='lat' dir='ltr'><strong>sic</strong></span> <span class='ocrx_word' id='word_1_746' title='bbox 3110 2074 3308 2140; x_wconf 89' lang='lat' dir='ltr'><strong>puriter</strong></span> <span class='ocrx_word' id='word_1_747' title='bbox 3368 2070 3380 2107; x_wconf 80' lang='grc' dir='ltr'><strong>ί</strong></span> <span class='ocrx_word' id='word_1_748' title='bbox 3432 2072 3813 2138; x_wconf 84' lang='lat' dir='ltr'><strong>complectitur</strong></span> 
     </span>
    </p>
   </div>
   <div class='ocr_carea' id='block_1_103' title="bbox 2218 2140 3806 2209">
    <p class='ocr_par' dir='ltr' id='par_1_103' title="bbox 2218 2140 3806 2209">
     <span class='ocr_line' id='line_1_104' title="bbox 2218 2140 3806 2209; baseline -0.001 -16"><span class='ocrx_word' id='word_1_749' title='bbox 2218 2140 2397 2194; x_wconf 87' lang='lat' dir='ltr'><strong>divina</strong></span> <span class='ocrx_word' id='word_1_750' title='bbox 2426 2140 2717 2208; x_wconf 89' lang='lat' dir='ltr'><strong>Scriptura,</strong></span> <span class='ocrx_word' id='word_1_751' title='bbox 2750 2142 2873 2196; x_wconf 91' lang='lat' dir='ltr'><strong>dum</strong></span> <span class='ocrx_word' id='word_1_752' title='bbox 2908 2152 3081 2197; x_wconf 88' lang='lat' dir='ltr'><strong>tamen</strong></span> <span class='ocrx_word' id='word_1_753' title='bbox 3138 2142 3444 2209; x_wconf 88' lang='lat' dir='ltr'><strong>diligentius</strong></span> <span class='ocrx_word' id='word_1_754' title='bbox 3499 2142 3806 2194; x_wconf 85' lang='lat' dir='ltr'><strong>ruminatur</strong></span> 
     </span>
    </p>
   </div>
   <div class='ocr_carea' id='block_1_104' title="bbox 2220 2210 3811 2283">
    <p class='ocr_par' dir='ltr' id='par_1_104' title="bbox 2220 2210 3811 2283">
     <span class='ocr_line' id='line_1_105' title="bbox 2220 2210 3811 2283; baseline 0 -20"><span class='ocrx_word' id='word_1_755' title='bbox 2220 2221 2273 2264; x_wconf 90' lang='lat' dir='ltr'><strong>et</strong></span> <span class='ocrx_word' id='word_1_756' title='bbox 2318 2212 2451 2265; x_wconf 89' lang='lat' dir='ltr'><strong>bene</strong></span> <span class='ocrx_word' id='word_1_757' title='bbox 2482 2221 2734 2265; x_wconf 90' lang='lat' dir='ltr'><strong>tractatur</strong></span> <span class='ocrx_word' id='word_1_758' title='bbox 2760 2213 2826 2266; x_wconf 92' lang='lat' dir='ltr'><strong>ab</strong></span> <span class='ocrx_word' id='word_1_759' title='bbox 2857 2211 2937 2267; x_wconf 90' lang='lat' dir='ltr'><strong>his</strong></span> <span class='ocrx_word' id='word_1_760' title='bbox 2964 2213 3051 2283; x_wconf 91' lang='lat' dir='ltr'><strong>qui</strong></span> <span class='ocrx_word' id='word_1_761' title='bbox 3083 2229 3188 2267; x_wconf 90' lang='lat' dir='ltr'><strong>non</strong></span> <span class='ocrx_word' id='word_1_762' title='bbox 3216 2213 3283 2267; x_wconf 88' lang='lat' dir='ltr'><strong>de</strong></span> <span class='ocrx_word' id='word_1_763' title='bbox 3311 2226 3429 2279; x_wconf 87' lang='lat' dir='ltr'><strong>sua,</strong></span> <span class='ocrx_word' id='word_1_764' title='bbox 3454 2210 3549 2266; x_wconf 86' lang='lat' dir='ltr'><strong>sed</strong></span> <span class='ocrx_word' id='word_1_765' title='bbox 3592 2213 3663 2265; x_wconf 89' lang='lat' dir='ltr'><strong>de</strong></span> <span class='ocrx_word' id='word_1_766' title='bbox 3712 2210 3811 2265; x_wconf 84' lang='lat' dir='ltr'><strong>Dei</strong></span> 
     </span>
    </p>
   </div>
   <div class='ocr_carea' id='block_1_105' title="bbox 2220 2285 2853 2352">
    <p class='ocr_par' dir='ltr' id='par_1_105' title="bbox 2220 2285 2853 2352">
     <span class='ocr_line' id='line_1_106' title="bbox 2220 2285 2853 2352; baseline 0.006 -18"><span class='ocrx_word' id='word_1_767' title='bbox 2220 2293 2545 2348; x_wconf 62' lang='lat' dir='ltr'><strong>pra-sumunt</strong></span> <span class='ocrx_word' id='word_1_768' title='bbox 2572 2285 2853 2352; x_wconf 86' lang='lat' dir='ltr'><strong>sapientia.</strong></span> 
     </span>
    </p>
   </div>
   <div class='ocr_carea' id='block_1_106' title="bbox 2290 2371 3812 2443">
    <p class='ocr_par' dir='ltr' id='par_1_106' title="bbox 2290 2371 3812 2443">
     <span class='ocr_line' id='line_1_107' title="bbox 2290 2371 3812 2443; baseline 0.001 -17"><span class='ocrx_word' id='word_1_769' title='bbox 2290 2372 2344 2426; x_wconf 84' lang='lat'><strong>5.</strong></span> <span class='ocrx_word' id='word_1_770' title='bbox 2398 2371 2557 2443; x_wconf 91' lang='lat' dir='ltr'><strong>Igitur</strong></span> <span class='ocrx_word' id='word_1_771' title='bbox 2622 2389 2744 2427; x_wconf 91' lang='lat' dir='ltr'><strong>cum</strong></span> <span class='ocrx_word' id='word_1_772' title='bbox 2799 2383 2954 2429; x_wconf 87' lang='lat' dir='ltr'><strong>natus</strong></span> <span class='ocrx_word' id='word_1_773' title='bbox 3012 2382 3155 2429; x_wconf 85' lang='lat' dir='ltr'><strong>esset</strong></span> <span class='ocrx_word' id='word_1_774' title='bbox 3218 2374 3471 2428; x_wconf 88' lang='lat' dir='ltr'><strong>Dominus</strong></span> <span class='ocrx_word' id='word_1_775' title='bbox 3528 2372 3685 2426; x_wconf 81' lang='lat' dir='ltr'><strong>Jesus</strong></span> <span class='ocrx_word' id='word_1_776' title='bbox 3753 2372 3812 2427; x_wconf 86' lang='lat' dir='ltr'><strong>in</strong></span> 
     </span>
    </p>
   </div>
   <div class='ocr_carea' id='block_1_107' title="bbox 2221 2440 3810 2513">
    <p class='ocr_par' dir='ltr' id='par_1_107' title="bbox 2221 2440 3810 2513">
     <span class='ocr_line' id='line_1_108' title="bbox 2221 2440 3810 2513; baseline 0 -18"><span class='ocrx_word' id='word_1_777' title='bbox 2221 2440 2518 2509; x_wconf 78' lang='lat' dir='ltr'><strong>Bethleem,</strong></span> <span class='ocrx_word' id='word_1_778' title='bbox 2550 2444 2600 2498; x_wconf 92' lang='lat' dir='ltr'><strong>in</strong></span> <span class='ocrx_word' id='word_1_779' title='bbox 2632 2461 2697 2499; x_wconf 73' lang='grc' dir='ltr'>ιι.</span> <span class='ocrx_word' id='word_1_780' title='bbox 2728 2453 2781 2499; x_wconf 89' lang='lat' dir='ltr'><strong>et</strong></span> <span class='ocrx_word' id='word_1_781' title='bbox 2812 2460 2847 2499; x_wconf 86' lang='grc' dir='ltr'><strong>ιι</strong></span> <span class='ocrx_word' id='word_1_782' title='bbox 2876 2460 3017 2499; x_wconf 90' lang='lat' dir='ltr'><strong>anno</strong></span> <span class='ocrx_word' id='word_1_783' title='bbox 3073 2446 3219 2513; x_wconf 92' lang='lat' dir='ltr'><strong>regni</strong></span> <span class='ocrx_word' id='word_1_784' title='bbox 3274 2443 3497 2512; x_wconf 81' lang='lat' dir='ltr'><strong>Augusti</strong></span> <span class='ocrx_word' id='word_1_785' title='bbox 3554 2443 3810 2509; x_wconf 66' lang='lat' dir='ltr'><strong>Caesaris,</strong></span> 
     </span>
    </p>
   </div>
   <div class='ocr_carea' id='block_1_108' title="bbox 2224 2513 3812 2584">
    <p class='ocr_par' dir='ltr' id='par_1_108' title="bbox 2224 2513 3812 2584">
     <span class='ocr_line' id='line_1_109' title="bbox 2224 2513 3812 2584; baseline 0 -19"><span class='ocrx_word' id='word_1_786' title='bbox 2224 2514 2335 2584; x_wconf 81' lang='lat' dir='ltr'><strong>sub</strong></span> <span class='ocrx_word' id='word_1_787' title='bbox 2356 2513 2564 2569; x_wconf 85' lang='lat' dir='ltr'><strong>Herode</strong></span> <span class='ocrx_word' id='word_1_788' title='bbox 2592 2530 2717 2584; x_wconf 90' lang='lat' dir='ltr'><strong>rege</strong></span> <span class='ocrx_word' id='word_1_789' title='bbox 2743 2514 3069 2579; x_wconf 73' lang='lat' dir='ltr'><strong>Judmorum,</strong></span> <span class='ocrx_word' id='word_1_790' title='bbox 3119 2526 3173 2569; x_wconf 89' lang='lat' dir='ltr'><strong>et</strong></span> <span class='ocrx_word' id='word_1_791' title='bbox 3224 2516 3322 2568; x_wconf 90' lang='lat' dir='ltr'><strong>sub</strong></span> <span class='ocrx_word' id='word_1_792' title='bbox 3352 2513 3581 2581; x_wconf 57' lang='lat' dir='ltr'><strong>praeside</strong></span> <span class='ocrx_word' id='word_1_793' title='bbox 3607 2513 3812 2582; x_wconf 81' lang='lat' dir='ltr'><strong>Cyrinu</strong></span> 
     </span>
    </p>
   </div>
   <div class='ocr_carea' id='block_1_109' title="bbox 2221 2583 3814 2653">
    <p class='ocr_par' dir='ltr' id='par_1_109' title="bbox 2221 2583 3814 2653">
     <span class='ocr_line' id='line_1_110' title="bbox 2221 2583 3814 2653; baseline 0.003 -18"><span class='ocrx_word' id='word_1_794' title='bbox 2221 2583 2389 2653; x_wconf 77' lang='lat' dir='ltr'><strong>Syriae</strong></span> <span class='ocrx_word' id='word_1_795' title='bbox 2442 2583 2757 2652; x_wconf 76' lang='lat' dir='ltr'><strong>provinciae,</strong></span> <span class='ocrx_word' id='word_1_796' title='bbox 2815 2586 3021 2640; x_wconf 80' lang='lat' dir='ltr'><strong>duobus</strong></span> <span class='ocrx_word' id='word_1_797' title='bbox 3073 2586 3225 2639; x_wconf 89' lang='lat' dir='ltr'><strong>annis</strong></span> <span class='ocrx_word' id='word_1_798' title='bbox 3269 2599 3433 2653; x_wconf 80' lang='lat' dir='ltr'><strong>agens</strong></span> <span class='ocrx_word' id='word_1_799' title='bbox 3484 2584 3585 2638; x_wconf 89' lang='lat' dir='ltr'><strong>sub</strong></span> <span class='ocrx_word' id='word_1_800' title='bbox 3640 2586 3814 2639; x_wconf 77' lang='lat' dir='ltr'><strong>ubera</strong></span> 
     </span>
    </p>
   </div>
   <div class='ocr_carea' id='block_1_110' title="bbox 2225 2652 3814 2722">
    <p class='ocr_par' dir='ltr' id='par_1_110' title="bbox 2225 2652 3814 2722">
     <span class='ocr_line' id='line_1_111' title="bbox 2225 2652 3814 2722; baseline 0.001 -17"><span class='ocrx_word' id='word_1_801' title='bbox 2225 2652 2453 2722; x_wconf 71' lang='lat' dir='ltr'><strong>Virginis</strong></span> <span class='ocrx_word' id='word_1_802' title='bbox 2480 2654 2619 2708; x_wconf 90' lang='lat' dir='ltr'><strong>inter</strong></span> <span class='ocrx_word' id='word_1_803' title='bbox 2642 2656 2882 2710; x_wconf 89' lang='lat' dir='ltr'><strong>homines</strong></span> <span class='ocrx_word' id='word_1_804' title='bbox 2915 2657 3006 2710; x_wconf 89' lang='lat' dir='ltr'><strong>Dei</strong></span> <span class='ocrx_word' id='word_1_805' title='bbox 3039 2656 3222 2719; x_wconf 86' lang='lat' dir='ltr'><strong>Filius,</strong></span> <span class='ocrx_word' id='word_1_806' title='bbox 3248 2652 3507 2710; x_wconf 85' lang='lat' dir='ltr'><strong>venerunt</strong></span> <span class='ocrx_word' id='word_1_807' title='bbox 3532 2668 3564 2706; x_wconf 86' lang='lat' dir='ltr'><strong>a</strong></span> <span class='ocrx_word' id='word_1_808' title='bbox 3585 2654 3814 2707; x_wconf 79' lang='lat' dir='ltr'><strong>Perside</strong></span> 
     </span>
    </p>
   </div>
   <div class='ocr_carea' id='block_1_111' title="bbox 2222 2724 3815 2794">
    <p class='ocr_par' dir='ltr' id='par_1_111' title="bbox 2222 2724 3815 2794">
     <span class='ocr_line' id='line_1_112' title="bbox 2222 2724 3815 2794; baseline 0.003 -21"><span class='ocrx_word' id='word_1_809' title='bbox 2222 2724 2394 2794; x_wconf 77' lang='lat' dir='ltr'><strong>magi,</strong></span> <span class='ocrx_word' id='word_1_810' title='bbox 2446 2724 2695 2778; x_wconf 86' lang='lat' dir='ltr'><strong>ducatum</strong></span> <span class='ocrx_word' id='word_1_811' title='bbox 2741 2726 2848 2779; x_wconf 91' lang='lat' dir='ltr'><strong>illis</strong></span> <span class='ocrx_word' id='word_1_812' title='bbox 2889 2728 3154 2794; x_wconf 66' lang='lat' dir='ltr'><strong>prwbente</strong></span> <span class='ocrx_word' id='word_1_813' title='bbox 3196 2726 3370 2779; x_wconf 86' lang='lat' dir='ltr'><strong>stella.</strong></span> <span class='ocrx_word' id='word_1_814' title='bbox 3422 2724 3573 2779; x_wconf 83' lang='lat' dir='ltr'><strong>Tunc</strong></span> <span class='ocrx_word' id='word_1_815' title='bbox 3619 2724 3815 2778; x_wconf 83' lang='lat' dir='ltr'><strong>didicit</strong></span> 
     </span>
    </p>
   </div>
   <div class='ocr_carea' id='block_1_112' title="bbox 2224 2792 3816 2864">
    <p class='ocr_par' dir='ltr' id='par_1_112' title="bbox 2224 2792 3816 2864">
     <span class='ocr_line' id='line_1_113' title="bbox 2224 2792 3816 2864; baseline 0 -18"><span class='ocrx_word' id='word_1_816' title='bbox 2224 2792 2462 2864; x_wconf 82' lang='lat' dir='ltr'><strong>Herodes</strong></span> <span class='ocrx_word' id='word_1_817' title='bbox 2490 2810 2582 2848; x_wconf 89' lang='lat' dir='ltr'><strong>rex</strong></span> <span class='ocrx_word' id='word_1_818' title='bbox 2619 2798 2669 2858; x_wconf 86' lang='lat' dir='ltr'><strong>l,</strong></span> <span class='ocrx_word' id='word_1_819' title='bbox 2700 2796 2813 2850; x_wconf 89' lang='lat' dir='ltr'><strong>sive</strong></span> <span class='ocrx_word' id='word_1_820' title='bbox 2844 2792 3089 2864; x_wconf 81' lang='lat' dir='ltr'><strong>toparcha</strong></span> <span class='ocrx_word' id='word_1_821' title='bbox 3118 2796 3449 2859; x_wconf 74' lang='lat' dir='ltr'><strong>Judaeorum,</strong></span> <span class='ocrx_word' id='word_1_822' title='bbox 3478 2794 3618 2862; x_wconf 91' lang='lat' dir='ltr'><strong>quod</strong></span> <span class='ocrx_word' id='word_1_823' title='bbox 3646 2808 3816 2864; x_wconf 60' lang='lat' dir='ltr'><strong>expe.</strong></span> 
     </span>
    </p>
   </div>
   <div class='ocr_carea' id='block_1_113' title="bbox 2222 2862 3817 2936">
    <p class='ocr_par' dir='ltr' id='par_1_113' title="bbox 2222 2862 3817 2936">
     <span class='ocr_line' id='line_1_114' title="bbox 2222 2862 3817 2936; baseline 0.001 -21"><span class='ocrx_word' id='word_1_824' title='bbox 2222 2862 2488 2936; x_wconf 73' lang='lat' dir='ltr'><strong>calatores</strong></span> <span class='ocrx_word' id='word_1_825' title='bbox 2528 2865 2795 2936; x_wconf 85' lang='lat' dir='ltr'><strong>venissent</strong></span> <span class='ocrx_word' id='word_1_826' title='bbox 2844 2862 2912 2919; x_wconf 16' lang='lat' dir='ltr'><strong>ini</strong></span> <span class='ocrx_word' id='word_1_827' title='bbox 2940 2866 3361 2936; x_wconf 76' lang='lat' dir='ltr'><strong>Hierosolymam</strong></span> <span class='ocrx_word' id='word_1_828' title='bbox 3399 2865 3697 2936; x_wconf 76' lang='lat' dir='ltr'><strong>civitatem.</strong></span> <span class='ocrx_word' id='word_1_829' title='bbox 3746 2863 3817 2917; x_wconf 83' lang='lat' dir='ltr'><strong>Et</strong></span> 
     </span>
    </p>
   </div>
   <div class='ocr_carea' id='block_1_114' title="bbox 2218 2932 3816 3003">
    <p class='ocr_par' dir='ltr' id='par_1_114' title="bbox 2218 2932 3816 3003">
     <span class='ocr_line' id='line_1_115' title="bbox 2218 2932 3816 3003; baseline 0.001 -18"><span class='ocrx_word' id='word_1_830' title='bbox 2218 2932 2412 2999; x_wconf 87' lang='lat' dir='ltr'><strong>jubens</strong></span> <span class='ocrx_word' id='word_1_831' title='bbox 2441 2949 2532 2988; x_wconf 90' lang='lat' dir='ltr'><strong>eos</strong></span> <span class='ocrx_word' id='word_1_832' title='bbox 2560 2935 2771 3001; x_wconf 89' lang='lat' dir='ltr'><strong>adduci,</strong></span> <span class='ocrx_word' id='word_1_833' title='bbox 2826 2937 2987 3002; x_wconf 74' lang='lat' dir='ltr'><strong>cmpit</strong></span> <span class='ocrx_word' id='word_1_834' title='bbox 3013 2951 3105 2990; x_wconf 87' lang='lat' dir='ltr'><strong>eos</strong></span> <span class='ocrx_word' id='word_1_835' title='bbox 3134 2932 3479 3003; x_wconf 75' lang='lat' dir='ltr'><strong>inierrogare.</strong></span> <span class='ocrx_word' id='word_1_836' title='bbox 3542 2934 3816 2989; x_wconf 74' lang='lat' dir='ltr'><strong>Veneram</strong></span> 
     </span>
    </p>
   </div>
   <div class='ocr_carea' id='block_1_115' title="bbox 2222 3004 3815 3075">
    <p class='ocr_par' dir='ltr' id='par_1_115' title="bbox 2222 3004 3815 3075">
     <span class='ocr_line' id='line_1_116' title="bbox 2222 3004 3815 3075; baseline 0.002 -20"><span class='ocrx_word' id='word_1_837' title='bbox 2222 3005 2365 3057; x_wconf 91' lang='lat' dir='ltr'><strong>enim</strong></span> <span class='ocrx_word' id='word_1_838' title='bbox 2406 3016 2830 3075; x_wconf 84' lang='lat' dir='ltr'><strong>cognoscentes,</strong></span> <span class='ocrx_word' id='word_1_839' title='bbox 2883 3006 3008 3075; x_wconf 87' lang='lat' dir='ltr'><strong>quia</strong></span> <span class='ocrx_word' id='word_1_840' title='bbox 3066 3006 3287 3075; x_wconf 84' lang='lat' dir='ltr'><strong>mystica</strong></span> <span class='ocrx_word' id='word_1_841' title='bbox 3332 3004 3565 3074; x_wconf 88' lang='lat' dir='ltr'><strong>quadam</strong></span> <span class='ocrx_word' id='word_1_842' title='bbox 3616 3006 3815 3058; x_wconf 83' lang='lat' dir='ltr'><strong>imbuti</strong></span> 
     </span>
    </p>
   </div>
   <div class='ocr_carea' id='block_1_116' title="bbox 2147 3074 3817 3150">
    <p class='ocr_par' dir='ltr' id='par_1_116' title="bbox 2147 3074 3817 3150">
     <span class='ocr_line' id='line_1_117' title="bbox 2147 3074 3817 3150; baseline 0.004 -28"><span class='ocrx_word' id='word_1_843' title='bbox 2147 3086 2193 3150; x_wconf 67' lang='grc' dir='ltr'><strong>ρ</strong></span> <span class='ocrx_word' id='word_1_844' title='bbox 2223 3088 2340 3150; x_wconf 58' lang='lat' dir='ltr'><strong>qum</strong></span> <span class='ocrx_word' id='word_1_845' title='bbox 2367 3074 2444 3129; x_wconf 89' lang='lat' dir='ltr'><strong>eis</strong></span> <span class='ocrx_word' id='word_1_846' title='bbox 2472 3086 2789 3150; x_wconf 78' lang='lat' dir='ltr'><strong>apparuerat</strong></span> <span class='ocrx_word' id='word_1_847' title='bbox 2831 3074 2981 3150; x_wconf 69' lang='lat' dir='ltr'><strong>stella</strong></span> <span class='ocrx_word' id='word_1_848' title='bbox 3024 3076 3075 3129; x_wconf 94' lang='lat' dir='ltr'><strong>in</strong></span> <span class='ocrx_word' id='word_1_849' title='bbox 3103 3074 3353 3150; x_wconf 84' lang='lat' dir='ltr'><strong>_Ori_ente,</strong></span> <span class='ocrx_word' id='word_1_850' title='bbox 3381 3077 3449 3130; x_wconf 90' lang='lat' dir='ltr'><strong>de</strong></span> <span class='ocrx_word' id='word_1_851' title='bbox 3480 3075 3817 3150; x_wconf 85' lang='lat' dir='ltr'><strong>humanitate</strong></span> 
     </span>
    </p>
   </div>
   <div class='ocr_carea' id='block_1_117' title="bbox 2222 3144 3818 3215">
    <p class='ocr_par' dir='ltr' id='par_1_117' title="bbox 2222 3144 3818 3215">
     <span class='ocr_line' id='line_1_118' title="bbox 2222 3144 3818 3215; baseline 0.002 -19"><span class='ocrx_word' id='word_1_852' title='bbox 2222 3144 2515 3200; x_wconf 88' lang='lat' dir='ltr'><strong>Salvatoris</strong></span> <span class='ocrx_word' id='word_1_853' title='bbox 2568 3150 2737 3201; x_wconf 71' lang='lat' dir='ltr'><strong>nosui</strong></span> <span class='ocrx_word' id='word_1_854' title='bbox 2767 3147 2892 3201; x_wconf 85' lang='lat' dir='ltr'><strong>Jesu</strong></span> <span class='ocrx_word' id='word_1_855' title='bbox 2921 3147 3138 3215; x_wconf 90' lang='lat' dir='ltr'><strong>Christi,</strong></span> <span class='ocrx_word' id='word_1_856' title='bbox 3183 3147 3589 3214; x_wconf 82' lang='lat' dir='ltr'><strong>del‘erentesque</strong></span> <span class='ocrx_word' id='word_1_857' title='bbox 3616 3147 3669 3199; x_wconf 89' lang='lat' dir='ltr'><strong>ei</strong></span> <span class='ocrx_word' id='word_1_858' title='bbox 3698 3160 3818 3198; x_wconf 82' lang='lat' dir='ltr'><strong>run-</strong></span> 
     </span>
    </p>
   </div>
   <div class='ocr_carea' id='block_1_118' title="bbox 2223 3216 3815 3286">
    <p class='ocr_par' dir='ltr' id='par_1_118' title="bbox 2223 3216 3815 3286">
     <span class='ocr_line' id='line_1_119' title="bbox 2223 3216 3815 3286; baseline 0.003 -21"><span class='ocrx_word' id='word_1_859' title='bbox 2223 3224 2611 3286; x_wconf 87' lang='lat' dir='ltr'><strong>neratanquatn</strong></span> <span class='ocrx_word' id='word_1_860' title='bbox 2650 3232 2774 3271; x_wconf 89' lang='lat' dir='ltr'><strong>vere</strong></span> <span class='ocrx_word' id='word_1_861' title='bbox 2790 3218 3102 3286; x_wconf 87' lang='lat' dir='ltr'><strong>regimagno</strong></span> <span class='ocrx_word' id='word_1_862' title='bbox 3131 3228 3185 3271; x_wconf 91' lang='lat' dir='ltr'><strong>et</strong></span> <span class='ocrx_word' id='word_1_863' title='bbox 3208 3216 3815 3285; x_wconf 81' lang='lat' dir='ltr'><strong>triutnphatori,secun-</strong></span> 
     </span>
    </p>
   </div>
   <div class='ocr_carea' id='block_1_119' title="bbox 2221 3284 3811 3353">
    <p class='ocr_par' dir='ltr' id='par_1_119' title="bbox 2221 3284 3811 3353">
     <span class='ocr_line' id='line_1_120' title="bbox 2221 3284 3811 3353; baseline 0.001 -16"><span class='ocrx_word' id='word_1_864' title='bbox 2221 3284 2344 3337; x_wconf 90' lang='lat' dir='ltr'><strong>dum</strong></span> <span class='ocrx_word' id='word_1_865' title='bbox 2398 3286 2539 3353; x_wconf 91' lang='lat' dir='ltr'><strong>quod</strong></span> <span class='ocrx_word' id='word_1_866' title='bbox 2566 3288 2644 3341; x_wconf 91' lang='lat' dir='ltr'><strong>eis</strong></span> <span class='ocrx_word' id='word_1_867' title='bbox 2672 3289 2816 3341; x_wconf 86' lang='lat' dir='ltr'><strong>sidus</strong></span> <span class='ocrx_word' id='word_1_868' title='bbox 2843 3284 2909 3341; x_wconf 86' lang='lat' dir='ltr'><strong>de</strong></span> <span class='ocrx_word' id='word_1_869' title='bbox 2948 3284 3084 3342; x_wconf 68' lang='lat' dir='ltr'><strong>etialo</strong></span> <span class='ocrx_word' id='word_1_870' title='bbox 3111 3289 3461 3341; x_wconf 85' lang='lat' dir='ltr'><strong>nuntiaverat.</strong></span> <span class='ocrx_word' id='word_1_871' title='bbox 3494 3288 3600 3350; x_wconf 89' lang='lat' dir='ltr'><strong>Qui</strong></span> <span class='ocrx_word' id='word_1_872' title='bbox 3643 3286 3811 3339; x_wconf 87' lang='lat' dir='ltr'><strong>etiam</strong></span> 
     </span>
    </p>
   </div>
   <div class='ocr_carea' id='block_1_120' title="bbox 2221 3354 3813 3425">
    <p class='ocr_par' dir='ltr' id='par_1_120' title="bbox 2221 3354 3813 3425">
     <span class='ocr_line' id='line_1_121' title="bbox 2221 3354 3813 3425; baseline 0.002 -19"><span class='ocrx_word' id='word_1_873' title='bbox 2221 3355 2287 3425; x_wconf 91' lang='lat' dir='ltr'><strong>ab</strong></span> <span class='ocrx_word' id='word_1_874' title='bbox 2309 3354 2656 3411; x_wconf 87' lang='lat' dir='ltr'><strong>orientalibus</strong></span> <span class='ocrx_word' id='word_1_875' title='bbox 2685 3358 3030 3412; x_wconf 87' lang='lat' dir='ltr'><strong>adventantes</strong></span> <span class='ocrx_word' id='word_1_876' title='bbox 3085 3358 3481 3425; x_wconf 78' lang='lat' dir='ltr'><strong>interrogabant</strong></span> <span class='ocrx_word' id='word_1_877' title='bbox 3512 3357 3767 3410; x_wconf 88' lang='lat' dir='ltr'><strong>dicentes</strong></span> <span class='ocrx_word' id='word_1_878' title='bbox 3798 3373 3813 3409; x_wconf 88' lang='lat'><strong>:</strong></span> 
     </span>
    </p>
   </div>
   <div class='ocr_carea' id='block_1_121' title="bbox 2222 3424 3812 3495">
    <p class='ocr_par' dir='ltr' id='par_1_121' title="bbox 2222 3424 3812 3495">
     <span class='ocr_line' id='line_1_122' title="bbox 2222 3424 3812 3495; baseline 0.001 -16"><span class='ocrx_word' id='word_1_879' title='bbox 2222 3424 2321 3479; x_wconf 87' lang='lat' dir='ltr'><strong>Ubi</strong></span> <span class='ocrx_word' id='word_1_880' title='bbox 2363 3435 2445 3479; x_wconf 91' lang='lat' dir='ltr'><strong>est</strong></span> <span class='ocrx_word' id='word_1_881' title='bbox 2470 3428 2559 3495; x_wconf 92' lang='lat' dir='ltr'><strong>qui</strong></span> <span class='ocrx_word' id='word_1_882' title='bbox 2610 3439 2762 3481; x_wconf 84' lang='lat' dir='ltr'><strong>natus</strong></span> <span class='ocrx_word' id='word_1_883' title='bbox 2791 3438 2872 3481; x_wconf 88' lang='lat' dir='ltr'><strong>est</strong></span> <span class='ocrx_word' id='word_1_884' title='bbox 2919 3427 3221 3482; x_wconf 70' lang='lat' dir='ltr'><strong>Judazorum</strong></span> <span class='ocrx_word' id='word_1_885' title='bbox 3252 3424 3379 3480; x_wconf 82' lang='lat' dir='ltr'><strong>rex?</strong></span> <span class='ocrx_word' id='word_1_886' title='bbox 3408 3428 3471 3480; x_wconf 77' lang='lat' dir='ltr'><strong>Et</strong></span> <span class='ocrx_word' id='word_1_887' title='bbox 3500 3427 3812 3480; x_wconf 81' lang='lat' dir='ltr'><strong>conturbati</strong></span> 
     </span>
    </p>
   </div>
   <div class='ocr_carea' id='block_1_122' title="bbox 2220 3495 3814 3566">
    <p class='ocr_par' dir='ltr' id='par_1_122' title="bbox 2220 3495 3814 3566">
     <span class='ocr_line' id='line_1_123' title="bbox 2220 3495 3814 3566; baseline 0.003 -20"><span class='ocrx_word' id='word_1_888' title='bbox 2220 3504 2347 3548; x_wconf 88' lang='lat' dir='ltr'><strong>sunt</strong></span> <span class='ocrx_word' id='word_1_889' title='bbox 2400 3495 2591 3553; x_wconf 69' lang='lat' dir='ltr'><strong>Judaei.</strong></span> <span class='ocrx_word' id='word_1_890' title='bbox 2647 3498 2948 3564; x_wconf 82' lang='lat' dir='ltr'><strong>Quinetiam</strong></span> <span class='ocrx_word' id='word_1_891' title='bbox 3007 3498 3145 3566; x_wconf 89' lang='lat' dir='ltr'><strong>magi</strong></span> <span class='ocrx_word' id='word_1_892' title='bbox 3204 3498 3398 3566; x_wconf 82' lang='lat' dir='ltr'><strong>cogniti</strong></span> <span class='ocrx_word' id='word_1_893' title='bbox 3448 3498 3814 3564; x_wconf 89' lang='lat' dir='ltr'><strong>conprehensi</strong></span> 
     </span>
    </p>
   </div>
   <div class='ocr_carea' id='block_1_123' title="bbox 2219 3564 3814 3634">
    <p class='ocr_par' dir='ltr' id='par_1_123' title="bbox 2219 3564 3814 3634">
     <span class='ocr_line' id='line_1_124' title="bbox 2219 3564 3814 3634; baseline 0.003 -18"><span class='ocrx_word' id='word_1_894' title='bbox 2219 3574 2361 3629; x_wconf 89' lang='lat' dir='ltr'><strong>sunt,</strong></span> <span class='ocrx_word' id='word_1_895' title='bbox 2392 3576 2447 3620; x_wconf 92' lang='lat' dir='ltr'><strong>et</strong></span> <span class='ocrx_word' id='word_1_896' title='bbox 2475 3569 2758 3624; x_wconf 90' lang='lat' dir='ltr'><strong>introducti</strong></span> <span class='ocrx_word' id='word_1_897' title='bbox 2781 3570 2845 3621; x_wconf 89' lang='lat' dir='ltr'><strong>ad</strong></span> <span class='ocrx_word' id='word_1_898' title='bbox 2873 3564 3135 3622; x_wconf 81' lang='lat' dir='ltr'><strong>Herodem</strong></span> <span class='ocrx_word' id='word_1_899' title='bbox 3167 3564 3343 3634; x_wconf 78' lang='lat' dir='ltr'><strong>regem</strong></span> <span class='ocrx_word' id='word_1_900' title='bbox 3390 3564 3451 3619; x_wconf 71' lang='lat' dir='ltr'><strong>k:</strong></span> <span class='ocrx_word' id='word_1_901' title='bbox 3497 3580 3553 3621; x_wconf 88' lang='lat' dir='ltr'><strong>et</strong></span> <span class='ocrx_word' id='word_1_902' title='bbox 3584 3568 3814 3620; x_wconf 89' lang='lat' dir='ltr'><strong>interro-</strong></span> 
     </span>
    </p>
   </div>
   <div class='ocr_carea' id='block_1_124' title="bbox 2222 3637 3815 3707">
    <p class='ocr_par' dir='ltr' id='par_1_124' title="bbox 2222 3637 3815 3707">
     <span class='ocr_line' id='line_1_125' title="bbox 2222 3637 3815 3707; baseline 0.004 -22"><span class='ocrx_word' id='word_1_903' title='bbox 2222 3638 2368 3702; x_wconf 82' lang='lat' dir='ltr'><strong>gavit</strong></span> <span class='ocrx_word' id='word_1_904' title='bbox 2429 3651 2543 3697; x_wconf 83' lang='lat' dir='ltr'><strong>eos.</strong></span> <span class='ocrx_word' id='word_1_905' title='bbox 2596 3649 2913 3707; x_wconf 89' lang='lat' dir='ltr'><strong>quapropter</strong></span> <span class='ocrx_word' id='word_1_906' title='bbox 2944 3641 2995 3691; x_wconf 90' lang='lat' dir='ltr'><strong>in</strong></span> <span class='ocrx_word' id='word_1_907' title='bbox 3024 3637 3259 3691; x_wconf 74' lang='lat' dir='ltr'><strong>.Iudzcam</strong></span> <span class='ocrx_word' id='word_1_908' title='bbox 3288 3638 3608 3692; x_wconf 80' lang='lat' dir='ltr'><strong>advenerint</strong></span> <span class='ocrx_word' id='word_1_909' title='bbox 3637 3637 3815 3704; x_wconf 84' lang='lat' dir='ltr'><strong>explo-</strong></span> 
     </span>
    </p>
   </div>
   <div class='ocr_carea' id='block_1_125' title="bbox 2221 3707 3812 3778">
    <p class='ocr_par' dir='ltr' id='par_1_125' title="bbox 2221 3707 3812 3778">
     <span class='ocr_line' id='line_1_126' title="bbox 2221 3707 3812 3778; baseline 0.003 -21"><span class='ocrx_word' id='word_1_910' title='bbox 2221 3707 2469 3778; x_wconf 80' lang='lat' dir='ltr'><strong>ratores?</strong></span> <span class='ocrx_word' id='word_1_911' title='bbox 2517 3708 2580 3760; x_wconf 78' lang='lat' dir='ltr'><strong>Et</strong></span> <span class='ocrx_word' id='word_1_912' title='bbox 2620 3718 2963 3777; x_wconf 80' lang='lat' dir='ltr'><strong>suggerentes</strong></span> <span class='ocrx_word' id='word_1_913' title='bbox 3004 3710 3141 3778; x_wconf 87' lang='lat' dir='ltr'><strong>magi</strong></span> <span class='ocrx_word' id='word_1_914' title='bbox 3171 3710 3484 3762; x_wconf 86' lang='lat' dir='ltr'><strong>miraculum</strong></span> <span class='ocrx_word' id='word_1_915' title='bbox 3527 3709 3728 3767; x_wconf 60' lang='lat' dir='ltr'><strong>stella.</strong></span> <span class='ocrx_word' id='word_1_916' title='bbox 3759 3717 3812 3761; x_wconf 85' lang='lat' dir='ltr'><strong>et</strong></span> 
     </span>
    </p>
   </div>
   <div class='ocr_carea' id='block_1_126' title="bbox 2220 3776 3806 3846">
    <p class='ocr_par' dir='ltr' id='par_1_126' title="bbox 2220 3776 3806 3846">
     <span class='ocr_line' id='line_1_127' title="bbox 2220 3776 3806 3846; baseline 0.001 -19"><span class='ocrx_word' id='word_1_917' title='bbox 2220 3776 2340 3841; x_wconf 87' lang='lat' dir='ltr'><strong>quia</strong></span> <span class='ocrx_word' id='word_1_918' title='bbox 2398 3792 2621 3845; x_wconf 89' lang='lat' dir='ltr'><strong>magnus</strong></span> <span class='ocrx_word' id='word_1_919' title='bbox 2673 3776 2766 3831; x_wconf 80' lang='lat' dir='ltr'><strong>rex</strong></span> <span class='ocrx_word' id='word_1_920' title='bbox 2819 3788 2970 3831; x_wconf 89' lang='lat' dir='ltr'><strong>natus</strong></span> <span class='ocrx_word' id='word_1_921' title='bbox 3019 3776 3115 3832; x_wconf 51' lang='lat' dir='ltr'><strong>est&#39;</strong></span> <span class='ocrx_word' id='word_1_922' title='bbox 3131 3780 3183 3832; x_wconf 86' lang='lat' dir='ltr'><strong>in</strong></span> <span class='ocrx_word' id='word_1_923' title='bbox 3217 3780 3317 3831; x_wconf 90' lang='lat' dir='ltr'><strong>hoe</strong></span> <span class='ocrx_word' id='word_1_924' title='bbox 3346 3778 3573 3846; x_wconf 85' lang='lat' dir='ltr'><strong>mundo,</strong></span> <span class='ocrx_word' id='word_1_925' title='bbox 3603 3786 3659 3832; x_wconf 90' lang='lat' dir='ltr'><strong>et</strong></span> <span class='ocrx_word' id='word_1_926' title='bbox 3686 3779 3806 3843; x_wconf 80' lang='lat' dir='ltr'><strong>quia</strong></span> 
     </span>
    </p>
   </div>
   <div class='ocr_carea' id='block_1_127' title="bbox 2220 3846 3811 3917">
    <p class='ocr_par' dir='ltr' id='par_1_127' title="bbox 2220 3846 3811 3917">
     <span class='ocr_line' id='line_1_128' title="bbox 2220 3846 3811 3917; baseline 0.003 -21"><span class='ocrx_word' id='word_1_927' title='bbox 2220 3847 2357 3898; x_wconf 89' lang='lat' dir='ltr'><strong>dona</strong></span> <span class='ocrx_word' id='word_1_928' title='bbox 2376 3846 2423 3899; x_wconf 90' lang='lat' dir='ltr'><strong>ei</strong></span> <span class='ocrx_word' id='word_1_929' title='bbox 2447 3864 2564 3901; x_wconf 83' lang='lat' dir='ltr'><strong>cum</strong></span> <span class='ocrx_word' id='word_1_930' title='bbox 2588 3848 2927 3917; x_wconf 77' lang='lat' dir='ltr'><strong>adduxerim,</strong></span> <span class='ocrx_word' id='word_1_931' title='bbox 2945 3850 3289 3903; x_wconf 87' lang='lat' dir='ltr'><strong>advenissent</strong></span> <span class='ocrx_word' id='word_1_932' title='bbox 3314 3850 3452 3904; x_wconf 87' lang='lat' dir='ltr'><strong>sicut</strong></span> <span class='ocrx_word' id='word_1_933' title='bbox 3476 3850 3589 3917; x_wconf 86' lang='lat' dir='ltr'><strong>regi</strong></span> <span class='ocrx_word' id='word_1_934' title='bbox 3611 3862 3811 3917; x_wconf 81' lang='lat' dir='ltr'><strong>magno</strong></span> 
     </span>
    </p>
   </div>
   <div class='ocr_carea' id='block_1_128' title="bbox 2221 3915 3814 3987">
    <p class='ocr_par' dir='ltr' id='par_1_128' title="bbox 2221 3915 3814 3987">
     <span class='ocr_line' id='line_1_129' title="bbox 2221 3915 3814 3987; baseline 0.001 -18"><span class='ocrx_word' id='word_1_935' title='bbox 2221 3930 2437 3970; x_wconf 86' lang='lat' dir='ltr'><strong>munera</strong></span> <span class='ocrx_word' id='word_1_936' title='bbox 2468 3918 2705 3971; x_wconf 78' lang='lat' dir='ltr'><strong>olIertui-i</strong></span> <span class='ocrx_word' id='word_1_937' title='bbox 2758 3915 2773 3954; x_wconf 79' lang='grc' dir='ltr'>ι</span> <span class='ocrx_word' id='word_1_938' title='bbox 2806 3935 2819 3983; x_wconf 91' lang='grc'><strong>;</strong></span> <span class='ocrx_word' id='word_1_939' title='bbox 2870 3921 3141 3983; x_wconf 76' lang='lat' dir='ltr'><strong>dixerunt,</strong></span> <span class='ocrx_word' id='word_1_940' title='bbox 3174 3919 3302 3986; x_wconf 89' lang='lat' dir='ltr'><strong>Quia</strong></span> <span class='ocrx_word' id='word_1_941' title='bbox 3330 3935 3448 3987; x_wconf 68' lang='lat' dir='ltr'><strong>quae</strong></span> <span class='ocrx_word' id='word_1_942' title='bbox 3494 3915 3814 3981; x_wconf 76' lang='lat' dir='ltr'><strong>adtulimus,</strong></span> 
     </span>
    </p>
   </div>
   <div class='ocr_carea' id='block_1_129' title="bbox 2221 3988 3813 4056">
    <p class='ocr_par' dir='ltr' id='par_1_129' title="bbox 2221 3988 3813 4056">
     <span class='ocr_line' id='line_1_130' title="bbox 2221 3988 3813 4056; baseline 0.002 -17"><span class='ocrx_word' id='word_1_943' title='bbox 2221 4001 2437 4039; x_wconf 90' lang='lat' dir='ltr'><strong>munera</strong></span> <span class='ocrx_word' id='word_1_944' title='bbox 2486 3989 2592 4041; x_wconf 92' lang='lat' dir='ltr'><strong>Deo</strong></span> <span class='ocrx_word' id='word_1_945' title='bbox 2641 3988 2985 4056; x_wconf 77' lang='lat' dir='ltr'><strong>proferimus;</strong></span> <span class='ocrx_word' id='word_1_946' title='bbox 3017 3990 3241 4042; x_wconf 84' lang='lat' dir='ltr'><strong>vidimus</strong></span> <span class='ocrx_word' id='word_1_947' title='bbox 3269 3989 3411 4043; x_wconf 91' lang='lat' dir='ltr'><strong>enim</strong></span> <span class='ocrx_word' id='word_1_948' title='bbox 3452 3992 3664 4043; x_wconf 89' lang='lat' dir='ltr'><strong>stellam</strong></span> <span class='ocrx_word' id='word_1_949' title='bbox 3697 3989 3813 4055; x_wconf 82' lang='lat' dir='ltr'><strong>ejus</strong></span> 
     </span>
    </p>
   </div>
   <div class='ocr_carea' id='block_1_130' title="bbox 2220 4058 3810 4122">
    <p class='ocr_par' dir='ltr' id='par_1_130' title="bbox 2220 4058 3810 4122">
     <span class='ocr_line' id='line_1_131' title="bbox 2220 4058 3810 4122; baseline 0.001 -12"><span class='ocrx_word' id='word_1_950' title='bbox 2220 4058 2271 4111; x_wconf 85' lang='lat' dir='ltr'><strong>ili</strong></span> <span class='ocrx_word' id='word_1_951' title='bbox 2303 4058 2542 4122; x_wconf 80' lang='lat' dir='ltr'><strong>Oriente,</strong></span> <span class='ocrx_word' id='word_1_952' title='bbox 2594 4068 2647 4111; x_wconf 90' lang='lat' dir='ltr'><strong>et</strong></span> <span class='ocrx_word' id='word_1_953' title='bbox 2676 4060 2915 4112; x_wconf 83' lang='lat' dir='ltr'><strong>venimus</strong></span> <span class='ocrx_word' id='word_1_954' title='bbox 2958 4070 3013 4112; x_wconf 91' lang='lat' dir='ltr'><strong>ut</strong></span> <span class='ocrx_word' id='word_1_955' title='bbox 3040 4074 3159 4112; x_wconf 89' lang='lat' dir='ltr'><strong>eum</strong></span> <span class='ocrx_word' id='word_1_956' title='bbox 3195 4060 3501 4113; x_wconf 87' lang='lat' dir='ltr'><strong>adoremus.</strong></span> <span class='ocrx_word' id='word_1_957' title='bbox 3558 4059 3810 4113; x_wconf 81' lang='lat' dir='ltr'><strong>Herodes</strong></span> 
     </span>
    </p>
   </div>
   <div class='ocr_carea' id='block_1_131' title="bbox 2217 4128 3813 4196">
    <p class='ocr_par' dir='ltr' id='par_1_131' title="bbox 2217 4128 3813 4196">
     <span class='ocr_line' id='line_1_132' title="bbox 2217 4128 3813 4196; baseline 0.001 -17"><span class='ocrx_word' id='word_1_958' title='bbox 2217 4138 2392 4180; x_wconf 89' lang='lat' dir='ltr'><strong>autem</strong></span> <span class='ocrx_word' id='word_1_959' title='bbox 2426 4128 2647 4181; x_wconf 89' lang='lat' dir='ltr'><strong>audiens</strong></span> <span class='ocrx_word' id='word_1_960' title='bbox 2679 4130 2811 4195; x_wconf 71' lang='lat' dir='ltr'><strong>lucc,</strong></span> <span class='ocrx_word' id='word_1_961' title='bbox 2844 4139 3064 4193; x_wconf 88' lang='lat' dir='ltr'><strong>stupens</strong></span> <span class='ocrx_word' id='word_1_962' title='bbox 3091 4131 3365 4195; x_wconf 85' lang='lat' dir='ltr'><strong>remansit,</strong></span> <span class='ocrx_word' id='word_1_963' title='bbox 3397 4130 3648 4196; x_wconf 81' lang='lat' dir='ltr'><strong>cogitans</strong></span> <span class='ocrx_word' id='word_1_964' title='bbox 3678 4144 3813 4193; x_wconf 87' lang='lat' dir='ltr'><strong>quo-</strong></span> 
     </span>
    </p>
   </div>
   <div class='ocr_carea' id='block_1_132' title="bbox 2217 4199 3812 4269">
    <p class='ocr_par' dir='ltr' id='par_1_132' title="bbox 2217 4199 3812 4269">
     <span class='ocr_line' id='line_1_133' title="bbox 2217 4199 3812 4269; baseline 0.001 -18"><span class='ocrx_word' id='word_1_965' title='bbox 2217 4213 2355 4251; x_wconf 88' lang='lat' dir='ltr'><strong>niam</strong></span> <span class='ocrx_word' id='word_1_966' title='bbox 2385 4210 2499 4265; x_wconf 89' lang='lat' dir='ltr'><strong>post</strong></span> <span class='ocrx_word' id='word_1_967' title='bbox 2528 4202 2817 4267; x_wconf 89' lang='lat' dir='ltr'><strong>Augustum</strong></span> <span class='ocrx_word' id='word_1_968' title='bbox 2839 4199 3127 4265; x_wconf 74' lang='lat' dir='ltr'><strong>Ctesarem,</strong></span> <span class='ocrx_word' id='word_1_969' title='bbox 3158 4200 3327 4269; x_wconf 82' lang='lat' dir='ltr'><strong>qualis</strong></span> <span class='ocrx_word' id='word_1_970' title='bbox 3353 4208 3437 4254; x_wconf 88' lang='lat' dir='ltr'><strong>est</strong></span> <span class='ocrx_word' id='word_1_971' title='bbox 3458 4203 3628 4253; x_wconf 84' lang='lat' dir='ltr'><strong>virtus</strong></span> <span class='ocrx_word' id='word_1_972' title='bbox 3650 4200 3812 4266; x_wconf 80' lang='lat' dir='ltr'><strong>hujus</strong></span> 
     </span>
    </p>
   </div>
   <div class='ocr_carea' id='block_1_133' title="bbox 2217 4269 2860 4338">
    <p class='ocr_par' dir='ltr' id='par_1_133' title="bbox 2217 4269 2860 4338">
     <span class='ocr_line' id='line_1_134' title="bbox 2217 4269 2860 4338; baseline 0.003 -19"><span class='ocrx_word' id='word_1_973' title='bbox 2217 4269 2305 4336; x_wconf 91' lang='lat' dir='ltr'><strong>qui</strong></span> <span class='ocrx_word' id='word_1_974' title='bbox 2337 4278 2489 4322; x_wconf 89' lang='lat' dir='ltr'><strong>natus</strong></span> <span class='ocrx_word' id='word_1_975' title='bbox 2517 4279 2597 4322; x_wconf 90' lang='lat' dir='ltr'><strong>est</strong></span> <span class='ocrx_word' id='word_1_976' title='bbox 2618 4271 2755 4338; x_wconf 85' lang='lat' dir='ltr'><strong>regis</strong></span> <span class='ocrx_word' id='word_1_977' title='bbox 2774 4279 2810 4305; x_wconf 80' lang='grc' dir='ltr'>ω</span> <span class='ocrx_word' id='word_1_978' title='bbox 2838 4270 2860 4321; x_wconf 89' lang='lat'><strong>?</strong></span> 
     </span>
    </p>
   </div>
   <div class='ocr_carea' id='block_1_134' title="bbox 2287 4360 3812 4433">
    <p class='ocr_par' dir='ltr' id='par_1_134' title="bbox 2287 4360 3812 4433">
     <span class='ocr_line' id='line_1_135' title="bbox 2287 4360 3812 4433; baseline -0.002 -17"><span class='ocrx_word' id='word_1_979' title='bbox 2287 4364 2338 4417; x_wconf 84' lang='lat'><strong>6.</strong></span> <span class='ocrx_word' id='word_1_980' title='bbox 2372 4362 2638 4433; x_wconf 85' lang='lat' dir='ltr'><strong>Venerunt</strong></span> <span class='ocrx_word' id='word_1_981' title='bbox 2666 4377 2794 4431; x_wconf 90' lang='lat' dir='ltr'><strong>ergo</strong></span> <span class='ocrx_word' id='word_1_982' title='bbox 2826 4363 2964 4433; x_wconf 84' lang='lat' dir='ltr'><strong>magi</strong></span> <span class='ocrx_word' id='word_1_983' title='bbox 2996 4363 3047 4417; x_wconf 93' lang='lat' dir='ltr'><strong>in</strong></span> <span class='ocrx_word' id='word_1_984' title='bbox 3092 4360 3518 4433; x_wconf 81' lang='lat' dir='ltr'><strong>Hierosolymam</strong></span> <span class='ocrx_word' id='word_1_985' title='bbox 3548 4361 3654 4415; x_wconf 91' lang='lat' dir='ltr'><strong>sub</strong></span> <span class='ocrx_word' id='word_1_986' title='bbox 3678 4374 3812 4433; x_wconf 83' lang='lat' dir='ltr'><strong>con-</strong></span> 
     </span>
    </p>
   </div>
   <div class='ocr_carea' id='block_1_135' title="bbox 2151 4432 3819 4515">
    <p class='ocr_par' dir='ltr' id='par_1_135' title="bbox 2151 4432 3819 4515">
     <span class='ocr_line' id='line_1_136' title="bbox 2151 4432 3819 4515; baseline 0 -29"><span class='ocrx_word' id='word_1_987' title='bbox 2151 4457 2199 4515; x_wconf 80' lang='lat' dir='ltr'><strong>D</strong></span> <span class='ocrx_word' id='word_1_988' title='bbox 2223 4434 2391 4513; x_wconf 83' lang='lat' dir='ltr'><strong>sulatu</strong></span> <span class='ocrx_word' id='word_1_989' title='bbox 2423 4432 2666 4513; x_wconf 41' lang='lat' dir='ltr'><strong>Vindicii.</strong></span> <span class='ocrx_word' id='word_1_990' title='bbox 2687 4442 2742 4487; x_wconf 90' lang='lat' dir='ltr'><strong>et</strong></span> <span class='ocrx_word' id='word_1_991' title='bbox 2776 4434 2993 4515; x_wconf 43' lang='lat' dir='ltr'><strong>Varii-&#39;1,</strong></span> <span class='ocrx_word' id='word_1_992' title='bbox 3022 4449 3160 4515; x_wconf 83' lang='lat' dir='ltr'><strong>anno</strong></span> <span class='ocrx_word' id='word_1_993' title='bbox 3191 4432 3398 4513; x_wconf 69' lang='lat' dir='ltr'><strong>imperii</strong></span> <span class='ocrx_word' id='word_1_994' title='bbox 3429 4433 3657 4515; x_wconf 61' lang='lat' dir='ltr'><strong>Augusti</strong></span> <span class='ocrx_word' id='word_1_995' title='bbox 3686 4432 3819 4515; x_wconf 49' lang='lat' dir='ltr'><strong>Cat:</strong></span> 
     </span>
    </p>
   </div>
   <div class='ocr_carea' id='block_1_136' title="bbox 2222 4500 3812 4570">
    <p class='ocr_par' dir='ltr' id='par_1_136' title="bbox 2222 4500 3812 4570">
     <span class='ocr_line' id='line_1_137' title="bbox 2222 4500 3812 4570; baseline -0.002 -15"><span class='ocrx_word' id='word_1_996' title='bbox 2222 4504 2355 4557; x_wconf 83' lang='lat' dir='ltr'><strong>saris</strong></span> <span class='ocrx_word' id='word_1_997' title='bbox 2382 4517 2549 4566; x_wconf 78' lang='lat' dir='ltr'><strong>xum,</strong></span> <span class='ocrx_word' id='word_1_998' title='bbox 2580 4502 2700 4570; x_wconf 90' lang='lat' dir='ltr'><strong>quia</strong></span> <span class='ocrx_word' id='word_1_999' title='bbox 2727 4505 2960 4558; x_wconf 88' lang='lat' dir='ltr'><strong>secundo</strong></span> <span class='ocrx_word' id='word_1_1000' title='bbox 2991 4513 3046 4557; x_wconf 91' lang='lat' dir='ltr'><strong>et</strong></span> <span class='ocrx_word' id='word_1_1001' title='bbox 3071 4519 3139 4557; x_wconf 78' lang='lat' dir='ltr'><strong>xi.</strong></span> <span class='ocrx_word' id='word_1_1002' title='bbox 3160 4500 3300 4556; x_wconf 83' lang='lat' dir='ltr'><strong>anno</strong></span> <span class='ocrx_word' id='word_1_1003' title='bbox 3325 4503 3565 4570; x_wconf 83' lang='lat' dir='ltr'><strong>ejusdem</strong></span> <span class='ocrx_word' id='word_1_1004' title='bbox 3583 4500 3812 4569; x_wconf 83' lang='lat' dir='ltr'><strong>Augusti</strong></span> 
     </span>
    </p>
   </div>
   <div class='ocr_carea' id='block_1_137' title="bbox 2222 4573 3808 4639">
    <p class='ocr_par' dir='ltr' id='par_1_137' title="bbox 2222 4573 3808 4639">
     <span class='ocr_line' id='line_1_138' title="bbox 2222 4573 3808 4639; baseline -0.001 -12"><span class='ocrx_word' id='word_1_1005' title='bbox 2222 4576 2449 4628; x_wconf 64' lang='lat' dir='ltr'><strong>Ctesaris</strong></span> <span class='ocrx_word' id='word_1_1006' title='bbox 2496 4574 2742 4628; x_wconf 84' lang='lat' dir='ltr'><strong>Salvator</strong></span> <span class='ocrx_word' id='word_1_1007' title='bbox 2791 4584 2945 4628; x_wconf 84' lang='lat' dir='ltr'><strong>natus</strong></span> <span class='ocrx_word' id='word_1_1008' title='bbox 2971 4582 3073 4639; x_wconf 89' lang='lat' dir='ltr'><strong>est,</strong></span> <span class='ocrx_word' id='word_1_1009' title='bbox 3105 4585 3157 4627; x_wconf 90' lang='lat' dir='ltr'><strong>et</strong></span> <span class='ocrx_word' id='word_1_1010' title='bbox 3188 4574 3237 4626; x_wconf 92' lang='lat' dir='ltr'><strong>in</strong></span> <span class='ocrx_word' id='word_1_1011' title='bbox 3271 4588 3308 4625; x_wconf 90' lang='grc' dir='ltr'><strong>ιι</strong></span> <span class='ocrx_word' id='word_1_1012' title='bbox 3337 4587 3477 4625; x_wconf 88' lang='lat' dir='ltr'><strong>anno</strong></span> <span class='ocrx_word' id='word_1_1013' title='bbox 3511 4573 3808 4625; x_wconf 85' lang='lat' dir='ltr'><strong>nativitatis</strong></span> 
     </span>
    </p>
   </div>
   <div class='ocr_carea' id='block_1_138' title="bbox 2221 4643 3809 4713">
    <p class='ocr_par' dir='ltr' id='par_1_138' title="bbox 2221 4643 3809 4713">
     <span class='ocr_line' id='line_1_139' title="bbox 2221 4643 3809 4713; baseline -0.002 -16"><span class='ocrx_word' id='word_1_1014' title='bbox 2221 4651 2337 4710; x_wconf 74' lang='lat' dir='ltr'><strong>ejus</strong></span> <span class='ocrx_word' id='word_1_1015' title='bbox 2364 4645 2501 4713; x_wconf 87' lang='lat' dir='ltr'><strong>magi</strong></span> <span class='ocrx_word' id='word_1_1016' title='bbox 2536 4653 2790 4699; x_wconf 88' lang='lat' dir='ltr'><strong>venerunt</strong></span> <span class='ocrx_word' id='word_1_1017' title='bbox 2821 4646 2871 4698; x_wconf 93' lang='lat' dir='ltr'><strong>in</strong></span> <span class='ocrx_word' id='word_1_1018' title='bbox 2899 4644 3339 4713; x_wconf 85' lang='lat' dir='ltr'><strong>Hierosolymam.</strong></span> <span class='ocrx_word' id='word_1_1019' title='bbox 3375 4643 3676 4712; x_wconf 79' lang='lat' dir='ltr'><strong>Exquisivit</strong></span> <span class='ocrx_word' id='word_1_1020' title='bbox 3710 4644 3809 4710; x_wconf 85' lang='lat' dir='ltr'><strong>igi-</strong></span> 
     </span>
    </p>
   </div>
   <div class='ocr_carea' id='block_1_139' title="bbox 2224 4713 3807 4785">
    <p class='ocr_par' dir='ltr' id='par_1_139' title="bbox 2224 4713 3807 4785">
     <span class='ocr_line' id='line_1_140' title="bbox 2224 4713 3807 4785; baseline -0.002 -17"><span class='ocrx_word' id='word_1_1021' title='bbox 2224 4726 2306 4769; x_wconf 89' lang='lat' dir='ltr'><strong>tur</strong></span> <span class='ocrx_word' id='word_1_1022' title='bbox 2325 4717 2393 4770; x_wconf 90' lang='lat' dir='ltr'><strong>ab</strong></span> <span class='ocrx_word' id='word_1_1023' title='bbox 2419 4719 2497 4770; x_wconf 86' lang='lat' dir='ltr'><strong>eis</strong></span> <span class='ocrx_word' id='word_1_1024' title='bbox 2528 4715 2764 4770; x_wconf 85' lang='lat' dir='ltr'><strong>Herodes</strong></span> <span class='ocrx_word' id='word_1_1025' title='bbox 2793 4724 2997 4785; x_wconf 88' lang='lat' dir='ltr'><strong>tempus</strong></span> <span class='ocrx_word' id='word_1_1026' title='bbox 3024 4714 3244 4770; x_wconf 81' lang='lat' dir='ltr'><strong>sideris;</strong></span> <span class='ocrx_word' id='word_1_1027' title='bbox 3271 4721 3471 4767; x_wconf 85' lang='lat' dir='ltr'><strong>etcum</strong></span> <span class='ocrx_word' id='word_1_1028' title='bbox 3501 4713 3807 4776; x_wconf 84' lang='lat' dir='ltr'><strong>didicisset,</strong></span> 
     </span>
    </p>
   </div>
   <div class='ocr_carea' id='block_1_140' title="bbox 2294 4867 3808 4939">
    <p class='ocr_par' dir='ltr' id='par_1_140' title="bbox 2294 4867 3808 4939">
     <span class='ocr_line' id='line_1_141' title="bbox 2294 4867 3808 4939; baseline -0.007 -11"><span class='ocrx_word' id='word_1_1029' title='bbox 2294 4884 2319 4920; x_wconf 80' lang='lat'><strong>8</strong></span> <span class='ocrx_word' id='word_1_1030' title='bbox 2348 4873 2580 4928; x_wconf 83' lang='lat' dir='ltr'><strong>Omnino</strong></span> <span class='ocrx_word' id='word_1_1031' title='bbox 2612 4880 2780 4926; x_wconf 89' lang='lat' dir='ltr'><strong>totum</strong></span> <span class='ocrx_word' id='word_1_1032' title='bbox 2828 4871 2970 4926; x_wconf 89' lang='lat' dir='ltr'><strong>hunc</strong></span> <span class='ocrx_word' id='word_1_1033' title='bbox 2996 4878 3051 4925; x_wconf 91' lang='lat' dir='ltr'><strong>et</strong></span> <span class='ocrx_word' id='word_1_1034' title='bbox 3078 4869 3269 4939; x_wconf 89' lang='lat' dir='ltr'><strong>partim</strong></span> <span class='ocrx_word' id='word_1_1035' title='bbox 3300 4867 3457 4923; x_wconf 89' lang='lat' dir='ltr'><strong>etiam</strong></span> <span class='ocrx_word' id='word_1_1036' title='bbox 3489 4874 3808 4939; x_wconf 86' lang='lat' dir='ltr'><strong>sequentem</strong></span> 
     </span>
    </p>
   </div>
   <div class='ocr_carea' id='block_1_141' title="bbox 2222 4938 3819 5011">
    <p class='ocr_par' dir='ltr' id='par_1_141' title="bbox 2222 4938 3819 5011">
     <span class='ocr_line' id='line_1_142' title="bbox 2222 4938 3819 5011; baseline -0.006 -13"><span class='ocrx_word' id='word_1_1037' title='bbox 2222 4953 2443 4998; x_wconf 91' lang='lat' dir='ltr'><strong>tractum</strong></span> <span class='ocrx_word' id='word_1_1038' title='bbox 2496 4960 2559 4997; x_wconf 84' lang='lat' dir='ltr'><strong>ex</strong></span> <span class='ocrx_word' id='word_1_1039' title='bbox 2619 4944 2801 4997; x_wconf 85' lang='lat' dir='ltr'><strong>Malala</strong></span> <span class='ocrx_word' id='word_1_1040' title='bbox 2847 4958 2898 5011; x_wconf 93' lang='lat' dir='ltr'><strong>p.</strong></span> <span class='ocrx_word' id='word_1_1041' title='bbox 2948 4938 3130 5006; x_wconf 78' lang='lat'><strong>96-97,</strong></span> <span class='ocrx_word' id='word_1_1042' title='bbox 3158 4940 3242 4994; x_wconf 86' lang='lat' dir='ltr'><strong>vel</strong></span> <span class='ocrx_word' id='word_1_1043' title='bbox 3289 4941 3646 5005; x_wconf 76' lang='lat' dir='ltr'><strong>excitatisab</strong></span> <span class='ocrx_word' id='word_1_1044' title='bbox 3696 4938 3819 5003; x_wconf 85' lang='lat' dir='ltr'><strong>ipso</strong></span> 
     </span>
    </p>
   </div>
   <div class='ocr_carea' id='block_1_142' title="bbox 2223 5014 3274 5081">
    <p class='ocr_par' dir='ltr' id='par_1_142' title="bbox 2223 5014 3274 5081">
     <span class='ocr_line' id='line_1_143' title="bbox 2223 5014 3274 5081; baseline -0.006 -12"><span class='ocrx_word' id='word_1_1045' title='bbox 2223 5016 2490 5069; x_wconf 89' lang='lat' dir='ltr'><strong>historicis</strong></span> <span class='ocrx_word' id='word_1_1046' title='bbox 2517 5014 2852 5081; x_wconf 88' lang='lat' dir='ltr'><strong>desumptum</strong></span> <span class='ocrx_word' id='word_1_1047' title='bbox 2884 5027 3006 5066; x_wconf 91' lang='lat' dir='ltr'><strong>esse</strong></span> <span class='ocrx_word' id='word_1_1048' title='bbox 3033 5021 3274 5080; x_wconf 89' lang='lat' dir='ltr'><strong>apparet.</strong></span> 
     </span>
    </p>
   </div>
   <div class='ocr_carea' id='block_1_143' title="bbox 2292 5077 3811 5139">
    <p class='ocr_par' dir='ltr' id='par_1_143' title="bbox 2292 5077 3811 5139">
     <span class='ocr_line' id='line_1_144' title="bbox 2292 5077 3811 5139; baseline -0.005 0"><span class='ocrx_word' id='word_1_1049' title='bbox 2292 5083 2321 5121; x_wconf 58' lang='grc' dir='ltr'>δ</span> <span class='ocrx_word' id='word_1_1050' title='bbox 2369 5084 2567 5139; x_wconf 80' lang='lat' dir='ltr'><strong>Confer</strong></span> <span class='ocrx_word' id='word_1_1051' title='bbox 2627 5077 2834 5137; x_wconf 73' lang='lat' dir='ltr'><strong>Eusebii</strong></span> <span class='ocrx_word' id='word_1_1052' title='bbox 2886 5077 3187 5137; x_wconf 85' lang='lat' dir='ltr'><strong>Chrouieou</strong></span> <span class='ocrx_word' id='word_1_1053' title='bbox 3238 5079 3487 5135; x_wconf 88' lang='lat' dir='ltr'><strong>editionis</strong></span> <span class='ocrx_word' id='word_1_1054' title='bbox 3547 5077 3811 5133; x_wconf 73' lang='lat' dir='ltr'><strong>Romana:</strong></span> 
     </span>
    </p>
   </div>
   <div class='ocr_carea' id='block_1_144' title="bbox 2222 5152 2903 5224">
    <p class='ocr_par' dir='ltr' id='par_1_144' title="bbox 2222 5152 2903 5224">
     <span class='ocr_line' id='line_1_145' title="bbox 2222 5152 2903 5224; baseline -0.01 -12"><span class='ocrx_word' id='word_1_1055' title='bbox 2222 5155 2315 5212; x_wconf 88' lang='lat' dir='ltr'><strong>lib.</strong></span> <span class='ocrx_word' id='word_1_1056' title='bbox 2340 5171 2378 5221; x_wconf 83' lang='lat'><strong>1,</strong></span> <span class='ocrx_word' id='word_1_1057' title='bbox 2399 5170 2517 5224; x_wconf 88' lang='lat' dir='ltr'><strong>cap.</strong></span> <span class='ocrx_word' id='word_1_1058' title='bbox 2548 5156 2635 5209; x_wconf 83' lang='grc'><strong>18.</strong></span> <span class='ocrx_word' id='word_1_1059' title='bbox 2664 5169 2783 5222; x_wconf 87' lang='lat' dir='ltr'><strong>pag.</strong></span> <span class='ocrx_word' id='word_1_1060' title='bbox 2814 5152 2903 5207; x_wconf 76' lang='lat'><strong>92.</strong></span> 
     </span>
    </p>
   </div>
   <div class='ocr_carea' id='block_1_145' title="bbox 2298 5223 3103 5288">
    <p class='ocr_par' dir='ltr' id='par_1_145' title="bbox 2298 5223 3103 5288">
     <span class='ocr_line' id='line_1_146' title="bbox 2298 5223 3103 5288; baseline -0.005 -8"><span class='ocrx_word' id='word_1_1061' title='bbox 2298 5226 2313 5263; x_wconf 75' lang='grc'>¹</span> <span class='ocrx_word' id='word_1_1062' title='bbox 2350 5228 2421 5280; x_wconf 90' lang='lat' dir='ltr'><strong>Ita</strong></span> <span class='ocrx_word' id='word_1_1063' title='bbox 2456 5223 2577 5279; x_wconf 90' lang='lat' dir='ltr'><strong>eod.</strong></span> <span class='ocrx_word' id='word_1_1064' title='bbox 2606 5226 2694 5278; x_wconf 83' lang='lat' dir='ltr'><strong>sed</strong></span> <span class='ocrx_word' id='word_1_1065' title='bbox 2722 5240 2839 5275; x_wconf 85' lang='lat' dir='ltr'><strong>num</strong></span> <span class='ocrx_word' id='word_1_1066' title='bbox 2873 5223 3103 5288; x_wconf 83' lang='lat' dir='ltr'><strong>pariter?</strong></span> 
     </span>
    </p>
   </div>
   <div class='ocr_carea' id='block_1_146' title="bbox 2296 5290 3813 5356">
    <p class='ocr_par' dir='ltr' id='par_1_146' title="bbox 2296 5290 3813 5356">
     <span class='ocr_line' id='line_1_147' title="bbox 2296 5290 3813 5356; baseline -0.002 -9"><span class='ocrx_word' id='word_1_1067' title='bbox 2296 5299 2310 5347; x_wconf 82' lang='lat' dir='ltr'><strong>i</strong></span> <span class='ocrx_word' id='word_1_1068' title='bbox 2334 5297 2533 5351; x_wconf 84' lang='lat' dir='ltr'><strong>Rursus</strong></span> <span class='ocrx_word' id='word_1_1069' title='bbox 2549 5305 2726 5349; x_wconf 91' lang='lat' dir='ltr'><strong>noster</strong></span> <span class='ocrx_word' id='word_1_1070' title='bbox 2738 5311 2801 5346; x_wconf 83' lang='lat' dir='ltr'><strong>ex</strong></span> <span class='ocrx_word' id='word_1_1071' title='bbox 2820 5293 2998 5345; x_wconf 74' lang='lat' dir='ltr'><strong>Malala</strong></span> <span class='ocrx_word' id='word_1_1072' title='bbox 3012 5291 3176 5345; x_wconf 88' lang='lat' dir='ltr'><strong>sumit</strong></span> <span class='ocrx_word' id='word_1_1073' title='bbox 3189 5290 3351 5343; x_wconf 84' lang='lat' dir='ltr'><strong>multa</strong></span> <span class='ocrx_word' id='word_1_1074' title='bbox 3369 5290 3419 5345; x_wconf 89' lang='lat' dir='ltr'><strong>in</strong></span> <span class='ocrx_word' id='word_1_1075' title='bbox 3435 5290 3813 5356; x_wconf 85' lang='lat' dir='ltr'><strong>sequentibus.</strong></span> 
     </span>
    </p>
   </div>
   <div class='ocr_carea' id='block_1_147' title="bbox 2293 5363 3807 5433">
    <p class='ocr_par' dir='ltr' id='par_1_147' title="bbox 2293 5363 3807 5433">
     <span class='ocr_line' id='line_1_148' title="bbox 2293 5363 3807 5433; baseline -0.004 -13"><span class='ocrx_word' id='word_1_1076' title='bbox 2293 5367 2319 5405; x_wconf 75' lang='grc' dir='ltr'><strong>¹ί</strong></span> <span class='ocrx_word' id='word_1_1077' title='bbox 2352 5368 2427 5420; x_wconf 86' lang='lat' dir='ltr'><strong>Ex</strong></span> <span class='ocrx_word' id='word_1_1078' title='bbox 2456 5365 2643 5419; x_wconf 77' lang='lat' dir='ltr'><strong>Malala</strong></span> <span class='ocrx_word' id='word_1_1079' title='bbox 2676 5364 2740 5416; x_wconf 83' lang='lat' dir='ltr'><strong>ad</strong></span> <span class='ocrx_word' id='word_1_1080' title='bbox 2774 5366 3001 5417; x_wconf 84' lang='lat' dir='ltr'><strong>litletatn</strong></span> <span class='ocrx_word' id='word_1_1081' title='bbox 3037 5379 3051 5415; x_wconf 92' lang='lat'><strong>:</strong></span> <span class='ocrx_word' id='word_1_1082' title='bbox 3082 5364 3257 5421; x_wconf 77' lang='grc' dir='ltr'><strong>οἵτινες·</strong></span> <span class='ocrx_word' id='word_1_1083' title='bbox 3286 5368 3439 5433; x_wconf 74' lang='grc' dir='ltr'><strong>μάγοι</strong></span> <span class='ocrx_word' id='word_1_1084' title='bbox 3469 5363 3807 5433; x_wconf 70' lang='grc' dir='ltr'><strong>γνωσθέντες,</strong></span> 
     </span>
    </p>
   </div>
   <div class='ocr_carea' id='block_1_148' title="bbox 2222 5432 3707 5509">
    <p class='ocr_par' dir='ltr' id='par_1_148' title="bbox 2222 5432 3707 5509">
     <span class='ocr_line' id='line_1_149' title="bbox 2222 5432 3707 5509; baseline -0.007 -14"><span class='ocrx_word' id='word_1_1085' title='bbox 2222 5439 2719 5509; x_wconf 15' lang='grc' dir='ltr'><strong>συνεσχέθησαννκαὶ</strong></span> <span class='ocrx_word' id='word_1_1086' title='bbox 2748 5435 3226 5509; x_wconf 24' lang='grc' dir='ltr'><strong>εἰσηνέχθησαν-τῷ</strong></span> <span class='ocrx_word' id='word_1_1087' title='bbox 3255 5432 3447 5509; x_wconf 24' lang='grc' dir='ltr'><strong>ειιρὼμδῃ</strong></span> <span class='ocrx_word' id='word_1_1088' title='bbox 3480 5432 3707 5509; x_wconf 43' lang='grc' dir='ltr'><strong>Βασιλεῖ.</strong></span> 
     </span>
    </p>
   </div>
   <div class='ocr_carea' id='block_1_149' title="bbox 2298 5502 3816 5569">
    <p class='ocr_par' dir='ltr' id='par_1_149' title="bbox 2298 5502 3816 5569">
     <span class='ocr_line' id='line_1_150' title="bbox 2298 5502 3816 5569; baseline -0.005 -6"><span class='ocrx_word' id='word_1_1089' title='bbox 2298 5509 2315 5546; x_wconf 80' lang='grc' dir='ltr'>ι</span> <span class='ocrx_word' id='word_1_1090' title='bbox 2358 5502 2446 5563; x_wconf 63' lang='lat' dir='ltr'><strong>Sic</strong></span> <span class='ocrx_word' id='word_1_1091' title='bbox 2496 5508 2547 5561; x_wconf 92' lang='lat' dir='ltr'><strong>in</strong></span> <span class='ocrx_word' id='word_1_1092' title='bbox 2584 5508 2702 5560; x_wconf 88' lang='lat' dir='ltr'><strong>aliis</strong></span> <span class='ocrx_word' id='word_1_1093' title='bbox 2741 5502 3014 5560; x_wconf 84' lang='lat' dir='ltr'><strong>codicibus</strong></span> <span class='ocrx_word' id='word_1_1094' title='bbox 3054 5505 3165 5557; x_wconf 90' lang='lat' dir='ltr'><strong>vidi</strong></span> <span class='ocrx_word' id='word_1_1095' title='bbox 3199 5502 3481 5557; x_wconf 40' lang='lat' dir='ltr'><strong>‘int‘érdu&#39;tu</strong></span> <span class='ocrx_word' id='word_1_1096' title='bbox 3538 5502 3816 5569; x_wconf 67' lang='lat' dir='ltr'><strong>alienum,</strong></span> 
     </span>
    </p>
   </div>
   <div class='ocr_carea' id='block_1_150' title="bbox 2222 5580 2421 5648">
    <p class='ocr_par' dir='ltr' id='par_1_150' title="bbox 2222 5580 2421 5648">
     <span class='ocr_line' id='line_1_151' title="bbox 2222 5580 2421 5648; baseline -0.01 -15"><span class='ocrx_word' id='word_1_1097' title='bbox 2222 5580 2421 5648; x_wconf 71' lang='lat' dir='ltr'><strong>offerla.</strong></span> 
     </span>
    </p>
   </div>
   <div class='ocr_carea' id='block_1_151' title="bbox 2293 5644 3338 5714">
    <p class='ocr_par' dir='ltr' id='par_1_151' title="bbox 2293 5644 3338 5714">
     <span class='ocr_line' id='line_1_152' title="bbox 2293 5644 3338 5714; baseline -0.008 -9"><span class='ocrx_word' id='word_1_1098' title='bbox 2293 5662 2328 5686; x_wconf 78' lang='grc' dir='ltr'>ιη</span> <span class='ocrx_word' id='word_1_1099' title='bbox 2356 5651 2550 5704; x_wconf 85' lang='lat' dir='ltr'><strong>Cuncta</strong></span> <span class='ocrx_word' id='word_1_1100' title='bbox 2586 5659 2805 5714; x_wconf 84' lang='lat' dir='ltr'><strong>prorsus</strong></span> <span class='ocrx_word' id='word_1_1101' title='bbox 2840 5662 2903 5699; x_wconf 82' lang='lat' dir='ltr'><strong>ex</strong></span> <span class='ocrx_word' id='word_1_1102' title='bbox 2934 5644 3118 5698; x_wconf 85' lang='lat' dir='ltr'><strong>Malala</strong></span> <span class='ocrx_word' id='word_1_1103' title='bbox 3155 5658 3206 5710; x_wconf 91' lang='lat' dir='ltr'><strong>p.</strong></span> <span class='ocrx_word' id='word_1_1104' title='bbox 3250 5644 3338 5697; x_wconf 87' lang='lat'><strong>97.</strong></span> 
     </span>
    </p>
   </div>
   <div class='ocr_carea' id='block_1_152' title="bbox 2294 5714 3262 5786">
    <p class='ocr_par' dir='ltr' id='par_1_152' title="bbox 2294 5714 3262 5786">
     <span class='ocr_line' id='line_1_153' title="bbox 2294 5714 3262 5786; baseline -0.007 -14"><span class='ocrx_word' id='word_1_1105' title='bbox 2294 5731 2319 5756; x_wconf 80' lang='grc' dir='ltr'><strong>ιι</strong></span> <span class='ocrx_word' id='word_1_1106' title='bbox 2350 5720 2496 5786; x_wconf 73' lang='lat' dir='ltr'><strong>Apud</strong></span> <span class='ocrx_word' id='word_1_1107' title='bbox 2532 5718 2793 5772; x_wconf 68' lang='lat' dir='ltr'><strong>Malalam.</strong></span> <span class='ocrx_word' id='word_1_1108' title='bbox 2835 5734 2883 5785; x_wconf 93' lang='lat' dir='ltr'><strong>p.</strong></span> <span class='ocrx_word' id='word_1_1109' title='bbox 2917 5714 3003 5782; x_wconf 73' lang='lat' dir='ltr'><strong>b3,</strong></span> <span class='ocrx_word' id='word_1_1110' title='bbox 3046 5714 3262 5771; x_wconf 79' lang='lat' dir='ltr'><strong>Valerii.</strong></span> 
     </span>
    </p>
   </div>
  </div>
