4064 6346
544 302 676 360 “67

1529 302 1620 356 AD
1661 298 2047 355 MARTVROL.
2093 298 2294 353 BENE
2333 298 2767 354 APPENDICES.

3650 288 3786 355 “’33

542 421 731 484 Maius,
757 432 788 471 v
812 415 897 471 die
923 415 1139 489 mensis,
1164 414 1213 470 id
1236 423 1310 489 est
1337 431 1392 489 in
1419 416 1597 489 Nonas
1623 414 1803 481 Maias,
1822 415 1907 489 die
1929 430 1957 470 v
1983 414 2105 489 fern,
2142 419 2185 477 Α
2210 415 2444 485 jectione
2488 416 2683 472 diaboli
2732 416 3000 489 liberaret.
3045 414 3176 470 Nam
3208 431 3274 471 χι.
3301 424 3354 473 et
3375 432 3437 489 vr
3483 418 3789 489 significant

544 492 673 545 hora
701 504 761 551 ιι.
812 488 1009 543 sanctis
1050 486 1305 553 apostolis
1345 487 1667 551 videntibus,
1713 495 1768 540 et
1810 487 1914 541 alia
1958 486 2111 541 turba

540 561 945 628 discipulorum,
984 556 1251 628 quomodo
1287 568 1588 626 assumptus
1638 565 1718 628 est
1744 555 2109 628 agnubibus;

542 626 739 686 sanctis
784 628 981 695 angelis
1010 627 1304 696 dicentibus
1331 645 1342 680 :
1374 628 1510 694 Quid
1549 626 1784 696 aspicitis
1815 626 1866 680 in
1894 626 2111 696 omium.

543 703 641 756 viri
670 694 908 754 Caliltei?
936 697 1032 751 Hic
1057 694 1215 755 Jesus
1241 699 1327 765 qui
1355 694 1656 766 assumptus
1682 705 1765 751 est
1787 711 1814 748 a
1846 695 2016 760 vobis,
2037 696 2115 766 sic

544 773 737 825 iterum
769 769 967 831 veniet,
990 767 1442 837 quemadmodum
1464 765 1805 837 eum‘videtis
1822 774 2034 837 euntem
2061 765 2113 819 in

544 842 761 896 omium.
807 834 1095 892 Descendit
1122 848 1297 891 autem
1328 838 1616 892 secundum
1660 836 1867 890 Domini
1909 834 2115 902 pollici-

548 911 798 963 tationem
825 917 1039 962 sanet-us
1068 916 1121 961 et
1145 907 1438 962 vivificator
1460 907 1688 976 Spiritus
1710 920 1871 974 super
1901 914 2116 973 aposto-

542 979 625 1033 los
647 993 830 1033 mense
854 978 1158 1040 Artemisio,
1187 979 1273 1047 qui
1306 988 1389 1033 est
1412 978 1597 1041 Maius,
1628 986 1657 1047 ιν
1684 991 1753 1029 xv
1780 976 1865 1031 die
1892 976 2111 1047 mensis,

542 1049 629 1103 die
659 1049 953 1112 Dotuiniea,
988 1049 1112 1101 hora
1141 1044 1223 1112 tu,
1254 1057 1444 1115 agente
1476 1046 1811 1115 prtesidatum
1850 1048 1900 1099 in
1930 1044 2112 1099 Judaea

544 1121 732 1173 eodem
760 1118 949 1175 Pontio
986 1118 1172 1187 Pilato,
1198 1120 1283 1186 qui
1313 1120 1615 1187 adsignatus
1641 1116 1812 1170 fuerat
1827 1115 2114 1187 principari
2142 1164 2143 1167 η

544 1189 688 1258 genti
712 1188 1016 1243 Judazorutn
1048 1186 1114 1240 ab
1146 1188 1260 1255 ipso
1286 1186 1499 1241 Tiberio
1521 1186 1743 1258 Caesare
1758 1189 1847 1255 qui
1875 1186 2116 1239 dissolvit

544 1255 765 1328 regnum
783 1259 1105 1323 Judteorum,
1127 1258 1463 1312 etconstituit
1485 1256 1571 1311 eis-
1584 1255 1867 1322 principem
1888 1268 2116 1328 prmesse

542 1326 982 1397 qualemcumque
1008 1328 1280 1392 voluisset,
1312 1331 1411 1380 sub
1443 1328 1747 1396 pontificatu
1777 1326 2113 1380 sacerdotum

542 1398 848 1454 Judzeorum
880 1401 1046 1453 Anna:
1069 1408 1121 1451 et
1148 1398 1360 1466 Caiphae
1388 1401 1438 1453 ἲ).
1562 1464 1569 1466 Α
1710 1432 1722 1440 -

570 1495 583 1509 ι
615 1469 704 1523 12.
746 1470 854 1523 lloc
885 1482 1109 1537 namque
1134 1463 1393 1522 loco'licet
1438 1464 1699 1534 inspicere
1726 1463 1973 1535 quicquid
1998 1479 2117 1537 per-

543 1538 726 1594 tulerit
766 1536 1200 1593 Christus’salus
1253 1547 1308 1592 et
1355 1537 1649 1604 redemptio
1690 1544 1890 1599 nostra,
1938 1536 2113 1589 omnia

541 1624 690 1677 gesta
731 1623 849 1663 esse
889 1610 940 1662 in
985 1607 1410 1677 homineﬂpleno
1447 1622 1567 1661 cum
1604 1605 1744 1660 “Deo.
1793 1604 1924 1677 Nam
1975 1607 2114 1669 quod

542 1675 786 1736 Christus
814 1693 906 1747 per
931 1678 1175 1749 angelum
1206 1676 1729 1749 Virginimuntiatur,
1761 1675 2113 1749 adevacuang

542 1751 669 1805 dum
699 1745 977 1804 consilium
1006 1745 1274 1816 serpentis
1297 1745 1359 1801 ad
1393 1750 1555 1802 Evam
1590 1748 1639 1801 in
1671 1745 1933 1813 paradiso.
1961 1745 2113 1812 Quod

541 1830 719 1875 autem
757 1820 824 1874 de
862 1816 1074 1884 Virgine
1116 1829 1269 1872 natus
1315 1827 1417 1883 est,
1472 1826 1687 1886 pr0pter
1714 1817 2115 1886 protOpIastum

543 1891 735 1955 Adam,
764 1904 925 1959 quam
959 1889 1025 1943 de
1067 1887 1264 1958 virgine
1303 1899 1440 1942 terra
1474 1885 1531 1941 et
1565 1885 1836 1959 impolluta
1856 1885 1932 1939 ad
1976 1900 2122 1959 suam

545 1960 674 2015 fecit
701 1955 1012 2029 imaginem;
1044 1955 1279 2028 quicum
1308 1961 1564 2029 suadente
1594 1955 1808 2029 diabolo
1836 1956 2023 2010 tnortis
2046 1958 2126 2010 in-

543 2026 1118 2092 currisset'exitiuin,'a
1144 2030 1259 2083 solo
1284 2028 1505 2083 Dom‘no
1522 2026 1736 2081 Christo
1758 2039 1934 2079 rerum
1964 2041 2120 2095 repa-

544 2110 783 2155 ratoreet
808 2099 1083 2154 conditore
1103 2098 1219 2168 ejus
1240 2101 1482 2167 corporis
1500 2106 1557 2151 et
1575 2098 1786 2168 animus,
1806 2111 1898 2163 per
1915 2099 2128 2168 immor-

545 2171 798 2226 talitatem
814 2166 1424 2236 Christi,resiauraretur
1436 2166 1936 2231 domicilium-.Quod
1950 2176 2124 2220 autem

550 2242 745 2295 decimi
775 2240 975 2295 mensis
1002 2241 1219 2293 limitem
1248 2238 1510 2309 tetigisset
1537 2239 1588 2291 in
1616 2236 1846 2304 Virginis
1875 2246 2054 2309 utero,
2076 2237 2125 2290 id

548 2323 635 2364 est
658 2312 771 2365 dies
797 2326 849 2363 vt
876 2324 1034 2377 supra
1067 2323 1252 2362 mense
1280 2307 1421 2363 nono
1450 2309 1748 2376 perliciens,
1780 2307 1919 2377 quod
1953 2307 2127 2361 nullus

546 2392 611 2433 ex
643 2380 764 2435 filiis
801 2376 1072 2433 hominum
1117 2378 1282 2447 tangit
1320 2388 1548 2432 metrum
1592 2376 2007 2447 rnascendo’rper
2042 2391 2128 2447 se-

548 2464 691 2515 men,
724 2451 825 2504 nisi
853 2447 999 2505 sol-us
1027 2445 1266 2502 Chiisnis
1307 2462 1461 2503 verus
1501 2446 1669 2501 Filius
1688 2445 1787 2499 Dei
1815 2453 1870 2498 et
1896 2446 2128 2500 hominis

546 2522 667 2575 sine
692 2520 895 2573 semine
923 2528 1078 2572 natus
1099 2533 1164 2572 ex
1195 2519 1426 2586 virgine;
1463 2520 1529 2571 ita
1563 2528 1619 2570 ιιι
1647 2517 1774 2569 fiant
1798 2516 1917 2570 dies
1945 2518 1997 2569 in
2024 2532 2124 2570 una

547 2588 865 2645 collectioiie
892 2589 1163 2643 constricn
1181 2585 1431 2653 cenam,
1460 2588 1549 2657 qui
1575 2587 1707 2657 fiunt
1733 2586 2017 2657 allegorice
2044 2585 2127 2641 vel

549 2675 645 2732 per
682 2660 907 2732 typicam
936 2660 1314 2732 quarstionem;
1345 2656 1487 2732 quod
1517 2661 1629 2726 ipse
1656 2656 1843 2732 affatus
1865 2657 1923 2732 in
1950 2656 2125 2732 Evan-

546 2726 686 2796 gelio
704 2726 785 2784 ait
810 2746 825 2783 :
857 2726 1059 2785 Solvite
1085 2730 1341 2798 templum
1363 2726 1497 2794 hoc,
1526 2740 1579 2782 et
1605 2742 1704 2797 ego
1730 2726 1781 2779 in
1813 2726 1981 2798 tribus
2011 2727 2131 2783 die-

549 2805 650 2855 btts
679 2800 950 2857 suscitabo
981 2800 1133 2859 illud.
1176 2797 1279 2856 Sed
1310 2797 1476 2853 Judaei
1498 2799 1813 2868 ignorantes
1841 2797 2126 2868 capitulum

549 2872 794 2938 rationis,
850 2871 1187 2940 protulerunt
1239 2866 1600 2923 testimonioin
1650 2866 1922 2932 veritatis,
1960 2879 2029 2940 et
2058 2868 2127 2922 ita

2213 496 2415 541 sextam
2445 503 2599 551 quant
2632 488 2859 541 mundus
2882 487 3068 554 agebat
3095 497 3324 553 aetatem,
3355 487 3480 543 dum
3511 487 3791 556 reparator

2211 570 2320 610 suae
2349 557 2561 611 fabrica:
2589 556 2878 620 adveniret,
2902 566 2955 609 et
2983 558 3270 623 perfectam
3299 559 3666 627 pteniteutiam
3693 576 3792 624 per

2213 642 2492 681 numerum
2522 627 2860 693 perfectionis
2889 626 3311 695 quadragesimze
3330 628 3589 695 jejunium
3617 633 3794 694 pani-

2214 698 2445 750 tentibus
2466 698 2875 751 demonstraret.
2904 694 3053 750 Unde
3073 706 3127 749 et
3152 700 3263 764 ipse
3284 694 3529 753 Salvator
3552 709 3794 763 tempta-

2214 775 2298 820 tus
2326 782 2353 818 a
2383 767 2594 821 diabolo
2640 768 2783 821 velut
2829 768 3015 829 homo,
3069 768 3244 820 victor
3270 769 3494 823 exstitit.
3543 769 3608 824 Ut
3653 768 3797 827 Deus

2212 850 2341 904 ergo
2382 854 2476 904 per
2505 836 2969 906 quadragesimum
3023 845 3078 890 et
3125 845 3331 892 sextum
3365 854 3646 894 numerum
3680 848 3795 896 ter-

2214 907 2448 977 tiUmque
2470 908 2817 977 duplicatum,
2844 921 3053 977 omnem
3080 905 3291 961 humani
3322 912 3530 977 generis
3555 926 3795 965 massam

2214 976 2265 1031 in
2298 992 2452 1047 unam
2488 976 2606 1031 fidei
2638 976 3001 1031 fermentando
3020 976 3791 1047 coagulavitﬁonSparsionem.

2287 1044 2375 1099 t4.
2409 1048 2558 1118 Quod
2589 1056 2765 1100 autem
2796 1061 2859 1118 ex
2891 1047 3117 1118 femineo
3145 1044 3323 1118 editus
3347 1044 3553 1111 ventre,
3586 1052 3799 1118 positus

2216 1116 2267 1170 in
2316 1117 2600 1186 praesepio,
2656 1117 2967 1188 pannisest
3018 1117 3319 1188 obvolutus,
3378 1116 3599 1188 propter
3642 1121 3797 1176 illum

2216 1189 2570 1259 versiculum,
2602 1202 2708 1259 quo
2740 1186 2897 1239 David
2926 1185 3274 1259 jurejurando
3307 1190 3446 1243 Deus
3476 1185 3802 1259 promiserat

2214 1257 2396 1310 dicens
2439 1274 2454 1311 :
2499 1257 2571 1310 De
2611 1254 2779 1311 fructu
2820 1257 3020 1310 ventris
3062 1260 3132 1309 tui
3178 1271 3366 1325 ponam
3406 1254 3568 1327 super
3610 1262 3798 1314 sedem
3874 1254 3879 1261 ’

2217 1336 2383 1398 tuam.
2433 1327 2752 1395 Prtesepium
2798 1328 3215 1398 totustnundus
3263 1328 3545 1393 adseritur,
3580 1329 3643 1383 in
3691 1347 3802 1398 quo

2215 1398 2325 1450 auis
2367 1397 2621 1465 jumentis
2669 1396 3068 1451 rationabilihus
3121 1399 3367 1466 pabulum
3420 1396 3804 1454 subministrat

2219 1466 2472 1521 Dominus
2502 1467 2813 1532 majestatis.
2870 1466 3062 1521 Pannis
3084 1482 3209 1521 vero
3236 1470 3551 1535 advolvitur,
3584 1482 3805 1525 nostras

2217 1538 2460 1591 miserias
2496 1537 2764 1606 patiendo,
2798 1537 2850 1590 in
2880 1536 3070 1603 quibus
3104 1538 3363 1592 adhibens
3394 1541 3550 1593 nobis
3588 1543 3803 1607 empla-

2217 1619 2358 1672 stra,
2407 1608 2618 1679 nostris;
2642 1607 2949 1679 vulneribus
2980 1608 3609 1679 ‘exhibuit_medicinam.
3642 1611 3803 1676 Quod

2217 1686 2396 1762 autem
2428 1679 2478 1762 in
2509 1674 2781 1762 Deiiiieem
2811 1676 2959 1731 Judte
2990 1676 3397 1762 civitate__D:_tvitl
3428 1694 3650 1762 nascere
3670 1674 3807 1762 '(ita

2149 1766 2194 1826 ις
2220 1748 2361 1816 cod.)
2393 1748 2558 1826 voluit
2598 1748 3133 1826 Ch_ristus,_'pro_pter
3168 1749 3297 1826 illud
3336 1750 3474 1826 quod
3520 1759 3647 1804 ante
3690 1748 3805 1818 jam

2222 1818 2625 1885 proauntiatum
2663 1816 2833 1871 fuerat
2871 1817 3036 1872 Jacob
3074 1817 3331 1886 fugienti,
3358 1816 3484 1873 dum
3516 1816 3809 1887 soporatos

2227 1889 2425 1959 scalam
2458 1888 2526 1941 ibi
2552 1887 2620 1959 ad
2651 1888 2844 1943 caelum
2888 1902 3054 1959 usque
3090 1888 3453 1955 conspiceret,
3476 1900 3540 1944 et
3572 1892 3810 1959 angelus

2232 1958 2322 2010 Dei
2369 1958 2725 2012 ascendentes
2749 1969 2800 2012 et
2827 1958 3211 2013 descendentes
3248 1959 3492 2022 vidisset,
3533 1971 3591 2016 et
3635 1958 3806 2014 Deum

2230 2027 2283 2081 in
2306 2026 2521 2082 'summo
2550 2028 2852 2082 incubuisse
2890 2029 3169 2096 aspiceret,
3201 2028 3333 2082 dixit
3360 2048 3372 2081 :
3432 2031 3530 2084 Hic
3562 2039 3648 2084 est
3678 2044 3811 2086 vero

2229 2098 2416 2151 domus
2474 2098 2594 2162 Deis,
2657 2107 2709 2151 et
2749 2106 2902 2168 porta
2957 2097 3111 2163 cmli;
3159 2100 3298 2152 unde
3352 2101 3653 2168 appellatur
3704 2101 3807 2157 B'e‘é

2230 2168 2358 2222 thel.
2394 2168 2455 2222 Et
2486 2168 2730 2233 lapidem,
2754 2183 2911 2234 quem
2934 2168 2998 2221 ad
3021 2173 3176 2236 caput
3205 2169 3302 2223 sibi
3325 2168 3491 2223 Jacob
3524 2185 3807 2238 posuerat,

2231 2238 2882 2310 insimilitudinemillius
2914 2238 3100 2304 lapidis
3142 2240 3408 2309 angularis
3437 2240 3638 2310 (erexit
3664 2242 3719 2295 in
3751 2242 3813 2295 ιί-

2232 2308 2419 2376 tulum)
2450 2310 2536 2361 cui
2560 2307 2774 2377 junetos
2801 2307 2933 2362 duos
2970 2310 3199 2376 parietes
3221 2307 3257 2363 e
3285 2307 3497 2364 diverso
3527 2312 3809 2366 venientes

2230 2378 2283 2431 in
2307 2378 2596 2447 semetipso
2622 2380 2922 2445 cupulavit;
2955 2379 3157 2432 scilicet
3180 2381 3492 2447 populorum
3515 2383 3813 2435 connexio-

2235 2462 2356 2520 nem
2395 2446 2715 2520 Judacorum
2743 2460 2899 2518 atque
2926 2446 3234 2520 gentilium,
3254 2446 3452 2517 pacem
3484 2453 3536 2503 in
3569 2455 3815 2520 utrisque

2222 2531 2313 2586 per
2332 2519 2532 2572 ficiens.
2570 2517 2724 2585 Quod
2753 2517 2879 2573 vero
2908 2519 3290 2574 admirabiliter
3329 2534 3358 2572 a
3391 2521 3698 2587 pastoribus
3728 2517 3813 2576 vel

2231 2578 2477 2655 vigilibus
2511 2578 2801 2652 invwenitur,
2831 2590 2942 2643 sive
2970 2590 3110 2655 quod
3140 2591 3188 2642 in
3216 2578 3501 2644 cunabiniis
3527 2592 3812 2658 adorator,

2233 2665 2386 2728 typus
2415 2660 2699 2726 gerebatur
2727 2661 3046 2727 cptituorutn
3079 2669 3368 2727 pastorum,
3398 2675 3534 2730 quos
3562 2662 3815 2715 Christus

2231 2729 2612 2795 paterfamilias
2636 2731 2974 2784 constituens
3028 2745 3187 2797 super
3216 2729 3442 2784 famulos
3478 2739 3536 2784 et
3563 2731 3814 2795 famulas,

2231 2806 2287 2851 ut
2324 2799 2466 2868 jttste
2498 2800 2654 2854 tritici
2696 2815 2995 2854 mensuram
3026 2800 3373 2865 distribuant,
3413 2801 3650 2855 sollicite
3680 2803 3809 2855 dili-

2227 2882 2520 2940 genterque
2551 2870 2839 2925 mandavit.
2874 2870 2963 2924 Vel
2991 2871 3151 2932 illius,
3180 2869 3265 2924 cui
3295 2881 3375 2924 ter
3396 2870 3473 2923 ait
3500 2871 3813 2940 injungens;

546 2941 773 2995 Domino
803 2938 1187 3010 respondentes
1226 2941 1415 2993 aiunt:
1446 2954 1512 2992 χι,
1537 2947 1591 2992 et
1619 2953 1668 2991 vi
1700 2950 1868 3010 annos
1896 2938 2128 2992 a-dilica-
2228 2938 2393 2993 Pasce
2434 2956 2559 2993 oves
2608 2956 2775 3004 meas,
2824 2956 2890 2994 ne
2938 2941 3180 3005 luporum
3230 2942 3430 3010 impetu
3480 2938 3815 3010 perturbatae

549 3024 659 3063 tum
686 3022 765 3067 est
792 3007 1044 3078 templum
1076 3011 1198 3077 hoc,
1237 3018 1291 3065 et
1322 3017 1375 3064 tu
1409 3013 1459 3064 in
1489 3009 1656 3063 tribus
1684 3007 1873 3062 diebus
1896 3009 2126 3062 suscita-

548 3081 632 3136 bis
662 3081 823 3138 illud?
856 3081 945 3136 Ille
972 3093 1183 3149 autem,
1219 3081 1386 3149 inquit
1410 3078 1731 3146 evangelista
1757 3118 1773 3142 ,
1812 3078 2022 3132 dicebat
2049 3082 2118 3133 de
2154 3125 2160 3149 ς

550 3152 754 3221 templo
782 3151 1020 3219 corporis
1046 3153 1155 3215 sui,
1184 3148 1336 3219 cujus
1358 3151 1811 3221 dispensationem
1835 3148 2123 3219 adprehen-

550 3220 681 3277 dere
720 3226 1071 3287 nequiveruut
1099 3221 1263 3276 Judtci
1289 3261 1303 3286 ,
1352 3220 1580 3288 ideoque
1628 3233 1920 3288 numerum
1953 3233 2125 3274 anno-

547 3308 667 3348 rtnn
696 3294 1063 3347 aedilicationis
1101 3293 1315 3361 templi,
1354 3287 1504 3359 quod
1529 3290 1635 3345 veri
1686 3289 1870 3357 templi
1903 3287 2125 3343 fortnam

551 3364 810 3432 gerebat,
864 3363 1085 3417 Domino
1119 3363 1454 3432 protulerunt
1479 3378 1493 3432 ξ
1520 3376 1676 3429 quem
1709 3374 1987 3432 numerum
2021 3374 2127 3415 non

548 3430 649 3486 sub
698 3433 984 3489 Salomone
1030 3430 1305 3488 conditore
1353 3431 1591 3501 ejusdem
1639 3430 1845 3497 templi,
1892 3430 1986 3484 sed
2029 3432 2127 3484 sub

547 3500 877 3569 Zorobabel,
933 3505 1024 3573 qui
1067 3516 1120 3558 et
1170 3500 1396 3570 Esdras,
1444 3508 1801 3573 restauratore
1840 3501 2128 3573 contigisse

549 3573 869 3642 perlegitur;
913 3569 981 3628 eo
1027 3574 1164 3641 quod
1208 3569 1423 3641 gentes,
1465 3586 1587 3640 quae
1627 3571 1681 3642 in
1705 3569 1926 3624 circuitu
1953 3581 2126 3642 erant,

552 3641 691 3711 opus
715 3644 1100 3712 prtepedibant.
1129 3643 1261 3697 Nam
1285 3642 1532 3697 Salomon
1562 3641 1716 3695 annis
1745 3655 1816 3694 vn
1844 3641 2131 3710 complevit

549 3728 683 3783 Opus
710 3714 920 3768 aedificd
948 3714 1125 3779 templi
1157 3714 1383 3767 Domini.

624 3783 710 3839 t3.
753 3784 959 3839 Etenim
988 3778 1143 3838 ,ἰθέης
1171 3796 1355 3839 noster
1396 3780 1643 3848 pacificus
1680 3778 1929 3836 Salomon
1961 3779 2130 3836 aedifi-

552 3856 697 3909 cavit
724 3855 821 3908 sibi
851 3871 943 3923 per
968 3855 1282 3923 sapientiam
1313 3856 1364 3909 in
1395 3852 1617 3920 Virgine
1658 3853 2019 3906 sacratissima
2046 3851 2129 3907 sui

550 3925 789 3994 corporis
812 3925 1061 3993 templum
1092 3941 1186 3992 per
1215 3925 1356 3978 hunc
1386 3936 1664 3977 numerum
1687 3934 1951 3989 sanctum,
1975 3923 2026 3977 id
2051 3934 2133 3977 est

558 3993 659 4064 per
682 4010 869 4051 novem
895 4010 1105 4050 menses
1135 4006 1187 4049 et
1214 3998 1328 4050 dies
1348 4008 1485 4064 sex.
1519 3994 1652 4059 Quia
1682 3993 1857 4047 omnis
1885 3994 2132 4048 nativitas

554 4063 801 4130 masculi,
829 4066 1019 4120 decimi
1049 4067 1248 4120 mensis
1278 4066 1444 4132 tangit
1473 4063 1644 4129 initia,
1674 4072 1731 4120 et
1756 4065 1831 4117 sic
1857 4064 2036 4132 prodit
2063 4064 2130 4118 ad

553 4135 712 4206 hujus
744 4136 865 4191 vita:
896 4138 1146 4205 patentia.
1175 4135 1307 4191 Nam
1349 4134 1453 4190 hoc
1488 4134 1677 4189 ordine
1714 4134 2007 4206 secundum
2033 4149 2131 4206 au-

555 4204 859 4261 ctoritatem
889 4204 1148 4275 majorum
1174 4214 1477 4260 nostrorum
1502 4216 1661 4274 atque
1685 4206 1916 4275 priorum
1940 4204 2133 4259 dicitur

554 4286 647 4347 aut
677 4278 868 4347 legitur
895 4279 1107 4346 generis
1149 4276 1361 4331 humani
1391 4275 1688 4347 conceptio,
1722 4274 1863 4344 quod
1904 4288 1998 4347 per
2037 4290 2129 4347 sex

555 4346 671 4402 dies
698 4345 851 4401 lactis
880 4345 1277 4401 similitudinem
1328 4348 1528 4400 habens
1551 4345 1694 4415 jacet
1724 4360 1910 4399 semen
1940 4346 1993 4399 in
2020 4345 2133 4415 vul-

556 4428 651 4482 va;
691 4416 883 4471 dehinc
927 4420 1254 4473 convertitur
1294 4419 1345 4472 in
1389 4420 1699 4486 sanguinem
1729 4430 1896 4483 usque
1921 4417 1986 4470 ad
2010 4414 2131 4471 dies

559 4500 710 4553 vim;
737 4487 931 4542 deinde
958 4498 1181 4555 augetur
1212 4502 1380 4556 usque
1407 4488 1471 4541 ad
1501 4501 1603 4553 an;
1635 4495 1689 4541 et
1716 4487 1908 4540 dehinc
1933 4486 2136 4540 addun-

553 4566 644 4612 tur
668 4572 699 4611 x
714 4567 769 4613 et
789 4573 880 4612 vttt
901 4574 916 4623 ;
932 4558 1021 4627 qui
1039 4574 1159 4612 mox
1177 4555 1486 4627 cozigulatur
1498 4568 1550 4611 et
1573 4557 1814 4611 tenditad
1829 4555 2136 4611 liniamenta

555 4629 921 4683 membrorum
952 4643 1003 4683 vr
1036 4637 1090 4682 et
1119 4643 1253 4693 vim,
1281 4644 1355 4683 xu
1380 4637 1435 4683 et
1459 4643 1608 4693 xvut,
1635 4629 1765 4681 tiunt
1809 4628 1965 4682 simul
1988 4643 2086 4681 xcv
2121 4644 2133 4680 :

557 4699 725 4754 addes
748 4713 934 4763 unum,
956 4708 1011 4753 ct
1033 4700 1166 4754 fiunt
1187 4713 1329 4763 χιι-ι,
1354 4709 1409 4753 et
1438 4698 1559 4752 inde
1579 4698 1731 4752 ducis
1755 4712 1847 4765 per
1870 4708 2066 4766 partes,
2087 4698 2136 4752 id

555 4777 641 4822 est
655 4771 831 4824 sexies
851 4769 1170 4840 quadrageni
1192 4784 1326 4825 ccxt.
1350 4784 1366 4823 :
1389 4768 1645 4840 etiterum
1672 4769 1809 4840 idem
1830 4784 1921 4835 per
1933 4782 2136 4822 sextam

556 4846 667 4892 sex
696 4840 811 4894 seni
852 4854 1011 4895 xxva
1056 4841 1251 4896 trecies
1298 4840 1494 4901 sexies.
1542 4839 1633 4907 qui
1683 4839 1737 4894 in
1782 4853 1885 4893 una
1927 4852 2134 4893 summa

555 4910 690 4963 tiunt
712 4923 956 4966 ccuxvt.
993 4911 1061 4966 Et
1089 4911 1208 4966 ideo
1233 4910 1287 4964 in
1318 4909 1544 4964 Domino
1575 4911 1691 4964 solo
1720 4924 1821 4963 una
1856 4908 2134 4964 caditdies

556 4994 721 5048 super
750 4996 849 5036 ην
878 4990 1095 5050 propter
1123 4980 1446 5050 singularem
1477 4979 1594 5048 ejus
1622 4979 2040 5035 incarnationem
2068 4981 2135 5035 de

556 5051 785 5120 virgine.
814 5054 933 5107 sine
970 5058 1313 5121 corruptione
1341 5052 1455 5106 sive
1491 5050 1860 5121 gluttinatione
1888 5051 2130 5105 seminis.

558 5121 640 5176 Eo
668 5122 808 5191 quod
859 5119 1148 5177 secundum
1199 5132 1379 5191 typum
1425 5119 1771 5177 historiahilis
1814 5121 2017 5190 templi.
2066 5136 2134 5175 at.

552 5201 613 5245 et
640 5208 689 5246 vr
719 5193 872 5272 annis
894 5192 1164 5272 aedificati,
1200 5193 1269 5248 ita
1298 5192 1545 5272 Christus
1572 5205 1765 5272 corpus
1791 5191 2134 5272 humanitatis

557 5276 670 5317 suae
698 5276 792 5332 per
817 5263 957 5318 hunc
978 5263 1200 5333 gradum
1230 5270 1534 5333 restaurans
1566 5261 1818 5333 parietem
1845 5261 1898 5333 in
1916 5270 2133 5333 semet-

558 5330 709 5402 ipso,
727 5348 885 5402 quem
912 5335 965 5388 in
982 5330 1164 5387 'Adatu
1192 5334 1304 5387 suis
1330 5330 1699 5402 fraudulemiis
1753 5331 1994 5385 diabolus
2020 5332 2133 5386 cal-

557 5401 699 5456 lidus
747 5401 974 5472 Serpens
1020 5404 1346 5467 ruinaverat,
1377 5402 1519 5457 illius
1573 5401 1805 5472 salutare
1849 5401 2132 5456 editicium

558 5470 915 5545 restauraret;
943 5483 997 5545 et
1029 5488 1238 5543 passus,
1273 5480 1393 5545 post
1421 5470 1815 5545 tertiumdiem
1839 5478 2133 5545 numquam

552 5544 851 5599 moriturus
893 5540 1159 5615 erigeret;
1188 5551 1245 5600 et
1276 5540 1368 5599 sic
1395 5556 1607 5598 omnem
1648 5540 1976 5597 hominena
2001 5541 2136 5596 sub-

629 5687 654 5714 ⁸
682 5676 922 5748 Malalas,
957 5696 1063 5736 11v.
1286 5728 1293 5735 .

2232 3023 2424 3077 pascua
2455 3010 2697 3078 perdant,
2725 3010 2775 3064 id
2808 3020 2887 3065 est
2914 3012 3103 3079 placita
3136 3024 3271 3064 mea.

2303 3079 2391 3153 i5.
2432 3079 2581 3146 Quod
2614 3092 2790 3135 autem
2820 3082 3065 3153 aniagis,
3095 3081 3276 3149 primis
3303 3081 3540 3153 omnium
3568 3082 3814 3153 gentium

2230 3150 2373 3203 velut
2414 3153 2687 3204 nationum
2719 3150 3271 3218 primitiis'adoratur,
3313 3150 3813 3208 oinnium'creatoa

2232 3235 2342 3274 rem
2374 3231 2427 3275 et
2451 3219 2838 3275 dominatorem
2880 3221 3175 3288 significant
3204 3236 3322 3277 esse
3349 3230 3670 3286 venturum;
3702 3231 3758 3276 et
3783 3239 3816 3277 a

2265 3290 2476 3345 entibus
2516 3291 2776 3345 creditum
2821 3293 2881 3345 iri
2926 3300 3086 3361 atque
3129 3291 3180 3345 iu
3222 3306 3503 3346 munerum
3537 3292 3819 3347 oblatione

2257 3364 2398 3414 )emn
2450 3369 2506 3416 et
2555 3377 2774 3429 regem;
2829 3362 2924 3415 sed
2979 3372 3033 3415 et
3085 3363 3149 3416 ad
3200 3364 3427 3417 victimae
3478 3365 3817 3431 sepulturam

2234 3432 2448 3500 myrrha
2494 3430 2690 3486 dicitur
2732 3433 3044 3499 distributa,
3099 3443 3153 3485 ιιι
3198 3448 3291 3501 per
3338 3430 3818 3497 tritiam’Specietn

2232 3516 2534 3570 munerum,
2568 3503 2618 3556 id
2645 3512 2727 3556 est
2752 3518 2844 3572 per
2869 3518 3055 3574 aurum
3076 3504 3206 3571 regi,
3233 3506 3353 3556 thus
3380 3503 3511 3565 Deo,
3541 3506 3818 3574 myrrham

2233 3574 2514 3642 morituro,
2565 3581 2811 3642 tanquam
2844 3589 2942 3627 una
2976 3573 3144 3626 deitas
3173 3574 3337 3627 Patris
3362 3586 3417 3629 et
3445 3574 3565 3627 Filii
3600 3573 3675 3627 ac.
3697 3574 3819 3641 Spi-

2232 3641 2368 3696 ritus
2406 3644 2577 3697 sancti
2598 3682 2614 3707 ,
2642 3641 2823 3697 sancta
2856 3653 2907 3698 et
2938 3643 3206 3697 individua
3239 3644 3469 3697 Trinitas
3497 3643 3821 3699 adoraretur

2234 3712 2285 3765 in
2329 3713 2563 3776 Christo,
2612 3714 2923 3767 crederetur
2969 3715 3019 3767 in
3067 3715 3281 3773 mundo.
3334 3716 3717 3783 praedicaretur
3765 3715 3818 3767 in

2232 3784 2495 3853 gentibus.
2524 3784 2673 3849 Quod
2703 3784 2857 3838 stella
2885 3784 3128 3838 ducatum
3160 3785 3326 3852 magis
3357 3784 3670 3852 praahuerit,
3697 3799 3820 3853 pro-

2235 3862 2351 3921 pter
2381 3852 2504 3907 illud
2537 3855 2676 3922 quod
2708 3855 2899 3924 legitur
2938 3873 2950 3907 :
2994 3854 3207 3909 Uriezur
3248 3855 3435 3919 stella,
3491 3852 3707 3920 inquit,
3750 3854 3820 3908 de

2232 3923 2417 3988 Jacob,
2463 3931 2519 3978 et
2565 3923 2815 3978 ascendet
2847 3926 3007 3979 homo
3053 3927 3104 3979 in
3155 3925 3389 3989 Israhel,
3422 3934 3476 3978 et
3516 3924 3823 3991 confringet

2234 4008 2420 4048 Omnes
2440 3993 2605 4048 duces
2632 3993 3071 4063 alienigenarum.
3104 3997 3168 4049 Et
3188 3997 3314 4047 illud
3346 4015 3358 4048 :
3391 3998 3593 4050 Omnes
3618 4011 3648 4047 a
3676 3997 3819 4049 Saba

2237 4066 2467 4132 venient,
2502 4064 2734 4119 ferentes
2765 4081 2949 4119 aurum
2968 4102 2983 4130 ,
3012 4070 3132 4119 thus
3161 4075 3215 4120 et
3246 4069 3548 4135 myrrham,
3578 4066 3823 4119 salutare

2235 4135 2443 4188 Domini
2491 4136 2813 4206 nuntiantes.
2849 4137 2999 4202 Quod
3032 4145 3206 4191 autem
3238 4145 3553 4206 persecutus
3592 4137 3664 4189 ab
3706 4135 3819 4188 He-

2234 4206 2364 4260 rode
2391 4204 2600 4276 perlido
2622 4218 2746 4274 rege
2773 4216 3128 4276 cruentaque,
3162 4218 3216 4260 ut
3242 4204 3637 4276 'adimpleretur
3664 4207 3821 4261 Scri-

2236 4285 2387 4344 ptura
2415 4291 2534 4344 qua:
2571 4274 2743 4330 dicit:
2780 4275 2886 4330 Vox
2916 4276 2968 4330 in
2998 4274 3231 4343 excelso,
3263 4276 3364 4330 ltoc
3400 4274 3483 4332 est
3528 4277 3578 4329 io
3623 4275 3816 4337 ﬂama.

2232 4347 2407 4400 audita
2439 4356 2553 4411 est,
2600 4346 2836 4415 ploratus
2867 4357 2919 4399 et
2949 4347 3123 4401 luctus
3154 4361 3407 4416 magnus;
3452 4346 3652 4400 Rachel
3694 4347 3824 4413 plo—

2236 4430 2360 4470 rans
2405 4416 2543 4470 filios
2592 4430 2737 4482 suos,
2785 4426 2840 4471 et
2883 4419 3051 4471 noluit
3097 4418 3363 4471 consolari
3411 4418 3663 4485 quoniam
3711 4430 3825 4471 non

2165 4492 2216 4553 D
2239 4498 2379 4541 sunt.
2413 4487 2622 4542 lnlusus
2652 4502 2879 4557 namque
2904 4503 2933 4540 a
2964 4489 3132 4555 magis
3169 4488 3322 4541 saevit
3361 4487 3599 4542 Herodes
3626 4485 3822 4539 adver-

2241 4572 2334 4612 sus
2358 4556 2666 4622 Christum,
2713 4568 2769 4613 et
2797 4556 2958 4628 quasi
3001 4567 3181 4627 posset
3219 4560 3355 4612 inter
3390 4565 3615 4628 cancros
3656 4571 3820 4628 unum

2239 4628 2517 4696 jugulare,
2553 4643 2710 4696 quem
2736 4626 2839 4684 sibi
2864 4626 3153 4683 succedere
3182 4630 3343 4682 miser
3371 4626 3621 4689 timebat,
3652 4626 3822 4680 millia

2245 4700 2587 4766 parvulorum
2621 4700 2673 4754 in
2703 4714 2927 4770 persona
2960 4698 3113 4753 unius
3140 4698 3354 4753 infantis
3385 4698 3577 4765 impius
3602 4707 3660 4750 et
3686 4711 3826 4750 cru-

2244 4769 2380 4822 delis
2423 4769 2713 4838 mactavit.
2741 4770 2846 4825 Sed
2884 4771 2951 4824 ab
2994 4770 3183 4838 angelo
3222 4779 3407 4823 sancto
3448 4770 3826 4838 monitus_per

2243 4841 2415 4893 visum
2440 4837 2638 4907 Joseph
2669 4841 2785 4894 tulit
2815 4855 3033 4909 puerum
3064 4836 3183 4893 cum
3217 4850 3388 4909 matre
3414 4838 3616 4909 ejus‘in
3646 4836 3823 4906 ASgy-

2236 4920 2420 4979 ptum;
2463 4921 2517 4965 ct
2563 4911 2798 4965 Herodes
2818 4907 3009 4965 contra
3041 4924 3195 4963 suum
3223 4908 3481 4977 judicium
3510 4907 3629 4979 sine
3655 4921 3825 4960 causa

2238 4978 2522 5050 parvorum
2573 4983 2910 5035 innocentum
2976 4978 3200 5035 crimine
3273 4994 3508 5050 pressus,
3556 4978 3826 5032 infantum

2242 5051 2550 5121 pernecavit
2578 5055 2892 5106 exercitum.

2309 5120 2398 5174 tti.
2440 5120 2591 5188 Quod
2619 5131 2795 5176 autem
2826 5121 3280 5176 circumcisionem
3306 5119 3551 5175 Christus
3578 5119 3630 5171 in
3653 5132 3826 5172 carne

2236 5191 2545 5259 pertulerit,
2589 5202 2802 5261 propter
2843 5191 2969 5245 illud
2999 5190 3143 5260 quod
3183 5192 3467 5260 Apostolus
3504 5190 3622 5261 ait:
3657 5188 3822 5261 Curio

2238 5255 2376 5315 stum
2407 5262 2550 5315 enim
2574 5255 2605 5328 ,’
2637 5255 2835 5331 inquit,
2877 5255 3179 5316 ministrum
3207 5255 3627 5316 circumcisionis
3659 5255 3830 5312 fuisse

2238 5333 2559 5385 credendum
2590 5342 2693 5399 est,
2712 5330 2774 5386 et
2804 5333 2931 5387 illud
2954 5334 3019 5386 de
3047 5333 3232 5387 Exodo
3258 5349 3274 5389 :
3298 5332 3430 5386 Cum
3457 5330 3829 5398 proﬁciscere-

2243 5412 2325 5457 tur
2367 5403 2575 5473 Moyses
2616 5405 2911 5470 imperante
2956 5403 3179 5457 Domino
3207 5405 3273 5457 ad
3304 5401 3607 5473 Aigyptum,
3642 5410 3699 5473 et
3739 5413 3830 5450 se-

2242 5488 2365 5548 cum
2402 5469 2746 5548 comitaretur
2786 5475 2979 5548 conjux
3008 5489 3130 5548 cum
3162 5475 3361 5548 liberis,
3376 5469 3628 5548 'occurrit
3652 5469 3699 5521 ei
3732 5483 3832 5548 an-

2243 5544 2779 5613 geltm,interlieere
2828 5540 2973 5600 illum
3024 5547 3225 5602 volens.
3281 5544 3360 5599 Ad
3408 5540 3549 5613 quod
3599 5540 3832 5594 attouiu

631 5752 662 5791 ι
682 5726 1171 5811 inﬂexibilem:
1198 5728 1643 5825 Chronographus
1673 5726 1981 5825 plerumque
1994 5726 2252 5806 ‘Malalsm
2274 5756 2486 5804 secatus
2507 5755 2605 5803 est.
