  <div class='ocr_page' id='page_1' title='image "/cluster/home/n/w/nwhite01/storage/ocr_20150623/94/hvd.32044020406492/592.png"; bbox 0 0 4064 6346; ppageno 0'>
   <div class='ocr_carea' id='block_1_1' title="bbox 282 302 439 359">
    <p class='ocr_par' dir='ltr' id='par_1_1' title="bbox 282 302 439 359">
     <span class='ocr_line' id='line_1_1' title="bbox 282 302 439 359; baseline -0.025 -2"><span class='ocrx_word' id='word_1_1' title='bbox 282 302 439 359; x_wconf 78' lang='lat' dir='ltr'><strong>H69-</strong></span> 
     </span>
    </p>
   </div>
   <div class='ocr_carea' id='block_1_2' title="bbox 1394 289 2372 371">
    <p class='ocr_par' dir='ltr' id='par_1_2' title="bbox 1394 289 2372 371">
     <span class='ocr_line' id='line_1_2' title="bbox 1394 289 2372 371; baseline -0.005 -21"><span class='ocrx_word' id='word_1_2' title='bbox 1394 292 1778 371; x_wconf 71' lang='lat' dir='ltr'><strong>CIIRONICON</strong></span> <span class='ocrx_word' id='word_1_3' title='bbox 1820 289 2372 358; x_wconf 73' lang='lat' dir='ltr'><strong>ANTIQUISSNUM.</strong></span> 
     </span>
    </p>
   </div>
   <div class='ocr_carea' id='block_1_3' title="bbox 3391 282 3525 342">
    <p class='ocr_par' dir='ltr' id='par_1_3' title="bbox 3391 282 3525 342">
     <span class='ocr_line' id='line_1_3' title="bbox 3391 282 3525 342; baseline -0.015 0"><span class='ocrx_word' id='word_1_4' title='bbox 3391 282 3525 342; x_wconf 76' lang='lat' dir='ltr'><strong>H70</strong></span> 
     </span>
    </p>
   </div>
   <div class='ocr_carea' id='block_1_4' title="bbox 279 402 3522 494">
    <p class='ocr_par' dir='ltr' id='par_1_4' title="bbox 279 402 3522 494">
     <span class='ocr_line' id='line_1_4' title="bbox 279 402 3522 494; baseline -0.005 -21"><span class='ocrx_word' id='word_1_5' title='bbox 279 415 588 485; x_wconf 80' lang='lat' dir='ltr'><strong>Sepplrora,</strong></span> <span class='ocrx_word' id='word_1_6' title='bbox 626 411 887 494; x_wconf 74' lang='lat' dir='ltr'><strong>accipiens</strong></span> <span class='ocrx_word' id='word_1_7' title='bbox 913 409 1497 492; x_wconf 32' lang='lat' dir='ltr'><strong>lapidenicirct‘tmcidit</strong></span> <span class='ocrx_word' id='word_1_8' title='bbox 1513 421 1771 491; x_wconf 80' lang='lat' dir='ltr'><strong>puerum:</strong></span> <span class='ocrx_word' id='word_1_9' title='bbox 1804 414 1855 494; x_wconf 71' lang='lat' dir='ltr'><strong>et</strong></span> <span class='ocrx_word' id='word_1_10' title='bbox 1886 405 1932 463; x_wconf 80' lang='grc' dir='ltr'><strong>Δ</strong></span> <span class='ocrx_word' id='word_1_11' title='bbox 1964 407 2151 494; x_wconf 66' lang='lat' dir='ltr'><strong>potuit.</strong></span> <span class='ocrx_word' id='word_1_12' title='bbox 2194 405 2346 474; x_wconf 99' lang='lat' dir='ltr'><strong>Quod</strong></span> <span class='ocrx_word' id='word_1_13' title='bbox 2375 416 2550 489; x_wconf 76' lang='lat' dir='ltr'><strong>autem</strong></span> <span class='ocrx_word' id='word_1_14' title='bbox 2583 403 2868 494; x_wconf 62' lang='lat' dir='ltr'><strong>discipulos</strong></span> <span class='ocrx_word' id='word_1_15' title='bbox 2893 418 2971 494; x_wconf 52' lang='lat' dir='ltr'><strong>ex.</strong></span> <span class='ocrx_word' id='word_1_16' title='bbox 2992 402 3342 494; x_wconf 66' lang='lat' dir='ltr'><strong>piscatoribus</strong></span> <span class='ocrx_word' id='word_1_17' title='bbox 3368 404 3522 494; x_wconf 60' lang='lat' dir='ltr'><strong>facit,</strong></span> 
     </span>
    </p>
   </div>
   <div class='ocr_carea' id='block_1_5' title="bbox 284 481 1852 558">
    <p class='ocr_par' dir='ltr' id='par_1_5' title="bbox 284 481 1852 558">
     <span class='ocr_line' id='line_1_5' title="bbox 284 481 1852 558; baseline -0.01 -18"><span class='ocrx_word' id='word_1_18' title='bbox 284 481 503 558; x_wconf 81' lang='lat' dir='ltr'><strong>propter</strong></span> <span class='ocrx_word' id='word_1_19' title='bbox 553 483 860 558; x_wconf 66' lang='lat' dir='ltr'><strong>sanguinem</strong></span> <span class='ocrx_word' id='word_1_20' title='bbox 915 482 1331 558; x_wconf 72' lang='lat' dir='ltr'><strong>circumcisionis</strong></span> <span class='ocrx_word' id='word_1_21' title='bbox 1379 481 1561 558; x_wconf 76' lang='lat' dir='ltr'><strong>pueri,</strong></span> <span class='ocrx_word' id='word_1_22' title='bbox 1616 484 1852 558; x_wconf 68' lang='lat' dir='ltr'><strong>pepercit</strong></span> 
     </span>
    </p>
   </div>
   <div class='ocr_carea' id='block_1_6' title="bbox 280 546 1859 625">
    <p class='ocr_par' dir='ltr' id='par_1_6' title="bbox 280 546 1859 625">
     <span class='ocr_line' id='line_1_6' title="bbox 280 546 1859 625; baseline -0.008 -14"><span class='ocrx_word' id='word_1_23' title='bbox 280 546 519 625; x_wconf 70' lang='lat' dir='ltr'><strong>angelus</strong></span> <span class='ocrx_word' id='word_1_24' title='bbox 547 567 614 625; x_wconf 87' lang='lat' dir='ltr'><strong>ne</strong></span> <span class='ocrx_word' id='word_1_25' title='bbox 652 546 1003 625; x_wconf 71' lang='lat' dir='ltr'><strong>interﬁceret.</strong></span> <span class='ocrx_word' id='word_1_26' title='bbox 1045 550 1192 606; x_wconf 87' lang='lat' dir='ltr'><strong>Unde</strong></span> <span class='ocrx_word' id='word_1_27' title='bbox 1229 549 1633 625; x_wconf 77' lang='lat' dir='ltr'><strong>circumcisione</strong></span> <span class='ocrx_word' id='word_1_28' title='bbox 1662 546 1859 625; x_wconf 63' lang='lat' dir='ltr'><strong>Christi</strong></span> 
     </span>
    </p>
   </div>
   <div class='ocr_carea' id='block_1_7' title="bbox 282 617 1857 692">
    <p class='ocr_par' dir='ltr' id='par_1_7' title="bbox 282 617 1857 692">
     <span class='ocr_line' id='line_1_7' title="bbox 282 617 1857 692; baseline -0.008 -11"><span class='ocrx_word' id='word_1_29' title='bbox 282 617 460 681; x_wconf 66' lang='lat' dir='ltr'><strong>omnis</strong></span> <span class='ocrx_word' id='word_1_30' title='bbox 510 623 636 692; x_wconf 86' lang='lat' dir='ltr'><strong>legis</strong></span> <span class='ocrx_word' id='word_1_31' title='bbox 683 626 759 676; x_wconf 91' lang='lat' dir='ltr'><strong>ira</strong></span> <span class='ocrx_word' id='word_1_32' title='bbox 803 621 1055 692; x_wconf 79' lang='lat' dir='ltr'><strong>cessavit,</strong></span> <span class='ocrx_word' id='word_1_33' title='bbox 1108 629 1170 692; x_wconf 80' lang='lat' dir='ltr'><strong>et</strong></span> <span class='ocrx_word' id='word_1_34' title='bbox 1203 620 1419 692; x_wconf 73' lang='lat' dir='ltr'><strong>sanguis</strong></span> <span class='ocrx_word' id='word_1_35' title='bbox 1465 618 1581 688; x_wconf 73' lang='lat' dir='ltr'><strong>eius</strong></span> <span class='ocrx_word' id='word_1_36' title='bbox 1630 617 1857 692; x_wconf 72' lang='lat' dir='ltr'><strong>pondera</strong></span> 
     </span>
    </p>
   </div>
   <div class='ocr_carea' id='block_1_8' title="bbox 281 687 1858 761">
    <p class='ocr_par' dir='ltr' id='par_1_8' title="bbox 281 687 1858 761">
     <span class='ocr_line' id='line_1_8' title="bbox 281 687 1858 761; baseline -0.007 -11"><span class='ocrx_word' id='word_1_37' title='bbox 281 687 713 761; x_wconf 54' lang='lat' dir='ltr'><strong>duratuliﬁeo</strong></span> <span class='ocrx_word' id='word_1_38' title='bbox 741 691 880 760; x_wconf 85' lang='lat' dir='ltr'><strong>quod</strong></span> <span class='ocrx_word' id='word_1_39' title='bbox 915 691 1031 761; x_wconf 87' lang='lat' dir='ltr'><strong>ﬁnis</strong></span> <span class='ocrx_word' id='word_1_40' title='bbox 1076 690 1203 759; x_wconf 82' lang='lat' dir='ltr'><strong>legis</strong></span> <span class='ocrx_word' id='word_1_41' title='bbox 1248 687 1644 761; x_wconf 84' lang='lat' dir='ltr'><strong>Christus,_qu_i</strong></span> <span class='ocrx_word' id='word_1_42' title='bbox 1692 687 1858 739; x_wconf 84' lang='lat' dir='ltr'><strong>male-</strong></span> 
     </span>
    </p>
   </div>
   <div class='ocr_carea' id='block_1_9' title="bbox 285 758 1860 825">
    <p class='ocr_par' dir='ltr' id='par_1_9' title="bbox 285 758 1860 825">
     <span class='ocr_line' id='line_1_9' title="bbox 285 758 1860 825; baseline -0.007 -5"><span class='ocrx_word' id='word_1_43' title='bbox 285 766 486 820; x_wconf 77' lang='lat' dir='ltr'><strong>dictum</strong></span> <span class='ocrx_word' id='word_1_44' title='bbox 532 758 804 816; x_wconf 88' lang='lat' dir='ltr'><strong>vetustatis</strong></span> <span class='ocrx_word' id='word_1_45' title='bbox 834 760 1091 819; x_wconf 83' lang='lat' dir='ltr'><strong>absolvit.</strong></span> <span class='ocrx_word' id='word_1_46' title='bbox 1137 758 1188 813; x_wconf 88' lang='lat' dir='ltr'><strong>et</strong></span> <span class='ocrx_word' id='word_1_47' title='bbox 1234 775 1263 813; x_wconf 91' lang='lat' dir='ltr'><strong>a</strong></span> <span class='ocrx_word' id='word_1_48' title='bbox 1306 758 1572 813; x_wconf 88' lang='lat' dir='ltr'><strong>servitutis</strong></span> <span class='ocrx_word' id='word_1_49' title='bbox 1612 758 1735 825; x_wconf 82' lang='lat' dir='ltr'><strong>iugo</strong></span> <span class='ocrx_word' id='word_1_50' title='bbox 1764 770 1860 809; x_wconf 92' lang='lat' dir='ltr'><strong>nos</strong></span> 
     </span>
    </p>
   </div>
   <div class='ocr_carea' id='block_1_10' title="bbox 286 826 1859 898">
    <p class='ocr_par' dir='ltr' id='par_1_10' title="bbox 286 826 1859 898">
     <span class='ocr_line' id='line_1_10' title="bbox 286 826 1859 898; baseline -0.008 -8"><span class='ocrx_word' id='word_1_51' title='bbox 286 835 553 890; x_wconf 77' lang='lat' dir='ltr'><strong>liberavit.</strong></span> <span class='ocrx_word' id='word_1_52' title='bbox 600 831 751 898; x_wconf 86' lang='lat' dir='ltr'><strong>Quod</strong></span> <span class='ocrx_word' id='word_1_53' title='bbox 798 842 970 884; x_wconf 89' lang='lat' dir='ltr'><strong>autem</strong></span> <span class='ocrx_word' id='word_1_54' title='bbox 1020 829 1321 889; x_wconf 81' lang='lat' dir='ltr'><strong>adcrevisse</strong></span> <span class='ocrx_word' id='word_1_55' title='bbox 1363 829 1569 889; x_wconf 54' lang='lat' dir='ltr'><strong>dicitur,</strong></span> <span class='ocrx_word' id='word_1_56' title='bbox 1604 826 1859 895; x_wconf 83' lang='lat' dir='ltr'><strong>sapientia</strong></span> 
     </span>
    </p>
   </div>
   <div class='ocr_carea' id='block_1_11' title="bbox 285 899 1861 973">
    <p class='ocr_par' dir='ltr' id='par_1_11' title="bbox 285 899 1861 973">
     <span class='ocr_line' id='line_1_11' title="bbox 285 899 1861 973; baseline -0.004 -16"><span class='ocrx_word' id='word_1_57' title='bbox 285 917 497 973; x_wconf 87' lang='lat' dir='ltr'><strong>quoque</strong></span> <span class='ocrx_word' id='word_1_58' title='bbox 541 916 747 973; x_wconf 88' lang='lat' dir='ltr'><strong>coratn_</strong></span> <span class='ocrx_word' id='word_1_59' title='bbox 774 901 879 973; x_wconf 80' lang='lat' dir='ltr'><strong>Deo</strong></span> <span class='ocrx_word' id='word_1_60' title='bbox 922 908 972 973; x_wconf 84' lang='lat' dir='ltr'><strong>et</strong></span> <span class='ocrx_word' id='word_1_61' title='bbox 1010 899 1348 973; x_wconf 72' lang='lat' dir='ltr'><strong>horninibus,</strong></span> <span class='ocrx_word' id='word_1_62' title='bbox 1396 913 1656 973; x_wconf 79' lang='lat' dir='ltr'><strong>summam</strong></span> <span class='ocrx_word' id='word_1_63' title='bbox 1703 906 1861 973; x_wconf 77' lang='lat' dir='ltr'><strong>atque</strong></span> 
     </span>
    </p>
   </div>
   <div class='ocr_carea' id='block_1_12' title="bbox 286 968 1862 1043">
    <p class='ocr_par' dir='ltr' id='par_1_12' title="bbox 286 968 1862 1043">
     <span class='ocr_line' id='line_1_12' title="bbox 286 968 1862 1043; baseline -0.006 -14"><span class='ocrx_word' id='word_1_64' title='bbox 286 968 575 1043; x_wconf 80' lang='lat' dir='ltr'><strong>perfectam</strong></span> <span class='ocrx_word' id='word_1_65' title='bbox 608 970 839 1026; x_wconf 83' lang='lat' dir='ltr'><strong>hominis</strong></span> <span class='ocrx_word' id='word_1_66' title='bbox 888 969 1261 1043; x_wconf 69' lang='lat' dir='ltr'><strong>plenitudinem</strong></span> <span class='ocrx_word' id='word_1_67' title='bbox 1309 970 1474 1037; x_wconf 89' lang='lat' dir='ltr'><strong>gessit</strong></span> <span class='ocrx_word' id='word_1_68' title='bbox 1522 970 1746 1043; x_wconf 68' lang='lat' dir='ltr'><strong>i_u,arvo_;</strong></span> <span class='ocrx_word' id='word_1_69' title='bbox 1792 968 1862 1020; x_wconf 84' lang='lat' dir='ltr'><strong>ita</strong></span> 
     </span>
    </p>
   </div>
   <div class='ocr_carea' id='block_1_13' title="bbox 288 1038 1862 1108">
    <p class='ocr_par' dir='ltr' id='par_1_13' title="bbox 288 1038 1862 1108">
     <span class='ocr_line' id='line_1_13' title="bbox 288 1038 1862 1108; baseline -0.004 -13"><span class='ocrx_word' id='word_1_70' title='bbox 288 1038 346 1096; x_wconf 82' lang='lat' dir='ltr'><strong>iit</strong></span> <span class='ocrx_word' id='word_1_71' title='bbox 384 1042 641 1108; x_wconf 74' lang='lat' dir='ltr'><strong>incipiens</strong></span> <span class='ocrx_word' id='word_1_72' title='bbox 669 1055 925 1094; x_wconf 87' lang='lat' dir='ltr'><strong>annorum</strong></span> <span class='ocrx_word' id='word_1_73' title='bbox 971 1055 1069 1092; x_wconf 79' lang='lat' dir='ltr'><strong>xxx</strong></span> <span class='ocrx_word' id='word_1_74' title='bbox 1115 1040 1427 1108; x_wconf 86' lang='lat' dir='ltr'><strong>baptismum</strong></span> <span class='ocrx_word' id='word_1_75' title='bbox 1461 1038 1795 1097; x_wconf 86' lang='lat' dir='ltr'><strong>voluntarius</strong></span> <span class='ocrx_word' id='word_1_76' title='bbox 1829 1052 1862 1108; x_wconf 89' lang='lat' dir='ltr'><strong>a</strong></span> 
     </span>
    </p>
   </div>
   <div class='ocr_carea' id='block_1_14' title="bbox 285 1107 1864 1181">
    <p class='ocr_par' dir='ltr' id='par_1_14' title="bbox 285 1107 1864 1181">
     <span class='ocr_line' id='line_1_14' title="bbox 285 1107 1864 1181; baseline -0.005 -13"><span class='ocrx_word' id='word_1_77' title='bbox 285 1107 529 1168; x_wconf 61' lang='lat' dir='ltr'><strong>Iohanne</strong></span> <span class='ocrx_word' id='word_1_78' title='bbox 559 1119 763 1181; x_wconf 86' lang='lat' dir='ltr'><strong>peteret</strong></span> <span class='ocrx_word' id='word_1_79' title='bbox 806 1111 857 1163; x_wconf 93' lang='lat' dir='ltr'><strong>iu</strong></span> <span class='ocrx_word' id='word_1_80' title='bbox 888 1109 1149 1174; x_wconf 67' lang='lat' dir='ltr'><strong>Iordane;</strong></span> <span class='ocrx_word' id='word_1_81' title='bbox 1203 1119 1417 1181; x_wconf 87' lang='lat' dir='ltr'><strong>propter</strong></span> <span class='ocrx_word' id='word_1_82' title='bbox 1449 1109 1574 1161; x_wconf 90' lang='lat' dir='ltr'><strong>illud</strong></span> <span class='ocrx_word' id='word_1_83' title='bbox 1606 1108 1741 1181; x_wconf 77' lang='lat' dir='ltr'><strong>quod</strong></span> <span class='ocrx_word' id='word_1_84' title='bbox 1790 1107 1864 1181; x_wconf 84' lang='lat' dir='ltr'><strong>ait</strong></span> 
     </span>
    </p>
   </div>
   <div class='ocr_carea' id='block_1_15' title="bbox 287 1178 1863 1251">
    <p class='ocr_par' dir='ltr' id='par_1_15' title="bbox 287 1178 1863 1251">
     <span class='ocr_line' id='line_1_15' title="bbox 287 1178 1863 1251; baseline -0.005 -14"><span class='ocrx_word' id='word_1_85' title='bbox 287 1178 573 1251; x_wconf 77' lang='lat' dir='ltr'><strong>Apostolus</strong></span> <span class='ocrx_word' id='word_1_86' title='bbox 603 1199 614 1232; x_wconf 89' lang='lat'>:</span> <span class='ocrx_word' id='word_1_87' title='bbox 647 1182 817 1235; x_wconf 89' lang='lat' dir='ltr'><strong>donec</strong></span> <span class='ocrx_word' id='word_1_88' title='bbox 842 1193 1055 1251; x_wconf 90' lang='lat' dir='ltr'><strong>omnes,</strong></span> <span class='ocrx_word' id='word_1_89' title='bbox 1084 1180 1263 1248; x_wconf 88' lang='lat' dir='ltr'><strong>inquit</strong></span> <span class='ocrx_word' id='word_1_90' title='bbox 1283 1222 1296 1244; x_wconf 92' lang='lat'><strong>,</strong></span> <span class='ocrx_word' id='word_1_91' title='bbox 1326 1192 1670 1251; x_wconf 84' lang='lat' dir='ltr'><strong>occurramus</strong></span> <span class='ocrx_word' id='word_1_92' title='bbox 1702 1178 1863 1251; x_wconf 72' lang='lat' dir='ltr'><strong>in__,vi_-</strong></span> 
     </span>
    </p>
   </div>
   <div class='ocr_carea' id='block_1_16' title="bbox 293 1248 1866 1320">
    <p class='ocr_par' dir='ltr' id='par_1_16' title="bbox 293 1248 1866 1320">
     <span class='ocr_line' id='line_1_16' title="bbox 293 1248 1866 1320; baseline -0.002 -15"><span class='ocrx_word' id='word_1_93' title='bbox 293 1248 413 1306; x_wconf 87' lang='lat' dir='ltr'><strong>rum</strong></span> <span class='ocrx_word' id='word_1_94' title='bbox 464 1251 789 1320; x_wconf 89' lang='lat' dir='ltr'><strong>perfectum,</strong></span> <span class='ocrx_word' id='word_1_95' title='bbox 842 1250 894 1303; x_wconf 92' lang='lat' dir='ltr'><strong>in</strong></span> <span class='ocrx_word' id='word_1_96' title='bbox 952 1264 1253 1304; x_wconf 75' lang='lat' dir='ltr'><strong>mensuram</strong></span> <span class='ocrx_word' id='word_1_97' title='bbox 1299 1250 1469 1304; x_wconf 59' lang='lat' dir='ltr'><strong>(etatis</strong></span> <span class='ocrx_word' id='word_1_98' title='bbox 1524 1248 1866 1318; x_wconf 90' lang='lat' dir='ltr'><strong>plenitudinis</strong></span> 
     </span>
    </p>
   </div>
   <div class='ocr_carea' id='block_1_17' title="bbox 290 1323 512 1377">
    <p class='ocr_par' dir='ltr' id='par_1_17' title="bbox 290 1323 512 1377">
     <span class='ocr_line' id='line_1_17' title="bbox 290 1323 512 1377; baseline -0.009 0"><span class='ocrx_word' id='word_1_99' title='bbox 290 1323 512 1377; x_wconf 78' lang='lat' dir='ltr'><strong>Christi.</strong></span> 
     </span>
    </p>
   </div>
   <div class='ocr_carea' id='block_1_18' title="bbox 364 1387 1861 1461">
    <p class='ocr_par' dir='ltr' id='par_1_18' title="bbox 364 1387 1861 1461">
     <span class='ocr_line' id='line_1_18' title="bbox 364 1387 1861 1461; baseline -0.001 -17"><span class='ocrx_word' id='word_1_100' title='bbox 364 1392 451 1444; x_wconf 84' lang='grc'><strong>17.</strong></span> <span class='ocrx_word' id='word_1_101' title='bbox 492 1391 621 1445; x_wconf 85' lang='lat' dir='ltr'><strong>Nam</strong></span> <span class='ocrx_word' id='word_1_102' title='bbox 656 1398 710 1446; x_wconf 90' lang='lat' dir='ltr'><strong>et</strong></span> <span class='ocrx_word' id='word_1_103' title='bbox 749 1389 975 1461; x_wconf 89' lang='lat' dir='ltr'><strong>primum</strong></span> <span class='ocrx_word' id='word_1_104' title='bbox 1019 1388 1283 1442; x_wconf 84' lang='lat' dir='ltr'><strong>hominem</strong></span> <span class='ocrx_word' id='word_1_105' title='bbox 1326 1389 1463 1443; x_wconf 67' lang='lat' dir='ltr'><strong>Deus</strong></span> <span class='ocrx_word' id='word_1_106' title='bbox 1492 1398 1646 1444; x_wconf 68' lang='lat' dir='ltr'><strong>aelate</strong></span> <span class='ocrx_word' id='word_1_107' title='bbox 1687 1387 1861 1453; x_wconf 88' lang='lat' dir='ltr'><strong>perfe-</strong></span> 
     </span>
    </p>
   </div>
   <div class='ocr_carea' id='block_1_19' title="bbox 289 1460 1860 1526">
    <p class='ocr_par' dir='ltr' id='par_1_19' title="bbox 289 1460 1860 1526">
     <span class='ocr_line' id='line_1_19' title="bbox 289 1460 1860 1526; baseline -0.004 -10"><span class='ocrx_word' id='word_1_108' title='bbox 289 1472 458 1526; x_wconf 89' lang='lat' dir='ltr'><strong>ctum,</strong></span> <span class='ocrx_word' id='word_1_109' title='bbox 492 1477 590 1517; x_wconf 90' lang='lat' dir='ltr'><strong>nec</strong></span> <span class='ocrx_word' id='word_1_110' title='bbox 621 1476 724 1516; x_wconf 90' lang='lat' dir='ltr'><strong>non</strong></span> <span class='ocrx_word' id='word_1_111' title='bbox 756 1470 808 1514; x_wconf 90' lang='lat' dir='ltr'><strong>et</strong></span> <span class='ocrx_word' id='word_1_112' title='bbox 847 1460 1115 1513; x_wconf 75' lang='lat' dir='ltr'><strong>intellectu</strong></span> <span class='ocrx_word' id='word_1_113' title='bbox 1146 1471 1304 1526; x_wconf 86' lang='lat' dir='ltr'><strong>atque</strong></span> <span class='ocrx_word' id='word_1_114' title='bbox 1331 1461 1530 1512; x_wconf 79' lang='lat' dir='ltr'><strong>ratione</strong></span> <span class='ocrx_word' id='word_1_115' title='bbox 1563 1460 1860 1525; x_wconf 72' lang='lat' dir='ltr'><strong>prmditum,</strong></span> 
     </span>
    </p>
   </div>
   <div class='ocr_carea' id='block_1_20' title="bbox 291 1530 1870 1592">
    <p class='ocr_par' dir='ltr' id='par_1_20' title="bbox 291 1530 1870 1592">
     <span class='ocr_line' id='line_1_20' title="bbox 291 1530 1870 1592; baseline -0.003 -5"><span class='ocrx_word' id='word_1_116' title='bbox 291 1543 350 1587; x_wconf 90' lang='lat' dir='ltr'><strong>ut</strong></span> <span class='ocrx_word' id='word_1_117' title='bbox 390 1547 501 1586; x_wconf 56' lang='lat' dir='ltr'><strong>sure</strong></span> <span class='ocrx_word' id='word_1_118' title='bbox 546 1532 747 1587; x_wconf 90' lang='lat' dir='ltr'><strong>scilicet</strong></span> <span class='ocrx_word' id='word_1_119' title='bbox 784 1531 1071 1584; x_wconf 76' lang='lat' dir='ltr'><strong>voluntatis</strong></span> <span class='ocrx_word' id='word_1_120' title='bbox 1120 1541 1293 1582; x_wconf 89' lang='lat' dir='ltr'><strong>rector</strong></span> <span class='ocrx_word' id='word_1_121' title='bbox 1335 1538 1476 1582; x_wconf 79' lang='lat' dir='ltr'><strong>es-et</strong></span> <span class='ocrx_word' id='word_1_122' title='bbox 1521 1530 1751 1592; x_wconf 88' lang='lat' dir='ltr'><strong>arbitrii,</strong></span> <span class='ocrx_word' id='word_1_123' title='bbox 1802 1530 1870 1583; x_wconf 84' lang='lat' dir='ltr'><strong>de</strong></span> 
     </span>
    </p>
   </div>
   <div class='ocr_carea' id='block_1_21' title="bbox 294 1599 1866 1668">
    <p class='ocr_par' dir='ltr' id='par_1_21' title="bbox 294 1599 1866 1668">
     <span class='ocr_line' id='line_1_21' title="bbox 294 1599 1866 1668; baseline -0.002 -13"><span class='ocrx_word' id='word_1_124' title='bbox 294 1618 436 1657; x_wconf 72' lang='lat' dir='ltr'><strong>terra</strong></span> <span class='ocrx_word' id='word_1_125' title='bbox 476 1601 625 1655; x_wconf 79' lang='lat' dir='ltr'><strong>finxit</strong></span> <span class='ocrx_word' id='word_1_126' title='bbox 664 1602 982 1656; x_wconf 80' lang='lat' dir='ltr'><strong>incolumem</strong></span> <span class='ocrx_word' id='word_1_127' title='bbox 1024 1600 1292 1667; x_wconf 80' lang='lat' dir='ltr'><strong>juvenem,</strong></span> <span class='ocrx_word' id='word_1_128' title='bbox 1337 1610 1390 1653; x_wconf 91' lang='lat' dir='ltr'><strong>et</strong></span> <span class='ocrx_word' id='word_1_129' title='bbox 1429 1599 1541 1668; x_wconf 86' lang='lat' dir='ltr'><strong>ejus</strong></span> <span class='ocrx_word' id='word_1_130' title='bbox 1589 1600 1866 1667; x_wconf 85' lang='lat' dir='ltr'><strong>conjugetn</strong></span> 
     </span>
    </p>
   </div>
   <div class='ocr_carea' id='block_1_22' title="bbox 294 1669 1867 1740">
    <p class='ocr_par' dir='ltr' id='par_1_22' title="bbox 294 1669 1867 1740">
     <span class='ocr_line' id='line_1_22' title="bbox 294 1669 1867 1740; baseline -0.001 -15"><span class='ocrx_word' id='word_1_131' title='bbox 294 1669 467 1740; x_wconf 80' lang='lat' dir='ltr'><strong>plenis</strong></span> <span class='ocrx_word' id='word_1_132' title='bbox 494 1671 723 1726; x_wconf 88' lang='lat' dir='ltr'><strong>nubilem</strong></span> <span class='ocrx_word' id='word_1_133' title='bbox 754 1670 926 1732; x_wconf 89' lang='lat' dir='ltr'><strong>annis,</strong></span> <span class='ocrx_word' id='word_1_134' title='bbox 964 1679 1177 1737; x_wconf 82' lang='lat' dir='ltr'><strong>pectore</strong></span> <span class='ocrx_word' id='word_1_135' title='bbox 1203 1669 1491 1738; x_wconf 87' lang='lat' dir='ltr'><strong>virginem,</strong></span> <span class='ocrx_word' id='word_1_136' title='bbox 1534 1669 1781 1723; x_wconf 88' lang='lat' dir='ltr'><strong>decoram</strong></span> <span class='ocrx_word' id='word_1_137' title='bbox 1818 1670 1867 1723; x_wconf 85' lang='lat' dir='ltr'><strong>iit</strong></span> 
     </span>
    </p>
   </div>
   <div class='ocr_carea' id='block_1_23' title="bbox 1962 474 3528 544">
    <p class='ocr_par' dir='ltr' id='par_1_23' title="bbox 1962 474 3528 544">
     <span class='ocr_line' id='line_1_23' title="bbox 1962 474 3528 544; baseline 0.003 -17"><span class='ocrx_word' id='word_1_138' title='bbox 1962 483 2019 528; x_wconf 90' lang='lat' dir='ltr'><strong>ut</strong></span> <span class='ocrx_word' id='word_1_139' title='bbox 2060 490 2162 533; x_wconf 90' lang='lat' dir='ltr'><strong>non</strong></span> <span class='ocrx_word' id='word_1_140' title='bbox 2193 493 2257 531; x_wconf 73' lang='lat' dir='ltr'><strong>ex</strong></span> <span class='ocrx_word' id='word_1_141' title='bbox 2298 478 2566 544; x_wconf 83' lang='lat' dir='ltr'><strong>sanguinis</strong></span> <span class='ocrx_word' id='word_1_142' title='bbox 2606 476 2885 531; x_wconf 86' lang='lat' dir='ltr'><strong>nobilitate</strong></span> <span class='ocrx_word' id='word_1_143' title='bbox 2924 474 3428 541; x_wconf 61' lang='lat' dir='ltr'><strong>platulentinm,sed</strong></span> <span class='ocrx_word' id='word_1_144' title='bbox 3458 489 3528 531; x_wconf 76' lang='lat' dir='ltr'><strong>ex</strong></span> 
     </span>
    </p>
   </div>
   <div class='ocr_carea' id='block_1_24' title="bbox 1964 545 3527 616">
    <p class='ocr_par' dir='ltr' id='par_1_24' title="bbox 1964 545 3527 616">
     <span class='ocr_line' id='line_1_24' title="bbox 1964 545 3527 616; baseline 0 -19"><span class='ocrx_word' id='word_1_145' title='bbox 1964 559 2251 612; x_wconf 81' lang='lat' dir='ltr'><strong>pauperum</strong></span> <span class='ocrx_word' id='word_1_146' title='bbox 2299 562 2459 616; x_wconf 86' lang='lat' dir='ltr'><strong>grege</strong></span> <span class='ocrx_word' id='word_1_147' title='bbox 2503 547 2773 601; x_wconf 86' lang='lat' dir='ltr'><strong>humiliter</strong></span> <span class='ocrx_word' id='word_1_148' title='bbox 2814 545 3401 616; x_wconf 30' lang='lat' dir='ltr'><strong>sentientiumiprimas</strong></span> <span class='ocrx_word' id='word_1_149' title='bbox 3447 545 3527 616; x_wconf 81' lang='lat' dir='ltr'><strong>iu-</strong></span> 
     </span>
    </p>
   </div>
   <div class='ocr_carea' id='block_1_25' title="bbox 1962 611 3531 681">
    <p class='ocr_par' dir='ltr' id='par_1_25' title="bbox 1962 611 3531 681">
     <span class='ocr_line' id='line_1_25' title="bbox 1962 611 3531 681; baseline 0.001 -13"><span class='ocrx_word' id='word_1_150' title='bbox 1962 611 2211 671; x_wconf 84' lang='lat' dir='ltr'><strong>stitueret</strong></span> <span class='ocrx_word' id='word_1_151' title='bbox 2245 611 2597 677; x_wconf 76' lang='lat' dir='ltr'><strong>xti,Ecclesi:e</strong></span> <span class='ocrx_word' id='word_1_152' title='bbox 2625 617 2928 681; x_wconf 81' lang='lat' dir='ltr'><strong>columnas,</strong></span> <span class='ocrx_word' id='word_1_153' title='bbox 2973 611 3219 681; x_wconf 83' lang='lat' dir='ltr'><strong>tauquam</strong></span> <span class='ocrx_word' id='word_1_154' title='bbox 3259 629 3322 669; x_wconf 88' lang='lat' dir='ltr'><strong>ex</strong></span> <span class='ocrx_word' id='word_1_155' title='bbox 3362 611 3531 670; x_wconf 80' lang='lat' dir='ltr'><strong>Jacob</strong></span> 
     </span>
    </p>
   </div>
   <div class='ocr_carea' id='block_1_26' title="bbox 1965 686 3529 756">
    <p class='ocr_par' dir='ltr' id='par_1_26' title="bbox 1965 686 3529 756">
     <span class='ocr_line' id='line_1_26' title="bbox 1965 686 3529 756; baseline 0.001 -19"><span class='ocrx_word' id='word_1_156' title='bbox 1965 688 2489 756; x_wconf 52' lang='lat' dir='ltr'><strong>stt,,c0tigregatiouis</strong></span> <span class='ocrx_word' id='word_1_157' title='bbox 2538 688 2679 741; x_wconf 89' lang='lat' dir='ltr'><strong>illius</strong></span> <span class='ocrx_word' id='word_1_158' title='bbox 2721 686 3079 756; x_wconf 80' lang='lat' dir='ltr'><strong>patriarchas;</strong></span> <span class='ocrx_word' id='word_1_159' title='bbox 3129 700 3249 738; x_wconf 91' lang='lat' dir='ltr'><strong>nam</strong></span> <span class='ocrx_word' id='word_1_160' title='bbox 3279 699 3529 756; x_wconf 61' lang='lat' dir='ltr'><strong>unaquae-</strong></span> 
     </span>
    </p>
   </div>
   <div class='ocr_carea' id='block_1_27' title="bbox 1964 754 3533 838">
    <p class='ocr_par' dir='ltr' id='par_1_27' title="bbox 1964 754 3533 838">
     <span class='ocr_line' id='line_1_27' title="bbox 1964 754 3533 838; baseline -0.001 -31"><span class='ocrx_word' id='word_1_161' title='bbox 1964 769 2066 822; x_wconf 87' lang='lat' dir='ltr'><strong>que</strong></span> <span class='ocrx_word' id='word_1_162' title='bbox 2097 754 2500 838; x_wconf 29' lang='lat' dir='ltr'><strong>tribus‘lsrahel</strong></span> <span class='ocrx_word' id='word_1_163' title='bbox 2524 754 2763 838; x_wconf 74' lang='lat' dir='ltr'><strong>singulos</strong></span> <span class='ocrx_word' id='word_1_164' title='bbox 2790 755 3059 838; x_wconf 76' lang='lat' dir='ltr'><strong>apostolos</strong></span> <span class='ocrx_word' id='word_1_165' title='bbox 3087 756 3138 838; x_wconf 52' lang='lat' dir='ltr'><strong>i-n</strong></span> <span class='ocrx_word' id='word_1_166' title='bbox 3171 756 3315 838; x_wconf 60' lang='lat' dir='ltr'><strong>l‘lovo</strong></span> <span class='ocrx_word' id='word_1_167' title='bbox 3344 754 3533 838; x_wconf 73' lang='lat' dir='ltr'><strong>Testa-</strong></span> 
     </span>
    </p>
   </div>
   <div class='ocr_carea' id='block_1_28' title="bbox 1966 824 3534 894">
    <p class='ocr_par' dir='ltr' id='par_1_28' title="bbox 1966 824 3534 894">
     <span class='ocr_line' id='line_1_28' title="bbox 1966 824 3534 894; baseline -0.001 -17"><span class='ocrx_word' id='word_1_168' title='bbox 1966 834 2167 887; x_wconf 88' lang='lat' dir='ltr'><strong>mento,</strong></span> <span class='ocrx_word' id='word_1_169' title='bbox 2218 825 2365 893; x_wconf 89' lang='lat' dir='ltr'><strong>quasi</strong></span> <span class='ocrx_word' id='word_1_170' title='bbox 2412 842 2483 881; x_wconf 86' lang='lat' dir='ltr'><strong>xu</strong></span> <span class='ocrx_word' id='word_1_171' title='bbox 2530 824 2731 894; x_wconf 83' lang='lat' dir='ltr'><strong>lapides</strong></span> <span class='ocrx_word' id='word_1_172' title='bbox 2779 824 2927 880; x_wconf 84' lang='lat' dir='ltr'><strong>vivos</strong></span> <span class='ocrx_word' id='word_1_173' title='bbox 2973 841 3036 880; x_wconf 81' lang='lat' dir='ltr'><strong>ex</strong></span> <span class='ocrx_word' id='word_1_174' title='bbox 3086 824 3335 881; x_wconf 85' lang='lat' dir='ltr'><strong>Jordanis</strong></span> <span class='ocrx_word' id='word_1_175' title='bbox 3380 824 3534 878; x_wconf 86' lang='lat' dir='ltr'><strong>alveo</strong></span> 
     </span>
    </p>
   </div>
   <div class='ocr_carea' id='block_1_29' title="bbox 1966 894 3534 964">
    <p class='ocr_par' dir='ltr' id='par_1_29' title="bbox 1966 894 3534 964">
     <span class='ocr_line' id='line_1_29' title="bbox 1966 894 3534 964; baseline 0.001 -17"><span class='ocrx_word' id='word_1_176' title='bbox 1966 894 2341 963; x_wconf 83' lang='lat' dir='ltr'><strong>reddiderunt;</strong></span> <span class='ocrx_word' id='word_1_177' title='bbox 2363 905 2418 951; x_wconf 90' lang='lat' dir='ltr'><strong>et</strong></span> <span class='ocrx_word' id='word_1_178' title='bbox 2444 898 2520 951; x_wconf 91' lang='lat' dir='ltr'><strong>sic</strong></span> <span class='ocrx_word' id='word_1_179' title='bbox 2545 896 3013 961; x_wconf 17' lang='lat' dir='ltr'><strong>totumimundum,</strong></span> <span class='ocrx_word' id='word_1_180' title='bbox 3034 906 3290 964; x_wconf 78' lang='lat' dir='ltr'><strong>tanquam</strong></span> <span class='ocrx_word' id='word_1_181' title='bbox 3320 909 3534 951; x_wconf 82' lang='lat' dir='ltr'><strong>menses</strong></span> 
     </span>
    </p>
   </div>
   <div class='ocr_carea' id='block_1_30' title="bbox 1968 964 3533 1033">
    <p class='ocr_par' dir='ltr' id='par_1_30' title="bbox 1968 964 3533 1033">
     <span class='ocr_line' id='line_1_30' title="bbox 1968 964 3533 1033; baseline -0.001 -17"><span class='ocrx_word' id='word_1_182' title='bbox 1968 964 2127 1018; x_wconf 84' lang='lat' dir='ltr'><strong>totius</strong></span> <span class='ocrx_word' id='word_1_183' title='bbox 2173 966 2321 1030; x_wconf 87' lang='lat' dir='ltr'><strong>anui,</strong></span> <span class='ocrx_word' id='word_1_184' title='bbox 2368 969 2536 1022; x_wconf 83' lang='lat' dir='ltr'><strong>solem</strong></span> <span class='ocrx_word' id='word_1_185' title='bbox 2587 968 2640 1022; x_wconf 91' lang='lat' dir='ltr'><strong>in</strong></span> <span class='ocrx_word' id='word_1_186' title='bbox 2670 983 2739 1022; x_wconf 82' lang='lat' dir='ltr'><strong>se</strong></span> <span class='ocrx_word' id='word_1_187' title='bbox 2768 967 2985 1033; x_wconf 63' lang='lat' dir='ltr'><strong>iustitiae</strong></span> <span class='ocrx_word' id='word_1_188' title='bbox 3027 969 3362 1022; x_wconf 87' lang='lat' dir='ltr'><strong>continentes</strong></span> <span class='ocrx_word' id='word_1_189' title='bbox 3409 979 3533 1032; x_wconf 86' lang='lat' dir='ltr'><strong>per-</strong></span> 
     </span>
    </p>
   </div>
   <div class='ocr_carea' id='block_1_31' title="bbox 1971 1033 3533 1103">
    <p class='ocr_par' dir='ltr' id='par_1_31' title="bbox 1971 1033 3533 1103">
     <span class='ocr_line' id='line_1_31' title="bbox 1971 1033 3533 1103; baseline 0.004 -18"><span class='ocrx_word' id='word_1_190' title='bbox 1971 1033 2362 1102; x_wconf 86' lang='lat' dir='ltr'><strong>lustraverunt;</strong></span> <span class='ocrx_word' id='word_1_191' title='bbox 2393 1046 2449 1091; x_wconf 88' lang='lat' dir='ltr'><strong>et</strong></span> <span class='ocrx_word' id='word_1_192' title='bbox 2474 1037 2676 1091; x_wconf 89' lang='lat' dir='ltr'><strong>animas</strong></span> <span class='ocrx_word' id='word_1_193' title='bbox 2708 1037 2952 1091; x_wconf 74' lang='lat' dir='ltr'><strong>ﬂuetibus</strong></span> <span class='ocrx_word' id='word_1_194' title='bbox 2981 1037 3149 1090; x_wconf 78' lang='lat' dir='ltr'><strong>exsilii</strong></span> <span class='ocrx_word' id='word_1_195' title='bbox 3178 1051 3365 1103; x_wconf 82' lang='lat' dir='ltr'><strong>vagas,</strong></span> <span class='ocrx_word' id='word_1_196' title='bbox 3399 1034 3533 1103; x_wconf 77' lang='lat' dir='ltr'><strong>luci-</strong></span> 
     </span>
    </p>
   </div>
   <div class='ocr_carea' id='block_1_32' title="bbox 1966 1102 3536 1175">
    <p class='ocr_par' dir='ltr' id='par_1_32' title="bbox 1966 1102 3536 1175">
     <span class='ocr_line' id='line_1_32' title="bbox 1966 1102 3536 1175; baseline 0.003 -21"><span class='ocrx_word' id='word_1_197' title='bbox 1966 1104 2046 1175; x_wconf 83' lang='lat' dir='ltr'><strong>dis</strong></span> <span class='ocrx_word' id='word_1_198' title='bbox 2079 1105 2168 1158; x_wconf 91' lang='lat' dir='ltr'><strong>Dei</strong></span> <span class='ocrx_word' id='word_1_199' title='bbox 2200 1108 2491 1175; x_wconf 69' lang='lat' dir='ltr'><strong>prmeeptis,</strong></span> <span class='ocrx_word' id='word_1_200' title='bbox 2511 1116 2754 1174; x_wconf 89' lang='lat' dir='ltr'><strong>tanquam</strong></span> <span class='ocrx_word' id='word_1_201' title='bbox 2786 1108 2836 1159; x_wconf 92' lang='lat' dir='ltr'><strong>in</strong></span> <span class='ocrx_word' id='word_1_202' title='bbox 2859 1107 2960 1161; x_wconf 91' lang='lat' dir='ltr'><strong>lina</strong></span> <span class='ocrx_word' id='word_1_203' title='bbox 2986 1104 3126 1175; x_wconf 76' lang='lat' dir='ltr'><strong>(sic),</strong></span> <span class='ocrx_word' id='word_1_204' title='bbox 3156 1102 3398 1161; x_wconf 83' lang='lat' dir='ltr'><strong>manibus</strong></span> <span class='ocrx_word' id='word_1_205' title='bbox 3430 1102 3536 1158; x_wconf 81' lang='lat' dir='ltr'><strong>Ec-</strong></span> 
     </span>
    </p>
   </div>
   <div class='ocr_carea' id='block_1_33' title="bbox 1966 1173 3543 1245">
    <p class='ocr_par' dir='ltr' id='par_1_33' title="bbox 1966 1173 3543 1245">
     <span class='ocr_line' id='line_1_33' title="bbox 1966 1173 3543 1245; baseline 0.002 -20"><span class='ocrx_word' id='word_1_206' title='bbox 1966 1173 2141 1227; x_wconf 65' lang='lat' dir='ltr'><strong>clesiaa</strong></span> <span class='ocrx_word' id='word_1_207' title='bbox 2164 1175 2339 1245; x_wconf 89' lang='lat' dir='ltr'><strong>medio</strong></span> <span class='ocrx_word' id='word_1_208' title='bbox 2369 1173 2757 1231; x_wconf 87' lang='lat' dir='ltr'><strong>concluseruut.</strong></span> <span class='ocrx_word' id='word_1_209' title='bbox 2783 1176 2872 1231; x_wconf 86' lang='lat' dir='ltr'><strong>Sic</strong></span> <span class='ocrx_word' id='word_1_210' title='bbox 2890 1173 3030 1230; x_wconf 88' lang='lat' dir='ltr'><strong>enim</strong></span> <span class='ocrx_word' id='word_1_211' title='bbox 3052 1173 3125 1230; x_wconf 87' lang='lat' dir='ltr'><strong>ait</strong></span> <span class='ocrx_word' id='word_1_212' title='bbox 3152 1194 3165 1229; x_wconf 89' lang='lat'>:</span> <span class='ocrx_word' id='word_1_213' title='bbox 3199 1174 3386 1231; x_wconf 83' lang='lat' dir='ltr'><strong>Venite</strong></span> <span class='ocrx_word' id='word_1_214' title='bbox 3415 1182 3543 1245; x_wconf 73' lang='lat' dir='ltr'><strong>post</strong></span> 
     </span>
    </p>
   </div>
   <div class='ocr_carea' id='block_1_34' title="bbox 1967 1244 3241 1317">
    <p class='ocr_par' dir='ltr' id='par_1_34' title="bbox 1967 1244 3241 1317">
     <span class='ocr_line' id='line_1_34' title="bbox 1967 1244 3241 1317; baseline 0.002 -21"><span class='ocrx_word' id='word_1_215' title='bbox 1967 1258 2059 1317; x_wconf 15' lang='lat' dir='ltr'><strong>me,</strong></span> <span class='ocrx_word' id='word_1_216' title='bbox 2080 1255 2132 1317; x_wconf 77' lang='lat' dir='ltr'><strong>et</strong></span> <span class='ocrx_word' id='word_1_217' title='bbox 2161 1244 2345 1317; x_wconf 78' lang='lat' dir='ltr'><strong>faciam</strong></span> <span class='ocrx_word' id='word_1_218' title='bbox 2372 1262 2463 1301; x_wconf 90' lang='lat' dir='ltr'><strong>vos</strong></span> <span class='ocrx_word' id='word_1_219' title='bbox 2490 1249 2775 1317; x_wconf 65' lang='lat' dir='ltr'><strong>piscatores</strong></span> <span class='ocrx_word' id='word_1_220' title='bbox 2802 1246 2913 1301; x_wconf 88' lang='lat' dir='ltr'><strong>ﬁeri</strong></span> <span class='ocrx_word' id='word_1_221' title='bbox 2946 1246 3241 1301; x_wconf 89' lang='lat' dir='ltr'><strong>hominum.</strong></span> 
     </span>
    </p>
   </div>
   <div class='ocr_carea' id='block_1_35' title="bbox 2040 1313 3539 1385">
    <p class='ocr_par' dir='ltr' id='par_1_35' title="bbox 2040 1313 3539 1385">
     <span class='ocr_line' id='line_1_35' title="bbox 2040 1313 3539 1385; baseline 0 -18"><span class='ocrx_word' id='word_1_222' title='bbox 2040 1313 2129 1369; x_wconf 73' lang='grc'><strong>19.</strong></span> <span class='ocrx_word' id='word_1_223' title='bbox 2170 1315 2321 1383; x_wconf 87' lang='lat' dir='ltr'><strong>Quod</strong></span> <span class='ocrx_word' id='word_1_224' title='bbox 2369 1313 2545 1371; x_wconf 85' lang='lat' dir='ltr'><strong>autem</strong></span> <span class='ocrx_word' id='word_1_225' title='bbox 2589 1316 2921 1371; x_wconf 91' lang='lat' dir='ltr'><strong>inﬁrmitates</strong></span> <span class='ocrx_word' id='word_1_226' title='bbox 2960 1326 3119 1385; x_wconf 89' lang='lat' dir='ltr'><strong>atque</strong></span> <span class='ocrx_word' id='word_1_227' title='bbox 3166 1315 3539 1385; x_wconf 68' lang='lat' dir='ltr'><strong>aegrotationes</strong></span> 
     </span>
    </p>
   </div>
   <div class='ocr_carea' id='block_1_36' title="bbox 1971 1386 3540 1455">
    <p class='ocr_par' dir='ltr' id='par_1_36' title="bbox 1971 1386 3540 1455">
     <span class='ocr_line' id='line_1_36' title="bbox 1971 1386 3540 1455; baseline 0 -19"><span class='ocrx_word' id='word_1_228' title='bbox 1971 1394 2201 1452; x_wconf 89' lang='lat' dir='ltr'><strong>nostras,</strong></span> <span class='ocrx_word' id='word_1_229' title='bbox 2244 1386 2381 1440; x_wconf 91' lang='lat' dir='ltr'><strong>sicut</strong></span> <span class='ocrx_word' id='word_1_230' title='bbox 2414 1402 2535 1441; x_wconf 89' lang='lat' dir='ltr'><strong>reor</strong></span> <span class='ocrx_word' id='word_1_231' title='bbox 2566 1387 2883 1455; x_wconf 74' lang='lat' dir='ltr'><strong>prtedixerat</strong></span> <span class='ocrx_word' id='word_1_232' title='bbox 2912 1386 3115 1450; x_wconf 87' lang='lat' dir='ltr'><strong>Esaias,</strong></span> <span class='ocrx_word' id='word_1_233' title='bbox 3149 1387 3375 1439; x_wconf 88' lang='lat' dir='ltr'><strong>libenter</strong></span> <span class='ocrx_word' id='word_1_234' title='bbox 3406 1398 3540 1452; x_wconf 89' lang='lat' dir='ltr'><strong>pur-</strong></span> 
     </span>
    </p>
   </div>
   <div class='ocr_carea' id='block_1_37' title="bbox 1971 1455 3638 1525">
    <p class='ocr_par' dir='ltr' id='par_1_37' title="bbox 1971 1455 3638 1525">
     <span class='ocr_line' id='line_1_37' title="bbox 1971 1455 3638 1525; baseline 0 -18"><span class='ocrx_word' id='word_1_235' title='bbox 1971 1457 2193 1519; x_wconf 85' lang='lat' dir='ltr'><strong>taverit,</strong></span> <span class='ocrx_word' id='word_1_236' title='bbox 2228 1457 2307 1509; x_wconf 89' lang='lat' dir='ltr'><strong>sic</strong></span> <span class='ocrx_word' id='word_1_237' title='bbox 2352 1471 2445 1524; x_wconf 90' lang='lat' dir='ltr'><strong>per</strong></span> <span class='ocrx_word' id='word_1_238' title='bbox 2471 1458 2647 1511; x_wconf 91' lang='lat' dir='ltr'><strong>omnia</strong></span> <span class='ocrx_word' id='word_1_239' title='bbox 2691 1472 2943 1519; x_wconf 89' lang='lat' dir='ltr'><strong>currens,</strong></span> <span class='ocrx_word' id='word_1_240' title='bbox 2972 1456 3419 1525; x_wconf 86' lang='lat' dir='ltr'><strong>quemadmodum</strong></span> <span class='ocrx_word' id='word_1_241' title='bbox 3449 1455 3543 1521; x_wconf 90' lang='lat' dir='ltr'><strong>gi-</strong></span> <span class='ocrx_word' id='word_1_242' title='bbox 3632 1494 3638 1498; x_wconf 82' lang='lat'><strong>.</strong></span> 
     </span>
    </p>
   </div>
   <div class='ocr_carea' id='block_1_38' title="bbox 1969 1526 3545 1595">
    <p class='ocr_par' dir='ltr' id='par_1_38' title="bbox 1969 1526 3545 1595">
     <span class='ocr_line' id='line_1_38' title="bbox 1969 1526 3545 1595; baseline 0 -18"><span class='ocrx_word' id='word_1_243' title='bbox 1969 1538 2100 1591; x_wconf 86' lang='lat' dir='ltr'><strong>gans</strong></span> <span class='ocrx_word' id='word_1_244' title='bbox 2148 1539 2242 1592; x_wconf 89' lang='lat' dir='ltr'><strong>per</strong></span> <span class='ocrx_word' id='word_1_245' title='bbox 2274 1526 2455 1595; x_wconf 39' lang='lat' dir='ltr'><strong>(viam;</strong></span> <span class='ocrx_word' id='word_1_246' title='bbox 2508 1538 2716 1593; x_wconf 89' lang='lat' dir='ltr'><strong>oportet</strong></span> <span class='ocrx_word' id='word_1_247' title='bbox 2764 1526 3022 1594; x_wconf 85' lang='lat' dir='ltr'><strong>inspicere</strong></span> <span class='ocrx_word' id='word_1_248' title='bbox 3062 1526 3327 1595; x_wconf 90' lang='lat' dir='ltr'><strong>quomodo</strong></span> <span class='ocrx_word' id='word_1_249' title='bbox 3377 1526 3427 1577; x_wconf 90' lang='lat' dir='ltr'><strong>in</strong></span> <span class='ocrx_word' id='word_1_250' title='bbox 3482 1538 3545 1577; x_wconf 88' lang='lat' dir='ltr'><strong>se</strong></span> 
     </span>
    </p>
   </div>
   <div class='ocr_carea' id='block_1_39' title="bbox 1970 1594 3541 1667">
    <p class='ocr_par' dir='ltr' id='par_1_39' title="bbox 1970 1594 3541 1667">
     <span class='ocr_line' id='line_1_39' title="bbox 1970 1594 3541 1667; baseline -0.001 -21"><span class='ocrx_word' id='word_1_251' title='bbox 1970 1594 2329 1667; x_wconf 82' lang='lat' dir='ltr'><strong>consecrando</strong></span> <span class='ocrx_word' id='word_1_252' title='bbox 2370 1596 2685 1662; x_wconf 88' lang='lat' dir='ltr'><strong>Ecclesiam,</strong></span> <span class='ocrx_word' id='word_1_253' title='bbox 2710 1598 2904 1667; x_wconf 89' lang='lat' dir='ltr'><strong>gradus</strong></span> <span class='ocrx_word' id='word_1_254' title='bbox 2946 1594 3346 1667; x_wconf 28' lang='lat' dir='ltr'><strong>ejus’singulos</strong></span> <span class='ocrx_word' id='word_1_255' title='bbox 3388 1609 3541 1667; x_wconf 83' lang='lat' dir='ltr'><strong>com-</strong></span> 
     </span>
    </p>
   </div>
   <div class='ocr_carea' id='block_1_40' title="bbox 1974 1663 3539 1736">
    <p class='ocr_par' dir='ltr' id='par_1_40' title="bbox 1974 1663 3539 1736">
     <span class='ocr_line' id='line_1_40' title="bbox 1974 1663 3539 1736; baseline 0 -21"><span class='ocrx_word' id='word_1_256' title='bbox 1974 1663 2303 1736; x_wconf 81' lang='lat' dir='ltr'><strong>mendaverit</strong></span> <span class='ocrx_word' id='word_1_257' title='bbox 2323 1706 2338 1732; x_wconf 91' lang='lat'><strong>,</strong></span> <span class='ocrx_word' id='word_1_258' title='bbox 2370 1667 2418 1719; x_wconf 93' lang='lat' dir='ltr'><strong>id</strong></span> <span class='ocrx_word' id='word_1_259' title='bbox 2446 1677 2527 1720; x_wconf 90' lang='lat' dir='ltr'><strong>est</strong></span> <span class='ocrx_word' id='word_1_260' title='bbox 2558 1682 2650 1733; x_wconf 91' lang='lat' dir='ltr'><strong>per</strong></span> <span class='ocrx_word' id='word_1_261' title='bbox 2678 1663 2882 1735; x_wconf 79' lang='lat' dir='ltr'><strong>septem</strong></span> <span class='ocrx_word' id='word_1_262' title='bbox 2914 1665 3108 1736; x_wconf 75' lang='lat' dir='ltr'><strong>gradus</strong></span> <span class='ocrx_word' id='word_1_263' title='bbox 3138 1665 3300 1719; x_wconf 87' lang='lat' dir='ltr'><strong>ofﬁcii</strong></span> <span class='ocrx_word' id='word_1_264' title='bbox 3336 1664 3539 1736; x_wconf 82' lang='lat' dir='ltr'><strong>manci-</strong></span> 
     </span>
    </p>
   </div>
   <div class='ocr_carea' id='block_1_41' title="bbox 291 1733 3543 1813">
    <p class='ocr_par' dir='ltr' id='par_1_41' title="bbox 291 1733 3543 1813">
     <span class='ocr_line' id='line_1_41' title="bbox 291 1733 3543 1813; baseline -0.002 -18"><span class='ocrx_word' id='word_1_265' title='bbox 291 1733 440 1795; x_wconf 76' lang='lat' dir='ltr'><strong>omni</strong></span> <span class='ocrx_word' id='word_1_266' title='bbox 473 1742 730 1813; x_wconf 84' lang='lat' dir='ltr'><strong>membro,</strong></span> <span class='ocrx_word' id='word_1_267' title='bbox 755 1733 976 1813; x_wconf 79' lang='lat' dir='ltr'><strong>jamque</strong></span> <span class='ocrx_word' id='word_1_268' title='bbox 1001 1733 1375 1813; x_wconf 36' lang='lat' dir='ltr'><strong>maturamiita</strong></span> <span class='ocrx_word' id='word_1_269' title='bbox 1407 1741 1678 1813; x_wconf 84' lang='lat' dir='ltr'><strong>pulchrum</strong></span> <span class='ocrx_word' id='word_1_270' title='bbox 1703 1740 1869 1792; x_wconf 89' lang='lat' dir='ltr'><strong>oculis</strong></span> <span class='ocrx_word' id='word_1_271' title='bbox 1908 1755 1947 1813; x_wconf 75' lang='grc' dir='ltr'><strong><em>Β</em></strong></span> <span class='ocrx_word' id='word_1_272' title='bbox 1976 1733 2417 1813; x_wconf 83' lang='lat' dir='ltr'><strong>pandam_altario</strong></span> <span class='ocrx_word' id='word_1_273' title='bbox 2445 1733 2757 1813; x_wconf 72' lang='lat' dir='ltr'><strong>sanciverit;</strong></span> <span class='ocrx_word' id='word_1_274' title='bbox 2789 1738 2877 1813; x_wconf 80' lang='lat' dir='ltr'><strong>qui</strong></span> <span class='ocrx_word' id='word_1_275' title='bbox 2907 1733 3032 1790; x_wconf 76' lang='lat' dir='ltr'><strong>sunt</strong></span> <span class='ocrx_word' id='word_1_276' title='bbox 3067 1734 3543 1813; x_wconf 43' lang='lat' dir='ltr'><strong>ostiaritts..fossaf</strong></span> 
     </span>
    </p>
   </div>
   <div class='ocr_carea' id='block_1_42' title="bbox 293 1804 3547 1888">
    <p class='ocr_par' dir='ltr' id='par_1_42' title="bbox 293 1804 3547 1888">
     <span class='ocr_line' id='line_1_42' title="bbox 293 1804 3547 1888; baseline -0.002 -24"><span class='ocrx_word' id='word_1_277' title='bbox 293 1813 498 1888; x_wconf 78' lang='lat' dir='ltr'><strong>visum,</strong></span> <span class='ocrx_word' id='word_1_278' title='bbox 526 1810 711 1888; x_wconf 70' lang='lat' dir='ltr'><strong>eduxit</strong></span> <span class='ocrx_word' id='word_1_279' title='bbox 736 1804 799 1866; x_wconf 73' lang='lat' dir='ltr'><strong>ex</strong></span> <span class='ocrx_word' id='word_1_280' title='bbox 825 1804 989 1864; x_wconf 30' lang='lat' dir='ltr'><strong>lat-ere</strong></span> <span class='ocrx_word' id='word_1_281' title='bbox 1016 1810 1511 1888; x_wconf 40' lang='lat' dir='ltr'><strong>d-ormietttis..Quia</strong></span> <span class='ocrx_word' id='word_1_282' title='bbox 1531 1824 1634 1862; x_wconf 91' lang='lat' dir='ltr'><strong>non</strong></span> <span class='ocrx_word' id='word_1_283' title='bbox 1669 1824 1869 1888; x_wconf 75' lang='lat' dir='ltr'><strong>parvu-</strong></span> <span class='ocrx_word' id='word_1_284' title='bbox 1908 1804 1956 1888; x_wconf 62' lang='grc' dir='ltr'><strong>’ὀ</strong></span> <span class='ocrx_word' id='word_1_285' title='bbox 1977 1805 2085 1888; x_wconf 81' lang='lat' dir='ltr'><strong>rius</strong></span> <span class='ocrx_word' id='word_1_286' title='bbox 2114 1813 2163 1870; x_wconf 75' lang='grc'><strong>⁸,</strong></span> <span class='ocrx_word' id='word_1_287' title='bbox 2194 1804 2381 1888; x_wconf 64' lang='lat' dir='ltr'><strong>lector,</strong></span> <span class='ocrx_word' id='word_1_288' title='bbox 2414 1807 2791 1871; x_wconf 89' lang='lat' dir='ltr'><strong>subdiaconus,</strong></span> <span class='ocrx_word' id='word_1_289' title='bbox 2809 1804 3101 1888; x_wconf 69' lang='lat' dir='ltr'><strong>diaconus,</strong></span> <span class='ocrx_word' id='word_1_290' title='bbox 3147 1806 3446 1888; x_wconf 65' lang='lat' dir='ltr'><strong>presbvter,</strong></span> <span class='ocrx_word' id='word_1_291' title='bbox 3490 1812 3547 1884; x_wconf 81' lang='lat' dir='ltr'><strong>_et</strong></span> 
     </span>
    </p>
   </div>
   <div class='ocr_carea' id='block_1_43' title="bbox 299 1878 1867 1948">
    <p class='ocr_par' dir='ltr' id='par_1_43' title="bbox 299 1878 1867 1948">
     <span class='ocr_line' id='line_1_43' title="bbox 299 1878 1867 1948; baseline -0.002 -13"><span class='ocrx_word' id='word_1_292' title='bbox 299 1882 475 1935; x_wconf 87' lang='lat' dir='ltr'><strong>lorum</strong></span> <span class='ocrx_word' id='word_1_293' title='bbox 507 1882 736 1935; x_wconf 83' lang='lat' dir='ltr'><strong>mutibus</strong></span> <span class='ocrx_word' id='word_1_294' title='bbox 765 1890 856 1934; x_wconf 88' lang='lat' dir='ltr'><strong>aut</strong></span> <span class='ocrx_word' id='word_1_295' title='bbox 896 1880 1171 1936; x_wconf 85' lang='lat' dir='ltr'><strong>teneritate</strong></span> <span class='ocrx_word' id='word_1_296' title='bbox 1215 1878 1467 1948; x_wconf 69' lang='lat' dir='ltr'><strong>tuentium</strong></span> <span class='ocrx_word' id='word_1_297' title='bbox 1502 1895 1780 1946; x_wconf 82' lang='lat' dir='ltr'><strong>puerorum</strong></span> <span class='ocrx_word' id='word_1_298' title='bbox 1817 1882 1867 1932; x_wconf 91' lang='lat' dir='ltr'><strong>in</strong></span> 
     </span>
    </p>
   </div>
   <div class='ocr_carea' id='block_1_44' title="bbox 298 1949 1867 2021">
    <p class='ocr_par' dir='ltr' id='par_1_44' title="bbox 298 1949 1867 2021">
     <span class='ocr_line' id='line_1_44' title="bbox 298 1949 1867 2021; baseline -0.002 -17"><span class='ocrx_word' id='word_1_299' title='bbox 298 1965 526 2019; x_wconf 90' lang='lat' dir='ltr'><strong>corpore</strong></span> <span class='ocrx_word' id='word_1_300' title='bbox 555 1965 717 2020; x_wconf 87' lang='lat' dir='ltr'><strong>parvo</strong></span> <span class='ocrx_word' id='word_1_301' title='bbox 747 1949 1298 2021; x_wconf 35' lang='lat' dir='ltr'><strong>quatentiumpatque</strong></span> <span class='ocrx_word' id='word_1_302' title='bbox 1339 1952 1555 2017; x_wconf 86' lang='lat' dir='ltr'><strong>pedum,</strong></span> <span class='ocrx_word' id='word_1_303' title='bbox 1576 1964 1867 2021; x_wconf 62' lang='lat' dir='ltr'><strong>manuum,</strong></span> 
     </span>
    </p>
   </div>
   <div class='ocr_carea' id='block_1_45' title="bbox 301 2018 1868 2089">
    <p class='ocr_par' dir='ltr' id='par_1_45' title="bbox 301 2018 1868 2089">
     <span class='ocr_line' id='line_1_45' title="bbox 301 2018 1868 2089; baseline -0.003 -15"><span class='ocrx_word' id='word_1_304' title='bbox 301 2018 622 2089; x_wconf 82' lang='lat' dir='ltr'><strong>linguarum,</strong></span> <span class='ocrx_word' id='word_1_305' title='bbox 669 2018 975 2079; x_wconf 83' lang='lat' dir='ltr'><strong>sermonum</strong></span> <span class='ocrx_word' id='word_1_306' title='bbox 1017 2031 1069 2085; x_wconf 79' lang='lat' dir='ltr'><strong>et</strong></span> <span class='ocrx_word' id='word_1_307' title='bbox 1112 2018 1329 2072; x_wconf 80' lang='lat' dir='ltr'><strong>actuum</strong></span> <span class='ocrx_word' id='word_1_308' title='bbox 1378 2018 1727 2087; x_wconf 61' lang='lat' dir='ltr'><strong>prtepeditos;</strong></span> <span class='ocrx_word' id='word_1_309' title='bbox 1778 2020 1868 2071; x_wconf 87' lang='lat' dir='ltr'><strong>sed</strong></span> 
     </span>
    </p>
   </div>
   <div class='ocr_carea' id='block_1_46' title="bbox 301 2090 1869 2159">
    <p class='ocr_par' dir='ltr' id='par_1_46' title="bbox 301 2090 1869 2159">
     <span class='ocr_line' id='line_1_46' title="bbox 301 2090 1869 2159; baseline -0.003 -15"><span class='ocrx_word' id='word_1_310' title='bbox 301 2100 483 2155; x_wconf 66' lang='lat' dir='ltr'><strong>aetate,</strong></span> <span class='ocrx_word' id='word_1_311' title='bbox 525 2090 752 2159; x_wconf 86' lang='lat' dir='ltr'><strong>ratione,</strong></span> <span class='ocrx_word' id='word_1_312' title='bbox 784 2091 1049 2147; x_wconf 84' lang='lat' dir='ltr'><strong>soliditate</strong></span> <span class='ocrx_word' id='word_1_313' title='bbox 1082 2091 1438 2151; x_wconf 85' lang='lat' dir='ltr'><strong>membrorum</strong></span> <span class='ocrx_word' id='word_1_314' title='bbox 1471 2100 1628 2157; x_wconf 89' lang='lat' dir='ltr'><strong>atque</strong></span> <span class='ocrx_word' id='word_1_315' title='bbox 1657 2090 1869 2157; x_wconf 88' lang='lat' dir='ltr'><strong>sapien-</strong></span> 
     </span>
    </p>
   </div>
   <div class='ocr_carea' id='block_1_47' title="bbox 298 2159 1872 2231">
    <p class='ocr_par' dir='ltr' id='par_1_47' title="bbox 298 2159 1872 2231">
     <span class='ocr_line' id='line_1_47' title="bbox 298 2159 1872 2231; baseline -0.002 -17"><span class='ocrx_word' id='word_1_316' title='bbox 298 2162 371 2214; x_wconf 90' lang='lat' dir='ltr'><strong>tia</strong></span> <span class='ocrx_word' id='word_1_317' title='bbox 400 2160 630 2231; x_wconf 84' lang='lat' dir='ltr'><strong>pletios,_</strong></span> <span class='ocrx_word' id='word_1_318' title='bbox 652 2163 822 2231; x_wconf 86' lang='lat' dir='ltr'><strong>primo</strong></span> <span class='ocrx_word' id='word_1_319' title='bbox 853 2159 991 2228; x_wconf 78' lang='lat' dir='ltr'><strong>Deus</strong></span> <span class='ocrx_word' id='word_1_320' title='bbox 1019 2174 1084 2214; x_wconf 82' lang='lat' dir='ltr'><strong>ex</strong></span> <span class='ocrx_word' id='word_1_321' title='bbox 1113 2160 1219 2212; x_wconf 90' lang='lat' dir='ltr'><strong>luto</strong></span> <span class='ocrx_word' id='word_1_322' title='bbox 1246 2167 1402 2214; x_wconf 69' lang='lat' dir='ltr'><strong>terra:</strong></span> <span class='ocrx_word' id='word_1_323' title='bbox 1431 2159 1620 2231; x_wconf 81' lang='lat' dir='ltr'><strong>fecisse</strong></span> <span class='ocrx_word' id='word_1_324' title='bbox 1651 2161 1872 2212; x_wconf 81' lang='lat' dir='ltr'><strong>creden-</strong></span> 
     </span>
    </p>
   </div>
   <div class='ocr_carea' id='block_1_48' title="bbox 298 2228 1869 2296">
    <p class='ocr_par' dir='ltr' id='par_1_48' title="bbox 298 2228 1869 2296">
     <span class='ocr_line' id='line_1_48' title="bbox 298 2228 1869 2296; baseline -0.003 -11"><span class='ocrx_word' id='word_1_325' title='bbox 298 2228 411 2285; x_wconf 79' lang='lat' dir='ltr'><strong>dus</strong></span> <span class='ocrx_word' id='word_1_326' title='bbox 429 2242 536 2296; x_wconf 89' lang='lat' dir='ltr'><strong>est,</strong></span> <span class='ocrx_word' id='word_1_327' title='bbox 581 2228 745 2284; x_wconf 25' lang='lat' dir='ltr'><strong>ut‘ex</strong></span> <span class='ocrx_word' id='word_1_328' title='bbox 794 2228 999 2283; x_wconf 91' lang='lat' dir='ltr'><strong>illorum</strong></span> <span class='ocrx_word' id='word_1_329' title='bbox 1043 2230 1257 2282; x_wconf 85' lang='lat' dir='ltr'><strong>materia</strong></span> <span class='ocrx_word' id='word_1_330' title='bbox 1305 2230 1517 2282; x_wconf 90' lang='lat' dir='ltr'><strong>soboles</strong></span> <span class='ocrx_word' id='word_1_331' title='bbox 1559 2239 1869 2282; x_wconf 76' lang='lat' dir='ltr'><strong>crearetur:</strong></span> 
     </span>
    </p>
   </div>
   <div class='ocr_carea' id='block_1_49' title="bbox 299 2297 1869 2368">
    <p class='ocr_par' dir='ltr' id='par_1_49' title="bbox 299 2297 1869 2368">
     <span class='ocr_line' id='line_1_49' title="bbox 299 2297 1869 2368; baseline 0 -15"><span class='ocrx_word' id='word_1_332' title='bbox 299 2312 548 2368; x_wconf 83' lang='lat' dir='ltr'><strong>tanquam</strong></span> <span class='ocrx_word' id='word_1_333' title='bbox 572 2315 633 2363; x_wconf 78' lang='lat' dir='ltr'><strong>ex</strong></span> <span class='ocrx_word' id='word_1_334' title='bbox 664 2300 856 2367; x_wconf 88' lang='lat' dir='ltr'><strong>arbore</strong></span> <span class='ocrx_word' id='word_1_335' title='bbox 886 2300 1017 2353; x_wconf 88' lang='lat' dir='ltr'><strong>rami</strong></span> <span class='ocrx_word' id='word_1_336' title='bbox 1049 2299 1131 2353; x_wconf 86' lang='lat' dir='ltr'><strong>vel</strong></span> <span class='ocrx_word' id='word_1_337' title='bbox 1163 2297 1360 2351; x_wconf 87' lang='lat' dir='ltr'><strong>fructus</strong></span> <span class='ocrx_word' id='word_1_338' title='bbox 1399 2299 1625 2366; x_wconf 90' lang='lat' dir='ltr'><strong>primum</strong></span> <span class='ocrx_word' id='word_1_339' title='bbox 1657 2299 1869 2367; x_wconf 88' lang='lat' dir='ltr'><strong>quidem</strong></span> 
     </span>
    </p>
   </div>
   <div class='ocr_carea' id='block_1_50' title="bbox 304 2369 1871 2439">
    <p class='ocr_par' dir='ltr' id='par_1_50' title="bbox 304 2369 1871 2439">
     <span class='ocr_line' id='line_1_50' title="bbox 304 2369 1871 2439; baseline -0.002 -15"><span class='ocrx_word' id='word_1_340' title='bbox 304 2379 525 2433; x_wconf 83' lang='lat' dir='ltr'><strong>tenues.</strong></span> <span class='ocrx_word' id='word_1_341' title='bbox 555 2381 735 2439; x_wconf 84' lang='lat' dir='ltr'><strong>postea</strong></span> <span class='ocrx_word' id='word_1_342' title='bbox 762 2370 872 2439; x_wconf 81' lang='lat' dir='ltr'><strong>jam</strong></span> <span class='ocrx_word' id='word_1_343' title='bbox 902 2369 1150 2438; x_wconf 73' lang='lat' dir='ltr'><strong>paulatim</strong></span> <span class='ocrx_word' id='word_1_344' title='bbox 1184 2370 1375 2422; x_wconf 89' lang='lat' dir='ltr'><strong>maturi</strong></span> <span class='ocrx_word' id='word_1_345' title='bbox 1406 2370 1487 2423; x_wconf 88' lang='lat' dir='ltr'><strong>vel</strong></span> <span class='ocrx_word' id='word_1_346' title='bbox 1522 2369 1656 2422; x_wconf 86' lang='lat' dir='ltr'><strong>firmi</strong></span> <span class='ocrx_word' id='word_1_347' title='bbox 1693 2370 1871 2421; x_wconf 84' lang='lat' dir='ltr'><strong>vitien-</strong></span> 
     </span>
    </p>
   </div>
   <div class='ocr_carea' id='block_1_51' title="bbox 300 2439 1870 2509">
    <p class='ocr_par' dir='ltr' id='par_1_51' title="bbox 300 2439 1870 2509">
     <span class='ocr_line' id='line_1_51' title="bbox 300 2439 1870 2509; baseline -0.001 -16"><span class='ocrx_word' id='word_1_348' title='bbox 300 2450 387 2494; x_wconf 87' lang='lat' dir='ltr'><strong>tur</strong></span> <span class='ocrx_word' id='word_1_349' title='bbox 416 2442 689 2509; x_wconf 14' lang='lat' dir='ltr'><strong>proilicere.</strong></span> <span class='ocrx_word' id='word_1_350' title='bbox 732 2439 805 2493; x_wconf 89' lang='lat' dir='ltr'><strong>lta</strong></span> <span class='ocrx_word' id='word_1_351' title='bbox 837 2454 1062 2507; x_wconf 88' lang='lat' dir='ltr'><strong>namque</strong></span> <span class='ocrx_word' id='word_1_352' title='bbox 1085 2440 1257 2509; x_wconf 84' lang='lat' dir='ltr'><strong>omnis</strong></span> <span class='ocrx_word' id='word_1_353' title='bbox 1302 2450 1487 2492; x_wconf 88' lang='lat' dir='ltr'><strong>natura</strong></span> <span class='ocrx_word' id='word_1_354' title='bbox 1519 2439 1667 2492; x_wconf 86' lang='lat' dir='ltr'><strong>firma</strong></span> <span class='ocrx_word' id='word_1_355' title='bbox 1696 2448 1751 2492; x_wconf 88' lang='lat' dir='ltr'><strong>et</strong></span> <span class='ocrx_word' id='word_1_356' title='bbox 1781 2453 1870 2492; x_wconf 86' lang='lat' dir='ltr'><strong>so-</strong></span> 
     </span>
    </p>
   </div>
   <div class='ocr_carea' id='block_1_52' title="bbox 302 2508 1873 2579">
    <p class='ocr_par' dir='ltr' id='par_1_52' title="bbox 302 2508 1873 2579">
     <span class='ocr_line' id='line_1_52' title="bbox 302 2508 1873 2579; baseline 0 -16"><span class='ocrx_word' id='word_1_357' title='bbox 302 2511 408 2563; x_wconf 91' lang='lat' dir='ltr'><strong>lida</strong></span> <span class='ocrx_word' id='word_1_358' title='bbox 452 2508 699 2579; x_wconf 87' lang='lat' dir='ltr'><strong>quicquid</strong></span> <span class='ocrx_word' id='word_1_359' title='bbox 744 2511 1022 2579; x_wconf 84' lang='lat' dir='ltr'><strong>protulerit</strong></span> <span class='ocrx_word' id='word_1_360' title='bbox 1058 2508 1310 2575; x_wconf 89' lang='lat' dir='ltr'><strong>ostendit,</strong></span> <span class='ocrx_word' id='word_1_361' title='bbox 1333 2519 1612 2576; x_wconf 89' lang='lat' dir='ltr'><strong>reparante</strong></span> <span class='ocrx_word' id='word_1_362' title='bbox 1653 2517 1873 2567; x_wconf 87' lang='lat' dir='ltr'><strong>auctore</strong></span> 
     </span>
    </p>
   </div>
   <div class='ocr_carea' id='block_1_53' title="bbox 303 2578 1872 2649">
    <p class='ocr_par' dir='ltr' id='par_1_53' title="bbox 303 2578 1872 2649">
     <span class='ocr_line' id='line_1_53' title="bbox 303 2578 1872 2649; baseline -0.002 -14"><span class='ocrx_word' id='word_1_363' title='bbox 303 2579 421 2636; x_wconf 84' lang='lat' dir='ltr'><strong>Deo</strong></span> <span class='ocrx_word' id='word_1_364' title='bbox 444 2578 566 2633; x_wconf 87' lang='lat' dir='ltr'><strong>dum</strong></span> <span class='ocrx_word' id='word_1_365' title='bbox 597 2578 829 2649; x_wconf 82' lang='lat' dir='ltr'><strong>generat.</strong></span> <span class='ocrx_word' id='word_1_366' title='bbox 866 2581 927 2632; x_wconf 85' lang='lat' dir='ltr'><strong>Et</strong></span> <span class='ocrx_word' id='word_1_367' title='bbox 951 2579 1026 2633; x_wconf 89' lang='lat' dir='ltr'><strong>sic</strong></span> <span class='ocrx_word' id='word_1_368' title='bbox 1052 2581 1247 2647; x_wconf 89' lang='lat' dir='ltr'><strong>quippe</strong></span> <span class='ocrx_word' id='word_1_369' title='bbox 1273 2578 1595 2633; x_wconf 87' lang='lat' dir='ltr'><strong>credendum</strong></span> <span class='ocrx_word' id='word_1_370' title='bbox 1624 2588 1725 2644; x_wconf 87' lang='lat' dir='ltr'><strong>est,</strong></span> <span class='ocrx_word' id='word_1_371' title='bbox 1753 2580 1872 2645; x_wconf 70' lang='grc' dir='ltr'><strong>(μύει</strong></span> 
     </span>
    </p>
   </div>
   <div class='ocr_carea' id='block_1_54' title="bbox 302 2649 1871 2717">
    <p class='ocr_par' dir='ltr' id='par_1_54' title="bbox 302 2649 1871 2717">
     <span class='ocr_line' id='line_1_54' title="bbox 302 2649 1871 2717; baseline -0.002 -13"><span class='ocrx_word' id='word_1_372' title='bbox 302 2650 463 2704; x_wconf 83' lang='lat' dir='ltr'><strong>homo</strong></span> <span class='ocrx_word' id='word_1_373' title='bbox 492 2651 542 2703; x_wconf 92' lang='lat' dir='ltr'><strong>in</strong></span> <span class='ocrx_word' id='word_1_374' title='bbox 576 2650 861 2717; x_wconf 90' lang='lat' dir='ltr'><strong>primordio</strong></span> <span class='ocrx_word' id='word_1_375' title='bbox 883 2650 1047 2703; x_wconf 83' lang='lat' dir='ltr'><strong>factus</strong></span> <span class='ocrx_word' id='word_1_376' title='bbox 1075 2665 1103 2702; x_wconf 91' lang='lat' dir='ltr'><strong>a</strong></span> <span class='ocrx_word' id='word_1_377' title='bbox 1134 2649 1379 2714; x_wconf 91' lang='lat' dir='ltr'><strong>Domino,</strong></span> <span class='ocrx_word' id='word_1_378' title='bbox 1402 2657 1556 2702; x_wconf 76' lang='lat' dir='ltr'><strong>a2tate</strong></span> <span class='ocrx_word' id='word_1_379' title='bbox 1588 2649 1871 2716; x_wconf 90' lang='lat' dir='ltr'><strong>legitimus,</strong></span> 
     </span>
    </p>
   </div>
   <div class='ocr_carea' id='block_1_55' title="bbox 299 2719 1869 2789">
    <p class='ocr_par' dir='ltr' id='par_1_55' title="bbox 299 2719 1869 2789">
     <span class='ocr_line' id='line_1_55' title="bbox 299 2719 1869 2789; baseline -0.003 -16"><span class='ocrx_word' id='word_1_380' title='bbox 299 2729 357 2773; x_wconf 90' lang='lat' dir='ltr'><strong>et</strong></span> <span class='ocrx_word' id='word_1_381' title='bbox 386 2731 560 2774; x_wconf 87' lang='lat' dir='ltr'><strong>mente</strong></span> <span class='ocrx_word' id='word_1_382' title='bbox 593 2722 796 2788; x_wconf 85' lang='lat' dir='ltr'><strong>plenus,</strong></span> <span class='ocrx_word' id='word_1_383' title='bbox 826 2730 877 2773; x_wconf 88' lang='lat' dir='ltr'><strong>et</strong></span> <span class='ocrx_word' id='word_1_384' title='bbox 905 2734 1070 2785; x_wconf 83' lang='lat' dir='ltr'><strong>capax</strong></span> <span class='ocrx_word' id='word_1_385' title='bbox 1100 2720 1350 2784; x_wconf 87' lang='lat' dir='ltr'><strong>rationis;</strong></span> <span class='ocrx_word' id='word_1_386' title='bbox 1382 2719 1432 2773; x_wconf 90' lang='lat' dir='ltr'><strong>iu</strong></span> <span class='ocrx_word' id='word_1_387' title='bbox 1465 2734 1565 2789; x_wconf 90' lang='lat' dir='ltr'><strong>qua</strong></span> <span class='ocrx_word' id='word_1_388' title='bbox 1595 2719 1869 2781; x_wconf 72' lang='lat' dir='ltr'><strong>victoriam</strong></span> 
     </span>
    </p>
   </div>
   <div class='ocr_carea' id='block_1_56' title="bbox 301 2790 1874 2861">
    <p class='ocr_par' dir='ltr' id='par_1_56' title="bbox 301 2790 1874 2861">
     <span class='ocr_line' id='line_1_56' title="bbox 301 2790 1874 2861; baseline 0 -19"><span class='ocrx_word' id='word_1_389' title='bbox 301 2801 555 2859; x_wconf 85' lang='lat' dir='ltr'><strong>caperet,</strong></span> <span class='ocrx_word' id='word_1_390' title='bbox 596 2792 641 2844; x_wconf 89' lang='lat' dir='ltr'><strong>si</strong></span> <span class='ocrx_word' id='word_1_391' title='bbox 676 2791 859 2845; x_wconf 89' lang='lat' dir='ltr'><strong>mortis</strong></span> <span class='ocrx_word' id='word_1_392' title='bbox 891 2790 1201 2858; x_wconf 89' lang='lat' dir='ltr'><strong>imperasset</strong></span> <span class='ocrx_word' id='word_1_393' title='bbox 1240 2791 1464 2843; x_wconf 87' lang='lat' dir='ltr'><strong>auctori.</strong></span> <span class='ocrx_word' id='word_1_394' title='bbox 1497 2790 1621 2861; x_wconf 78' lang='lat' dir='ltr'><strong>Ideo</strong></span> <span class='ocrx_word' id='word_1_395' title='bbox 1647 2804 1874 2861; x_wconf 82' lang='lat' dir='ltr'><strong>namque</strong></span> 
     </span>
    </p>
   </div>
   <div class='ocr_carea' id='block_1_57' title="bbox 303 2860 1874 2927">
    <p class='ocr_par' dir='ltr' id='par_1_57' title="bbox 303 2860 1874 2927">
     <span class='ocr_line' id='line_1_57' title="bbox 303 2860 1874 2927; baseline 0.001 -16"><span class='ocrx_word' id='word_1_396' title='bbox 303 2874 515 2927; x_wconf 67' lang='lat' dir='ltr'><strong>ptrnam</strong></span> <span class='ocrx_word' id='word_1_397' title='bbox 545 2861 729 2914; x_wconf 89' lang='lat' dir='ltr'><strong>mortis</strong></span> <span class='ocrx_word' id='word_1_398' title='bbox 758 2862 997 2925; x_wconf 90' lang='lat' dir='ltr'><strong>incurrit,</strong></span> <span class='ocrx_word' id='word_1_399' title='bbox 1024 2861 1144 2926; x_wconf 87' lang='lat' dir='ltr'><strong>quia</strong></span> <span class='ocrx_word' id='word_1_400' title='bbox 1172 2875 1275 2912; x_wconf 91' lang='lat' dir='ltr'><strong>non</strong></span> <span class='ocrx_word' id='word_1_401' title='bbox 1299 2862 1395 2912; x_wconf 90' lang='lat' dir='ltr'><strong>suh</strong></span> <span class='ocrx_word' id='word_1_402' title='bbox 1427 2860 1625 2926; x_wconf 82' lang='lat' dir='ltr'><strong>parvuli</strong></span> <span class='ocrx_word' id='word_1_403' title='bbox 1653 2869 1797 2913; x_wconf 91' lang='lat' dir='ltr'><strong>motu</strong></span> <span class='ocrx_word' id='word_1_404' title='bbox 1820 2869 1874 2920; x_wconf 80' lang='lat' dir='ltr'><strong>et</strong></span> 
     </span>
    </p>
   </div>
   <div class='ocr_carea' id='block_1_58' title="bbox 301 2929 1875 2998">
    <p class='ocr_par' dir='ltr' id='par_1_58' title="bbox 301 2929 1875 2998">
     <span class='ocr_line' id='line_1_58' title="bbox 301 2929 1875 2998; baseline -0.001 -15"><span class='ocrx_word' id='word_1_405' title='bbox 301 2930 517 2983; x_wconf 87' lang='lat' dir='ltr'><strong>inﬁrmo</strong></span> <span class='ocrx_word' id='word_1_406' title='bbox 544 2944 734 2995; x_wconf 87' lang='lat' dir='ltr'><strong>sensu,</strong></span> <span class='ocrx_word' id='word_1_407' title='bbox 778 2931 868 2984; x_wconf 90' lang='lat' dir='ltr'><strong>sed</strong></span> <span class='ocrx_word' id='word_1_408' title='bbox 903 2930 1086 2998; x_wconf 82' lang='lat' dir='ltr'><strong>plenus</strong></span> <span class='ocrx_word' id='word_1_409' title='bbox 1115 2929 1603 2989; x_wconf 69' lang='lat' dir='ltr'><strong>rationehomoiu</strong></span> <span class='ocrx_word' id='word_1_410' title='bbox 1633 2931 1875 2995; x_wconf 88' lang='lat' dir='ltr'><strong>paradiso</strong></span> 
     </span>
    </p>
   </div>
   <div class='ocr_carea' id='block_1_59' title="bbox 303 2998 1872 3069">
    <p class='ocr_par' dir='ltr' id='par_1_59' title="bbox 303 2998 1872 3069">
     <span class='ocr_line' id='line_1_59' title="bbox 303 2998 1872 3069; baseline -0.003 -15"><span class='ocrx_word' id='word_1_411' title='bbox 303 3000 555 3069; x_wconf 83' lang='lat' dir='ltr'><strong>deliquit;</strong></span> <span class='ocrx_word' id='word_1_412' title='bbox 609 3003 729 3069; x_wconf 93' lang='lat' dir='ltr'><strong>quia</strong></span> <span class='ocrx_word' id='word_1_413' title='bbox 758 3002 944 3054; x_wconf 86' lang='lat' dir='ltr'><strong>scienti</strong></span> <span class='ocrx_word' id='word_1_414' title='bbox 974 3001 1170 3053; x_wconf 89' lang='lat' dir='ltr'><strong>bonum</strong></span> <span class='ocrx_word' id='word_1_415' title='bbox 1203 3002 1375 3053; x_wconf 86' lang='lat' dir='ltr'><strong>facere</strong></span> <span class='ocrx_word' id='word_1_416' title='bbox 1405 3013 1456 3054; x_wconf 87' lang='lat' dir='ltr'><strong>et</strong></span> <span class='ocrx_word' id='word_1_417' title='bbox 1489 3016 1592 3052; x_wconf 92' lang='lat' dir='ltr'><strong>non</strong></span> <span class='ocrx_word' id='word_1_418' title='bbox 1624 2998 1872 3065; x_wconf 84' lang='lat' dir='ltr'><strong>facienti,</strong></span> 
     </span>
    </p>
   </div>
   <div class='ocr_carea' id='block_1_60' title="bbox 302 3070 1877 3139">
    <p class='ocr_par' dir='ltr' id='par_1_60' title="bbox 302 3070 1877 3139">
     <span class='ocr_line' id='line_1_60' title="bbox 302 3070 1877 3139; baseline -0.002 -15"><span class='ocrx_word' id='word_1_419' title='bbox 302 3079 576 3139; x_wconf 88' lang='lat' dir='ltr'><strong>peccatum</strong></span> <span class='ocrx_word' id='word_1_420' title='bbox 606 3083 687 3125; x_wconf 90' lang='lat' dir='ltr'><strong>est</strong></span> <span class='ocrx_word' id='word_1_421' title='bbox 728 3072 802 3125; x_wconf 92' lang='lat' dir='ltr'><strong>illi</strong></span> <span class='ocrx_word' id='word_1_422' title='bbox 851 3072 1179 3137; x_wconf 90' lang='lat' dir='ltr'><strong>imputatum.</strong></span> <span class='ocrx_word' id='word_1_423' title='bbox 1232 3070 1538 3131; x_wconf 80' lang='lat' dir='ltr'><strong>ltcnovatur</strong></span> <span class='ocrx_word' id='word_1_424' title='bbox 1565 3079 1741 3123; x_wconf 89' lang='lat' dir='ltr'><strong>autem</strong></span> <span class='ocrx_word' id='word_1_425' title='bbox 1785 3086 1877 3138; x_wconf 87' lang='lat' dir='ltr'><strong>per</strong></span> 
     </span>
    </p>
   </div>
   <div class='ocr_carea' id='block_1_61' title="bbox 302 3140 1876 3211">
    <p class='ocr_par' dir='ltr' id='par_1_61' title="bbox 302 3140 1876 3211">
     <span class='ocr_line' id='line_1_61' title="bbox 302 3140 1876 3211; baseline -0.001 -18"><span class='ocrx_word' id='word_1_426' title='bbox 302 3140 523 3209; x_wconf 75' lang='lat' dir='ltr'><strong>gratiam</strong></span> <span class='ocrx_word' id='word_1_427' title='bbox 548 3141 820 3209; x_wconf 84' lang='lat' dir='ltr'><strong>Creatoris</strong></span> <span class='ocrx_word' id='word_1_428' title='bbox 849 3141 947 3210; x_wconf 80' lang='lat' dir='ltr'><strong>qui</strong></span> <span class='ocrx_word' id='word_1_429' title='bbox 968 3157 1069 3194; x_wconf 91' lang='lat' dir='ltr'><strong>non</strong></span> <span class='ocrx_word' id='word_1_430' title='bbox 1098 3141 1282 3211; x_wconf 82' lang='lat' dir='ltr'><strong>solum</strong></span> <span class='ocrx_word' id='word_1_431' title='bbox 1315 3141 1560 3211; x_wconf 87' lang='lat' dir='ltr'><strong>parvulos</strong></span> <span class='ocrx_word' id='word_1_432' title='bbox 1599 3141 1876 3193; x_wconf 83' lang='lat' dir='ltr'><strong>coronavit</strong></span> 
     </span>
    </p>
   </div>
   <div class='ocr_carea' id='block_1_62' title="bbox 301 3210 1878 3278">
    <p class='ocr_par' dir='ltr' id='par_1_62' title="bbox 301 3210 1878 3278">
     <span class='ocr_line' id='line_1_62' title="bbox 301 3210 1878 3278; baseline -0.001 -13"><span class='ocrx_word' id='word_1_433' title='bbox 301 3211 430 3265; x_wconf 92' lang='lat' dir='ltr'><strong>dum</strong></span> <span class='ocrx_word' id='word_1_434' title='bbox 472 3220 625 3265; x_wconf 89' lang='lat' dir='ltr'><strong>natus</strong></span> <span class='ocrx_word' id='word_1_435' title='bbox 665 3220 767 3275; x_wconf 87' lang='lat' dir='ltr'><strong>est,</strong></span> <span class='ocrx_word' id='word_1_436' title='bbox 809 3226 991 3264; x_wconf 87' lang='lat' dir='ltr'><strong>verum</strong></span> <span class='ocrx_word' id='word_1_437' title='bbox 1036 3210 1194 3264; x_wconf 87' lang='lat' dir='ltr'><strong>etiam</strong></span> <span class='ocrx_word' id='word_1_438' title='bbox 1238 3210 1504 3264; x_wconf 86' lang='lat' dir='ltr'><strong>diabolum</strong></span> <span class='ocrx_word' id='word_1_439' title='bbox 1551 3212 1878 3278; x_wconf 65' lang='lat' dir='ltr'><strong>compescuit</strong></span> 
     </span>
    </p>
   </div>
   <div class='ocr_carea' id='block_1_63' title="bbox 301 3280 1880 3351">
    <p class='ocr_par' dir='ltr' id='par_1_63' title="bbox 301 3280 1880 3351">
     <span class='ocr_line' id='line_1_63' title="bbox 301 3280 1880 3351; baseline -0.002 -15"><span class='ocrx_word' id='word_1_440' title='bbox 301 3294 425 3336; x_wconf 88' lang='lat' dir='ltr'><strong>cum</strong></span> <span class='ocrx_word' id='word_1_441' title='bbox 461 3295 646 3350; x_wconf 88' lang='lat' dir='ltr'><strong>passus</strong></span> <span class='ocrx_word' id='word_1_442' title='bbox 676 3289 786 3344; x_wconf 87' lang='lat' dir='ltr'><strong>est,</strong></span> <span class='ocrx_word' id='word_1_443' title='bbox 817 3280 1064 3343; x_wconf 88' lang='lat' dir='ltr'><strong>donando</strong></span> <span class='ocrx_word' id='word_1_444' title='bbox 1106 3281 1256 3341; x_wconf 81' lang='lat' dir='ltr'><strong>uoltis</strong></span> <span class='ocrx_word' id='word_1_445' title='bbox 1294 3281 1443 3348; x_wconf 83' lang='lat' dir='ltr'><strong>quod</strong></span> <span class='ocrx_word' id='word_1_446' title='bbox 1475 3284 1585 3349; x_wconf 88' lang='lat' dir='ltr'><strong>ipse</strong></span> <span class='ocrx_word' id='word_1_447' title='bbox 1623 3283 1785 3351; x_wconf 80' lang='lat' dir='ltr'><strong>gessit</strong></span> <span class='ocrx_word' id='word_1_448' title='bbox 1829 3283 1880 3333; x_wconf 94' lang='lat' dir='ltr'><strong>in</strong></span> 
     </span>
    </p>
   </div>
   <div class='ocr_carea' id='block_1_64' title="bbox 303 3350 1881 3414">
    <p class='ocr_par' dir='ltr' id='par_1_64' title="bbox 303 3350 1881 3414">
     <span class='ocr_line' id='line_1_64' title="bbox 303 3350 1881 3414; baseline 0.001 -9"><span class='ocrx_word' id='word_1_449' title='bbox 303 3365 468 3405; x_wconf 86' lang='lat' dir='ltr'><strong>carne</strong></span> <span class='ocrx_word' id='word_1_450' title='bbox 512 3368 526 3405; x_wconf 86' lang='lat'><strong>:</strong></span> <span class='ocrx_word' id='word_1_451' title='bbox 578 3360 635 3406; x_wconf 86' lang='grc' dir='ltr'><strong>ιιι</strong></span> <span class='ocrx_word' id='word_1_452' title='bbox 685 3352 1089 3411; x_wconf 80' lang='lat' dir='ltr'><strong>resurrectionis</strong></span> <span class='ocrx_word' id='word_1_453' title='bbox 1138 3350 1379 3404; x_wconf 87' lang='lat' dir='ltr'><strong>similiter</strong></span> <span class='ocrx_word' id='word_1_454' title='bbox 1425 3350 1657 3414; x_wconf 79' lang='lat' dir='ltr'><strong>Christi,</strong></span> <span class='ocrx_word' id='word_1_455' title='bbox 1707 3351 1881 3406; x_wconf 89' lang='lat' dir='ltr'><strong>omnis</strong></span> 
     </span>
    </p>
   </div>
   <div class='ocr_carea' id='block_1_65' title="bbox 306 3421 1879 3491">
    <p class='ocr_par' dir='ltr' id='par_1_65' title="bbox 306 3421 1879 3491">
     <span class='ocr_line' id='line_1_65' title="bbox 306 3421 1879 3491; baseline -0.001 -16"><span class='ocrx_word' id='word_1_456' title='bbox 306 3423 484 3475; x_wconf 82' lang='lat' dir='ltr'><strong>anima</strong></span> <span class='ocrx_word' id='word_1_457' title='bbox 516 3437 616 3475; x_wconf 80' lang='lat' dir='ltr'><strong>xxx</strong></span> <span class='ocrx_word' id='word_1_458' title='bbox 645 3430 1112 3491; x_wconf 86' lang='lat' dir='ltr'><strong>surgatannorutn</strong></span> <span class='ocrx_word' id='word_1_459' title='bbox 1140 3431 1296 3473; x_wconf 67' lang='lat' dir='ltr'><strong>{etate</strong></span> <span class='ocrx_word' id='word_1_460' title='bbox 1324 3422 1374 3473; x_wconf 92' lang='lat' dir='ltr'><strong>in</strong></span> <span class='ocrx_word' id='word_1_461' title='bbox 1416 3422 1514 3474; x_wconf 87' lang='lat' dir='ltr'><strong>hac</strong></span> <span class='ocrx_word' id='word_1_462' title='bbox 1544 3421 1654 3488; x_wconf 91' lang='lat' dir='ltr'><strong>ipsa</strong></span> <span class='ocrx_word' id='word_1_463' title='bbox 1674 3463 1688 3486; x_wconf 96' lang='lat'><strong>,</strong></span> <span class='ocrx_word' id='word_1_464' title='bbox 1721 3436 1879 3488; x_wconf 90' lang='lat' dir='ltr'><strong>quam</strong></span> 
     </span>
    </p>
   </div>
   <div class='ocr_carea' id='block_1_66' title="bbox 306 3492 1880 3561">
    <p class='ocr_par' dir='ltr' id='par_1_66' title="bbox 306 3492 1880 3561">
     <span class='ocr_line' id='line_1_66' title="bbox 306 3492 1880 3561; baseline 0.004 -22"><span class='ocrx_word' id='word_1_465' title='bbox 306 3492 471 3561; x_wconf 74' lang='lat' dir='ltr'><strong>gessit</strong></span> <span class='ocrx_word' id='word_1_466' title='bbox 496 3492 681 3561; x_wconf 80' lang='lat' dir='ltr'><strong>vivens</strong></span> <span class='ocrx_word' id='word_1_467' title='bbox 721 3492 775 3545; x_wconf 91' lang='lat' dir='ltr'><strong>iu</strong></span> <span class='ocrx_word' id='word_1_468' title='bbox 820 3505 1063 3561; x_wconf 80' lang='lat' dir='ltr'><strong>corpore,</strong></span> <span class='ocrx_word' id='word_1_469' title='bbox 1094 3506 1284 3553; x_wconf 90' lang='lat' dir='ltr'><strong>carne;</strong></span> <span class='ocrx_word' id='word_1_470' title='bbox 1335 3502 1389 3543; x_wconf 87' lang='grc' dir='ltr'><strong>ιιι</strong></span> <span class='ocrx_word' id='word_1_471' title='bbox 1436 3492 1652 3553; x_wconf 83' lang='lat' dir='ltr'><strong>recipiat</strong></span> <span class='ocrx_word' id='word_1_472' title='bbox 1702 3508 1880 3545; x_wconf 91' lang='lat' dir='ltr'><strong>unus-</strong></span> 
     </span>
    </p>
   </div>
   <div class='ocr_carea' id='block_1_67' title="bbox 305 3560 1881 3682">
    <p class='ocr_par' dir='ltr' id='par_1_67' title="bbox 305 3560 1881 3682">
     <span class='ocr_line' id='line_1_67' title="bbox 305 3560 1881 3682; baseline 0.003 -69"><span class='ocrx_word' id='word_1_473' title='bbox 305 3560 534 3682; x_wconf 54' lang='lat' dir='ltr'><strong>qui|sqtl=e</strong></span> <span class='ocrx_word' id='word_1_474' title='bbox 555 3560 705 3647; x_wconf 80' lang='lat' dir='ltr'><strong>juxta</strong></span> <span class='ocrx_word' id='word_1_475' title='bbox 736 3560 876 3633; x_wconf 85' lang='lat' dir='ltr'><strong>quod</strong></span> <span class='ocrx_word' id='word_1_476' title='bbox 907 3564 1023 3632; x_wconf 80' lang='lat' dir='ltr'><strong>egit</strong></span> <span class='ocrx_word' id='word_1_477' title='bbox 1055 3578 1105 3615; x_wconf 91' lang='grc' dir='ltr'><strong>ιιι</strong></span> <span class='ocrx_word' id='word_1_478' title='bbox 1133 3576 1355 3630; x_wconf 89' lang='lat' dir='ltr'><strong>corpore</strong></span> <span class='ocrx_word' id='word_1_479' title='bbox 1384 3562 1499 3616; x_wconf 86' lang='lat' dir='ltr'><strong>sive</strong></span> <span class='ocrx_word' id='word_1_480' title='bbox 1540 3561 1737 3623; x_wconf 83' lang='lat' dir='ltr'><strong>bonum</strong></span> <span class='ocrx_word' id='word_1_481' title='bbox 1769 3562 1881 3617; x_wconf 86' lang='lat' dir='ltr'><strong>sive</strong></span> 
     </span>
     <span class='ocr_line' id='line_1_68' title="bbox 306 3646 526 3682; baseline 0 0"><span class='ocrx_word' id='word_1_482' title='bbox 306 3646 392 3682; x_wconf 73' lang='lat' dir='ltr'><strong>IIII</strong></span> <span class='ocrx_word' id='word_1_483' title='bbox 419 3648 467 3682; x_wconf 87' lang='grc' dir='ltr'><strong>υΙ</strong></span> <span class='ocrx_word' id='word_1_484' title='bbox 508 3668 526 3682; x_wconf 73' lang='grc' dir='ltr'><strong>ι</strong></span> 
     </span>
    </p>
   </div>
   <div class='ocr_carea' id='block_1_68' title="bbox 306 3636 605 3687">
    <p class='ocr_par' dir='ltr' id='par_1_68' title="bbox 306 3636 605 3687">
     <span class='ocr_line' id='line_1_69' title="bbox 306 3636 605 3687; baseline 0.003 -1"><span class='ocrx_word' id='word_1_485' title='bbox 306 3636 526 3687; x_wconf 78' lang='lat' dir='ltr'><strong>malum.</strong></span> <span class='ocrx_word' id='word_1_486' title='bbox 594 3638 605 3647; x_wconf 78' lang='grc'><strong>⁸</strong></span> 
     </span>
    </p>
   </div>
   <div class='ocr_carea' id='block_1_69' title="bbox 376 3700 1880 3771">
    <p class='ocr_par' dir='ltr' id='par_1_69' title="bbox 376 3700 1880 3771">
     <span class='ocr_line' id='line_1_70' title="bbox 376 3700 1880 3771; baseline 0.001 -16"><span class='ocrx_word' id='word_1_487' title='bbox 376 3700 467 3769; x_wconf 69' lang='grc'><strong>18,</strong></span> <span class='ocrx_word' id='word_1_488' title='bbox 506 3702 658 3769; x_wconf 83' lang='lat' dir='ltr'><strong>Quod</strong></span> <span class='ocrx_word' id='word_1_489' title='bbox 702 3712 876 3758; x_wconf 90' lang='lat' dir='ltr'><strong>autem</strong></span> <span class='ocrx_word' id='word_1_490' title='bbox 927 3703 1248 3771; x_wconf 88' lang='lat' dir='ltr'><strong>baptismum</strong></span> <span class='ocrx_word' id='word_1_491' title='bbox 1292 3717 1320 3755; x_wconf 91' lang='lat' dir='ltr'><strong>a</strong></span> <span class='ocrx_word' id='word_1_492' title='bbox 1370 3702 1610 3757; x_wconf 82' lang='lat' dir='ltr'><strong>Johanne</strong></span> <span class='ocrx_word' id='word_1_493' title='bbox 1639 3701 1880 3758; x_wconf 82' lang='lat' dir='ltr'><strong>Christus</strong></span> 
     </span>
    </p>
   </div>
   <div class='ocr_carea' id='block_1_70' title="bbox 308 3771 1880 3842">
    <p class='ocr_par' dir='ltr' id='par_1_70' title="bbox 308 3771 1880 3842">
     <span class='ocr_line' id='line_1_71' title="bbox 308 3771 1880 3842; baseline 0 -18"><span class='ocrx_word' id='word_1_494' title='bbox 308 3771 532 3826; x_wconf 88' lang='lat' dir='ltr'><strong>libenter</strong></span> <span class='ocrx_word' id='word_1_495' title='bbox 550 3777 851 3842; x_wconf 79' lang='lat' dir='ltr'><strong>acceperit,</strong></span> <span class='ocrx_word' id='word_1_496' title='bbox 900 3784 957 3826; x_wconf 94' lang='lat' dir='ltr'><strong>ut</strong></span> <span class='ocrx_word' id='word_1_497' title='bbox 1003 3784 1057 3826; x_wconf 96' lang='lat' dir='ltr'><strong>tu</strong></span> <span class='ocrx_word' id='word_1_498' title='bbox 1091 3789 1191 3826; x_wconf 70' lang='lat' dir='ltr'><strong>no”</strong></span> <span class='ocrx_word' id='word_1_499' title='bbox 1221 3773 1522 3841; x_wconf 79' lang='lat' dir='ltr'><strong>dedigneris</strong></span> <span class='ocrx_word' id='word_1_500' title='bbox 1562 3788 1590 3824; x_wconf 90' lang='lat' dir='ltr'><strong>a</strong></span> <span class='ocrx_word' id='word_1_501' title='bbox 1621 3787 1880 3826; x_wconf 82' lang='lat' dir='ltr'><strong>conservo</strong></span> 
     </span>
    </p>
   </div>
   <div class='ocr_carea' id='block_1_71' title="bbox 305 3842 1880 3911">
    <p class='ocr_par' dir='ltr' id='par_1_71' title="bbox 305 3842 1880 3911">
     <span class='ocr_line' id='line_1_72' title="bbox 305 3842 1880 3911; baseline 0.001 -17"><span class='ocrx_word' id='word_1_502' title='bbox 305 3844 599 3911; x_wconf 82' lang='lat' dir='ltr'><strong>suscipere.</strong></span> <span class='ocrx_word' id='word_1_503' title='bbox 650 3843 763 3898; x_wconf 82' lang='lat' dir='ltr'><strong>Non</strong></span> <span class='ocrx_word' id='word_1_504' title='bbox 810 3842 1035 3907; x_wconf 87' lang='lat' dir='ltr'><strong>debitor,</strong></span> <span class='ocrx_word' id='word_1_505' title='bbox 1061 3844 1148 3897; x_wconf 58' lang='lat' dir='ltr'><strong>sed</strong></span> <span class='ocrx_word' id='word_1_506' title='bbox 1195 3843 1467 3905; x_wconf 79' lang='lat' dir='ltr'><strong>Dominus,</strong></span> <span class='ocrx_word' id='word_1_507' title='bbox 1514 3844 1631 3895; x_wconf 89' lang='lat' dir='ltr'><strong>sine</strong></span> <span class='ocrx_word' id='word_1_508' title='bbox 1666 3853 1880 3911; x_wconf 73' lang='lat' dir='ltr'><strong>peccato</strong></span> 
     </span>
    </p>
   </div>
   <div class='ocr_carea' id='block_1_72' title="bbox 306 3910 1878 3981">
    <p class='ocr_par' dir='ltr' id='par_1_72' title="bbox 306 3910 1878 3981">
     <span class='ocr_line' id='line_1_73' title="bbox 306 3910 1878 3981; baseline -0.001 -17"><span class='ocrx_word' id='word_1_509' title='bbox 306 3910 519 3967; x_wconf 87' lang='lat' dir='ltr'><strong>sumere</strong></span> <span class='ocrx_word' id='word_1_510' title='bbox 547 3913 711 3966; x_wconf 90' lang='lat' dir='ltr'><strong>voluit</strong></span> <span class='ocrx_word' id='word_1_511' title='bbox 754 3929 783 3967; x_wconf 91' lang='lat' dir='ltr'><strong>a</strong></span> <span class='ocrx_word' id='word_1_512' title='bbox 828 3929 1021 3981; x_wconf 83' lang='lat' dir='ltr'><strong>servo;</strong></span> <span class='ocrx_word' id='word_1_513' title='bbox 1078 3923 1134 3966; x_wconf 93' lang='grc' dir='ltr'><strong>ιιι</strong></span> <span class='ocrx_word' id='word_1_514' title='bbox 1163 3914 1298 3965; x_wconf 90' lang='lat' dir='ltr'><strong>inter</strong></span> <span class='ocrx_word' id='word_1_515' title='bbox 1329 3913 1437 3981; x_wconf 64' lang='lat' dir='ltr'><strong>ipsa</strong></span> <span class='ocrx_word' id='word_1_516' title='bbox 1473 3911 1664 3965; x_wconf 88' lang='lat' dir='ltr'><strong>ﬁueuta</strong></span> <span class='ocrx_word' id='word_1_517' title='bbox 1695 3910 1878 3965; x_wconf 83' lang='lat' dir='ltr'><strong>Jorda-</strong></span> 
     </span>
    </p>
   </div>
   <div class='ocr_carea' id='block_1_73' title="bbox 308 3981 1880 4051">
    <p class='ocr_par' dir='ltr' id='par_1_73' title="bbox 308 3981 1880 4051">
     <span class='ocr_line' id='line_1_74' title="bbox 308 3981 1880 4051; baseline 0.001 -18"><span class='ocrx_word' id='word_1_518' title='bbox 308 3983 390 4035; x_wconf 91' lang='lat' dir='ltr'><strong>nis</strong></span> <span class='ocrx_word' id='word_1_519' title='bbox 416 3996 575 4051; x_wconf 83' lang='lat' dir='ltr'><strong>super</strong></span> <span class='ocrx_word' id='word_1_520' title='bbox 606 3999 767 4037; x_wconf 90' lang='lat' dir='ltr'><strong>uuutn</strong></span> <span class='ocrx_word' id='word_1_521' title='bbox 797 3987 1141 4047; x_wconf 80' lang='lat' dir='ltr'><strong>mediatoretn</strong></span> <span class='ocrx_word' id='word_1_522' title='bbox 1172 3983 1261 4045; x_wconf 82' lang='lat' dir='ltr'><strong>Dei</strong></span> <span class='ocrx_word' id='word_1_523' title='bbox 1289 3990 1343 4035; x_wconf 89' lang='lat' dir='ltr'><strong>et</strong></span> <span class='ocrx_word' id='word_1_524' title='bbox 1368 3992 1419 4034; x_wconf 90' lang='lat' dir='ltr'><strong>et</strong></span> <span class='ocrx_word' id='word_1_525' title='bbox 1453 3981 1726 4037; x_wconf 85' lang='lat' dir='ltr'><strong>hominum</strong></span> <span class='ocrx_word' id='word_1_526' title='bbox 1756 3996 1880 4047; x_wconf 82' lang='lat' dir='ltr'><strong>san-</strong></span> 
     </span>
    </p>
   </div>
   <div class='ocr_carea' id='block_1_74' title="bbox 306 4052 1878 4116">
    <p class='ocr_par' dir='ltr' id='par_1_74' title="bbox 306 4052 1878 4116">
     <span class='ocr_line' id='line_1_75' title="bbox 306 4052 1878 4116; baseline 0.002 -12"><span class='ocrx_word' id='word_1_527' title='bbox 306 4063 408 4105; x_wconf 66' lang='lat' dir='ltr'><strong>cta</strong></span> <span class='ocrx_word' id='word_1_528' title='bbox 452 4053 727 4108; x_wconf 85' lang='lat' dir='ltr'><strong>Trinitatis</strong></span> <span class='ocrx_word' id='word_1_529' title='bbox 773 4055 1133 4109; x_wconf 81' lang='lat' dir='ltr'><strong>declararetur</strong></span> <span class='ocrx_word' id='word_1_530' title='bbox 1188 4052 1507 4116; x_wconf 85' lang='lat' dir='ltr'><strong>auctoritas;</strong></span> <span class='ocrx_word' id='word_1_531' title='bbox 1558 4052 1682 4105; x_wconf 90' lang='lat' dir='ltr'><strong>dum</strong></span> <span class='ocrx_word' id='word_1_532' title='bbox 1741 4052 1878 4107; x_wconf 84' lang='lat' dir='ltr'><strong>Deus</strong></span> 
     </span>
    </p>
   </div>
   <div class='ocr_carea' id='block_1_75' title="bbox 308 4121 1878 4190">
    <p class='ocr_par' dir='ltr' id='par_1_75' title="bbox 308 4121 1878 4190">
     <span class='ocr_line' id='line_1_76' title="bbox 308 4121 1878 4190; baseline 0.002 -16"><span class='ocrx_word' id='word_1_533' title='bbox 308 4121 465 4177; x_wconf 85' lang='lat' dir='ltr'><strong>Pater</strong></span> <span class='ocrx_word' id='word_1_534' title='bbox 498 4126 549 4177; x_wconf 92' lang='lat' dir='ltr'><strong>in</strong></span> <span class='ocrx_word' id='word_1_535' title='bbox 581 4138 732 4187; x_wconf 90' lang='lat' dir='ltr'><strong>voce,</strong></span> <span class='ocrx_word' id='word_1_536' title='bbox 766 4123 928 4178; x_wconf 88' lang='lat' dir='ltr'><strong>Filius</strong></span> <span class='ocrx_word' id='word_1_537' title='bbox 969 4126 1019 4178; x_wconf 89' lang='lat' dir='ltr'><strong>in</strong></span> <span class='ocrx_word' id='word_1_538' title='bbox 1061 4122 1295 4184; x_wconf 85' lang='lat' dir='ltr'><strong>homine,</strong></span> <span class='ocrx_word' id='word_1_539' title='bbox 1329 4123 1549 4190; x_wconf 74' lang='lat' dir='ltr'><strong>Spiritus</strong></span> <span class='ocrx_word' id='word_1_540' title='bbox 1578 4129 1793 4181; x_wconf 83' lang='lat' dir='ltr'><strong>sanctus</strong></span> <span class='ocrx_word' id='word_1_541' title='bbox 1824 4125 1878 4177; x_wconf 88' lang='lat' dir='ltr'><strong>in</strong></span> 
     </span>
    </p>
   </div>
   <div class='ocr_carea' id='block_1_76' title="bbox 305 4191 1875 4261">
    <p class='ocr_par' dir='ltr' id='par_1_76' title="bbox 305 4191 1875 4261">
     <span class='ocr_line' id='line_1_77' title="bbox 305 4191 1875 4261; baseline -0.001 -16"><span class='ocrx_word' id='word_1_542' title='bbox 305 4194 564 4248; x_wconf 75' lang='lat' dir='ltr'><strong>columba:</strong></span> <span class='ocrx_word' id='word_1_543' title='bbox 604 4191 780 4261; x_wconf 82' lang='lat' dir='ltr'><strong>specie</strong></span> <span class='ocrx_word' id='word_1_544' title='bbox 814 4199 1269 4258; x_wconf 82' lang='lat' dir='ltr'><strong>demonstrantur,</strong></span> <span class='ocrx_word' id='word_1_545' title='bbox 1315 4209 1414 4245; x_wconf 85' lang='lat' dir='ltr'><strong>una</strong></span> <span class='ocrx_word' id='word_1_546' title='bbox 1457 4192 1704 4246; x_wconf 83' lang='lat' dir='ltr'><strong>divinitas</strong></span> <span class='ocrx_word' id='word_1_547' title='bbox 1745 4207 1875 4255; x_wconf 71' lang='lat' dir='ltr'><strong>con-</strong></span> 
     </span>
    </p>
   </div>
   <div class='ocr_carea' id='block_1_77' title="bbox 306 4263 1876 4337">
    <p class='ocr_par' dir='ltr' id='par_1_77' title="bbox 306 4263 1876 4337">
     <span class='ocr_line' id='line_1_78' title="bbox 306 4263 1876 4337; baseline -0.001 -21"><span class='ocrx_word' id='word_1_548' title='bbox 306 4274 537 4337; x_wconf 77' lang='lat' dir='ltr'><strong>stanset</strong></span> <span class='ocrx_word' id='word_1_549' title='bbox 567 4264 789 4331; x_wconf 69' lang='lat' dir='ltr'><strong>inditisa</strong></span> <span class='ocrx_word' id='word_1_550' title='bbox 820 4265 989 4319; x_wconf 81' lang='lat' dir='ltr'><strong>deitas</strong></span> <span class='ocrx_word' id='word_1_551' title='bbox 1017 4276 1174 4337; x_wconf 74' lang='lat' dir='ltr'><strong>atque</strong></span> <span class='ocrx_word' id='word_1_552' title='bbox 1207 4263 1659 4337; x_wconf 82' lang='lat' dir='ltr'><strong>majestas._Quod</strong></span> <span class='ocrx_word' id='word_1_553' title='bbox 1686 4272 1876 4337; x_wconf 67' lang='lat' dir='ltr'><strong>autem</strong></span> 
     </span>
    </p>
   </div>
   <div class='ocr_carea' id='block_1_78' title="bbox 305 4332 1877 4404">
    <p class='ocr_par' dir='ltr' id='par_1_78' title="bbox 305 4332 1877 4404">
     <span class='ocr_line' id='line_1_79' title="bbox 305 4332 1877 4404; baseline -0.001 -18"><span class='ocrx_word' id='word_1_554' title='bbox 305 4335 373 4387; x_wconf 89' lang='lat' dir='ltr'><strong>ab</strong></span> <span class='ocrx_word' id='word_1_555' title='bbox 400 4334 589 4403; x_wconf 89' lang='lat' dir='ltr'><strong>spiritu</strong></span> <span class='ocrx_word' id='word_1_556' title='bbox 616 4337 866 4404; x_wconf 86' lang='lat' dir='ltr'><strong>expulsus</strong></span> <span class='ocrx_word' id='word_1_557' title='bbox 894 4346 975 4387; x_wconf 91' lang='lat' dir='ltr'><strong>est</strong></span> <span class='ocrx_word' id='word_1_558' title='bbox 1016 4334 1067 4398; x_wconf 84' lang='lat' dir='ltr'><strong>in</strong></span> <span class='ocrx_word' id='word_1_559' title='bbox 1096 4332 1377 4389; x_wconf 85' lang='lat' dir='ltr'><strong>desertum</strong></span> <span class='ocrx_word' id='word_1_560' title='bbox 1401 4376 1415 4400; x_wconf 88' lang='lat'><strong>,</strong></span> <span class='ocrx_word' id='word_1_561' title='bbox 1451 4332 1499 4386; x_wconf 88' lang='lat' dir='ltr'><strong>id</strong></span> <span class='ocrx_word' id='word_1_562' title='bbox 1531 4342 1613 4386; x_wconf 86' lang='lat' dir='ltr'><strong>est</strong></span> <span class='ocrx_word' id='word_1_563' title='bbox 1644 4332 1770 4387; x_wconf 79' lang='lat' dir='ltr'><strong>caro</strong></span> <span class='ocrx_word' id='word_1_564' title='bbox 1799 4333 1877 4397; x_wconf 76' lang='lat' dir='ltr'><strong>fa,-</strong></span> 
     </span>
    </p>
   </div>
   <div class='ocr_carea' id='block_1_79' title="bbox 307 4404 1871 4474">
    <p class='ocr_par' dir='ltr' id='par_1_79' title="bbox 307 4404 1871 4474">
     <span class='ocr_line' id='line_1_80' title="bbox 307 4404 1871 4474; baseline -0.001 -16"><span class='ocrx_word' id='word_1_565' title='bbox 307 4414 422 4458; x_wconf 91' lang='lat' dir='ltr'><strong>ctus</strong></span> <span class='ocrx_word' id='word_1_566' title='bbox 454 4409 635 4471; x_wconf 90' lang='lat' dir='ltr'><strong>homo,</strong></span> <span class='ocrx_word' id='word_1_567' title='bbox 660 4420 816 4474; x_wconf 91' lang='lat' dir='ltr'><strong>quam</strong></span> <span class='ocrx_word' id='word_1_568' title='bbox 844 4415 1137 4473; x_wconf 89' lang='lat' dir='ltr'><strong>sumpserat</strong></span> <span class='ocrx_word' id='word_1_569' title='bbox 1174 4418 1389 4470; x_wconf 85' lang='lat' dir='ltr'><strong>propter</strong></span> <span class='ocrx_word' id='word_1_570' title='bbox 1416 4412 1648 4461; x_wconf 89' lang='lat' dir='ltr'><strong>veterem</strong></span> <span class='ocrx_word' id='word_1_571' title='bbox 1679 4404 1871 4467; x_wconf 80' lang='lat' dir='ltr'><strong>Adam,</strong></span> 
     </span>
    </p>
   </div>
   <div class='ocr_carea' id='block_1_80' title="bbox 1974 1874 3543 1946">
    <p class='ocr_par' dir='ltr' id='par_1_80' title="bbox 1974 1874 3543 1946">
     <span class='ocr_line' id='line_1_81' title="bbox 1974 1874 3543 1946; baseline -0.002 -18"><span class='ocrx_word' id='word_1_572' title='bbox 1974 1878 2274 1945; x_wconf 82' lang='lat' dir='ltr'><strong>episcopus.</strong></span> <span class='ocrx_word' id='word_1_573' title='bbox 2319 1876 2427 1932; x_wconf 84' lang='lat' dir='ltr'><strong>llos</strong></span> <span class='ocrx_word' id='word_1_574' title='bbox 2469 1886 2670 1946; x_wconf 88' lang='lat' dir='ltr'><strong>septem</strong></span> <span class='ocrx_word' id='word_1_575' title='bbox 2713 1877 2909 1944; x_wconf 87' lang='lat' dir='ltr'><strong>gradus</strong></span> <span class='ocrx_word' id='word_1_576' title='bbox 2950 1875 3196 1943; x_wconf 83' lang='lat' dir='ltr'><strong>implevit.</strong></span> <span class='ocrx_word' id='word_1_577' title='bbox 3216 1874 3543 1929; x_wconf 73' lang='lat' dir='ltr'><strong>Lluistusiu</strong></span> 
     </span>
    </p>
   </div>
   <div class='ocr_carea' id='block_1_81' title="bbox 1973 1946 3545 2015">
    <p class='ocr_par' dir='ltr' id='par_1_81' title="bbox 1973 1946 3545 2015">
     <span class='ocr_line' id='line_1_82' title="bbox 1973 1946 3545 2015; baseline 0 -18"><span class='ocrx_word' id='word_1_578' title='bbox 1973 1957 2153 2007; x_wconf 85' lang='lat' dir='ltr'><strong>carne.</strong></span> <span class='ocrx_word' id='word_1_579' title='bbox 2191 1948 2322 2006; x_wconf 79' lang='lat' dir='ltr'><strong>Nam</strong></span> <span class='ocrx_word' id='word_1_580' title='bbox 2352 1947 2607 2001; x_wconf 83' lang='lat' dir='ltr'><strong>ostiarius</strong></span> <span class='ocrx_word' id='word_1_581' title='bbox 2630 1947 2746 2010; x_wconf 86' lang='lat' dir='ltr'><strong>fuit,</strong></span> <span class='ocrx_word' id='word_1_582' title='bbox 2779 1946 2994 2015; x_wconf 85' lang='lat' dir='ltr'><strong>quando</strong></span> <span class='ocrx_word' id='word_1_583' title='bbox 3021 1946 3397 2015; x_wconf 63' lang='lat' dir='ltr'><strong>ostiumarcre</strong></span> <span class='ocrx_word' id='word_1_584' title='bbox 3418 1958 3545 2007; x_wconf 85' lang='lat' dir='ltr'><strong>ape-</strong></span> 
     </span>
    </p>
   </div>
   <div class='ocr_carea' id='block_1_82' title="bbox 1974 2014 3543 2082">
    <p class='ocr_par' dir='ltr' id='par_1_82' title="bbox 1974 2014 3543 2082">
     <span class='ocr_line' id='line_1_83' title="bbox 1974 2014 3543 2082; baseline 0.001 -15"><span class='ocrx_word' id='word_1_585' title='bbox 1974 2017 2098 2082; x_wconf 90' lang='lat' dir='ltr'><strong>ruit,</strong></span> <span class='ocrx_word' id='word_1_586' title='bbox 2134 2025 2187 2071; x_wconf 90' lang='lat' dir='ltr'><strong>et</strong></span> <span class='ocrx_word' id='word_1_587' title='bbox 2216 2018 2406 2072; x_wconf 84' lang='lat' dir='ltr'><strong>iterum</strong></span> <span class='ocrx_word' id='word_1_588' title='bbox 2436 2017 2643 2077; x_wconf 76' lang='lat' dir='ltr'><strong>clausit.</strong></span> <span class='ocrx_word' id='word_1_589' title='bbox 2680 2014 2956 2079; x_wconf 86' lang='lat' dir='ltr'><strong>Fossarius</strong></span> <span class='ocrx_word' id='word_1_590' title='bbox 2988 2015 3083 2069; x_wconf 91' lang='lat' dir='ltr'><strong>fuit</strong></span> <span class='ocrx_word' id='word_1_591' title='bbox 3126 2015 3338 2081; x_wconf 89' lang='lat' dir='ltr'><strong>quando</strong></span> <span class='ocrx_word' id='word_1_592' title='bbox 3383 2014 3543 2068; x_wconf 72' lang='lat' dir='ltr'><strong>Lau-</strong></span> 
     </span>
    </p>
   </div>
   <div class='ocr_carea' id='block_1_83' title="bbox 1974 2084 3543 2155">
    <p class='ocr_par' dir='ltr' id='par_1_83' title="bbox 1974 2084 3543 2155">
     <span class='ocr_line' id='line_1_84' title="bbox 1974 2084 3543 2155; baseline 0 -19"><span class='ocrx_word' id='word_1_593' title='bbox 1974 2098 2091 2139; x_wconf 91' lang='lat' dir='ltr'><strong>rntn</strong></span> <span class='ocrx_word' id='word_1_594' title='bbox 2122 2086 2187 2140; x_wconf 92' lang='lat' dir='ltr'><strong>de</strong></span> <span class='ocrx_word' id='word_1_595' title='bbox 2220 2100 2582 2151; x_wconf 86' lang='lat' dir='ltr'><strong>monumento,</strong></span> <span class='ocrx_word' id='word_1_596' title='bbox 2615 2095 2802 2155; x_wconf 87' lang='lat' dir='ltr'><strong>quarto</strong></span> <span class='ocrx_word' id='word_1_597' title='bbox 2832 2084 2919 2139; x_wconf 86' lang='lat' dir='ltr'><strong>die</strong></span> <span class='ocrx_word' id='word_1_598' title='bbox 2943 2087 3051 2153; x_wconf 87' lang='lat' dir='ltr'><strong>jam</strong></span> <span class='ocrx_word' id='word_1_599' title='bbox 3083 2085 3320 2138; x_wconf 73' lang='lat' dir='ltr'><strong>fcetidum</strong></span> <span class='ocrx_word' id='word_1_600' title='bbox 3351 2097 3543 2155; x_wconf 78' lang='lat' dir='ltr'><strong>evoca-</strong></span> 
     </span>
    </p>
   </div>
   <div class='ocr_carea' id='block_1_84' title="bbox 1974 2154 3545 2224">
    <p class='ocr_par' dir='ltr' id='par_1_84' title="bbox 1974 2154 3545 2224">
     <span class='ocr_line' id='line_1_85' title="bbox 1974 2154 3545 2224; baseline -0.001 -17"><span class='ocrx_word' id='word_1_601' title='bbox 1974 2156 2068 2210; x_wconf 85' lang='lat' dir='ltr'><strong>vit.</strong></span> <span class='ocrx_word' id='word_1_602' title='bbox 2122 2155 2311 2210; x_wconf 88' lang='lat' dir='ltr'><strong>Lector</strong></span> <span class='ocrx_word' id='word_1_603' title='bbox 2360 2156 2469 2210; x_wconf 85' lang='lat' dir='ltr'><strong>fuit.</strong></span> <span class='ocrx_word' id='word_1_604' title='bbox 2500 2154 2712 2224; x_wconf 88' lang='lat' dir='ltr'><strong>quando</strong></span> <span class='ocrx_word' id='word_1_605' title='bbox 2753 2156 2943 2210; x_wconf 90' lang='lat' dir='ltr'><strong>librum</strong></span> <span class='ocrx_word' id='word_1_606' title='bbox 2988 2155 3154 2209; x_wconf 71' lang='lat' dir='ltr'><strong>Esaia:</strong></span> <span class='ocrx_word' id='word_1_607' title='bbox 3188 2154 3545 2223; x_wconf 65' lang='lat' dir='ltr'><strong>prophetaein</strong></span> 
     </span>
    </p>
   </div>
   <div class='ocr_carea' id='block_1_85' title="bbox 1975 2224 3545 2297">
    <p class='ocr_par' dir='ltr' id='par_1_85' title="bbox 1975 2224 3545 2297">
     <span class='ocr_line' id='line_1_86' title="bbox 1975 2224 3545 2297; baseline 0 -20"><span class='ocrx_word' id='word_1_608' title='bbox 1975 2225 2154 2297; x_wconf 87' lang='lat' dir='ltr'><strong>medio</strong></span> <span class='ocrx_word' id='word_1_609' title='bbox 2182 2227 2536 2297; x_wconf 81' lang='lat' dir='ltr'><strong>synagogaein</strong></span> <span class='ocrx_word' id='word_1_610' title='bbox 2567 2241 2720 2280; x_wconf 91' lang='lat' dir='ltr'><strong>aures</strong></span> <span class='ocrx_word' id='word_1_611' title='bbox 2750 2226 2887 2297; x_wconf 77' lang='lat' dir='ltr'><strong>plebi</strong></span> <span class='ocrx_word' id='word_1_612' title='bbox 2920 2224 3317 2297; x_wconf 74' lang='lat' dir='ltr'><strong>aperuit,legit,</strong></span> <span class='ocrx_word' id='word_1_613' title='bbox 3341 2234 3395 2279; x_wconf 90' lang='lat' dir='ltr'><strong>et</strong></span> <span class='ocrx_word' id='word_1_614' title='bbox 3422 2237 3545 2297; x_wconf 78' lang='lat' dir='ltr'><strong>cum</strong></span> 
     </span>
    </p>
   </div>
   <div class='ocr_carea' id='block_1_86' title="bbox 1980 2292 3549 2363">
    <p class='ocr_par' dir='ltr' id='par_1_86' title="bbox 1980 2292 3549 2363">
     <span class='ocr_line' id='line_1_87' title="bbox 1980 2292 3549 2363; baseline -0.001 -16"><span class='ocrx_word' id='word_1_615' title='bbox 1980 2292 2354 2363; x_wconf 40' lang='lat' dir='ltr'><strong>replicuissetf,</strong></span> <span class='ocrx_word' id='word_1_616' title='bbox 2388 2292 2653 2350; x_wconf 56' lang='lat' dir='ltr'><strong>&#39;miuistro</strong></span> <span class='ocrx_word' id='word_1_617' title='bbox 2720 2292 2965 2349; x_wconf 59' lang='lat' dir='ltr'><strong>tradidit.</strong></span> <span class='ocrx_word' id='word_1_618' title='bbox 3023 2295 3398 2355; x_wconf 76' lang='lat' dir='ltr'><strong>Subdiaconus</strong></span> <span class='ocrx_word' id='word_1_619' title='bbox 3451 2292 3549 2348; x_wconf 87' lang='lat' dir='ltr'><strong>fuit</strong></span> 
     </span>
    </p>
   </div>
   <div class='ocr_carea' id='block_1_87' title="bbox 1977 2363 3548 2434">
    <p class='ocr_par' dir='ltr' id='par_1_87' title="bbox 1977 2363 3548 2434">
     <span class='ocr_line' id='line_1_88' title="bbox 1977 2363 3548 2434; baseline -0.001 -18"><span class='ocrx_word' id='word_1_620' title='bbox 1977 2366 2190 2431; x_wconf 88' lang='lat' dir='ltr'><strong>quando</strong></span> <span class='ocrx_word' id='word_1_621' title='bbox 2234 2380 2425 2434; x_wconf 87' lang='lat' dir='ltr'><strong>aquam</strong></span> <span class='ocrx_word' id='word_1_622' title='bbox 2476 2367 2527 2420; x_wconf 92' lang='lat' dir='ltr'><strong>iu</strong></span> <span class='ocrx_word' id='word_1_623' title='bbox 2576 2364 2771 2433; x_wconf 90' lang='lat' dir='ltr'><strong>plevim</strong></span> <span class='ocrx_word' id='word_1_624' title='bbox 2818 2366 2980 2426; x_wconf 76' lang='lat' dir='ltr'><strong>misit,</strong></span> <span class='ocrx_word' id='word_1_625' title='bbox 3031 2374 3085 2419; x_wconf 89' lang='lat' dir='ltr'><strong>et</strong></span> <span class='ocrx_word' id='word_1_626' title='bbox 3138 2363 3409 2418; x_wconf 84' lang='lat' dir='ltr'><strong>humiliter</strong></span> <span class='ocrx_word' id='word_1_627' title='bbox 3452 2378 3548 2417; x_wconf 86' lang='lat' dir='ltr'><strong>sua</strong></span> 
     </span>
    </p>
   </div>
   <div class='ocr_carea' id='block_1_88' title="bbox 1980 2434 3551 2503">
    <p class='ocr_par' dir='ltr' id='par_1_88' title="bbox 1980 2434 3551 2503">
     <span class='ocr_line' id='line_1_89' title="bbox 1980 2434 3551 2503; baseline 0 -16"><span class='ocrx_word' id='word_1_628' title='bbox 1980 2445 2172 2502; x_wconf 91' lang='lat' dir='ltr'><strong>sponte</strong></span> <span class='ocrx_word' id='word_1_629' title='bbox 2195 2435 2356 2503; x_wconf 91' lang='lat' dir='ltr'><strong>pedes</strong></span> <span class='ocrx_word' id='word_1_630' title='bbox 2377 2436 2751 2503; x_wconf 88' lang='lat' dir='ltr'><strong>discipulorum</strong></span> <span class='ocrx_word' id='word_1_631' title='bbox 2777 2437 2918 2490; x_wconf 90' lang='lat' dir='ltr'><strong>lavit.</strong></span> <span class='ocrx_word' id='word_1_632' title='bbox 2937 2434 3199 2489; x_wconf 89' lang='lat' dir='ltr'><strong>Diacouus</strong></span> <span class='ocrx_word' id='word_1_633' title='bbox 3223 2435 3319 2489; x_wconf 86' lang='lat' dir='ltr'><strong>fuit</strong></span> <span class='ocrx_word' id='word_1_634' title='bbox 3338 2435 3551 2502; x_wconf 90' lang='lat' dir='ltr'><strong>quando</strong></span> 
     </span>
    </p>
   </div>
   <div class='ocr_carea' id='block_1_89' title="bbox 1976 2504 3545 2573">
    <p class='ocr_par' dir='ltr' id='par_1_89' title="bbox 1976 2504 3545 2573">
     <span class='ocr_line' id='line_1_90' title="bbox 1976 2504 3545 2573; baseline -0.003 -14"><span class='ocrx_word' id='word_1_635' title='bbox 1976 2504 2195 2563; x_wconf 85' lang='lat' dir='ltr'><strong>calicem</strong></span> <span class='ocrx_word' id='word_1_636' title='bbox 2244 2505 2536 2570; x_wconf 81' lang='lat' dir='ltr'><strong>benedixit,</strong></span> <span class='ocrx_word' id='word_1_637' title='bbox 2586 2518 2639 2561; x_wconf 89' lang='lat' dir='ltr'><strong>et</strong></span> <span class='ocrx_word' id='word_1_638' title='bbox 2687 2507 2939 2573; x_wconf 88' lang='lat' dir='ltr'><strong>apostolis</strong></span> <span class='ocrx_word' id='word_1_639' title='bbox 2983 2507 3096 2557; x_wconf 83' lang='lat' dir='ltr'><strong>suis</strong></span> <span class='ocrx_word' id='word_1_640' title='bbox 3140 2504 3545 2559; x_wconf 69' lang='lat' dir='ltr'><strong>adhibendum</strong></span> 
     </span>
    </p>
   </div>
   <div class='ocr_carea' id='block_1_90' title="bbox 1976 2573 3552 2643">
    <p class='ocr_par' dir='ltr' id='par_1_90' title="bbox 1976 2573 3552 2643">
     <span class='ocr_line' id='line_1_91' title="bbox 1976 2573 3552 2643; baseline -0.001 -17"><span class='ocrx_word' id='word_1_641' title='bbox 1976 2575 2235 2642; x_wconf 83' lang='lat' dir='ltr'><strong>porrexit.</strong></span> <span class='ocrx_word' id='word_1_642' title='bbox 2276 2573 2558 2643; x_wconf 87' lang='lat' dir='ltr'><strong>Presbyter</strong></span> <span class='ocrx_word' id='word_1_643' title='bbox 2598 2576 2695 2628; x_wconf 86' lang='lat' dir='ltr'><strong>fuit</strong></span> <span class='ocrx_word' id='word_1_644' title='bbox 2725 2575 2936 2643; x_wconf 90' lang='lat' dir='ltr'><strong>quando</strong></span> <span class='ocrx_word' id='word_1_645' title='bbox 2968 2590 3158 2639; x_wconf 90' lang='lat' dir='ltr'><strong>panem</strong></span> <span class='ocrx_word' id='word_1_646' title='bbox 3200 2574 3468 2629; x_wconf 87' lang='lat' dir='ltr'><strong>benedixit</strong></span> <span class='ocrx_word' id='word_1_647' title='bbox 3495 2586 3552 2629; x_wconf 86' lang='lat' dir='ltr'><strong>et</strong></span> 
     </span>
    </p>
   </div>
   <div class='ocr_carea' id='block_1_91' title="bbox 1982 2644 3555 2714">
    <p class='ocr_par' dir='ltr' id='par_1_91' title="bbox 1982 2644 3555 2714">
     <span class='ocr_line' id='line_1_92' title="bbox 1982 2644 3555 2714; baseline 0 -17"><span class='ocrx_word' id='word_1_648' title='bbox 1982 2644 2061 2697; x_wconf 91' lang='lat' dir='ltr'><strong>eis</strong></span> <span class='ocrx_word' id='word_1_649' title='bbox 2087 2645 2331 2700; x_wconf 89' lang='lat' dir='ltr'><strong>similiter</strong></span> <span class='ocrx_word' id='word_1_650' title='bbox 2360 2645 2594 2704; x_wconf 88' lang='lat' dir='ltr'><strong>tradidit.</strong></span> <span class='ocrx_word' id='word_1_651' title='bbox 2629 2646 2921 2714; x_wconf 82' lang='lat' dir='ltr'><strong>EpiscOpus</strong></span> <span class='ocrx_word' id='word_1_652' title='bbox 2948 2645 3046 2698; x_wconf 90' lang='lat' dir='ltr'><strong>fuit</strong></span> <span class='ocrx_word' id='word_1_653' title='bbox 3081 2644 3295 2711; x_wconf 90' lang='lat' dir='ltr'><strong>quando</strong></span> <span class='ocrx_word' id='word_1_654' title='bbox 3326 2647 3381 2698; x_wconf 87' lang='lat' dir='ltr'><strong>in</strong></span> <span class='ocrx_word' id='word_1_655' title='bbox 3408 2655 3555 2698; x_wconf 89' lang='lat' dir='ltr'><strong>tem-</strong></span> 
     </span>
    </p>
   </div>
   <div class='ocr_carea' id='block_1_92' title="bbox 1978 2714 3555 2785">
    <p class='ocr_par' dir='ltr' id='par_1_92' title="bbox 1978 2714 3555 2785">
     <span class='ocr_line' id='line_1_93' title="bbox 1978 2714 3555 2785; baseline 0.001 -19"><span class='ocrx_word' id='word_1_656' title='bbox 1978 2716 2065 2785; x_wconf 83' lang='lat' dir='ltr'><strong>plo</strong></span> <span class='ocrx_word' id='word_1_657' title='bbox 2108 2717 2351 2785; x_wconf 85' lang='lat' dir='ltr'><strong>populos,</strong></span> <span class='ocrx_word' id='word_1_658' title='bbox 2394 2715 2533 2770; x_wconf 90' lang='lat' dir='ltr'><strong>sicut</strong></span> <span class='ocrx_word' id='word_1_659' title='bbox 2572 2722 2885 2785; x_wconf 77' lang='lat' dir='ltr'><strong>potestatem</strong></span> <span class='ocrx_word' id='word_1_660' title='bbox 2930 2715 3151 2779; x_wconf 86' lang='lat' dir='ltr'><strong>habens,</strong></span> <span class='ocrx_word' id='word_1_661' title='bbox 3196 2729 3416 2783; x_wconf 83' lang='lat' dir='ltr'><strong>regnum</strong></span> <span class='ocrx_word' id='word_1_662' title='bbox 3461 2714 3555 2767; x_wconf 90' lang='lat' dir='ltr'><strong>Dei</strong></span> 
     </span>
    </p>
   </div>
   <div class='ocr_carea' id='block_1_93' title="bbox 1978 2783 3553 2856">
    <p class='ocr_par' dir='ltr' id='par_1_93' title="bbox 1978 2783 3553 2856">
     <span class='ocr_line' id='line_1_94' title="bbox 1978 2783 3553 2856; baseline -0.001 -19"><span class='ocrx_word' id='word_1_663' title='bbox 1978 2783 2219 2847; x_wconf 84' lang='lat' dir='ltr'><strong>docebat.</strong></span> <span class='ocrx_word' id='word_1_664' title='bbox 2276 2786 2339 2840; x_wconf 87' lang='lat' dir='ltr'><strong>Et</strong></span> <span class='ocrx_word' id='word_1_665' title='bbox 2390 2784 2504 2846; x_wconf 68' lang='lat' dir='ltr'><strong>base</strong></span> <span class='ocrx_word' id='word_1_666' title='bbox 2555 2783 2772 2856; x_wconf 78' lang='lat' dir='ltr'><strong>quidem</strong></span> <span class='ocrx_word' id='word_1_667' title='bbox 2819 2786 2981 2847; x_wconf 86' lang='lat' dir='ltr'><strong>etiam</strong></span> <span class='ocrx_word' id='word_1_668' title='bbox 3035 2793 3262 2843; x_wconf 82' lang='lat' dir='ltr'><strong>sanctus,</strong></span> <span class='ocrx_word' id='word_1_669' title='bbox 3311 2785 3553 2854; x_wconf 79' lang='lat' dir='ltr'><strong>Ephrann</strong></span> 
     </span>
    </p>
   </div>
   <div class='ocr_carea' id='block_1_94' title="bbox 1978 2856 2695 2921">
    <p class='ocr_par' dir='ltr' id='par_1_94' title="bbox 1978 2856 2695 2921">
     <span class='ocr_line' id='line_1_95' title="bbox 1978 2856 2695 2921; baseline 0.001 -11"><span class='ocrx_word' id='word_1_670' title='bbox 1978 2866 2362 2918; x_wconf 75' lang='lat' dir='ltr'><strong>commemorat</strong></span> <span class='ocrx_word' id='word_1_671' title='bbox 2391 2856 2653 2919; x_wconf 83' lang='lat' dir='ltr'><strong>similiter.</strong></span> <span class='ocrx_word' id='word_1_672' title='bbox 2692 2920 2695 2921; x_wconf 21' lang='grc' dir='ltr'><em>ν</em></span> 
     </span>
    </p>
   </div>
   <div class='ocr_carea' id='block_1_95' title="bbox 2045 2924 3552 2995">
    <p class='ocr_par' dir='ltr' id='par_1_95' title="bbox 2045 2924 3552 2995">
     <span class='ocr_line' id='line_1_96' title="bbox 2045 2924 3552 2995; baseline -0.001 -17"><span class='ocrx_word' id='word_1_673' title='bbox 2045 2926 2137 2993; x_wconf 73' lang='lat'><strong>20.</strong></span> <span class='ocrx_word' id='word_1_674' title='bbox 2180 2924 2311 2987; x_wconf 87' lang='lat' dir='ltr'><strong>Nam</strong></span> <span class='ocrx_word' id='word_1_675' title='bbox 2341 2926 2480 2995; x_wconf 91' lang='lat' dir='ltr'><strong>quod</strong></span> <span class='ocrx_word' id='word_1_676' title='bbox 2527 2941 2556 2979; x_wconf 89' lang='lat' dir='ltr'><strong>a</strong></span> <span class='ocrx_word' id='word_1_677' title='bbox 2599 2924 3113 2995; x_wconf 79' lang='lat' dir='ltr'><strong>propriodiscipulo</strong></span> <span class='ocrx_word' id='word_1_678' title='bbox 3151 2942 3257 2980; x_wconf 31' lang='lat' dir='ltr'><strong>xxx.</strong></span> <span class='ocrx_word' id='word_1_679' title='bbox 3286 2924 3552 2995; x_wconf 75' lang='lat' dir='ltr'><strong>argenteis</strong></span> 
     </span>
    </p>
   </div>
   <div class='ocr_carea' id='block_1_96' title="bbox 1978 2943 3555 3065">
    <p class='ocr_par' dir='ltr' id='par_1_96' title="bbox 1978 2943 3555 3065">
     <span class='ocr_line' id='line_1_97' title="bbox 2045 2943 3552 2995; baseline -0.001 -17"><span class='ocrx_word' id='word_1_680' title='bbox 2045 2943 2137 2993; x_wconf 81' lang='lat' dir='ltr'><strong>zu.</strong></span> <span class='ocrx_word' id='word_1_681' title='bbox 2180 2943 2311 2987; x_wconf 71' lang='lat' dir='ltr'><strong>nam</strong></span> <span class='ocrx_word' id='word_1_682' title='bbox 2379 2943 2480 2980; x_wconf 86' lang='lat' dir='ltr'><strong>uoa</strong></span> <span class='ocrx_word' id='word_1_683' title='bbox 2527 2943 2556 2979; x_wconf 89' lang='lat' dir='ltr'><strong>a</strong></span> <span class='ocrx_word' id='word_1_684' title='bbox 2599 2943 3113 2995; x_wconf 79' lang='lat' dir='ltr'><strong>proprioutsetputo</strong></span> <span class='ocrx_word' id='word_1_685' title='bbox 3151 2943 3257 2980; x_wconf 78' lang='lat' dir='ltr'><strong>xxx</strong></span> <span class='ocrx_word' id='word_1_686' title='bbox 3286 2943 3552 2993; x_wconf 82' lang='lat' dir='ltr'><strong>argenteis</strong></span> 
     </span>
     <span class='ocr_line' id='line_1_98' title="bbox 1978 2943 3555 3065; baseline -0.001 -16"><span class='ocrx_word' id='word_1_687' title='bbox 1978 2943 2574 3063; x_wconf 40' lang='lat' dir='ltr'><strong>venumdatududtcis,</strong></span> <span class='ocrx_word' id='word_1_688' title='bbox 2600 3007 2723 3050; x_wconf 89' lang='lat' dir='ltr'><strong>ante</strong></span> <span class='ocrx_word' id='word_1_689' title='bbox 2745 2997 3117 3065; x_wconf 73' lang='lat' dir='ltr'><strong>prresignatum</strong></span> <span class='ocrx_word' id='word_1_690' title='bbox 3143 3008 3225 3050; x_wconf 90' lang='lat' dir='ltr'><strong>est</strong></span> <span class='ocrx_word' id='word_1_691' title='bbox 3248 2998 3298 3049; x_wconf 92' lang='lat' dir='ltr'><strong>in</strong></span> <span class='ocrx_word' id='word_1_692' title='bbox 3320 2994 3555 3061; x_wconf 69' lang='lat' dir='ltr'><strong>Josepho</strong></span> 
     </span>
    </p>
   </div>
   <div class='ocr_carea' id='block_1_97' title="bbox 1981 3065 3556 3132">
    <p class='ocr_par' dir='ltr' id='par_1_97' title="bbox 1981 3065 3556 3132">
     <span class='ocr_line' id='line_1_99' title="bbox 1981 3065 3556 3132; baseline -0.002 -12"><span class='ocrx_word' id='word_1_693' title='bbox 1981 3069 2093 3120; x_wconf 83' lang='lat' dir='ltr'><strong>suis</strong></span> <span class='ocrx_word' id='word_1_694' title='bbox 2138 3066 2387 3121; x_wconf 87' lang='lat' dir='ltr'><strong>fratribus</strong></span> <span class='ocrx_word' id='word_1_695' title='bbox 2433 3066 2753 3121; x_wconf 89' lang='lat' dir='ltr'><strong>lsmahelitis</strong></span> <span class='ocrx_word' id='word_1_696' title='bbox 2779 3067 3053 3121; x_wconf 90' lang='lat' dir='ltr'><strong>distracto.</strong></span> <span class='ocrx_word' id='word_1_697' title='bbox 3103 3067 3255 3132; x_wconf 87' lang='lat' dir='ltr'><strong>Quod</strong></span> <span class='ocrx_word' id='word_1_698' title='bbox 3283 3076 3458 3119; x_wconf 89' lang='lat' dir='ltr'><strong>autem</strong></span> <span class='ocrx_word' id='word_1_699' title='bbox 3492 3065 3556 3118; x_wconf 90' lang='lat' dir='ltr'><strong>li-</strong></span> 
     </span>
    </p>
   </div>
   <div class='ocr_carea' id='block_1_98' title="bbox 1982 3136 3559 3207">
    <p class='ocr_par' dir='ltr' id='par_1_98' title="bbox 1982 3136 3559 3207">
     <span class='ocr_line' id='line_1_100' title="bbox 1982 3136 3559 3207; baseline 0 -18"><span class='ocrx_word' id='word_1_700' title='bbox 1982 3147 2135 3207; x_wconf 87' lang='lat' dir='ltr'><strong>gatus</strong></span> <span class='ocrx_word' id='word_1_701' title='bbox 2163 3152 2193 3192; x_wconf 90' lang='lat' dir='ltr'><strong>a</strong></span> <span class='ocrx_word' id='word_1_702' title='bbox 2224 3137 2478 3199; x_wconf 89' lang='lat' dir='ltr'><strong>ministris</strong></span> <span class='ocrx_word' id='word_1_703' title='bbox 2509 3136 2851 3192; x_wconf 68' lang='lat' dir='ltr'><strong>Hebraeorum</strong></span> <span class='ocrx_word' id='word_1_704' title='bbox 2881 3136 3221 3203; x_wconf 73' lang='lat' dir='ltr'><strong>describitur,</strong></span> <span class='ocrx_word' id='word_1_705' title='bbox 3260 3145 3317 3189; x_wconf 93' lang='lat' dir='ltr'><strong>ut</strong></span> <span class='ocrx_word' id='word_1_706' title='bbox 3346 3150 3439 3191; x_wconf 88' lang='lat' dir='ltr'><strong>eos</strong></span> <span class='ocrx_word' id='word_1_707' title='bbox 3466 3138 3559 3204; x_wconf 86' lang='lat' dir='ltr'><strong>qui</strong></span> 
     </span>
    </p>
   </div>
   <div class='ocr_carea' id='block_1_99' title="bbox 1984 3207 3559 3275">
    <p class='ocr_par' dir='ltr' id='par_1_99' title="bbox 1984 3207 3559 3275">
     <span class='ocr_line' id='line_1_101' title="bbox 1984 3207 3559 3275; baseline -0.003 -13"><span class='ocrx_word' id='word_1_708' title='bbox 1984 3208 2197 3262; x_wconf 86' lang='lat' dir='ltr'><strong>diabolo</strong></span> <span class='ocrx_word' id='word_1_709' title='bbox 2225 3207 2510 3275; x_wconf 88' lang='lat' dir='ltr'><strong>compediti</strong></span> <span class='ocrx_word' id='word_1_710' title='bbox 2559 3207 2875 3262; x_wconf 90' lang='lat' dir='ltr'><strong>tenebantur</strong></span> <span class='ocrx_word' id='word_1_711' title='bbox 2918 3207 3241 3273; x_wconf 85' lang='lat' dir='ltr'><strong>absolveret,</strong></span> <span class='ocrx_word' id='word_1_712' title='bbox 3289 3215 3343 3261; x_wconf 89' lang='lat' dir='ltr'><strong>et</strong></span> <span class='ocrx_word' id='word_1_713' title='bbox 3389 3220 3559 3260; x_wconf 85' lang='lat' dir='ltr'><strong>nexus</strong></span> 
     </span>
    </p>
   </div>
   <div class='ocr_carea' id='block_1_100' title="bbox 1984 3276 3557 3348">
    <p class='ocr_par' dir='ltr' id='par_1_100' title="bbox 1984 3276 3557 3348">
     <span class='ocr_line' id='line_1_102' title="bbox 1984 3276 3557 3348; baseline -0.001 -16"><span class='ocrx_word' id='word_1_714' title='bbox 1984 3287 2318 3348; x_wconf 87' lang='lat' dir='ltr'><strong>peccatorum</strong></span> <span class='ocrx_word' id='word_1_715' title='bbox 2357 3276 2738 3348; x_wconf 77' lang='lat' dir='ltr'><strong>confringeret.</strong></span> <span class='ocrx_word' id='word_1_716' title='bbox 2781 3277 2845 3331; x_wconf 83' lang='lat' dir='ltr'><strong>Et</strong></span> <span class='ocrx_word' id='word_1_717' title='bbox 2886 3278 3025 3345; x_wconf 81' lang='lat' dir='ltr'><strong>quod</strong></span> <span class='ocrx_word' id='word_1_718' title='bbox 3066 3278 3254 3347; x_wconf 90' lang='lat' dir='ltr'><strong>palmis</strong></span> <span class='ocrx_word' id='word_1_719' title='bbox 3282 3277 3331 3329; x_wconf 92' lang='lat' dir='ltr'><strong>in</strong></span> <span class='ocrx_word' id='word_1_720' title='bbox 3364 3276 3557 3348; x_wconf 85' lang='lat' dir='ltr'><strong>faciem</strong></span> 
     </span>
    </p>
   </div>
   <div class='ocr_carea' id='block_1_101' title="bbox 1985 3347 3557 3416">
    <p class='ocr_par' dir='ltr' id='par_1_101' title="bbox 1985 3347 3557 3416">
     <span class='ocr_line' id='line_1_103' title="bbox 1985 3347 3557 3416; baseline -0.001 -16"><span class='ocrx_word' id='word_1_721' title='bbox 1985 3347 2313 3413; x_wconf 81' lang='lat' dir='ltr'><strong>verberatur,</strong></span> <span class='ocrx_word' id='word_1_722' title='bbox 2342 3347 2494 3403; x_wconf 92' lang='lat' dir='ltr'><strong>nobis</strong></span> <span class='ocrx_word' id='word_1_723' title='bbox 2521 3363 2699 3402; x_wconf 87' lang='lat' dir='ltr'><strong>veram</strong></span> <span class='ocrx_word' id='word_1_724' title='bbox 2731 3347 3026 3401; x_wconf 90' lang='lat' dir='ltr'><strong>libertatem</strong></span> <span class='ocrx_word' id='word_1_725' title='bbox 3054 3348 3289 3402; x_wconf 91' lang='lat' dir='ltr'><strong>donavit.</strong></span> <span class='ocrx_word' id='word_1_726' title='bbox 3320 3348 3385 3403; x_wconf 86' lang='lat' dir='ltr'><strong>Et</strong></span> <span class='ocrx_word' id='word_1_727' title='bbox 3410 3347 3557 3416; x_wconf 88' lang='lat' dir='ltr'><strong>quod</strong></span> 
     </span>
    </p>
   </div>
   <div class='ocr_carea' id='block_1_102' title="bbox 1984 3416 3559 3489">
    <p class='ocr_par' dir='ltr' id='par_1_102' title="bbox 1984 3416 3559 3489">
     <span class='ocr_line' id='line_1_104' title="bbox 1984 3416 3559 3489; baseline -0.002 -16"><span class='ocrx_word' id='word_1_728' title='bbox 1984 3419 2221 3489; x_wconf 89' lang='lat' dir='ltr'><strong>colaphis</strong></span> <span class='ocrx_word' id='word_1_729' title='bbox 2270 3419 2441 3488; x_wconf 84' lang='lat' dir='ltr'><strong>capite</strong></span> <span class='ocrx_word' id='word_1_730' title='bbox 2477 3418 2718 3482; x_wconf 80' lang='lat' dir='ltr'><strong>caeditur,</strong></span> <span class='ocrx_word' id='word_1_731' title='bbox 2769 3429 3008 3473; x_wconf 71' lang='lat' dir='ltr'><strong>uosnum</strong></span> <span class='ocrx_word' id='word_1_732' title='bbox 3058 3428 3140 3473; x_wconf 90' lang='lat' dir='ltr'><strong>est</strong></span> <span class='ocrx_word' id='word_1_733' title='bbox 3179 3418 3391 3489; x_wconf 82' lang='lat' dir='ltr'><strong>sanitati</strong></span> <span class='ocrx_word' id='word_1_734' title='bbox 3438 3416 3559 3489; x_wconf 85' lang='lat' dir='ltr'><strong>red-</strong></span> 
     </span>
    </p>
   </div>
   <div class='ocr_carea' id='block_1_103' title="bbox 1982 3487 3557 3559">
    <p class='ocr_par' dir='ltr' id='par_1_103' title="bbox 1982 3487 3557 3559">
     <span class='ocr_line' id='line_1_105' title="bbox 1982 3487 3557 3559; baseline -0.003 -14"><span class='ocrx_word' id='word_1_735' title='bbox 1982 3487 2353 3559; x_wconf 75' lang='lat' dir='ltr'><strong>ditumcaput.</strong></span> <span class='ocrx_word' id='word_1_736' title='bbox 2395 3491 2457 3543; x_wconf 81' lang='lat' dir='ltr'><strong>Et</strong></span> <span class='ocrx_word' id='word_1_737' title='bbox 2486 3489 2625 3559; x_wconf 92' lang='lat' dir='ltr'><strong>quod</strong></span> <span class='ocrx_word' id='word_1_738' title='bbox 2666 3488 2952 3543; x_wconf 84' lang='lat' dir='ltr'><strong>immundis</strong></span> <span class='ocrx_word' id='word_1_739' title='bbox 2980 3487 3365 3559; x_wconf 52' lang='lat' dir='ltr'><strong>soutamiuibirs</strong></span> <span class='ocrx_word' id='word_1_740' title='bbox 3394 3487 3557 3559; x_wconf 45' lang='lat' dir='ltr'><strong>perlif</strong></span> 
     </span>
    </p>
   </div>
   <div class='ocr_carea' id='block_1_104' title="bbox 1985 3556 3559 3627">
    <p class='ocr_par' dir='ltr' id='par_1_104' title="bbox 1985 3556 3559 3627">
     <span class='ocr_line' id='line_1_106' title="bbox 1985 3556 3559 3627; baseline -0.002 -13"><span class='ocrx_word' id='word_1_741' title='bbox 1985 3561 2150 3626; x_wconf 92' lang='lat' dir='ltr'><strong>nitur,</strong></span> <span class='ocrx_word' id='word_1_742' title='bbox 2178 3575 2208 3614; x_wconf 93' lang='lat' dir='ltr'><strong>a</strong></span> <span class='ocrx_word' id='word_1_743' title='bbox 2235 3556 2422 3623; x_wconf 72' lang='lat' dir='ltr'><strong>nostra</strong></span> <span class='ocrx_word' id='word_1_744' title='bbox 2446 3556 2583 3619; x_wconf 80' lang='lat' dir='ltr'><strong>facie</strong></span> <span class='ocrx_word' id='word_1_745' title='bbox 2611 3560 2858 3613; x_wconf 67' lang='lat' dir='ltr'><strong>abstersit</strong></span> <span class='ocrx_word' id='word_1_746' title='bbox 2904 3561 3268 3627; x_wconf 78' lang='lat' dir='ltr'><strong>opprobrium.</strong></span> <span class='ocrx_word' id='word_1_747' title='bbox 3321 3558 3389 3611; x_wconf 87' lang='lat' dir='ltr'><strong>Et</strong></span> <span class='ocrx_word' id='word_1_748' title='bbox 3417 3556 3559 3624; x_wconf 89' lang='lat' dir='ltr'><strong>quod</strong></span> 
     </span>
    </p>
   </div>
   <div class='ocr_carea' id='block_1_105' title="bbox 1982 3629 3562 3701">
    <p class='ocr_par' dir='ltr' id='par_1_105' title="bbox 1982 3629 3562 3701">
     <span class='ocr_line' id='line_1_107' title="bbox 1982 3629 3562 3701; baseline -0.003 -16"><span class='ocrx_word' id='word_1_749' title='bbox 1982 3630 2144 3686; x_wconf 86' lang='lat' dir='ltr'><strong>dorso</strong></span> <span class='ocrx_word' id='word_1_750' title='bbox 2164 3631 2394 3701; x_wconf 81' lang='lat' dir='ltr'><strong>ﬂagellis</strong></span> <span class='ocrx_word' id='word_1_751' title='bbox 2438 3630 2769 3701; x_wconf 85' lang='lat' dir='ltr'><strong>verberatur,</strong></span> <span class='ocrx_word' id='word_1_752' title='bbox 2816 3644 2846 3681; x_wconf 91' lang='lat' dir='ltr'><strong>a</strong></span> <span class='ocrx_word' id='word_1_753' title='bbox 2887 3629 3038 3701; x_wconf 78' lang='lat' dir='ltr'><strong>nobis</strong></span> <span class='ocrx_word' id='word_1_754' title='bbox 3082 3630 3261 3701; x_wconf 82' lang='lat' dir='ltr'><strong>plagas</strong></span> <span class='ocrx_word' id='word_1_755' title='bbox 3293 3629 3479 3701; x_wconf 71' lang='lat' dir='ltr'><strong>mortis</strong></span> <span class='ocrx_word' id='word_1_756' title='bbox 3507 3636 3562 3701; x_wconf 82' lang='lat' dir='ltr'><strong>et</strong></span> 
     </span>
    </p>
   </div>
   <div class='ocr_carea' id='block_1_106' title="bbox 1981 3698 3556 3769">
    <p class='ocr_par' dir='ltr' id='par_1_106' title="bbox 1981 3698 3556 3769">
     <span class='ocr_line' id='line_1_108' title="bbox 1981 3698 3556 3769; baseline -0.005 -14"><span class='ocrx_word' id='word_1_757' title='bbox 1981 3702 2177 3755; x_wconf 84' lang='lat' dir='ltr'><strong>diaboli</strong></span> <span class='ocrx_word' id='word_1_758' title='bbox 2209 3698 2411 3769; x_wconf 79' lang='lat' dir='ltr'><strong>ﬂagella</strong></span> <span class='ocrx_word' id='word_1_759' title='bbox 2438 3700 2678 3763; x_wconf 81' lang='lat' dir='ltr'><strong>dimovit.</strong></span> <span class='ocrx_word' id='word_1_760' title='bbox 2712 3701 2776 3753; x_wconf 80' lang='lat' dir='ltr'><strong>Et</strong></span> <span class='ocrx_word' id='word_1_761' title='bbox 2801 3700 2943 3766; x_wconf 81' lang='lat' dir='ltr'><strong>quod</strong></span> <span class='ocrx_word' id='word_1_762' title='bbox 2974 3707 3098 3761; x_wconf 82' lang='lat' dir='ltr'><strong>ante</strong></span> <span class='ocrx_word' id='word_1_763' title='bbox 3122 3698 3353 3769; x_wconf 83' lang='lat' dir='ltr'><strong>tribunal</strong></span> <span class='ocrx_word' id='word_1_764' title='bbox 3385 3698 3556 3769; x_wconf 80' lang='lat' dir='ltr'><strong>Potitii</strong></span> 
     </span>
    </p>
   </div>
   <div class='ocr_carea' id='block_1_107' title="bbox 1983 3767 3559 3835">
    <p class='ocr_par' dir='ltr' id='par_1_107' title="bbox 1983 3767 3559 3835">
     <span class='ocr_line' id='line_1_109' title="bbox 1983 3767 3559 3835; baseline -0.003 -9"><span class='ocrx_word' id='word_1_765' title='bbox 1983 3772 2141 3833; x_wconf 87' lang='lat' dir='ltr'><strong>Pilati</strong></span> <span class='ocrx_word' id='word_1_766' title='bbox 2174 3767 2367 3835; x_wconf 77' lang='lat' dir='ltr'><strong>adstat,</strong></span> <span class='ocrx_word' id='word_1_767' title='bbox 2393 3784 2420 3821; x_wconf 90' lang='lat' dir='ltr'><strong>a</strong></span> <span class='ocrx_word' id='word_1_768' title='bbox 2454 3770 2606 3822; x_wconf 90' lang='lat' dir='ltr'><strong>nobis</strong></span> <span class='ocrx_word' id='word_1_769' title='bbox 2635 3777 2889 3824; x_wconf 83' lang='lat' dir='ltr'><strong>terrorem</strong></span> <span class='ocrx_word' id='word_1_770' title='bbox 2922 3777 3080 3835; x_wconf 88' lang='lat' dir='ltr'><strong>atque</strong></span> <span class='ocrx_word' id='word_1_771' title='bbox 3109 3767 3445 3823; x_wconf 86' lang='lat' dir='ltr'><strong>formidinem</strong></span> <span class='ocrx_word' id='word_1_772' title='bbox 3475 3768 3559 3835; x_wconf 84' lang='lat' dir='ltr'><strong>ju-</strong></span> 
     </span>
    </p>
   </div>
   <div class='ocr_carea' id='block_1_108' title="bbox 1982 3837 3557 3907">
    <p class='ocr_par' dir='ltr' id='par_1_108' title="bbox 1982 3837 3557 3907">
     <span class='ocr_line' id='line_1_110' title="bbox 1982 3837 3557 3907; baseline -0.002 -14"><span class='ocrx_word' id='word_1_773' title='bbox 1982 3841 2159 3893; x_wconf 91' lang='lat' dir='ltr'><strong>dicum</strong></span> <span class='ocrx_word' id='word_1_774' title='bbox 2191 3848 2247 3894; x_wconf 93' lang='lat' dir='ltr'><strong>et</strong></span> <span class='ocrx_word' id='word_1_775' title='bbox 2278 3840 2573 3907; x_wconf 86' lang='lat' dir='ltr'><strong>principum</strong></span> <span class='ocrx_word' id='word_1_776' title='bbox 2608 3840 2762 3905; x_wconf 87' lang='lat' dir='ltr'><strong>hujus</strong></span> <span class='ocrx_word' id='word_1_777' title='bbox 2804 3837 3259 3894; x_wconf 31' lang='lat' dir='ltr'><strong>mundi..abstulit.</strong></span> <span class='ocrx_word' id='word_1_778' title='bbox 3311 3838 3373 3890; x_wconf 85' lang='lat' dir='ltr'><strong>Et</strong></span> <span class='ocrx_word' id='word_1_779' title='bbox 3414 3838 3557 3905; x_wconf 87' lang='lat' dir='ltr'><strong>quod</strong></span> 
     </span>
    </p>
   </div>
   <div class='ocr_carea' id='block_1_109' title="bbox 1982 3907 3560 3976">
    <p class='ocr_par' dir='ltr' id='par_1_109' title="bbox 1982 3907 3560 3976">
     <span class='ocr_line' id='line_1_111' title="bbox 1982 3907 3560 3976; baseline -0.003 -12"><span class='ocrx_word' id='word_1_780' title='bbox 1982 3911 2176 3971; x_wconf 84' lang='lat' dir='ltr'><strong>multos</strong></span> <span class='ocrx_word' id='word_1_781' title='bbox 2233 3918 2415 3962; x_wconf 87' lang='lat' dir='ltr'><strong>testes.</strong></span> <span class='ocrx_word' id='word_1_782' title='bbox 2452 3908 2615 3961; x_wconf 86' lang='lat' dir='ltr'><strong>falsos</strong></span> <span class='ocrx_word' id='word_1_783' title='bbox 2669 3907 2922 3976; x_wconf 90' lang='lat' dir='ltr'><strong>pertulit,</strong></span> <span class='ocrx_word' id='word_1_784' title='bbox 2983 3916 3287 3961; x_wconf 80' lang='lat' dir='ltr'><strong>sanctorum</strong></span> <span class='ocrx_word' id='word_1_785' title='bbox 3342 3922 3560 3961; x_wconf 90' lang='lat' dir='ltr'><strong>suorum</strong></span> 
     </span>
    </p>
   </div>
   <div class='ocr_carea' id='block_1_110' title="bbox 1980 3976 3557 4044">
    <p class='ocr_par' dir='ltr' id='par_1_110' title="bbox 1980 3976 3557 4044">
     <span class='ocr_line' id='line_1_112' title="bbox 1980 3976 3557 4044; baseline -0.003 -11"><span class='ocrx_word' id='word_1_786' title='bbox 1980 3982 2389 4044; x_wconf 82' lang='lat' dir='ltr'><strong>contraimpios</strong></span> <span class='ocrx_word' id='word_1_787' title='bbox 2418 3978 2777 4037; x_wconf 83' lang='lat' dir='ltr'><strong>testimonium</strong></span> <span class='ocrx_word' id='word_1_788' title='bbox 2807 3976 3158 4031; x_wconf 81' lang='lat' dir='ltr'><strong>conﬁrmavit.</strong></span> <span class='ocrx_word' id='word_1_789' title='bbox 3201 3977 3350 4042; x_wconf 83' lang='lat' dir='ltr'><strong>Quod</strong></span> <span class='ocrx_word' id='word_1_790' title='bbox 3380 3991 3557 4031; x_wconf 87' lang='lat' dir='ltr'><strong>autem</strong></span> 
     </span>
    </p>
   </div>
   <div class='ocr_carea' id='block_1_111' title="bbox 1982 4046 3563 4118">
    <p class='ocr_par' dir='ltr' id='par_1_111' title="bbox 1982 4046 3563 4118">
     <span class='ocr_line' id='line_1_113' title="bbox 1982 4046 3563 4118; baseline -0.002 -16"><span class='ocrx_word' id='word_1_791' title='bbox 1982 4051 2121 4113; x_wconf 79' lang='lat' dir='ltr'><strong>inter</strong></span> <span class='ocrx_word' id='word_1_792' title='bbox 2156 4050 2374 4117; x_wconf 87' lang='lat' dir='ltr'><strong>iniquos</strong></span> <span class='ocrx_word' id='word_1_793' title='bbox 2412 4049 2693 4118; x_wconf 83' lang='lat' dir='ltr'><strong>deputatus</strong></span> <span class='ocrx_word' id='word_1_794' title='bbox 2732 4054 2842 4109; x_wconf 70' lang='lat' dir='ltr'><strong>est,</strong></span> <span class='ocrx_word' id='word_1_795' title='bbox 2884 4056 2941 4100; x_wconf 92' lang='lat' dir='ltr'><strong>ut</strong></span> <span class='ocrx_word' id='word_1_796' title='bbox 2971 4046 3107 4100; x_wconf 88' lang='lat' dir='ltr'><strong>filios</strong></span> <span class='ocrx_word' id='word_1_797' title='bbox 3149 4046 3424 4118; x_wconf 77' lang='lat' dir='ltr'><strong>adoptivos</strong></span> <span class='ocrx_word' id='word_1_798' title='bbox 3471 4063 3563 4113; x_wconf 88' lang='lat' dir='ltr'><strong>per</strong></span> 
     </span>
    </p>
   </div>
   <div class='ocr_carea' id='block_1_112' title="bbox 1982 4117 3561 4188">
    <p class='ocr_par' dir='ltr' id='par_1_112' title="bbox 1982 4117 3561 4188">
     <span class='ocr_line' id='line_1_114' title="bbox 1982 4117 3561 4188; baseline -0.002 -15"><span class='ocrx_word' id='word_1_799' title='bbox 1982 4120 2138 4183; x_wconf 84' lang='lat' dir='ltr'><strong>ﬁdem</strong></span> <span class='ocrx_word' id='word_1_800' title='bbox 2168 4117 2492 4188; x_wconf 84' lang='lat' dir='ltr'><strong>angelorum</strong></span> <span class='ocrx_word' id='word_1_801' title='bbox 2510 4118 2789 4188; x_wconf 82' lang='lat' dir='ltr'><strong>participes</strong></span> <span class='ocrx_word' id='word_1_802' title='bbox 2815 4118 3224 4188; x_wconf 85' lang='lat' dir='ltr'><strong>demonstraret.</strong></span> <span class='ocrx_word' id='word_1_803' title='bbox 3254 4117 3403 4184; x_wconf 89' lang='lat' dir='ltr'><strong>Quod</strong></span> <span class='ocrx_word' id='word_1_804' title='bbox 3435 4132 3561 4170; x_wconf 85' lang='lat' dir='ltr'><strong>vero</strong></span> 
     </span>
    </p>
   </div>
   <div class='ocr_carea' id='block_1_113' title="bbox 1980 4186 3559 4256">
    <p class='ocr_par' dir='ltr' id='par_1_113' title="bbox 1980 4186 3559 4256">
     <span class='ocr_line' id='line_1_115' title="bbox 1980 4186 3559 4256; baseline -0.002 -12"><span class='ocrx_word' id='word_1_805' title='bbox 1980 4203 2144 4245; x_wconf 87' lang='lat' dir='ltr'><strong>unum</strong></span> <span class='ocrx_word' id='word_1_806' title='bbox 2171 4186 2520 4255; x_wconf 43' lang='lat' dir='ltr'><strong>susceperit,</strong></span> <span class='ocrx_word' id='word_1_807' title='bbox 2542 4188 2766 4245; x_wconf 86' lang='lat' dir='ltr'><strong>alterum</strong></span> <span class='ocrx_word' id='word_1_808' title='bbox 2798 4186 3153 4255; x_wconf 86' lang='lat' dir='ltr'><strong>reprohaverit</strong></span> <span class='ocrx_word' id='word_1_809' title='bbox 3174 4226 3189 4251; x_wconf 89' lang='lat'><strong>,</strong></span> <span class='ocrx_word' id='word_1_810' title='bbox 3222 4198 3278 4241; x_wconf 94' lang='lat' dir='ltr'><strong>ut</strong></span> <span class='ocrx_word' id='word_1_811' title='bbox 3304 4196 3559 4256; x_wconf 88' lang='lat' dir='ltr'><strong>quantum</strong></span> 
     </span>
    </p>
   </div>
   <div class='ocr_carea' id='block_1_114' title="bbox 1980 4258 3563 4326">
    <p class='ocr_par' dir='ltr' id='par_1_114' title="bbox 1980 4258 3563 4326">
     <span class='ocr_line' id='line_1_116' title="bbox 1980 4258 3563 4326; baseline -0.001 -11"><span class='ocrx_word' id='word_1_812' title='bbox 1980 4260 2192 4322; x_wconf 82' lang='lat' dir='ltr'><strong>intersit</strong></span> <span class='ocrx_word' id='word_1_813' title='bbox 2221 4259 2360 4326; x_wconf 84' lang='lat' dir='ltr'><strong>inter</strong></span> <span class='ocrx_word' id='word_1_814' title='bbox 2388 4259 2736 4324; x_wconf 77' lang='lat' dir='ltr'><strong>humilitatem</strong></span> <span class='ocrx_word' id='word_1_815' title='bbox 2775 4266 2828 4312; x_wconf 90' lang='lat' dir='ltr'><strong>et</strong></span> <span class='ocrx_word' id='word_1_816' title='bbox 2854 4258 3195 4326; x_wconf 88' lang='lat' dir='ltr'><strong>superbiam,</strong></span> <span class='ocrx_word' id='word_1_817' title='bbox 3227 4269 3280 4312; x_wconf 91' lang='lat' dir='ltr'><strong>et</strong></span> <span class='ocrx_word' id='word_1_818' title='bbox 3303 4270 3563 4326; x_wconf 82' lang='lat' dir='ltr'><strong>quantum</strong></span> 
     </span>
    </p>
   </div>
   <div class='ocr_carea' id='block_1_115' title="bbox 1979 4328 3563 4398">
    <p class='ocr_par' dir='ltr' id='par_1_115' title="bbox 1979 4328 3563 4398">
     <span class='ocr_line' id='line_1_117' title="bbox 1979 4328 3563 4398; baseline 0.001 -14"><span class='ocrx_word' id='word_1_819' title='bbox 1979 4331 2285 4398; x_wconf 86' lang='lat' dir='ltr'><strong>desperatio</strong></span> <span class='ocrx_word' id='word_1_820' title='bbox 2315 4331 2382 4383; x_wconf 91' lang='lat' dir='ltr'><strong>ab</strong></span> <span class='ocrx_word' id='word_1_821' title='bbox 2420 4343 2514 4397; x_wconf 88' lang='lat' dir='ltr'><strong>spe</strong></span> <span class='ocrx_word' id='word_1_822' title='bbox 2558 4329 2763 4393; x_wconf 89' lang='lat' dir='ltr'><strong>salutis,</strong></span> <span class='ocrx_word' id='word_1_823' title='bbox 2808 4328 2885 4381; x_wconf 75' lang='lat' dir='ltr'><strong>vel</strong></span> <span class='ocrx_word' id='word_1_824' title='bbox 2935 4343 2963 4380; x_wconf 92' lang='lat' dir='ltr'><strong>a</strong></span> <span class='ocrx_word' id='word_1_825' title='bbox 3013 4329 3208 4395; x_wconf 80' lang='lat' dir='ltr'><strong>malitia</strong></span> <span class='ocrx_word' id='word_1_826' title='bbox 3253 4328 3413 4382; x_wconf 82' lang='lat' dir='ltr'><strong>distet</strong></span> <span class='ocrx_word' id='word_1_827' title='bbox 3459 4338 3563 4385; x_wconf 78' lang='lat' dir='ltr'><strong>cte-</strong></span> 
     </span>
    </p>
   </div>
   <div class='ocr_carea' id='block_1_116' title="bbox 1983 4399 3564 4468">
    <p class='ocr_par' dir='ltr' id='par_1_116' title="bbox 1983 4399 3564 4468">
     <span class='ocr_line' id='line_1_118' title="bbox 1983 4399 3564 4468; baseline 0.001 -14"><span class='ocrx_word' id='word_1_828' title='bbox 1983 4401 2219 4467; x_wconf 83' lang='lat' dir='ltr'><strong>mentia,</strong></span> <span class='ocrx_word' id='word_1_829' title='bbox 2251 4399 2659 4457; x_wconf 89' lang='lat' dir='ltr'><strong>demonstraret.</strong></span> <span class='ocrx_word' id='word_1_830' title='bbox 2703 4400 2768 4452; x_wconf 88' lang='lat' dir='ltr'><strong>Et</strong></span> <span class='ocrx_word' id='word_1_831' title='bbox 2805 4400 2945 4468; x_wconf 91' lang='lat' dir='ltr'><strong>quod</strong></span> <span class='ocrx_word' id='word_1_832' title='bbox 2975 4400 3139 4452; x_wconf 88' lang='lat' dir='ltr'><strong>clavis</strong></span> <span class='ocrx_word' id='word_1_833' title='bbox 3166 4399 3471 4468; x_wconf 87' lang='lat' dir='ltr'><strong>conﬁgitur,</strong></span> <span class='ocrx_word' id='word_1_834' title='bbox 3507 4412 3564 4455; x_wconf 94' lang='lat' dir='ltr'><strong>ut</strong></span> 
     </span>
    </p>
   </div>
   <div class='ocr_carea' id='block_1_117' title="bbox 304 4461 3560 4543">
    <p class='ocr_par' dir='ltr' id='par_1_117' title="bbox 304 4461 3560 4543">
     <span class='ocr_line' id='line_1_119' title="bbox 304 4461 3560 4543; baseline -0.002 -16"><span class='ocrx_word' id='word_1_835' title='bbox 304 4461 882 4542; x_wconf 61' lang='lat' dir='ltr'><strong>quemjntradelicias</strong></span> <span class='ocrx_word' id='word_1_836' title='bbox 906 4461 1139 4543; x_wconf 66' lang='lat' dir='ltr'><strong>paradisi</strong></span> <span class='ocrx_word' id='word_1_837' title='bbox 1166 4461 1405 4527; x_wconf 75' lang='lat' dir='ltr'><strong>diabolus</strong></span> <span class='ocrx_word' id='word_1_838' title='bbox 1436 4476 1666 4536; x_wconf 89' lang='lat' dir='ltr'><strong>vicerat,</strong></span> <span class='ocrx_word' id='word_1_839' title='bbox 1700 4475 1786 4528; x_wconf 95' lang='lat' dir='ltr'><strong>hic</strong></span> <span class='ocrx_word' id='word_1_840' title='bbox 1819 4461 1869 4530; x_wconf 79' lang='lat' dir='ltr'><strong>in</strong></span> <span class='ocrx_word' id='word_1_841' title='bbox 1907 4461 1960 4521; x_wconf 82' lang='grc' dir='ltr'>ι)</span> <span class='ocrx_word' id='word_1_842' title='bbox 1982 4461 2224 4543; x_wconf 72' lang='lat' dir='ltr'><strong>aculeum</strong></span> <span class='ocrx_word' id='word_1_843' title='bbox 2252 4472 2461 4543; x_wconf 83' lang='lat' dir='ltr'><strong>mortis,</strong></span> <span class='ocrx_word' id='word_1_844' title='bbox 2492 4471 2578 4540; x_wconf 91' lang='lat' dir='ltr'><strong>qui</strong></span> <span class='ocrx_word' id='word_1_845' title='bbox 2614 4469 2769 4523; x_wconf 86' lang='lat' dir='ltr'><strong>nobis</strong></span> <span class='ocrx_word' id='word_1_846' title='bbox 2790 4461 2967 4543; x_wconf 71' lang='lat' dir='ltr'><strong>fuerat</strong></span> <span class='ocrx_word' id='word_1_847' title='bbox 2998 4461 3365 4537; x_wconf 57' lang='lat' dir='ltr'><strong>permolestu&#39;s,</strong></span> <span class='ocrx_word' id='word_1_848' title='bbox 3388 4461 3560 4543; x_wconf 52' lang='lat' dir='ltr'><strong>signi.-</strong></span> 
     </span>
    </p>
   </div>
   <div class='ocr_carea' id='block_1_118' title="bbox 306 4543 1868 4618">
    <p class='ocr_par' dir='ltr' id='par_1_118' title="bbox 306 4543 1868 4618">
     <span class='ocr_line' id='line_1_120' title="bbox 306 4543 1868 4618; baseline -0.001 -21"><span class='ocrx_word' id='word_1_849' title='bbox 306 4548 521 4618; x_wconf 88' lang='lat' dir='ltr'><strong>deserto</strong></span> <span class='ocrx_word' id='word_1_850' title='bbox 546 4546 917 4618; x_wconf 73' lang='lat' dir='ltr'><strong>cuminitnico</strong></span> <span class='ocrx_word' id='word_1_851' title='bbox 934 4545 1230 4618; x_wconf 73' lang='lat' dir='ltr'><strong>confligere</strong></span> <span class='ocrx_word' id='word_1_852' title='bbox 1258 4545 1498 4618; x_wconf 67' lang='lat' dir='ltr'><strong>cupiens,</strong></span> <span class='ocrx_word' id='word_1_853' title='bbox 1532 4552 1586 4596; x_wconf 91' lang='lat' dir='ltr'><strong>ut</strong></span> <span class='ocrx_word' id='word_1_854' title='bbox 1609 4558 1705 4618; x_wconf 85' lang='lat' dir='ltr'><strong>per</strong></span> <span class='ocrx_word' id='word_1_855' title='bbox 1728 4543 1868 4618; x_wconf 66' lang='lat' dir='ltr'><strong>jeju-</strong></span> 
     </span>
    </p>
   </div>
   <div class='ocr_carea' id='block_1_119' title="bbox 305 4612 1876 4687">
    <p class='ocr_par' dir='ltr' id='par_1_119' title="bbox 305 4612 1876 4687">
     <span class='ocr_line' id='line_1_121' title="bbox 305 4612 1876 4687; baseline 0.001 -19"><span class='ocrx_word' id='word_1_856' title='bbox 305 4617 381 4687; x_wconf 84' lang='lat' dir='ltr'><strong>nii</strong></span> <span class='ocrx_word' id='word_1_857' title='bbox 425 4630 633 4687; x_wconf 7' lang='lat' dir='ltr'><strong>munus,</strong></span> <span class='ocrx_word' id='word_1_858' title='bbox 666 4616 732 4687; x_wconf 87' lang='lat' dir='ltr'><strong>de</strong></span> <span class='ocrx_word' id='word_1_859' title='bbox 774 4616 864 4671; x_wconf 92' lang='lat' dir='ltr'><strong>illo</strong></span> <span class='ocrx_word' id='word_1_860' title='bbox 896 4612 1171 4687; x_wconf 84' lang='lat' dir='ltr'><strong>victoriam</strong></span> <span class='ocrx_word' id='word_1_861' title='bbox 1193 4612 1447 4687; x_wconf 67' lang='lat' dir='ltr'><strong>capiens,</strong></span> <span class='ocrx_word' id='word_1_862' title='bbox 1478 4612 1876 4687; x_wconf 64' lang='lat' dir='ltr'><strong>omnibus&#39;suis</strong></span> 
     </span>
    </p>
   </div>
   <div class='ocr_carea' id='block_1_120' title="bbox 306 4684 1875 4753">
    <p class='ocr_par' dir='ltr' id='par_1_120' title="bbox 306 4684 1875 4753">
     <span class='ocr_line' id='line_1_122' title="bbox 306 4684 1875 4753; baseline -0.001 -14"><span class='ocrx_word' id='word_1_863' title='bbox 306 4684 551 4739; x_wconf 87' lang='lat' dir='ltr'><strong>ﬁdelibus</strong></span> <span class='ocrx_word' id='word_1_864' title='bbox 604 4686 838 4753; x_wconf 77' lang='lat' dir='ltr'><strong>traderet</strong></span> <span class='ocrx_word' id='word_1_865' title='bbox 883 4684 1319 4740; x_wconf 80' lang='lat' dir='ltr'><strong>conculcandutn.</strong></span> <span class='ocrx_word' id='word_1_866' title='bbox 1382 4684 1455 4736; x_wconf 92' lang='lat' dir='ltr'><strong>De</strong></span> <span class='ocrx_word' id='word_1_867' title='bbox 1500 4699 1602 4751; x_wconf 81' lang='lat' dir='ltr'><strong>qua</strong></span> <span class='ocrx_word' id='word_1_868' title='bbox 1653 4686 1875 4743; x_wconf 84' lang='lat' dir='ltr'><strong>victoria</strong></span> 
     </span>
    </p>
   </div>
   <div class='ocr_carea' id='block_1_121' title="bbox 306 4752 1876 4823">
    <p class='ocr_par' dir='ltr' id='par_1_121' title="bbox 306 4752 1876 4823">
     <span class='ocr_line' id='line_1_123' title="bbox 306 4752 1876 4823; baseline 0.001 -16"><span class='ocrx_word' id='word_1_869' title='bbox 306 4768 433 4808; x_wconf 86' lang='lat' dir='ltr'><strong>ante</strong></span> <span class='ocrx_word' id='word_1_870' title='bbox 481 4752 737 4823; x_wconf 73' lang='lat' dir='ltr'><strong>propheta</strong></span> <span class='ocrx_word' id='word_1_871' title='bbox 783 4756 1069 4811; x_wconf 82' lang='lat' dir='ltr'><strong>Zacharias</strong></span> <span class='ocrx_word' id='word_1_872' title='bbox 1096 4754 1287 4819; x_wconf 87' lang='lat' dir='ltr'><strong>cecinit</strong></span> <span class='ocrx_word' id='word_1_873' title='bbox 1332 4754 1560 4808; x_wconf 89' lang='lat' dir='ltr'><strong>dicens:</strong></span> <span class='ocrx_word' id='word_1_874' title='bbox 1592 4752 1740 4819; x_wconf 75' lang='lat' dir='ltr'><strong>Vidi,</strong></span> <span class='ocrx_word' id='word_1_875' title='bbox 1794 4756 1876 4809; x_wconf 87' lang='lat' dir='ltr'><strong>in-</strong></span> 
     </span>
    </p>
   </div>
   <div class='ocr_carea' id='block_1_122' title="bbox 305 4824 1877 4894">
    <p class='ocr_par' dir='ltr' id='par_1_122' title="bbox 305 4824 1877 4894">
     <span class='ocr_line' id='line_1_124' title="bbox 305 4824 1877 4894; baseline 0.004 -19"><span class='ocrx_word' id='word_1_876' title='bbox 305 4825 440 4894; x_wconf 86' lang='lat' dir='ltr'><strong>quit,</strong></span> <span class='ocrx_word' id='word_1_877' title='bbox 469 4824 648 4877; x_wconf 75' lang='lat' dir='ltr'><strong>Jesun‘t</strong></span> <span class='ocrx_word' id='word_1_878' title='bbox 679 4826 1007 4891; x_wconf 86' lang='lat' dir='ltr'><strong>sacerdotem</strong></span> <span class='ocrx_word' id='word_1_879' title='bbox 1036 4839 1303 4894; x_wconf 85' lang='lat' dir='ltr'><strong>maguum,</strong></span> <span class='ocrx_word' id='word_1_880' title='bbox 1337 4832 1391 4881; x_wconf 86' lang='lat' dir='ltr'><strong>et</strong></span> <span class='ocrx_word' id='word_1_881' title='bbox 1417 4824 1591 4878; x_wconf 83' lang='lat' dir='ltr'><strong>stabat</strong></span> <span class='ocrx_word' id='word_1_882' title='bbox 1617 4837 1647 4875; x_wconf 88' lang='lat' dir='ltr'><strong>a</strong></span> <span class='ocrx_word' id='word_1_883' title='bbox 1675 4827 1877 4881; x_wconf 81' lang='lat' dir='ltr'><strong>dextris</strong></span> 
     </span>
    </p>
   </div>
   <div class='ocr_carea' id='block_1_123' title="bbox 306 4893 1878 4967">
    <p class='ocr_par' dir='ltr' id='par_1_123' title="bbox 306 4893 1878 4967">
     <span class='ocr_line' id='line_1_125' title="bbox 306 4893 1878 4967; baseline 0.001 -18"><span class='ocrx_word' id='word_1_884' title='bbox 306 4893 425 4964; x_wconf 86' lang='lat' dir='ltr'><strong>ejus</strong></span> <span class='ocrx_word' id='word_1_885' title='bbox 454 4894 738 4967; x_wconf 83' lang='lat' dir='ltr'><strong>diabolus,</strong></span> <span class='ocrx_word' id='word_1_886' title='bbox 784 4896 833 4967; x_wconf 80' lang='lat' dir='ltr'><strong>id</strong></span> <span class='ocrx_word' id='word_1_887' title='bbox 864 4904 947 4957; x_wconf 80' lang='lat' dir='ltr'><strong>est</strong></span> <span class='ocrx_word' id='word_1_888' title='bbox 974 4906 1231 4967; x_wconf 79' lang='lat' dir='ltr'><strong>ex__parte</strong></span> <span class='ocrx_word' id='word_1_889' title='bbox 1266 4893 1485 4967; x_wconf 69' lang='lat' dir='ltr'><strong>justitiae</strong></span> <span class='ocrx_word' id='word_1_890' title='bbox 1505 4934 1520 4958; x_wconf 95' lang='lat'><strong>,</strong></span> <span class='ocrx_word' id='word_1_891' title='bbox 1552 4896 1878 4967; x_wconf 88' lang='lat' dir='ltr'><strong>concinnans</strong></span> 
     </span>
    </p>
   </div>
   <div class='ocr_carea' id='block_1_124' title="bbox 310 4963 1876 5031">
    <p class='ocr_par' dir='ltr' id='par_1_124' title="bbox 310 4963 1876 5031">
     <span class='ocr_line' id='line_1_126' title="bbox 310 4963 1876 5031; baseline 0 -13"><span class='ocrx_word' id='word_1_892' title='bbox 310 4969 482 5019; x_wconf 84' lang='lat' dir='ltr'><strong>dolos.</strong></span> <span class='ocrx_word' id='word_1_893' title='bbox 516 4966 580 5018; x_wconf 75' lang='lat' dir='ltr'><strong>Et</strong></span> <span class='ocrx_word' id='word_1_894' title='bbox 604 4963 712 5017; x_wconf 78' lang='lat' dir='ltr'><strong>dixi</strong></span> <span class='ocrx_word' id='word_1_895' title='bbox 746 4963 811 5016; x_wconf 90' lang='lat' dir='ltr'><strong>ad</strong></span> <span class='ocrx_word' id='word_1_896' title='bbox 850 4980 969 5016; x_wconf 88' lang='lat' dir='ltr'><strong>cum</strong></span> <span class='ocrx_word' id='word_1_897' title='bbox 1005 4982 1017 5016; x_wconf 87' lang='lat'><strong>:</strong></span> <span class='ocrx_word' id='word_1_898' title='bbox 1051 4963 1292 5031; x_wconf 90' lang='lat' dir='ltr'><strong>lncrepet</strong></span> <span class='ocrx_word' id='word_1_899' title='bbox 1320 4963 1411 5017; x_wconf 84' lang='lat' dir='ltr'><strong>tibi</strong></span> <span class='ocrx_word' id='word_1_900' title='bbox 1444 4965 1727 5030; x_wconf 87' lang='lat' dir='ltr'><strong>Dominus,</strong></span> <span class='ocrx_word' id='word_1_901' title='bbox 1759 4966 1876 5018; x_wconf 83' lang='lat' dir='ltr'><strong>dia-</strong></span> 
     </span>
    </p>
   </div>
   <div class='ocr_carea' id='block_1_125' title="bbox 309 5032 1875 5104">
    <p class='ocr_par' dir='ltr' id='par_1_125' title="bbox 309 5032 1875 5104">
     <span class='ocr_line' id='line_1_127' title="bbox 309 5032 1875 5104; baseline -0.001 -15"><span class='ocrx_word' id='word_1_902' title='bbox 309 5035 462 5099; x_wconf 87' lang='lat' dir='ltr'><strong>bole,</strong></span> <span class='ocrx_word' id='word_1_903' title='bbox 490 5036 579 5104; x_wconf 91' lang='lat' dir='ltr'><strong>qui</strong></span> <span class='ocrx_word' id='word_1_904' title='bbox 610 5032 820 5088; x_wconf 90' lang='lat' dir='ltr'><strong>redimit</strong></span> <span class='ocrx_word' id='word_1_905' title='bbox 853 5032 1079 5104; x_wconf 80' lang='lat' dir='ltr'><strong>Israhel,</strong></span> <span class='ocrx_word' id='word_1_906' title='bbox 1107 5045 1157 5086; x_wconf 90' lang='lat' dir='ltr'><strong>et</strong></span> <span class='ocrx_word' id='word_1_907' title='bbox 1187 5032 1346 5101; x_wconf 81' lang='lat' dir='ltr'><strong>elegit</strong></span> <span class='ocrx_word' id='word_1_908' title='bbox 1374 5034 1701 5088; x_wconf 86' lang='lat' dir='ltr'><strong>llierusaletn</strong></span> <span class='ocrx_word' id='word_1_909' title='bbox 1729 5052 1742 5088; x_wconf 87' lang='lat'><strong>:</strong></span> <span class='ocrx_word' id='word_1_910' title='bbox 1770 5051 1875 5089; x_wconf 90' lang='lat' dir='ltr'><strong>no-</strong></span> 
     </span>
    </p>
   </div>
   <div class='ocr_carea' id='block_1_126' title="bbox 310 5103 1878 5177">
    <p class='ocr_par' dir='ltr' id='par_1_126' title="bbox 310 5103 1878 5177">
     <span class='ocr_line' id='line_1_128' title="bbox 310 5103 1878 5177; baseline 0.001 -17"><span class='ocrx_word' id='word_1_911' title='bbox 310 5107 389 5160; x_wconf 82' lang='lat' dir='ltr'><strong>bis</strong></span> <span class='ocrx_word' id='word_1_912' title='bbox 430 5103 558 5176; x_wconf 81' lang='lat' dir='ltr'><strong>ergo</strong></span> <span class='ocrx_word' id='word_1_913' title='bbox 587 5104 711 5158; x_wconf 86' lang='lat' dir='ltr'><strong>vicit</strong></span> <span class='ocrx_word' id='word_1_914' title='bbox 740 5106 828 5174; x_wconf 85' lang='lat' dir='ltr'><strong>qui</strong></span> <span class='ocrx_word' id='word_1_915' title='bbox 860 5103 1006 5157; x_wconf 86' lang='lat' dir='ltr'><strong>solus</strong></span> <span class='ocrx_word' id='word_1_916' title='bbox 1038 5104 1310 5158; x_wconf 87' lang='lat' dir='ltr'><strong>victoriam</strong></span> <span class='ocrx_word' id='word_1_917' title='bbox 1342 5107 1407 5157; x_wconf 89' lang='lat' dir='ltr'><strong>de</strong></span> <span class='ocrx_word' id='word_1_918' title='bbox 1435 5104 1652 5161; x_wconf 88' lang='lat' dir='ltr'><strong>diabolo</strong></span> <span class='ocrx_word' id='word_1_919' title='bbox 1682 5120 1878 5177; x_wconf 83' lang='lat' dir='ltr'><strong>capere</strong></span> 
     </span>
    </p>
   </div>
   <div class='ocr_carea' id='block_1_127' title="bbox 384 5240 1882 5312">
    <p class='ocr_par' dir='ltr' id='par_1_127' title="bbox 384 5240 1882 5312">
     <span class='ocr_line' id='line_1_129' title="bbox 384 5240 1882 5312; baseline -0.001 -14"><span class='ocrx_word' id='word_1_920' title='bbox 384 5243 409 5271; x_wconf 74' lang='grc'>⁸</span> <span class='ocrx_word' id='word_1_921' title='bbox 458 5244 629 5298; x_wconf 87' lang='lat' dir='ltr'><strong>Locus</strong></span> <span class='ocrx_word' id='word_1_922' title='bbox 684 5243 836 5299; x_wconf 89' lang='lat' dir='ltr'><strong>valde</strong></span> <span class='ocrx_word' id='word_1_923' title='bbox 887 5240 1134 5311; x_wconf 79' lang='lat' dir='ltr'><strong>notabilis</strong></span> <span class='ocrx_word' id='word_1_924' title='bbox 1185 5240 1259 5305; x_wconf 81' lang='lat' dir='ltr'><strong>ob</strong></span> <span class='ocrx_word' id='word_1_925' title='bbox 1286 5241 1686 5308; x_wconf 9' lang='lat' dir='ltr'><strong>{testimandatn</strong></span> <span class='ocrx_word' id='word_1_926' title='bbox 1727 5242 1882 5312; x_wconf 88' lang='lat' dir='ltr'><strong>hujus</strong></span> 
     </span>
    </p>
   </div>
   <div class='ocr_carea' id='block_1_128' title="bbox 308 5313 1883 5383">
    <p class='ocr_par' dir='ltr' id='par_1_128' title="bbox 308 5313 1883 5383">
     <span class='ocr_line' id='line_1_130' title="bbox 308 5313 1883 5383; baseline 0.001 -17"><span class='ocrx_word' id='word_1_927' title='bbox 308 5314 559 5368; x_wconf 81' lang='lat' dir='ltr'><strong>Chronici</strong></span> <span class='ocrx_word' id='word_1_928' title='bbox 590 5316 976 5383; x_wconf 83' lang='lat' dir='ltr'><strong>antiquitatem.</strong></span> <span class='ocrx_word' id='word_1_929' title='bbox 1013 5313 1218 5383; x_wconf 85' lang='lat' dir='ltr'><strong>Etenim</strong></span> <span class='ocrx_word' id='word_1_930' title='bbox 1250 5324 1611 5383; x_wconf 69' lang='lat' dir='ltr'><strong>auctor-vetus</strong></span> <span class='ocrx_word' id='word_1_931' title='bbox 1640 5313 1883 5379; x_wconf 70' lang='lat' dir='ltr'><strong>epistolae</strong></span> 
     </span>
    </p>
   </div>
   <div class='ocr_carea' id='block_1_129' title="bbox 309 5382 1880 5455">
    <p class='ocr_par' dir='ltr' id='par_1_129' title="bbox 309 5382 1880 5455">
     <span class='ocr_line' id='line_1_131' title="bbox 309 5382 1880 5455; baseline -0.002 -19"><span class='ocrx_word' id='word_1_932' title='bbox 309 5386 377 5437; x_wconf 88' lang='lat' dir='ltr'><strong>de</strong></span> <span class='ocrx_word' id='word_1_933' title='bbox 412 5384 688 5455; x_wconf 75' lang='lat' dir='ltr'><strong>ordinibus</strong></span> <span class='ocrx_word' id='word_1_934' title='bbox 722 5382 965 5439; x_wconf 75' lang='lat' dir='ltr'><strong>ecclesiae</strong></span> <span class='ocrx_word' id='word_1_935' title='bbox 1006 5384 1104 5455; x_wconf 86' lang='lat' dir='ltr'><strong>(S.</strong></span> <span class='ocrx_word' id='word_1_936' title='bbox 1148 5382 1367 5451; x_wconf 76' lang='lat' dir='ltr'><strong>Hieran.</strong></span> <span class='ocrx_word' id='word_1_937' title='bbox 1401 5382 1565 5451; x_wconf 89' lang='lat' dir='ltr'><strong>0pp.,</strong></span> <span class='ocrx_word' id='word_1_938' title='bbox 1602 5394 1723 5437; x_wconf 82' lang='grc' dir='ltr'>ιοιιι.</span> <span class='ocrx_word' id='word_1_939' title='bbox 1760 5383 1880 5449; x_wconf 61' lang='lat' dir='ltr'><strong>«IL,</strong></span> 
     </span>
    </p>
   </div>
   <div class='ocr_carea' id='block_1_130' title="bbox 311 5452 1884 5525">
    <p class='ocr_par' dir='ltr' id='par_1_130' title="bbox 311 5452 1884 5525">
     <span class='ocr_line' id='line_1_132' title="bbox 311 5452 1884 5525; baseline 0.001 -21"><span class='ocrx_word' id='word_1_940' title='bbox 311 5468 361 5521; x_wconf 91' lang='lat' dir='ltr'><strong>p.</strong></span> <span class='ocrx_word' id='word_1_941' title='bbox 396 5452 545 5523; x_wconf 77' lang='lat'><strong>“5),</strong></span> <span class='ocrx_word' id='word_1_942' title='bbox 584 5456 798 5525; x_wconf 80' lang='lat' dir='ltr'><strong>primus,</strong></span> <span class='ocrx_word' id='word_1_943' title='bbox 837 5452 1055 5524; x_wconf 72' lang='lat' dir='ltr'><strong>inquit,</strong></span> <span class='ocrx_word' id='word_1_944' title='bbox 1079 5455 1132 5507; x_wconf 80' lang='lat' dir='ltr'><strong>in</strong></span> <span class='ocrx_word' id='word_1_945' title='bbox 1168 5455 1362 5508; x_wconf 79' lang='lat' dir='ltr'><strong>clericis</strong></span> <span class='ocrx_word' id='word_1_946' title='bbox 1388 5455 1728 5525; x_wconf 12' lang='lat' dir='ltr'><strong>,[ossart&#39;orum</strong></span> <span class='ocrx_word' id='word_1_947' title='bbox 1751 5457 1884 5525; x_wconf 82' lang='lat' dir='ltr'><strong>ordo</strong></span> 
     </span>
    </p>
   </div>
   <div class='ocr_carea' id='block_1_131' title="bbox 307 5523 1882 5593">
    <p class='ocr_par' dir='ltr' id='par_1_131' title="bbox 307 5523 1882 5593">
     <span class='ocr_line' id='line_1_133' title="bbox 307 5523 1882 5593; baseline -0.001 -15"><span class='ocrx_word' id='word_1_948' title='bbox 307 5533 403 5590; x_wconf 79' lang='lat' dir='ltr'><strong>est,</strong></span> <span class='ocrx_word' id='word_1_949' title='bbox 434 5523 591 5593; x_wconf 83' lang='lat' dir='ltr'><strong>quem</strong></span> <span class='ocrx_word' id='word_1_950' title='bbox 620 5537 799 5579; x_wconf 86' lang='lat' dir='ltr'><strong>noster</strong></span> <span class='ocrx_word' id='word_1_951' title='bbox 823 5523 997 5579; x_wconf 84' lang='lat' dir='ltr'><strong>tanien</strong></span> <span class='ocrx_word' id='word_1_952' title='bbox 1023 5525 1172 5593; x_wconf 88' lang='lat' dir='ltr'><strong>ponit</strong></span> <span class='ocrx_word' id='word_1_953' title='bbox 1195 5524 1511 5578; x_wconf 83' lang='lat' dir='ltr'><strong>secundum.</strong></span> <span class='ocrx_word' id='word_1_954' title='bbox 1536 5523 1882 5579; x_wconf 83' lang='lat' dir='ltr'><strong>Animadver-</strong></span> 
     </span>
    </p>
   </div>
   <div class='ocr_carea' id='block_1_132' title="bbox 312 5594 1885 5664">
    <p class='ocr_par' dir='ltr' id='par_1_132' title="bbox 312 5594 1885 5664">
     <span class='ocr_line' id='line_1_134' title="bbox 312 5594 1885 5664; baseline 0.001 -17"><span class='ocrx_word' id='word_1_955' title='bbox 312 5596 375 5647; x_wconf 89' lang='lat' dir='ltr'><strong>tit</strong></span> <span class='ocrx_word' id='word_1_956' title='bbox 400 5607 575 5648; x_wconf 90' lang='lat' dir='ltr'><strong>autem</strong></span> <span class='ocrx_word' id='word_1_957' title='bbox 614 5596 860 5664; x_wconf 81' lang='lat' dir='ltr'><strong>Aringius</strong></span> <span class='ocrx_word' id='word_1_958' title='bbox 899 5596 1050 5648; x_wconf 79' lang='lat' dir='ltr'><strong>ltom.</strong></span> <span class='ocrx_word' id='word_1_959' title='bbox 1079 5595 1227 5664; x_wconf 14' lang='lat' dir='ltr'><strong>rsubt.</strong></span> <span class='ocrx_word' id='word_1_960' title='bbox 1261 5594 1324 5649; x_wconf 87' lang='grc' dir='ltr'><strong>Τ.</strong></span> <span class='ocrx_word' id='word_1_961' title='bbox 1356 5595 1403 5659; x_wconf 90' lang='lat' dir='ltr'><strong>l,</strong></span> <span class='ocrx_word' id='word_1_962' title='bbox 1439 5610 1490 5663; x_wconf 88' lang='lat' dir='ltr'><strong>p.</strong></span> <span class='ocrx_word' id='word_1_963' title='bbox 1520 5596 1609 5658; x_wconf 83' lang='lat'><strong>60,</strong></span> <span class='ocrx_word' id='word_1_964' title='bbox 1643 5597 1885 5663; x_wconf 78' lang='lat' dir='ltr'><strong>(essuries</strong></span> 
     </span>
    </p>
   </div>
   <div class='ocr_carea' id='block_1_133' title="bbox 312 5663 1885 5734">
    <p class='ocr_par' dir='ltr' id='par_1_133' title="bbox 312 5663 1885 5734">
     <span class='ocr_line' id='line_1_135' title="bbox 312 5663 1885 5734; baseline 0.001 -16"><span class='ocrx_word' id='word_1_965' title='bbox 312 5666 410 5718; x_wconf 90' lang='lat' dir='ltr'><strong>hos</strong></span> <span class='ocrx_word' id='word_1_966' title='bbox 440 5665 679 5718; x_wconf 74' lang='lat' dir='ltr'><strong>ecclesia:</strong></span> <span class='ocrx_word' id='word_1_967' title='bbox 718 5663 1017 5729; x_wconf 81' lang='lat' dir='ltr'><strong>ministros,</strong></span> <span class='ocrx_word' id='word_1_968' title='bbox 1058 5663 1161 5718; x_wconf 90' lang='lat' dir='ltr'><strong>dici</strong></span> <span class='ocrx_word' id='word_1_969' title='bbox 1212 5673 1470 5726; x_wconf 76' lang='grc' dir='ltr'><strong>κοπῶντας</strong></span> <span class='ocrx_word' id='word_1_970' title='bbox 1502 5681 1531 5718; x_wconf 88' lang='lat' dir='ltr'><strong>a</strong></span> <span class='ocrx_word' id='word_1_971' title='bbox 1580 5669 1637 5720; x_wconf 89' lang='lat' dir='ltr'><strong>S.</strong></span> <span class='ocrx_word' id='word_1_972' title='bbox 1689 5665 1885 5734; x_wconf 84' lang='lat' dir='ltr'><strong>lguatio</strong></span> 
     </span>
    </p>
   </div>
   <div class='ocr_carea' id='block_1_134' title="bbox 313 5734 1883 5806">
    <p class='ocr_par' dir='ltr' id='par_1_134' title="bbox 313 5734 1883 5806">
     <span class='ocr_line' id='line_1_136' title="bbox 313 5734 1883 5806; baseline -0.001 -16"><span class='ocrx_word' id='word_1_973' title='bbox 313 5735 470 5805; x_wconf 82' lang='lat' dir='ltr'><strong>cpisl.</strong></span> <span class='ocrx_word' id='word_1_974' title='bbox 520 5736 584 5788; x_wconf 85' lang='lat' dir='ltr'><strong>ad</strong></span> <span class='ocrx_word' id='word_1_975' title='bbox 628 5734 897 5803; x_wconf 66' lang='lat' dir='ltr'><strong>Antioch,</strong></span> <span class='ocrx_word' id='word_1_976' title='bbox 945 5747 995 5791; x_wconf 82' lang='lat' dir='ltr'><strong>et</strong></span> <span class='ocrx_word' id='word_1_977' title='bbox 1028 5738 1268 5796; x_wconf 76' lang='grc' dir='ltr'><strong>κοπιατάς</strong></span> <span class='ocrx_word' id='word_1_978' title='bbox 1320 5752 1347 5789; x_wconf 86' lang='lat' dir='ltr'><strong>a</strong></span> <span class='ocrx_word' id='word_1_979' title='bbox 1392 5739 1449 5793; x_wconf 86' lang='lat' dir='ltr'><strong>S.</strong></span> <span class='ocrx_word' id='word_1_980' title='bbox 1503 5735 1796 5806; x_wconf 82' lang='lat' dir='ltr'><strong>Epiphanio</strong></span> <span class='ocrx_word' id='word_1_981' title='bbox 1829 5736 1883 5791; x_wconf 72' lang='grc' dir='ltr'><strong>ιιι</strong></span> 
     </span>
    </p>
   </div>
   <div class='ocr_carea' id='block_1_135' title="bbox 1982 4540 3563 4606">
    <p class='ocr_par' dir='ltr' id='par_1_135' title="bbox 1982 4540 3563 4606">
     <span class='ocr_line' id='line_1_137' title="bbox 1982 4540 3563 4606; baseline -0.002 -11"><span class='ocrx_word' id='word_1_982' title='bbox 1982 4540 2168 4596; x_wconf 88' lang='lat' dir='ltr'><strong>ﬁcaret</strong></span> <span class='ocrx_word' id='word_1_983' title='bbox 2214 4556 2334 4596; x_wconf 87' lang='lat' dir='ltr'><strong>esse</strong></span> <span class='ocrx_word' id='word_1_984' title='bbox 2379 4541 2727 4595; x_wconf 89' lang='lat' dir='ltr'><strong>destructum.</strong></span> <span class='ocrx_word' id='word_1_985' title='bbox 2775 4541 2925 4606; x_wconf 88' lang='lat' dir='ltr'><strong>Quod</strong></span> <span class='ocrx_word' id='word_1_986' title='bbox 2967 4553 3093 4593; x_wconf 90' lang='lat' dir='ltr'><strong>vero</strong></span> <span class='ocrx_word' id='word_1_987' title='bbox 3136 4549 3311 4592; x_wconf 89' lang='lat' dir='ltr'><strong>vestes</strong></span> <span class='ocrx_word' id='word_1_988' title='bbox 3351 4540 3466 4606; x_wconf 82' lang='lat' dir='ltr'><strong>ejus</strong></span> <span class='ocrx_word' id='word_1_989' title='bbox 3510 4542 3563 4592; x_wconf 88' lang='lat' dir='ltr'><strong>in</strong></span> 
     </span>
    </p>
   </div>
   <div class='ocr_carea' id='block_1_136' title="bbox 1979 4611 3561 4677">
    <p class='ocr_par' dir='ltr' id='par_1_136' title="bbox 1979 4611 3561 4677">
     <span class='ocr_line' id='line_1_138' title="bbox 1979 4611 3561 4677; baseline -0.003 -12"><span class='ocrx_word' id='word_1_990' title='bbox 1979 4622 2179 4667; x_wconf 88' lang='lat' dir='ltr'><strong>sortem</strong></span> <span class='ocrx_word' id='word_1_991' title='bbox 2215 4611 2534 4677; x_wconf 88' lang='lat' dir='ltr'><strong>ceciderint,</strong></span> <span class='ocrx_word' id='word_1_992' title='bbox 2578 4619 2637 4665; x_wconf 92' lang='lat' dir='ltr'><strong>ut</strong></span> <span class='ocrx_word' id='word_1_993' title='bbox 2681 4624 2800 4666; x_wconf 86' lang='lat' dir='ltr'><strong>sors</strong></span> <span class='ocrx_word' id='word_1_994' title='bbox 2834 4618 3138 4664; x_wconf 86' lang='lat' dir='ltr'><strong>sanctorum</strong></span> <span class='ocrx_word' id='word_1_995' title='bbox 3172 4611 3473 4667; x_wconf 80' lang='lat' dir='ltr'><strong>ﬁrmaretur</strong></span> <span class='ocrx_word' id='word_1_996' title='bbox 3510 4611 3561 4664; x_wconf 91' lang='lat' dir='ltr'><strong>in</strong></span> 
     </span>
    </p>
   </div>
   <div class='ocr_carea' id='block_1_137' title="bbox 1979 4683 2139 4737">
    <p class='ocr_par' dir='ltr' id='par_1_137' title="bbox 1979 4683 2139 4737">
     <span class='ocr_line' id='line_1_139' title="bbox 1979 4683 2139 4737; baseline -0.019 0"><span class='ocrx_word' id='word_1_997' title='bbox 1979 4683 2139 4737; x_wconf 64' lang='lat' dir='ltr'><strong>caelo.</strong></span> 
     </span>
    </p>
   </div>
   <div class='ocr_carea' id='block_1_138' title="bbox 2049 4749 3560 4821">
    <p class='ocr_par' dir='ltr' id='par_1_138' title="bbox 2049 4749 3560 4821">
     <span class='ocr_line' id='line_1_140' title="bbox 2049 4749 3560 4821; baseline -0.003 -16"><span class='ocrx_word' id='word_1_998' title='bbox 2049 4754 2139 4808; x_wconf 74' lang='lat'><strong>2|.</strong></span> <span class='ocrx_word' id='word_1_999' title='bbox 2182 4752 2245 4809; x_wconf 85' lang='lat' dir='ltr'><strong>Et</strong></span> <span class='ocrx_word' id='word_1_1000' title='bbox 2272 4752 2409 4821; x_wconf 91' lang='lat' dir='ltr'><strong>quod</strong></span> <span class='ocrx_word' id='word_1_1001' title='bbox 2450 4751 2610 4806; x_wconf 90' lang='lat' dir='ltr'><strong>etiam</strong></span> <span class='ocrx_word' id='word_1_1002' title='bbox 2656 4749 2867 4821; x_wconf 87' lang='lat' dir='ltr'><strong>propria</strong></span> <span class='ocrx_word' id='word_1_1003' title='bbox 2911 4757 3211 4819; x_wconf 74' lang='lat' dir='ltr'><strong>potestate.</strong></span> <span class='ocrx_word' id='word_1_1004' title='bbox 3251 4756 3423 4805; x_wconf 88' lang='lat' dir='ltr'><strong>morte</strong></span> <span class='ocrx_word' id='word_1_1005' title='bbox 3460 4763 3560 4803; x_wconf 88' lang='lat' dir='ltr'><strong>sua</strong></span> 
     </span>
    </p>
   </div>
   <div class='ocr_carea' id='block_1_139' title="bbox 1982 4822 3561 4891">
    <p class='ocr_par' dir='ltr' id='par_1_139' title="bbox 1982 4822 3561 4891">
     <span class='ocr_line' id='line_1_141' title="bbox 1982 4822 3561 4891; baseline -0.003 -14"><span class='ocrx_word' id='word_1_1006' title='bbox 1982 4822 2167 4877; x_wconf 90' lang='lat' dir='ltr'><strong>habuit</strong></span> <span class='ocrx_word' id='word_1_1007' title='bbox 2210 4822 2563 4891; x_wconf 78' lang='lat' dir='ltr'><strong>expletionem</strong></span> <span class='ocrx_word' id='word_1_1008' title='bbox 2603 4822 2819 4886; x_wconf 88' lang='lat' dir='ltr'><strong>dicens,</strong></span> <span class='ocrx_word' id='word_1_1009' title='bbox 2857 4822 3299 4891; x_wconf 82' lang='lat' dir='ltr'><strong>Consutntnatunt</strong></span> <span class='ocrx_word' id='word_1_1010' title='bbox 3341 4828 3473 4891; x_wconf 23' lang='lat' dir='ltr'><strong>est,‘</strong></span> <span class='ocrx_word' id='word_1_1011' title='bbox 3506 4831 3561 4873; x_wconf 93' lang='lat' dir='ltr'><strong>et</strong></span> 
     </span>
    </p>
   </div>
   <div class='ocr_carea' id='block_1_140' title="bbox 1981 4888 3562 4961">
    <p class='ocr_par' dir='ltr' id='par_1_140' title="bbox 1981 4888 3562 4961">
     <span class='ocr_line' id='line_1_142' title="bbox 1981 4888 3562 4961; baseline -0.003 -14"><span class='ocrx_word' id='word_1_1012' title='bbox 1981 4893 2232 4947; x_wconf 89' lang='lat' dir='ltr'><strong>inclinato</strong></span> <span class='ocrx_word' id='word_1_1013' title='bbox 2257 4888 2430 4961; x_wconf 82' lang='lat' dir='ltr'><strong>capite</strong></span> <span class='ocrx_word' id='word_1_1014' title='bbox 2461 4892 2675 4955; x_wconf 84' lang='lat' dir='ltr'><strong>tradidit</strong></span> <span class='ocrx_word' id='word_1_1015' title='bbox 2700 4892 2977 4961; x_wconf 91' lang='lat' dir='ltr'><strong>spiritum;</strong></span> <span class='ocrx_word' id='word_1_1016' title='bbox 3009 4898 3221 4960; x_wconf 82' lang='lat' dir='ltr'><strong>propter</strong></span> <span class='ocrx_word' id='word_1_1017' title='bbox 3250 4888 3380 4943; x_wconf 89' lang='lat' dir='ltr'><strong>illud</strong></span> <span class='ocrx_word' id='word_1_1018' title='bbox 3406 4905 3419 4940; x_wconf 90' lang='lat'><strong>:</strong></span> <span class='ocrx_word' id='word_1_1019' title='bbox 3455 4888 3562 4942; x_wconf 81' lang='lat' dir='ltr'><strong>Po-</strong></span> 
     </span>
    </p>
   </div>
   <div class='ocr_carea' id='block_1_141' title="bbox 1984 4962 3563 5030">
    <p class='ocr_par' dir='ltr' id='par_1_141' title="bbox 1984 4962 3563 5030">
     <span class='ocr_line' id='line_1_143' title="bbox 1984 4962 3563 5030; baseline -0.003 -15"><span class='ocrx_word' id='word_1_1020' title='bbox 1984 4972 2227 5018; x_wconf 88' lang='lat' dir='ltr'><strong>testatem</strong></span> <span class='ocrx_word' id='word_1_1021' title='bbox 2260 4962 2428 5023; x_wconf 88' lang='lat' dir='ltr'><strong>habeo</strong></span> <span class='ocrx_word' id='word_1_1022' title='bbox 2467 4963 2694 5030; x_wconf 80' lang='lat' dir='ltr'><strong>ponendi</strong></span> <span class='ocrx_word' id='word_1_1023' title='bbox 2736 4963 2968 5015; x_wconf 86' lang='lat' dir='ltr'><strong>animam</strong></span> <span class='ocrx_word' id='word_1_1024' title='bbox 3001 4975 3205 5022; x_wconf 83' lang='lat' dir='ltr'><strong>meatu,</strong></span> <span class='ocrx_word' id='word_1_1025' title='bbox 3237 4968 3291 5013; x_wconf 91' lang='lat' dir='ltr'><strong>et</strong></span> <span class='ocrx_word' id='word_1_1026' title='bbox 3329 4966 3563 5030; x_wconf 83' lang='lat' dir='ltr'><strong>potesta-</strong></span> 
     </span>
    </p>
   </div>
   <div class='ocr_carea' id='block_1_142' title="bbox 1983 5028 3561 5098">
    <p class='ocr_par' dir='ltr' id='par_1_142' title="bbox 1983 5028 3561 5098">
     <span class='ocr_line' id='line_1_144' title="bbox 1983 5028 3561 5098; baseline -0.003 -11"><span class='ocrx_word' id='word_1_1027' title='bbox 1983 5042 2086 5087; x_wconf 91' lang='lat' dir='ltr'><strong>tem</strong></span> <span class='ocrx_word' id='word_1_1028' title='bbox 2120 5032 2289 5097; x_wconf 84' lang='lat' dir='ltr'><strong>habeo</strong></span> <span class='ocrx_word' id='word_1_1029' title='bbox 2318 5028 2505 5095; x_wconf 82' lang='lat' dir='ltr'><strong>iterum</strong></span> <span class='ocrx_word' id='word_1_1030' title='bbox 2536 5031 2779 5095; x_wconf 85' lang='lat' dir='ltr'><strong>sumendi</strong></span> <span class='ocrx_word' id='word_1_1031' title='bbox 2804 5046 2955 5091; x_wconf 83' lang='lat' dir='ltr'><strong>eam;</strong></span> <span class='ocrx_word' id='word_1_1032' title='bbox 2983 5045 3050 5086; x_wconf 86' lang='lat' dir='ltr'><strong>eo</strong></span> <span class='ocrx_word' id='word_1_1033' title='bbox 3070 5031 3208 5098; x_wconf 91' lang='lat' dir='ltr'><strong>quod</strong></span> <span class='ocrx_word' id='word_1_1034' title='bbox 3238 5028 3561 5084; x_wconf 89' lang='lat' dir='ltr'><strong>sacrillcium</strong></span> 
     </span>
    </p>
   </div>
   <div class='ocr_carea' id='block_1_143' title="bbox 1982 5099 3560 5174">
    <p class='ocr_par' dir='ltr' id='par_1_143' title="bbox 1982 5099 3560 5174">
     <span class='ocr_line' id='line_1_145' title="bbox 1982 5099 3560 5174; baseline -0.004 -15"><span class='ocrx_word' id='word_1_1035' title='bbox 1982 5103 2337 5169; x_wconf 79' lang='lat' dir='ltr'><strong>voluntarium</strong></span> <span class='ocrx_word' id='word_1_1036' title='bbox 2367 5119 2428 5159; x_wconf 90' lang='lat' dir='ltr'><strong>se</strong></span> <span class='ocrx_word' id='word_1_1037' title='bbox 2461 5104 2634 5174; x_wconf 80' lang='lat' dir='ltr'><strong>ipsum</strong></span> <span class='ocrx_word' id='word_1_1038' title='bbox 2661 5101 3039 5170; x_wconf 64' lang='lat' dir='ltr'><strong>optulitl’atri,</strong></span> <span class='ocrx_word' id='word_1_1039' title='bbox 3054 5115 3156 5169; x_wconf 81' lang='lat' dir='ltr'><strong>pro</strong></span> <span class='ocrx_word' id='word_1_1040' title='bbox 3180 5100 3352 5155; x_wconf 84' lang='lat' dir='ltr'><strong>nobis.</strong></span> <span class='ocrx_word' id='word_1_1041' title='bbox 3380 5099 3560 5166; x_wconf 41' lang='lat' dir='ltr'><strong>Quods</strong></span> 
     </span>
    </p>
   </div>
   <div class='ocr_carea' id='block_1_144' title="bbox 1984 5228 3561 5307">
    <p class='ocr_par' dir='ltr' id='par_1_144' title="bbox 1984 5228 3561 5307">
     <span class='ocr_line' id='line_1_146' title="bbox 1984 5228 3561 5307; baseline -0.004 -15"><span class='ocrx_word' id='word_1_1042' title='bbox 1984 5253 2109 5307; x_wconf 80' lang='lat' dir='ltr'><strong>exp.</strong></span> <span class='ocrx_word' id='word_1_1043' title='bbox 2139 5236 2230 5301; x_wconf 78' lang='lat' dir='ltr'><strong>ﬁd,</strong></span> <span class='ocrx_word' id='word_1_1044' title='bbox 2265 5238 2536 5299; x_wconf 83' lang='lat' dir='ltr'><strong>Boldettus</strong></span> <span class='ocrx_word' id='word_1_1045' title='bbox 2579 5235 2632 5289; x_wconf 92' lang='lat' dir='ltr'><strong>in</strong></span> <span class='ocrx_word' id='word_1_1046' title='bbox 2660 5234 2993 5307; x_wconf 72' lang='lat' dir='ltr'><strong>Cmtneteriis</strong></span> <span class='ocrx_word' id='word_1_1047' title='bbox 3035 5233 3140 5307; x_wconf 91' lang='lat' dir='ltr'><strong>lib._</strong></span> <span class='ocrx_word' id='word_1_1048' title='bbox 3170 5248 3231 5303; x_wconf 89' lang='grc' dir='ltr'><strong>ι,¹</strong></span> <span class='ocrx_word' id='word_1_1049' title='bbox 3263 5232 3351 5307; x_wconf 72' lang='grc'><strong>15,</strong></span> <span class='ocrx_word' id='word_1_1050' title='bbox 3382 5231 3449 5286; x_wconf 90' lang='lat' dir='ltr'><strong>de</strong></span> <span class='ocrx_word' id='word_1_1051' title='bbox 3480 5228 3561 5307; x_wconf 84' lang='lat' dir='ltr'><strong>his</strong></span> 
     </span>
    </p>
   </div>
   <div class='ocr_carea' id='block_1_145' title="bbox 1984 5302 3559 5367">
    <p class='ocr_par' dir='ltr' id='par_1_145' title="bbox 1984 5302 3559 5367">
     <span class='ocr_line' id='line_1_147' title="bbox 1984 5302 3559 5367; baseline -0.007 -3"><span class='ocrx_word' id='word_1_1052' title='bbox 1984 5302 2301 5364; x_wconf 75' lang='lat' dir='ltr'><strong>Christianis</strong></span> <span class='ocrx_word' id='word_1_1053' title='bbox 2349 5307 2584 5367; x_wconf 83' lang='lat' dir='ltr'><strong>fossariis</strong></span> <span class='ocrx_word' id='word_1_1054' title='bbox 2626 5321 2743 5367; x_wconf 17' lang='lat' dir='ltr'><strong>seu,</strong></span> <span class='ocrx_word' id='word_1_1055' title='bbox 2776 5304 3066 5360; x_wconf 85' lang='lat' dir='ltr'><strong>fossoribus</strong></span> <span class='ocrx_word' id='word_1_1056' title='bbox 3111 5302 3265 5358; x_wconf 82' lang='lat' dir='ltr'><strong>docte</strong></span> <span class='ocrx_word' id='word_1_1057' title='bbox 3310 5302 3559 5363; x_wconf 86' lang='lat' dir='ltr'><strong>disserit,</strong></span> 
     </span>
    </p>
   </div>
   <div class='ocr_carea' id='block_1_146' title="bbox 1987 5374 3559 5448">
    <p class='ocr_par' dir='ltr' id='par_1_146' title="bbox 1987 5374 3559 5448">
     <span class='ocr_line' id='line_1_148' title="bbox 1987 5374 3559 5448; baseline -0.006 -15"><span class='ocrx_word' id='word_1_1058' title='bbox 1987 5380 2320 5448; x_wconf 80' lang='lat' dir='ltr'><strong>exhibetque</strong></span> <span class='ocrx_word' id='word_1_1059' title='bbox 2351 5378 2631 5445; x_wconf 85' lang='lat' dir='ltr'><strong>imaginem</strong></span> <span class='ocrx_word' id='word_1_1060' title='bbox 2653 5378 2708 5448; x_wconf 78' lang='lat' dir='ltr'><strong>in</strong></span> <span class='ocrx_word' id='word_1_1061' title='bbox 2736 5377 2938 5442; x_wconf 83' lang='lat' dir='ltr'><strong>cryptis</strong></span> <span class='ocrx_word' id='word_1_1062' title='bbox 2964 5374 3129 5427; x_wconf 87' lang='lat' dir='ltr'><strong>sacris</strong></span> <span class='ocrx_word' id='word_1_1063' title='bbox 3154 5384 3417 5441; x_wconf 85' lang='lat' dir='ltr'><strong>repertam</strong></span> <span class='ocrx_word' id='word_1_1064' title='bbox 3437 5385 3559 5426; x_wconf 90' lang='lat' dir='ltr'><strong>cum</strong></span> 
     </span>
    </p>
   </div>
   <div class='ocr_carea' id='block_1_147' title="bbox 1987 5445 3557 5517">
    <p class='ocr_par' dir='ltr' id='par_1_147' title="bbox 1987 5445 3557 5517">
     <span class='ocr_line' id='line_1_149' title="bbox 1987 5445 3557 5517; baseline -0.006 -14"><span class='ocrx_word' id='word_1_1065' title='bbox 1987 5445 2327 5517; x_wconf 82' lang='lat' dir='ltr'><strong>inscriptione</strong></span> <span class='ocrx_word' id='word_1_1066' title='bbox 2344 5449 2630 5502; x_wconf 71' lang='lat' dir='ltr'><strong>DIOGENES.</strong></span> <span class='ocrx_word' id='word_1_1067' title='bbox 2652 5445 2873 5517; x_wconf 80' lang='lat' dir='ltr'><strong>Fossoa.</strong></span> <span class='ocrx_word' id='word_1_1068' title='bbox 2888 5459 2938 5517; x_wconf 59' lang='lat' dir='ltr'><strong>ta</strong></span> <span class='ocrx_word' id='word_1_1069' title='bbox 2960 5459 3112 5500; x_wconf 61' lang='lat' dir='ltr'><strong>race.</strong></span> <span class='ocrx_word' id='word_1_1070' title='bbox 3132 5457 3439 5517; x_wconf 74' lang='lat' dir='ltr'><strong>nspostrus,</strong></span> <span class='ocrx_word' id='word_1_1071' title='bbox 3454 5456 3557 5497; x_wconf 90' lang='lat' dir='ltr'><strong>etc.</strong></span> 
     </span>
    </p>
   </div>
   <div class='ocr_carea' id='block_1_148' title="bbox 1989 5514 3561 5573">
    <p class='ocr_par' dir='ltr' id='par_1_148' title="bbox 1989 5514 3561 5573">
     <span class='ocr_line' id='line_1_150' title="bbox 1989 5514 3561 5573; baseline -0.004 -2"><span class='ocrx_word' id='word_1_1072' title='bbox 1989 5514 2162 5573; x_wconf 83' lang='lat' dir='ltr'><strong>Porro</strong></span> <span class='ocrx_word' id='word_1_1073' title='bbox 2181 5520 2255 5573; x_wconf 82' lang='lat' dir='ltr'><strong>de</strong></span> <span class='ocrx_word' id='word_1_1074' title='bbox 2284 5522 2539 5573; x_wconf 87' lang='lat' dir='ltr'><strong>varietate</strong></span> <span class='ocrx_word' id='word_1_1075' title='bbox 2558 5532 2628 5571; x_wconf 89' lang='lat' dir='ltr'><strong>ac</strong></span> <span class='ocrx_word' id='word_1_1076' title='bbox 2656 5516 2995 5570; x_wconf 80' lang='lat' dir='ltr'><strong>multitudine</strong></span> <span class='ocrx_word' id='word_1_1077' title='bbox 3024 5517 3287 5568; x_wconf 90' lang='lat' dir='ltr'><strong>minorum</strong></span> <span class='ocrx_word' id='word_1_1078' title='bbox 3312 5514 3561 5567; x_wconf 90' lang='lat' dir='ltr'><strong>ordiuutu</strong></span> 
     </span>
    </p>
   </div>
   <div class='ocr_carea' id='block_1_149' title="bbox 1986 5583 3562 5657">
    <p class='ocr_par' dir='ltr' id='par_1_149' title="bbox 1986 5583 3562 5657">
     <span class='ocr_line' id='line_1_151' title="bbox 1986 5583 3562 5657; baseline -0.004 -15"><span class='ocrx_word' id='word_1_1079' title='bbox 1986 5589 2123 5657; x_wconf 91' lang='lat' dir='ltr'><strong>apud</strong></span> <span class='ocrx_word' id='word_1_1080' title='bbox 2158 5587 2332 5642; x_wconf 85' lang='lat' dir='ltr'><strong>varias</strong></span> <span class='ocrx_word' id='word_1_1081' title='bbox 2361 5587 2647 5651; x_wconf 82' lang='lat' dir='ltr'><strong>Ecclesias,</strong></span> <span class='ocrx_word' id='word_1_1082' title='bbox 2680 5588 2854 5657; x_wconf 84' lang='lat' dir='ltr'><strong>legere</strong></span> <span class='ocrx_word' id='word_1_1083' title='bbox 2886 5583 3476 5657; x_wconf 70' lang='lat' dir='ltr'><strong>proderitqttzescribit</strong></span> <span class='ocrx_word' id='word_1_1084' title='bbox 3509 5584 3562 5636; x_wconf 89' lang='lat' dir='ltr'><strong>in</strong></span> 
     </span>
    </p>
   </div>
   <div class='ocr_carea' id='block_1_150' title="bbox 1987 5653 3559 5725">
    <p class='ocr_par' dir='ltr' id='par_1_150' title="bbox 1987 5653 3559 5725">
     <span class='ocr_line' id='line_1_152' title="bbox 1987 5653 3559 5725; baseline -0.003 -12"><span class='ocrx_word' id='word_1_1085' title='bbox 1987 5653 2360 5715; x_wconf 78' lang='lat' dir='ltr'><strong>dissertatione</strong></span> <span class='ocrx_word' id='word_1_1086' title='bbox 2397 5658 2465 5713; x_wconf 89' lang='lat' dir='ltr'><strong>de</strong></span> <span class='ocrx_word' id='word_1_1087' title='bbox 2510 5659 2668 5712; x_wconf 89' lang='lat' dir='ltr'><strong>rebus</strong></span> <span class='ocrx_word' id='word_1_1088' title='bbox 2706 5653 2901 5710; x_wconf 70' lang='lat' dir='ltr'><strong>eccles.</strong></span> <span class='ocrx_word' id='word_1_1089' title='bbox 2932 5654 3075 5725; x_wconf 77' lang='lat' dir='ltr'><strong>copi.</strong></span> <span class='ocrx_word' id='word_1_1090' title='bbox 3117 5653 3380 5725; x_wconf 83' lang='lat' dir='ltr'><strong>.losephns</strong></span> <span class='ocrx_word' id='word_1_1091' title='bbox 3407 5656 3559 5708; x_wconf 79' lang='lat' dir='ltr'><strong>Asse-</strong></span> 
     </span>
    </p>
   </div>
   <div class='ocr_carea' id='block_1_151' title="bbox 1989 5724 3375 5801">
    <p class='ocr_par' dir='ltr' id='par_1_151' title="bbox 1989 5724 3375 5801">
     <span class='ocr_line' id='line_1_153' title="bbox 1989 5724 3375 5801; baseline -0.009 -12"><span class='ocrx_word' id='word_1_1092' title='bbox 1989 5744 2177 5789; x_wconf 85' lang='lat' dir='ltr'><strong>tnanus</strong></span> <span class='ocrx_word' id='word_1_1093' title='bbox 2205 5729 2401 5801; x_wconf 87' lang='lat' dir='ltr'><strong>Script.</strong></span> <span class='ocrx_word' id='word_1_1094' title='bbox 2440 5728 2553 5786; x_wconf 74' lang='lat' dir='ltr'><strong>Yet.</strong></span> <span class='ocrx_word' id='word_1_1095' title='bbox 2586 5738 2712 5784; x_wconf 81' lang='lat' dir='ltr'><strong>tota.</strong></span> <span class='ocrx_word' id='word_1_1096' title='bbox 2752 5725 2815 5793; x_wconf 84' lang='lat' dir='ltr'><strong>V,</strong></span> <span class='ocrx_word' id='word_1_1097' title='bbox 2843 5736 2979 5799; x_wconf 88' lang='lat' dir='ltr'><strong>part.</strong></span> <span class='ocrx_word' id='word_1_1098' title='bbox 3013 5739 3071 5792; x_wconf 89' lang='lat' dir='ltr'><strong>tt,</strong></span> <span class='ocrx_word' id='word_1_1099' title='bbox 3103 5740 3225 5795; x_wconf 66' lang='lat' dir='ltr'><strong>pag.</strong></span> <span class='ocrx_word' id='word_1_1100' title='bbox 3254 5724 3375 5779; x_wconf 77' lang='grc' dir='ltr'><strong>1δ7.</strong></span> 
     </span>
    </p>
   </div>
  </div>
