4064 6346
560 303 691 358 “7|

556 466 891 520 Innrlilicalio
941 467 1077 519 illius
1120 466 1514 519 immortalitate
1554 465 1925 519 vivillcaretnr.
1972 469 2123 531 Quod

555 547 733 591 autem
765 546 1076 589 cteternruur
1109 550 1261 588 crura
1293 536 1560 588 confracta
1584 580 1597 599 ,
1643 533 1863 604 ejusque
1909 537 2125 591 minime

554 616 679 660 sunt
705 607 1028 660 comminuta
1050 648 1063 667 ,
1098 614 1309 673 propter
1337 605 1458 659 illud
1499 612 1621 659 ante
1653 607 1959 671 praedictum
1984 647 1997 668 ,
2030 609 2127 659 Us-

554 692 672 729 suur
700 677 792 745 (ita
817 676 961 741 cod.)
995 690 1097 728 non
1128 675 1499 728 comrninuetis
1538 689 1599 728 ex
1631 690 1713 728 eo.
1753 675 1864 741 Ipse
1900 691 2126 744 namque

552 756 634 799 est
686 761 851 813 agnus
908 745 1165 812 paschalis
1212 746 1509 814 populoque
1557 745 1901 809 mactandos;
1953 756 2007 800 et
2058 748 2125 799 ab

554 816 785 886 Egypto
827 831 923 870 suo
962 826 1143 870 sancto
1181 831 1368 869 cruore
1408 816 1472 867 ad
1517 824 1709 886 terram
1758 814 2125 882 promissionis

555 884 921 954 perimedium
973 900 1120 939 mare
1169 887 1381 953 proprio
1427 884 1681 953 sanguine
1732 896 2077 950 purpuratuur
2107 926 2121 948 ,

554 969 729 1024 patres
782 972 902 1012 cum
957 956 1134 1009 liberis
1182 956 1473 1018 reducens,
1526 963 1798 1022 postquam
1846 954 2123 1008 Pharaone

555 1042 824 1092 percusso,
856 1043 974 1079 cum
1003 1026 1113 1079 suis
1139 1041 1258 1077 cum
1288 1026 1457 1078 satelli
1486 1026 1602 1076 ibus
1635 1025 1769 1075 inter
1796 1024 1985 1077 ﬂuctus
2015 1026 2124 1079 alto

554 1098 738 1164 pelago
767 1095 1041 1151 denter-it.
1081 1094 1230 1160 Quod
1272 1106 1445 1148 autem
1476 1094 1541 1146 de
1570 1108 1727 1146 cruce
1762 1096 2042 1159 deponitur
2071 1105 2124 1149 et

552 1167 604 1218 in
634 1168 875 1233 sepulcro
905 1168 1136 1233 ponitur,
1180 1175 1233 1217 ut
1276 1176 1578 1218 sanctorum
1619 1164 1855 1215 omnium
1886 1165 2121 1228 sepultu-

552 1253 662 1288 ram
694 1239 941 1302 sanciret,
967 1246 1014 1289 et
1046 1237 1288 1287 timorem
1320 1234 1505 1286 mortis
1537 1234 1783 1285 auferret.
1818 1233 1969 1299 Quod
1994 1250 2123 1289 vero

552 1306 603 1358 in
637 1307 886 1361 inferiora
912 1318 1061 1360 terra-
1083 1305 1377 1367 descendit,
1405 1313 1457 1355 et
1486 1318 1512 1355 a
1540 1304 1739 1356 caelesti
1764 1305 1888 1356 sede
1915 1302 1981 1357 de
2002 1305 2120 1358 sinu

548 1376 719 1430 Patris
750 1392 852 1430 non
886 1379 1135 1437 recessit,
1171 1386 1224 1427 ut
1252 1390 1376 1426 suos
1406 1372 1470 1427 de
1499 1375 1726 1426 circeris
1756 1374 1962 1427 vinculo
1991 1374 2119 1427 edu-

548 1456 712 1511 ceret,
758 1457 809 1501 el
859 1446 1050 1499 diaboli
1102 1455 1410 1512 potestatem
1459 1444 1778 1507 destrueret,
1830 1445 2120 1512 mortisque

552 1517 830 1585 imperium
864 1524 1198 1580 contereret,
1230 1523 1283 1567 et
1314 1514 1819 1585 inlernipotentiam
1849 1514 2116 1585 aboleret.

549 1597 601 1639 et
631 1583 783 1640 suum
816 1601 1033 1654 regnum
1066 1600 1169 1639 ιιοιι
1204 1585 1374 1637 solum
1402 1584 1580 1651 justis,
1605 1583 1696 1635 sed
1733 1585 1895 1654 etiam
1928 1583 2117 1637 latroni

549 1658 791 1710 donaret.
823 1653 971 1723 Quod
1002 1666 1176 1708 autem
1207 1670 1235 1707 a
1266 1654 1486 1706 mortuis
1520 1662 1635 1719 post
1679 1653 1905 1705 triduum
1937 1669 2115 1707 resur-

1549 305 1635 359 AD
1676 304 2071 359 MtRTYllOL.
2117 303 2315 357 llEDzE
2356 306 2794 363 APPENDICES.

555 411 657 462 quc
698 411 830 449 unus
882 396 1125 462 idemque
1176 396 1312 448 inter
1359 404 1593 447 mortuos
1644 396 1795 459 liber,
1840 406 1900 449 ut
1947 407 2127 450 nostra
2160 403 2205 455 Α
2237 396 2285 449 in
2314 397 2543 451 homine.
2602 400 2729 452 Nam

3652 309 3789 362 1172

2773 408 2891 469 post
2941 402 3074 453 sexti
3120 401 3223 454 dici
3270 399 3630 468 operationem
3679 415 3785 453 rma

2234 467 2419 529 legitur
2452 469 2644 522 factum
2680 467 2783 523 hoc
2807 480 2895 524 aut
2927 471 3094 533 illud;
3128 472 3218 525 sed
3253 467 3547 535 requievit,
3589 471 3790 535 inquit,

2233 537 2371 610 Deus
2399 539 2449 590 in
2478 539 2564 610 die
2592 541 2819 606 septimo
2840 540 2906 592 ab
2932 542 3178 594 omnibus
3202 541 3451 607 operibus
3482 540 3616 595 suis.
3645 542 3793 610 Ergo

2228 608 2511 678 requiescit
2543 611 2715 662 omnis
2764 610 2921 661 homo
2954 611 3021 663 ab
3053 626 3213 678 opere
3244 626 3361 676 suo,
3413 611 3494 664 vel
3522 612 3607 665 hic
3637 608 3793 664 moir-

2226 676 2322 729 dus
2369 679 2435 731 ab
2477 678 2662 734 studiis
2710 679 2819 732 suis
2860 676 3106 746 tanquam
3154 682 3204 733 in
3242 680 3327 735 die
3361 682 3617 748 septimo,
3668 691 3795 747 post

2226 755 2427 798 sextam
2479 763 2625 799 suam
2681 760 2888 802 aetatem
2916 789 2931 811 ,
2980 751 3119 804 sicut
3166 750 3305 804 Deus
3350 750 3418 802 ab
3446 751 3590 804 omni
3621 766 3793 813 Opere

2226 829 2342 868 suo.
2378 817 2663 871 Sabbatum
2696 819 2851 883 igitur
2881 835 3018 871 nunc
3049 831 3148 883 est,
3192 832 3247 873 ut
3277 820 3453 873 nullus
3484 820 3791 885 reperiatur

2224 895 2473 957 orrerator
2504 887 2668 940 vinea:
2702 890 2788 940 Dei
2819 906 2832 951 ;
2864 889 3033 943 donec
3062 892 3235 943 subito
3266 890 3445 943 veniat
3475 893 3565 957 qui
3601 904 3792 957 repro-

2226 954 2366 1006 misit
2401 968 2513 1020 post
2547 958 2701 1009 linem
2747 959 2926 1011 mundi
2962 961 3011 1012 in
3042 961 3153 1013 suis
3186 959 3384 1014 sanctis
3410 954 3679 1012 omnibus
3696 974 3785 1011 re-

2225 1026 2521 1096 quiescere.
2582 1028 2821 1096 Namque
2852 1030 3072 1091 primani
3104 1030 3244 1083 diem
3267 1070 3281 1094 ,
3314 1031 3365 1082 in
3394 1045 3493 1095 qua
3527 1029 3793 1096 principia

2227 1095 2416 1166 tumidi
2440 1104 2564 1149 sunt
2584 1137 2597 1159 ,
2630 1095 2745 1160 ipse
2782 1098 2933 1151 nobis
2958 1110 3194 1153 octavam
3227 1116 3318 1166 per
3341 1095 3790 1155 resurrectionem

2224 1164 2373 1236 fecit,
2407 1164 2457 1236 in
2489 1181 2586 1233 qua
2616 1167 2752 1219 Deus
2783 1170 2979 1221 sanctis
3008 1164 3241 1236 requiem
3272 1168 3506 1223 donavit.

2250 1258 2253 1259 ν
2291 1234 2381 1312 ξι.
2423 1234 2874 1312 lgitur__expleturn
2907 1247 2988 1291 est
3026 1234 3233 1312 sextum
3276 1239 3581 1312 milliarium
3615 1240 3792 1312 astatis

2223 1300 2380 1371 hujus
2429 1306 2608 1357 trrundi
2657 1300 2812 1360 etiam
2862 1310 3102 1374 quamvis
3147 1310 3511 1362 contradicant
3556 1308 3650 1375 qui
3689 1307 3791 1361 hoc

2226 1378 2497 1445 percipere
2528 1376 2710 1429 nolunt
2730 1418 2743 1436 .
2773 1387 2827 1429 et
2857 1380 3079 1443 septima
3110 1378 3280 1445 agitur
3306 1389 3354 1431 ι.
3384 1378 3654 1432 Saeculum
3689 1380 3792 1429 hoc

2219 1443 2359 1517 diem
2402 1446 2748 1517 soleumitatis
2799 1461 2907 1517 sua:
2958 1443 3406 1517 frequentiamque
3454 1448 3505 1502 in
3560 1462 3665 1515 qua
3710 1457 3793 1500 εει

2220 1513 2445 1586 ignorat,
2479 1515 2771 1581 horamque
2798 1528 2848 1569 et
2876 1516 3014 1570 diern
3049 1517 3166 1572 linis
3191 1513 3337 1581 suae;
3374 1519 3495 1586 quia
3516 1559 3533 1581 ,
3567 1513 3709 1570 sicut
3740 1518 3791 1569 in

2222 1584 2536 1654 Apocdypsi
2568 1586 2714 1638 irrtim
2736 1596 2858 1649 Illll',
2905 1586 2955 1639 iu
2981 1589 3201 1654 septima
3236 1590 3353 1641 tuba
3376 1584 3403 1651 ,⁷
3420 1604 3514 1643 seu
3545 1589 3598 1640 in
3626 1590 3790 1652 septi-

2220 1667 2319 1723 ma
2348 1653 2519 1719 phiala
2567 1656 2661 1707 ira:
2715 1654 2844 1719 Dei,
2896 1653 3297 1723 conrplebuutur
3343 1672 3623 1711 sermones
3673 1658 3789 1710 Dei.

548 1729 720 1798 rexit,
753 1736 806 1780 et
836 1722 1054 1798 mortuis
1081 1724 1452 1798 vitamAdedi‘t,
1478 1732 1529 1798 et
1558 1722 1814 1798 primitias
1844 1737 2115 1798 resurrec~
2153 1739 2195 1798 Β
2222 1722 2401 1798 Sedut
2421 1741 2484 1776 ue
2509 1724 2623 1798 quis
2644 1727 2741 1777 hoc
2771 1736 2912 1798 putet
2933 1722 3071 1794 quod
3102 1743 3169 1780 vri
3193 1728 3493 1781 rnilliariutn
3524 1742 3791 1798 annorum

552 1797 710 1849 tionis
738 1797 996 1857 ostendit,
1036 1805 1087 1849 et
1120 1795 1355 1847 omnium
1388 1793 1619 1847 lideliurn
1650 1794 1807 1845 corda
1838 1794 1903 1845 ad
1936 1808 2115 1847 resur-

548 1867 837 1921 recrionern
871 1867 1094 1919 futuram
1125 1866 1363 1918 lirmavit.
1393 1864 1539 1928 Quod
1566 1873 1740 1914 autem
1769 1864 2118 1932 quadraginta

544 1935 751 1991 dierum
791 1940 963 2003 spitio
993 1951 1111 1989 cum
1142 1934 1413 2002 discipulis
1454 1933 1565 1987 suis
1605 1942 1721 1999 post
1750 1948 1899 1985 suam
1944 1950 2121 1986 resur-

544 2009 835 2061 reitioncm
874 2016 1229 2060 commoratus
1260 2016 1365 2067 est,
1411 2016 1464 2056 ut
1506 2003 1794 2056 inlidelium
1832 2005 1989 2056 corda
2020 2004 2119 2055 du-

547 2088 748 2143 maret,
800 2088 853 2132 et
906 2092 1015 2132 sua:
1068 2076 1225 2131 Eccle
1258 2076 1322 2129 ite
1377 2088 1593 2137 munera
1646 2073 1776 2143 legis
1828 2076 2119 2143 quadruplo

544 2146 831 2201 conferret.

618 2218 707 2272 9.2.
750 2218 901 2283 Quod
954 2232 1079 2271 vero
1122 2216 1425 2269 ascendisse
1475 2214 1646 2280 ipsum
1706 2214 2110 2282 quadragesimo

546 2286 633 2340 die
657 2288 997 2352 perscribitur
1027 2290 1077 2340 in
1103 2288 1293 2342 ctelum
1319 2326 1334 2347 ,
1388 2295 1442 2336 ιιι
1482 2287 1564 2337 cui
1592 2284 1789 2336 dictum
1816 2294 1918 2347 cst,
1951 2283 2115 2339 Terra

548 2372 606 2409 es
632 2369 682 2411 et
707 2358 758 2410 in
793 2367 982 2411 terram
1034 2355 1153 2417 ibis,
1207 2356 1303 2419 ipsi
1339 2364 1490 2419 post,
1536 2352 1603 2405 de
1632 2354 1843 2405 diabolo
1874 2363 2027 2420 capta
2062 2357 2112 2408 in

550 2426 761 2480 Christo
808 2427 1026 2480 victoria
1057 2468 1072 2491 ,
1142 2427 1408 2478 diceretur
1450 2442 1462 2475 :
1524 2422 1663 2476 Sede
1710 2423 1774 2474 ad
1832 2424 2109 2478 dexteram

549 2510 743 2563 meam,
765 2497 937 2550 donec
967 2511 1155 2561 ponam
1181 2495 1420 2548 iuiuricos
1449 2505 1565 2548 tuos
1593 2492 1885 2545 scahellum
1919 2495 2109 2559 pedum

552 2575 779 2619 tuorum.
810 2564 965 2619 Duxit
997 2580 1124 2634 ergo
1152 2567 1445 2618 ascendens
1471 2565 1710 2617 Christus
1733 2566 1992 2627 captivam
2025 2583 2111 2618 ca-

550 2637 861 2699 ptivitatem,
891 2648 942 2690 et
974 2636 1049 2690 sic
1079 2636 1368 2689 secundum
1398 2650 1546 2686 suam
1579 2634 1984 2700 promissionem
2015 2636 2104 2690 die

546 2707 890 2761 Pentecostes
924 2707 1071 2761 dedit
1115 2705 1254 2759 dona
1304 2705 1626 2757 hominibus.
1677 2705 2109 2758 AscenditClrri-

548 2787 666 2831 stus
688 2778 749 2830 ad
777 2777 1005 2841 Patrem,
1032 2786 1087 2831 et
1110 2776 1387 2831 descendit
1412 2774 1644 2843 Spiritus
1665 2786 1880 2827 sanctus
1904 2776 1967 2827 ad
1997 2777 2108 2841 ple.

552 2848 691 2900 bern.
732 2848 831 2913 Qui
858 2847 1169 2910 descendit,
1224 2847 1335 2913 ipse
1364 2846 1519 2899 etiam
1550 2845 1789 2897 ascendit
1811 2860 1969 2912 srrpcr
1997 2860 2105 2899 cu:-

549 2917 650 2981 los,
706 2928 760 2970 ut
816 2918 1130 2985 adimpleret
1165 2917 1367 2970 omnia.
1455 2915 1607 2980 Quod
1651 2929 1777 2967 vero
1831 2916 2105 2971 descendit

547 2986 855 3041 Paraclctus
884 2989 949 3041 ad
979 2988 1245 3051 apostolos
1274 3025 1290 3052 ,
1340 2987 1391 3039 in
1423 2987 1539 3049 ipso
1569 2985 1954 3038 conﬁrmantur
1983 2988 2101 3039 uni-

544 3071 695 3110 versa
727 3058 777 3111 in
808 3059 947 3112 caelo
989 3067 1042 3111 et
1088 3057 1140 3111 in
1184 3068 1344 3109 terra.
1398 3056 1526 3109 Nam
1562 3055 1757 3122 Spiritu
1782 3066 1966 3108 sancto
1994 3058 2100 3108 lar-

546 3128 761 3158 ηἶιι..ι....
790 3127 922 3158 ,Ιηηη
970 3129 1171 3158 Ληηηιῖιη
1207 3126 1445 3158 ι;.ιο1;ι...ιε
1529 3134 1580 3158 nl
1623 3125 1690 3158 nil
1728 3127 2002 3158 Annclninc
2036 3126 2083 3158 Αἰ
2130 3095 2177 3158 C

544 3128 761 3193 giunlur
789 3127 924 3181 dona
969 3129 1174 3184 cunctis
1206 3126 1478 3189 lidelihus,
1529 3134 1586 3178 ut
1622 3125 1694 3178 ait
1722 3127 2004 3190 Apostolus
2035 3126 2108 3179 di-

546 3212 675 3252 cens
703 3214 717 3253 :
748 3198 854 3253 Alii
882 3198 1094 3265 quidem
1124 3199 1280 3252 datur
1310 3210 1487 3251 sermo
1513 3195 1788 3263 sapientia:
1813 3196 2105 3249 secundum

546 3270 791 3323 eumdem
841 3268 1123 3336 spiritum,
1169 3269 1256 3322 alii
1306 3283 1432 3319 vero
1485 3280 1664 3320 sermo
1711 3266 1984 3330 scientiae,
2016 3267 2107 3320 alii

545 3339 712 3405 gratia
744 3342 1101 3403 curationum,
1131 3340 1218 3392 alii
1249 3351 1441 3407 genera
1475 3336 1769 3407 linguarum
1794 3376 1807 3399 ,
1832 3336 1919 3389 alii
1947 3337 2108 3390 inter-

545 3410 774 3471 pretatio
806 3412 1099 3479 linguarum
1147 3409 1198 3462 in
1230 3406 1459 3461 eundem
1510 3406 1795 3479 Spiritum,
1826 3414 2104 3479 etAcetera.

544 3480 671 3532 llaec
714 3474 905 3535 autem'
932 3482 1109 3534 omnia
1157 3479 1293 3533 dona
1339 3487 1592 3545 operatur
1625 3476 1761 3530 Deus
1787 3484 1841 3529 et
1870 3474 2110 3530 Christus

546 3551 599 3599 in
622 3551 810 3603 eodem
861 3560 1046 3604 sancto
1095 3549 1332 3616 Spiritu,
1383 3548 1473 3615 qui
1523 3555 1602 3599 est
1634 3546 1906 3613 plenitudo
1957 3547 2111 3600 unius

544 3618 759 3671 deitatis
809 3629 967 3685 atque
1014 3619 1356 3679 substantiae;
1419 3617 1556 3685 quia
1597 3626 1705 3668 tres
1754 3630 2007 3685 personas
2058 3626 2112 3670 et

545 3698 655 3741 tres
680 3684 1049 3744 subsistentias
1102 3703 1261 3741 unam
1311 3684 1652 3755 cognoscitur
1692 3699 1809 3738 esse
1857 3684 2109 3738 deitatem

543 3767 704 3827 atque
752 3761 1056 3814 essentiam.
1097 3757 1227 3811 Nam
1277 3754 1471 3827 quanta
1517 3754 2111 3827 largiunturhEcclesite

540 3824 749 3882 ab'uno
775 3832 1068 3898 eodeurque
1100 3824 1327 3898 Domino
1358 3826 1601 3898 Christo,
1628 3824 1771 3898 _qui_s
1799 3824 1956 3898 digne
1988 3839 2110 3898 pos-

541 3899 610 3950 sit
641 3901 894 3968 cxpedire
925 3894 1017 3968 per
1046 3897 1331 3953 ordinem?
1378 3894 1639 3968 Quicquid
1695 3895 1873 3968 igitur
1899 3896 1949 3947 iit
1973 3896 2111 3968 trali-

541 3965 727 4036 vitatc,
762 3965 1008 4040 quicquid
1038 3970 1087 4023 in
1120 3977 1297 4040 male,
1342 3965 1593 4040 quicquid
1629 3966 1679 4018 in
1716 3965 2110 4040 przedicatioaie,

541 4033 793 4106 quicquid
819 4040 871 4094 in
894 4033 1160 4109 passione,
1183 4033 1434 4109 quicquid
1468 4034 1930 4109 iuresurrectione
1959 4033 2113 4109 Chri-

544 4104 635 4174 sti,
664 4104 911 4177 quicqmd
955 4112 1005 4164 ili
1038 4104 1347 4163 ascensione
1386 4105 1592 4159 Domitii
1615 4146 1629 4168 ,
1677 4104 2007 4177 (Illlcqmdiilt
2032 4106 2113 4159 di-

540 4181 649 4231 vini
684 4176 916 4248 Spiritus
959 4182 1197 4235 omnium
1250 4178 1543 4246 linguarum
1574 4176 1911 4248 elocutione,
1945 4176 1997 4227 in
2019 4189 2115 4248 sa-

541 4244 875 4304 cramentum
935 4252 1015 4305 vcl
1068 4244 1421 4302 ministerium
1474 4256 1672 4299 sancta:
1704 4244 1985 4298 catholica:
2017 4247 2114 4299 Ec-

540 4318 721 4389 clesia:
767 4328 973 4389 gestum
1025 4330 1133 4384 est,
1180 4327 1339 4387 atque
1396 4317 1448 4370 in
1498 4324 1841 4385 augmentum
1886 4316 2112 4370 lilioranr

542 4387 634 4440 Dei
665 4387 929 4453 peractum
958 4400 1059 4444 est.

2226 1793 2529 1865 expleurus
2580 1794 2645 1846 sit
2693 1796 2919 1849 mundus
2951 1793 3262 1865 ilrequentia
3289 1813 3406 1860 sua,
3452 1796 3601 1849 nullo
3630 1798 3793 1848 modo

2225 1865 2455 1926 reperiet
2481 1864 2615 1916 istud
2660 1876 2781 1917 ante
2814 1864 3117 1933 pra‘dictum
3140 1907 3153 1928 ,
3202 1884 3266 1919 eo
3292 1866 3428 1934 quod
3458 1867 3670 1919 sabbati
3701 1866 3792 1920 die

2222 1934 2454 1999 requiem
2489 1934 2699 1987 habebit
2731 1936 2813 1987 hic
2841 1936 3015 1999 orlris;
3055 1938 3147 1990 sed
3182 1937 3307 1989 liora
3340 1947 3393 1989 et
3418 1937 3533 1989 dies
3582 1938 3789 1989 incerta

2221 2016 2249 2076 ξι
2276 2004 2420 2076 gelis
2443 2013 2492 2057 et
2519 2004 2813 2061 hominibus
2836 2020 2865 2058 a
2889 2005 3110 2059 Domino
3133 2009 3461 2076 perhibetur.
3494 2006 3586 2059 Ait
3608 2008 3753 2059 enim
3781 2026 3792 2058 :

2226 2072 2296 2144 De
2329 2073 2413 2125 uie
2444 2084 2619 2127 autem
2665 2077 2746 2127 illa
2790 2086 2842 2128 et
2882 2080 3006 2130 hora
3053 2072 3210 2130 nemo
3238 2078 3360 2137 scit.
3410 2092 3584 2141 neque
3615 2079 3794 2144 angeli

2220 2141 2271 2194 in
2305 2146 2459 2201 ratio,
2516 2160 2685 2210 neque
2715 2145 2876 2198 Filius
2900 2186 2915 2209 ,
2971 2145 3067 2199 nisi
3106 2148 3260 2200 l’ater
3286 2146 3451 2200 solus.
3484 2147 3551 2199 Et
3582 2161 3650 2200 ne
3673 2141 3795 2215 quis

2219 2215 2506 2285 carnaliter
2532 2215 2792 2285 arb.trans
2830 2227 2994 2283 putet,
3022 2217 3214 2283 aliquid
3244 2218 3380 2271 scire
3412 2216 3623 2270 Patrem
3646 2218 3793 2285 quod

2218 2285 2431 2359 nesciat
2452 2284 2612 2359 Filius
2640 2297 2741 2359 ,_et
2772 2288 2820 2338 in
2856 2289 3096 2359 haeresim
3128 2288 3392 2359 involutus
3433 2284 3675 2359 incidat;
3699 2290 3794 2340 sed

2219 2351 2383 2419 magis
2419 2351 2519 2406 hoc
2548 2354 2843 2422 signiﬁcare
2877 2357 3040 2409 voluit
3071 2356 3356 2419 Dominus,
3386 2357 3509 2426 quia
3540 2356 3709 2410 Filius
3738 2359 3791 2410 in

2217 2432 2365 2495 patre
2398 2439 2649 2489 manens,
2685 2441 2803 2478 cum
2835 2440 2898 2480 eo
2925 2427 3168 2481 universa
3200 2430 3506 2495 cognoscit;
3533 2428 3792 2494 quicquid

2216 2493 2358 2544 enim
2394 2506 2644 2560 cperatur
2675 2496 2856 2559 Pater,
2889 2512 3049 2550 unum
3077 2506 3160 2550 est
3187 2493 3307 2551 cum
3338 2496 3473 2550 Filio
3504 2505 3559 2550 et
3587 2498 3793 2564 Spiritu

2213 2566 2562 2636 sintjlo_,.sinc
2584 2568 2773 2633 quibus
2797 2582 2898 2620 non
2929 2579 3195 2634 operatur.
3226 2569 3289 2621 Et
3314 2568 3565 2633 quicquid
3600 2583 3792 2636 opera-

2215 2634 2540 2703 turSpiritus
2561 2648 2793 2701 sanctus,
2818 2653 2978 2690 unum
3003 2648 3084 2691 est
3106 2653 3223 2690 cum
3247 2636 3403 2691 Patre
3423 2649 3475 2691 et
3496 2634 3655 2703 Filio,
3677 2640 3795 2691 sine

2211 2702 2530 2775 quibusnon
2560 2716 2827 2772 operatur.
2855 2707 2992 2775 Ergo
3017 2718 3069 2761 et
3090 2707 3333 2775 quicquid
3364 2708 3463 2760 scit
3496 2705 3679 2769 Pater,
3715 2726 3793 2760 st-

2212 2774 2314 2824 tnul
2342 2785 2392 2826 et
2413 2773 2574 2829 Filius
2595 2778 2887 2845 etSpiritus
2909 2773 3123 2831 sanctus
3146 2773 3263 2832 cum
3286 2792 3350 2830 eo
3374 2776 3574 2845 pariter
3594 2788 3791 2830 cum-ta

2210 2856 2554 2907 cognoscunt.
2594 2848 2724 2910 Quia
2754 2848 2954 2900 scilicet
2991 2848 3145 2902 Pater
3171 2857 3225 2902 et
3268 2847 3433 2901 Filius
3472 2856 3527 2900 et
3554 2848 3794 2913 Spiritus

2208 2923 2421 2986 sanctus
2455 2932 2556 2969 una
2587 2927 2744 2985 atque
2786 2916 3145 2985 inseparabilis
3175 2917 3342 2971 deitas
3390 2916 3444 2970 in
3493 2918 3793 2986 sernetipsa

2210 2982 2550 3055 inell‘abiliter
2579 2982 2827 3040 Constans
2876 2982 3053 3040 ouuria
3077 2989 3242 3041 'novit
3289 2996 3341 3041 et
3370 2996 3562 3041 cuncta
3590 2982 3795 3055 cogito-

2210 3054 2329 3106 scit.
2361 3054 2489 3107 Dum
2520 3071 2643 3111 vero
2670 3060 2893 3125 septima
2921 3056 3031 3125 jam
3060 3056 3173 3111 dies
3213 3058 3278 3110 ad
3320 3058 3560 3125 requiem
3590 3054 3793 3126 prepo-

2214 3134 2312 3186 rat,
2345 3127 2573 3179 mundus
2617 3127 2715 3180 iste
2742 3167 2755 3188 ,
2799 3128 2898 3180 hoc
2943 3138 3024 3181 est
3064 3126 3327 3181 elerueuta
3357 3127 3472 3195 ipsa
3505 3132 3796 3195 quiescant

2211 3208 2237 3244 a
2267 3197 2521 3249 servitute
2564 3211 2784 3250 necesse
2826 3205 2941 3261 est,
2991 3207 3045 3251 ut
3077 3198 3127 3250 in
3159 3198 3269 3250 suis
3296 3198 3495 3250 sanctis
3529 3200 3796 3253 Dominus

2212 3266 2543 3335 requiescat,
2587 3278 2639 3319 et
2688 3267 2786 3335 ipsi
2826 3268 2878 3321 in
2906 3283 2969 3320 eo
3000 3276 3256 3335 perpetuo
3286 3267 3353 3321 ab
3374 3268 3521 3321 omni
3552 3269 3798 3322 ﬂuctua-

2215 3334 2691 3407 tioue_quiescaut.
2749 3338 2807 3390 Et
2860 3334 3158 3391 tuuc'vere
3199 3338 3609 3391 sablratizabunt
3658 3339 3792 3407 justi

2212 3418 2330 3456 Cum
2363 3405 2605 3470 Domino,
2653 3418 2704 3460 ct
2754 3409 2865 3461 dies
2914 3408 3080 3473 prima
3126 3411 3213 3461 liet
3247 3417 3431 3461 octava
3462 3408 3515 3460 in
3538 3405 3791 3463 resurre-

2213 3475 2386 3527 ctione
2430 3488 2735 3529 sanctorurrr
2764 3517 2778 3540 ,
2827 3478 3037 3545 quando
3068 3491 3190 3530 arca
3224 3476 3471 3532 ventilata
3505 3476 3667 3531 fuerit
3696 3520 3709 3541 ,
3739 3489 3796 3534 et

2214 3558 2241 3617 a
2270 3547 2414 3610 palea
2446 3549 2733 3600 discretum
2762 3549 3213 3617 eritl'rumentum
3236 3589 3251 3611 ,
3280 3548 3492 3617 quando
3519 3564 3630 3602 non
3656 3549 3791 3603 late-

2219 3614 2293 3687 bit
2318 3617 2457 3687 quod
2492 3632 2631 3669 nunc
2664 3620 2807 3671 latet.
2839 3616 3147 3687 Namquid,
3179 3614 3328 3687 rogo,
3362 3620 3606 3671 cernitur
3634 3635 3791 3674 mun-

2214 3684 2336 3751 dus,
2367 3685 2493 3738 dum
2521 3688 2639 3740 vilis
2670 3688 2921 3754 apparet?
2949 3686 3137 3740 Totum
3162 3684 3287 3755 erg-0
3313 3704 3472 3755 super
3503 3704 3596 3741 It‘l
3622 3703 3794 3742 anno-

2215 3768 2330 3806 rum
2381 3755 2406 3792 b
2453 3759 2558 3823 agit
2610 3773 2744 3811 nunc
2798 3756 3179 3824 perlec‘ionem
3227 3774 3375 3810 suam
3444 3758 3497 3809 in
3562 3775 3793 3813 numero

2217 3824 2587 3895 Evangelinm,
2618 3838 2672 3880 ιιι
2701 3829 2750 3880 in
2779 3830 2857 3881 eis
2889 3828 2977 3895 qui
3010 3828 3167 3880 futuri
3193 3838 3309 3880 sunt
3344 3827 3411 3880 ad
3440 3827 3671 3881 salutem
3698 3830 3791 3894 sit,

2218 3894 2268 3947 iu
2293 3906 2542 3958 quantum
2575 3894 2913 3952 Concesscrit
2952 3897 3064 3963 ipsa
3121 3897 3398 3963 Divinitas,
3449 3898 3537 3951 cui
3560 3898 3665 3951 soli
3696 3914 3792 3953 co-

2216 3964 2418 4033 gtritunr
2452 3977 2705 4033 quantum
2740 3970 2893 4021 nobis
2922 3967 3172 4034 expedire
3202 3978 3381 4034 queat.

2214 4036 2307 4089 £5.
2349 4036 2512 4104 igitur
2550 4037 2862 4106 incipiamus
2906 4039 3139 4105 ipsorum
3190 4038 3459 4091 Cit-sarum
3503 4038 3587 4091 vel
3618 4038 3793 4108 impe-

2497 4118 2729 4160 ratorum
2764 4124 2929 4161 annos
2954 4122 3087 4173 quos
3113 4116 3499 4175 regnaverunt.

2291 4176 2470 4230 Liceat
2496 4178 2563 4230 ab
2607 4179 2834 4231 adventu
2883 4177 3175 4232 Salvatoris
3218 4177 3268 4229 in
3309 4192 3467 4231 carne
3508 4192 3794 4245 exponere

2217 4248 2506 4299 secundum
2537 4248 2845 4301 clrrouicam
2868 4247 3295 4301 exsecutionem.

2291 4322 2553 4384 Angustus
2601 4332 2827 4384 namque
2852 4358 2865 4379 ,
2918 4319 3005 4385 qui
3040 4328 3090 4371 et
3120 4314 3441 4369 Octavianus
3469 4314 3675 4382 Caesar,
3707 4318 3794 4371 vel

2222 4385 2529 4451 imperator,
2561 4390 2797 4451 regnavit
2821 4404 2986 4439 annos
3011 4404 3099 4447 ιν,
3129 4386 3221 4456 scd
3250 4389 3301 4440 in
3336 4402 3447 4441 χιιι
3490 4388 3641 4456 regni
3672 4386 3793 4456 ejus

611 4443 703 4513 23.
745 4460 848 4515 Sed
882 4443 1019 4514 nunc
1061 4462 1172 4527 jam
1222 4457 1285 4511 ad
1321 4457 1368 4510 id
1402 4456 1540 4510 unde
1567 4455 1836 4525 digressus
1870 4470 1992 4527 sum
2025 4471 2116 4509 re.
2145 4443 2195 4503 D
2223 4443 2378 4509 naius
2412 4443 2766 4511 est'(;lrristus
2791 4460 2840 4509 iu
2870 4472 3032 4511 carne
3059 4443 3127 4511 de
3157 4455 3393 4527 Virgine.

543 4539 785 4595 torquatn
817 4531 914 4597 (ita
935 4531 1081 4594 cod.)
1125 4530 1428 4592 articulum,
1471 4538 1527 4579 ut
1558 4530 1755 4594 possim
1815 4526 2112 4592 adprobare

542 4600 683 4664 quod
714 4602 765 4655 in
800 4603 902 4654 line
928 4613 1229 4667 temporum
1264 4598 1472 4653 venerit
1498 4598 1768 4659 Christus,
1807 4597 1895 4649 Dei
1930 4608 1980 4647 et
2015 4597 2105 4649 Iro-

544 4672 742 4723 minuin
769 4672 1028 4724 mcdiator
1071 4672 1119 4722 in
1150 4684 1332 4733 carne,
1382 4668 1540 4721 sicuti
1588 4671 1831 4734 superius
1863 4668 2113 4732 exiroSiri-

542 4756 678 4802 mus,
706 4742 962 4807 Apo~tolo
996 4740 1319 4807 prtcdicante
1353 4748 1629 4805 postquam
1657 4739 1729 4790 ait
1760 4755 1770 4788 :
1803 4738 1937 4790 Cum
1969 4738 2117 4790 venit

543 4809 816 4875 plenitudo
845 4812 1117 4879 temporis,
1152 4810 1295 4862 misit
1340 4809 1479 4861 Deus
1513 4808 1702 4879 Filium
1732 4807 2113 4879 suumil'actum

541 4895 607 4932 ex
637 4881 882 4940 muliere.
914 4878 1017 4935 etc.
1054 4881 1121 4934 Et
1149 4881 1420 4934 .lnhanues
1447 4878 1770 4946 evangelista
1797 4879 1846 4931 in
1879 4878 2113 4945 Epistula

538 4964 634 5001 sua
658 4951 782 5004 dicit
809 4969 820 5004 :
867 4951 1038 5005 Filioli
1058 4990 1074 5015 ,
1108 4950 1391 5003 novissima
1419 4950 1545 4999 liora
1575 4959 1674 5001 est.
1704 4947 1808 5002 Sed
1838 4956 1889 5001 et
1926 4950 2109 5000 beatus

539 5019 730 5089 Petrus
762 5022 1122 5089 apostolorum
1157 5021 1404 5088 princeps
1447 5020 1634 5071 eadem
1678 5017 1979 5089 incpistola
2012 5033 2104 5069 sua

539 5088 668 5143 dicit
697 5109 708 5143 :
741 5088 854 5146 Neu
887 5094 1047 5145 lateat
1079 5106 1205 5154 vos,
1232 5091 1430 5157 inquit,
1465 5089 1563 5141 hoc
1597 5088 1780 5152 David,
1808 5090 1929 5156 quia
1962 5089 2110 5141 mille

539 5161 679 5227 apud
726 5161 887 5215 Deum
930 5162 1065 5216 sicut
1113 5162 1225 5215 dies
1269 5175 1413 5223 una,
1463 5169 1516 5212 ct
1564 5158 1680 5213 dies
1730 5175 1829 5211 una
1861 5169 2108 5223 tanquam

542 5233 693 5285 mille
718 5234 864 5287 anni.
898 5234 1003 5287 Sex
1033 5231 1175 5288 enim
1221 5231 1407 5284 diebus
1437 5229 1743 5295 perhibetur
1774 5230 1858 5281 hic
1881 5228 2109 5281 mundus

542 5302 806 5367 perlectus
857 5318 885 5355 a
937 5304 1042 5357 Deo
1090 5318 1210 5356 cum
1260 5302 1507 5354 ournibus
1538 5314 1655 5367 qua:
1684 5299 1738 5351 in
1768 5312 1831 5351 co
1864 5307 2023 5360 sunt;
2056 5307 2111 5349 et

543 5372 596 5424 in
626 5374 849 5440 septima
891 5374 1217 5442 requievisse
1248 5370 1413 5423 Deum
1443 5371 1510 5442 ab
1535 5384 1695 5437 Opere
1720 5381 1816 5442 suo
1848 5368 2106 5442 praedica-

543 5451 661 5507 tur;
690 5437 743 5496 id
774 5453 880 5510 cst,
908 5437 1143 5513 pc'rlecto
1172 5442 1320 5498 orbis
1346 5441 1632 5505 curriculo,
1658 5438 1943 5507 requiescit
1975 5437 2113 5490 Deus

616 5559 645 5587 ‘
666 5556 881 5615 .Recole
911 5557 1055 5611 dicta
1087 5573 1113 5611 a
1147 5553 1377 5610 nobisin
1411 5553 1606 5621 praevio
1640 5554 1867 5606 monito.

616 5626 642 5661 ι’
684 5627 737 5681 Id
765 5638 863 5691 est,
894 5628 1027 5681 ultra
1062 5636 1268 5682 sextum
1296 5624 1585 5677 milliarum
1612 5637 1897 5676 annorum.

618 5707 639 5732 ε
683 5703 722 5749 Λ
754 5689 960 5762 Malala,
997 5713 1048 5765 p.
1078 5698 1196 5760 ltt9,
1235 5695 1435 5750 dicitur
1464 5694 1652 5748 Lucius
1684 5694 1838 5748 Otho.
1897 5689 2107 5747 Utrobi-

549 5782 648 5835 que
677 5768 927 5825 mendose
958 5785 1052 5839 pro
1085 5770 1287 5825 Salvius

2292 4528 2539 4581 'l'iberius
2570 4529 2804 4597 regnavit
2833 4542 3000 4581 annos
3026 4542 3131 4579 itin
3162 4536 3215 4580 et
3236 4528 3531 4581 dimidium.
3593 4527 3702 4583 Sed
3733 4528 3786 4581 in

2221 4600 2403 4663 quinto
2447 4598 2654 4651 decimo
2714 4599 2859 4665 regni
2906 4597 3020 4665 ejus
3068 4597 3362 4665 baptizatus
3411 4608 3492 4650 est
3530 4597 3791 4651 Dominus

2218 4666 2374 4719 Jesus
2401 4668 2451 4720 in
2480 4668 2711 4721 Jordaue
2739 4668 2956 4721 ﬂumine
2986 4682 3014 4717 a
3045 4666 3289 4723 Julianne
3321 4683 3673 4735 pra-cursore.
3724 4671 3794 4721 L‘t

2219 4738 2269 4789 in
2296 4752 2422 4790 xvttr
2455 4754 2593 4790 atrtro
2633 4744 2777 4806 regni
2805 4738 2968 4804 ipsius
3000 4736 3193 4790 Tiberii
3242 4736 3466 4791 Caasaris
3495 4752 3683 4804 passus
3708 4748 3795 4790 est

2221 4807 2357 4861 idem
2391 4809 2642 4861 Dominus
2674 4818 2850 4861 noster
2870 4808 3024 4861 Jcsus
3048 4808 3325 4873 Christus;
3350 4818 3401 4860 ct
3429 4808 3610 4868 pandit
3634 4809 3793 4860 nobis

2221 4879 2452 4931 salutare
2501 4887 2554 4932 et
2602 4881 2889 4941 pretiOsum
2941 4880 3135 4945 lignum
3179 4893 3391 4939 crucis,
3436 4877 3490 4929 in
3535 4892 3639 4944 quo
3685 4879 3793 4930 sibi

2216 4947 2491 5015 conjunxit
2544 4949 2840 5001 Ecclesiam
2891 4963 2983 5016 per
3029 4950 3341 5014 sanguinein
3386 4958 3441 5001 et
3481 4962 3681 5014 aquam
3723 4961 3792 5002 ex

2219 5020 2432 5085 proprio
2458 5018 2641 5071 latere.
2672 5018 2795 5071 Post
2821 5016 3093 5070 Tiberium
3125 5033 3273 5083 vero,
3418 5044 3424 5051 -

2286 5088 2449 5139 Caius
2480 5088 2718 5155 regnavit
2739 5102 2904 5140 annos
2934 5102 3010 5140 ιιιι
3041 5095 3093 5140 et
3120 5103 3329 5142 menses
3358 5101 3449 5139 vn.

2286 5156 2538 5227 Claudius
2562 5158 2804 5227 regnavit
2832 5171 3004 5210 annos
3031 5172 3142 5211 xuii
3174 5166 3229 5211 et
3254 5172 3466 5212 menses
3494 5171 3630 5211 Villi.

2286 5226 2425 5279 Nero
2457 5226 2694 5294 regnavit
2724 5227 2876 5281 annis
2907 5242 2998 5279 xui
3026 5237 3078 5282 et
3107 5242 3319 5282 menses
3349 5242 3405 5281 ιι.

2287 5296 2450 5355 Galba
2483 5296 2716 5366 regnavit
2745 5312 2885 5351 anno
2914 5313 2928 5350 ι
2955 5308 3007 5351 et
3036 5312 3243 5351 menses
3274 5312 3365 5353 vu.

2292 5366 2533 5436 {Lucius
2568 5369 2801 5436 regnavit
2827 5383 3036 5422 nienses
3068 5382 3143 5420 ιιι.

2292 5435 2530 5492 Vitellius
2544 5435 2808 5508 regiravitd
2825 5454 2991 5492 annos
3008 5452 3114 5491 vnn
3129 5446 3181 5493 et
3197 5451 3405 5493 menses
3417 5452 3511 5493 νιιι
3527 5449 3580 5492 et
3603 5439 3789 5494 semis.

2289 5551 2314 5588 ά
2358 5551 2621 5605 Grandem
2653 5549 2795 5605 hunc
2822 5565 3058 5604 errorem
3100 5549 3263 5603 sumit
3312 5557 3493 5603 noster
3534 5548 3601 5600 ab
3626 5546 3795 5598 histo-

2223 5624 2348 5677 ricis
2371 5632 2788 5702 quossequitur
2840 5622 3055 5676 Malalas
3080 5659 3094 5686 ,
3146 5635 3262 5690 pag.
3297 5622 3417 5675 ΗΟ.
3473 5619 3599 5674 Dele
3628 5619 3791 5688 igitur

2218 5709 2403 5760 annos,
2435 5704 2600 5749 rcttnc
2630 5705 2859 5748 menses.
