2032 3173
118 138 195 166 H75

154 194 336 229 Vespasianus
350 193 469 229 regnavit
482 199 567 229 annos
572 200 634 229 vnn
650 196 677 219 et
688 200 795 221 menses
811 201 836 220 ιι.

152 228 234 257 Titus
253 230 372 264 regnavit
386 228 479 255 annos
500 235 529 254 ιι.
559 228 595 264 Hi
614 233 833 264 expugnaverunt
854 228 902 255 Ju-

116 265 210 292 daeum
223 270 250 291 et
266 263 441 294 Hierusalem.
458 268 517 297 post
528 263 677 294 passionem
693 263 808 295 Domini,
821 271 905 297 usque

115 301 151 326 ad
177 307 330 334 supremum
354 306 401 326 eas
425 298 619 334 interﬁcientes
637 297 839 334 quirlncred’uli
862 305 904 325 re-

115 332 287 362 manserunt.
304 334 368 361 Nam
386 333 477 360 ﬁdeles
498 332 621 359 custoditi
643 333 771 360 divinitus
791 333 817 360 in
833 333 903 367 Ioco,

116 369 166 405 qui
186 374 295 405 vocatur
308 369 409 402 Pellan,
422 368 512 405 salvati
526 371 597 394 sunt.

155 404 326 431 Domitianus
339 403 456 438 regnavit
469 409 552 429 annos
565 410 598 438 xv
611 406 638 428 et
652 409 755 429 menses
770 410 799 429 ιι.
816 402 905 437 Usque

115 439 152 466 ad
166 440 237 466 hunc
251 440 379 466 adductus
393 442 434 465 est
446 438 471 465 in
489 438 580 464 urbem
591 437 700 464 Romam
713 438 805 465 beatus
819 438 905 465 deilo.

115 482 191 508 quus
212 473 347 501 Iohannes
372 474 514 508 apostolus
532 477 559 499 et
580 472 762 505 evangelista,
777 477 805 500 et
819 480 902 507 u5qne

114 507 193 537 nunc
204 511 230 537 iit
246 510 296 536 hoc
311 509 409 535 mundo
423 507 530 534 duravit
540 528 547 539 ,
569 512 595 533 et
619 507 719 534 ditnisit
733 516 792 534 etim
805 508 904 541 jDomi-

116 544 220 576 tianus,
236 549 263 571 et
280 544 343 571 abiit
355 543 379 570 in
392 543 537 577 Ephesum.
552 541 614 569 Post
628 542 816 571 Domitianum.

108 583 113 589 '
153 580 257 607 Nervas
272 579 391 613 regnavit
405 585 501 605 annum
516 585 524 604 ι
539 582 567 603 et
579 584 695 604 mensem
710 585 729 604 ι.

153 615 287 648 Trajanus
301 613 420 648 regnavit
432 620 516 640 annos
532 619 605 638 xvutt
620 617 648 639 et
661 620 766 640 menses
779 620 819 640 Vt.

149 649 304 678 Hadrianus
316 649 435 683 regnavit
448 654 531 675 annos
545 655 608 673 xxii.

152 685 307 712 Antoninus
323 684 384 711 Pius
400 683 612 717 regnavitannos
627 689 706 709 xxiii.

151 720 257 746 Marcus
271 719 390 753 regnavit
404 725 487 745 annos
502 724 565 744 xviii
582 721 608 743 et
624 724 729 743 menses
741 724 809 745 vtttt.

150 755 305 782 Antoninus
319 760 396 781 verus
411 753 530 787 regnavit
544 755 556 769 ’ί
575 759 672 778 annum
686 759 707 778 ι.

151 789 317 816 Comtnodus
330 786 450 822 regnavit
464 786 477 806 ι)
494 794 577 813 annos
590 794 643 812 xui
656 791 683 813 et
698 794 803 814 menses
818 795 875 814 vni.

151 824 278 851 Pertinax
294 824 411 858 regnavit
425 830 522 849 annum
539 829 559 858 ι1
574 828 678 858 nienses
693 829 722 853 ιι,
737 822 793 849 dies
805 830 882 849 xviii.

152 858 246 905 pidius
269 856 400 891 Julianus,
422 858 467 892 qui
491 862 520 884 et
545 856 660 889 Salvius,
684 857 804 892 regnavit
824 866 901 884 men-
919 875 943 905 Β

112 900 161 922 ses
176 902 222 922 VII.

153 930 270 957 Severus
285 929 426 961 Scplittiius
442 927 519 954 Afrus
539 926 586 961 (ita
598 926 669 961 cod.)
682 928 802 961 regnavit
816 934 902 955 annos

112 971 171 991 xvtt
188 971 213 991 et
226 973 330 991 menses
346 972 391 990 vm
407 968 433 990 et
448 964 539 989 semis.

150 1001 303 1026 Antoninus
318 999 399 1025 Getas
413 998 530 1032 regnavit
544 1005 642 1024 annum
656 1005 675 1024 ι.

151 1035 303 1061 Antoninus
317 1031 468 1062 Carae-altus
489 1032 558 1059 illius
573 1033 664 1062 severi
678 1031 807 1068 regnavit
815 1039 904 1061 annos

111 1076 140 1097 v1
155 1075 183 1097 et
195 1071 251 1096 dies
263 1078 327 1096 xxii.

155 1105 311 1132 Valerianus
325 1105 442 1139 regnavit
459 1110 468 1123 ε
486 1112 569 1131 annos
586 1111 621 1131 vt.

153 1140 285 1167 Macrinus
307 1138 397 1167 Gallus
418 1141 465 1174 (ita
485 1140 555 1173 cod.)
581 1138 703 1174 regnavit
723 1147 821 1166 annum
848 1146 855 1166 ι
879 1143 906 1166 et

112 1182 227 1202 menses
241 1183 288 1203 \‘II.

148 1210 301 1237 Antoninus
311 1210 379 1237 alius
393 1209 512 1244 regnavit
527 1217 610 1237 annos
625 1217 667 1242 ιιι,
680 1215 708 1237 et
719 1216 825 1236 menses
843 1216 871 1235 ιι.

152 1245 322 1286 Alexandrns
340 1247 387 1276 (ita
409 1245 479 1280 cod.)
503 1244 647 1273 Mammaea:
662 1245 783 1280 regnavit
795 1244 807 1263 α
821 1250 904 1272 annos
937 1282 941 1286 .

112 1287 162 1307 VIII
180 1285 207 1307 et
221 1288 325 1308 Ilienses
338 1289 386 1307 IIII.

154 1320 166 1334 θ
182 1316 310 1342 Maximus
328 1316 445 1350 regnavit
459 1322 543 1342 annos
557 1323 605 1348 llll,
621 1322 725 1342 menses
741 1322 768 1342 x.

152 1351 280 1377 Baibinus
293 1351 412 1384 regnavit
426 1359 523 1377 annum
540 1358 548 1377 ι
562 1356 589 1377 et
604 1357 709 1378 nienses
725 1357 763 1377 ιιι.

150 1386 286 1419 Pupienns
300 1387 417 1419 regnavit
432 1393 537 1413 menses
551 1393 579 1412 ιιι
594 1390 621 1413 et
632 1386 725 1413 semis.

150 1421 303 1448 Gordianus
317 1422 435 1455 regnavit
449 1420 506 1448 dies
523 1428 589 1447 χχιι.

148 1456 225 1483 Alius
240 1454 387 1482 Gordianus
404 1456 526 1489 regnavit
542 1454 551 1474 ί
569 1462 653 1482 annos
670 1463 702 1482 xx
715 1455 762 1491 (ita
773 1454 855 1490 θοαί).

149 1491 256 1518 Tertius
270 1491 419 1518 Gordianus
431 1491 550 1524 regnavit
564 1498 649 1518 annos
661 1498 697 1518 vt.

151 1529 163 1546 ε
178 1526 281 1553 Marcus
294 1528 412 1560 regnavit
426 1533 511 1553 annos
526 1533 562 1553 vr.

150 1561 290 1596 Philippus
302 1562 424 1596 regnavit
437 1569 523 1599 annos
538 1569 562 1588 vt
575 1565 603 1589 et
615 1560 708 1588 semis.

156 1623 173 1639 ι
187 1619 283 1647 Gravis
303 1626 379 1647 error
402 1619 436 1647 de
461 1617 572 1654 imperio
586 1616 658 1645 Lucii
674 1616 754 1648 Veri,
768 1616 811 1651 qui
825 1622 902 1654 annis

111 1662 141 1683 ιι
156 1662 216 1682 cum
225 1655 313 1682 Marco
325 1655 454 1689 regnavit,
470 1652 561 1688 illique
574 1658 616 1680 est
628 1657 817 1687 prtemortuus.
847 1652 901 1678 Ma—

112 1689 182 1717 Ialas
196 1698 302 1724 quoque
317 1689 359 1717 hic
374 1690 486 1717 multttm
498 1689 688 1716 halluciuatur.

150 1725 165 1744 δ
185 1720 231 1752 Sic
244 1720 271 1752 et
292 1724 398 1752 Malalas
411 1745 419 1757 ,
438 1732 517 1759 quem
530 1724 584 1758 jam
598 1721 739 1757 castigavit
751 1720 897 1748 Chilmeal-

112 1760 176 1792 dus,
190 1760 305 1787 suadens
320 1767 357 1786 xu
375 1768 421 1794 pro
434 1767 501 1786 xxii.

154 1798 166 1812 ο
186 1791 484 1828 ϐιθεείεεὶιιιιιδέιιοιι,
497 1794 523 1822 in
535 1801 614 1830 quem
627 1793 714 1829 ipsum
729 1791 827 1819 labitur
846 1791 901 1819 Ma-

112 1829 193 1863 Ialas,
206 1837 233 1864 p.
246 1830 308 1858 I26.

148 1866 161 1885 ιι
183 1865 238 1893 Imo
252 1873 297 1893 an.
313 1873 367 1893 xiv.

150 1908 162 1922 σ
183 1900 209 1927 Id
223 1905 264 1928 est
278 1901 446 1928 Maximinus.

151 1937 160 1956 ί
181 1935 318 1963 Somnium
333 1941 383 1963 est.

150 1977 162 1995 δ
182 1970 230 1998 llic
243 1977 348 2006 quoque
360 1972 462 1998 Marcus
475 1969 644 2005 conﬁngitur.

761 136 956 165 οιιιιοΝιροΝ
976 114 1099 166 unave.

919 196 944 225 Α
994 194 1154 221 Valerianus
1162 193 1281 229 regnavit
1294 200 1378 221 annos
1394 200 1413 221 ιι
1423 197 1450 221 et
1464 193 1617 222 dimidium.

1675 138 1744 167 II“

993 230 1085 257 Gallus
1100 230 1270 263 parvissimus
1287 229 1405 264 regnavit
1417 236 1522 256 menses
1538 237 1565 256 ν.

998 264 1091 291 Decius
1106 265 1224 298 regnavit
1240 271 1360 292 annumt
1373 268 1400 291 et
1415 271 1521 292 menses
1539 272 1598 293 vui.

993 299 1153 327 Emilianus
1168 300 1291 334 regnavit
1303 306 1410 326 menses
1424 306 1474 327 ιιιι.

996 333 1150 369 Valerianus
1165 334 1283 369 regnavit
1297 341 1381 361 annos
1397 341 1432 361 vt.

993 368 1140 402 Gallienus,
1156 368 1242 403 quiet
1258 369 1384 401 Licinius.
1400 369 1519 403 regnavit
1533 376 1617 398 annos
1632 378 1700 397 xnn.

993 404 1127 437 Claudius,
1139 405 1182 438 qui
1196 409 1223 432 et
1238 403 1250 422 δ
1268 403 1415 437 Pullianus,
1429 404 1549 439 regnavit
1568 412 1653 434 annos
1667 414 1738 435 νιιιι.

991 439 1167 471 Quintilianus
1179 439 1300 473 regnavit
1314 439 1370 466 dies
1385 447 1401 466 x
1416 444 1443 466 et
1459 446 1509 468 vix.

993 475 1145 501 Aurelianus
1159 475 1278 509 regnavit
1289 481 1374 501 annos
1387 481 1426 501 Vl.

984 509 1098 543 _Taeittts
1113 510 1233 543 regnavit
1246 516 1352 536 menses
1368 517 1414 536 vn.

992 544 1133 571 Florianus
1147 545 1268 579 regnavit
1280 551 1384 571 menses
1395 551 1427 571 ιι.

991 579 1079 606 [Elius
1092 579 1182 606 Robus
1197 581 1415 614 regnavit'annos
1427 586 1454 606 ιιι
1467 583 1496 606 et
1510 585 1617 608 menses
1628 586 1667 608 ιιι.

990 614 1075 640 Carus
1087 614 1204 648 regnavit
1219 622 1302 642 annos
1316 621 1345 641 ιι.

992 649 1167 677 Numerianus
1179 650 1298 683 regnavit
1310 655 1394 676 annos
1406 656 1436 676 ιι.

990 684 1104 711 Carinus
1118 685 1240 718 regnavit
1250 691 1335 711 annos
1346 691 1376 711 ιι.

994 718 1001 754 ξ
1021 718 1173 746 Licinianus
1189 720 1308 753 regnavit
1325 725 1409 746 annos
1419 725 1456 746 vit
1471 718 1517 753 (ita
1528 718 1611 754 cod.).

991 753 1170 781 Diocletianus
1196 759 1224 781 et
1247 754 1422 781 Maximianus
1448 753 1625 789 regnaverunt
1649 761 1735 782 annos

954 796 1040 817 XVIIII.

990 824 1180 851 Constantinus
1195 824 1280 858 major
1292 823 1415 858 regnavit
1426 830 1509 851 annos
1525 831 1611 851 xxxii.

990 859 1161 886 Constantius
1175 860 1293 893 regnavit
1307 866 1404 885 annum
1424 867 1430 886 t
1448 858 1472 886 i.

992 893 1114 920 Julianus
1130 892 1309 928 transgressor
1324 894 1442 928 regnavit
1453 900 1538 920 annos
1550 901 1586 920 vit
1602 892 1627 920 ι.

989 928 1116 956 Iovianus
1129 930 1249 962 regnavit
1268 936 1373 956 menses
1387 936 1421 955 vn
1433 933 1460 955 et
1472 929 1567 956 semis.

993 963 1194 991 Valentinianus
1210 964 1331 998 regnavit
1343 970 1428 998 annos
1439 971 1507 990 xvii.

994 998 1089 1025 Valens
1103 999 1222 1033 regnavit
1236 997 1320 1026 annos
1336 1006 1383 1025 uti
1402 997 1427 1025 1.

991 1033 1133 1062 Grai-ianus
1146 1033 1266 1069 regnavit
1280 1042 1363 1061 annos
1379 1041 1413 1061 vti
1426 1037 1453 1060 et
1469 1039 1576 1061 menses
1591 1041 1617 1061 x.

990 1070 1159 1097 'l'heodosius
1172 1070 1257 1104 majnr
1268 1070 1385 1103 regnavit
1399 1076 1484 1096 annos
1496 1075 1562 1095 xvn.

990 1105 1119 1132 Arcadius
1134 1104 1253 1138 regnavit
1266 1112 1351 1132 annos
1367 1111 1443 1131 xxitt.

990 1140 1122 1167 Ilonorius
1134 1140 1254 1174 regnavit
1263 1147 1348 1167 annos
1361 1147 1434 1167 xxxi.

991 1175 1158 1202 'l'heodosius
1168 1176 1255 1202 minor
1271 1175 1389 1209 regnavit
1402 1181 1487 1202 annos
1499 1182 1592 1202 vaut.

992 1210 1142 1238 Marcianus
1155 1211 1275 1244 regnavit
1285 1217 1370 1236 annos
1386 1217 1411 1236 vr
1424 1215 1450 1237 et
1464 1217 1570 1237 menses
1584 1217 1611 1236 v.

991 1245 1046 1272 Leo
1058 1246 1144 1279 major
1158 1245 1278 1280 regnavit
1290 1251 1374 1272 annos
1384 1251 1428 1271 xvi
1442 1250 1468 1272 et
1481 1252 1586 1272 menses
1600 1250 1639 1270 xi.

990 1281 1045 1307 Leo
1060 1280 1153 1307 Iunior
1166 1281 1285 1314 regnavit
1298 1286 1398 1306 annum
1413 1284 1460 1308 tet
1475 1280 1532 1306 dies
1549 1286 1616 1306 uti.

990 1315 1065 1342 Zeno
1077 1316 1199 1350 regnavit
1210 1322 1294 1342 annos
1305 1322 1338 1342 xv
1348 1320 1374 1342 et
1394 1320 1506 1342 menses
1514 1321 1544 1341 ιι.

990 1351 1145 1378 Anastasius
1169 1351 1292 1385 regnavit
1314 1357 1399 1377 annos
1422 1357 1505 1384 xxv“,
1522 1354 1627 1376 menses
1643 1354 1698 1375 vun
1711 1352 1739 1375 et

953 1386 1011 1414 dies
1023 1393 1089 1414 vnn.

988 1421 1109 1450 Justinus
1120 1421 1243 1455 regnavit
1256 1427 1340 1447 annos
1356 1427 1411 1447 vtttt
1424 1423 1452 1446 et
1465 1420 1523 1448 dies
1537 1427 1605 1447 xxii.

989 1453 1287 1491 Justinianus‘regnavit
1301 1463 1386 1482 annos
1401 1462 1515 1483 xxxvntt
1539 1460 1567 1483 et
1589 1453 1738 1483 dimidium.

991 1492 1113 1520 Justinus
1127 1495 1248 1525 regnant
1260 1498 1344 1517 annos
1358 1497 1426 1517 vnit.

1042 1544 1163 1565 IXPLICIT
1176 1542 1317 1564 CIIIIONICA.
1333 1542 1385 1563 ΒΕΘ
1398 1542 1521 1563 αιιΔτιΑς.
1540 1543 1612 1563 ΔΙΕΝ
1623 1540 1653 1563 π’.

990 1615 1003 1634 ¹¹
1023 1616 1140 1648 Malalas,
1164 1617 1334 1647 ’Λποὶὶικνὸςσ

994 1651 1001 1670 ί
1025 1652 1186 1686 Intelligatur
1201 1653 1327 1678 Licinius.

992 1688 999 1711 i
1025 1688 1080 1714 Hoc
1095 1695 1200 1721 quoque
1217 1691 1365 1721 portentum
1379 1691 1444 1714 est.-

990 1721 1003 1741 ¹ί
1024 1722 1133 1756 Corrige
1147 1730 1174 1752 Il,
1190 1728 1216 1748 ut
1230 1724 1347 1756 estapud
1362 1722 1492 1749 Ilalalam.

992 1757 1001 1775 1
1023 1758 1067 1785 Sic
1082 1758 1161 1784 etiam
1176 1758 1291 1784 lilalalas.

991 1798 1010 1811 πη
1026 1793 1088 1828 Ilaec
1103 1798 1143 1819 est
1157 1792 1279 1819 Chronici
1293 1792 1426 1824 clausula,
1443 1799 1481 1828 ne
1492 1790 1559 1817 forte
1572 1788 1667 1828 aliquis
1679 1794 1737 1828 mu-

957 1829 1030 1855 tilum
1053 1827 1079 1853 iii
1102 1827 1193 1855 codice
1216 1835 1282 1861 opus
1296 1827 1441 1854 existimet.
1463 1827 1556 1853 Cessat
1570 1832 1633 1858 ergo
1648 1824 1673 1850 in
1688 1823 1736 1850 Ju-

956 1864 1017 1891 stini
1041 1863 1156 1897 jnnioris
1179 1870 1249 1888 anno
1271 1870 1356 1894 nono,
1374 1870 1451 1896 queui
1469 1861 1600 1897 tredecim
1613 1865 1737 1897 regnasse

957 1893 1067 1925 Scimus.
1090 1898 1158 1930 Ergo
1175 1903 1265 1923 noster
1287 1893 1514 1930 Chronographus
1534 1895 1640 1921 Iustino
1655 1893 1741 1919 adhuc

957 1934 1105 1967 imperante
1120 1933 1247 1966 scriptum
1265 1939 1341 1958 suum
1352 1931 1519 1958 absolvebat.

135 2026 1727 2052 __________________________..___

753 2085 1011 2127 APPENDIX
1042 2084 1109 2123 IV.

489 2167 1042 2286 canonico};
1062 2211 1362 2278 BREVE

369 2341 394 2370 Α
416 2337 543 2370 MUNDI
566 2335 748 2367 EXORDIO
771 2334 898 2372 USQUE
921 2334 974 2365 AD
997 2332 1134 2364 ANNUM
1162 2330 1319 2363 CHRISTI
1341 2329 1486 2361 DCGCX.

134 2414 188 2445 Ex
204 2417 323 2443 vetusto
347 2411 449 2442 codice
465 2421 521 2442 ms.
537 2409 625 2441 Beda:
645 2408 680 2440 de
696 2409 827 2478 Bagoae
842 2412 1025 2477 ιςζηροῖξιγη,
1043 2407 1097 2451 qui
1112 2405 1173 2446 fuit
1193 2404 1323 2435 ecclesia:
1351 2413 1404 2434 seu
1425 2400 1606 2433 monasterii
1620 2399 1722 2431 sancti

766 2457 880 2478 aonusu
899 2457 932 2477 ιη
976 2455 1094 2476 Πιηωα.

766 2457 880 2487 tonystt
899 2457 932 2477 ιη
948 2455 1094 2477 rrant'ta.

574 2517 721 2549 (Duchesne,
727 2517 840 2542 Historia)
851 2515 870 2542 1"
871 2521 996 2541 raucorum
1007 2515 1150 2546 Scriptores,
1158 2519 1215 2540 tom.
1221 2514 1277 2546 III.)

388 2594 488 2623 AETAS
507 2593 622 2621 PRIMA.

147 2642 231 2669 Adam
246 2648 306 2668 cum
321 2647 393 2668 esset
406 2648 474 2668 cxxx
488 2646 618 2666 annorum
634 2638 724 2673 genuit
736 2638 812 2665 Seth.
834 2637 899 2665 Seth

111 2683 200 2704 autem
216 2677 316 2704 habens
329 2684 413 2702 annos
433 2683 467 2703 cv
482 2674 571 2709 genuit
593 2674 663 2700 Enos
678 2673 782 2709 vivente
803 2673 898 2705 Adam,

111 2718 138 2740 et
153 2712 267 2739 habente
281 2719 365 2739 annos
378 2708 493 2738 ccxuv.
509 2709 578 2736 Enos
591 2709 687 2744 quippe
703 2708 803 2735 habens
815 2715 900 2735 annos

112 2756 144 2774 xc
159 2747 248 2781 genuit
261 2746 370 2773 Cainam
390 2747 496 2781 vivente
511 2744 596 2772 Adam
610 2766 616 2776 ,
641 2751 668 2771 et
682 2744 797 2771 habente
811 2749 900 2781 annos

111 2778 222 2809 cccxxv.
238 2782 347 2809 Cainam
363 2788 426 2807 vero
446 2780 546 2807 habens
568 2786 652 2806 annos
674 2786 725 2807 ιλιι
741 2778 899 2814 genuitlila-

112 2817 185 2843 Ialecl
199 2817 305 2843 vivente
319 2816 412 2848 Adam,
427 2820 453 2842 et
467 2815 581 2841 [tabente
597 2822 681 2841 annos
694 2821 804 2841 cccxm.
819 2813 898 2840 Mala-

114 2851 162 2879 leel
179 2851 278 2879 habens
293 2859 374 2879 annos
390 2858 440 2879 va
454 2851 543 2884 genuit
555 2850 633 2877 .Iarcd
645 2849 750 2877 vivente
761 2849 855 2878 Adam.
871 2854 897 2876 et

912 2590 939 2621 ι)
954 2591 1068 2619 habente
1090 2597 1175 2617 annos
1198 2597 1307 2617 ccccu.
1326 2589 1405 2618 .lared
1428 2594 1515 2617 autem
1536 2587 1637 2616 habens
1652 2595 1737 2615 annos

952 2634 1021 2655 cuti
1035 2626 1127 2661 genuit
1142 2625 1233 2652 Enoch
1248 2626 1351 2661 vivente
1371 2625 1466 2658 Adam,
1484 2629 1510 2651 et
1530 2624 1643 2661 habente
1655 2630 1741 2661 annos

952 2658 1053 2689 ucxxti.
1080 2661 1169 2688 Enoch
1184 2667 1248 2687 vero
1263 2659 1363 2687 habens
1377 2667 1461 2691 annos
1479 2667 1530 2687 uv
1550 2659 1642 2694 genuit
1654 2658 1739 2685 Matu-

951 2699 1007 2724 sala
1028 2698 1133 2724 vivente
1152 2696 1237 2722 Adam
1260 2699 1287 2721 et
1309 2694 1425 2723 habente
1438 2702 1522 2721 annos
1537 2701 1685 2722 DCLXXXV".
1708 2694 1738 2720 Et

953 2732 1128 2760 Mathusalcm
1144 2730 1246 2757 habens
1265 2737 1349 2757 annos
1369 2737 1494 2757 ctxxxvn
1519 2730 1611 2764 genuit
1625 2728 1740 2755 Lamech

954 2767 1058 2794 vivente
1073 2767 1157 2793 Adam
1176 2769 1203 2791 et
1225 2765 1340 2792 habente
1351 2772 1436 2793 annos
1455 2772 1609 2792 ocrcuuw.
1625 2764 1740 2791 Lami-ch

952 2803 1023 2829 enim
1039 2802 1139 2829 habens
1161 2807 1246 2827 annos
1259 2808 1347 2836 cnxxtt
1361 2800 1451 2836 genuit
1473 2800 1538 2836 Noe.
1563 2799 1618 2827 Noe
1639 2798 1741 2836 habens

953 2844 1036 2866 annos
1050 2845 1065 2865 D
1078 2836 1170 2871 genuit
1184 2836 1256 2864 Seni.
1276 2835 1338 2864 Scm
1354 2833 1442 2864 a'utetu
1458 2835 1558 2863 habens
1572 2842 1655 2863 annos
1669 2841 1683 2861 ιι
1699 2833 1738 2860 (ιιμ
