3922 6346
179 322 283 385 385

177 442 227 483 et
253 430 423 485 notis.
465 426 641 496 Quam
679 428 956 486 fallaciam
1002 431 1277 502 ejusmodi
1313 431 1486 488 fuisse
1529 431 1762 487 Gemara

181 519 689 591 Hierosolymitana
722 532 954 580 narrat:
995 523 1240 579 Tradunt
1288 524 1534 596 magistri
1594 523 1765 577 nostri

179 621 405 665 conatos
435 627 550 666 esse
598 610 943 669 Boethusteos
1002 615 1061 667 iu
1105 630 1338 671 errorem
1387 615 1635 669 inducere
1678 630 1766 669 sa-

179 704 383 767 pientes
422 700 738 773 (synedrii)
769 711 819 756 et
865 702 1183 759 conduxisse
1228 702 1628 775 quadringentis
1672 718 1769 756 zu-

185 794 313 847 κίε
340 810 504 847 unum
535 794 601 848 de
647 795 869 860 nostris,
902 804 952 849 et
984 796 1210 851 alterum
1252 796 1317 852 de
1352 796 1488 865 suis,
1535 803 1593 849 ut
1624 794 1767 863 falso

185 892 509 938 testarentur
528 885 593 938 de
628 885 922 940 novilunio.
966 885 1082 941 Cur
1108 896 1292 942 autem
1341 886 1594 942 fraudem
1626 887 1769 941 hanc

183 974 275 1029 isti
314 975 492 1029 moliti
527 985 738 1041 essent,
783 988 1010 1032 causam
1063 978 1227 1032 istam
1280 977 1517 1034 afferunt
1553 977 1771 1034 Glossa-

184 1075 382 1122 tores:
431 1076 557 1125 mn
602 1079 750 1126 nm:
802 1051 901 1127 N'Tl
948 1077 1121 1128 nam
1160 1079 1274 1127 ’ϊτιι
1320 1053 1405 1129 ’πυ
1458 1076 1546 1129 ων
1576 1078 1771 1133 hunc

180 1166 354 1219 rma:
378 1169 497 1220 me
526 1143 610 1219 ὃν
652 1168 831 1245 mm
868 1168 1021 1220 nmo
1051 1168 1252 1245 piam:
1280 1168 1572 1221 nmmum
1606 1168 1771 1220 um

181 1258 341 1312 ὐττκὲ
389 1261 573 1315 mam
622 1263 794 1312 ωιτη
834 1256 991 1313 τῆκε
1039 1260 1229 1318 ἿὩῚἹΠ
1275 1261 1424 1314 nam
1471 1260 1629 1313 unus
1682 1256 1769 1312 η)

181 1354 430 1407 me:
464 1352 700 1403 man
735 1354 907 1406 mum
949 1342 1040 1410 Ut,
1091 1359 1210 1397 cum
1262 1343 1515 1398 incideret
1565 1343 1769 1398 tricesi-

185 1453 304 1489 mus
333 1438 443 1491 dies
478 1437 629 1490 Adar
654 1439 710 1491 in
739 1437 1057 1503 Sabbatum,
1095 1453 1188 1491 nec
1234 1446 1511 1507 appareret
1558 1437 1768 1492 nocitu-

185 1528 335 1578 niunt
363 1527 421 1579 in
454 1536 684 1596 tempore
710 1543 827 1592 suo,
854 1526 1135 1602 ambieriut
1163 1525 1465 1582 Boethustei
1484 1535 1540 1581 ut
1561 1527 1764 1597 prim‘us

183 1617 300 1672 dies
346 1616 570 1673 Pascha:
627 1619 881 1674 incideret
934 1618 990 1672 in
1034 1617 1355 1684 Sabbatum,
1406 1632 1507 1690 quo
1564 1620 1765 1675 oblatio

185 1707 447 1774 manipuli
494 1708 664 1776 ﬁeret,
694 1709 869 1775 prima
907 1707 992 1762 die
1016 1707 1392 1763 hebdomadis:
1425 1725 1600 1763 vocem
1632 1708 1769 1763 Sab-

187 1799 320 1863 bati,
359 1815 478 1870 qua:
504 1800 750 1864 habetur,
798 1798 963 1855 Leuit.
1003 1816 1161 1864 xxiii,
1195 1800 1255 1855 ll
1289 1811 1341 1855 et
1371 1798 1460 1866 l5,
1498 1802 1768 1868 accipien-

190 1901 263 1944 tes
300 1904 397 1958 pro
430 1889 666 1945 Sabbato
694 1893 906 1961 proprie
932 1892 1098 1957 dicto,
1130 1902 1188 1946 ut
1212 1900 1375 1962 cap.u
1396 1890 1611 1948 Genesis
1635 1892 1768 1964 (non

188 1996 286 2051 pro
304 1981 394 2037 die
418 1980 616 2037 festivo
642 1994 699 2038 et
746 1982 1033 2056 feriatlco)
1058 1992 1106 2038 et
1138 1983 1405 2057 [LXXIX]
1432 1984 1765 2040 Pentecostes

188 2074 241 2126 in
268 2073 445 2141 printa
488 2073 831 2129 hebdomadis
877 2074 983 2129 die.
1039 2075 1209 2148 Atqui
1256 2076 1362 2132 hoc
1419 2077 1601 2147 ipsum
1656 2082 1763 2143 est,

187 2165 330 2234 quod
356 2164 698 2235 Epiphanius
745 2180 896 2221 anno
951 2166 1251 2223 Dominica'.
1294 2169 1571 2240 passionis
1612 2170 1765 2224 acci-

188 2256 337 2311 disse
376 2255 573 2321 refert,
622 2263 681 2311 ut
724 2272 921 2327 nempe
953 2259 1064 2314 alio
1108 2260 1197 2315 die
1226 2259 1481 2316 Christus
1511 2275 1635 2315 cum
1668 2258 1766 2315 Ju-

188 2346 429 2402 daeorum
505 2348 764 2418 plurimis
818 2348 1032 2405 Pascha
1088 2350 1428 2416 comederit;
1482 2350 1579 2406 alii
1634 2366 1763 2407 vero

191 2435 430 2493 Sabbato
457 2437 731 2493 duntaxat
771 2438 1021 2505 ineunte,
1050 2446 1111 2493 ut
1144 2440 1218 2494 ita
1255 2438 1391 2494 feria
1423 2442 1595 2510 prima
1633 2455 1763 2510 pro-

190 2532 328 2585 xime
368 2540 493 2599 post
525 2529 826 2585 Sabbatum
879 2542 1142 2601 sequente
1191 2533 1507 2604 manipulus
1539 2531 1760 2589 oblatus

190 2621 280 2683 sit,
330 2628 388 2674 et
437 2635 504 2675 eo
547 2635 693 2675 anno
744 2619 946 2676 festum
1006 2620 1365 2677 Pentecostes
1417 2624 1473 2677 in
1522 2624 1759 2679 similem

189 2709 402 2775 teriam,
438 2724 536 2764 seu
579 2708 946 2774 Dominicam,
984 2711 1263 2767 inciderit.
1311 2710 1486 2767 Porro
1518 2713 1760 2769 Boethu-

187 2814 324 2854 saaos
356 2798 415 2854 in
441 2800 688 2855 eamdem
720 2810 928 2856 sectam
975 2817 1099 2856 cum
1131 2801 1453 2857 Sadducaeis
1483 2803 1760 2860 coaluisse

188 2890 460 2947 aﬁirmant
485 2889 658 2947 Judei
692 2907 905 2948 omnes.
954 2891 1160 2959 Quidni
1197 2893 1235 2948 ii
1275 2895 1387 2950 sint
1413 2895 1507 2965 qui
1543 2894 1759 2951 Masbo-

190 2983 306 3038 duri
353 2994 618 3055 corrupta
674 2999 813 3040 voce
856 2995 1124 3040 vocantur
1168 2985 1313 3055 apud
1356 2984 1657 3042 Eusebium
1690 3003 1759 3042 ex

188 3073 517 3147 llegesippo,
559 3091 816 3148 quosque
872 3077 1303 3134 Sadduczeorum
1346 3077 1520 3136 fuisse
1575 3082 1759 3138 socios

188 3169 453 3224 discimus
484 3183 550 3224 ex
581 3168 765 3225 Const.
801 3180 971 3240 apost.
1006 3169 1100 3225 lib.
1149 3186 1223 3237 νι,
1256 3186 1307 3226 c.
1342 3171 1395 3236 6,
1430 3172 1630 3244 quippe
1664 3175 1758 3245 qui

190 3260 653 3317 immortalitatem
697 3261 1000 3317 animarum
1054 3270 1110 3318 et
1159 3260 1565 3319 Providentiam
1601 3265 1762 3322 abne-

188 3360 398 3421 garent.
432 3354 565 3419 Quae
617 3360 745 3409 cum
780 3354 854 3408 ita
902 3355 1036 3423 sint,
1066 3355 1218 3409 nulla
1279 3355 1432 3411 brevi
1488 3358 1761 3427 supererit

189 3444 478 3501 ditIicultas
509 3445 575 3500 ad
598 3445 1013 3501 conciliandum
1035 3444 1304 3503 Joannem
1322 3462 1446 3503 eum
1478 3448 1757 3517 Matthiae,

191 3536 371 3591 Marco
402 3546 456 3590 et
487 3536 659 3591 Luca.

254 3627 371 3683 XX.
423 3627 656 3696 Quando
707 3628 950 3687 Joannes
994 3630 1242 3701 scripsit,
1307 3644 1430 3704 cap.
1489 3649 1603 3701 xix,
1661 3636 1756 3701 28,

190 3721 306 3776 illos
328 3721 424 3791 qui
463 3720 653 3775 lesum
681 3721 1033 3779 adduxerant
1051 3724 1121 3779 ad
1136 3722 1401 3792 Pilatum,
1429 3741 1533 3779 non
1558 3727 1761 3796 ingres-

189 3828 269 3867 sos
286 3829 402 3868 esse
430 3814 485 3866 in
509 3816 839 3881 praetorium,
875 3824 934 3867 ut
966 3831 1071 3869 non
1130 3817 1639 3883 contaminarentur,
1668 3813 1760 3870 sed

191 3913 242 3956 ut
288 3906 681 3960 mattducamt
728 3906 964 3976 pascha;
999 3906 1297 3964 Pontiﬁces
1360 3917 1761 3979 senatoresque

188 3992 493 4051 Judazorum
556 3997 913 4068 signiﬁcavit.
1003 3996 1072 4053 lli
1124 4013 1292 4070 porro
1345 4013 1543 4069 magna
1604 4006 1761 4069 parte

193 4087 469 4145 Sadducaai
532 4101 710 4157 erant,
766 4090 1228 4161 quemadmodum
1306 4101 1531 4149 sanctus
1578 4092 1759 4149 Lucas

192 4179 386 4236 diserte
417 4189 672 4247 testatur,
707 4181 828 4237 Act.
858 4197 911 4247 ν,
947 4182 1038 4248 17,
1073 4182 1160 4240 bis
1187 4183 1369 4240 verbis
1395 4201 1414 4240 :
1451 4183 1758 4255 Exsurgens

192 4280 355 4325 autem
405 4273 649 4341 princeps
694 4272 1060 4345 sacerdotum,
1089 4283 1143 4329 et
1169 4290 1351 4330 omnes
1387 4275 1477 4346 qui
1505 4292 1623 4330 cum
1663 4275 1759 4330 illo

191 4371 329 4416 «aut
364 4364 525 4434 (quae
560 4376 640 4419 est
662 4365 881 4420 haeresis
932 4363 1356 4423 Sadducworum
1381 4373 1400 4437 )
1424 4368 1608 4438 repleti
1638 4375 1760 4422 sunt

193 4456 315 4509 zelo.
346 4454 415 4509 Et
436 4465 589 4512 certe
617 4456 877 4527 princeps
910 4456 1016 4513 iste
1044 4456 1395 4513 sacerdotum
1424 4457 1613 4515 Atinas
1641 4467 1757 4514 erat

193 4550 284 4618 (ut
309 4549 568 4621 colligere
597 4550 729 4606 licet
758 4564 825 4605 ex
862 4563 987 4621 cap.
1048 4563 1123 4614 tv,
1184 4548 1275 4616 6),
1310 4556 1406 4603 aut
1444 4550 1636 4604 saltem
1663 4565 1759 4622 ge-

193 4655 281 4696 ner
327 4642 507 4712 ipsius
557 4641 818 4711 Caipbas.
876 4644 1092 4695 Annam
1150 4654 1319 4711 porro
1398 4638 1758 4697 Sadducaeum

192 4731 349 4789 fuisse
377 4744 720 4804 compertum
751 4730 926 4789 habeo
976 4747 1043 4788 ex
1060 4732 1322 4803 .losepho,
1347 4733 1441 4789 lib.
1478 4750 1551 4788 xx
1580 4734 1756 4804 Antig.

188 4838 301 4894 cap.
337 4825 395 4888 8,
424 4826 519 4880 ubi
549 4834 740 4880 narrat
796 4824 1047 4880 Ananum
1075 4824 1352 4894 iuniorem
1388 4826 1569 4895 magni
1594 4826 1759 4895 hujus

193 4918 353 4972 Anani
387 4918 505 4973 sive
530 4917 703 4972 Anna:
746 4917 941 4981 ﬁlium,
977 4919 1071 4987 qui
1091 4915 1356 4972 Jacobum
1386 4915 1517 4971 Jesu
1551 4916 1757 4974 Christi

192 5007 400 5065 lratrem
450 5011 571 5064 neci
637 5010 884 5075 tradidit,
948 5018 1096 5064 secta
1154 5007 1329 5065 fuisse
1362 5007 1755 5074 Sadducmum,

197 5100 398 5171 αἰρεσιν
446 5102 506 5155 δὲ
532 5100 726 5172 μετῄει
757 5102 858 5172 τὴν
897 5099 1295 5157 Σαδδουκαίων.
1333 5099 1393 5155 id
1423 5101 1570 5171 quod
1591 5102 1757 5157 etiam

192 5192 457 5249 observari
499 5204 683 5265 potest
713 5195 767 5249 in
800 5195 888 5249 his
921 5209 1045 5264 qua:
1082 5195 1152 5250 ab
1185 5198 1288 5250 hoc
1330 5194 1525 5251 eodem
1564 5196 1758 5251 Anano

191 5278 395 5348 iuniore
455 5283 725 5339 adversus
762 5282 996 5351 Paulum
1042 5292 1197 5353 gesta
1245 5297 1370 5339 esse
1418 5282 1756 5353 referuntur,

193 5372 300 5427 Act.
355 5389 489 5430 xxm
528 5383 583 5431 et
633 5389 783 5429 xxiv.
822 5374 1097 5445 Josephus
1148 5389 1370 5446 quoque
1413 5390 1526 5431 non
1558 5391 1668 5433 uno
1700 5377 1755 5433 in

192 5462 300 5519 loco
343 5466 538 5521 scribit
600 5465 933 5523 Sadducatos
1006 5466 1178 5523 fuisse
1218 5478 1485 5539 quotquot
1539 5471 1757 5541 generis

192 5553 422 5612 claritate
470 5559 616 5612 inter
643 5554 866 5611 Iudaeos
893 5552 1303 5626 praecellebant.
1357 5554 1756 5615 Thalmudlstze

194 5645 399 5702 tradunt
430 5648 580 5703 circa
625 5647 745 5702 haec
775 5648 892 5718 ipsa
918 5656 1165 5717 tempora
1192 5646 1517 5718 contigisse,
1559 5656 1619 5705 ut
1642 5649 1755 5706 ﬁlia

192 5738 473 5796 sacerdotis
503 5754 626 5808 quae
679 5746 919 5795 scortata
948 5735 1149 5806 fuerat,
1207 5737 1449 5809 synedrii
1481 5742 1752 5799 sententia

1481 319 1982 382 DISSERTATIO
2008 323 2107 383 VI.

3362 330 3464 392 386

1866 431 2311 498 combureretur,
2357 433 2641 492 fasciculis
2680 435 3028 493 surculorum
3060 435 3271 493 circum
3299 452 3470 509 appo-

1870 520 1990 577 sitis
2007 531 2200 578 contra
2233 525 2509 579 saneitam
2532 541 2564 580 a
2589 526 2900 597 majoribus
2929 528 3126 598 legem,
3152 527 3467 585 secundum

1864 626 2030 682 quam
2066 615 2535 671 vivicomburium
2589 618 2736 672 haud
2772 620 2937 675 aliter
2967 620 3153 687 ﬁebat,
3182 636 3348 691 quam
3379 622 3469 677 in-

1862 702 2011 772 jecto
2033 716 2085 761 et
2110 706 2357 777 eliquato
2374 709 2426 762 in
2447 723 2510 764 os
2531 709 2775 765 damnati
2796 712 2884 767 lilo
2907 714 3115 782 plumbi
3138 713 3462 770 candentis:

1866 795 2028 865 cujus
2048 799 2221 853 severi
2243 799 2439 869 judicii
2474 801 2615 855 hanc
2639 800 2811 858 fuisse
2841 818 3065 859 causam
3087 805 3291 872 ferunt,
3316 806 3465 877 quod

1867 901 1931 941 ea
1953 896 2115 945 aetate
2159 890 2479 960 synedrium
2517 892 2653 948 rude
2672 902 2726 948 et
2768 895 3079 965 imperitum
3130 904 3463 951 statutorum

1869 977 2340 1051 pristinorumque
2381 997 2596 1037 morum
2631 992 2778 1040 esset
2817 1001 2831 1037 :
2871 986 2922 1039 id
2955 993 3060 1052 est,
3084 987 3162 1040 uti
3187 987 3337 1041 rabbi
3371 985 3465 1042 Jo-

1869 1070 2002 1164 seph
2027 1155 2039 1164 ι
2068 1072 2462 1142 interpretatur
2492 1110 2509 1141 ,
2535 1084 2648 1164 rm
2935 1062 3044 1164 Βω-
3069 1082 3150 1163 τη
3185 1084 3288 1164 tv:
3325 1077 3461 1164 Sad-

1868 1151 2065 1208 ducteis
2120 1165 2287 1211 totum
2338 1158 2635 1213 constabat.
2695 1151 2986 1217 Enimvero
3018 1151 3290 1232 .ldsepbus
3339 1162 3465 1217 loco

1869 1243 2034 1299 modo
2068 1255 2197 1302 ante
2237 1249 2408 1306 citato
2438 1250 2582 1305 hanc
2614 1251 2789 1307 fuisse
2819 1253 2990 1307 refert
3020 1252 3262 1308 indolem
3288 1252 3458 1308 istius

1869 1344 2054 1402 sectae.
2080 1346 2140 1393 ut
2163 1355 2274 1409 pra:
2300 1342 2519 1399 caeteris
2547 1340 2758 1400 Judaeis
2789 1346 3047 1400 crudeles
3087 1352 3276 1401 essent
3304 1344 3464 1417 οἵπερ

1868 1429 1978 1482 εἰσὶ
2001 1432 2132 1501 περὶ
2171 1431 2273 1496 τὰς
2307 1433 2522 1505 κρίσεις
2550 1434 2694 1505 ὠμοὶ
2736 1436 2885 1507 παρὰ
2927 1437 3136 1500 πάντας
3158 1438 3286 1499 τοὺς
3328 1437 3461 1489 Ἰου-

1867 1521 2069 1586 δαίους.
2109 1523 2248 1579 Cum
2289 1526 2460 1596 igitur
2490 1528 2781 1597 pontiﬁces
2816 1536 2871 1584 et
2911 1531 3190 1599 primores
3211 1528 3465 1583 Judaicte

1869 1613 2050 1682 gentis
2076 1614 2368 1671 Sadducaei
2417 1627 2631 1685 essent,
2687 1619 2897 1674 idcirco
2921 1620 3150 1690 pascha,
3185 1618 3337 1690 quod
3370 1618 3463 1673 alii

1869 1718 2095 1774 vespere
2137 1706 2469 1776 praecedenti
2511 1707 2887 1775 comederunt,
2915 1710 2981 1763 ad
3003 1709 3146 1765 diem
3170 1709 3464 1778 insequen-

1869 1804 1978 1852 tem
2034 1797 2392 1865 distulerunt,
2416 1813 2562 1870 quae,
2612 1812 2729 1855 tum
2769 1800 3025 1868 Sabbati,
3060 1810 3177 1855 tum
3235 1801 3464 1855 decimae

1866 1890 2076 1960 quintae
2111 1890 2222 1946 diei
2278 1892 2490 1947 mensis
2548 1892 2768 1946 initium
2822 1891 2960 1961 ipsis
2995 1891 3162 1959 foret,
3214 1905 3461 1948 mensem

1867 1982 2175 2051 auspicatis
2204 1996 2236 2036 a
2259 1981 2417 2051 phasi
2450 1996 2548 2038 seu
2583 1982 2797 2037 visione
2828 1983 2995 2037 lunae.
3412 1974 3423 1981 ’

1934 2071 2078 2129 XXI.
2105 2072 2217 2128 Nec
2237 2081 2322 2129 est
2349 2074 2496 2145 quod
2520 2075 2844 2144 quisquam,
2874 2075 3245 2129 recentiorem
3268 2079 3459 2129 aucto

1865 2177 1982 2219 rem
2011 2164 2344 2236 evangelica:
2373 2164 2624 2221 historiae
2654 2165 3057 2235 peritissimum
3089 2172 3342 2229 secutus,
3370 2165 3457 2219 in-

1863 2252 2109 2318 ﬁcietur,
2143 2255 2438 2324 pontiﬁces
2466 2255 2618 2325 ipsos
2649 2255 2717 2309 ad
2757 2253 2996 2309 Pilatum
3023 2268 3149 2309 cum
3187 2254 3458 2310 ministris

1863 2348 1983 2400 suis
2010 2352 2065 2400 et
2090 2346 2321 2401 cohorte
2343 2343 2592 2400 Romana
2620 2344 2810 2402 Jesum
2860 2346 3105 2402 vinctum
3134 2347 3454 2404 adduxisse.

1860 2436 1997 2491 Nam
2047 2435 2364 2504 Matthaaus,
2402 2452 2524 2508 cap.
2568 2453 2743 2503 xxvu,
2781 2437 2841 2502 1,
2871 2438 3095 2507 scripsit
3124 2453 3138 2489 :
3165 2437 3324 2492 Hane
3356 2454 3457 2492 au-

1863 2538 1964 2583 tem
2000 2528 2166 2597 facto,
2197 2528 2479 2582 consilium
2521 2528 2755 2582 inierunt
2784 2527 3061 2595 Principes
3097 2529 3454 2593 sacerdotum,

1859 2622 1909 2675 oi
1938 2623 2242 2691 ἀρχιερεῖς,
2285 2630 2337 2675 et
2393 2620 2627 2675 seniores
2663 2618 2848 2689 populi
2878 2621 3133 2675 adversus
3156 2619 3366 2685 Jesum,
3396 2627 3455 2673 ut

1858 2731 1977 2770 eum
1996 2716 2153 2769 morti
2172 2714 2462 2779 traderent,
2480 2726 2526 2768 et
2543 2717 2776 2768 uinctum
2795 2714 3134 2768 tradiderunt
3150 2713 3344 2767 Pontio
3362 2711 3457 2767 Pi-

1858 2814 1968 2868 lato
1985 2805 2222 2876 prtesidi.
2242 2804 2335 2860 Sic
2354 2804 2592 2869 Marcus,
2611 2819 2662 2859 c.
2692 2805 2827 2871 xv,l
2863 2824 2877 2859 :
2908 2802 2974 2859 Et
2995 2805 3272 2874 confestim
3300 2819 3457 2858 mane

1858 2899 2138 2954 consilium
2158 2898 2408 2968 facientes
2425 2898 2619 2952 summi
2635 2898 2934 2951 sacerdotes
2953 2914 3072 2951 cum
3093 2897 3388 2951 senioribus
3404 2905 3453 2951 et

1858 2990 2048 3044 scribis
2061 2999 2111 3043 et
2135 2990 2377 3044 universo
2402 2989 2647 3053 concilio,
2672 2988 2950 3042 vincientes
2964 2987 3170 3049 Iesum,
3188 2988 3453 3042 duxerunt

1857 3093 1907 3139 et
1934 3083 2271 3138 tradiderunt
2298 3081 2496 3137 Pilato.
2530 3081 2813 3136 Matthaeus
2834 3080 2986 3147 item,
3021 3080 3081 3133 11
3115 3078 3304 3135 Jesum
3336 3087 3453 3137 ste-

1860 3177 1995 3233 tisse
2016 3184 2143 3231 ante
2158 3173 2446 3245 praasidem
2466 3174 2565 3241 ait,
2586 3173 2835 3242 nihilque
2851 3171 3338 3241 respondissecum
3358 3186 3453 3228 ac-

1858 3278 2145 3325 cusaretur
2170 3284 2203 3321 a
2216 3267 2538 3337 principibus
2554 3260 2885 3319 sacerdotum
2909 3275 2958 3319 et
2977 3265 3290 3319 senioribus.
3309 3263 3452 3320 Mar-

1858 3375 1981 3425 cus,
2006 3375 2126 3431 cap.
2170 3372 2259 3423 xv,
2289 3359 2324 3413 3
2356 3375 2369 3413 :
2402 3361 2472 3412 Et
2495 3357 2820 3412 accusabant
2840 3372 2958 3410 eum
2984 3357 3176 3411 summi
3204 3358 3450 3411 sacerdo-

1861 3461 1937 3508 tes
1982 3459 2037 3507 in
2087 3453 2294 3509 multis.
2337 3451 2629 3506 blattlueus
2673 3464 2915 3514 rursum,
2956 3464 3077 3519 cap.
3120 3464 3286 3514 xxvu,
3330 3448 3446 3506 20:

1862 3545 2137 3616 Principes
2160 3546 2500 3601 sacerdotum
2525 3553 2575 3599 et
2608 3544 2841 3598 seniores
2874 3552 3255 3612 persuaserunt
3282 3554 3448 3611 popu-

1860 3636 1949 3699 lis,
1981 3644 2039 3689 ut
2074 3645 2305 3704 peterent
2356 3634 2685 3689 Barabbam.
2734 3631 2976 3698 Marcus,
3047 3644 3171 3699 cap.
3213 3644 3303 3695 xv,
3337 3629 3445 3684 ll:

1858 3726 2155 3782 Pontiﬁces
2203 3736 2386 3779 autem
2436 3725 2837 3778 concitaverunt
2886 3722 3121 3786 turbam,
3159 3730 3219 3775 ut
3274 3720 3446 3791 magis

1860 3816 2167 3873 Barabbam
2185 3816 2473 3869 dimitteret
2492 3814 2591 3868 eis.
2614 3813 2852 3867 Domino
2875 3813 3147 3882 pendente
3176 3812 3231 3867 in
3256 3826 3440 3877 cruce.

1860 3911 1973 3967 illic
2032 3909 2263 3963 aderant
2312 3906 2572 3977 principes
2617 3903 2953 3958 sacerdotum
2993 3920 3112 3958 cum
3144 3905 3442 3960 senioribus

1859 4001 2211 4057 conviciantes
2242 3999 2290 4053 ei
2319 3997 2338 4069 (
2363 3996 2553 4051 Matth.
2584 4010 2734 4051 xxvtt
2759 4037 2772 4060 ,
2806 3996 2935 4065 41).
2962 3996 3248 4053 Cousimili
3278 3998 3443 4053 modo

1861 4094 2040 4150 Lucas
2068 4108 2195 4164 cap,
2252 4107 2410 4153 xxtu.
2454 4091 2483 4146 1
2548 4088 2618 4146 de
2643 4097 2759 4144 toto
2798 4092 3055 4161 synedrio
3084 4091 3171 4145 cui
3199 4090 3441 4159 pontifex

1858 4185 2307 4259 prrefuerat,ait:
2336 4182 2406 4237 Et
2437 4196 2660 4252 surgens
2704 4182 2875 4235 omnis
2925 4181 3211 4235 multitudo
3257 4198 3439 4234 eorum

1859 4279 2126 4333 duxerunt
2164 4277 2321 4331 illum
2380 4274 2450 4328 ad
2504 4273 2762 4328 Pilatum.
2816 4272 3049 4340 Quando
3099 4273 3300 4326 missus
3354 4281 3440 4328 est

1867 4370 2126 4426 Christus
2183 4363 2251 4421 ad
2290 4364 2558 4421 Herodem
2585 4405 2601 4432 ,
2644 4366 2678 4435 Ῡ
2730 4364 2800 4420 10
2847 4383 2861 4420 :
2906 4363 3132 4419 Stabant
3174 4365 3439 4434 principes

1860 4458 2201 4514 sacerdotum
2222 4467 2272 4510 et
2292 4454 2481 4509 scriba:
2502 4461 2806 4507 constanter
2834 4463 3143 4508 accusantes
3164 4468 3301 4508 eum.
3331 4450 3439 4507 Rc-

1859 4553 2031 4609 deunt
2046 4557 2102 4606 et
2126 4549 2231 4620 ipsi
2249 4546 2318 4603 ad
2340 4547 2580 4601 Pilatum
2603 4559 2619 4599 :
2644 4542 2782 4598 Nam
2804 4546 2859 4614 (Ῡ
2880 4546 2968 4617 15)
2994 4545 3227 4611 Pilatus,
3252 4562 3440 4601 εοηυο.

1859 4651 1994 4698 catis
2024 4638 2349 4711 principibus
2377 4636 2708 4691 sacerdotum
2739 4645 2787 4690 et
2814 4636 2979 4706 plebe,
3010 4636 3146 4690 dixit
3178 4638 3247 4689 ad
3273 4638 3395 4692 illos
3419 4654 3438 4692 :

1862 4732 2145 4790 Obtulis‘tis
2200 4729 2333 4785 mihi
2384 4728 2670 4791 hominem,
2712 4737 2819 4783 etc.
2853 4728 2958 4783 Sed
2996 4744 3174 4798 neque
3198 4727 3438 4785 Joannes

1859 4822 1993 4879 illud
2027 4820 2224 4885 tacuit,
2276 4834 2399 4889 cap.
2449 4834 2567 4881 nx.
2637 4818 2690 4884 6,
2726 4818 2946 4888 quando
2978 4818 3242 4875 Dominus
3266 4819 3440 4875 addu-

1858 4922 1984 4969 ctus
2013 4906 2249 4966 aPilato
2307 4910 2483 4965 exivit
2534 4908 2687 4964 foras
2715 4924 2840 4963 cum
2895 4921 3100 4963 corona
3145 4909 3336 4979 spinea
3383 4919 3439 4965 et

1857 5017 2140 5077 purpureo
2164 5001 2518 5067 vestimento,
2570 5017 2690 5055 cum
2720 5001 2971 5056 vidissent
3021 5016 3137 5055 eum
3163 5003 3439 5071 pontiﬁces

1856 5105 1908 5151 et
1934 5096 2170 5150 ministri
2210 5093 2529 5166 (syncdrii)
2577 5092 2883 5147 clamabant
2934 5092 3217 5148 dicentes:
3251 5092 3440 5148 Cruci-

1860 5189 1960 5259 ﬁge
1988 5203 2126 5242 eum.
2155 5186 2190 5256 ᾗ
2214 5185 2321 5240 l5:
2360 5184 2590 5255 Neganti
2639 5185 2816 5240 Pilato
2857 5201 2917 5241 se
2974 5198 3155 5255 regem
3192 5185 3437 5255 ipsorum

1858 5278 2281 5343 cruciﬁxttrum,
2306 5278 2688 5347 responderunt
2710 5277 2983 5346 pontifices
3003 5293 3022 5329 :
3039 5275 3161 5329 Non
3186 5275 3438 5329 habemus

1857 5388 2030 5443 regem
2080 5370 2187 5425 nisi
2234 5369 2537 5425 Cwsarem.
2592 5370 2626 5439 7
2684 5368 2772 5434 l2,
2838 5368 3120 5423 obsistunt
3163 5366 3437 5436 pontifices

1856 5464 2190 5526 Iudaeorum,
2260 5476 2331 5517 ne
2387 5460 2597 5516 Pilatus
2641 5459 2697 5514 in
2750 5460 2912 5515 titulo
2965 5457 3151 5514 crucis
3204 5457 3478 5532 scribath

1858 5557 1972 5613 Rea:
2030 5554 2368 5611 Judteorum.
2400 5553 2481 5608 Ad
2532 5553 2852 5623 praetorium
2919 5551 3087 5623 igitur
3142 5549 3439 5623 pontiﬁces

1858 5655 2238 5721 perrexerant,
2263 5645 2478 5717 judicio
2508 5643 2792 5701 Christum
2826 5644 3201 5718 persecuturi.

1932 5739 2099 5796 XXII.
2133 5738 2215 5795 Ad
2249 5737 2501 5797 eumdem
2534 5737 2759 5797 modum
2786 5737 3009 5798 occurri
3071 5743 3260 5809 posset
3286 5732 3438 5791 alteri
