3922 6346
473 261 579 327 387

477 369 820 436 dilllcultati,
850 383 1012 440 quam
1071 367 1346 436 objiciunt
1405 367 1734 430 adversarii,
1769 367 2064 437 Apostolus

477 463 830 518 existimasse
866 475 897 512 a
931 459 1167 513 Domino
1232 457 1403 514 fuisse
1449 459 1758 528 injunctum
1810 457 1968 513 Judze
2003 457 2063 513 in

479 554 671 608 ultima
725 567 908 612 coena,
941 558 1000 604 ut
1043 560 1240 605 emeret
1277 567 1394 620 qua:
1454 551 1751 604 necessaria
1793 559 1944 604 erant
1993 550 2063 604 ad

477 642 616 694 diem
645 640 838 708 festum
865 640 911 672 ”
941 654 958 693 :
987 640 1038 694 id
1067 638 1214 708 quod
1236 639 1290 693 in
1323 649 1562 694 mentem
1598 640 1844 710 ipsorum
1865 639 2066 696 cadere

477 745 588 786 non
625 736 867 800 poterat,
922 730 968 784 si
1007 729 1286 799 paschalis
1336 729 1660 786 solemnitas
1700 730 1915 800 incepta
1950 730 2063 800 jam

405 832 408 834 ‘
477 827 648 884 esset,
703 821 835 890 quia
870 819 1148 883 Sabbatis,
1194 819 1464 892 festisque
1513 822 1708 878 diebus
1763 823 2064 892 quidquam

480 919 579 965 aut
607 926 814 974 emere,
845 919 938 964 aut
962 911 1200 967 vendere
1225 914 1458 967 vetitum
1492 921 1631 969 erat.
1664 913 1891 978 Possem
1919 913 2064 968 enim

481 1001 816 1070 respondere
877 1001 1088 1056 licitum
1127 1002 1298 1059 fuisse
1326 1002 1480 1059 Juda‘.
1506 1005 1715 1060 hostias
1763 1003 2068 1060 ollercndas

481 1107 664 1147 emere
695 1094 816 1162 ipsa
847 1108 1100 1164 vespera,
1125 1111 1250 1159 quae
1276 1096 1540 1151 solemnis
1567 1112 1594 1149 a
1623 1096 1842 1151 cunctis
1863 1093 2068 1150 iudicis

482 1197 592 1236 non
620 1183 958 1249 haberetur;
987 1201 1054 1240 eo
1075 1186 1313 1240 maxime
1335 1187 1478 1256 quod
1500 1187 1790 1256 pontiﬁces
1820 1188 1875 1240 in
1902 1187 2065 1241 aliam

481 1274 624 1328 diem
644 1275 760 1329 sive
786 1276 1086 1330 Sahhatum
1121 1284 1361 1333 statutas
1383 1278 1499 1348 lege
1522 1278 1776 1332 victimas
1798 1277 2067 1332 ornatiori

481 1381 686 1435 pompa
748 1374 801 1421 et
834 1368 1287 1423 ceremoniarum
1329 1373 1439 1423 ritu
1493 1370 1807 1425 sacriﬁcare
1839 1370 2070 1425 distule-

483 1464 634 1519 rant,
712 1466 773 1511 ut
830 1459 1056 1513 nonnisi
1108 1459 1372 1528 postridie
1420 1459 1644 1516 Sahhati
1703 1460 2069 1530 primitiarum

482 1549 830 1618 manipulum
858 1550 1098 1604 oblaturi
1123 1549 1335 1606 e’ssent.

556 1639 746 1695 XXIII.
782 1639 888 1696 Sed
921 1641 1341 1711 responsionem
1370 1643 1537 1698 aliam
1588 1644 1722 1699 mihi
1766 1652 2065 1716 suggerunt

484 1729 740 1810 hlishnici
775 1734 1072 1810 sapientes,
1093 1743 1252 1790 tract.
1273 1735 1438 1791 Sabb.
1471 1751 1524 1790 c.
1555 1736 1646 1803 2'5,
1670 1736 1696 1810 ς
1717 1752 1757 1803 t,
1791 1737 1883 1793 ubi
1909 1739 2066 1792 aiunt

485 1805 540 1881 ἡ
575 1833 726 1880 nam
775 1807 897 1884 ea
924 1833 1052 1909 pata
1090 1834 1198 1886 rm
1242 1835 1310 1914 pr
1359 1835 1448 1888 ri:
1491 1805 1705 1891 munra
1760 1840 1878 1890 cm
1921 1813 2068 1914 hunc

485 1923 702 1973 urnam
731 1925 844 1974 uis
880 1907 990 2003 ram
1028 1927 1198 1977 mna:
1235 1907 1510 1981 nmium:
1544 1929 1738 2003 mpm
1771 1930 1868 2003 ’ρπ
1904 1907 2069 1982 νιν-ιτπτ

483 2012 736 2092 pit-12w
770 1991 924 2066 nnn‘a
971 2017 1144 2092 pawn
1197 2017 1309 2092 179v
1335 2019 1522 2092 1.1mm
1549 1995 1705 2092 _153.\‘
1737 1991 1904 2070 misi:
1931 2020 2070 2071 l'l’JD

367 2151 373 2157 .
485 2082 654 2155 irr'na
707 2104 849 2156 l'l’JD
901 2082 1072 2157 nam
1112 2083 1279 2158 πιντῶ
1335 2082 1460 2160 ‘mw
1505 2083 1757 2160 ωῆιιη-πνλ
1799 2111 1918 2162 nos
1951 2113 2069 2166 an?

483 2201 576 2254 tm
611 2178 765 2256 πηκὸ
811 2205 986 2282 pawn
1031 2208 1142 2262 una
1194 2207 1368 2262 ravim
1414 2208 1555 2261 τηυξ)
1607 2211 1692 2261 nn
1737 2187 1892 2261 hum
1937 2185 2070 2261 152s

485 2292 599 2344 nm
639 2285 873 2352 Quilibet
927 2297 1100 2356 potest
1129 2300 1300 2356 petere
1330 2305 1363 2342 a
1401 2291 1547 2345 socio
1581 2307 1678 2346 suo
1743 2292 1906 2348 cados
1963 2293 2071 2346 uini

489 2383 582 2426 aut
626 2374 789 2428 cados
842 2375 965 2440 olei,
996 2376 1124 2430 dum
1155 2393 1259 2431 non
1312 2377 1552 2434 dixerit:
1578 2380 1868 2436 Commoda
1923 2383 2068 2439 mihi.

488 2460 580 2516 Sic
613 2463 807 2517 mulier
839 2479 873 2516 α
923 2465 1100 2518 vicina
1148 2465 1445 2534 placentas.
1491 2468 1646 2533 Quod
1682 2471 1729 2524 si
1757 2472 1807 2525 ei
1834 2487 1937 2526 non
1961 2487 2073 2526 cre-

487 2551 711 2616 diderit,
744 2563 911 2622 potest
947 2556 1088 2622 apud
1137 2572 1254 2610 eum
1302 2557 1524 2627 pallium
1570 2560 1887 2616 thaletumve
1923 2579 2077 2617 suum

489 2640 804 2709 relinquere,
837 2654 887 2698 et
929 2655 1043 2715 post
1072 2647 1365 2702 Sabbatum
1394 2651 1653 2704 rationem
1682 2668 1800 2706 cum
1829 2669 1888 2708 eo
1917 2655 2074 2710 inire.

491 2729 581 2785 Sic
609 2734 662 2786 in
692 2751 904 2804 vespera
943 2736 1222 2792 Paschalis
1241 2778 1256 2802 ,
1287 2740 1426 2808 quod
1453 2741 1511 2794 in
1553 2739 1843 2798 Sabbatum
1867 2745 2073 2814 incidit,

493 2826 878 2896 Hierosolymis
934 2827 1179 2897 relinquit
1207 2827 1432 2895 pallium
1469 2847 1626 2885 suum
1655 2833 1795 2902 apud
1839 2849 1984 2898 eum,
2021 2843 2072 2890 et

489 2917 648 2969 sumit
684 2914 894 2971 Pascha
931 2933 1088 2971 suum
1143 2919 1276 2987 (seu
1308 2922 1624 2990 paschalem
1648 2939 1848 2996 agnum
1873 2927 2068 2998 )ratio-

490 3022 610 3060 nem
634 3017 808 3062 autem
838 3023 958 3062 cum
1006 3009 1102 3062 illo
1131 3009 1232 3063 init
1253 3020 1373 3080 post
1409 3012 1548 3069 diem
1578 3014 1793 3085 festum.
1825 3017 1980 3085 Quod
2019 3020 2066 3077 si

490 3095 731 3170 [LXXX]
761 3098 942 3169 quivis
974 3096 1223 3155 Israelita
1248 3098 1648 3175 Hierosolymis
1671 3105 1790 3176 ipso
1817 3108 1904 3164 die
1933 3108 2069 3166 Sab-

489 3187 604 3243 bati
654 3188 760 3244 hoc
794 3190 956 3246 modo
996 3200 1201 3258 emere,
1232 3210 1330 3251 seu
1361 3211 1685 3268 comparare
1711 3200 1816 3256 sibi
1857 3211 2068 3271 poterat

488 3281 803 3352 paschalem
848 3285 1363 3356 agnum;profecto
1418 3297 1634 3359 poterat
1685 3299 1740 3346 et
1763 3294 2068 3362 quamlibet

490 3369 655 3427 aliam
686 3372 941 3442 hostiam,
994 3390 1158 3446 quam
1207 3379 1498 3438 oblaturus
1559 3393 1707 3439 esset
1733 3385 1980 3441 sistendo
2008 3401 2067 3442 se

489 3478 676 3520 coram
702 3463 932 3533 Domino
961 3469 1265 3525 secundum
1315 3472 1453 3543 legis
1487 3477 1891 3546 praescriptum.
1927 3477 2068 3550 Lege

487 3556 757 3626 siquidem
797 3567 1022 3613 cautum
1071 3571 1211 3627 erat,
1248 3570 1310 3618 ut
1339 3565 1524 3622 nullus
1569 3567 1626 3622 in
1656 3569 1897 3639 paschali
1923 3571 2067 3626 cele-

485 3647 708 3714 britate,
754 3648 985 3721 aliisque
1007 3651 1224 3710 duabus
1273 3668 1550 3727 appareret
1583 3660 1638 3714 in
1664 3669 1940 3730 conspectu
1967 3661 2068 3716 Dei

486 3755 681 3795 vacuus
708 3740 792 3808 ”;
818 3742 870 3797 id
909 3752 995 3799 est
1025 3744 1146 3801 sine
1168 3762 1418 3804 munere.
1471 3749 1727 3816 Quinimo
1754 3753 2064 3810 istiusmodi

487 3830 684 3886 hostia:
737 3832 794 3887 in
851 3834 1054 3904 templo
1096 3851 1194 3892 seu
1231 3839 1421 3910 templi
1473 3841 1634 3908 atrio,
1697 3844 1842 3911 quod
1875 3843 2066 3913 templi

488 3935 620 3990 pars
665 3923 1022 3991 censebatur,
1062 3927 1227 3998 vulgo
1288 3931 1568 3987 venibant
1609 3942 1664 3988 et
1714 3934 2064 3999 emebantur,

490 4017 552 4064 ut
599 4024 668 4064 ex
729 4012 1020 4084 multiplici
1101 4014 1533 4089 Evangeliorum
1590 4029 1762 4087 textu,
1820 4019 2068 4094 ipsisque

489 4101 882 4162 Thalmudistis
907 4115 1145 4164 constat.
1162 4111 1328 4180 Atqui
1351 4111 1405 4164 in
1430 4118 1590 4167 tract.
1619 4109 1839 4167 Korban
1868 4110 2073 4168 Pesaclt

488 4207 586 4248 seu
628 4193 938 4252 oblationis
995 4197 1300 4266 paschalis,
1345 4214 1473 4270 cap.
1513 4200 1566 4266 l,
1622 4199 1650 4272 θ
1711 4201 1778 4255 16
1817 4221 1830 4257 :
1873 4201 2073 4260 Eadem

489 4299 646 4353 opera
673 4301 790 4355 qua:
847 4287 903 4340 in
956 4288 1146 4352 templo
1175 4289 1552 4344 exercebantur
1582 4289 2072 4364 prastabanturque

488 4375 672 4430 diebus
717 4376 994 4446 profestis,
1051 4380 1344 4450 agebantur
1397 4383 1560 4436 etiam
1591 4383 1647 4436 in
1667 4383 1888 4438 sabbato
1919 4384 2008 4452 (et
2039 4400 2070 4439 a

490 4465 718 4562 fortiore
738 4467 953 4562 festivis
981 4468 1197 4562 diebus}
1210 4481 1389 4562 ~112327.11
1411 4481 1591 4538 mn
1617 4481 1672 4562 Ρ
1707 4457 1833 4536 5th
1859 4485 2070 4540 MD:

489 4555 567 4612 Ita
587 4565 646 4612 ut
673 4557 719 4613 si
739 4557 952 4618 decima
965 4560 1346 4630 quartaNisan
1369 4555 1653 4620 incidisset
1671 4564 1725 4619 in
1743 4565 2067 4633 Sabbatum,

488 4649 729 4718 egressis
760 4649 938 4707 tribus
961 4650 1332 4708 lsraelitarum
1351 4657 1546 4710 turmis
1561 4670 1685 4710 cum
1697 4653 1814 4713 suis
1833 4657 2070 4727 pascha-

489 4740 662 4801 tibus.
693 4741 961 4797 lavaretur
983 4745 1184 4798 atrium
1214 4745 1324 4814 ipso
1343 4744 1576 4801 Sabban
1600 4763 1725 4818 quta
1748 4746 1969 4802 Sabbati
1985 4750 2068 4802 (ea:

490 4847 594 4886 non
620 4831 817 4903 obligat
848 4834 904 4888 in
935 4834 1122 4902 templo
1143 4843 1284 4920 patr:
1303 4843 1472 4894 nam
1491 4845 1672 4902 mm
1714 4848 1796 4898 na
1835 4847 2068 4900 ωιτη-ιι

487 4929 702 5001 mpm
734 4933 884 4984 nm
915 4933 1080 4983 TD'IN
1120 4923 1244 4979 Nisi
1289 4925 1428 4994 forte
1474 4927 1526 4980 in
1555 4927 1708 4982 rebus
1749 4945 1882 4999 quas
1914 4946 2060 4999 pror-

490 5023 582 5064 sus
615 5025 718 5063 non
736 5020 870 5065 esset
901 5013 1258 5067 necessarium
1287 5014 1519 5083 operari.
1563 5011 1738 5079 Unde,
1768 5017 1897 5085 quia
1927 5030 2064 5070 con-

488 5099 789 5157 cedebatur
845 5109 905 5156 ut
961 5101 1150 5169 boves,
1202 5119 1427 5176 pecora,
1487 5105 1779 5172 columbae,
1841 5107 2065 5177 aliaque

487 5189 778 5246 sacriﬁciis
837 5192 1156 5246 necessaria
1207 5193 1558 5247 venumirent
1590 5193 1644 5247 in
1685 5193 1843 5250 atriis
1875 5197 2062 5265 templi

486 5281 702 5339 caeteris
732 5281 1091 5338 hebdomadis
1111 5283 1332 5348 diebus,
1366 5291 1537 5354 utque
1566 5287 1926 5341 nummularii
1962 5304 2060 5344 seu

486 5372 746 5428 mensarii
785 5388 816 5427 a
853 5373 924 5428 25
952 5374 1158 5429 mensis
1211 5372 1368 5428 Adar
1386 5374 1620 5444 singulis
1661 5375 1856 5433 diebus
1885 5394 2062 5450 usque

488 5461 555 5516 ad
585 5461 797 5519 Pascha
834 5464 1111 5532 sederent,
1146 5480 1177 5519 a
1209 5465 1503 5536 quibusvis
1537 5465 1804 5529 lsraelitis
1832 5486 2059 5530 mascu-

558 5642 604 5677 "
633 5640 792 5700 Joan.
816 5661 909 5713 tu,
935 5643 985 5699 8.
1065 5645 1112 5678 ⁸⁸
1145 5643 1302 5702 Deut.
1341 5663 1413 5712 vr,
1450 5649 1536 5705 l7.

1449 216 2098 318 DISSERTATIONES
2135 253 2704 316 DAMASCENICJE.

3627 247 3745 310 388

2166 365 2235 422 lis
2291 364 2620 436 semicyclos
2653 378 2764 418 non
2806 361 2924 420 sine
2980 368 3195 432 quaestu
3242 358 3552 430 recepturi;
3595 360 3734 413 illud

2165 458 2331 513 etiam
2389 473 2490 528 per
2523 455 2813 527 pontiﬁces
2863 453 3066 510 licebat
3128 450 3331 508 diebus
3375 451 3746 514 solemnibus,

2164 547 2387 618 quando
2415 548 2576 618 longe
2595 547 2780 618 plures
2802 545 3042 602 vietimaa
3061 542 3366 598 mactanda:
3384 551 3594 608 essent,
3627 551 3746 596 tum

2164 654 2194 692 a
2216 640 2448 710 singulis
2482 639 2768 703 masculis,
2797 646 2913 693 tum
2942 637 3012 692 ab
3043 636 3112 690 iis
3143 636 3347 706 quibus
3371 642 3499 690 vota
3531 634 3749 705 persol-

2165 731 2343 786 venda
2377 739 2558 797 erant,
2591 738 2687 786 aut
2736 729 3029 788 otl‘erendae
3081 727 3275 782 hostiae
3300 741 3402 798 pro
3433 727 3752 811 mupdatio-

2166 824 2352 889 nibus,
2383 839 2595 879 necnon
2622 823 3032 894 primitivorum
3055 819 3294 874 vicariae.
3315 818 3394 874 Ad
3423 818 3526 872 hos
3543 818 3752 888 quippe

2165 915 2284 971 dies
2317 915 2544 971 festivos
2573 913 2891 985 hujusmodi
2921 911 3230 968 oblationes
3283 909 3744 972 reservabantur,

2165 1004 2390 1076 quando
2443 1020 2633 1060 omnes
2696 1001 3089 1074 Hierosolymis
3171 1000 3365 1054 adesse
3402 1006 3748 1063 tenerentur,

2169 1095 2248 1150 uti
2283 1094 2526 1150 traditur
2548 1094 2603 1148 in
2627 1091 2935 1148 Thalmude
2962 1089 3299 1161 Babylonico
3330 1088 3394 1142 ad
3414 1095 3580 1142 tract.
3604 1086 3751 1141 San-

2165 1183 2376 1247 hedrin.
2427 1184 2524 1238 fol.
2558 1183 2646 1247 ll,
2681 1183 2789 1238 col.
2827 1182 2876 1248 l,
2903 1189 2958 1236 et
2988 1180 3263 1236 Hierosol.
3307 1179 3376 1234 ad
3405 1188 3567 1233 tract.
3605 1177 3753 1230 Rush

2167 1271 2492 1336 basshanah,
2517 1271 2610 1326 fol.
2637 1269 2729 1336 56,
2752 1272 2860 1325 col.
2883 1271 2938 1326 2.
2986 1268 3351 1336 Quamobrem
3380 1282 3608 1342 pecesse
3626 1274 3752 1322 erat

2170 1375 2228 1420 ut
2252 1364 2338 1419 his
2371 1363 2569 1420 diebus
2600 1371 2802 1432 praesto
2850 1370 2904 1416 et
2938 1362 3005 1416 ad
3043 1376 3265 1416 manum
3299 1359 3352 1413 in
3388 1360 3574 1429 templi
3605 1360 3752 1410 atrio

2171 1457 2366 1512 hostiae
2414 1463 2622 1520 essent,
2656 1469 2795 1524 quas
2824 1467 3010 1509 secum
3062 1451 3258 1507 allerre
3309 1465 3418 1505 non
3463 1456 3748 1520 poterant,

2169 1547 2264 1620 qui
2299 1563 2366 1602 ex
2425 1545 2706 1601 remotiori
2759 1525 2980 1614 regione
3005 1540 3450 1610 frequentissime
3490 1540 3755 1594 adventa-

2169 1639 2341 1694 bant.
2371 1637 2438 1689 Et
2482 1642 2632 1691 certe
2683 1634 2872 1688 violati
2909 1632 3133 1688 Sahbati
3174 1647 3282 1686 non
3334 1639 3492 1685 erant
3520 1630 3625 1693 rei,
3651 1630 3748 1699 qui

2167 1729 2402 1800 ipsomet
2440 1726 2682 1782 Sabbato
2710 1725 2857 1797 quod
2884 1725 3149 1795 postridie
3174 1722 3336 1794 primi
3367 1721 3478 1776 diei
3517 1736 3748 1792 azymo-

2166 1835 2290 1876 rum
2325 1818 2643 1885 accidisset,
2687 1816 3019 1874 fasciculum
3049 1815 3418 1886 primitiarum
3453 1815 3507 1868 in
3540 1813 3746 1884 templo

2167 1910 2507 1966 oll‘erendum
2561 1910 2618 1966 in
2668 1909 2818 1981 agris
2870 1916 3140 1964 meterent
3179 1927 3194 1964 :
3231 1909 3310 1963 uti
3358 1921 3460 1962 nec
3515 1906 3596 1961 illi
3649 1907 3746 1975 qui

2169 2002 2472 2072 longiorem
2522 2002 2666 2056 viam
2693 2015 2860 2071 quam
2891 1999 3135 2056 Sabban
3157 1999 3596 2070 permitteretur,
3625 1996 3746 2068 ipsa

2167 2094 2256 2152 die
2276 2094 2508 2165 septima
2522 2094 2730 2150 emensi
2753 2100 2937 2149 essent
2959 2093 3025 2147 ad
3045 2091 3472 2148 annuntiandam
3491 2089 3749 2160 synedrio

2169 2188 2314 2243 diem
2347 2186 2536 2241 Lunae.
2573 2186 2694 2240 Alia
2718 2185 2849 2239 item
2874 2199 2984 2239 non
3018 2198 3192 2254 pauca
3222 2182 3417 2237 diebus
3440 2182 3564 2237 istis
3593 2182 3747 2235 licita

2169 2287 2350 2345 erant,
2394 2292 2518 2347 qua:
2543 2277 2612 2352 ad
2650 2274 2746 2330 Dei
2787 2275 2999 2330 cultum
3051 2283 3146 2330 aut
3181 2273 3510 2331 servandam
3571 2272 3747 2344 legem

2170 2370 2448 2427 cederent.

2243 2461 2435 2518 XXIV.
2492 2461 2651 2527 Quod
2699 2461 2745 2516 si
2781 2461 2907 2530 quis
2969 2461 3234 2530 obiiceret
3279 2458 3363 2514 las
3390 2456 3595 2514 Iudaeis
3635 2471 3748 2513 non

2176 2553 2348 2608 fuisse
2397 2552 2590 2607 diebus
2637 2551 2975 2606 solemnibus
3015 2549 3227 2620 judicia
3283 2550 3441 2618 ferre,
3500 2551 3750 2620 adeoque

2174 2653 2405 2701 mortem
2457 2643 2765 2714 quempiam
2796 2643 2905 2698 lata
2949 2642 3221 2698 sententia
3251 2642 3505 2706 multare,
3533 2641 3752 2697 suﬁice-

2172 2743 2258 2790 ret
2290 2735 2476 2790 forsan
2501 2735 2619 2789 haec
2658 2733 2945 2804 responsio
2999 2731 3186 2787 Jesum
3211 2746 3368 2785 reum
3403 2732 3600 2786 mortis
3629 2745 3745 2786 non

2173 2827 2242 2882 ab
2277 2827 2401 2882 aliis
2449 2827 2860 2896 pronuntiatum
2891 2823 3086 2891 fuisse,
3131 2838 3299 2894 quam
3341 2838 3370 2876 a
3395 2823 3750 2893 pontiﬁcibus

2174 2927 2227 2975 et
2251 2919 2432 2990 gentis
2455 2917 2898 2987 magistratibus,
2924 2916 3018 2987 qui
3048 2931 3173 2971 cum
3197 2930 3394 2987 magna
3418 2923 3572 2986 parte
3601 2916 3749 2971 Sad-

2173 3010 2346 3066 ducmi
2396 3019 2602 3077 essent,
2660 3008 2872 3064 Pascha
2936 3009 3179 3064 nondum
3245 3009 3616 3074 comederent,
3644 3023 3750 3064 nec

2174 3103 2317 3160 diem
2345 3105 2489 3159 hanc
2519 3109 2769 3158 sanctam
2798 3101 3082 3157 haberent.
3107 3101 3378 3157 Caeterum
3394 3099 3748 3172 Ligthlootus

2173 3196 2230 3251 in
2258 3195 2418 3250 Horis
2448 3194 2742 3258 Hebraicis,
2771 3194 2838 3249 ad
2865 3209 2987 3264 cap.
3020 3210 3168 3250 xxvn
3217 3192 3477 3259 Matthaei,
3503 3193 3748 3264 glossam

2173 3285 2334 3342 atl'ert
2369 3287 2438 3341 ad
2465 3284 2751 3342 Gemaram
2777 3284 3195 3357 Babylon.,cap.
3221 3284 3256 3339 4
3289 3293 3452 3340 tract.
3475 3283 3744 3339 Sanltedr.

2174 3375 2269 3432 fol.
2300 3377 2393 3440 35,
2445 3392 2554 3448 qua
2586 3377 2899 3450 declaratur
2940 3375 3150 3446 judicia
3191 3375 3448 3445 capitalia
3499 3374 3746 3430 exerceri

2174 3469 2418 3540 potuisse
2449 3469 2504 3524 in
2526 3469 2772 3539 vesperis
2807 3467 3198 3534 Sabhatorum,
3241 3483 3360 3538 quae
3400 3467 3453 3521 in
3481 3466 3748 3522 anteriori

2173 3559 2262 3614 die
2313 3568 2492 3630 coepta
2523 3565 2734 3622 essent,
2765 3558 2858 3613 ubi
2886 3557 3049 3613 nulla:
3077 3559 3408 3629 scriptiones
3456 3569 3617 3614 erant
3649 3559 3752 3613 ah—

2174 3651 2470 3708 solvendae.
2509 3649 2602 3706 Sic
2635 3657 2817 3706 autem
2845 3649 3135 3721 pontiﬁces
3164 3649 3258 3720 qui
3283 3648 3565 3706 Christum
3607 3651 3748 3708 feria

2173 3751 2365 3814 quarta
2408 3741 2572 3797 morti
2625 3740 3050 3810 adjudicandum
3093 3748 3420 3806 statuerant,
3478 3741 3586 3797 hoc
3613 3744 3746 3800 sine

2175 3833 2567 3904 scriptionihus
2591 3832 2816 3888 ineunte
2844 3831 3147 3888 festivitate
3191 3843 3370 3887 ratum
3405 3831 3677 3889 fecerunt.

2245 3925 2416 3982 XXV.
2444 3924 2650 3980 Omitto
2701 3923 2957 4002 Drusium
2993 3923 3050 3978 in
3082 3938 3206 3995 cap.
3238 3940 3388 3980 xxvii
3445 3923 3641 3980 Matth.
3681 3941 3750 3982 ex

2173 4017 2276 4072 Pes
2291 4019 2426 4082 ’cha,
2481 4015 2576 4072 fol.
2611 4015 2699 4080 75,
2740 4015 2850 4071 col.
2883 4015 2938 4079 4.
2970 4014 3323 4070 traditionem
3375 4016 3519 4070 hanc
3553 4017 3751 4072 docto-

2173 4124 2293 4164 rum
2316 4107 2626 4164 Judzeorum
2655 4105 2849 4162 aﬁerre
2882 4122 2896 4160 :
2927 4105 3062 4162 Cum
3109 4106 3280 4178 aliqui
3322 4107 3564 4162 damnati
3595 4118 3750 4163 erant

2171 4201 2242 4255 ad
2273 4211 2516 4267 mortem,
2540 4200 2678 4254 uelut
2707 4212 2865 4254 senex
2897 4197 3130 4266 rebellis,
3153 4210 3201 4254 et
3251 4199 3528 4268 impostor,
3553 4198 3755 4254 detine-

2172 4290 2298 4346 bant
2342 4307 2482 4356 eum,
2515 4289 2808 4359 di/ferendo
2861 4289 3185 4359 supplicium
3216 4306 3381 4360 usque
3417 4290 3488 4344 ad
3531 4290 3751 4362 aliquod

2171 4381 2401 4436 solemne
2447 4380 2672 4449 festum,
2727 4378 2872 4450 quod
2899 4363 3030 4440 ‘7":‘1
3059 4389 3250 4433 uocant
3299 4380 3431 4449 (seu
3495 4394 3669 4433 unum
3721 4394 3756 4435 e

2170 4473 2377 4537 tribus,
2411 4471 2467 4526 in
2500 4471 2706 4541 quibus
2737 4485 2933 4528 omnes
2981 4469 3229 4540 undique
3262 4469 3751 4542 Hierosolymam),

2172 4575 2296 4620 tunc
2318 4564 2626 4619 occidebant
2654 4580 2742 4618 eos
2790 4579 2892 4635 quo
2940 4571 3169 4632 tempore
3200 4561 3376 4617 Israel
3407 4574 3754 4633 congregatus

2167 4667 2316 4722 erat;
2351 4656 2421 4711 ad
2452 4656 2794 4711 statuendum
2839 4654 2995 4720 illud,
3019 4653 3160 4726 quod
3187 4666 3238 4708 et
3269 4671 3450 4709 omnes
3478 4652 3755 4710 Israelita:

2167 4750 2383 4805 audient
2411 4759 2460 4805 et
2489 4749 2762 4803 (imbuat.
2807 4745 2956 4804 Sane
2976 4746 3044 4804 R.
3078 4747 3340 4802 Salomon
3372 4746 3440 4799 ad
3471 4746 3641 4801 istum
3667 4748 3755 4802 lo-

2167 4856 2316 4924 cum,
2351 4841 2508 4896 Deut.
2531 4855 2704 4905 xxvu,
2728 4840 2816 4924 l5,
2845 4839 3036 4924 eadem
3063 4837 3226 4924 habet
3253 4856 3266 4893 :
3292 4844 3579 4924 patriam
3607 4846 3759 4923 per:

2164 4915 2305 4994 5T1:
2344 4941 2470 4992 una
2513 4939 2747 5018 prum
2797 4917 2950 5018 5:11.
3000 4914 3178 4994 ἦνὫὸ
3231 4914 3354 4982 hinc
3380 4938 3457 4983 est
3490 4914 3630 4997 quod
3660 4944 3757 4983 ea:-

2165 5024 2473 5092 spectabant
2521 5005 2661 5077 diem
2704 5025 2899 5088 festum
2937 5005 3106 5089 θλἾΠ,
3139 5031 3195 5074 ιιι
3229 5019 3524 5074 occiderent
3557 5036 3679 5073 eum
3700 5023 3756 5074 in

2164 5111 2250 5164 die
2273 5108 2408 5182 [esto
2423 5095 2544 5172 ⁸73⁸3.
2578 5110 2726 5176 Haec,
2756 5111 3005 5181 inquam,
3035 5111 3250 5172 omitto,
3281 5111 3411 5179 quia
3437 5124 3546 5163 non
3580 5110 3756 5180 liquet

2165 5211 2234 5251 au
2271 5196 2601 5268 iuipsismet
2651 5199 2994 5254 solemnibus
3044 5196 3265 5261 diebus,
3300 5213 3369 5252 an
3399 5199 3582 5268 potius
3632 5199 3758 5269 ipso

2165 5289 2341 5360 pridie
2380 5290 2463 5345 vel
2491 5290 2756 5360 postridie
2784 5291 3119 5360 impostores
3143 5297 3198 5346 et
3235 5290 3546 5360 blasphemi
3571 5299 3756 5346 morte

2167 5379 2554 5450 plecterentur,
2613 5380 2836 5450 quando
2871 5379 3106 5450 populus
3136 5379 3361 5434 civitate
3378 5377 3628 5434 nondum
3652 5394 3753 5432 ex-

2165 5472 2443 5531 cessisset.
2483 5471 2621 5528 Nam
2648 5471 3040 5532 Thalmudistte
3061 5469 3248 5530 ferunt
3274 5468 3461 5527 Iesum
3499 5469 3756 5528 Pondiia
