3922 6346
229 293 346 357 389

230 408 297 457 et
316 400 495 455 Satdas
520 398 689 456 ﬁlium
707 400 952 472 synedrii
975 398 1188 472 judicio
1205 399 1407 473 Lyddae
1436 397 1677 469 Diospoli
1702 394 1823 451 neci

229 491 448 557 datum,
504 492 626 562 ipso
679 492 857 561 pridie
908 490 1221 548 Paschatis.
1265 491 1381 547 lmo
1406 489 1650 546 Jacobus
1685 502 1821 559 apo-

231 582 413 638 stolus
442 583 620 652 pridie
660 593 755 637 aut
784 583 953 638 biduo
984 594 1111 639 ante
1136 583 1541 639 solemnitatem
1574 579 1820 634 Pascha-

232 673 345 727 Iem
369 672 591 727 occisus
637 672 743 727 fuit
782 673 851 727 ah
876 671 1095 729 Herode
1123 686 1139 727 :
1173 681 1228 728 ct
1254 673 1523 744 postridie
1554 678 1680 742 post
1712 669 1819 723 Pa-

235 763 373 819 scha
414 763 835 819 interﬁciendus
862 773 979 819 erat
1008 763 1228 832 Petrus,
1268 765 1375 822 nisi
1415 780 1447 820 e
1482 776 1705 819 carcere
1750 759 1819 816 ab

235 854 447 923 Angela
484 856 720 910 eductus
764 855 960 911 fuisset
976 855 1045 909 ".

310 943 500 998 XXVI.
529 947 599 1000 At
620 959 750 1001 vero
786 947 1082 1000 observatu
1110 946 1499 1017 dignissimum
1531 951 1637 1009 est,
1668 941 1820 1011 judi-

234 1038 384 1091 cium
436 1035 571 1090 illud
597 1036 742 1106 quod
777 1035 1065 1105 pontiﬁces
1117 1049 1309 1091 contra
1352 1035 1543 1092 Jesum
1572 1042 1819 1090 nostrum

236 1128 505 1192 tulerunt,
534 1127 899 1182 decretorium
934 1142 1041 1182 non
1076 1128 1269 1191 fuisse,
1322 1129 1419 1186 sed
1461 1143 1609 1185 mere
1638 1127 1822 1184 decla-

232 1221 532 1274 ratorium.
565 1216 723 1273 Unde
777 1233 807 1272 a
845 1217 1053 1282 Marco,
1094 1231 1146 1274 et
1186 1235 1216 1273 a
1250 1220 1627 1278 vetustissimo
1685 1222 1823 1276 Mat-

232 1310 365 1364 thaei
390 1310 685 1379 interprete
737 1307 1089 1379 συμϐούλιον,
1150 1309 1455 1377 consilium,
1511 1311 1820 1367 deliberatio

233 1400 574 1466 nominatur,
594 1415 701 1454 non
728 1402 906 1471 κρῖμα
931 1411 1026 1456 aut
1056 1400 1238 1471 κρίσις
1253 1401 1320 1457 ⁸⁷.
1349 1402 1620 1458 Putarunt
1636 1403 1823 1460 Eccle-

229 1492 331 1547 size
363 1492 573 1556 Patres,
604 1489 919 1546 Iudaeorum
953 1491 1271 1558 Pontiﬁces,
1294 1494 1389 1563 qui
1421 1492 1611 1549 Jesum
1636 1496 1704 1552 ad
1728 1495 1819 1551 Pi-

228 1584 408 1639 latum
480 1583 842 1648 deduxerant,
902 1584 1123 1654 praesidi
1180 1583 1408 1649 dicenti,
1470 1596 1529 1641 ut
1554 1603 1677 1642 eum
1713 1588 1816 1660 ipsi

229 1675 548 1744 acciperent
605 1684 654 1727 et
701 1677 987 1728 secundum
1049 1674 1213 1745 legem
1274 1691 1428 1729 suam
1483 1675 1814 1747 judicarent,

230 1764 441 1819 idcirco
517 1765 887 1834 respondisse,
951 1763 1076 1819 Non
1127 1767 1246 1820 licet
1317 1766 1466 1821 nobis
1526 1768 1817 1838 interﬁcere

227 1868 575 1923 quemquam;
605 1854 733 1924 quia
786 1854 1042 1925 adempta
1079 1854 1212 1925 ipsis
1256 1866 1503 1926 potestas
1532 1874 1560 1912 a
1594 1856 1808 1914 Roma-

229 1944 321 1999 nis
372 1952 519 1999 esset
571 1947 798 2013 quosvis
847 1955 1033 2002 sontes
1072 1958 1249 2002 morte
1290 1948 1586 2019 plectendi.
1644 1949 1817 2008 Plane

224 2033 520 2103 Josephus,
561 2035 656 2090 lib.
696 2052 765 2091 xx
796 2037 976 2107 Antid.
1036 2053 1084 2093 c.
1113 2038 1167 2104 8,
1210 2052 1397 2095 narrat
1435 2042 1701 2112 quosdam
1747 2058 1815 2099 ex

226 2125 433 2182 Iudaeis
474 2127 689 2181 obviam
741 2126 908 2183 ivisse
956 2127 1160 2185 Albino
1221 2132 1439 2201 praesidi
1486 2134 1815 2192 Alexandria

226 2218 285 2273 in
330 2216 677 2271 Palaestinam
738 2217 1072 2283 advenienti,
1107 2222 1549 2291 expostulaturos
1574 2225 1717 2295 apud
1735 2226 1816 2296 ip-

227 2324 351 2363 sum
394 2310 655 2365 adversus
708 2309 960 2364 Ananum
1001 2313 1337 2381 pontificem,
1368 2313 1541 2371 Anna:
1586 2317 1814 2388 majoris

227 2399 422 2465 ﬁlium,
462 2401 607 2471 quod
632 2402 771 2456 citra
799 2401 948 2458 illius
974 2404 1303 2458 sententiam
1336 2416 1527 2462 coacto
1550 2411 1813 2481 synedrio

225 2489 491 2545 Jacobum
522 2490 650 2546 Jesu
680 2491 887 2548 Christi
931 2492 1154 2550 fratrem
1201 2497 1446 2569 aliosque
1491 2500 1813 2571 lapidandos

224 2584 562 2653 judicasset,
591 2584 667 2648 ὡς
689 2586 790 2638 οὐκ
820 2584 940 2650 ἐξὸν
961 2581 1031 2658 ἦν
1077 2587 1306 2660 Ἀνάνῳ,
1333 2591 1471 2662 quod
1499 2593 1685 2650 Anano
1709 2611 1812 2650 non

228 2676 447 2731 licebat.
507 2675 709 2731 Verum
769 2677 912 2733 alius
971 2678 1222 2736 fortassis
1255 2696 1436 2736 rerum
1482 2692 1663 2741 status
1694 2696 1813 2742 erat

228 2767 338 2823 sub
366 2766 583 2833 Pilato;
610 2767 1057 2838 quandoquidem
1114 2771 1278 2840 paulo
1314 2782 1437 2840 post
1473 2772 1683 2829 Domini
1710 2791 1809 2831 ne-

226 2872 347 2913 cem
408 2856 687 2926 lapidatus
735 2855 1049 2929 Stephanus
1112 2857 1296 2914 fuitin
1328 2862 1590 2934 synedrio
1624 2867 1809 2923 consi-

223 2947 515 3003 dentibus.

296 3038 495 3095 XXVI.
525 3039 645 3093 Alia
675 3039 1039 3111 itaqueillius
1069 3043 1453 3113 responsionis
1485 3045 1810 3117 pontiﬁcum

220 3131 368 3185 ratio
387 3131 741 3201 colligiturex
764 3130 1185 3189 Thalmudistis.
1213 3134 1482 3190 Nimirum
1505 3138 1657 3192 aiunt
1677 3154 1817 3209 qua-

222 3222 478 3295 draginta
502 3238 673 3279 annos
709 3234 834 3279 ante
862 3226 1048 3296 templi
1071 3227 1330 3297 urbisque
1356 3229 1626 3284 excidium
1652 3246 1817 3303 prop-

220 3322 310 3370 ter
331 3315 704 3385 frequentiora
724 3317 1021 3374 homicidia
1052 3326 1106 3374 et
1123 3320 1431 3388 latrocinia,
1459 3323 1692 3380 desiisse
1720 3340 1817 3380 ca-

223 3406 631 3478 pitaliajudicia
649 3407 778 3463 ferri
795 3425 824 3464 a
845 3410 1121 3482 synedrio,
1146 3411 1249 3467 nisi
1276 3411 1415 3467 forte
1435 3430 1564 3470 reus
1584 3415 1814 3471 sceleris

223 3499 411 3553 socios
437 3508 531 3552 aut
556 3508 813 3573 patronos
844 3517 953 3557 non
980 3501 1230 3569 haberet,
1256 3520 1286 3558 a
1304 3505 1507 3574 quibus
1537 3506 1677 3562 foret
1694 3523 1821 3579 per-

223 3589 647 3645 timescendum.
684 3589 894 3647 Idcirco
919 3594 1066 3649 enim
1097 3595 1412 3665 synedrium
1443 3597 1814 3667 migraverata

222 3682 685 3738 conclaviGazith
714 3684 823 3756 (ita
874 3696 1188 3756 nuncupato
1208 3702 1237 3740 a
1256 3686 1530 3757 lapidibus
1558 3690 1726 3746 sectis
1760 3699 1813 3745 et

223 3769 412 3839 politis
437 3770 641 3839 quibus
695 3771 1015 3843 constabat)
1071 3773 1124 3826 in
1176 3788 1285 3843 quo
1322 3774 1463 3840 solo,
1517 3776 1811 3846 quiajuxta

225 3860 609 3913 sanetuarium
680 3868 1024 3916 exstructum
1081 3872 1219 3930 erat,
1275 3862 1492 3933 judicia
1546 3868 1808 3937 capitalia

224 3958 483 4021 poterant
513 3952 780 4005 exerceri.
809 3951 967 4019 Quod
1001 3954 1219 4025 quidem
1245 3957 1548 4027 contigisse
1582 3966 1806 4027 Oportet

228 4058 341 4095 uno
374 4050 471 4096 aut
496 4041 717 4097 duobus
756 4043 918 4099 annis
947 4046 1071 4115 plus
1120 4046 1303 4102 minus
1337 4055 1465 4103 ante
1494 4049 1807 4118 passionem

224 4133 469 4190 Domini.
488 4132 786 4193 Pontiﬁces
816 4137 1003 4209 itaque
1024 4147 1078 4194 et
1097 4151 1342 4207 senatus,
1364 4141 1525 4196 veriti
1548 4158 1616 4197 ne
1643 4158 1806 4214 quam

226 4224 370 4280 forte
408 4228 668 4297 populus,
703 4229 943 4286 maxime
974 4229 1203 4297 Galilaei,
1234 4232 1557 4289 seditionem
1605 4234 1811 4291 excita-

224 4328 368 4383 rent,
409 4317 618 4375 Christi
676 4335 901 4377 causam
934 4322 1002 4379 ad
1031 4324 1269 4380 Pilatum
1310 4325 1418 4381 hoc
1459 4325 1683 4383 obtentu
1711 4329 1810 4383 de-

222 4403 369 4461 ferre
428 4409 772 4477 maluerunt,
808 4419 870 4466 ut
899 4414 1185 4470 Romanus
1229 4429 1433 4485 praeses
1464 4415 1804 4472 deﬁnitivam

220 4495 494 4552 adversus
528 4513 655 4553 eum
694 4503 1023 4559 sententiam
1057 4506 1484 4575 pronuntiando,
1516 4507 1807 4562 tumultum

220 4588 271 4644 si
299 4587 426 4658 quis
455 4594 715 4660 oriretur,
748 4594 1075 4650 auctoritate
1099 4610 1200 4652 sua
1216 4605 1605 4667 compesceret.
1631 4596 1810 4653 Nove-

220 4688 309 4733 rat
329 4692 478 4737 certe
518 4681 806 4755 [LXXXI]
830 4682 1039 4739 Pilatus
1060 4700 1226 4756 penes
1249 4686 1399 4757 ipsos
1429 4687 1606 4743 adhuc
1639 4688 1809 4743 fuisse

218 4774 520 4841 quamdam
547 4773 884 4843 judiciorum
934 4775 1251 4845 capitalium
1302 4785 1648 4847 potestatem,
1681 4792 1806 4833 cum

219 4876 288 4918 se
312 4863 379 4917 de
400 4864 629 4919 Christo
649 4865 938 4936 plectendo
967 4868 1104 4923 nihil
1122 4868 1415 4924 sollicitum
1438 4870 1807 4941 signiﬁcavit:

216 4949 464 5020 Accipite
487 4968 606 5006 eum
627 4971 737 5022 vos,
772 4956 972 5026 inquit,
1000 4966 1051 5011 et
1081 4958 1368 5013 secundum
1387 4960 1548 5030 legem
1576 4971 1807 5016 vestram

216 5040 459 5111 iudicate
489 5060 605 5098 eum
624 5046 670 5078 ⁵⁸
694 5045 861 5112 .Quin
889 5046 1123 5103 dicendo
1149 5049 1417 5118 judicate,
1450 5052 1554 5107 hoc
1606 5051 1807 5109 innue-

222 5138 315 5187 bat
365 5134 651 5191 Christum
684 5148 859 5195 morte
878 5140 1103 5211 dignum
1126 5156 1153 5195 a
1185 5142 1442 5213 synedrio
1462 5143 1807 5199 declaratum

220 5224 445 5294 quidem
492 5225 685 5293 fuisse,
716 5244 825 5283 non
861 5230 1167 5289 decretorie
1189 5232 1529 5303 iudicatum.
1568 5233 1807 5305 Stepha-

220 5330 357 5369 num
396 5324 580 5373 autem
605 5327 728 5389 post
759 5336 936 5378 annos
969 5323 1179 5394 aliquot
1212 5325 1438 5396 impune
1466 5325 1803 5396 lapidarunt,

220 5419 350 5461 cum
396 5408 610 5478 plebem
663 5420 799 5469 tunc
832 5429 941 5469 non
990 5416 1802 5490 extimescerentzquanquam

303 5594 353 5625 '°
378 5592 502 5650 Act.
536 5610 632 5658 xu,
671 5595 794 5651 2-4.

223 5678 323 5720 νη.
352 5664 444 5718 52.
520 5665 563 5698 ⁶¹
602 5670 725 5721 Act.
758 5680 853 5736 vn,
888 5668 941 5723 5.

1539 285 2038 351 DISSERTATIO
2078 288 2178 349 VI.

890 5598 936 5676 [τ
963 5597 1157 5656 Matth.
1213 5615 1383 5671 xxvn,
1439 5602 1507 5665 ὃς
1560 5600 1731 5660 Marc.
1756 5618 1849 5676 xv,
1900 5602 1950 5658 l.

3390 294 3498 363 390

1926 393 1983 449 id
2039 391 2259 449 facinus
2293 395 2495 464 impetu
2536 397 2722 467 potius
2750 413 2943 456 eorum
2997 400 3092 471 qui
3118 399 3373 457 astabant
3400 418 3497 474 pa-

1923 490 2128 537 tratum
2213 481 2496 554 Scriptura
2561 489 2853 558 signiﬁcat,
2926 505 3090 561 quam
3148 495 3503 561 pronuntiato

1924 573 2080 643 prius
2111 573 2346 629 solemni
2380 584 2604 633 senatus
2626 579 2859 649 judicio.
2887 581 3090 638 Eodem
3120 582 3342 638 circiter
3363 593 3505 639 tem-

1923 678 2059 733 pore
2089 664 2393 721 sacerdotis
2417 666 2484 720 de
2515 682 2623 734 qua
2649 670 2762 738 jam
2798 672 3036 729 diximus
3064 672 3195 740 ﬁlia,
3242 674 3312 729 ob
3342 690 3504 729 scor-

1924 755 2193 811 tationem
2228 758 2468 829 synedrii
2503 762 2775 817 sententia
2799 765 3084 820 combusta
3104 776 3207 821 est.
3233 766 3501 822 Caeterum

1923 844 1979 899 in
2032 846 2129 901 illo
2155 848 2371 918 judicio
2398 870 2511 924 quo
2528 853 2690 910 Jesus
2743 862 2933 910 noster
2962 872 2989 909 a
3022 858 3374 926 pontiﬁcibus
3413 874 3503 914 se-

1923 939 2288 1013 nioribusque
2347 948 2537 1002 mortis
2570 964 2688 1002 reus
2719 947 2902 1003 dictus
2939 946 3063 1011 fuit,
3100 948 3233 1001 nihil
3258 950 3501 1019 reperias

1922 1032 2083 1101 quod
2124 1034 2496 1093 solemnitatis
2540 1038 2707 1094 ferias
2759 1040 2848 1093 vel
2882 1038 3157 1091 tantillum
3191 1038 3497 1094 violaverit.

1920 1100 2369 1193 Comprehensus
2408 1129 2629 1198 quidem
2661 1137 2767 1192 est,
2797 1128 2892 1184 sed
2916 1143 2946 1181 a
2970 1129 3197 1183 cohorte
3236 1126 3498 1184 Romana.

1921 1207 1985 1264 Et
2013 1210 2059 1264 si
2086 1227 2210 1267 vere
2266 1215 2507 1271 ministri
2562 1214 2880 1284 pontiﬁcum
2907 1223 3215 1270 etsenatus
3246 1228 3353 1268 una
3405 1214 3502 1268 ad-

1924 1309 2107 1365 erant,
2132 1302 2247 1373 lege
2268 1320 2375 1359 non
2395 1306 2794 1375 prohibebatur
2819 1305 3092 1361 hominem
3116 1304 3209 1373 qui
3242 1304 3501 1374 blasphe-

1922 1406 2045 1446 mus
2076 1401 2129 1447 et
2180 1393 2383 1465 impius
2416 1397 2735 1459 haberetur,
2761 1397 2851 1452 die
2879 1399 3022 1452 festo
3058 1394 3498 1464 apprehendere.

1918 1479 2057 1536 Nam
2099 1483 2317 1555 Moyses
2348 1487 2481 1540 olim
2514 1487 2795 1541 hominem
2825 1486 2977 1540 illum
3026 1485 3119 1554 qui
3154 1499 3329 1554 pauca
3356 1485 3499 1556 ligna

1923 1571 2166 1630 Sabbato
2196 1576 2497 1648 collegerat
2534 1580 2601 1643 υ,
2635 1578 2758 1649 ipso
2789 1578 2880 1633 die
2917 1578 2973 1631 in
3016 1576 3327 1632 custodiam
3355 1577 3498 1632 tradi

1915 1662 2105 1730 jussit,
2156 1666 2267 1722 imo
2304 1667 2488 1724 forsan
2527 1683 2595 1725 ex
2619 1668 2807 1724 divino
2838 1683 3111 1741 responso
3157 1673 3308 1727 nulla
3341 1685 3497 1729 mora

1920 1763 2049 1837 ante
2074 1757 2207 1812 solis
2227 1772 2482 1815 occasum
2503 1759 2755 1828 lapidari.
2780 1761 3038 1828 Quinimo
3059 1778 3167 1819 non
3189 1766 3262 1820 ita
3284 1768 3494 1837 pridem

1926 1835 2117 1892 Ultimo
2167 1839 2252 1891 die
2303 1856 2494 1910 magno
2546 1839 2843 1908 festivitatis
2898 1835 3301 1924 Scenopegiaa,
3334 1869 3498 1925 quem

1923 1925 2139 1982 Osanna
2170 1928 2331 1983 rabba
2363 1932 2630 2003 vocitant,
2661 1944 2717 1990 et
2742 1938 2971 2008 perinde
2992 1950 3153 2012 atque
3180 1945 3499 2013 paschalem

1919 2019 2157 2090 primum
2192 2020 2489 2079 solemnem
2541 2026 2796 2095 habeant,
2832 2033 3102 2101 pontiﬁces
3142 2044 3190 2089 et
3235 2035 3502 2091 Pharisaei

1920 2111 2186 2165 ministros
2220 2113 2489 2180 miserant,
2531 2132 2639 2172 non
2668 2120 2872 2177 milites
2903 2125 3203 2191 Romanos,
3232 2136 3290 2180 ut
3316 2126 3500 2182 Iesum

1918 2204 2362 2273 apprehenderent
2393 2208 2459 2260 ⁵ο.
2488 2208 2579 2264 Sic
2611 2209 2850 2270 Herodes
2879 2217 3119 2289 Agrippa
3151 2220 3216 2283 ⁸¹,
3245 2236 3355 2289 quo
3383 2232 3501 2276 stu-

1919 2297 2219 2356 diosiorem
2248 2301 2384 2372 legis
2442 2317 2604 2359 nemo
2636 2318 2696 2359 se
2728 2304 2983 2373 praebuit,
3022 2306 3138 2375 ipso
3156 2305 3244 2359 die
3277 2320 3498 2378 azymo-

1918 2405 2040 2444 rum
2074 2391 2296 2445 Petrum
2321 2393 2377 2445 in
2406 2408 2682 2448 carcerem
2703 2394 2871 2460 misit,
2896 2394 3161 2451 Paschale
3192 2403 3496 2460 transacto,

1918 2480 2123 2551 populo
2152 2482 2570 2550 producendum
2627 2483 2680 2536 in
2739 2481 3003 2552 profesto.
3033 2482 3287 2539 Seniores
3324 2500 3494 2555 porro

1917 2587 2098 2628 cuma
2147 2572 2379 2628 cohorte
2438 2572 2686 2627 Romana
2742 2572 2930 2628 Jesum
2977 2574 3046 2629 ad
3074 2573 3310 2631 Pilatum
3361 2576 3493 2631 duci

1917 2674 2225 2729 curassent,
2280 2680 2390 2719 non
2446 2674 2705 2736 tanquam
2763 2666 3000 2736 judices,
3055 2667 3149 2738 qui
3213 2668 3493 2731 decretum

1916 2757 2111 2811 mortis
2134 2756 2246 2826 jam
2284 2756 2568 2823 tulissent,
2610 2756 2706 2813 sed
2748 2765 3012 2828 tanquam
3055 2759 3330 2814 delatores
3371 2776 3497 2815 sese

1915 2859 2233 2918 gesserunt,
2285 2863 2389 2903 nec
2419 2848 2653 2906 subinde
2671 2857 2871 2920 praeter
2898 2850 3171 2906 clamores
3190 2851 3491 2923 quidquam

1921 2939 2051 2993 illud
2081 2940 2476 3009 praestiterunt.
2754 2942 2755 2945 “

1990 3030 2206 3086 XXVII.
2233 3031 2451 3089 Nemini
2486 3032 2767 3103 negotium
2800 3030 3065 3111 facessat,
3099 3034 3247 3104 quod
3272 3033 3494 3091 Domini

1918 3138 2122 3195 corpus
2154 3125 2272 3196 ipso
2304 3126 2396 3180 die
2422 3125 2649 3182 Pascha:
2680 3125 2748 3182 de
2777 3140 2944 3184 cruce
2988 3129 3303 3200 depositum
3330 3172 3347 3197 ,
3387 3147 3495 3187 un-

1918 3222 2090 3280 ctum,
2127 3223 2183 3270 et
2236 3217 2569 3271 tumulatum
2614 3216 2736 3272 fuit.
2795 3217 2954 3275 Istaec
3008 3221 3155 3277 enim
3209 3222 3263 3278 in
3319 3229 3496 3278 totum

1916 3308 2086 3361 vetita
2124 3323 2235 3363 non
2268 3316 2461 3373 erant,
2501 3310 2724 3379 quando
2752 3309 3057 3366 Sabbatum
3087 3313 3339 3383 proxime
3368 3329 3500 3369 suc-

1916 3398 2187 3464 cedebat,
2250 3401 2411 3470 cujus
2448 3400 2600 3456 feriae
2649 3400 2861 3459 Judteis
2911 3419 3129 3475 semper
3188 3391 3500 3461 sanctiores

1917 3488 2163 3545 fuerunt.
2188 3489 2398 3556 Quidni
2416 3507 2544 3548 vero
2567 3508 2598 3547 a
2617 3492 2884 3549 Romanis
2904 3494 3205 3561 militibus,
3246 3495 3496 3565 adeoque

1915 3582 2238 3650 gentilibus,
2264 3583 2358 3651 qui
2383 3590 2587 3653 praesto
2617 3583 2869 3649 aderant,
2897 3585 2967 3640 de
2987 3598 3151 3639 cruce
3178 3584 3491 3655 depositum

1915 3671 2032 3727 sit?
2084 3670 2258 3726 Judaei
2296 3672 2505 3743 quippe
2536 3674 2897 3744 alienigenas,
2954 3689 3095 3745 quos
3137 3682 3255 3736 an:
3302 3677 3490 3746 appel-

1917 3764 2124 3828 litant,
2159 3763 2549 3819 inconstanter
2582 3764 2842 3820 adhibent
2881 3764 2950 3819 ad
2980 3779 3045 3820 ea
3094 3765 3333 3836 gerenda
3367 3780 3492 3837 quae

1911 3857 2135 3913 sibimet
2159 3857 2436 3927 permissa
2469 3872 2580 3912 non
2613 3871 2740 3913 esse
2769 3856 3137 3913 arbitrantur.
3165 3857 3245 3911 Ad
3277 3858 3493 3913 unctio-

1910 3963 2036 4003 nem
2077 3947 2225 4018 quod
2278 3948 2515 4014 attinet,
2573 3947 2628 4002 in
2684 3956 2845 4003 tract.
2893 3946 3058 4003 Sabb.
3094 3962 3218 4018 cap.
3250 3946 3340 4015 25,
3372 3948 3400 4020 §
3430 3948 3489 4016 5,

1911 4040 2026 4095 haec
2054 4040 2329 4096 habentur
2360 4058 2374 4095 :
2405 4048 2532 4102 vnn
2563 4048 2778 4125 imi-nm
2802 4048 2920 4128 run
2952 4050 3192 4101 animi:
3212 4025 3282 4128 ξπ
3310 4051 3491 4128 ovat-tv

1907 4140 2127 4218 urit-tm:
2168 4143 2281 4192 non
2330 4142 2413 4189 nn
2464 4116 2688 4218 prima
2734 4116 2875 4218 ﬁnit
2896 4143 2958 4191 τι
3001 4140 3144 4218 nm.
3172 4116 3489 4218 aha-5:521

1911 4208 2043 4286 vrba
2069 4234 2159 4311 ne
2178 4231 2377 4311 remp
2402 4206 2614 4311 prima
2649 4206 2832 4311 bum
2866 4212 2997 4284 δτι-ι
3018 4207 3090 4287 ’π
3112 4206 3239 4284 es
3264 4207 3489 4308 phiam

1908 4322 2062 4400 ’νῦν
2108 4296 2233 4372 ις’-ἠν
2270 4296 2382 4374 ab}:
2412 4296 2603 4378 ’πή-μω
2629 4297 2701 4375 Νι)
2731 4313 2924 4369 Omnia
2954 4315 3249 4369 necessaria
3272 4296 3487 4370 'mortuo

1911 4415 2171 4476 peragunt
2211 4406 2340 4475 (die
2377 4404 2655 4475 Sabbato)
2717 4415 2918 4476 ungunt
2973 4422 3092 4459 eum
3136 4414 3187 4459 et
3237 4405 3485 4468 abluunt,

1908 4497 2193 4552 dummodo
2224 4496 2512 4551 membrum
2542 4498 2597 4551 in
2630 4513 2691 4551 eo
2723 4513 2828 4551 non
2858 4506 3119 4551 moveant.
3151 4496 3491 4551 Subtrahunt

1907 4589 2156 4659 pulvinar
2181 4589 2319 4659 quod
2344 4588 2440 4643 sub
2486 4604 2545 4643 eo
2593 4597 2672 4643 est
2696 4629 2712 4655 ,
2753 4604 2974 4658 eumque
2997 4589 3051 4641 in
3083 4604 3302 4642 arenam
3331 4588 3492 4656 depo-

1909 4690 2061 4747 nunt,
2104 4690 2162 4735 ut
2194 4690 2453 4752 exspectet
2482 4680 2711 4752 (exitum
2745 4680 2997 4750 Sabbati)
3030 4680 3254 4750 alligant
3293 4680 3491 4733 niaxil-

1909 4776 2057 4840 lam,
2120 4790 2223 4829 non
2274 4784 2330 4826 ut
2392 4772 2681 4839 ascendat,
2736 4772 2829 4827 sed
2868 4788 2931 4826 ne
2989 4771 3156 4825 addat
3212 4770 3488 4841 (aperiri).

1908 4868 2152 4925 Tandem
2201 4866 2417 4933 Judaei,
2469 4865 2697 4937 quando
2757 4865 3056 4920 Sabbatum
3110 4863 3220 4919 diei
3253 4864 3491 4920 solemni

1908 4961 2184 5025 succedit,
2236 4960 2358 5029 ipso
2409 4957 2500 5013 die
2546 4957 2688 5014 festo
2738 4964 3017 5013 mortuum
3074 4956 3386 5026 sepeliunt,
3434 4963 3490 5011 et

1908 5051 2203 5107 tumulant.
2259 5050 2374 5107 Hoc
2433 5050 2612 5106 solum
2642 5059 2881 5114 cavent,
2919 5058 2979 5105 ut
3028 5062 3059 5103 a
3113 5057 3186 5111 tu
3232 5065 3329 5106 seu
3363 5049 3489 5103 viro

1908 5144 2100 5216 gentili
2160 5143 2483 5215 sepulcrum
2536 5140 2823 5211 aperiatur
2873 5147 2930 5196 et
2980 5140 3289 5211 operiatur.
3351 5139 3487 5205 Quae

1906 5235 2137 5309 proinde
2160 5234 2307 5291 circa
2323 5231 2615 5287 Dominum
2634 5230 2823 5302 peragi
2845 5230 2996 5285 nulla
3020 5226 3486 5285 consuetudinum

1907 5328 2210 5386 violatione
2244 5331 2547 5397 potuerunt

1980 5418 2223 5475 XXVIII.
2260 5414 2560 5474 Dicendum
2601 5412 2767 5470 modo
2802 5419 3059 5484 superest
3094 5409 3163 5468 de
3192 5410 3288 5466 illo
3312 5409 3485 5466 loan—
3522 5478 3531 5498 .

2044 5601 2091 5635 ⁸⁸
2128 5598 2288 5657 Joan.
2317 5611 2468 5665 xvin,
2502 5593 2591 5649 51.
2667 5594 2714 5627 ⁸⁸
2752 5590 2917 5651 Num.
2945 5609 3048 5661 xv,
3079 5594 3171 5651 35.
3247 5592 3293 5625 '°
3322 5591 3484 5649 loan.
