3922 6346
454 295 563 362 391

460 411 552 463 nis
583 405 705 463 loco
759 417 883 475 cap.
913 416 1010 457 xm
1035 440 1051 466 ,
1106 399 1158 456 i.
1194 399 1324 455 Ante
1380 401 1518 456 diem
1558 401 1751 471 festum
1789 401 2032 463 Paschw,

463 497 631 554 sciens
663 494 820 550 Iesus
847 493 970 565 quia
1000 493 1135 547 venit
1187 492 1318 546 hora
1356 493 1493 563 ejus,
1527 501 1636 548 etc.
1669 492 1792 557 Quo
1819 492 2038 546 videtur

394 595 402 619 θ
463 589 618 643 innui
652 585 840 642 Jesum
878 599 1093 642 coenam
1127 591 1466 653 postremam
1512 585 1694 654 egisse
1727 583 1882 653 prius
1911 593 2034 637 cum

460 679 750 749 discipulis
809 677 960 742 suis,
1017 689 1184 747 quam
1252 676 1663 732 solemnitatem
1719 675 2034 746 paschalem

460 772 588 841 agni
613 769 956 827 comestioue
981 767 1157 824 Judaei
1185 767 1635 839 auspicarentur.
1672 767 1876 835 Quidni
1905 783 2036 823 vero

457 861 645 916 verbis
677 861 800 915 istis
831 860 938 913 hoc
973 859 1359 914 tantummodo
1390 855 1760 929 significetur,
1807 857 2036 914 scivisse

459 953 650 1008 Jesuni
676 959 804 1006 ante
834 950 978 1006 diem
1017 949 1218 1005 festum
1247 947 1475 1006 Pascha:
1507 951 1797 1005 imminere
1821 957 2036 1020 tempus

460 1058 570 1114 quo
601 1043 942 1098 transiturus
971 1049 1092 1096 erat
1130 1043 1200 1097 ad
1253 1041 1470 1098 Patrem
1495 1083 1510 1107 ,
1553 1042 1712 1113 juxta
1747 1049 1913 1112 atque
1945 1041 2034 1096 di-

461 1131 691 1201 scipulis
755 1129 926 1185 biduo
982 1138 1112 1186 ante
1166 1129 1685 1202 praenbntiaverat?
1750 1129 1864 1185 Hoc
1924 1143 2035 1184 non

462 1225 730 1280 absonum
786 1224 923 1279 adeo
950 1239 1074 1280 esse
1118 1224 1386 1294 intelliget
1413 1223 1670 1294 quisquis
1701 1223 2034 1293 implicatio-

461 1333 554 1373 res
612 1331 734 1373 esse
812 1313 952 1370 Novi
1022 1329 1244 1386 quoque
1301 1313 1639 1370 Testamenti
1690 1313 2035 1370 narrationes

462 1408 888 1476 locutionesque
937 1414 1200 1477 expertus
1249 1405 1384 1471 erit,
1432 1413 1596 1476 atque
1629 1403 1697 1460 ad
1738 1405 1908 1459 multa
1942 1405 2032 1459 illa

461 1513 585 1570 quae
651 1498 816 1553 simul
885 1498 1326 1568 complectuntur
1384 1497 1721 1553 secernenda
1774 1509 2033 1552 accurata

462 1591 823 1662 diligentique
876 1587 1326 1645 consideratione
1378 1599 1516 1658 opus
1559 1597 1702 1643 esse.
1761 1585 2032 1643 Caeterum

462 1684 770 1738 Bochartus
806 1677 902 1736 lib.
958 1677 1036 1734 De
1064 1680 1342 1735 animaiib.
1379 1680 1554 1748 Scrip.
1606 1695 1746 1733 sacr.
1783 1694 1905 1748 cap.
1941 1676 2033 1744 50,

463 1772 554 1826 ubi
584 1769 652 1826 de
697 1785 838 1840 agno
877 1764 1171 1840 paschali,
1225 1767 1640 1824 cansultissime
1693 1767 2032 1831 observavit,

462 1863 628 1918 verba
667 1861 782 1916 lucc
811 1860 916 1932 πρὸ
949 1859 1054 1929 τῆς
1097 1859 1294 1930 ἑορτῆς
1338 1859 1434 1912 τοῦ
1469 1858 1666 1930 Πάσχα
1688 1899 1702 1924 ,
1736 1865 1858 1912 ante
1897 1856 2036 1910 diem

463 1955 655 2024 festum
708 1949 953 2014 Pasclue,
993 1951 1130 2004 nihil
1165 1951 1310 2004 aliud
1343 1949 1680 2019 significare,
1715 1963 1879 2019 quam
1918 1949 2036 2016 ipsa

461 2045 742 2116 paschalis
793 2043 914 2099 feSti
968 2042 1269 2113 primordia
1299 2057 1312 2094 :
1343 2056 1406 2096 ac
1452 2042 1501 2096 si
1537 2039 1772 2096 dixisset
1801 2047 2036 2110 evange-

460 2138 611 2203 lista,
649 2135 706 2190 ὲν
762 2134 840 2207 τῷ
893 2133 1213 2206 προεορτίῳ,
1258 2137 1316 2190 ut
1367 2131 1833 2204 quemadmodum
1899 2125 2035 2202 πρό-

460 2229 644 2299 loyce,
671 2231 751 2286 sic
783 2228 1041 2299 praecedit
1072 2227 1401 2291 orationem,
1436 2235 1494 2280 ut
1522 2221 1887 2280 nihilominus
1910 2233 2036 2294 pars

463 2325 536 2378 sit
571 2323 722 2378 illius
751 2364 765 2389 ,
821 2321 897 2376 ita
931 2319 1267 2392 προεορτιων
1299 2320 1473 2391 prima
1502 2334 1722 2390 quoque
1773 2313 2037 2374 solemni-

461 2415 594 2469 tatis
641 2429 770 2485 pars
824 2411 1010 2468 fuerit.
1055 2412 1370 2476 Praeterea,
1423 2419 1483 2465 ut
1537 2421 1664 2466 ante
1698 2411 2034 2476 monuimus,

461 2503 767 2575 quamlibet
791 2505 859 2557 ab
883 2517 982 2558 esu
1006 2499 1290 2573 paschalis
1320 2499 1446 2572 agni
1481 2499 1756 2556 festivitas
1785 2499 2036 2554 inchoari

461 2601 821 2661 censeretur;
856 2599 1100 2648 attamen
1131 2592 1306 2662 prima
1351 2591 1445 2645 illa
1476 2591 1598 2646 dies
1635 2605 1745 2660 qua
1779 2589 2036 2646 Christus

461 2687 593 2742 illud
645 2686 927 2752 comedit,
977 2699 1088 2739 non
1129 2683 1206 2738 ita
1254 2683 1518 2738 solemnis
1567 2690 1727 2745 erat,
1778 2682 1858 2736 uti
1901 2681 2036 2736 sub-

461 2785 722 2848 sequens,
757 2789 923 2845 quam
963 2771 1250 2842 pontifices
1291 2777 1491 2826 statam
1532 2767 1716 2840 potius
1752 2777 2038 2840 ratamque

460 2864 770 2932 haberent;
829 2861 976 2918 unde
1029 2877 1061 2916 a
1129 2859 1345 2915 Joanne
1398 2875 1594 2929 magna
1655 2866 2031 2929 nuncupatur.

461 2954 599 3011 Erat
625 2957 783 3021 enim,
813 2953 1014 3025 inquit,
1054 2967 1277 3022 magnus
1305 2951 1416 3004 dies
1461 2950 1551 3004 ille
1579 2947 1803 3004 Sabbati
1829 2951 1895 3016 “,
1933 2942 2037 3006 hoc

460 3055 547 3105 est
586 3047 823 3101 maxime
866 3045 1114 3100 festivus.
1169 3041 1229 3098 in
1277 3043 1380 3097 hac
1423 3042 1570 3097 enim
1621 3043 1915 3114 posteriori
1948 3025 2036 3098 die

463 3137 684 3193 festales
724 3135 937 3191 hostias
970 3131 1306 3188 immolaturi
1341 3141 1500 3188 erant
1527 3173 1542 3198 ,
1596 3141 1656 3188 ut
1710 3134 1934 3190 nonnisi
1980 3134 2038 3189 in

463 3229 636 3284 altera
685 3228 934 3298 proxime
985 3226 1340 3291 insecutura,
1393 3225 1736 3296 manipulum
1767 3226 2038 3296 primitia-

461 3337 583 3376 rum
617 3325 804 3376 essent
835 3315 1096 3373 obiaturi.
1127 3315 1305 3386 Atque
1333 3317 1450 3372 haec
1491 3315 1559 3372 de
1591 3332 1850 3388 supremo
1875 3315 2036 3374 Chri-

463 3413 532 3468 sti
567 3409 834 3467 Paschate
867 3405 1076 3464 dixisse
1135 3407 1368 3466 suiiiciat
1395 3447 1410 3474 ,
1467 3409 1688 3464 collatis
1719 3407 2034 3464 Judmorum

463 3501 687 3558 scriniis
721 3515 845 3556 cum
876 3498 1340 3570 evangelistarum
1391 3499 1777 3566 relationibus,
1810 3505 1870 3554 ut
1902 3514 2035 3554 con-

463 3602 574 3650 stet
621 3591 912 3648 Dominum
970 3603 1164 3663 azymo
1195 3603 1338 3661 pane
1389 3583 1790 3647 Eucharistiam
1839 3605 2033 3646 conse-

460 3699 667 3740 crasse.
702 3681 860 3738 Nunc
907 3679 976 3739 de
1016 3693 1336 3754 azymorum
1369 3682 1515 3752 apud
1543 3681 1894 3739 Christianos
1929 3697 2034 3738 usu

461 3783 635 3832 restat
661 3783 724 3830 ut
758 3771 1034 3829 dicamus.

530 3861 724 3920 XXIX.
762 3865 930 3918 Panis
976 3875 1198 3934 azymus
1255 3877 1360 3918 non
1407 3859 1472 3916 ab
1507 3855 1753 3915 omnibus
1795 3859 1924 3914 olim
1964 3859 2034 3914 ad

464 3955 863 4009 Eucharistiam
885 3953 1152 4008 admissus
1199 3949 1310 4007 Cur
1332 3951 1397 4006 ab
1425 3951 1712 4006 Ebionitis.
1745 3982 1804 3992 —
1826 3949 2034 4018 Quaru-

461 4045 597 4101 iibet
641 4059 773 4101 vero
826 4041 1094 4100 Dominus
1151 4055 1405 4114 azymum
1462 4055 1658 4113 panem
1720 4041 1776 4096 in
1831 4053 2036 4112 corpus

463 4152 623 4194 suum
659 4135 896 4208 primum
949 4133 1357 4199 transmutarit,
1395 4142 1574 4188 tamen
1625 4133 1696 4187 ab
1724 4131 1879 4187 omni
1927 4133 2034 4187 Ec-

461 4230 630 4286 clesia
664 4227 939 4300 ejusmodi
967 4228 1127 4298 panis
1175 4223 1244 4281 ad
1280 4225 1615 4281 sacrificium
1648 4223 1908 4295 deinceps
1935 4223 2033 4279 ad-

459 4323 668 4377 missus
715 4335 822 4374 non
881 4328 984 4374 est.
1034 4316 1372 4387 Epiphanius
1435 4313 1661 4386 (Haeres.
1696 4311 1787 4386 '50)
1846 4317 2036 4369 narrat

460 4409 794 4481 peculiarem
824 4407 972 4461 hunc
1000 4401 1382 4460 Ebionitarum
1420 4404 1588 4459 ritum
1619 4403 1814 4472 fuisse,
1860 4411 1922 4458 ut
1964 4403 2034 4460 ad

461 4499 826 4556 imitationem
864 4496 1256 4569 mysteriorum
1308 4511 1432 4566 quas
1464 4504 1804 4568 peraguntur
1842 4494 1900 4550 in
1930 4493 2036 4556 Ec-

461 4591 652 4656 clesia,
697 4587 1103 4644 Eucharistiam
1147 4600 1215 4642 ex
1254 4587 1488 4657 panibus
1527 4599 1638 4641 non
1690 4583 2034 4642 fermentatis

459 4682 632 4739 semel
668 4681 724 4736 in
754 4697 922 4746 anno,
955 4679 1200 4750 paschali
1245 4679 1438 4750 utique
1482 4687 1746 4748 tempore,
1789 4675 2033 4734 coniice-

461 4781 606 4828 rent.
640 4770 912 4826 Nimirum
936 4771 994 4825 hi
1027 4769 1268 4824 haeretici
1301 4783 1427 4824 cum
1453 4767 1697 4823 Judaicze
1718 4766 1855 4838 legis
1879 4777 2034 4823 tena-

461 4864 677 4920 cissimi
739 4870 962 4927 essent,
1017 4873 1118 4916 nec
1181 4860 1308 4916 aliis
1368 4859 1602 4928 panibus
1662 4866 2030 4930 praeterquam

462 4955 673 5026 azymis
705 4955 761 5008 in
789 4953 1061 5010 Paschate
1105 4960 1506 5018 vescerentur,
1556 4965 1729 5022 panes
1767 4952 1906 5008 alios
1963 4949 2033 5007 ad

461 5043 866 5122 Eucharistiam
907 5045 1170 5100 adhibere
1216 5059 1326 5099 non
1372 5051 1649 5114 poterant.
1700 5042 1858 5111 Quod
1902 5058 2034 5100 vero

462 5135 748 5208 subiungit
809 5134 1154 5206 Epiphanius
1218 5135 1505 5191 Ebionitas
1569 5147 1766 5206 aquam
1827 5131 2033 5192 nudam

463 5228 674 5298 absque
703 5227 833 5282 vino
877 5241 1206 5283 consecrare
1235 5228 1453 5294 solitos,
1491 5227 1544 5282 id
1578 5243 1676 5284 eos
1703 5228 1772 5283 ab
1806 5227 2035 5286 Eixaitis

462 5331 559 5374 seu
593 5317 907 5388 Sampsaeis,
942 5318 1278 5399 quibuscum
1313 5317 1545 5387 posthac
1575 5317 1857 5387 coaluere,
1888 5317 2033 5376 didi-

533 5451 578 5484 “
606 5447 768 5506 Joau.
797 5468 914 5518 xix,
945 5450 1041 5504 51.

533 5587 612 5654 (a)
649 5583 840 5657 Epipb.
877 5587 1080 5642 "teres.
1115 5587 1206 5642 55.

533 5660 611 5729 (υ)
649 5654 802 5712 Auct.
829 5657 973 5712 Bibi.
1010 5657 1148 5724 PP.,
1181 5655 1287 5713 col.
1315 5654 1441 5712 294.

1378 293 2025 358 DISSERTATIONES
2062 293 2630 358 DAMASCENICJE.

2137 399 2282 454 cisse
2316 405 2694 456 autumavero.
2729 397 2953 456 Eixaitae
2981 401 3253 473 siquidem
3276 401 3376 475 (α).
3423 419 3548 461 cum
3578 423 3706 464 car-

2138 504 2236 546 nes
2268 491 2653 556 animantium,
2699 499 2813 546 tum
2871 491 3037 548 etiam
3074 493 3262 548 vinum
3299 493 3707 556 Encratitarum

2137 568 2441 636 aliorumve
2473 580 2865 639 Gnosticorum
2903 599 3055 639 more
3103 584 3588 642 abominabantur.
3629 589 3708 645 Ex

2137 673 2444 743 Epiphanio
2491 673 2660 744 igitur
2719 673 2926 730 inferre
2981 676 3142 730 liceat
3193 669 3389 746 priscae
3444 675 3711 737 Ecclesia:

2137 778 2342 818 morem
2378 765 2529 818 hunc
2559 763 2750 832 fuisse,
2784 773 2840 819 ut
2867 766 3028 836 panis
3055 767 3220 822 etiam
3248 763 3609 827 fermentatus
3640 771 3708 826 ad

2137 857 2311 911 altare
2337 856 2552 910 Domini
2573 857 2884 913 offerretur.
2905 856 3060 914 Unde
3079 857 3323 916 Joannes
3346 860 3706 934 Philoponus,

2135 949 2233 1018 qui
2264 947 2441 1004 medio
2473 949 2675 1006 saeculo
2705 957 2860 1005 sexto
2898 951 3198 1015 scribebat,
3227 949 3555 1007 confirmare
3581 955 3710 1010 niti-

2137 1046 2226 1092 tur
2257 1038 2542 1094 Christum
2579 1054 2768 1111 azymo
2814 1056 2953 1110 pane
3000 1023 3213 1112 corpus.
3240 1057 3401 1098 suum
3429 1059 3537 1099 non
3571 1061 3710 1102 con-

2136 1145 2407 1197 secrasse,
2435 1127 2562 1202 quia
2593 1132 2650 1186 id
2677 1132 2902 1186 minime
2929 1131 3328 1204 observabatur
3353 1136 3409 1190 in
3436 1134 3710 1206 Ecclesia,

2133 1221 2501 1278 Alexandrina
2535 1224 2728 1277 saltem
2764 1229 2819 1278 et
2852 1223 3140 1280 Orientali.

2207 1311 2374 1368 XXX:
2411 1312 2558 1368 Unde
2583 1314 2722 1383 apud
2748 1314 3002 1370 Armenes
3031 1319 3165 1370 ritus
3198 1319 3376 1387 azymi
3395 1300 3550 1387 panis
3576 1337 3710 1378 con-

2134 1405 2400 1461 secrandi.
2428 1435 2498 1446 —-
2518 1406 2688 1460 Primi
2717 1409 2962 1462 omnium
2987 1424 3054 1462 ex
3077 1406 3455 1469 Orientalibus
3479 1413 3708 1469 Armeui

2133 1497 2494 1553 fermentatos
2544 1511 2714 1567 panes
2752 1497 3058 1554 exclusisse
3092 1515 3122 1554 a
3173 1501 3447 1556 sacrificio
3491 1501 3710 1558 Domini

2135 1598 2492 1644 noscuntur:
2531 1604 2767 1660 cumque
2801 1592 2948 1645 hunc
2995 1603 3154 1646 suum
3202 1593 3369 1648 ritum
3419 1603 3709 1664 acceptum

2136 1679 2378 1734 referant
2411 1688 2608 1736 sancto
2635 1681 2899 1752 Gregorio
2928 1677 3316 1752 Illuminatori,
3343 1699 3374 1739 a
3407 1700 3515 1756 quo
3543 1685 3707 1741 iidem

2135 1772 2504 1828 Christianam
2557 1772 2742 1828 edocti
2793 1783 2964 1842 sunt,
3010 1777 3296 1830 contendit
3351 1791 3418 1831 ex
3474 1776 3710 1833 adverso

2115 1859 2428 1935 [LXXXII]
2461 1863 2826 1920 Combeiisius
2861 1863 2916 1918 in
2951 1866 3100 1920 notis
3128 1863 3196 1920 ad
3228 1861 3609 1922 Narrationem
3640 1865 3712 1922 de

2137 1953 2290 2008 rebus
2318 1953 2781 2026 Armenorum(b),
2801 1942 2920 2011 Isibi
2954 1955 3126 2012 videri
3160 1956 3470 2027 Gregorium
3501 1975 3535 2012 a
3563 1957 3710 2015 Gra-

2136 2047 2210 2099 cis
2245 2046 2505 2115 accepisse
2533 2044 2868 2115 fermentum,
2900 2045 3039 2116 quod
3067 2051 3406 2114 postmodum
3435 2065 3711 2106 succeaseo

2137 2147 2220 2191 res
2261 2136 2394 2207 facti
2431 2135 2741 2190 Julianista:
2769 2137 3146 2191 commutarint
3192 2139 3246 2192 in
3282 2155 3506 2210 azyma,
3539 2141 3592 2194 in
3631 2141 3711 2194 si-

2134 2243 2292 2299 gnum
2326 2227 2540 2297 aliquod
2588 2225 2804 2282 heresis
2861 2221 3230 2299 Eutychianar.
3283 2228 3438 2284 Illum
3490 2233 3710 2290 scilicet

2136 2320 2458 2390 Gregorium
2503 2317 2660 2386 dicit,
2692 2334 2801 2374 non
2833 2319 2926 2390 qui
2957 2313 3132 2374 Roma
3169 2319 3376 2377 missus
3405 2330 3574 2387 esset,
3603 2320 3708 2377 sed

2137 2411 2229 2482 qui
2263 2427 2294 2467 e
2321 2407 2692 2488 Cappadocia,
2738 2411 3092 2482 praecipiente
3117 2410 3348 2468 Leontio
3378 2411 3709 2469 Caesariensi

2135 2501 2505 2573 metropolita,
2539 2512 2782 2569 venerat,
2827 2500 3291 2572 quemadmodum
3324 2505 3379 2559 in
3421 2503 3543 2574 ejus
3577 2504 3707 2561 Vita

2135 2591 2356 2663 legitur.
2393 2590 2765 2658 Quamobrem
2819 2593 2928 2649 iiiis
2983 2593 3299 2658 assentior,
3343 2594 3437 2665 qui
3476 2599 3710 2650 narrant

2135 2696 2202 2736 ex
2219 2680 2430 2736 Juliani
2452 2681 2962 2738 iialicarnassensis
2989 2682 3281 2752 discipulis
3311 2684 3550 2755 aliquos,
3573 2699 3706 2738 cum

2134 2769 2606 2843 Eutychianorum
2673 2779 2728 2828 et
2800 2769 3360 2845 incorrupticoiarum
3415 2775 3708 2831 erroribus

2137 2872 2354 2934 gentem
2396 2864 2537 2918 hanc
2566 2863 2930 2931 iniecissent,
2969 2873 3229 2923 auctores
3277 2867 3443 2922 etiam
3486 2865 3707 2922 eisdem

2136 2954 2309 3012 fuisse
2358 2965 2419 3009 ut
2463 2957 2606 3011 inter
2632 2956 2818 3010 divina
2866 2958 3152 3028 mysteria,
3185 2958 3424 3028 demptis
3461 2973 3526 3013 ex
3561 2971 3711 3028 pane

2135 3045 2404 3102 fermento
2439 3053 2495 3101 et
2533 3061 2674 3117 aqua
2733 3046 2800 3102 de
2837 3047 3042 3113 calice,
3091 3061 3217 3102 cum
3254 3057 3503 3102 naturam
3533 3063 3706 3104 unam

2133 3140 2189 3188 et
2213 3133 2584 3202 operationem
2621 3141 2810 3200 unam,
2859 3141 2974 3189 tum
3013 3149 3218 3206 corpus
3244 3137 3550 3207 omnigenae
3584 3152 3712 3192 con-

2133 3220 2408 3292 ruptionis
2433 3235 2630 3294 expers
2657 3224 2713 3280 in
2735 3223 2978 3292 Christo,
3008 3234 3134 3280 ante
3163 3225 3330 3281 etiam
3359 3243 3522 3297 quam
3547 3225 3709 3286 cruci

2135 3313 2487 3383 aiiigeretur,
2541 3313 2821 3371 exstitisse
2879 3313 3280 3385 significarent.
3349 3313 3464 3370 Hoc
3540 3314 3711 3372 Nice-

2135 3404 2348 3474 phorus
2391 3401 2656 3462 Callistus
2685 3405 2842 3482 (ciet
2878 3405 2972 3460 alii
3017 3404 3192 3462 Graeci
3235 3405 3478 3473 tradunt,
3513 3409 3612 3463 sed
3646 3415 3710 3464 et

2135 3497 2368 3552 aiiirmat
2408 3497 2702 3574 praedictus
2733 3505 2926 3553 auctor
2958 3495 3304 3554 Narrationis
3329 3499 3392 3554 de
3422 3497 3575 3554 rebus
3603 3499 3713 3554 Ar-

2133 3603 2424 3655 menorum,
2451 3603 2614 3658 quam
2655 3588 3017 3646 Combefisius
3052 3589 3242 3645 edidit.
3276 3591 3342 3646 Et
3367 3598 3517 3646 certe
3552 3589 3710 3646 Ana-

2133 3679 2345 3735 stasius
2379 3679 2614 3744 Sinaita,
2662 3695 2786 3752 pag.
2830 3681 2898 3736 lO
2959 3679 3060 3752 τῆς
3099 3681 3372 3752 Ὀδηγοῦ,
3402 3683 3709 3740 observan-

2134 3771 2265 3826 dum
2323 3779 2538 3834 monet,
2580 3769 2992 3843 Monopbysitas
3049 3768 3190 3847 οἶνον
3243 3774 3480 3844 ἄκρατον
3531 3774 3711 3847 χωρὶς

2135 3859 2350 3926 ὕδατος,
2410 3861 2590 3915 vinum
2624 3875 2826 3916 merum
2871 3863 2987 3918 sine
3032 3844 3169 3934 aqua
3197 3859 3494 3932 oﬂ‘erre,»ut
3516 3863 3712 3919 exinde

2135 3951 2592 4022 deprehendantur
2624 3954 2866 4023 conﬁteri
2894 3953 3164 4010 Christum
3206 3953 3348 4007 nuda
3381 3963 3431 4008 et
3473 3953 3713 4022 simplici

2139 4042 2349 4098 Deitate
2389 4054 2651 4097 constare.
2686 4044 2850 4112 Atqui
2898 4041 3013 4098 haec
3041 4041 3109 4097 de
3146 4042 3364 4098 cunctis
3405 4037 3714 4114 Monophy—

2138 4132 2261 4188 sitis
2293 4131 2522 4202 intelligi
2551 4140 2851 4203 nequeunt,
2875 4131 3322 4204 quandoquidem
3352 4131 3408 4186 in
3431 4132 3715 4189 sacriﬁcio

2139 4223 2357 4279 Domini
2399 4223 2785 4280 fermentatum
2838 4235 3034 4296 panem
3070 4221 3373 4290 Jacobitze,
3416 4233 3524 4279 tam
3555 4221 3714 4296 Syri,

2135 4328 2302 4384 quam
2333 4311 2576 4386 Egyptii
2596 4354 2612 4378 ,
2646 4325 2702 4370 et
2729 4315 2918 4369 vinum
2948 4325 3089 4384 aqua
3132 4311 3438 4368 delibutum
3475 4305 3716 4370 adhibe-

2138 4403 2292 4459 bant.
2325 4403 2446 4460 Non
2493 4406 2622 4460 item
2673 4405 2944 4461 Armeuos
2993 4406 3147 4476 ipsos
3197 4405 3412 4469 innuit,
3471 4419 3715 4474 quorum

2138 4509 2416 4566 nusquam
2475 4495 2607 4552 alibi
2681 4495 2970 4562 meminit,
3032 4496 3162 4552 licet
3208 4495 3442 4551 duarum
3499 4491 3720 4557 Christi

2137 4570 2463 4640 naturarum
2540 4584 2952 4656 impugnatores
3042 4585 3182 4640 alios
3261 4581 3723 4654 frequentissime

2137 4683 2427 4734 memoret.
2460 4676 2829 4744 Quamobrem
2875 4679 2945 4734 de
2982 4675 3274 4750 discipulis
3305 4673 3510 4732 Juliani
3556 4675 3721 4730 Hali-

2138 4771 2524 4826 carnassensis
2560 4770 2677 4827 sive
2713 4769 2904 4826 Gaiani
2935 4771 3200 4842 iOquitur,
3229 4771 3344 4828 sive
3369 4771 3724 4843 incorrupti-

2139 4860 2301 4924 eolls,
2319 4859 2651 4930 quibuscum
2684 4861 2751 4917 de
2775 4861 2879 4917 fide
2910 4875 3052 4933 sa>pe
3078 4862 3725 4934 disputaveratAlexan-

2141 4948 2298 5004 drias.
2332 4947 2490 5004 Unde
2523 4949 2808 5021 colligitur
2837 4951 3109 5005 Armenos
3136 4965 3249 5006 non
3287 4951 3512 5007 aliunde
3543 4966 3724 5007 acce-

2139 5041 2292 5112 pisse
2331 5043 2498 5096 ritum
2527 5041 2792 5098 oii‘erendi
2820 5053 3009 5114 azyma
3035 5051 3090 5097 et
3113 5041 3302 5097 vinum
3335 5058 3551 5099 merum
3587 5043 3727 5100 sine

2142 5139 2306 5204 aqua,
2335 5133 2444 5190 nisi
2483 5149 2514 5188 a
2553 5131 2836 5191 Julianitis
2875 5149 2971 5191 seu
3011 5135 3305 5202 Caianitis,
3346 5151 3582 5206 quorum
3625 5151 3726 5198 er-

2141 5236 2300 5281 rores
2333 5223 2471 5281 alios
2513 5227 2752 5297 amplexi
2786 5236 2930 5282 sunt.
2964 5226 3244 5296 (Salanus,
3292 5235 3332 5282 t.
3364 5227 3384 5281 ι
3415 5225 3490 5280 De
3520 5223 3724 5282 Eccle-

2141 5313 2226 5378 sia
2259 5315 2646 5386 Armenorum,
2699 5319 3008 5374 chronicon
3064 5319 3321 5387 exhibet,
3365 5319 3435 5375 ab
3487 5315 3726 5376 homine

2220 5592 2290 5664 (c)
2323 5593 2437 5654 Lib.
2465 5607 2633 5660 xxvu,
2666 5591 2830 5660 Hist,
2867 5607 2988 5665 cap.
3017 5593 3108 5649 55.
