3922 6346
222 463 461 534 hujusce
491 460 673 531 gentis
702 456 1015 514 orthodoxo
1066 452 1324 525 quopiam
1384 453 1570 521 lingua
1627 453 1801 520 patria

220 562 517 630 scriptum,
542 560 598 612 in
629 572 744 626 quo
768 556 990 624 legitur,
1022 567 1148 621 cap.
1172 551 1260 614 I7,
1278 548 1543 604 Joannem
1567 546 1805 601 Oznieno

218 667 340 709 sem
374 648 736 710 catholicum,
764 661 860 700 seu
911 641 1318 713 patriarcham,
1358 640 1517 707 jussu
1549 636 1805 690 "ornaris

222 741 634 795 Saracenorum
691 732 1001 804 principis,
1055 737 1249 784 coacta
1286 728 1668 796 episcOporum
1701 725 1807 777 Ar-

224 844 517 887 menerum
560 835 616 883 et
673 826 1027 896 Assyriorum
1086 821 1295 893 synodo
1329 820 1384 874 in
1438 819 1576 874 urbe
1623 816 1809 871 Mana-

224 924 478 985 schierti,
507 919 808 989 deﬁnivisse
837 932 999 970 unam
1037 916 1095 969 in
1124 913 1337 969 Christo
1377 927 1490 966 esse
1534 920 1805 972 naturam,

223 1015 553 1071 uoluntatem
598 1027 813 1073 unam,
839 1008 1192 1077 operationem
1244 1020 1439 1069 unam,
1492 1001 1756 1071 fuisseque
1782 1016 1810 1054 e

224 1107 400 1163 sacris
422 1104 606 1157 ablata
629 1102 943 1170 fermentum
965 1108 1012 1151 et
1037 1112 1253 1168 aquam.
1283 1094 1358 1148 Ex
1381 1094 1586 1164 quibus
1606 1091 1808 1147 deduci

228 1199 408 1266 possit
436 1196 706 1249 Armenes
734 1191 961 1261 perinde
990 1197 1157 1259 atque
1194 1187 1419 1242 Graecos
1452 1184 1811 1240 Iermeutatos

230 1303 405 1358 panes
456 1283 731 1341 interdum
781 1282 1075 1344 obtulisse,
1127 1277 1375 1349 quandiu
1412 1291 1516 1345 pax
1564 1283 1620 1330 et
1675 1273 1811 1328 unio

230 1373 648 1445 perdurarerit,
687 1385 851 1443 quam
892 1370 998 1425 sub
1025 1367 1282 1424 Heraclio
1324 1364 1660 1435 imperatore
1685 1378 1811 1417 eum

230 1462 874 1533 ConstantinOpolitauis
901 1461 1247 1531 pepigerant.

300 1556 500 1614 XXXI.
540 1556 740 1611 Paucis
793 1561 916 1624 post
967 1554 1171 1615 annis,
1225 1550 1568 1617 Quinisextze
1616 1547 1815 1618 synodi

233 1650 454 1712 Patres,
492 1662 708 1703 canone
746 1648 838 1711 52,
868 1644 1255 1715 praetermissis
1299 1642 1528 1712 azymis,
1570 1641 1671 1695 hoc
1715 1653 1816 1693 no-

234 1742 391 1796 mine
432 1741 707 1795 duntaxat
757 1739 1032 1793 Armenos
1072 1736 1370 1805 culparum
1394 1772 1408 1797 ,
1444 1732 1590 1802 quod
1626 1732 1812 1784 vinum

236 1831 421 1886 solum
470 1831 592 1885 sine
645 1828 757 1882 ulla
799 1842 957 1897 aquae
1034 1826 1296 1880 mistione
1346 1824 1399 1877 in
1438 1821 1622 1877 missis
1656 1819 1813 1874 offer-

238 1937 389 1991 rent,
424 1925 570 1992 quod
606 1925 772 1978 etiam
804 1922 1010 1976 indicio
1043 1919 1234 1982 fuerit,
1280 1930 1629 1986 nequaquam
1657 1912 1821 1967 Trul-

241 2018 387 2073 Ianis
439 2017 552 2072 illis
602 2015 859 2070 Patribus
892 2011 1254 2074 constitisse,
1299 2024 1397 2064 eos
1445 2008 1513 2061 ad
1568 2005 1817 2060 haeresim

238 2106 606 2179 proﬁtendam
640 2105 970 2160 fermentum
1006 2116 1071 2157 ex
1102 2099 1452 2155 Eucharistia
1487 2097 1818 2152 exclusisse.

237 2198 474 2253 Canone
517 2196 742 2269 quidem
780 2197 868 2261 Ii,
906 2204 1133 2250 cavetur
1164 2208 1231 2247 ne
1269 2190 1456 2246 lideles
1501 2204 1692 2261 azyma
1722 2203 1821 2244 co-

240 2291 473 2345 medunt
492 2329 507 2352 ,
536 2298 593 2343 at
623 2304 750 2343 cum
776 2286 1004 2351 Judazis,
1036 2301 1100 2341 ac
1125 2284 1353 2339 Judaica
1378 2292 1558 2338 mente
1587 2289 1641 2337 et
1668 2282 1777 2335 ritu
1805 2320 1819 2346 ,

242 2380 415 2436 Nemo
442 2396 656 2443 eorum,
689 2379 779 2449 qui
823 2379 878 2432 in
924 2393 1078 2431 sacro
1124 2391 1323 2429 canone
1367 2382 1646 2428 censentur
1672 2413 1685 2435 ,
1737 2374 1824 2426 in-

240 2471 447 2540 quiunt
485 2470 699 2534 Patres,
747 2476 839 2521 aut
873 2466 1041 2520 laicus
1074 2464 1388 2519 Judworum
1422 2479 1613 2533 azyma
1653 2477 1825 2515 come-

243 2560 339 2613 dat
359 2599 374 2622 ,
422 2576 517 2613 nec
552 2559 721 2611 ullant
757 2574 875 2611 eum
917 2558 993 2611 eis
1026 2554 1462 2625 familiaritatem
1492 2552 1682 2607 habeat
1705 2591 1719 2616 ,
1750 2552 1827 2605 rel

238 2653 300 2705 in
333 2652 536 2705 morbis
582 2666 672 2704 eos
701 2658 960 2703 accersat.
993 2646 1268 2714 Quocirca
1298 2645 1489 2700 mirari
1531 2642 1682 2700 subit
1717 2658 1826 2714 qua

246 2743 429 2800 fronte
454 2743 631 2797 Graeci
664 2740 1005 2798 schismatici
1030 2778 1045 2803 ,
1090 2754 1201 2794 non
1233 2739 1410 2794 solum
1444 2739 1735 2800 Armenis,
1768 2745 1828 2791 ut

246 2833 499 2891 Meletius
548 2840 783 2899 noster,
838 2846 1027 2891 verum
1081 2832 1248 2887 etiam
1290 2829 1503 2885 Latinis
1560 2843 1826 2897 canonem

245 2929 395 2981 hunc
440 2934 611 2982 sexta:
632 2966 647 2990 ,
698 2935 759 2980 ut
790 2932 1027 2991 vocant,
1059 2924 1254 2995 synodi
1291 2924 1533 2979 audeant
1560 2923 1825 2993 obiicere,

245 3034 409 3090 quos,
443 3020 488 3073 si
522 3034 718 3088 sapere
748 3018 943 3081 velint,
992 3018 1178 3071 norint
1226 3017 1602 3073 alienissimos
1640 3030 1765 3072 esse
1795 3029 1826 3070 a

246 3108 522 3163 sententia
554 3116 610 3163 et
654 3108 997 3163 caeremoniis
1026 3107 1365 3163 Judteorum.
1406 3106 1601 3161 Nullus
1633 3116 1828 3161 auctor

246 3198 344 3266 qui
406 3198 680 3254 Armenes
746 3199 817 3253 ob
887 3212 1209 3269 azymorum
1273 3213 1432 3252 usum
1500 3197 1827 3269 culpaverit,

249 3289 522 3345 hactenus
566 3290 776 3359 prodiit
822 3290 1107 3360 antiquior
1147 3290 1243 3345 illo
1270 3289 1363 3358 qui
1411 3290 1673 3359 superius
1708 3288 1829 3342 Iau-

249 3382 439 3435 datum
470 3396 608 3451 opus
648 3382 726 3437 De
757 3383 914 3438 rebus
954 3384 1303 3436 Armenorum
1339 3381 1587 3450 scripsit,
1625 3380 1830 3436 saeculo

245 3474 479 3528 circiter
520 3483 738 3537 octavo,
780 3481 875 3527 aut
924 3488 1092 3527 nono.
1148 3473 1456 3528 Cotelcrius
1494 3473 1549 3526 in
1582 3471 1731 3528 notis
1761 3471 1827 3526 ad

246 3564 456 3618 librum
493 3578 526 3615 v
566 3561 1019 3616 Constitutionum
1062 3570 1232 3630 apost.
1269 3578 1327 3631 p.
1355 3562 1485 3627 237,
1538 3562 1662 3617 Iidei
1700 3575 1828 3632 pro-

249 3651 549 3708 fessionem
588 3650 834 3707 Graecam
868 3652 1074 3716 edidit,
1128 3653 1197 3705 ab
1230 3652 1487 3707 Armenis
1525 3653 1619 3723 qui
1658 3652 1832 3706 haere—

244 3742 361 3797 sim
394 3743 682 3810 ejurarent
731 3742 1102 3807 recitandam,
1148 3743 1203 3797 in
1236 3757 1346 3811 qua
1388 3743 1661 3812 ejusmodi
1696 3758 1831 3797 ana-

247 3833 639 3890 thematismus
666 3834 867 3890 visitur
893 3849 908 3885 :
938 3834 990 3887 si‘
1014 3851 1098 3896 τις
1122 3834 1181 3888 οὗ
1212 3834 1395 3903 βάλλει
1431 3836 1513 3897 εἰς
1532 3833 1630 3905 τὴν
1660 3850 1831 3901 προσ-

249 3926 430 3995 φορὰν
476 3926 654 3998 ζύμην
684 3930 780 3979 καὶ
824 3924 979 3989 ἃλας,
1008 3926 1056 3979 si
1085 3926 1201 3993 quis
1233 3927 1287 3980 in
1324 3940 1512 3993 panem
1548 3924 1832 3979 ob'lationis

248 4034 362 4071 non
391 4017 630 4071 immittit
665 4020 979 4087 [armentum
1008 4025 1057 4071 et
1093 4016 1195 4084 sal,
1230 4033 1321 4071 nec
1345 4033 1538 4086 aquam
1570 4033 1684 4070 cum
1714 4017 1832 4071 vino

250 4110 309 4163 in
342 4120 582 4164 sanctum
625 4111 867 4175 calicem,
900 4108 1184 4163 anathema
1230 4123 1363 4163 esto.
1403 4108 1664 4164 Formula
1693 4109 1830 4173 haec,

251 4199 479 4255 tametsi
511 4201 756 4271 septimae
779 4198 975 4269 synodi
1011 4198 1346 4254 mentionem
1377 4199 1654 4262 exhibeat,
1687 4198 1829 4254 haud

252 4291 522 4345 continuo
554 4291 830 4346 censenda
867 4290 1032 4345 fuerit
1061 4304 1186 4345 esse
1217 4290 1442 4346 condita
1471 4300 1827 4361 posteaquam

252 4380 523 4437 Nichaele
549 4380 834 4436 Cerulario
872 4389 1098 4437 auctore
1143 4378 1444 4436 Orientalis
1482 4381 1732 4440 Ecclesia
1763 4381 1831 4435 ab

248 4471 597 4528 Occidentali
630 4471 844 4526 divulsa
878 4480 982 4537 est,
1017 4473 1096 4527 uti
1130 4487 1307 4544 nuper
1337 4476 1830 4544 argumentabatur

245 4564 343 4620 vir
392 4563 760 4632 pereruditus.
801 4562 937 4616 Nam
986 4564 1133 4617 intra
1185 4563 1424 4633 spatium
1465 4563 1829 4619 ducentorum

245 4665 304 4712 et
341 4655 738 4725 quinquaginta
770 4669 1064 4721 annorum,
1110 4656 1203 4724 qui
1250 4669 1280 4708 a
1330 4655 1557 4725 septima
1618 4657 1831 4728 synodo

244 4746 321 4801 ad
349 4745 760 4801 Cerularianutn
790 4762 965 4815 usque
1004 4745 1302 4801 discidium
1332 4745 1611 4812 etllnxere,
1642 4749 1831 4803 Arme-

245 4850 455 4891 norum
489 4851 657 4906 panes
705 4853 816 4891 non
872 4836 1236 4892 fermentatos
1266 4836 1440 4891 Graeci
1486 4839 1663 4906 palam
1698 4853 1827 4908 pro-

243 4925 615 4995 scripserant.
652 4926 827 4997 Hujus
877 4929 953 4983 rei
990 4936 1208 4991 testem,
1259 4938 1455 4998 praeter
1500 4928 1827 4997 scriptorem

244 5017 590 5071 narrationis
622 5017 1030 5086 multotiesjam
1058 5017 1258 5081 citatas,
1294 5027 1543 5073 sanetum
1568 5018 1827 5073 Niconem

244 5107 505 5172 adduco,
576 5125 774 5179 genere
835 5111 1133 5165 Armenum
1165 5152 1177 5173 ,
1232 5112 1324 5180 qui
1384 5128 1508 5165 cum
1562 5113 1615 5165 in
1669 5111 1829 5167 Creta

247 5199 436 5253 insula
478 5200 806 5255 monachum
852 5200 1166 5263 induisset,
1205 5202 1498 5270 populares
1544 5217 1675 5257 suos
1708 5210 1831 5255 tan-

245 5304 416 5357 quam
447 5291 654 5346 erroris
698 5306 821 5346 reos
853 5292 1060 5345 saeculo
1095 5292 1308 5346 decimo
1346 5294 1660 5361 peragebat,
1694 5293 1830 5362 quod

247 5380 309 5431 in
341 5393 475 5445 pane
514 5382 733 5448 mystica
780 5383 986 5449 azymis
1026 5392 1329 5445 uterentur,
1373 5399 1464 5435 nec
1499 5383 1549 5434 in
1589 5394 1831 5437 sanctum

248 5470 472 5524 calicem
520 5488 712 5539 aquam
758 5473 1116 5540 infunderent.
1167 5472 1353 5528 Nihilo
1385 5490 1604 5543 quoque
1636 5490 1827 5530 recen-

244 5569 451 5615 tiorem
478 5562 651 5616 luisse
678 5573 942 5633 putavero
967 5564 1246 5620 Meletium
1282 5566 1457 5627 illum,
1489 5566 1649 5634 cujus
1684 5582 1822 5636 opus

325 5732 403 5806 (α)
432 5733 591 5792 Τοηι.
620 5736 661 5791 ll
700 5738 845 5793 Hist.
870 5738 1023 5795 ίΕιΙι.
1064 5755 1295 5809 prooem.
1330 5758 1369 5807 ι,
1403 5758 1457 5799 n.
1488 5742 1583 5799 28.

584 5826 858 5903 Pnaos.
906 5829 1024 5897 Gn.
1071 5829 1280 5893 XCIV.

1550 332 2048 399 DISSERTATIO
2091 332 2191 392 VI.

3377 327 3480 393 θοι

1909 446 1986 501 De
2034 446 2239 515 azymis
2273 454 2467 498 saneto
2505 441 2704 497 Jeanni
2764 443 3097 498 Damasceno
3150 442 3478 499 attributqu

1906 546 2013 591 est.
2046 537 2185 589 Nam
2214 550 2340 588 cum
2364 536 2636 588 Armenes
2680 543 2733 588 et
2767 532 3050 587 Jacobitas
3082 534 3348 596 nominet,
3378 535 3475 603 qui
3510 558 3514 563 ι

1912 628 2146 697 panibus
2193 625 2403 694 absque
2453 622 2725 678 fermento
2756 639 2913 677 sacra
2950 624 3214 683 iacerent.
3249 624 3479 679 Latinos

1911 720 2099 776 ntuisit
2133 737 2146 773 :
2184 718 2236 772 id
2267 717 2414 787 quod
2447 731 2581 771 sane
2628 730 2737 769 non
2769 715 2915 770 cadit
2941 717 2997 769 in
3028 717 3303 771 hominem
3333 717 3486 771 Grai-

1910 827 2062 874 cum,
2099 810 2197 879 qui
2229 818 2353 879 post
2377 808 2651 862 Iirmatum
2686 821 2716 860 a
2747 804 3035 861 Cerniario
3071 807 3314 863 schisma
3354 807 3486 862 scri-

1914 899 2106 970 pserit.

1983 990 2311 1047 XXXII.Vir
2339 990 2565 1061 quidam
2594 989 2774 1044 nostri
2803 988 2906 1042 sevi
2948 988 3108 1055 longe
3134 987 3488 1042 doctissimus

1914 1082 1970 1136 in
2002 1081 2237 1151 quadam
2273 1080 2655 1135 lucubratione
2689 1090 2852 1148 quam
2886 1077 2955 1133 de
2982 1076 3189 1146 azymis
3219 1077 3487 1140 exaravit,

1913 1179 2102 1227 mouet
2145 1171 2554 1227 observandum
2599 1170 2858 1225 Armenes
2920 1170 2974 1222 in
3037 1167 3490 1237 Eutychianorum

1916 1264 2162 1319 haeresim
2204 1262 2499 1318 Theodosio
2541 1264 2833 1331 imperante
2886 1261 3166 1329 prolapsos
3219 1259 3405 1327 fuisse,
3435 1269 3491 1311 ut

1915 1356 2222 1411 doceittnes
2274 1356 2515 1425 epistola:
2556 1354 2735 1409 Procli
2774 1351 3355 1421 Constantinopolitani
3386 1350 3497 1417 epi—

1917 1449 2066 1516 scopi
2093 1486 2108 1511 ,
2170 1459 2220 1503 et
2276 1446 2523 1516 Dionysii
2577 1444 2774 1515 Exigui
2807 1485 2823 1511 ,
2869 1444 2961 1514 qui
3003 1444 3181 1497 Procli
3213 1441 3496 1511 epistolam

1919 1539 2179 1593 Latinam
2200 1538 2349 1607 fecit.
2375 1538 2676 1606 Additque,
2710 1535 2786 1589 Ab
2804 1552 2865 1591 eo
2896 1545 3125 1603 tempore
3155 1550 3344 1604 azyma
3363 1548 3497 1602 pane

1916 1644 1967 1688 et
1990 1634 2103 1686 sola
2124 1648 2240 1686 vino
2264 1630 2348 1685 usi
2378 1629 2623 1684 videntur
2655 1630 2708 1683 iu
2739 1644 2794 1684 re
2816 1629 3105 1691 sacra,.uti
3141 1627 3362 1681 tradunt
3392 1627 3498 1680 Ar-

1923 1724 2080 1777 meni.
2134 1718 2643 1790 Procius~quidem
2694 1718 2801 1774 sub
2858 1717 3172 1773 Theodosio
3238 1713 3501 1785 (iuniore

1922 1813 2157 1877 scilicet,
2181 1828 2294 1867 non
2328 1809 2577 1880 Seniore)
2612 1808 3283 1878 Constantinepolitanam
3314 1806 3498 1862 sedem

1925 1907 2103 1961 tenuit
2150 1914 2251 1960 :at
2301 1905 2407 1959 sub
2459 1904 2657 1959 Proclo
2707 1902 3051 1974 Eutycbiana
3109 1901 3337 1956 haeresis
3388 1914 3500 1955 non

1922 1998 2179 2054 exstabat
2209 2016 2221 2052 :
2255 1998 2457 2068 quippe
2487 2010 2651 2065 quam
2685 1994 2962 2065 Eutychos
3004 2008 3114 2048 non
3156 1991 3498 2063 parturicrit,

1924 2090 2035 2145 nisi
2070 2092 2176 2147 sub
2210 2090 2474 2145 Flaviano
2508 2088 2691 2145 Procli
2750 2101 3097 2143 successore.
3154 2084 3343 2155 Neque
3381 2096 3504 2139 rur-

1926 2197 2048 2238 sum
2091 2182 2323 2238 Proclus
2377 2183 2445 2236 ad
2498 2182 2773 2235 Armenes
2819 2178 3085 2247 epiistolas
3136 2176 3361 2245 scripsit
3397 2193 3412 2230 :
3445 2180 3505 2229 ut

1928 2276 1997 2329 ab
2026 2275 2215 2346 aliquo
2243 2289 2435 2331 errore
2469 2274 2563 2344 qui
2614 2272 2954 2343 Eutychiano
2986 2270 3186 2326 similis
3216 2275 3380 2329 esset.
3412 2280 3506 2321 ca-

1927 2375 2151 2431 verent,
2194 2367 2291 2422 sed
2350 2381 2419 2421 ne
2468 2364 2861 2421 Nestorianum
2896 2360 3255 2416 admitterent
3283 2397 3299 2421 ,
3339 2372 3505 2428 quem

1927 2458 2223 2522 nonnulli,
2281 2457 2568 2513 translatis
2626 2457 2680 2510 in
2735 2453 3017 2509 Persicam
3064 2461 3120 2507 et
3156 2451 3505 2506 Armenicam

1931 2551 2175 2621 linguam
2229 2550 2509 2605 Theodori
2561 2546 2938 2617 Mopsuesteni
2975 2546 3154 2610 libris,
3189 2545 3326 2613 ipsis
3366 2544 3506 2598 insi-

1931 2657 2105 2697 nuare
2135 2650 2475 2713 satagerent.
2518 2641 2743 2694 Armeni
2777 2654 2885 2693 non
2919 2640 3026 2694 nisi
3058 2639 3163 2694 sub
3191 2636 3507 2693 Justiniano

1932 2733 2161 2789 Seniore
2207 2733 2553 2804 Eutychiana
2601 2732 2689 2787 lue
2726 2732 2923 2801 polluti
2971 2731 3214 2795 fuerunt,
3246 2728 3505 2783 nimirum

1932 2838 1963 2878 a
2005 2824 2298 2895 discipulis
2349 2812 2557 2879 Iuliani
2616 2822 3168 2884 IIalicarnassensis,
3226 2828 3288 2874 ut
3339 2831 3507 2887 supra

1931 2917 2140 2971 dictum
2168 2924 2272 2974 est.
2328 2914 2575 2986 Denique
2631 2930 2907 2986 nusquam
2941 2914 3170 2969 Armeni
3226 2913 3510 2967 tradidere

1931 3021 2246 3081 azymorum
2277 3022 2436 3064 usum
2468 3022 2497 3062 a
2527 3008 2865 3078 temporibus
2891 3006 3069 3061 Procli
3094 3014 3191 3060 aut
3211 3003 3509 3060 Theodosii

1929 3100 2177 3157 Juuioris
2256 3099 2400 3171 apud
2476 3100 2628 3170 ipsos
2682 3098 2997 3169 incepisse;
3062 3094 3509 3167 quandoquidem

1932 3193 2080 3249 hunc
2113 3202 2401 3263 acceptum
2434 3191 2623 3249 ferunt
2653 3207 2684 3247 a
2719 3188 3021 3261 Gregorio,
3062 3205 3226 3259 quem
3259 3204 3357 3245 ceu
3394 3203 3511 3245 sua:

1930 3288 2111 3355 gentis
2154 3287 2464 3356 apostolum
2506 3286 2732 3349 colunt,
2768 3284 2975 3354 quique
3012 3285 3119 3338 sub
3148 3282 3510 3345 Diocletiano,

1926 3374 2301 3442 Maximiano,
2363 3385 2418 3432 et
2468 3374 2838 3432 Constantino
2888 3372 3083 3444 Magno
3115 3374 3380 3444 Augustis
3413 3370 3513 3427 IIo-

1928 3470 2104 3524 rebat.

2003 3558 2241 3614 XXXIII.
2330 3560 2581 3616 Meletius
2650 3570 2845 3618 noster
2932 3560 3135 3615 nedum
3213 3559 3509 3621 Armenes,

1933 3649 2247 3723 [LXXXIII]
2269 3653 2362 3707 sed
2389 3663 2443 3707 et
2463 3650 2745 3709 Jacobitas
2762 3654 2834 3706 ait
2857 3652 3093 3723 panibus
3122 3650 3329 3719 azymis
3352 3662 3511 3703 sacra

1929 3745 2110 3798 facere
2135 3744 2350 3798 solitos.
2379 3743 2549 3797 Porro
2570 3742 2855 3808 Jacobitze,
2876 3745 2965 3798 alii
2986 3742 3132 3814 Syri,
3159 3742 3248 3796 alii
3267 3740 3510 3810 Egyptii

1930 3841 2079 3889 sunt.
2124 3832 2205 3888 Ad
2252 3833 2543 3904 Egyptios
2586 3835 2734 3905 quod
2778 3836 2995 3897 attinet,
3046 3833 3291 3890 Joannes
3323 3834 3511 3888 Philo-

1935 3939 2116 3994 ponus
2146 3925 2574 3991 Alexandrinus,
2607 3928 2728 3997 ipse
2752 3926 3086 3983 Severianus
3112 3942 3208 3983 seu
3235 3925 3508 3989 Jacobita,

1932 4017 2090 4072 testis
2143 4017 2391 4087 locuples
2438 4025 2525 4073 est
2570 4018 2849 4075 Ecclesias
2880 4033 3108 4083 omnes,
3166 4027 3332 4088 atque
3372 4018 3511 4073 adeo

1932 4107 2313 4178 Egyptlacas,
2376 4123 2478 4163 suo
2534 4110 2740 4165 saeculo
2796 4110 3154 4166 iermentatos
3207 4124 3381 4179 panes
3440 4111 3508 4164 ad

1935 4197 2215 4267 liturgiam
2269 4197 2618 4255 adhibuisse.
2675 4200 2908 4263 Michael
2967 4199 3361 4262 Wanslebius,
3410 4199 3508 4268 qui

1931 4286 2304 4343 Jacobitarum
2339 4288 2687 4356 Ceptitarum
2740 4306 2840 4347 seu
2888 4290 3271 4361 Egyptiorum
3324 4304 3509 4345 tuores

1933 4387 1984 4434 et
2014 4382 2374 4436 caeremonias
2413 4390 2673 4437 accurate
2718 4383 2999 4446 lustravit,
3035 4384 3374 4452 rimatusque
3399 4392 3506 4447 est,

1934 4469 2157 4536 perinde
2218 4477 2451 4525 testatur
2495 4472 2715 4527 nonnisi
2763 4468 2831 4528 ex
2881 4472 3117 4542 panibus
3160 4470 3508 4528 iermentatis

1931 4558 2238 4616 oblationes
2279 4575 2473 4615 eorum
2525 4570 2783 4617 constare
2837 4580 2850 4617 :
2899 4564 2991 4619 ubi
3050 4580 3253 4635 nempe
3308 4562 3507 4621 recitat

1934 4648 2098 4702 ritum
2126 4650 2376 4719 pinsendi
2405 4653 2567 4720 panis
2605 4651 2891 4709 oﬂ'erendi.
2930 4653 2983 4707 Il
3026 4656 3139 4709 doit
3172 4674 3203 4726 y
3241 4657 3390 4711 asoir
3433 4657 3507 4712 du

1935 4740 2124 4805 levain,
2172 4742 2352 4810 inquit
2384 4744 2478 4799 ille
2506 4753 2717 4808 auctor,
2756 4749 2974 4814 excepté
3021 4763 3091 4799 un
3124 4748 3240 4800 seu!
3276 4748 3408 4814 jour
3442 4749 3508 4802 de

1933 4832 2159 4899 l‘annee,
2202 4835 2291 4904 qui
2325 4844 2401 4889 est
2434 4836 2480 4889 le
2508 4837 2573 4889 12
2604 4837 2667 4891 de
2702 4839 2814 4891 leur
2850 4839 2983 4891 meis
3018 4839 3081 4890 de
3113 4838 3266 4902 Juin,
3303 4840 3357 4893 la
3392 4842 3504 4893 nuit

1933 4923 2124 4992 duquel
2150 4924 2189 4976 il
2222 4924 2390 4979 tembe
2420 4926 2471 4978 la
2508 4935 2706 4995 goutte,
2738 4928 2828 4997 qui
2852 4928 2951 4996 {ait
2982 4928 3027 4982 le
3057 4930 3216 4982 meme
3238 4929 3380 4998 eﬂ'et,
3409 4946 3506 4999 que

1935 5015 2035 5084 {ait
2073 5016 2116 5069 le
2148 5016 2341 5070 levain.
2373 5017 2628 5074 Abessiui
2659 5062 2672 5084 ,
2721 5020 2813 5090 qui
2852 5018 3226 5075 Jacobitarum
3268 5022 3507 5091 patriar-

1934 5110 2050 5162 clue
2072 5109 2445 5166 Alexandrino
2483 5127 2688 5167 morem
2721 5126 2934 5183 gerunt,
2969 5130 3064 5184 per
3099 5124 3273 5168 totum
3300 5130 3503 5168 annum

1934 5213 2103 5268 panes
2134 5197 2493 5254 fermentatus
2525 5217 2743 5271 quoque
2779 5219 2950 5271 panes
2978 5205 3234 5268 offerunt,
3276 5210 3505 5271 excepta

1937 5290 2072 5345 feria
2125 5291 2316 5360 quinta
2376 5291 2601 5359 majoris
2659 5293 3057 5357 hebdomadis,
3126 5302 3185 5345 ut
3241 5307 3506 5362 expresse

1935 5390 2173 5435 testatur
2220 5381 2293 5434 cl.
2326 5379 2503 5437 Jobus
2558 5380 2958 5453 Ludollius(a).
3010 5380 3288 5438 Jacobitas
3336 5380 3507 5453 Syros

1938 5472 2291 5527 fermentatos
2357 5472 2521 5528 etiam
2575 5487 2748 5543 panes
2811 5473 3071 5528 adhibere
3122 5474 3401 5545 colligitur
3440 5489 3506 5530 ex

1934 5563 2209 5620 Demetrio
2244 5563 2537 5637 Cyziceno,
2570 5564 2731 5635 cujus
2762 5564 3089 5637 opusculum
3115 5566 3182 5622 de
3213 5564 3504 5633 Jacobitis,

3077 5830 3154 5906 13,
