  <div class='ocr_page' id='page_1' title='image "/cluster/home/n/w/nwhite01/storage/ocr_20150623/94/hvd.32044052838174/281.png"; bbox 0 0 3922 6346; ppageno 0'>
   <div class='ocr_carea' id='block_1_1' title="bbox 433 334 543 392">
    <p class='ocr_par' dir='ltr' id='par_1_1' title="bbox 433 334 543 392">
     <span class='ocr_line' id='line_1_1' title="bbox 433 334 543 392; baseline 0 0"><span class='ocrx_word' id='word_1_1' title='bbox 433 334 543 392; x_wconf 76' lang='grc'><strong>395</strong></span> 
     </span>
    </p>
   </div>
   <div class='ocr_carea' id='block_1_2' title="bbox 421 446 1990 512">
    <p class='ocr_par' dir='ltr' id='par_1_2' title="bbox 421 446 1990 512">
     <span class='ocr_line' id='line_1_2' title="bbox 421 446 1990 512; baseline -0.005 -4"><span class='ocrx_word' id='word_1_2' title='bbox 421 461 476 508; x_wconf 80' lang='lat' dir='ltr'><strong>et</strong></span> <span class='ocrx_word' id='word_1_3' title='bbox 499 450 876 508; x_wconf 82' lang='lat' dir='ltr'><strong>Charzizariis</strong></span> <span class='ocrx_word' id='word_1_4' title='bbox 909 448 1276 505; x_wconf 75' lang='lat' dir='ltr'><strong>Combeﬁsius</strong></span> <span class='ocrx_word' id='word_1_5' title='bbox 1321 446 1518 512; x_wconf 81' lang='lat' dir='ltr'><strong>edidit,</strong></span> <span class='ocrx_word' id='word_1_6' title='bbox 1553 459 1593 502; x_wconf 93' lang='lat' dir='ltr'><strong>t.</strong></span> <span class='ocrx_word' id='word_1_7' title='bbox 1634 448 1677 502; x_wconf 88' lang='lat' dir='ltr'><strong>ll</strong></span> <span class='ocrx_word' id='word_1_8' title='bbox 1723 446 1990 502; x_wconf 79' lang='lat' dir='ltr'><strong>Auctarii.</strong></span> 
     </span>
    </p>
   </div>
   <div class='ocr_carea' id='block_1_3' title="bbox 423 540 1994 610">
    <p class='ocr_par' dir='ltr' id='par_1_3' title="bbox 423 540 1994 610">
     <span class='ocr_line' id='line_1_3' title="bbox 423 540 1994 610; baseline -0.004 -14"><span class='ocrx_word' id='word_1_9' title='bbox 423 543 560 597; x_wconf 86' lang='lat' dir='ltr'><strong>Cum</strong></span> <span class='ocrx_word' id='word_1_10' title='bbox 596 543 742 597; x_wconf 89' lang='lat' dir='ltr'><strong>enim</strong></span> <span class='ocrx_word' id='word_1_11' title='bbox 789 541 857 596; x_wconf 89' lang='lat' dir='ltr'><strong>ab</strong></span> <span class='ocrx_word' id='word_1_12' title='bbox 896 543 1144 610; x_wconf 90' lang='lat' dir='ltr'><strong>utrisque</strong></span> <span class='ocrx_word' id='word_1_13' title='bbox 1192 541 1378 594; x_wconf 84' lang='lat' dir='ltr'><strong>vinum</strong></span> <span class='ocrx_word' id='word_1_14' title='bbox 1427 555 1635 594; x_wconf 89' lang='lat' dir='ltr'><strong>merum</strong></span> <span class='ocrx_word' id='word_1_15' title='bbox 1681 540 1801 595; x_wconf 85' lang='lat' dir='ltr'><strong>sine</strong></span> <span class='ocrx_word' id='word_1_16' title='bbox 1854 552 1994 608; x_wconf 87' lang='lat' dir='ltr'><strong>aqua</strong></span> 
     </span>
    </p>
   </div>
   <div class='ocr_carea' id='block_1_4' title="bbox 422 629 1994 695">
    <p class='ocr_par' dir='ltr' id='par_1_4' title="bbox 422 629 1994 695">
     <span class='ocr_line' id='line_1_4' title="bbox 422 629 1994 695; baseline -0.002 -8"><span class='ocrx_word' id='word_1_17' title='bbox 422 634 605 687; x_wconf 81' lang='lat' dir='ltr'><strong>oﬁ&#39;errt</strong></span> <span class='ocrx_word' id='word_1_18' title='bbox 640 641 894 695; x_wconf 89' lang='lat' dir='ltr'><strong>asserat,</strong></span> <span class='ocrx_word' id='word_1_19' title='bbox 945 632 1037 685; x_wconf 82' lang='lat' dir='ltr'><strong>tibi</strong></span> <span class='ocrx_word' id='word_1_20' title='bbox 1083 631 1152 685; x_wconf 90' lang='lat' dir='ltr'><strong>de</strong></span> <span class='ocrx_word' id='word_1_21' title='bbox 1186 631 1560 685; x_wconf 77' lang='lat' dir='ltr'><strong>Cliarzizariis</strong></span> <span class='ocrx_word' id='word_1_22' title='bbox 1601 647 1696 685; x_wconf 88' lang='lat' dir='ltr'><strong>seu</strong></span> <span class='ocrx_word' id='word_1_23' title='bbox 1737 629 1994 684; x_wconf 79' lang='lat' dir='ltr'><strong>Armenis</strong></span> 
     </span>
    </p>
   </div>
   <div class='ocr_carea' id='block_1_5' title="bbox 422 720 1996 792">
    <p class='ocr_par' dir='ltr' id='par_1_5' title="bbox 422 720 1996 792">
     <span class='ocr_line' id='line_1_5' title="bbox 422 720 1996 792; baseline -0.001 -16"><span class='ocrx_word' id='word_1_24' title='bbox 422 737 733 777; x_wconf 82' lang='lat' dir='ltr'><strong>sermonem</strong></span> <span class='ocrx_word' id='word_1_25' title='bbox 767 722 1036 785; x_wconf 89' lang='lat' dir='ltr'><strong>instituit,</strong></span> <span class='ocrx_word' id='word_1_26' title='bbox 1084 723 1341 778; x_wconf 84' lang='lat' dir='ltr'><strong>observat</strong></span> <span class='ocrx_word' id='word_1_27' title='bbox 1388 737 1484 777; x_wconf 94' lang='lat' dir='ltr'><strong>eos</strong></span> <span class='ocrx_word' id='word_1_28' title='bbox 1521 721 1729 792; x_wconf 77' lang='lat' dir='ltr'><strong>azymis</strong></span> <span class='ocrx_word' id='word_1_29' title='bbox 1759 720 1996 788; x_wconf 87' lang='lat' dir='ltr'><strong>panibus</strong></span> 
     </span>
    </p>
   </div>
   <div class='ocr_carea' id='block_1_6' title="bbox 428 810 1996 884">
    <p class='ocr_par' dir='ltr' id='par_1_6' title="bbox 428 810 1996 884">
     <span class='ocr_line' id='line_1_6' title="bbox 428 810 1996 884; baseline -0.002 -17"><span class='ocrx_word' id='word_1_30' title='bbox 428 815 528 876; x_wconf 90' lang='lat' dir='ltr'><strong>uti,</strong></span> <span class='ocrx_word' id='word_1_31' title='bbox 571 821 736 884; x_wconf 91' lang='lat' dir='ltr'><strong>atque</strong></span> <span class='ocrx_word' id='word_1_32' title='bbox 770 813 1146 868; x_wconf 84' lang='lat' dir='ltr'><strong>Jacobitarum</strong></span> <span class='ocrx_word' id='word_1_33' title='bbox 1174 829 1326 868; x_wconf 86' lang='lat' dir='ltr'><strong>more</strong></span> <span class='ocrx_word' id='word_1_34' title='bbox 1352 827 1548 882; x_wconf 87' lang='lat' dir='ltr'><strong>aquam</strong></span> <span class='ocrx_word' id='word_1_35' title='bbox 1585 813 1712 874; x_wconf 83' lang='lat' dir='ltr'><strong>vino</strong></span> <span class='ocrx_word' id='word_1_36' title='bbox 1749 827 1859 865; x_wconf 89' lang='lat' dir='ltr'><strong>non</strong></span> <span class='ocrx_word' id='word_1_37' title='bbox 1899 810 1996 865; x_wconf 89' lang='lat' dir='ltr'><strong>ad-</strong></span> 
     </span>
    </p>
   </div>
   <div class='ocr_carea' id='block_1_7' title="bbox 424 901 1996 975">
    <p class='ocr_par' dir='ltr' id='par_1_7' title="bbox 424 901 1996 975">
     <span class='ocr_line' id='line_1_7' title="bbox 424 901 1996 975; baseline -0.004 -13"><span class='ocrx_word' id='word_1_38' title='bbox 424 909 680 968; x_wconf 87' lang='lat' dir='ltr'><strong>miscere,</strong></span> <span class='ocrx_word' id='word_1_39' title='bbox 704 916 764 958; x_wconf 92' lang='lat' dir='ltr'><strong>ut</strong></span> <span class='ocrx_word' id='word_1_40' title='bbox 794 905 1061 975; x_wconf 81' lang='lat' dir='ltr'><strong>signiﬁcet</strong></span> <span class='ocrx_word' id='word_1_41' title='bbox 1091 905 1362 958; x_wconf 85' lang='lat' dir='ltr'><strong>Armenos</strong></span> <span class='ocrx_word' id='word_1_42' title='bbox 1395 905 1449 958; x_wconf 93' lang='lat' dir='ltr'><strong>in</strong></span> <span class='ocrx_word' id='word_1_43' title='bbox 1483 905 1551 958; x_wconf 92' lang='lat' dir='ltr'><strong>iis</strong></span> <span class='ocrx_word' id='word_1_44' title='bbox 1577 918 1702 974; x_wconf 62' lang='lat' dir='ltr'><strong>qua:</strong></span> <span class='ocrx_word' id='word_1_45' title='bbox 1735 901 1804 956; x_wconf 90' lang='lat' dir='ltr'><strong>ad</strong></span> <span class='ocrx_word' id='word_1_46' title='bbox 1835 902 1996 956; x_wconf 88' lang='lat' dir='ltr'><strong>litur—</strong></span> 
     </span>
    </p>
   </div>
   <div class='ocr_carea' id='block_1_8' title="bbox 423 994 1994 1068">
    <p class='ocr_par' dir='ltr' id='par_1_8' title="bbox 423 994 1994 1068">
     <span class='ocr_line' id='line_1_8' title="bbox 423 994 1994 1068; baseline -0.001 -16"><span class='ocrx_word' id='word_1_47' title='bbox 423 1000 566 1068; x_wconf 83' lang='lat' dir='ltr'><strong>giam</strong></span> <span class='ocrx_word' id='word_1_48' title='bbox 617 999 872 1061; x_wconf 82' lang='lat' dir='ltr'><strong>attinent,</strong></span> <span class='ocrx_word' id='word_1_49' title='bbox 915 1006 1144 1050; x_wconf 87' lang='lat' dir='ltr'><strong>eatenus</strong></span> <span class='ocrx_word' id='word_1_50' title='bbox 1185 996 1536 1051; x_wconf 87' lang='lat' dir='ltr'><strong>solummodo</strong></span> <span class='ocrx_word' id='word_1_51' title='bbox 1576 1010 1699 1049; x_wconf 91' lang='lat' dir='ltr'><strong>cum</strong></span> <span class='ocrx_word' id='word_1_52' title='bbox 1727 994 1994 1051; x_wconf 87' lang='lat' dir='ltr'><strong>Jacobitis</strong></span> 
     </span>
    </p>
   </div>
   <div class='ocr_carea' id='block_1_9' title="bbox 420 1086 1992 1156">
    <p class='ocr_par' dir='ltr' id='par_1_9' title="bbox 420 1086 1992 1156">
     <span class='ocr_line' id='line_1_9' title="bbox 420 1086 1992 1156; baseline 0 -16"><span class='ocrx_word' id='word_1_53' title='bbox 420 1087 737 1149; x_wconf 88' lang='lat' dir='ltr'><strong>convenire,</strong></span> <span class='ocrx_word' id='word_1_54' title='bbox 769 1095 1041 1156; x_wconf 87' lang='lat' dir='ltr'><strong>quatenus</strong></span> <span class='ocrx_word' id='word_1_55' title='bbox 1069 1087 1257 1142; x_wconf 89' lang='lat' dir='ltr'><strong>vinum</strong></span> <span class='ocrx_word' id='word_1_56' title='bbox 1282 1086 1601 1156; x_wconf 74' lang='lat' dir='ltr'><strong>neutiquam</strong></span> <span class='ocrx_word' id='word_1_57' title='bbox 1631 1095 1992 1155; x_wconf 86' lang='lat' dir='ltr'><strong>temperatum</strong></span> 
     </span>
    </p>
   </div>
   <div class='ocr_carea' id='block_1_10' title="bbox 420 1177 1989 1246">
    <p class='ocr_par' dir='ltr' id='par_1_10' title="bbox 420 1177 1989 1246">
     <span class='ocr_line' id='line_1_10' title="bbox 420 1177 1989 1246; baseline 0.001 -18"><span class='ocrx_word' id='word_1_58' title='bbox 420 1178 678 1240; x_wconf 81' lang='lat' dir='ltr'><strong>uﬂ‘erunt,</strong></span> <span class='ocrx_word' id='word_1_59' title='bbox 718 1194 826 1232; x_wconf 91' lang='lat' dir='ltr'><strong>non</strong></span> <span class='ocrx_word' id='word_1_60' title='bbox 864 1179 990 1232; x_wconf 88' lang='lat' dir='ltr'><strong>item</strong></span> <span class='ocrx_word' id='word_1_61' title='bbox 1021 1177 1328 1232; x_wconf 79' lang='lat' dir='ltr'><strong>fermentati</strong></span> <span class='ocrx_word' id='word_1_62' title='bbox 1369 1177 1523 1246; x_wconf 85' lang='lat' dir='ltr'><strong>panis</strong></span> <span class='ocrx_word' id='word_1_63' title='bbox 1551 1178 1989 1232; x_wconf 83' lang='lat' dir='ltr'><strong>consecratione.</strong></span> 
     </span>
    </p>
   </div>
   <div class='ocr_carea' id='block_1_11' title="bbox 420 1268 1993 1340">
    <p class='ocr_par' dir='ltr' id='par_1_11' title="bbox 420 1268 1993 1340">
     <span class='ocr_line' id='line_1_11' title="bbox 420 1268 1993 1340; baseline -0.002 -16"><span class='ocrx_word' id='word_1_64' title='bbox 420 1271 762 1325; x_wconf 87' lang='lat' dir='ltr'><strong>Ahrahamus</strong></span> <span class='ocrx_word' id='word_1_65' title='bbox 803 1270 1140 1326; x_wconf 80' lang='lat' dir='ltr'><strong>Echellensis</strong></span> <span class='ocrx_word' id='word_1_66' title='bbox 1181 1271 1416 1340; x_wconf 84' lang='lat' dir='ltr'><strong>epistola</strong></span> <span class='ocrx_word' id='word_1_67' title='bbox 1473 1270 1538 1322; x_wconf 90' lang='lat' dir='ltr'><strong>ad</strong></span> <span class='ocrx_word' id='word_1_68' title='bbox 1575 1268 1842 1324; x_wconf 80' lang='lat' dir='ltr'><strong>Joannem</strong></span> <span class='ocrx_word' id='word_1_69' title='bbox 1877 1268 1993 1322; x_wconf 85' lang='lat' dir='ltr'><strong>Mo-</strong></span> 
     </span>
    </p>
   </div>
   <div class='ocr_carea' id='block_1_12' title="bbox 421 1358 1991 1431">
    <p class='ocr_par' dir='ltr' id='par_1_12' title="bbox 421 1358 1991 1431">
     <span class='ocr_line' id='line_1_12' title="bbox 421 1358 1991 1431; baseline 0 -17"><span class='ocrx_word' id='word_1_70' title='bbox 421 1362 601 1415; x_wconf 89' lang='lat' dir='ltr'><strong>rinum</strong></span> <span class='ocrx_word' id='word_1_71' title='bbox 627 1362 706 1431; x_wconf 89' lang='lat' dir='ltr'><strong>(a)</strong></span> <span class='ocrx_word' id='word_1_72' title='bbox 752 1363 947 1417; x_wconf 86' lang='lat' dir='ltr'><strong>scribit</strong></span> <span class='ocrx_word' id='word_1_73' title='bbox 976 1363 1030 1416; x_wconf 93' lang='lat' dir='ltr'><strong>in</strong></span> <span class='ocrx_word' id='word_1_74' title='bbox 1061 1377 1274 1416; x_wconf 81' lang='lat' dir='ltr'><strong>canone</strong></span> <span class='ocrx_word' id='word_1_75' title='bbox 1307 1358 1682 1416; x_wconf 86' lang='lat' dir='ltr'><strong>.Iacobitarum</strong></span> <span class='ocrx_word' id='word_1_76' title='bbox 1709 1370 1765 1416; x_wconf 89' lang='lat' dir='ltr'><strong>et</strong></span> <span class='ocrx_word' id='word_1_77' title='bbox 1792 1359 1991 1416; x_wconf 86' lang='lat' dir='ltr'><strong>Nesto-</strong></span> 
     </span>
    </p>
   </div>
   <div class='ocr_carea' id='block_1_13' title="bbox 421 1452 1990 1522">
    <p class='ocr_par' dir='ltr' id='par_1_13' title="bbox 421 1452 1990 1522">
     <span class='ocr_line' id='line_1_13' title="bbox 421 1452 1990 1522; baseline 0.001 -17"><span class='ocrx_word' id='word_1_78' title='bbox 421 1454 702 1506; x_wconf 88' lang='lat' dir='ltr'><strong>rianorum</strong></span> <span class='ocrx_word' id='word_1_79' title='bbox 737 1453 850 1507; x_wconf 72' lang='lat' dir='ltr'><strong>lucc</strong></span> <span class='ocrx_word' id='word_1_80' title='bbox 885 1453 1050 1507; x_wconf 86' lang='lat' dir='ltr'><strong>verba</strong></span> <span class='ocrx_word' id='word_1_81' title='bbox 1078 1468 1333 1522; x_wconf 67' lang='lat' dir='ltr'><strong>peraeque</strong></span> <span class='ocrx_word' id='word_1_82' title='bbox 1360 1453 1486 1521; x_wconf 88' lang='lat' dir='ltr'><strong>legi,</strong></span> <span class='ocrx_word' id='word_1_83' title='bbox 1509 1461 1558 1506; x_wconf 88' lang='lat' dir='ltr'><strong>et</strong></span> <span class='ocrx_word' id='word_1_84' title='bbox 1582 1453 1779 1520; x_wconf 89' lang='lat' dir='ltr'><strong>accepit</strong></span> <span class='ocrx_word' id='word_1_85' title='bbox 1802 1468 1864 1505; x_wconf 70' lang='lat' dir='ltr'><strong>ex</strong></span> <span class='ocrx_word' id='word_1_86' title='bbox 1897 1452 1990 1506; x_wconf 89' lang='lat' dir='ltr'><strong>illo</strong></span> 
     </span>
    </p>
   </div>
   <div class='ocr_carea' id='block_1_14' title="bbox 417 1543 1991 1611">
    <p class='ocr_par' dir='ltr' id='par_1_14' title="bbox 417 1543 1991 1611">
     <span class='ocr_line' id='line_1_14' title="bbox 417 1543 1991 1611; baseline 0.002 -16"><span class='ocrx_word' id='word_1_87' title='bbox 417 1560 553 1609; x_wconf 82' lang='lat' dir='ltr'><strong>pane</strong></span> <span class='ocrx_word' id='word_1_88' title='bbox 612 1544 949 1611; x_wconf 62' lang='lat' dir='ltr'><strong>(enuntiato.</strong></span> <span class='ocrx_word' id='word_1_89' title='bbox 1001 1543 1146 1598; x_wconf 88' lang='lat' dir='ltr'><strong>Idem</strong></span> <span class='ocrx_word' id='word_1_90' title='bbox 1208 1543 1550 1598; x_wconf 81' lang='lat' dir='ltr'><strong>Echellensis</strong></span> <span class='ocrx_word' id='word_1_91' title='bbox 1611 1553 1850 1599; x_wconf 87' lang='lat' dir='ltr'><strong>tractatu</strong></span> <span class='ocrx_word' id='word_1_92' title='bbox 1913 1543 1991 1598; x_wconf 87' lang='lat' dir='ltr'><strong>De</strong></span> 
     </span>
    </p>
   </div>
   <div class='ocr_carea' id='block_1_15' title="bbox 418 1635 1990 1706">
    <p class='ocr_par' dir='ltr' id='par_1_15' title="bbox 418 1635 1990 1706">
     <span class='ocr_line' id='line_1_15' title="bbox 418 1635 1990 1706; baseline 0 -16"><span class='ocrx_word' id='word_1_93' title='bbox 418 1638 620 1706; x_wconf 85' lang='lat' dir='ltr'><strong>origine</strong></span> <span class='ocrx_word' id='word_1_94' title='bbox 657 1637 884 1689; x_wconf 76' lang='lat' dir='ltr'><strong>nominis</strong></span> <span class='ocrx_word' id='word_1_95' title='bbox 915 1651 1066 1704; x_wconf 74' lang='lat' dir='ltr'><strong>papa:</strong></span> <span class='ocrx_word' id='word_1_96' title='bbox 1110 1649 1186 1705; x_wconf 77' lang='grc' dir='ltr'><strong>(ρ.</strong></span> <span class='ocrx_word' id='word_1_97' title='bbox 1213 1635 1361 1702; x_wconf 71' lang='grc'>477),</span> <span class='ocrx_word' id='word_1_98' title='bbox 1408 1635 1606 1689; x_wconf 89' lang='lat' dir='ltr'><strong>iterum</strong></span> <span class='ocrx_word' id='word_1_99' title='bbox 1634 1635 1910 1690; x_wconf 82' lang='lat' dir='ltr'><strong>Jacobitas</strong></span> <span class='ocrx_word' id='word_1_100' title='bbox 1934 1643 1990 1692; x_wconf 87' lang='lat' dir='ltr'><strong>et</strong></span> 
     </span>
    </p>
   </div>
   <div class='ocr_carea' id='block_1_16' title="bbox 417 1727 1989 1798">
    <p class='ocr_par' dir='ltr' id='par_1_16' title="bbox 417 1727 1989 1798">
     <span class='ocr_line' id='line_1_16' title="bbox 417 1727 1989 1798; baseline 0 -17"><span class='ocrx_word' id='word_1_101' title='bbox 417 1729 666 1797; x_wconf 82' lang='lat' dir='ltr'><strong>Coptitas</strong></span> <span class='ocrx_word' id='word_1_102' title='bbox 717 1728 828 1782; x_wconf 91' lang='lat' dir='ltr'><strong>illis</strong></span> <span class='ocrx_word' id='word_1_103' title='bbox 860 1737 1142 1790; x_wconf 84' lang='lat' dir='ltr'><strong>accensct,</strong></span> <span class='ocrx_word' id='word_1_104' title='bbox 1185 1728 1279 1797; x_wconf 90' lang='lat' dir='ltr'><strong>qui</strong></span> <span class='ocrx_word' id='word_1_105' title='bbox 1315 1727 1643 1783; x_wconf 79' lang='lat' dir='ltr'><strong>fermentum</strong></span> <span class='ocrx_word' id='word_1_106' title='bbox 1686 1735 1896 1798; x_wconf 88' lang='lat' dir='ltr'><strong>ponunt</strong></span> <span class='ocrx_word' id='word_1_107' title='bbox 1935 1729 1989 1781; x_wconf 90' lang='lat' dir='ltr'><strong>in</strong></span> 
     </span>
    </p>
   </div>
   <div class='ocr_carea' id='block_1_17' title="bbox 420 1817 1990 1890">
    <p class='ocr_par' dir='ltr' id='par_1_17' title="bbox 420 1817 1990 1890">
     <span class='ocr_line' id='line_1_17' title="bbox 420 1817 1990 1890; baseline 0 -16"><span class='ocrx_word' id='word_1_108' title='bbox 420 1835 563 1890; x_wconf 88' lang='lat' dir='ltr'><strong>pane</strong></span> <span class='ocrx_word' id='word_1_109' title='bbox 599 1821 990 1874; x_wconf 79' lang='lat' dir='ltr'><strong>eucharistico.</strong></span> <span class='ocrx_word' id='word_1_110' title='bbox 1022 1817 1136 1874; x_wconf 89' lang='lat' dir='ltr'><strong>lmo</strong></span> <span class='ocrx_word' id='word_1_111' title='bbox 1176 1819 1480 1883; x_wconf 83' lang='lat' dir='ltr'><strong>Jacobitas,</strong></span> <span class='ocrx_word' id='word_1_112' title='bbox 1516 1829 1575 1873; x_wconf 91' lang='lat' dir='ltr'><strong>ut</strong></span> <span class='ocrx_word' id='word_1_113' title='bbox 1625 1829 1680 1874; x_wconf 91' lang='lat' dir='ltr'><strong>et</strong></span> <span class='ocrx_word' id='word_1_114' title='bbox 1714 1819 1990 1875; x_wconf 87' lang='lat' dir='ltr'><strong>Nestoria-</strong></span> 
     </span>
    </p>
   </div>
   <div class='ocr_carea' id='block_1_18' title="bbox 419 1910 1986 1982">
    <p class='ocr_par' dir='ltr' id='par_1_18' title="bbox 419 1910 1986 1982">
     <span class='ocr_line' id='line_1_18' title="bbox 419 1910 1986 1982; baseline -0.001 -17"><span class='ocrx_word' id='word_1_115' title='bbox 419 1927 518 1966; x_wconf 87' lang='lat' dir='ltr'><strong>nos</strong></span> <span class='ocrx_word' id='word_1_116' title='bbox 545 1911 714 1965; x_wconf 87' lang='lat' dir='ltr'><strong>salem</strong></span> <span class='ocrx_word' id='word_1_117' title='bbox 736 1919 790 1964; x_wconf 91' lang='lat' dir='ltr'><strong>et</strong></span> <span class='ocrx_word' id='word_1_118' title='bbox 811 1911 992 1966; x_wconf 91' lang='lat' dir='ltr'><strong>oleum</strong></span> <span class='ocrx_word' id='word_1_119' title='bbox 1014 1911 1181 1966; x_wconf 78' lang='lat' dir='ltr'><strong>veluti</strong></span> <span class='ocrx_word' id='word_1_120' title='bbox 1205 1910 1423 1966; x_wconf 68' lang='lat' dir='ltr'><strong>Graecos</strong></span> <span class='ocrx_word' id='word_1_121' title='bbox 1459 1911 1660 1965; x_wconf 81' lang='lat' dir='ltr'><strong>addere</strong></span> <span class='ocrx_word' id='word_1_122' title='bbox 1683 1911 1986 1982; x_wconf 83' lang='lat' dir='ltr'><strong>subjungit,</strong></span> 
     </span>
    </p>
   </div>
   <div class='ocr_carea' id='block_1_19' title="bbox 417 2000 1989 2068">
    <p class='ocr_par' dir='ltr' id='par_1_19' title="bbox 417 2000 1989 2068">
     <span class='ocr_line' id='line_1_19' title="bbox 417 2000 1989 2068; baseline 0.001 -13"><span class='ocrx_word' id='word_1_123' title='bbox 417 2015 483 2055; x_wconf 88' lang='lat' dir='ltr'><strong>ac</strong></span> <span class='ocrx_word' id='word_1_124' title='bbox 533 2001 752 2054; x_wconf 86' lang='lat' dir='ltr'><strong>tandem</strong></span> <span class='ocrx_word' id='word_1_125' title='bbox 807 2000 1057 2065; x_wconf 86' lang='lat' dir='ltr'><strong>Latinos,</strong></span> <span class='ocrx_word' id='word_1_126' title='bbox 1110 2000 1421 2065; x_wconf 78' lang='lat' dir='ltr'><strong>Melchitas,</strong></span> <span class='ocrx_word' id='word_1_127' title='bbox 1479 2001 1796 2068; x_wconf 74' lang='lat' dir='ltr'><strong>Maronitas,</strong></span> <span class='ocrx_word' id='word_1_128' title='bbox 1831 2001 1989 2057; x_wconf 82' lang='lat' dir='ltr'><strong>Jaco-</strong></span> 
     </span>
    </p>
   </div>
   <div class='ocr_carea' id='block_1_20' title="bbox 417 2091 1986 2163">
    <p class='ocr_par' dir='ltr' id='par_1_20' title="bbox 417 2091 1986 2163">
     <span class='ocr_line' id='line_1_20' title="bbox 417 2091 1986 2163; baseline 0.003 -19"><span class='ocrx_word' id='word_1_129' title='bbox 417 2092 558 2145; x_wconf 86' lang='lat' dir='ltr'><strong>bitas</strong></span> <span class='ocrx_word' id='word_1_130' title='bbox 588 2098 642 2145; x_wconf 91' lang='lat' dir='ltr'><strong>et</strong></span> <span class='ocrx_word' id='word_1_131' title='bbox 680 2091 929 2161; x_wconf 81' lang='lat' dir='ltr'><strong>Coptitas</strong></span> <span class='ocrx_word' id='word_1_132' title='bbox 974 2100 1212 2147; x_wconf 84' lang='lat' dir='ltr'><strong>testatur</strong></span> <span class='ocrx_word' id='word_1_133' title='bbox 1256 2094 1444 2146; x_wconf 80' lang='lat' dir='ltr'><strong>vinum</strong></span> <span class='ocrx_word' id='word_1_134' title='bbox 1488 2093 1543 2146; x_wconf 89' lang='lat' dir='ltr'><strong>in</strong></span> <span class='ocrx_word' id='word_1_135' title='bbox 1575 2094 1746 2148; x_wconf 89' lang='lat' dir='ltr'><strong>calice</strong></span> <span class='ocrx_word' id='word_1_136' title='bbox 1777 2103 1986 2163; x_wconf 89' lang='lat' dir='ltr'><strong>tempe-</strong></span> 
     </span>
    </p>
   </div>
   <div class='ocr_carea' id='block_1_21' title="bbox 414 2183 1986 2253">
    <p class='ocr_par' dir='ltr' id='par_1_21' title="bbox 414 2183 1986 2253">
     <span class='ocr_line' id='line_1_21' title="bbox 414 2183 1986 2253; baseline 0.001 -17"><span class='ocrx_word' id='word_1_137' title='bbox 414 2196 574 2246; x_wconf 85' lang='lat' dir='ltr'><strong>rare,</strong></span> <span class='ocrx_word' id='word_1_138' title='bbox 620 2183 884 2253; x_wconf 88' lang='lat' dir='ltr'><strong>solosque</strong></span> <span class='ocrx_word' id='word_1_139' title='bbox 923 2183 1193 2238; x_wconf 80' lang='lat' dir='ltr'><strong>Armenes</strong></span> <span class='ocrx_word' id='word_1_140' title='bbox 1237 2198 1433 2253; x_wconf 89' lang='lat' dir='ltr'><strong>aquam</strong></span> <span class='ocrx_word' id='word_1_141' title='bbox 1477 2183 1790 2239; x_wconf 79' lang='lat' dir='ltr'><strong>excludere.</strong></span> <span class='ocrx_word' id='word_1_142' title='bbox 1830 2183 1986 2249; x_wconf 85' lang='lat' dir='ltr'><strong>Quod</strong></span> 
     </span>
    </p>
   </div>
   <div class='ocr_carea' id='block_1_22' title="bbox 415 2273 1987 2344">
    <p class='ocr_par' dir='ltr' id='par_1_22' title="bbox 415 2273 1987 2344">
     <span class='ocr_line' id='line_1_22' title="bbox 415 2273 1987 2344; baseline 0.001 -18"><span class='ocrx_word' id='word_1_143' title='bbox 415 2284 599 2329; x_wconf 86' lang='lat' dir='ltr'><strong>autem</strong></span> <span class='ocrx_word' id='word_1_144' title='bbox 644 2274 898 2328; x_wconf 89' lang='lat' dir='ltr'><strong>nonnulli</strong></span> <span class='ocrx_word' id='word_1_145' title='bbox 931 2273 1090 2328; x_wconf 88' lang='lat' dir='ltr'><strong>aiunt</strong></span> <span class='ocrx_word' id='word_1_146' title='bbox 1127 2274 1492 2328; x_wconf 87' lang='lat' dir='ltr'><strong>Nestorianos</strong></span> <span class='ocrx_word' id='word_1_147' title='bbox 1543 2274 1789 2344; x_wconf 81' lang='lat' dir='ltr'><strong>regionis</strong></span> <span class='ocrx_word' id='word_1_148' title='bbox 1819 2273 1987 2328; x_wconf 83' lang='lat' dir='ltr'><strong>Mala-</strong></span> 
     </span>
    </p>
   </div>
   <div class='ocr_carea' id='block_1_23' title="bbox 414 2361 1984 2431">
    <p class='ocr_par' dir='ltr' id='par_1_23' title="bbox 414 2361 1984 2431">
     <span class='ocr_line' id='line_1_23' title="bbox 414 2361 1984 2431; baseline 0.001 -14"><span class='ocrx_word' id='word_1_149' title='bbox 414 2363 617 2418; x_wconf 67' lang='lat' dir='ltr'><strong>baricre</strong></span> <span class='ocrx_word' id='word_1_150' title='bbox 647 2362 859 2418; x_wconf 85' lang='lat' dir='ltr'><strong>incolas</strong></span> <span class='ocrx_word' id='word_1_151' title='bbox 913 2361 1123 2431; x_wconf 80' lang='lat' dir='ltr'><strong>azymis</strong></span> <span class='ocrx_word' id='word_1_152' title='bbox 1171 2361 1506 2426; x_wconf 89' lang='lat' dir='ltr'><strong>sacriﬁcare,</strong></span> <span class='ocrx_word' id='word_1_153' title='bbox 1557 2363 1790 2418; x_wconf 84' lang='lat' dir='ltr'><strong>testibus</strong></span> <span class='ocrx_word' id='word_1_154' title='bbox 1839 2363 1984 2419; x_wconf 90' lang='lat' dir='ltr'><strong>haud</strong></span> 
     </span>
    </p>
   </div>
   <div class='ocr_carea' id='block_1_24' title="bbox 413 2455 1987 2528">
    <p class='ocr_par' dir='ltr' id='par_1_24' title="bbox 413 2455 1987 2528">
     <span class='ocr_line' id='line_1_24' title="bbox 413 2455 1987 2528; baseline 0.001 -16"><span class='ocrx_word' id='word_1_155' title='bbox 413 2459 554 2512; x_wconf 84' lang='lat' dir='ltr'><strong>satis</strong></span> <span class='ocrx_word' id='word_1_156' title='bbox 625 2456 731 2510; x_wconf 84' lang='lat' dir='ltr'><strong>ﬁde</strong></span> <span class='ocrx_word' id='word_1_157' title='bbox 805 2455 990 2525; x_wconf 79' lang='lat' dir='ltr'><strong>dignis</strong></span> <span class='ocrx_word' id='word_1_158' title='bbox 1059 2456 1350 2511; x_wconf 89' lang='lat' dir='ltr'><strong>astruitur.</strong></span> <span class='ocrx_word' id='word_1_159' title='bbox 1412 2455 1708 2512; x_wconf 82' lang='lat' dir='ltr'><strong>Maronitas</strong></span> <span class='ocrx_word' id='word_1_160' title='bbox 1763 2472 1987 2528; x_wconf 79' lang='lat' dir='ltr'><strong>azymos</strong></span> 
     </span>
    </p>
   </div>
   <div class='ocr_carea' id='block_1_25' title="bbox 411 2546 1986 2616">
    <p class='ocr_par' dir='ltr' id='par_1_25' title="bbox 411 2546 1986 2616">
     <span class='ocr_line' id='line_1_25' title="bbox 411 2546 1986 2616; baseline 0.001 -16"><span class='ocrx_word' id='word_1_161' title='bbox 411 2562 586 2615; x_wconf 82' lang='lat' dir='ltr'><strong>panes</strong></span> <span class='ocrx_word' id='word_1_162' title='bbox 635 2546 835 2602; x_wconf 76' lang='lat' dir='ltr'><strong>oﬁerre</strong></span> <span class='ocrx_word' id='word_1_163' title='bbox 884 2555 1095 2601; x_wconf 90' lang='lat' dir='ltr'><strong>certum</strong></span> <span class='ocrx_word' id='word_1_164' title='bbox 1139 2555 1254 2610; x_wconf 92' lang='lat' dir='ltr'><strong>est,</strong></span> <span class='ocrx_word' id='word_1_165' title='bbox 1302 2560 1367 2600; x_wconf 82' lang='lat' dir='ltr'><strong>ex</strong></span> <span class='ocrx_word' id='word_1_166' title='bbox 1407 2563 1518 2616; x_wconf 85' lang='lat' dir='ltr'><strong>quo</strong></span> <span class='ocrx_word' id='word_1_167' title='bbox 1567 2562 1692 2602; x_wconf 90' lang='lat' dir='ltr'><strong>cum</strong></span> <span class='ocrx_word' id='word_1_168' title='bbox 1741 2547 1986 2604; x_wconf 85' lang='lat' dir='ltr'><strong>Ecclesia</strong></span> 
     </span>
    </p>
   </div>
   <div class='ocr_carea' id='block_1_26' title="bbox 411 2639 1984 2709">
    <p class='ocr_par' dir='ltr' id='par_1_26' title="bbox 411 2639 1984 2709">
     <span class='ocr_line' id='line_1_26' title="bbox 411 2639 1984 2709; baseline 0.001 -16"><span class='ocrx_word' id='word_1_169' title='bbox 411 2641 660 2694; x_wconf 73' lang='lat' dir='ltr'><strong>Romana</strong></span> <span class='ocrx_word' id='word_1_170' title='bbox 711 2639 997 2709; x_wconf 90' lang='lat' dir='ltr'><strong>conjuncti</strong></span> <span class='ocrx_word' id='word_1_171' title='bbox 1027 2645 1158 2692; x_wconf 84' lang='lat' dir='ltr'><strong>sunt</strong></span> <span class='ocrx_word' id='word_1_172' title='bbox 1211 2655 1225 2691; x_wconf 87' lang='lat'><strong>:</strong></span> <span class='ocrx_word' id='word_1_173' title='bbox 1267 2652 1336 2690; x_wconf 90' lang='lat' dir='ltr'><strong>an</strong></span> <span class='ocrx_word' id='word_1_174' title='bbox 1371 2652 1500 2693; x_wconf 88' lang='lat' dir='ltr'><strong>vero</strong></span> <span class='ocrx_word' id='word_1_175' title='bbox 1532 2653 1562 2691; x_wconf 92' lang='lat' dir='ltr'><strong>a</strong></span> <span class='ocrx_word' id='word_1_176' title='bbox 1602 2639 1800 2708; x_wconf 81' lang='lat' dir='ltr'><strong>priscis</strong></span> <span class='ocrx_word' id='word_1_177' title='bbox 1845 2649 1984 2694; x_wconf 84' lang='lat' dir='ltr'><strong>teut-</strong></span> 
     </span>
    </p>
   </div>
   <div class='ocr_carea' id='block_1_27' title="bbox 411 2726 1985 2801">
    <p class='ocr_par' dir='ltr' id='par_1_27' title="bbox 411 2726 1985 2801">
     <span class='ocr_line' id='line_1_27' title="bbox 411 2726 1985 2801; baseline -0.001 -15"><span class='ocrx_word' id='word_1_178' title='bbox 411 2731 641 2801; x_wconf 85' lang='lat' dir='ltr'><strong>poribus</strong></span> <span class='ocrx_word' id='word_1_179' title='bbox 693 2730 774 2786; x_wconf 85' lang='lat' dir='ltr'><strong>sic</strong></span> <span class='ocrx_word' id='word_1_180' title='bbox 827 2729 944 2784; x_wconf 89' lang='lat' dir='ltr'><strong>ﬁeri</strong></span> <span class='ocrx_word' id='word_1_181' title='bbox 1003 2727 1228 2783; x_wconf 85' lang='lat' dir='ltr'><strong>solitum</strong></span> <span class='ocrx_word' id='word_1_182' title='bbox 1295 2726 1462 2782; x_wconf 80' lang='lat' dir='ltr'><strong>fuerit</strong></span> <span class='ocrx_word' id='word_1_183' title='bbox 1512 2727 1658 2797; x_wconf 88' lang='lat' dir='ltr'><strong>apud</strong></span> <span class='ocrx_word' id='word_1_184' title='bbox 1719 2743 1848 2792; x_wconf 88' lang='lat' dir='ltr'><strong>eos,</strong></span> <span class='ocrx_word' id='word_1_185' title='bbox 1895 2745 1985 2786; x_wconf 83' lang='lat' dir='ltr'><strong>res</strong></span> 
     </span>
    </p>
   </div>
   <div class='ocr_carea' id='block_1_28' title="bbox 412 2814 1987 2889">
    <p class='ocr_par' dir='ltr' id='par_1_28' title="bbox 412 2814 1987 2889">
     <span class='ocr_line' id='line_1_28' title="bbox 412 2814 1987 2889; baseline -0.001 -14"><span class='ocrx_word' id='word_1_186' title='bbox 412 2821 596 2875; x_wconf 87' lang='lat' dir='ltr'><strong>adhuc</strong></span> <span class='ocrx_word' id='word_1_187' title='bbox 648 2821 703 2874; x_wconf 90' lang='lat' dir='ltr'><strong>in</strong></span> <span class='ocrx_word' id='word_1_188' title='bbox 759 2818 1016 2889; x_wconf 86' lang='lat' dir='ltr'><strong>ambiguo</strong></span> <span class='ocrx_word' id='word_1_189' title='bbox 1057 2829 1161 2872; x_wconf 91' lang='lat' dir='ltr'><strong>est.</strong></span> <span class='ocrx_word' id='word_1_190' title='bbox 1201 2814 1336 2870; x_wconf 85' lang='lat' dir='ltr'><strong>Nam</strong></span> <span class='ocrx_word' id='word_1_191' title='bbox 1381 2826 1678 2886; x_wconf 57' lang='lat' dir='ltr'><strong>suspectas,</strong></span> <span class='ocrx_word' id='word_1_192' title='bbox 1714 2819 1825 2874; x_wconf 86' lang='lat' dir='ltr'><strong>imo</strong></span> <span class='ocrx_word' id='word_1_193' title='bbox 1853 2819 1987 2874; x_wconf 86' lang='lat' dir='ltr'><strong>sub-</strong></span> 
     </span>
    </p>
   </div>
   <div class='ocr_carea' id='block_1_29' title="bbox 411 2908 1982 2977">
    <p class='ocr_par' dir='ltr' id='par_1_29' title="bbox 411 2908 1982 2977">
     <span class='ocr_line' id='line_1_29' title="bbox 411 2908 1982 2977; baseline -0.001 -9"><span class='ocrx_word' id='word_1_194' title='bbox 411 2914 566 2968; x_wconf 75' lang='lat' dir='ltr'><strong>lestte</strong></span> <span class='ocrx_word' id='word_1_195' title='bbox 616 2912 740 2966; x_wconf 83' lang='lat' dir='ltr'><strong>ﬁdei</strong></span> <span class='ocrx_word' id='word_1_196' title='bbox 811 2918 978 2972; x_wconf 89' lang='lat' dir='ltr'><strong>sunt,</strong></span> <span class='ocrx_word' id='word_1_197' title='bbox 1049 2915 1318 2977; x_wconf 88' lang='lat' dir='ltr'><strong>quotquot</strong></span> <span class='ocrx_word' id='word_1_198' title='bbox 1362 2908 1638 2962; x_wconf 90' lang='lat' dir='ltr'><strong>variorum</strong></span> <span class='ocrx_word' id='word_1_199' title='bbox 1696 2919 1982 2966; x_wconf 85' lang='lat' dir='ltr'><strong>auctorum</strong></span> 
     </span>
    </p>
   </div>
   <div class='ocr_carea' id='block_1_30' title="bbox 412 2998 1984 3070">
    <p class='ocr_par' dir='ltr' id='par_1_30' title="bbox 412 2998 1984 3070">
     <span class='ocr_line' id='line_1_30' title="bbox 412 2998 1984 3070; baseline 0 -14"><span class='ocrx_word' id='word_1_200' title='bbox 412 3003 733 3059; x_wconf 88' lang='lat' dir='ltr'><strong>nominibus</strong></span> <span class='ocrx_word' id='word_1_201' title='bbox 758 3002 1020 3070; x_wconf 85' lang='lat' dir='ltr'><strong>inscripta</strong></span> <span class='ocrx_word' id='word_1_202' title='bbox 1045 3000 1318 3055; x_wconf 84' lang='lat' dir='ltr'><strong>volumina</strong></span> <span class='ocrx_word' id='word_1_203' title='bbox 1347 2998 1628 3054; x_wconf 65' lang='lat' dir='ltr'><strong>Maronitae</strong></span> <span class='ocrx_word' id='word_1_204' title='bbox 1649 3001 1984 3058; x_wconf 88' lang='lat' dir='ltr'><strong>recentiores</strong></span> 
     </span>
    </p>
   </div>
   <div class='ocr_carea' id='block_1_31' title="bbox 409 3093 720 3165">
    <p class='ocr_par' dir='ltr' id='par_1_31' title="bbox 409 3093 720 3165">
     <span class='ocr_line' id='line_1_31' title="bbox 409 3093 720 3165; baseline 0 -17"><span class='ocrx_word' id='word_1_205' title='bbox 409 3093 720 3165; x_wconf 78' lang='lat' dir='ltr'><strong>proferunt.</strong></span> 
     </span>
    </p>
   </div>
   <div class='ocr_carea' id='block_1_32' title="bbox 483 3182 1983 3254">
    <p class='ocr_par' dir='ltr' id='par_1_32' title="bbox 483 3182 1983 3254">
     <span class='ocr_line' id='line_1_32' title="bbox 483 3182 1983 3254; baseline -0.001 -14"><span class='ocrx_word' id='word_1_206' title='bbox 483 3185 726 3241; x_wconf 74' lang='lat' dir='ltr'><strong>XXXIV.</strong></span> <span class='ocrx_word' id='word_1_207' title='bbox 757 3184 868 3240; x_wconf 85' lang='lat' dir='ltr'><strong>Leo</strong></span> <span class='ocrx_word' id='word_1_208' title='bbox 902 3183 1171 3254; x_wconf 66' lang='lat' dir='ltr'><strong>Bulgaria:</strong></span> <span class='ocrx_word' id='word_1_209' title='bbox 1211 3182 1682 3254; x_wconf 84' lang='lat' dir='ltr'><strong>archiepiscopus,</strong></span> <span class='ocrx_word' id='word_1_210' title='bbox 1718 3182 1983 3238; x_wconf 81' lang='lat' dir='ltr'><strong>Achrida-</strong></span> 
     </span>
    </p>
   </div>
   <div class='ocr_carea' id='block_1_33' title="bbox 407 3274 1984 3346">
    <p class='ocr_par' dir='ltr' id='par_1_33' title="bbox 407 3274 1984 3346">
     <span class='ocr_line' id='line_1_33' title="bbox 407 3274 1984 3346; baseline -0.003 -12"><span class='ocrx_word' id='word_1_211' title='bbox 407 3295 516 3335; x_wconf 88' lang='lat' dir='ltr'><strong>nus</strong></span> <span class='ocrx_word' id='word_1_212' title='bbox 540 3277 818 3340; x_wconf 86' lang='lat' dir='ltr'><strong>videlicet,</strong></span> <span class='ocrx_word' id='word_1_213' title='bbox 853 3275 906 3329; x_wconf 88' lang='lat' dir='ltr'><strong>in</strong></span> <span class='ocrx_word' id='word_1_214' title='bbox 932 3275 1162 3346; x_wconf 89' lang='lat' dir='ltr'><strong>epistola</strong></span> <span class='ocrx_word' id='word_1_215' title='bbox 1193 3275 1354 3344; x_wconf 89' lang='lat' dir='ltr'><strong>cujus</strong></span> <span class='ocrx_word' id='word_1_216' title='bbox 1393 3274 1699 3346; x_wconf 78' lang='lat' dir='ltr'><strong>fragmenta</strong></span> <span class='ocrx_word' id='word_1_217' title='bbox 1748 3274 1984 3329; x_wconf 79' lang='lat' dir='ltr'><strong>Allatius</strong></span> 
     </span>
    </p>
   </div>
   <div class='ocr_carea' id='block_1_34' title="bbox 403 3365 1983 3437">
    <p class='ocr_par' dir='ltr' id='par_1_34' title="bbox 403 3365 1983 3437">
     <span class='ocr_line' id='line_1_34' title="bbox 403 3365 1983 3437; baseline -0.002 -13"><span class='ocrx_word' id='word_1_218' title='bbox 403 3371 552 3427; x_wconf 82' lang='lat' dir='ltr'><strong>libro</strong></span> <span class='ocrx_word' id='word_1_219' title='bbox 583 3385 666 3430; x_wconf 89' lang='lat' dir='ltr'><strong>Ill,</strong></span> <span class='ocrx_word' id='word_1_220' title='bbox 691 3367 764 3421; x_wconf 86' lang='lat' dir='ltr'><strong>De</strong></span> <span class='ocrx_word' id='word_1_221' title='bbox 793 3383 1030 3422; x_wconf 70' lang='lat' dir='ltr'><strong>consciis.</strong></span> <span class='ocrx_word' id='word_1_222' title='bbox 1059 3381 1183 3437; x_wconf 87' lang='lat' dir='ltr'><strong>cap.</strong></span> <span class='ocrx_word' id='word_1_223' title='bbox 1216 3367 1283 3421; x_wconf 79' lang='grc'>14</span> <span class='ocrx_word' id='word_1_224' title='bbox 1330 3366 1547 3427; x_wconf 88' lang='lat' dir='ltr'><strong>recitat.</strong></span> <span class='ocrx_word' id='word_1_225' title='bbox 1569 3365 1736 3420; x_wconf 86' lang='lat' dir='ltr'><strong>Italos</strong></span> <span class='ocrx_word' id='word_1_226' title='bbox 1787 3365 1983 3421; x_wconf 79' lang='lat' dir='ltr'><strong>Arme-</strong></span> 
     </span>
    </p>
   </div>
   <div class='ocr_carea' id='block_1_35' title="bbox 409 3455 1983 3530">
    <p class='ocr_par' dir='ltr' id='par_1_35' title="bbox 409 3455 1983 3530">
     <span class='ocr_line' id='line_1_35' title="bbox 409 3455 1983 3530; baseline -0.004 -14"><span class='ocrx_word' id='word_1_227' title='bbox 409 3475 509 3518; x_wconf 89' lang='lat' dir='ltr'><strong>nos</strong></span> <span class='ocrx_word' id='word_1_228' title='bbox 535 3468 589 3516; x_wconf 91' lang='lat' dir='ltr'><strong>et</strong></span> <span class='ocrx_word' id='word_1_229' title='bbox 617 3459 902 3530; x_wconf 56' lang='lat' dir='ltr'><strong>[Egyptios</strong></span> <span class='ocrx_word' id='word_1_230' title='bbox 940 3473 1066 3512; x_wconf 91' lang='lat' dir='ltr'><strong>cum</strong></span> <span class='ocrx_word' id='word_1_231' title='bbox 1099 3455 1304 3512; x_wconf 71' lang='lat' dir='ltr'><strong>Judmis</strong></span> <span class='ocrx_word' id='word_1_232' title='bbox 1333 3455 1626 3512; x_wconf 89' lang='lat' dir='ltr'><strong>convenire</strong></span> <span class='ocrx_word' id='word_1_233' title='bbox 1650 3457 1746 3520; x_wconf 91' lang='lat' dir='ltr'><strong>ait,</strong></span> <span class='ocrx_word' id='word_1_234' title='bbox 1771 3465 1983 3524; x_wconf 84' lang='lat' dir='ltr'><strong>propter</strong></span> 
     </span>
    </p>
   </div>
   <div class='ocr_carea' id='block_1_36' title="bbox 406 3547 1982 3620">
    <p class='ocr_par' dir='ltr' id='par_1_36' title="bbox 406 3547 1982 3620">
     <span class='ocr_line' id='line_1_36' title="bbox 406 3547 1982 3620; baseline -0.004 -11"><span class='ocrx_word' id='word_1_235' title='bbox 406 3552 728 3608; x_wconf 76' lang='lat' dir='ltr'><strong>oblationem</strong></span> <span class='ocrx_word' id='word_1_236' title='bbox 759 3566 1102 3620; x_wconf 78' lang='lat' dir='ltr'><strong>azymorum,</strong></span> <span class='ocrx_word' id='word_1_237' title='bbox 1133 3549 1381 3617; x_wconf 85' lang='lat' dir='ltr'><strong>adeoque</strong></span> <span class='ocrx_word' id='word_1_238' title='bbox 1401 3563 1461 3603; x_wconf 85' lang='lat' dir='ltr'><strong>se</strong></span> <span class='ocrx_word' id='word_1_239' title='bbox 1495 3562 1735 3618; x_wconf 84' lang='lat' dir='ltr'><strong>suosque</strong></span> <span class='ocrx_word' id='word_1_240' title='bbox 1760 3547 1982 3603; x_wconf 72' lang='lat' dir='ltr'><strong>Graecos</strong></span> 
     </span>
    </p>
   </div>
   <div class='ocr_carea' id='block_1_37' title="bbox 406 3639 1980 3714">
    <p class='ocr_par' dir='ltr' id='par_1_37' title="bbox 406 3639 1980 3714">
     <span class='ocr_line' id='line_1_37' title="bbox 406 3639 1980 3714; baseline -0.004 -15"><span class='ocrx_word' id='word_1_241' title='bbox 406 3645 609 3714; x_wconf 78' lang='lat' dir='ltr'><strong>fugere,</strong></span> <span class='ocrx_word' id='word_1_242' title='bbox 635 3643 695 3696; x_wconf 82' lang='grc' dir='ltr'><strong>τὸ</strong></span> <span class='ocrx_word' id='word_1_243' title='bbox 715 3641 986 3704; x_wconf 60' lang='grc' dir='ltr'><strong>δυσῶδες</strong></span> <span class='ocrx_word' id='word_1_244' title='bbox 1011 3640 1128 3709; x_wconf 73' lang='grc' dir='ltr'><strong>ἅμα</strong></span> <span class='ocrx_word' id='word_1_245' title='bbox 1157 3640 1250 3693; x_wconf 77' lang='grc' dir='ltr'><strong>καὶ</strong></span> <span class='ocrx_word' id='word_1_246' title='bbox 1272 3639 1514 3703; x_wconf 84' lang='grc' dir='ltr'><strong>δυσειδὲς</strong></span> <span class='ocrx_word' id='word_1_247' title='bbox 1535 3640 1634 3710; x_wconf 81' lang='grc' dir='ltr'><strong>τῆς</strong></span> <span class='ocrx_word' id='word_1_248' title='bbox 1675 3640 1980 3707; x_wconf 76' lang='grc' dir='ltr'><strong>Αἰγυπτια-</strong></span> 
     </span>
    </p>
   </div>
   <div class='ocr_carea' id='block_1_38' title="bbox 406 3730 1980 3803">
    <p class='ocr_par' dir='ltr' id='par_1_38' title="bbox 406 3730 1980 3803">
     <span class='ocr_line' id='line_1_38' title="bbox 406 3730 1980 3803; baseline -0.003 -16"><span class='ocrx_word' id='word_1_249' title='bbox 406 3733 510 3803; x_wconf 82' lang='grc' dir='ltr'><strong>κῆς</strong></span> <span class='ocrx_word' id='word_1_250' title='bbox 546 3731 744 3795; x_wconf 75' lang='grc' dir='ltr'><strong>κακίας</strong></span> <span class='ocrx_word' id='word_1_251' title='bbox 776 3730 935 3785; x_wconf 82' lang='grc' dir='ltr'><strong>ἄθεον</strong></span> <span class='ocrx_word' id='word_1_252' title='bbox 965 3730 1222 3800; x_wconf 74' lang='grc' dir='ltr'><strong>φύραμα,</strong></span> <span class='ocrx_word' id='word_1_253' title='bbox 1247 3730 1631 3800; x_wconf 81' lang='lat' dir='ltr'><strong>graveolentem</strong></span> <span class='ocrx_word' id='word_1_254' title='bbox 1662 3731 1980 3798; x_wconf 78' lang='lat' dir='ltr'><strong>deformem-</strong></span> 
     </span>
    </p>
   </div>
   <div class='ocr_carea' id='block_1_39' title="bbox 402 3818 1979 3891">
    <p class='ocr_par' dir='ltr' id='par_1_39' title="bbox 402 3818 1979 3891">
     <span class='ocr_line' id='line_1_39' title="bbox 402 3818 1979 3891; baseline -0.003 -15"><span class='ocrx_word' id='word_1_255' title='bbox 402 3837 502 3886; x_wconf 67' lang='grc' dir='ltr'><strong><em>ην</em></strong></span> <span class='ocrx_word' id='word_1_256' title='bbox 525 3818 857 3891; x_wconf 63' lang='lat' dir='ltr'><strong>Egyptian:</strong></span> <span class='ocrx_word' id='word_1_257' title='bbox 882 3819 1126 3889; x_wconf 73' lang='lat' dir='ltr'><strong>nequitiae</strong></span> <span class='ocrx_word' id='word_1_258' title='bbox 1160 3835 1392 3872; x_wconf 85' lang='lat' dir='ltr'><strong>massam</strong></span> <span class='ocrx_word' id='word_1_259' title='bbox 1426 3819 1663 3888; x_wconf 80' lang='lat' dir='ltr'><strong>impiam.</strong></span> <span class='ocrx_word' id='word_1_260' title='bbox 1692 3818 1979 3875; x_wconf 88' lang='lat' dir='ltr'><strong>Putaverit</strong></span> 
     </span>
    </p>
   </div>
   <div class='ocr_carea' id='block_1_40' title="bbox 404 3908 1980 3981">
    <p class='ocr_par' dir='ltr' id='par_1_40' title="bbox 404 3908 1980 3981">
     <span class='ocr_line' id='line_1_40' title="bbox 404 3908 1980 3981; baseline 0 -15"><span class='ocrx_word' id='word_1_261' title='bbox 404 3911 608 3981; x_wconf 84' lang='lat' dir='ltr'><strong>aliquis</strong></span> <span class='ocrx_word' id='word_1_262' title='bbox 641 3910 926 3981; x_wconf 68' lang='lat' dir='ltr'><strong>Egyptias</strong></span> <span class='ocrx_word' id='word_1_263' title='bbox 959 3910 1082 3963; x_wconf 89' lang='lat' dir='ltr'><strong>illos</strong></span> <span class='ocrx_word' id='word_1_264' title='bbox 1119 3909 1173 3962; x_wconf 90' lang='lat' dir='ltr'><strong>in</strong></span> <span class='ocrx_word' id='word_1_265' title='bbox 1219 3925 1361 3979; x_wconf 88' lang='lat' dir='ltr'><strong>quos</strong></span> <span class='ocrx_word' id='word_1_266' title='bbox 1389 3908 1498 3964; x_wconf 88' lang='lat' dir='ltr'><strong>Leo</strong></span> <span class='ocrx_word' id='word_1_267' title='bbox 1540 3918 1651 3964; x_wconf 90' lang='lat' dir='ltr'><strong>tam</strong></span> <span class='ocrx_word' id='word_1_268' title='bbox 1694 3911 1980 3966; x_wconf 79' lang='lat' dir='ltr'><strong>vehemen-</strong></span> 
     </span>
    </p>
   </div>
   <div class='ocr_carea' id='block_1_41' title="bbox 405 4001 1974 4068">
    <p class='ocr_par' dir='ltr' id='par_1_41' title="bbox 405 4001 1974 4068">
     <span class='ocr_line' id='line_1_41' title="bbox 405 4001 1974 4068; baseline 0 -10"><span class='ocrx_word' id='word_1_269' title='bbox 405 4016 491 4058; x_wconf 90' lang='lat' dir='ltr'><strong>ter</strong></span> <span class='ocrx_word' id='word_1_270' title='bbox 522 4001 820 4067; x_wconf 82' lang='lat' dir='ltr'><strong>invehitur,</strong></span> <span class='ocrx_word' id='word_1_271' title='bbox 851 4016 961 4056; x_wconf 90' lang='lat' dir='ltr'><strong>non</strong></span> <span class='ocrx_word' id='word_1_272' title='bbox 1007 4001 1344 4057; x_wconf 80' lang='lat' dir='ltr'><strong>orthodoxos</strong></span> <span class='ocrx_word' id='word_1_273' title='bbox 1383 4001 1740 4058; x_wconf 81' lang='lat' dir='ltr'><strong>Melcbitasve</strong></span> <span class='ocrx_word' id='word_1_274' title='bbox 1783 4003 1974 4068; x_wconf 81' lang='lat' dir='ltr'><strong>fuisse,</strong></span> 
     </span>
    </p>
   </div>
   <div class='ocr_carea' id='block_1_42' title="bbox 403 4090 1978 4162">
    <p class='ocr_par' dir='ltr' id='par_1_42' title="bbox 403 4090 1978 4162">
     <span class='ocr_line' id='line_1_42' title="bbox 403 4090 1978 4162; baseline -0.003 -12"><span class='ocrx_word' id='word_1_275' title='bbox 403 4091 502 4150; x_wconf 84' lang='lat' dir='ltr'><strong>sed</strong></span> <span class='ocrx_word' id='word_1_276' title='bbox 527 4091 808 4148; x_wconf 83' lang='lat' dir='ltr'><strong>Jacobitas</strong></span> <span class='ocrx_word' id='word_1_277' title='bbox 849 4107 945 4148; x_wconf 88' lang='lat' dir='ltr'><strong>seu</strong></span> <span class='ocrx_word' id='word_1_278' title='bbox 989 4090 1239 4162; x_wconf 82' lang='lat' dir='ltr'><strong>Captitas</strong></span> <span class='ocrx_word' id='word_1_279' title='bbox 1289 4092 1599 4148; x_wconf 75' lang='lat' dir='ltr'><strong>haereticos.</strong></span> <span class='ocrx_word' id='word_1_280' title='bbox 1632 4091 1832 4148; x_wconf 84' lang='lat' dir='ltr'><strong>Verum</strong></span> <span class='ocrx_word' id='word_1_281' title='bbox 1875 4091 1978 4146; x_wconf 64' lang='lat' dir='ltr'><strong>Mi-</strong></span> 
     </span>
    </p>
   </div>
   <div class='ocr_carea' id='block_1_43' title="bbox 403 4184 1976 4254">
    <p class='ocr_par' dir='ltr' id='par_1_43' title="bbox 403 4184 1976 4254">
     <span class='ocr_line' id='line_1_43' title="bbox 403 4184 1976 4254; baseline 0 -14"><span class='ocrx_word' id='word_1_282' title='bbox 403 4186 557 4242; x_wconf 86' lang='lat' dir='ltr'><strong>cbael</strong></span> <span class='ocrx_word' id='word_1_283' title='bbox 585 4185 926 4252; x_wconf 81' lang='lat' dir='ltr'><strong>Cerularius,</strong></span> <span class='ocrx_word' id='word_1_284' title='bbox 960 4184 1121 4254; x_wconf 81' lang='lat' dir='ltr'><strong>cujus</strong></span> <span class='ocrx_word' id='word_1_285' title='bbox 1149 4199 1209 4240; x_wconf 89' lang='lat' dir='ltr'><strong>se</strong></span> <span class='ocrx_word' id='word_1_286' title='bbox 1238 4184 1448 4239; x_wconf 86' lang='lat' dir='ltr'><strong>socium</strong></span> <span class='ocrx_word' id='word_1_287' title='bbox 1478 4187 1532 4238; x_wconf 93' lang='lat' dir='ltr'><strong>in</strong></span> <span class='ocrx_word' id='word_1_288' title='bbox 1558 4185 1856 4241; x_wconf 88' lang='lat' dir='ltr'><strong>schismate</strong></span> <span class='ocrx_word' id='word_1_289' title='bbox 1887 4186 1976 4240; x_wconf 91' lang='lat' dir='ltr'><strong>hic</strong></span> 
     </span>
    </p>
   </div>
   <div class='ocr_carea' id='block_1_44' title="bbox 399 4277 1975 4347">
    <p class='ocr_par' dir='ltr' id='par_1_44' title="bbox 399 4277 1975 4347">
     <span class='ocr_line' id='line_1_44' title="bbox 399 4277 1975 4347; baseline -0.001 -14"><span class='ocrx_word' id='word_1_290' title='bbox 399 4279 599 4347; x_wconf 73' lang='lat' dir='ltr'><strong>pratsul</strong></span> <span class='ocrx_word' id='word_1_291' title='bbox 628 4278 983 4333; x_wconf 72' lang='lat' dir='ltr'><strong>Achridanns</strong></span> <span class='ocrx_word' id='word_1_292' title='bbox 1021 4277 1278 4347; x_wconf 63' lang='lat' dir='ltr'><strong>prwbuit,</strong></span> <span class='ocrx_word' id='word_1_293' title='bbox 1317 4277 1526 4333; x_wconf 85' lang='lat' dir='ltr'><strong>diserte</strong></span> <span class='ocrx_word' id='word_1_294' title='bbox 1567 4278 1706 4333; x_wconf 86' lang='lat' dir='ltr'><strong>satis</strong></span> <span class='ocrx_word' id='word_1_295' title='bbox 1729 4278 1975 4332; x_wconf 89' lang='lat' dir='ltr'><strong>declarat</strong></span> 
     </span>
    </p>
   </div>
   <div class='ocr_carea' id='block_1_45' title="bbox 401 4369 1973 4444">
    <p class='ocr_par' dir='ltr' id='par_1_45' title="bbox 401 4369 1973 4444">
     <span class='ocr_line' id='line_1_45' title="bbox 401 4369 1973 4444; baseline -0.001 -18"><span class='ocrx_word' id='word_1_296' title='bbox 401 4370 690 4442; x_wconf 67' lang='lat' dir='ltr'><strong>Egyptios</strong></span> <span class='ocrx_word' id='word_1_297' title='bbox 728 4372 852 4426; x_wconf 90' lang='lat' dir='ltr'><strong>illos</strong></span> <span class='ocrx_word' id='word_1_298' title='bbox 881 4371 1164 4444; x_wconf 8' lang='lat' dir='ltr'><strong>aliosqnon</strong></span> <span class='ocrx_word' id='word_1_299' title='bbox 1199 4369 1368 4426; x_wconf 78' lang='lat' dir='ltr'><strong>fuisse</strong></span> <span class='ocrx_word' id='word_1_300' title='bbox 1401 4384 1433 4425; x_wconf 89' lang='lat' dir='ltr'><strong>a</strong></span> <span class='ocrx_word' id='word_1_301' title='bbox 1459 4377 1628 4425; x_wconf 66' lang='lat' dir='ltr'><strong>rectae</strong></span> <span class='ocrx_word' id='word_1_302' title='bbox 1668 4369 1792 4425; x_wconf 87' lang='lat' dir='ltr'><strong>ﬁdei</strong></span> <span class='ocrx_word' id='word_1_303' title='bbox 1833 4385 1973 4439; x_wconf 87' lang='lat' dir='ltr'><strong>pro-</strong></span> 
     </span>
    </p>
   </div>
   <div class='ocr_carea' id='block_1_46' title="bbox 401 4460 1969 4533">
    <p class='ocr_par' dir='ltr' id='par_1_46' title="bbox 401 4460 1969 4533">
     <span class='ocr_line' id='line_1_46' title="bbox 401 4460 1969 4533; baseline 0.001 -19"><span class='ocrx_word' id='word_1_304' title='bbox 401 4461 723 4517; x_wconf 69' lang='lat' dir='ltr'><strong>fessoribus.</strong></span> <span class='ocrx_word' id='word_1_305' title='bbox 780 4462 872 4516; x_wconf 76' lang='lat' dir='ltr'><strong>Sic</strong></span> <span class='ocrx_word' id='word_1_306' title='bbox 920 4462 1066 4516; x_wconf 92' lang='lat' dir='ltr'><strong>enim</strong></span> <span class='ocrx_word' id='word_1_307' title='bbox 1125 4463 1371 4532; x_wconf 86' lang='lat' dir='ltr'><strong>loquitur</strong></span> <span class='ocrx_word' id='word_1_308' title='bbox 1411 4463 1574 4533; x_wconf 86' lang='lat' dir='ltr'><strong>epist.</strong></span> <span class='ocrx_word' id='word_1_309' title='bbox 1625 4461 1693 4516; x_wconf 91' lang='lat' dir='ltr'><strong>ad</strong></span> <span class='ocrx_word' id='word_1_310' title='bbox 1749 4460 1969 4517; x_wconf 87' lang='lat' dir='ltr'><strong>Petrum</strong></span> 
     </span>
    </p>
   </div>
   <div class='ocr_carea' id='block_1_47' title="bbox 397 4551 1971 4623">
    <p class='ocr_par' dir='ltr' id='par_1_47' title="bbox 397 4551 1971 4623">
     <span class='ocr_line' id='line_1_47' title="bbox 397 4551 1971 4623; baseline -0.001 -17"><span class='ocrx_word' id='word_1_311' title='bbox 397 4552 826 4617; x_wconf 82' lang='lat' dir='ltr'><strong>Atttiochenutn,</strong></span> <span class='ocrx_word' id='word_1_312' title='bbox 870 4569 926 4606; x_wconf 93' lang='lat' dir='ltr'><strong>n.</strong></span> <span class='ocrx_word' id='word_1_313' title='bbox 965 4553 1030 4607; x_wconf 83' lang='grc'><strong>10</strong></span> <span class='ocrx_word' id='word_1_314' title='bbox 1065 4573 1077 4608; x_wconf 92' lang='lat'><strong><em>:</em></strong></span> <span class='ocrx_word' id='word_1_315' title='bbox 1120 4551 1304 4623; x_wconf 81' lang='lat' dir='ltr'><strong>Neque</strong></span> <span class='ocrx_word' id='word_1_316' title='bbox 1330 4571 1447 4608; x_wconf 79' lang='lat' dir='ltr'><strong>vero</strong></span> <span class='ocrx_word' id='word_1_317' title='bbox 1477 4553 1574 4608; x_wconf 86' lang='lat' dir='ltr'><strong>hoc</strong></span> <span class='ocrx_word' id='word_1_318' title='bbox 1595 4555 1874 4608; x_wconf 67' lang='lat' dir='ltr'><strong>duntaxat</strong></span> <span class='ocrx_word' id='word_1_319' title='bbox 1902 4554 1971 4606; x_wconf 87' lang='lat' dir='ltr'><strong>ad</strong></span> 
     </span>
    </p>
   </div>
   <div class='ocr_carea' id='block_1_48' title="bbox 399 4641 1969 4713">
    <p class='ocr_par' dir='ltr' id='par_1_48' title="bbox 399 4641 1969 4713">
     <span class='ocr_line' id='line_1_48' title="bbox 399 4641 1969 4713; baseline 0.002 -20"><span class='ocrx_word' id='word_1_320' title='bbox 399 4652 607 4697; x_wconf 84' lang='lat' dir='ltr'><strong>nostras</strong></span> <span class='ocrx_word' id='word_1_321' title='bbox 640 4658 796 4698; x_wconf 87' lang='lat' dir='ltr'><strong>aures</strong></span> <span class='ocrx_word' id='word_1_322' title='bbox 823 4645 1053 4710; x_wconf 79' lang='lat' dir='ltr'><strong>pervenit</strong></span> <span class='ocrx_word' id='word_1_323' title='bbox 1094 4641 1244 4713; x_wconf 87' lang='lat' dir='ltr'><strong>(puta</strong></span> <span class='ocrx_word' id='word_1_324' title='bbox 1280 4641 1714 4697; x_wconf 78' lang='lat' dir='ltr'><strong>Alexandrinum</strong></span> <span class='ocrx_word' id='word_1_325' title='bbox 1747 4650 1807 4696; x_wconf 88' lang='lat' dir='ltr'><strong>ct</strong></span> <span class='ocrx_word' id='word_1_326' title='bbox 1838 4641 1969 4696; x_wconf 87' lang='lat' dir='ltr'><strong>Ilie-</strong></span> 
     </span>
    </p>
   </div>
   <div class='ocr_carea' id='block_1_49' title="bbox 399 4726 1968 4800">
    <p class='ocr_par' dir='ltr' id='par_1_49' title="bbox 399 4726 1968 4800">
     <span class='ocr_line' id='line_1_49' title="bbox 399 4726 1968 4800; baseline 0 -18"><span class='ocrx_word' id='word_1_327' title='bbox 399 4729 850 4800; x_wconf 79' lang='lat' dir='ltr'><strong>rosolymitanum</strong></span> <span class='ocrx_word' id='word_1_328' title='bbox 902 4730 1247 4798; x_wconf 82' lang='lat' dir='ltr'><strong>patriarchas</strong></span> <span class='ocrx_word' id='word_1_329' title='bbox 1299 4726 1530 4783; x_wconf 79' lang='lat' dir='ltr'><strong>Romani</strong></span> <span class='ocrx_word' id='word_1_330' title='bbox 1565 4729 1840 4798; x_wconf 79' lang='lat' dir='ltr'><strong>pontiﬁcis</strong></span> <span class='ocrx_word' id='word_1_331' title='bbox 1870 4744 1968 4782; x_wconf 89' lang='lat' dir='ltr'><strong>no-</strong></span> 
     </span>
    </p>
   </div>
   <div class='ocr_carea' id='block_1_50' title="bbox 397 4819 1967 4892">
    <p class='ocr_par' dir='ltr' id='par_1_50' title="bbox 397 4819 1967 4892">
     <span class='ocr_line' id='line_1_50' title="bbox 397 4819 1967 4892; baseline -0.002 -17"><span class='ocrx_word' id='word_1_332' title='bbox 397 4838 519 4877; x_wconf 85' lang='lat' dir='ltr'><strong>men</strong></span> <span class='ocrx_word' id='word_1_333' title='bbox 558 4823 896 4892; x_wconf 85' lang='lat' dir='ltr'><strong>descriptum</strong></span> <span class='ocrx_word' id='word_1_334' title='bbox 945 4823 999 4876; x_wconf 91' lang='lat' dir='ltr'><strong>in</strong></span> <span class='ocrx_word' id='word_1_335' title='bbox 1049 4821 1328 4892; x_wconf 85' lang='lat' dir='ltr'><strong>diptychis</strong></span> <span class='ocrx_word' id='word_1_336' title='bbox 1375 4821 1626 4889; x_wconf 76' lang='lat' dir='ltr'><strong>habere),</strong></span> <span class='ocrx_word' id='word_1_337' title='bbox 1670 4819 1758 4872; x_wconf 80' lang='lat' dir='ltr'><strong>sed</strong></span> <span class='ocrx_word' id='word_1_338' title='bbox 1807 4820 1967 4872; x_wconf 85' lang='lat' dir='ltr'><strong>etiam</strong></span> 
     </span>
    </p>
   </div>
   <div class='ocr_carea' id='block_1_51' title="bbox 394 4909 1966 4986">
    <p class='ocr_par' dir='ltr' id='par_1_51' title="bbox 394 4909 1966 4986">
     <span class='ocr_line' id='line_1_51' title="bbox 394 4909 1966 4986; baseline -0.001 -22"><span class='ocrx_word' id='word_1_339' title='bbox 394 4912 530 4980; x_wconf 88' lang='lat' dir='ltr'><strong>quod</strong></span> <span class='ocrx_word' id='word_1_340' title='bbox 569 4912 676 4966; x_wconf 75' lang='lat' dir='ltr'><strong>duo</strong></span> <span class='ocrx_word' id='word_1_341' title='bbox 728 4913 1005 4974; x_wconf 72' lang='lat' dir='ltr'><strong>memorati</strong></span> <span class='ocrx_word' id='word_1_342' title='bbox 1048 4911 1343 4980; x_wconf 87' lang='lat' dir='ltr'><strong>pontiﬁces,</strong></span> <span class='ocrx_word' id='word_1_343' title='bbox 1383 4926 1490 4986; x_wconf 81' lang='lat' dir='ltr'><strong>non</strong></span> <span class='ocrx_word' id='word_1_344' title='bbox 1538 4909 1693 4961; x_wconf 86' lang='lat' dir='ltr'><strong>modo</strong></span> <span class='ocrx_word' id='word_1_345' title='bbox 1731 4909 1966 4962; x_wconf 75' lang='lat' dir='ltr'><strong>homines</strong></span> 
     </span>
    </p>
   </div>
   <div class='ocr_carea' id='block_1_52' title="bbox 395 5000 1968 5070">
    <p class='ocr_par' dir='ltr' id='par_1_52' title="bbox 395 5000 1968 5070">
     <span class='ocr_line' id='line_1_52' title="bbox 395 5000 1968 5070; baseline -0.002 -17"><span class='ocrx_word' id='word_1_346' title='bbox 395 5002 530 5055; x_wconf 87' lang='lat' dir='ltr'><strong>alios</strong></span> <span class='ocrx_word' id='word_1_347' title='bbox 565 5003 972 5070; x_wconf 76' lang='lat' dir='ltr'><strong>azymaedcntes</strong></span> <span class='ocrx_word' id='word_1_348' title='bbox 1005 5003 1279 5070; x_wconf 84' lang='lat' dir='ltr'><strong>recipiunt,</strong></span> <span class='ocrx_word' id='word_1_349' title='bbox 1306 5000 1424 5054; x_wconf 77' lang='grc' dir='ltr'>ἀλλ’</span> <span class='ocrx_word' id='word_1_350' title='bbox 1453 5000 1598 5052; x_wconf 81' lang='grc' dir='ltr'><strong>ἔστιν</strong></span> <span class='ocrx_word' id='word_1_351' title='bbox 1625 5001 1712 5053; x_wconf 81' lang='grc' dir='ltr'><strong>ὅτε</strong></span> <span class='ocrx_word' id='word_1_352' title='bbox 1733 5000 1836 5052; x_wconf 76' lang='grc' dir='ltr'><strong>,καὶ</strong></span> <span class='ocrx_word' id='word_1_353' title='bbox 1872 5000 1968 5052; x_wconf 82' lang='grc' dir='ltr'><strong>αὑ-</strong></span> 
     </span>
    </p>
   </div>
   <div class='ocr_carea' id='block_1_53' title="bbox 392 5085 1966 5161">
    <p class='ocr_par' dir='ltr' id='par_1_53' title="bbox 392 5085 1966 5161">
     <span class='ocr_line' id='line_1_53' title="bbox 392 5085 1966 5161; baseline -0.002 -17"><span class='ocrx_word' id='word_1_354' title='bbox 392 5092 473 5144; x_wconf 73' lang='grc' dir='ltr'><strong>τοὶ</strong></span> <span class='ocrx_word' id='word_1_355' title='bbox 505 5090 572 5144; x_wconf 83' lang='grc' dir='ltr'><strong>δι’</strong></span> <span class='ocrx_word' id='word_1_356' title='bbox 602 5085 831 5161; x_wconf 80' lang='grc' dir='ltr'><strong>ἀζύμων</strong></span> <span class='ocrx_word' id='word_1_357' title='bbox 867 5091 1147 5143; x_wconf 74' lang='grc' dir='ltr'><strong>ἐκτελοῦσι-</strong></span> <span class='ocrx_word' id='word_1_358' title='bbox 1193 5090 1604 5160; x_wconf 75' lang='grc' dir='ltr'><strong>μυσταγωγίαν,</strong></span> <span class='ocrx_word' id='word_1_359' title='bbox 1637 5089 1728 5142; x_wconf 85' lang='lat' dir='ltr'><strong>sed</strong></span> <span class='ocrx_word' id='word_1_360' title='bbox 1782 5099 1830 5142; x_wconf 92' lang='lat' dir='ltr'><strong>et</strong></span> <span class='ocrx_word' id='word_1_361' title='bbox 1867 5090 1966 5157; x_wconf 83' lang='lat' dir='ltr'><strong>ipsi</strong></span> 
     </span>
    </p>
   </div>
   <div class='ocr_carea' id='block_1_54' title="bbox 391 5182 1969 5254">
    <p class='ocr_par' dir='ltr' id='par_1_54' title="bbox 391 5182 1969 5254">
     <span class='ocr_line' id='line_1_54' title="bbox 391 5182 1969 5254; baseline 0.001 -18"><span class='ocrx_word' id='word_1_362' title='bbox 391 5201 591 5254; x_wconf 83' lang='lat' dir='ltr'><strong>quoque</strong></span> <span class='ocrx_word' id='word_1_363' title='bbox 633 5184 896 5238; x_wconf 79' lang='lat' dir='ltr'><strong>interdum</strong></span> <span class='ocrx_word' id='word_1_364' title='bbox 946 5185 998 5237; x_wconf 85' lang='lat' dir='ltr'><strong>in</strong></span> <span class='ocrx_word' id='word_1_365' title='bbox 1051 5184 1256 5253; x_wconf 77' lang='lat' dir='ltr'><strong>azymis</strong></span> <span class='ocrx_word' id='word_1_366' title='bbox 1300 5183 1476 5236; x_wconf 74' lang='lat' dir='ltr'><strong>dicina</strong></span> <span class='ocrx_word' id='word_1_367' title='bbox 1525 5182 1777 5253; x_wconf 81' lang='lat' dir='ltr'><strong>mysteria</strong></span> <span class='ocrx_word' id='word_1_368' title='bbox 1819 5198 1969 5237; x_wconf 77' lang='lat' dir='ltr'><strong>exse-</strong></span> 
     </span>
    </p>
   </div>
   <div class='ocr_carea' id='block_1_55' title="bbox 389 5273 1963 5341">
    <p class='ocr_par' dir='ltr' id='par_1_55' title="bbox 389 5273 1963 5341">
     <span class='ocr_line' id='line_1_55' title="bbox 389 5273 1963 5341; baseline 0.001 -13"><span class='ocrx_word' id='word_1_369' title='bbox 389 5287 644 5341; x_wconf 84' lang='lat' dir='ltr'><strong>quttnlur.</strong></span> <span class='ocrx_word' id='word_1_370' title='bbox 695 5273 907 5330; x_wconf 79' lang='lat' dir='ltr'><strong>Rumor</strong></span> <span class='ocrx_word' id='word_1_371' title='bbox 967 5276 1072 5331; x_wconf 89' lang='lat' dir='ltr'><strong>istc</strong></span> <span class='ocrx_word' id='word_1_372' title='bbox 1121 5291 1379 5340; x_wconf 85' lang='lat' dir='ltr'><strong>verusne,</strong></span> <span class='ocrx_word' id='word_1_373' title='bbox 1434 5290 1502 5328; x_wconf 90' lang='lat' dir='ltr'><strong>an</strong></span> <span class='ocrx_word' id='word_1_374' title='bbox 1561 5274 1730 5329; x_wconf 81' lang='lat' dir='ltr'><strong>falsus</strong></span> <span class='ocrx_word' id='word_1_375' title='bbox 1778 5275 1963 5336; x_wconf 81' lang='lat' dir='ltr'><strong>fuerit,</strong></span> 
     </span>
    </p>
   </div>
   <div class='ocr_carea' id='block_1_56' title="bbox 391 5366 1966 5437">
    <p class='ocr_par' dir='ltr' id='par_1_56' title="bbox 391 5366 1966 5437">
     <span class='ocr_line' id='line_1_56' title="bbox 391 5366 1966 5437; baseline 0.001 -16"><span class='ocrx_word' id='word_1_376' title='bbox 391 5377 543 5423; x_wconf 81' lang='lat' dir='ltr'><strong>certo</strong></span> <span class='ocrx_word' id='word_1_377' title='bbox 573 5385 680 5424; x_wconf 89' lang='lat' dir='ltr'><strong>non</strong></span> <span class='ocrx_word' id='word_1_378' title='bbox 724 5369 904 5424; x_wconf 87' lang='lat' dir='ltr'><strong>ausim</strong></span> <span class='ocrx_word' id='word_1_379' title='bbox 947 5368 1190 5423; x_wconf 62' lang='lat' dir='ltr'><strong>edicere:</strong></span> <span class='ocrx_word' id='word_1_380' title='bbox 1219 5368 1360 5422; x_wconf 81' lang='lat' dir='ltr'><strong>b‘unt</strong></span> <span class='ocrx_word' id='word_1_381' title='bbox 1399 5366 1652 5437; x_wconf 87' lang='lat' dir='ltr'><strong>equidem</strong></span> <span class='ocrx_word' id='word_1_382' title='bbox 1687 5369 1780 5437; x_wconf 90' lang='lat' dir='ltr'><strong>qui</strong></span> <span class='ocrx_word' id='word_1_383' title='bbox 1810 5383 1966 5423; x_wconf 86' lang='lat' dir='ltr'><strong>asse-</strong></span> 
     </span>
    </p>
   </div>
   <div class='ocr_carea' id='block_1_57' title="bbox 394 5456 1963 5528">
    <p class='ocr_par' dir='ltr' id='par_1_57' title="bbox 394 5456 1963 5528">
     <span class='ocr_line' id='line_1_57' title="bbox 394 5456 1963 5528; baseline 0.001 -18"><span class='ocrx_word' id='word_1_384' title='bbox 394 5465 515 5511; x_wconf 87' lang='lat' dir='ltr'><strong>rant</strong></span> <span class='ocrx_word' id='word_1_385' title='bbox 549 5456 911 5513; x_wconf 81' lang='lat' dir='ltr'><strong>llumbertnm</strong></span> <span class='ocrx_word' id='word_1_386' title='bbox 941 5473 972 5511; x_wconf 93' lang='lat' dir='ltr'><strong>a</strong></span> <span class='ocrx_word' id='word_1_387' title='bbox 1027 5457 1174 5512; x_wconf 82' lang='lat' dir='ltr'><strong>Silva</strong></span> <span class='ocrx_word' id='word_1_388' title='bbox 1225 5456 1482 5519; x_wconf 88' lang='lat' dir='ltr'><strong>candida,</strong></span> <span class='ocrx_word' id='word_1_389' title='bbox 1521 5458 1614 5528; x_wconf 91' lang='lat' dir='ltr'><strong>qui</strong></span> <span class='ocrx_word' id='word_1_390' title='bbox 1655 5466 1790 5512; x_wconf 91' lang='lat' dir='ltr'><strong>tunc</strong></span> <span class='ocrx_word' id='word_1_391' title='bbox 1826 5467 1963 5513; x_wconf 89' lang='lat' dir='ltr'><strong>tem-</strong></span> 
     </span>
    </p>
   </div>
   <div class='ocr_carea' id='block_1_58' title="bbox 392 5547 1959 5620">
    <p class='ocr_par' dir='ltr' id='par_1_58' title="bbox 392 5547 1959 5620">
     <span class='ocr_line' id='line_1_58' title="bbox 392 5547 1959 5620; baseline -0.002 -15"><span class='ocrx_word' id='word_1_392' title='bbox 392 5547 557 5620; x_wconf 47' lang='lat' dir='ltr'><strong>poris.</strong></span> <span class='ocrx_word' id='word_1_393' title='bbox 598 5551 821 5620; x_wconf 85' lang='lat' dir='ltr'><strong>quando</strong></span> <span class='ocrx_word' id='word_1_394' title='bbox 851 5549 1083 5604; x_wconf 76' lang='lat' dir='ltr'><strong>Michael</strong></span> <span class='ocrx_word' id='word_1_395' title='bbox 1115 5557 1169 5604; x_wconf 89' lang='lat' dir='ltr'><strong>et</strong></span> <span class='ocrx_word' id='word_1_396' title='bbox 1207 5549 1315 5605; x_wconf 89' lang='lat' dir='ltr'><strong>Leo</strong></span> <span class='ocrx_word' id='word_1_397' title='bbox 1351 5549 1614 5605; x_wconf 89' lang='lat' dir='ltr'><strong>adversus</strong></span> <span class='ocrx_word' id='word_1_398' title='bbox 1659 5548 1959 5605; x_wconf 87' lang='lat' dir='ltr'><strong>Ecclesiam</strong></span> 
     </span>
    </p>
   </div>
   <div class='ocr_carea' id='block_1_59' title="bbox 465 5745 1264 5818">
    <p class='ocr_par' dir='ltr' id='par_1_59' title="bbox 465 5745 1264 5818">
     <span class='ocr_line' id='line_1_59' title="bbox 465 5745 1264 5818; baseline 0.005 -20"><span class='ocrx_word' id='word_1_399' title='bbox 465 5747 542 5818; x_wconf 71' lang='grc' dir='ltr'><strong>(α)</strong></span> <span class='ocrx_word' id='word_1_400' title='bbox 575 5747 720 5801; x_wconf 82' lang='lat' dir='ltr'><strong>inter</strong></span> <span class='ocrx_word' id='word_1_401' title='bbox 751 5745 921 5802; x_wconf 84' lang='lat' dir='ltr'><strong>Morin</strong></span> <span class='ocrx_word' id='word_1_402' title='bbox 987 5747 1148 5818; x_wconf 81' lang='lat' dir='ltr'><strong>epist.</strong></span> <span class='ocrx_word' id='word_1_403' title='bbox 1178 5747 1264 5803; x_wconf 80' lang='grc'><strong>85.</strong></span> 
     </span>
    </p>
   </div>
   <div class='ocr_carea' id='block_1_60' title="bbox 1417 325 2676 390">
    <p class='ocr_par' dir='ltr' id='par_1_60' title="bbox 1417 325 2676 390">
     <span class='ocr_line' id='line_1_60' title="bbox 1417 325 2676 390; baseline -0.003 -2"><span class='ocrx_word' id='word_1_404' title='bbox 1417 325 2067 390; x_wconf 81' lang='lat' dir='ltr'><strong>DISSERTATIONES</strong></span> <span class='ocrx_word' id='word_1_405' title='bbox 2116 327 2676 387; x_wconf 58' lang='grc' dir='ltr'><strong>ΒΑΜΑΞΕΕΝΙΩΕ.</strong></span> 
     </span>
    </p>
   </div>
   <div class='ocr_carea' id='block_1_61' title="bbox 3563 338 3668 400">
    <p class='ocr_par' dir='ltr' id='par_1_61' title="bbox 3563 338 3668 400">
     <span class='ocr_line' id='line_1_61' title="bbox 3563 338 3668 400; baseline 0 -1"><span class='ocrx_word' id='word_1_406' title='bbox 3563 338 3668 400; x_wconf 56' lang='lat'><strong>9‘96</strong></span> 
     </span>
    </p>
   </div>
   <div class='ocr_carea' id='block_1_62' title="bbox 2099 442 3673 528">
    <p class='ocr_par' dir='ltr' id='par_1_62' title="bbox 2099 442 3673 528">
     <span class='ocr_line' id='line_1_62' title="bbox 2099 442 3673 528; baseline 0.01 -31"><span class='ocrx_word' id='word_1_407' title='bbox 2099 442 2401 500; x_wconf 76' lang='lat' dir='ltr'><strong>Romanam</strong></span> <span class='ocrx_word' id='word_1_408' title='bbox 2452 456 2675 519; x_wconf 88' lang='lat' dir='ltr'><strong>propter</strong></span> <span class='ocrx_word' id='word_1_409' title='bbox 2725 464 2916 520; x_wconf 82' lang='lat' dir='ltr'><strong>azyma</strong></span> <span class='ocrx_word' id='word_1_410' title='bbox 2959 450 3396 520; x_wconf 86' lang='lat' dir='ltr'><strong>deblaterabant,</strong></span> <span class='ocrx_word' id='word_1_411' title='bbox 3451 469 3673 528; x_wconf 82' lang='lat' dir='ltr'><strong>aposto-</strong></span> 
     </span>
    </p>
   </div>
   <div class='ocr_carea' id='block_1_63' title="bbox 2099 535 3666 617">
    <p class='ocr_par' dir='ltr' id='par_1_63' title="bbox 2099 535 3666 617">
     <span class='ocr_line' id='line_1_63' title="bbox 2099 535 3666 617; baseline 0.011 -29"><span class='ocrx_word' id='word_1_412' title='bbox 2099 535 2214 591; x_wconf 74' lang='lat' dir='ltr'><strong>lica:</strong></span> <span class='ocrx_word' id='word_1_413' title='bbox 2231 537 2378 593; x_wconf 86' lang='lat' dir='ltr'><strong>sedis</strong></span> <span class='ocrx_word' id='word_1_414' title='bbox 2404 541 2614 609; x_wconf 86' lang='lat' dir='ltr'><strong>legatus</strong></span> <span class='ocrx_word' id='word_1_415' title='bbox 2649 543 2844 613; x_wconf 88' lang='lat' dir='ltr'><strong>agebat</strong></span> <span class='ocrx_word' id='word_1_416' title='bbox 2869 543 3376 617; x_wconf 82' lang='lat' dir='ltr'><strong>Constantinopoli,</strong></span> <span class='ocrx_word' id='word_1_417' title='bbox 3401 549 3543 605; x_wconf 90' lang='lat' dir='ltr'><strong>libro</strong></span> <span class='ocrx_word' id='word_1_418' title='bbox 3562 565 3634 605; x_wconf 84' lang='lat' dir='ltr'><strong>an</strong></span> <span class='ocrx_word' id='word_1_419' title='bbox 3649 583 3666 593; x_wconf 87' lang='lat'><strong>-</strong></span> 
     </span>
    </p>
   </div>
   <div class='ocr_carea' id='block_1_64' title="bbox 2099 627 3668 705">
    <p class='ocr_par' dir='ltr' id='par_1_64' title="bbox 2099 627 3668 705">
     <span class='ocr_line' id='line_1_64' title="bbox 2099 627 3668 705; baseline 0.011 -26"><span class='ocrx_word' id='word_1_420' title='bbox 2099 627 2384 682; x_wconf 84' lang='lat' dir='ltr'><strong>tirrhetico</strong></span> <span class='ocrx_word' id='word_1_421' title='bbox 2413 631 2677 688; x_wconf 89' lang='lat' dir='ltr'><strong>adversus</strong></span> <span class='ocrx_word' id='word_1_422' title='bbox 2706 633 2916 703; x_wconf 85' lang='lat' dir='ltr'><strong>objecta</strong></span> <span class='ocrx_word' id='word_1_423' title='bbox 2942 634 3142 692; x_wconf 71' lang='lat' dir='ltr'><strong>Niceta:</strong></span> <span class='ocrx_word' id='word_1_424' title='bbox 3172 637 3425 704; x_wconf 87' lang='lat' dir='ltr'><strong>Stethati,</strong></span> <span class='ocrx_word' id='word_1_425' title='bbox 3460 657 3579 705; x_wconf 90' lang='lat' dir='ltr'><strong>seu,</strong></span> <span class='ocrx_word' id='word_1_426' title='bbox 3608 652 3668 698; x_wconf 92' lang='lat' dir='ltr'><strong>ut</strong></span> 
     </span>
    </p>
   </div>
   <div class='ocr_carea' id='block_1_65' title="bbox 2096 719 3666 798">
    <p class='ocr_par' dir='ltr' id='par_1_65' title="bbox 2096 719 3666 798">
     <span class='ocr_line' id='line_1_65' title="bbox 2096 719 3666 798; baseline 0.013 -27"><span class='ocrx_word' id='word_1_427' title='bbox 2096 719 2260 788; x_wconf 87' lang='lat' dir='ltr'><strong>vulgo</strong></span> <span class='ocrx_word' id='word_1_428' title='bbox 2299 730 2543 787; x_wconf 87' lang='lat' dir='ltr'><strong>vertunt,</strong></span> <span class='ocrx_word' id='word_1_429' title='bbox 2578 723 2873 790; x_wconf 88' lang='lat' dir='ltr'><strong>Pectorati,</strong></span> <span class='ocrx_word' id='word_1_430' title='bbox 2909 729 3201 798; x_wconf 86' lang='lat' dir='ltr'><strong>scripsisse</strong></span> <span class='ocrx_word' id='word_1_431' title='bbox 3236 732 3379 787; x_wconf 89' lang='lat' dir='ltr'><strong>hanc</strong></span> <span class='ocrx_word' id='word_1_432' title='bbox 3417 734 3666 792; x_wconf 84' lang='lat' dir='ltr'><strong>eamdem</strong></span> 
     </span>
    </p>
   </div>
   <div class='ocr_carea' id='block_1_66' title="bbox 2097 808 3664 888">
    <p class='ocr_par' dir='ltr' id='par_1_66' title="bbox 2097 808 3664 888">
     <span class='ocr_line' id='line_1_66' title="bbox 2097 808 3664 888; baseline 0.013 -25"><span class='ocrx_word' id='word_1_433' title='bbox 2097 808 2358 868; x_wconf 66' lang='lat' dir='ltr'><strong>Ecclesiae</strong></span> <span class='ocrx_word' id='word_1_434' title='bbox 2402 813 2910 888; x_wconf 68' lang='lat' dir='ltr'><strong>llicrosolymitanaa</strong></span> <span class='ocrx_word' id='word_1_435' title='bbox 2959 821 3420 878; x_wconf 89' lang='lat' dir='ltr'><strong>consuetudinem</strong></span> <span class='ocrx_word' id='word_1_436' title='bbox 3469 824 3664 882; x_wconf 81' lang='lat' dir='ltr'><strong>fuisse.</strong></span> 
     </span>
    </p>
   </div>
   <div class='ocr_carea' id='block_1_67' title="bbox 2099 900 3668 985">
    <p class='ocr_par' dir='ltr' id='par_1_67' title="bbox 2099 900 3668 985">
     <span class='ocr_line' id='line_1_67' title="bbox 2099 900 3668 985; baseline 0.011 -32"><span class='ocrx_word' id='word_1_437' title='bbox 2099 900 2165 956; x_wconf 80' lang='lat' dir='ltr'><strong>At</strong></span> <span class='ocrx_word' id='word_1_438' title='bbox 2214 917 2366 967; x_wconf 91' lang='lat' dir='ltr'><strong>vero,</strong></span> <span class='ocrx_word' id='word_1_439' title='bbox 2412 905 2458 959; x_wconf 89' lang='lat' dir='ltr'><strong>si</strong></span> <span class='ocrx_word' id='word_1_440' title='bbox 2507 904 2793 962; x_wconf 84' lang='lat' dir='ltr'><strong>llumberti</strong></span> <span class='ocrx_word' id='word_1_441' title='bbox 2845 910 3011 965; x_wconf 83' lang='lat' dir='ltr'><strong>verba</strong></span> <span class='ocrx_word' id='word_1_442' title='bbox 3058 913 3325 970; x_wconf 86' lang='lat' dir='ltr'><strong>attentius</strong></span> <span class='ocrx_word' id='word_1_443' title='bbox 3371 914 3668 985; x_wconf 87' lang='lat' dir='ltr'><strong>inspician-</strong></span> 
     </span>
    </p>
   </div>
   <div class='ocr_carea' id='block_1_68' title="bbox 2096 992 3666 1072">
    <p class='ocr_par' dir='ltr' id='par_1_68' title="bbox 2096 992 3666 1072">
     <span class='ocr_line' id='line_1_68' title="bbox 2096 992 3666 1072; baseline 0.01 -29"><span class='ocrx_word' id='word_1_444' title='bbox 2096 999 2209 1055; x_wconf 90' lang='lat' dir='ltr'><strong>tur,</strong></span> <span class='ocrx_word' id='word_1_445' title='bbox 2241 992 2390 1048; x_wconf 88' lang='lat' dir='ltr'><strong>aliud</strong></span> <span class='ocrx_word' id='word_1_446' title='bbox 2421 995 2703 1066; x_wconf 87' lang='lat' dir='ltr'><strong>quidpiam</strong></span> <span class='ocrx_word' id='word_1_447' title='bbox 2727 997 2959 1054; x_wconf 85' lang='lat' dir='ltr'><strong>innuere</strong></span> <span class='ocrx_word' id='word_1_448' title='bbox 2987 1000 3489 1072; x_wconf 88' lang='lat' dir='ltr'><strong>deprebendentur.</strong></span> <span class='ocrx_word' id='word_1_449' title='bbox 3514 1006 3666 1072; x_wconf 84' lang='lat' dir='ltr'><strong>Quo-</strong></span> 
     </span>
    </p>
   </div>
   <div class='ocr_carea' id='block_1_69' title="bbox 2094 1080 3665 1160">
    <p class='ocr_par' dir='ltr' id='par_1_69' title="bbox 2094 1080 3665 1160">
     <span class='ocr_line' id='line_1_69' title="bbox 2094 1080 3665 1160; baseline 0.011 -26"><span class='ocrx_word' id='word_1_450' title='bbox 2094 1080 2243 1136; x_wconf 87' lang='lat' dir='ltr'><strong>circa</strong></span> <span class='ocrx_word' id='word_1_451' title='bbox 2293 1083 2472 1138; x_wconf 92' lang='lat' dir='ltr'><strong>locum</strong></span> <span class='ocrx_word' id='word_1_452' title='bbox 2506 1085 2781 1156; x_wconf 87' lang='lat' dir='ltr'><strong>integrum</strong></span> <span class='ocrx_word' id='word_1_453' title='bbox 2817 1089 2908 1144; x_wconf 88' lang='lat' dir='ltr'><strong>hic</strong></span> <span class='ocrx_word' id='word_1_454' title='bbox 2945 1089 3340 1160; x_wconf 77' lang='lat' dir='ltr'><strong>aﬁ‘errejuvat,</strong></span> <span class='ocrx_word' id='word_1_455' title='bbox 3374 1101 3433 1149; x_wconf 91' lang='lat' dir='ltr'><strong>ut</strong></span> <span class='ocrx_word' id='word_1_456' title='bbox 3462 1095 3529 1150; x_wconf 92' lang='lat' dir='ltr'><strong>de</strong></span> <span class='ocrx_word' id='word_1_457' title='bbox 3563 1111 3665 1150; x_wconf 88' lang='lat' dir='ltr'><strong>au-</strong></span> 
     </span>
    </p>
   </div>
   <div class='ocr_carea' id='block_1_70' title="bbox 2093 1175 3714 1257">
    <p class='ocr_par' dir='ltr' id='par_1_70' title="bbox 2093 1175 3714 1257">
     <span class='ocr_line' id='line_1_70' title="bbox 2093 1175 3714 1257; baseline 0.008 -29"><span class='ocrx_word' id='word_1_458' title='bbox 2093 1175 2266 1230; x_wconf 86' lang='lat' dir='ltr'><strong>ctoris</strong></span> <span class='ocrx_word' id='word_1_459' title='bbox 2289 1191 2452 1232; x_wconf 88' lang='lat' dir='ltr'><strong>sensu</strong></span> <span class='ocrx_word' id='word_1_460' title='bbox 2478 1177 2652 1234; x_wconf 90' lang='lat' dir='ltr'><strong>lector</strong></span> <span class='ocrx_word' id='word_1_461' title='bbox 2681 1181 2930 1237; x_wconf 90' lang='lat' dir='ltr'><strong>eruditus</strong></span> <span class='ocrx_word' id='word_1_462' title='bbox 2951 1185 3128 1254; x_wconf 85' lang='lat' dir='ltr'><strong>possit</strong></span> <span class='ocrx_word' id='word_1_463' title='bbox 3158 1187 3355 1242; x_wconf 90' lang='lat' dir='ltr'><strong>melius</strong></span> <span class='ocrx_word' id='word_1_464' title='bbox 3370 1187 3620 1256; x_wconf 86' lang='lat' dir='ltr'><strong>judicare</strong></span> <span class='ocrx_word' id='word_1_465' title='bbox 3646 1208 3658 1241; x_wconf 93' lang='lat'>:</span> <span class='ocrx_word' id='word_1_466' title='bbox 3703 1247 3714 1257; x_wconf 87' lang='lat'><strong>_</strong></span> 
     </span>
    </p>
   </div>
   <div class='ocr_carea' id='block_1_71' title="bbox 2096 1263 3663 1346">
    <p class='ocr_par' dir='ltr' id='par_1_71' title="bbox 2096 1263 3663 1346">
     <span class='ocr_line' id='line_1_71' title="bbox 2096 1263 3663 1346; baseline 0.011 -29"><span class='ocrx_word' id='word_1_467' title='bbox 2096 1263 2234 1319; x_wconf 91' lang='lat' dir='ltr'><strong>Date</strong></span> <span class='ocrx_word' id='word_1_468' title='bbox 2270 1283 2472 1336; x_wconf 88' lang='lat' dir='ltr'><strong>quoque</strong></span> <span class='ocrx_word' id='word_1_469' title='bbox 2512 1269 2798 1326; x_wconf 82' lang='lat' dir='ltr'><strong>evidentem</strong></span> <span class='ocrx_word' id='word_1_470' title='bbox 2839 1290 3059 1329; x_wconf 89' lang='lat' dir='ltr'><strong>causam</strong></span> <span class='ocrx_word' id='word_1_471' title='bbox 3097 1276 3200 1346; x_wconf 80' lang='lat' dir='ltr'><strong>(ait</strong></span> <span class='ocrx_word' id='word_1_472' title='bbox 3235 1277 3444 1335; x_wconf 72' lang='lat' dir='ltr'><strong>Gmcis</strong></span> <span class='ocrx_word' id='word_1_473' title='bbox 3487 1279 3663 1335; x_wconf 80' lang='lat' dir='ltr'><strong>Hum-</strong></span> 
     </span>
    </p>
   </div>
   <div class='ocr_carea' id='block_1_72' title="bbox 2096 1356 3664 1440">
    <p class='ocr_par' dir='ltr' id='par_1_72' title="bbox 2096 1356 3664 1440">
     <span class='ocr_line' id='line_1_72' title="bbox 2096 1356 3664 1440; baseline 0.01 -30"><span class='ocrx_word' id='word_1_474' title='bbox 2096 1356 2308 1426; x_wconf 82' lang='lat' dir='ltr'><strong>bertus)</strong></span> <span class='ocrx_word' id='word_1_475' title='bbox 2336 1359 2483 1414; x_wconf 86' lang='lat' dir='ltr'><strong>illius</strong></span> <span class='ocrx_word' id='word_1_476' title='bbox 2518 1362 2972 1432; x_wconf 82' lang='lat' dir='ltr'><strong>circumeisionis,</strong></span> <span class='ocrx_word' id='word_1_477' title='bbox 3011 1382 3116 1436; x_wconf 91' lang='lat' dir='ltr'><strong>qua</strong></span> <span class='ocrx_word' id='word_1_478' title='bbox 3163 1370 3472 1424; x_wconf 82' lang='lat' dir='ltr'><strong>coronulam</strong></span> <span class='ocrx_word' id='word_1_479' title='bbox 3508 1377 3664 1440; x_wconf 86' lang='lat' dir='ltr'><strong>panis</strong></span> 
     </span>
    </p>
   </div>
   <div class='ocr_carea' id='block_1_73' title="bbox 2095 1446 3663 1520">
    <p class='ocr_par' dir='ltr' id='par_1_73' title="bbox 2095 1446 3663 1520">
     <span class='ocr_line' id='line_1_73' title="bbox 2095 1446 3663 1520; baseline 0.012 -22"><span class='ocrx_word' id='word_1_480' title='bbox 2095 1446 2164 1499; x_wconf 89' lang='lat' dir='ltr'><strong>ad</strong></span> <span class='ocrx_word' id='word_1_481' title='bbox 2213 1449 2536 1517; x_wconf 80' lang='lat' dir='ltr'><strong>sacriﬁcium</strong></span> <span class='ocrx_word' id='word_1_482' title='bbox 2570 1451 2714 1520; x_wconf 81' lang='lat' dir='ltr'><strong>ferro</strong></span> <span class='ocrx_word' id='word_1_483' title='bbox 2762 1454 2982 1520; x_wconf 77' lang='lat' dir='ltr'><strong>levatis,</strong></span> <span class='ocrx_word' id='word_1_484' title='bbox 3032 1473 3150 1512; x_wconf 81' lang='lat' dir='ltr'><strong>cum</strong></span> <span class='ocrx_word' id='word_1_485' title='bbox 3193 1461 3541 1516; x_wconf 87' lang='lat' dir='ltr'><strong>immaculata</strong></span> <span class='ocrx_word' id='word_1_486' title='bbox 3569 1464 3663 1516; x_wconf 56' lang='lat' dir='ltr'><strong>ho.</strong></span> 
     </span>
    </p>
   </div>
   <div class='ocr_carea' id='block_1_74' title="bbox 2091 1537 3666 1617">
    <p class='ocr_par' dir='ltr' id='par_1_74' title="bbox 2091 1537 3666 1617">
     <span class='ocr_line' id='line_1_74' title="bbox 2091 1537 3666 1617; baseline 0.01 -27"><span class='ocrx_word' id='word_1_487' title='bbox 2091 1538 2200 1591; x_wconf 86' lang='lat' dir='ltr'><strong>stia</strong></span> <span class='ocrx_word' id='word_1_488' title='bbox 2247 1537 2648 1594; x_wconf 79' lang='lat' dir='ltr'><strong>immaculatum</strong></span> <span class='ocrx_word' id='word_1_489' title='bbox 2690 1558 2878 1610; x_wconf 89' lang='lat' dir='ltr'><strong>corpus</strong></span> <span class='ocrx_word' id='word_1_490' title='bbox 2929 1544 3145 1600; x_wconf 85' lang='lat' dir='ltr'><strong>Domini</strong></span> <span class='ocrx_word' id='word_1_491' title='bbox 3195 1550 3370 1617; x_wconf 80' lang='lat' dir='ltr'><strong>aptius</strong></span> <span class='ocrx_word' id='word_1_492' title='bbox 3422 1553 3666 1607; x_wconf 83' lang='lat' dir='ltr'><strong>videatur</strong></span> 
     </span>
    </p>
   </div>
   <div class='ocr_carea' id='block_1_75' title="bbox 2092 1628 3662 1709">
    <p class='ocr_par' dir='ltr' id='par_1_75' title="bbox 2092 1628 3662 1709">
     <span class='ocr_line' id='line_1_75' title="bbox 2092 1628 3662 1709; baseline 0.011 -29"><span class='ocrx_word' id='word_1_493' title='bbox 2092 1628 2420 1697; x_wconf 80' lang='lat' dir='ltr'><strong>signiﬁcare,</strong></span> <span class='ocrx_word' id='word_1_494' title='bbox 2464 1641 2514 1685; x_wconf 87' lang='lat' dir='ltr'><strong>et</strong></span> <span class='ocrx_word' id='word_1_495' title='bbox 2565 1633 2839 1703; x_wconf 83' lang='lat' dir='ltr'><strong>integritas</strong></span> <span class='ocrx_word' id='word_1_496' title='bbox 2877 1637 3030 1703; x_wconf 90' lang='lat' dir='ltr'><strong>panis</strong></span> <span class='ocrx_word' id='word_1_497' title='bbox 3068 1639 3425 1709; x_wconf 81' lang='lat' dir='ltr'><strong>integritatem</strong></span> <span class='ocrx_word' id='word_1_498' title='bbox 3475 1642 3662 1698; x_wconf 84' lang='lat' dir='ltr'><strong>Eccle-</strong></span> 
     </span>
    </p>
   </div>
   <div class='ocr_carea' id='block_1_76' title="bbox 2089 1721 3659 1797">
    <p class='ocr_par' dir='ltr' id='par_1_76' title="bbox 2089 1721 3659 1797">
     <span class='ocr_line' id='line_1_76' title="bbox 2089 1721 3659 1797; baseline 0.013 -24"><span class='ocrx_word' id='word_1_499' title='bbox 2089 1721 2208 1775; x_wconf 67' lang='lat' dir='ltr'><strong>siae.</strong></span> <span class='ocrx_word' id='word_1_500' title='bbox 2250 1722 2477 1793; x_wconf 83' lang='lat' dir='ltr'><strong>Denique</strong></span> <span class='ocrx_word' id='word_1_501' title='bbox 2505 1725 2645 1794; x_wconf 84' lang='lat' dir='ltr'><strong>quod</strong></span> <span class='ocrx_word' id='word_1_502' title='bbox 2685 1738 2930 1782; x_wconf 87' lang='lat' dir='ltr'><strong>sanctum</strong></span> <span class='ocrx_word' id='word_1_503' title='bbox 2967 1745 3178 1797; x_wconf 89' lang='lat' dir='ltr'><strong>panem,</strong></span> <span class='ocrx_word' id='word_1_504' title='bbox 3207 1734 3328 1789; x_wconf 67' lang='lat' dir='ltr'><strong>vitae</strong></span> <span class='ocrx_word' id='word_1_505' title='bbox 3365 1746 3577 1792; x_wconf 77' lang='lat' dir='ltr'><strong>wterna:</strong></span> <span class='ocrx_word' id='word_1_506' title='bbox 3605 1741 3659 1793; x_wconf 88' lang='lat' dir='ltr'><strong>in</strong></span> 
     </span>
    </p>
   </div>
   <div class='ocr_carea' id='block_1_77' title="bbox 2091 1816 3660 1898">
    <p class='ocr_par' dir='ltr' id='par_1_77' title="bbox 2091 1816 3660 1898">
     <span class='ocr_line' id='line_1_77' title="bbox 2091 1816 3660 1898; baseline 0.013 -30"><span class='ocrx_word' id='word_1_507' title='bbox 2091 1816 2257 1870; x_wconf 90' lang='lat' dir='ltr'><strong>calice</strong></span> <span class='ocrx_word' id='word_1_508' title='bbox 2309 1817 2553 1872; x_wconf 89' lang='lat' dir='ltr'><strong>intritum</strong></span> <span class='ocrx_word' id='word_1_509' title='bbox 2599 1836 2718 1874; x_wconf 84' lang='lat' dir='ltr'><strong>cum</strong></span> <span class='ocrx_word' id='word_1_510' title='bbox 2769 1823 3028 1878; x_wconf 79' lang='lat' dir='ltr'><strong>cochleari</strong></span> <span class='ocrx_word' id='word_1_511' title='bbox 3075 1843 3281 1884; x_wconf 88' lang='lat' dir='ltr'><strong>sumere</strong></span> <span class='ocrx_word' id='word_1_512' title='bbox 3331 1837 3660 1898; x_wconf 77' lang='lat' dir='ltr'><strong>consuestis,</strong></span> 
     </span>
    </p>
   </div>
   <div class='ocr_carea' id='block_1_78' title="bbox 2088 1903 3660 1991">
    <p class='ocr_par' dir='ltr' id='par_1_78' title="bbox 2088 1903 3660 1991">
     <span class='ocr_line' id='line_1_78' title="bbox 2088 1903 3660 1991; baseline 0.016 -36"><span class='ocrx_word' id='word_1_513' title='bbox 2088 1903 2217 1973; x_wconf 85' lang='lat' dir='ltr'><strong>quid</strong></span> <span class='ocrx_word' id='word_1_514' title='bbox 2263 1907 2572 1972; x_wconf 85' lang='lat' dir='ltr'><strong>opponitis?</strong></span> <span class='ocrx_word' id='word_1_515' title='bbox 2622 1908 2804 1978; x_wconf 81' lang='lat' dir='ltr'><strong>Neque</strong></span> <span class='ocrx_word' id='word_1_516' title='bbox 2842 1914 2982 1966; x_wconf 89' lang='lat' dir='ltr'><strong>enim</strong></span> <span class='ocrx_word' id='word_1_517' title='bbox 3027 1915 3137 1984; x_wconf 84' lang='lat' dir='ltr'><strong>ipse</strong></span> <span class='ocrx_word' id='word_1_518' title='bbox 3174 1916 3432 1977; x_wconf 84' lang='lat' dir='ltr'><strong>Dominus</strong></span> <span class='ocrx_word' id='word_1_519' title='bbox 3472 1939 3660 1991; x_wconf 79' lang='lat' dir='ltr'><strong>pauens</strong></span> 
     </span>
    </p>
   </div>
   <div class='ocr_carea' id='block_1_79' title="bbox 2090 1996 3660 2074">
    <p class='ocr_par' dir='ltr' id='par_1_79' title="bbox 2090 1996 3660 2074">
     <span class='ocr_line' id='line_1_79' title="bbox 2090 1996 3660 2074; baseline 0.017 -26"><span class='ocrx_word' id='word_1_520' title='bbox 2090 1996 2143 2048; x_wconf 88' lang='lat' dir='ltr'><strong>in</strong></span> <span class='ocrx_word' id='word_1_521' title='bbox 2170 1997 2333 2051; x_wconf 85' lang='lat' dir='ltr'><strong>calice</strong></span> <span class='ocrx_word' id='word_1_522' title='bbox 2360 1999 2464 2052; x_wconf 87' lang='lat' dir='ltr'><strong>vini</strong></span> <span class='ocrx_word' id='word_1_523' title='bbox 2506 2001 2706 2056; x_wconf 80' lang='lat' dir='ltr'><strong>intrivit</strong></span> <span class='ocrx_word' id='word_1_524' title='bbox 2728 2041 2744 2066; x_wconf 87' lang='lat'><strong>,</strong></span> <span class='ocrx_word' id='word_1_525' title='bbox 2772 2013 2820 2057; x_wconf 90' lang='lat' dir='ltr'><strong>et</strong></span> <span class='ocrx_word' id='word_1_526' title='bbox 2848 2005 2924 2058; x_wconf 89' lang='lat' dir='ltr'><strong>sic</strong></span> <span class='ocrx_word' id='word_1_527' title='bbox 2947 2008 3202 2073; x_wconf 82' lang='lat' dir='ltr'><strong>apostolis</strong></span> <span class='ocrx_word' id='word_1_528' title='bbox 3251 2011 3393 2066; x_wconf 84' lang='lat' dir='ltr'><strong>dedit</strong></span> <span class='ocrx_word' id='word_1_529' title='bbox 3420 2014 3600 2072; x_wconf 89' lang='lat' dir='ltr'><strong>dicens</strong></span> <span class='ocrx_word' id='word_1_530' title='bbox 3637 2033 3660 2074; x_wconf 91' lang='lat'><strong><em>:</em></strong></span> 
     </span>
    </p>
   </div>
   <div class='ocr_carea' id='block_1_80' title="bbox 2095 2085 3659 2162">
    <p class='ocr_par' dir='ltr' id='par_1_80' title="bbox 2095 2085 3659 2162">
     <span class='ocr_line' id='line_1_80' title="bbox 2095 2085 3659 2162; baseline 0.017 -26"><span class='ocrx_word' id='word_1_531' title='bbox 2095 2103 2112 2135; x_wconf 76' lang='grc' dir='ltr'>ι</span> <span class='ocrx_word' id='word_1_532' title='bbox 2145 2085 2397 2154; x_wconf 79' lang='lat' dir='ltr'><strong>Accipite,</strong></span> <span class='ocrx_word' id='word_1_533' title='bbox 2425 2097 2477 2152; x_wconf 68' lang='grc' dir='ltr'><strong>,ει</strong></span> <span class='ocrx_word' id='word_1_534' title='bbox 2505 2105 2623 2144; x_wconf 84' lang='lat' dir='ltr'><strong>cum</strong></span> <span class='ocrx_word' id='word_1_535' title='bbox 2645 2093 2908 2147; x_wconf 81' lang='lat' dir='ltr'><strong>cochleari</strong></span> <span class='ocrx_word' id='word_1_536' title='bbox 2951 2099 3228 2154; x_wconf 87' lang='lat' dir='ltr'><strong>comedite.</strong></span> <span class='ocrx_word' id='word_1_537' title='bbox 3268 2099 3381 2156; x_wconf 83' lang='lat' dir='ltr'><strong>Hoc</strong></span> <span class='ocrx_word' id='word_1_538' title='bbox 3413 2116 3490 2159; x_wconf 83' lang='lat' dir='ltr'><strong>est</strong></span> <span class='ocrx_word' id='word_1_539' title='bbox 3517 2109 3659 2162; x_wconf 75' lang='lat' dir='ltr'><strong>enim</strong></span> 
     </span>
    </p>
   </div>
   <div class='ocr_carea' id='block_1_81' title="bbox 2089 2181 3660 2257">
    <p class='ocr_par' dir='ltr' id='par_1_81' title="bbox 2089 2181 3660 2257">
     <span class='ocr_line' id='line_1_81' title="bbox 2089 2181 3660 2257; baseline 0.015 -28"><span class='ocrx_word' id='word_1_540' title='bbox 2089 2191 2280 2245; x_wconf 87' lang='lat' dir='ltr'><strong>corpus</strong></span> <span class='ocrx_word' id='word_1_541' title='bbox 2311 2195 2501 2232; x_wconf 85' lang='lat' dir='ltr'><strong>meum.</strong></span> <span class='ocrx_word' id='word_1_542' title='bbox 2544 2198 2563 2231; x_wconf 71' lang='grc' dir='ltr'><strong>ι</strong></span> <span class='ocrx_word' id='word_1_543' title='bbox 2599 2181 2799 2247; x_wconf 82' lang='lat' dir='ltr'><strong>Quibus</strong></span> <span class='ocrx_word' id='word_1_544' title='bbox 2823 2197 3104 2257; x_wconf 81' lang='lat' dir='ltr'><strong>postquam</strong></span> <span class='ocrx_word' id='word_1_545' title='bbox 3131 2200 3391 2246; x_wconf 68' lang='lat' dir='ltr'><strong>cenatum</strong></span> <span class='ocrx_word' id='word_1_546' title='bbox 3418 2207 3493 2251; x_wconf 87' lang='lat' dir='ltr'><strong>est</strong></span> <span class='ocrx_word' id='word_1_547' title='bbox 3517 2201 3660 2253; x_wconf 84' lang='lat' dir='ltr'><strong>cali-</strong></span> 
     </span>
    </p>
   </div>
   <div class='ocr_carea' id='block_1_82' title="bbox 2087 2273 3658 2356">
    <p class='ocr_par' dir='ltr' id='par_1_82' title="bbox 2087 2273 3658 2356">
     <span class='ocr_line' id='line_1_82' title="bbox 2087 2273 3658 2356; baseline 0.015 -35"><span class='ocrx_word' id='word_1_548' title='bbox 2087 2284 2199 2323; x_wconf 84' lang='lat' dir='ltr'><strong>cem</strong></span> <span class='ocrx_word' id='word_1_549' title='bbox 2233 2274 2469 2336; x_wconf 73' lang='lat' dir='ltr'><strong>porrexit</strong></span> <span class='ocrx_word' id='word_1_550' title='bbox 2497 2273 2694 2338; x_wconf 88' lang='lat' dir='ltr'><strong>dicens,</strong></span> <span class='ocrx_word' id='word_1_551' title='bbox 2739 2295 2757 2327; x_wconf 79' lang='grc' dir='ltr'>ι</span> <span class='ocrx_word' id='word_1_552' title='bbox 2795 2277 2970 2333; x_wconf 85' lang='lat' dir='ltr'><strong>Bibite</strong></span> <span class='ocrx_word' id='word_1_553' title='bbox 3003 2295 3066 2334; x_wconf 85' lang='lat' dir='ltr'><strong>ea:</strong></span> <span class='ocrx_word' id='word_1_554' title='bbox 3100 2297 3160 2336; x_wconf 89' lang='lat' dir='ltr'><strong>eo</strong></span> <span class='ocrx_word' id='word_1_555' title='bbox 3185 2299 3385 2342; x_wconf 81' lang='lat' dir='ltr'><strong>omnes.</strong></span> <span class='ocrx_word' id='word_1_556' title='bbox 3425 2306 3443 2340; x_wconf 83' lang='lat' dir='ltr'><strong>s</strong></span> <span class='ocrx_word' id='word_1_557' title='bbox 3481 2290 3658 2356; x_wconf 83' lang='lat' dir='ltr'><strong>Quom</strong></span> 
     </span>
    </p>
   </div>
   <div class='ocr_carea' id='block_1_83' title="bbox 2090 2359 3657 2434">
    <p class='ocr_par' dir='ltr' id='par_1_83' title="bbox 2090 2359 3657 2434">
     <span class='ocr_line' id='line_1_83' title="bbox 2090 2359 3657 2434; baseline 0.015 -24"><span class='ocrx_word' id='word_1_558' title='bbox 2090 2359 2425 2415; x_wconf 85' lang='lat' dir='ltr'><strong>reverendam</strong></span> <span class='ocrx_word' id='word_1_559' title='bbox 2451 2365 2650 2434; x_wconf 86' lang='lat' dir='ltr'><strong>angelis</strong></span> <span class='ocrx_word' id='word_1_560' title='bbox 2673 2375 2721 2420; x_wconf 87' lang='lat' dir='ltr'><strong>et</strong></span> <span class='ocrx_word' id='word_1_561' title='bbox 2746 2366 3048 2425; x_wconf 89' lang='lat' dir='ltr'><strong>hominibus</strong></span> <span class='ocrx_word' id='word_1_562' title='bbox 3080 2372 3465 2431; x_wconf 83' lang='lat' dir='ltr'><strong>institutionem</strong></span> <span class='ocrx_word' id='word_1_563' title='bbox 3493 2381 3657 2434; x_wconf 88' lang='lat' dir='ltr'><strong>etiam</strong></span> 
     </span>
    </p>
   </div>
   <div class='ocr_carea' id='block_1_84' title="bbox 2086 2451 3659 2537">
    <p class='ocr_par' dir='ltr' id='par_1_84' title="bbox 2086 2451 3659 2537">
     <span class='ocr_line' id='line_1_84' title="bbox 2086 2451 3659 2537; baseline 0.015 -35"><span class='ocrx_word' id='word_1_564' title='bbox 2086 2460 2273 2504; x_wconf 90' lang='lat' dir='ltr'><strong>sancta</strong></span> <span class='ocrx_word' id='word_1_565' title='bbox 2310 2451 2464 2515; x_wconf 84' lang='lat' dir='ltr'><strong>Sion,</strong></span> <span class='ocrx_word' id='word_1_566' title='bbox 2505 2457 2678 2521; x_wconf 86' lang='lat' dir='ltr'><strong>prima</strong></span> <span class='ocrx_word' id='word_1_567' title='bbox 2706 2459 2903 2514; x_wconf 88' lang='lat' dir='ltr'><strong>scilicet</strong></span> <span class='ocrx_word' id='word_1_568' title='bbox 2956 2459 3198 2518; x_wconf 82' lang='lat' dir='ltr'><strong>Ecclesia</strong></span> <span class='ocrx_word' id='word_1_569' title='bbox 3246 2481 3411 2537; x_wconf 87' lang='lat' dir='ltr'><strong>usque</strong></span> <span class='ocrx_word' id='word_1_570' title='bbox 3435 2471 3505 2522; x_wconf 86' lang='lat' dir='ltr'><strong>ad</strong></span> <span class='ocrx_word' id='word_1_571' title='bbox 3543 2472 3659 2526; x_wconf 66' lang='lat' dir='ltr'><strong>ha&#39;c</strong></span> 
     </span>
    </p>
   </div>
   <div class='ocr_carea' id='block_1_85' title="bbox 2088 2541 3630 2630">
    <p class='ocr_par' dir='ltr' id='par_1_85' title="bbox 2088 2541 3630 2630">
     <span class='ocr_line' id='line_1_85' title="bbox 2088 2541 3630 2630; baseline 0.017 -38"><span class='ocrx_word' id='word_1_572' title='bbox 2088 2541 2337 2600; x_wconf 86' lang='lat' dir='ltr'><strong>moderna</strong></span> <span class='ocrx_word' id='word_1_573' title='bbox 2372 2555 2628 2614; x_wconf 84' lang='lat' dir='ltr'><strong>tempora,</strong></span> <span class='ocrx_word' id='word_1_574' title='bbox 2667 2550 2806 2605; x_wconf 88' lang='lat' dir='ltr'><strong>sicut</strong></span> <span class='ocrx_word' id='word_1_575' title='bbox 2835 2551 2901 2605; x_wconf 90' lang='lat' dir='ltr'><strong>ab</strong></span> <span class='ocrx_word' id='word_1_576' title='bbox 2934 2557 3189 2622; x_wconf 89' lang='lat' dir='ltr'><strong>apostolis</strong></span> <span class='ocrx_word' id='word_1_577' title='bbox 3227 2561 3448 2628; x_wconf 85' lang='lat' dir='ltr'><strong>accepit,</strong></span> <span class='ocrx_word' id='word_1_578' title='bbox 3485 2563 3630 2630; x_wconf 81' lang='lat' dir='ltr'><strong>ﬁdeli</strong></span> 
     </span>
    </p>
   </div>
   <div class='ocr_carea' id='block_1_86' title="bbox 2089 2635 3655 2720">
    <p class='ocr_par' dir='ltr' id='par_1_86' title="bbox 2089 2635 3655 2720">
     <span class='ocr_line' id='line_1_86' title="bbox 2089 2635 3655 2720; baseline 0.015 -36"><span class='ocrx_word' id='word_1_579' title='bbox 2089 2639 2167 2686; x_wconf 89' lang='lat' dir='ltr'><strong>ter</strong></span> <span class='ocrx_word' id='word_1_580' title='bbox 2217 2635 2436 2690; x_wconf 82' lang='lat' dir='ltr'><strong>retinuit</strong></span> <span class='ocrx_word' id='word_1_581' title='bbox 2485 2653 2504 2691; x_wconf 89' lang='lat'><strong><em>:</em></strong></span> <span class='ocrx_word' id='word_1_582' title='bbox 2555 2640 2686 2694; x_wconf 88' lang='lat' dir='ltr'><strong>adeo</strong></span> <span class='ocrx_word' id='word_1_583' title='bbox 2737 2652 2795 2694; x_wconf 85' lang='lat' dir='ltr'><strong>ut</strong></span> <span class='ocrx_word' id='word_1_584' title='bbox 2843 2643 3061 2713; x_wconf 81' lang='lat' dir='ltr'><strong>quidam</strong></span> <span class='ocrx_word' id='word_1_585' title='bbox 3116 2645 3655 2720; x_wconf 78' lang='lat' dir='ltr'><strong>Hierosolymitarum</strong></span> 
     </span>
    </p>
   </div>
   <div class='ocr_carea' id='block_1_87' title="bbox 2083 2725 3654 2810">
    <p class='ocr_par' dir='ltr' id='par_1_87' title="bbox 2083 2725 3654 2810">
     <span class='ocr_line' id='line_1_87' title="bbox 2083 2725 3654 2810; baseline 0.016 -35"><span class='ocrx_word' id='word_1_586' title='bbox 2083 2725 2394 2794; x_wconf 86' lang='lat' dir='ltr'><strong>pontiﬁcum</strong></span> <span class='ocrx_word' id='word_1_587' title='bbox 2418 2727 2560 2784; x_wconf 87' lang='lat' dir='ltr'><strong>datis</strong></span> <span class='ocrx_word' id='word_1_588' title='bbox 2581 2731 2817 2797; x_wconf 85' lang='lat' dir='ltr'><strong>epistolis</strong></span> <span class='ocrx_word' id='word_1_589' title='bbox 2847 2734 3222 2803; x_wconf 87' lang='lat' dir='ltr'><strong>signiﬁcarint,</strong></span> <span class='ocrx_word' id='word_1_590' title='bbox 3245 2751 3508 2810; x_wconf 81' lang='lat' dir='ltr'><strong>quantum</strong></span> <span class='ocrx_word' id='word_1_591' title='bbox 3527 2746 3654 2799; x_wconf 89' lang='lat' dir='ltr'><strong>illo-</strong></span> 
     </span>
    </p>
   </div>
   <div class='ocr_carea' id='block_1_88' title="bbox 2086 2817 3656 2900">
    <p class='ocr_par' dir='ltr' id='par_1_88' title="bbox 2086 2817 3656 2900">
     <span class='ocr_line' id='line_1_88' title="bbox 2086 2817 3656 2900; baseline 0.014 -33"><span class='ocrx_word' id='word_1_592' title='bbox 2086 2831 2203 2868; x_wconf 89' lang='lat' dir='ltr'><strong>rum</strong></span> <span class='ocrx_word' id='word_1_593' title='bbox 2228 2817 2494 2872; x_wconf 85' lang='lat' dir='ltr'><strong>institutio</strong></span> <span class='ocrx_word' id='word_1_594' title='bbox 2513 2819 2772 2890; x_wconf 85' lang='lat' dir='ltr'><strong>discrepet</strong></span> <span class='ocrx_word' id='word_1_595' title='bbox 2801 2840 2834 2876; x_wconf 90' lang='lat' dir='ltr'><strong>a</strong></span> <span class='ocrx_word' id='word_1_596' title='bbox 2869 2824 3090 2881; x_wconf 70' lang='lat' dir='ltr'><strong>Gracis.</strong></span> <span class='ocrx_word' id='word_1_597' title='bbox 3120 2825 3212 2882; x_wconf 87' lang='lat' dir='ltr'><strong>Sic</strong></span> <span class='ocrx_word' id='word_1_598' title='bbox 3239 2831 3378 2884; x_wconf 87' lang='lat' dir='ltr'><strong>enim</strong></span> <span class='ocrx_word' id='word_1_599' title='bbox 3400 2834 3656 2900; x_wconf 80' lang='lat' dir='ltr'><strong>scriptum</strong></span> 
     </span>
    </p>
   </div>
   <div class='ocr_carea' id='block_1_89' title="bbox 2086 2904 3656 2992">
    <p class='ocr_par' dir='ltr' id='par_1_89' title="bbox 2086 2904 3656 2992">
     <span class='ocr_line' id='line_1_89' title="bbox 2086 2904 3656 2992; baseline 0.013 -35"><span class='ocrx_word' id='word_1_600' title='bbox 2086 2904 2406 2976; x_wconf 88' lang='lat' dir='ltr'><strong>reliquerunt</strong></span> <span class='ocrx_word' id='word_1_601' title='bbox 2452 2923 2471 2961; x_wconf 73' lang='grc' dir='ltr'><strong><em>ε</em></strong></span> <span class='ocrx_word' id='word_1_602' title='bbox 2515 2927 2533 2960; x_wconf 76' lang='grc' dir='ltr'>ι</span> <span class='ocrx_word' id='word_1_603' title='bbox 2578 2907 2662 2963; x_wconf 76' lang='grc' dir='ltr'><strong>ιιέ</strong></span> <span class='ocrx_word' id='word_1_604' title='bbox 2704 2923 2892 2966; x_wconf 87' lang='lat' dir='ltr'><strong>sancta</strong></span> <span class='ocrx_word' id='word_1_605' title='bbox 2928 2915 3140 2970; x_wconf 79' lang='lat' dir='ltr'><strong>civitate</strong></span> <span class='ocrx_word' id='word_1_606' title='bbox 3173 2916 3496 2986; x_wconf 83' lang='lat' dir='ltr'><strong>Jerusalem,</strong></span> <span class='ocrx_word' id='word_1_607' title='bbox 3535 2938 3656 2992; x_wconf 75' lang='lat' dir='ltr'><strong>qua:</strong></span> 
     </span>
    </p>
   </div>
   <div class='ocr_carea' id='block_1_90' title="bbox 2081 2999 3657 3076">
    <p class='ocr_par' dir='ltr' id='par_1_90' title="bbox 2081 2999 3657 3076">
     <span class='ocr_line' id='line_1_90' title="bbox 2081 2999 3657 3076; baseline 0.012 -25"><span class='ocrx_word' id='word_1_608' title='bbox 2081 3006 2161 3052; x_wconf 85' lang='lat' dir='ltr'><strong>est</strong></span> <span class='ocrx_word' id='word_1_609' title='bbox 2199 3010 2388 3054; x_wconf 88' lang='lat' dir='ltr'><strong>sancta</strong></span> <span class='ocrx_word' id='word_1_610' title='bbox 2417 2999 2812 3070; x_wconf 79' lang='lat' dir='ltr'><strong>Hierosolyma,</strong></span> <span class='ocrx_word' id='word_1_611' title='bbox 2857 3008 2984 3060; x_wconf 73' lang='lat' dir='ltr'><strong>exiit</strong></span> <span class='ocrx_word' id='word_1_612' title='bbox 3025 3008 3157 3076; x_wconf 82' lang='lat' dir='ltr'><strong>ﬁdes</strong></span> <span class='ocrx_word' id='word_1_613' title='bbox 3200 3009 3508 3068; x_wconf 87' lang='lat' dir='ltr'><strong>Christiana</strong></span> <span class='ocrx_word' id='word_1_614' title='bbox 3548 3030 3568 3068; x_wconf 90' lang='lat'><strong><em>:</em></strong></span> <span class='ocrx_word' id='word_1_615' title='bbox 3596 3015 3657 3070; x_wconf 87' lang='lat' dir='ltr'><strong>in</strong></span> 
     </span>
    </p>
   </div>
   <div class='ocr_carea' id='block_1_91' title="bbox 2085 3089 3658 3174">
    <p class='ocr_par' dir='ltr' id='par_1_91' title="bbox 2085 3089 3658 3174">
     <span class='ocr_line' id='line_1_91' title="bbox 2085 3089 3658 3174; baseline 0.012 -32"><span class='ocrx_word' id='word_1_616' title='bbox 2085 3089 2201 3158; x_wconf 83' lang='lat' dir='ltr'><strong>ipsa</strong></span> <span class='ocrx_word' id='word_1_617' title='bbox 2223 3107 2424 3161; x_wconf 87' lang='lat' dir='ltr'><strong>quoque</strong></span> <span class='ocrx_word' id='word_1_618' title='bbox 2457 3105 2641 3148; x_wconf 91' lang='lat' dir='ltr'><strong>sancta</strong></span> <span class='ocrx_word' id='word_1_619' title='bbox 2670 3095 2799 3150; x_wconf 86' lang='lat' dir='ltr'><strong>Sion</strong></span> <span class='ocrx_word' id='word_1_620' title='bbox 2825 3107 2874 3151; x_wconf 87' lang='lat' dir='ltr'><strong>et</strong></span> <span class='ocrx_word' id='word_1_621' title='bbox 2902 3109 3091 3153; x_wconf 91' lang='lat' dir='ltr'><strong>sancta</strong></span> <span class='ocrx_word' id='word_1_622' title='bbox 3118 3104 3433 3159; x_wconf 87' lang='lat' dir='ltr'><strong>resurrectio</strong></span> <span class='ocrx_word' id='word_1_623' title='bbox 3465 3105 3658 3174; x_wconf 69' lang='lat' dir='ltr'><strong>prima</strong></span> 
     </span>
    </p>
   </div>
   <div class='ocr_carea' id='block_1_92' title="bbox 2087 3177 3658 3268">
    <p class='ocr_par' dir='ltr' id='par_1_92' title="bbox 2087 3177 3658 3268">
     <span class='ocr_line' id='line_1_92' title="bbox 2087 3177 3658 3268; baseline 0.014 -37"><span class='ocrx_word' id='word_1_624' title='bbox 2087 3177 2341 3234; x_wconf 77' lang='lat' dir='ltr'><strong>Ecclesia:</strong></span> <span class='ocrx_word' id='word_1_625' title='bbox 2387 3182 2656 3252; x_wconf 87' lang='lat' dir='ltr'><strong>dicuntur,</strong></span> <span class='ocrx_word' id='word_1_626' title='bbox 2703 3195 2753 3240; x_wconf 92' lang='lat' dir='ltr'><strong>et</strong></span> <span class='ocrx_word' id='word_1_627' title='bbox 2799 3191 3051 3244; x_wconf 83' lang='lat' dir='ltr'><strong>veraciter</strong></span> <span class='ocrx_word' id='word_1_628' title='bbox 3093 3190 3373 3251; x_wconf 85' lang='lat' dir='ltr'><strong>habentur.</strong></span> <span class='ocrx_word' id='word_1_629' title='bbox 3426 3194 3492 3250; x_wconf 82' lang='lat' dir='ltr'><strong>In</strong></span> <span class='ocrx_word' id='word_1_630' title='bbox 3537 3197 3658 3268; x_wconf 88' lang='lat' dir='ltr'><strong>ipso</strong></span> 
     </span>
    </p>
   </div>
   <div class='ocr_carea' id='block_1_93' title="bbox 2085 3277 3656 3351">
    <p class='ocr_par' dir='ltr' id='par_1_93' title="bbox 2085 3277 3656 3351">
     <span class='ocr_line' id='line_1_93' title="bbox 2085 3277 3656 3351; baseline 0.012 -25"><span class='ocrx_word' id='word_1_631' title='bbox 2085 3282 2271 3326; x_wconf 86' lang='lat' dir='ltr'><strong>sancto</strong></span> <span class='ocrx_word' id='word_1_632' title='bbox 2295 3284 2344 3328; x_wconf 91' lang='lat' dir='ltr'><strong>et</strong></span> <span class='ocrx_word' id='word_1_633' title='bbox 2377 3277 2659 3330; x_wconf 82' lang='lat' dir='ltr'><strong>venerabili</strong></span> <span class='ocrx_word' id='word_1_634' title='bbox 2692 3279 2806 3334; x_wconf 89' lang='lat' dir='ltr'><strong>loco</strong></span> <span class='ocrx_word' id='word_1_635' title='bbox 2836 3281 3158 3351; x_wconf 85' lang='lat' dir='ltr'><strong>adimpletur</strong></span> <span class='ocrx_word' id='word_1_636' title='bbox 3183 3286 3363 3341; x_wconf 79' lang='lat' dir='ltr'><strong>divina</strong></span> <span class='ocrx_word' id='word_1_637' title='bbox 3385 3297 3434 3342; x_wconf 87' lang='lat' dir='ltr'><strong>et</strong></span> <span class='ocrx_word' id='word_1_638' title='bbox 3460 3289 3656 3345; x_wconf 84' lang='lat' dir='ltr'><strong>imma-</strong></span> 
     </span>
    </p>
   </div>
   <div class='ocr_carea' id='block_1_94' title="bbox 2082 3361 3657 3442">
    <p class='ocr_par' dir='ltr' id='par_1_94' title="bbox 2082 3361 3657 3442">
     <span class='ocr_line' id='line_1_94' title="bbox 2082 3361 3657 3442; baseline 0.014 -28"><span class='ocrx_word' id='word_1_639' title='bbox 2082 3361 2264 3417; x_wconf 87' lang='lat' dir='ltr'><strong>culata</strong></span> <span class='ocrx_word' id='word_1_640' title='bbox 2295 3364 2494 3420; x_wconf 88' lang='lat' dir='ltr'><strong>oblatio</strong></span> <span class='ocrx_word' id='word_1_641' title='bbox 2529 3366 2740 3422; x_wconf 87' lang='lat' dir='ltr'><strong>Domini</strong></span> <span class='ocrx_word' id='word_1_642' title='bbox 2763 3373 2929 3426; x_wconf 88' lang='lat' dir='ltr'><strong>nostri</strong></span> <span class='ocrx_word' id='word_1_643' title='bbox 2955 3372 3086 3429; x_wconf 83' lang='lat' dir='ltr'><strong>Jesu</strong></span> <span class='ocrx_word' id='word_1_644' title='bbox 3128 3375 3352 3442; x_wconf 87' lang='lat' dir='ltr'><strong>Christi,</strong></span> <span class='ocrx_word' id='word_1_645' title='bbox 3392 3379 3531 3434; x_wconf 88' lang='lat' dir='ltr'><strong>sicut</strong></span> <span class='ocrx_word' id='word_1_646' title='bbox 3565 3382 3657 3436; x_wconf 88' lang='lat' dir='ltr'><strong>de-</strong></span> 
     </span>
    </p>
   </div>
   <div class='ocr_carea' id='block_1_95' title="bbox 2083 3456 3655 3542">
    <p class='ocr_par' dir='ltr' id='par_1_95' title="bbox 2083 3456 3655 3542">
     <span class='ocr_line' id='line_1_95' title="bbox 2083 3456 3655 3542; baseline 0.014 -36"><span class='ocrx_word' id='word_1_647' title='bbox 2083 3462 2159 3506; x_wconf 88' lang='lat' dir='ltr'><strong>cet</strong></span> <span class='ocrx_word' id='word_1_648' title='bbox 2192 3470 2282 3522; x_wconf 87' lang='lat' dir='ltr'><strong>per</strong></span> <span class='ocrx_word' id='word_1_649' title='bbox 2312 3456 2569 3512; x_wconf 87' lang='lat' dir='ltr'><strong>ordinem.</strong></span> <span class='ocrx_word' id='word_1_650' title='bbox 2619 3479 2637 3510; x_wconf 73' lang='grc' dir='ltr'><strong><em>ι</em></strong></span> <span class='ocrx_word' id='word_1_651' title='bbox 2687 3458 2753 3513; x_wconf 84' lang='lat' dir='ltr'><strong>Et</strong></span> <span class='ocrx_word' id='word_1_652' title='bbox 2790 3472 2916 3530; x_wconf 78' lang='lat' dir='ltr'><strong>puto</strong></span> <span class='ocrx_word' id='word_1_653' title='bbox 2951 3466 3076 3528; x_wconf 89' lang='lat' dir='ltr'><strong>quia</strong></span> <span class='ocrx_word' id='word_1_654' title='bbox 3097 3468 3224 3523; x_wconf 86' lang='lat' dir='ltr'><strong>bene</strong></span> <span class='ocrx_word' id='word_1_655' title='bbox 3239 3468 3444 3536; x_wconf 72' lang='lat' dir='ltr'><strong>faciunt</strong></span> <span class='ocrx_word' id='word_1_656' title='bbox 3467 3513 3483 3537; x_wconf 91' lang='lat'><strong>,</strong></span> <span class='ocrx_word' id='word_1_657' title='bbox 3511 3477 3655 3542; x_wconf 80' lang='lat' dir='ltr'><strong>quod</strong></span> 
     </span>
    </p>
   </div>
   <div class='ocr_carea' id='block_1_96' title="bbox 2082 3546 3650 3624">
    <p class='ocr_par' dir='ltr' id='par_1_96' title="bbox 2082 3546 3650 3624">
     <span class='ocr_line' id='line_1_96' title="bbox 2082 3546 3650 3624; baseline 0.013 -26"><span class='ocrx_word' id='word_1_658' title='bbox 2082 3546 2293 3599; x_wconf 86' lang='lat' dir='ltr'><strong>nonnisi</strong></span> <span class='ocrx_word' id='word_1_659' title='bbox 2324 3548 2556 3617; x_wconf 86' lang='lat' dir='ltr'><strong>integras</strong></span> <span class='ocrx_word' id='word_1_660' title='bbox 2585 3560 2634 3604; x_wconf 89' lang='lat' dir='ltr'><strong>et</strong></span> <span class='ocrx_word' id='word_1_661' title='bbox 2667 3569 2828 3606; x_wconf 85' lang='lat' dir='ltr'><strong>sanas</strong></span> <span class='ocrx_word' id='word_1_662' title='bbox 2873 3566 3074 3624; x_wconf 87' lang='lat' dir='ltr'><strong>ponunt</strong></span> <span class='ocrx_word' id='word_1_663' title='bbox 3098 3558 3242 3624; x_wconf 86' lang='lat' dir='ltr'><strong>ipsas</strong></span> <span class='ocrx_word' id='word_1_664' title='bbox 3274 3559 3565 3618; x_wconf 84' lang='lat' dir='ltr'><strong>oblationes</strong></span> <span class='ocrx_word' id='word_1_665' title='bbox 3591 3566 3650 3618; x_wconf 84' lang='lat' dir='ltr'><strong>in</strong></span> 
     </span>
    </p>
   </div>
   <div class='ocr_carea' id='block_1_97' title="bbox 2082 3638 3648 3711">
    <p class='ocr_par' dir='ltr' id='par_1_97' title="bbox 2082 3638 3648 3711">
     <span class='ocr_line' id='line_1_97' title="bbox 2082 3638 3648 3711; baseline 0.015 -26"><span class='ocrx_word' id='word_1_666' title='bbox 2082 3644 2293 3688; x_wconf 88' lang='lat' dir='ltr'><strong>sanctas</strong></span> <span class='ocrx_word' id='word_1_667' title='bbox 2335 3638 2567 3705; x_wconf 85' lang='lat' dir='ltr'><strong>patinas,</strong></span> <span class='ocrx_word' id='word_1_668' title='bbox 2611 3656 2702 3693; x_wconf 88' lang='lat' dir='ltr'><strong>nec</strong></span> <span class='ocrx_word' id='word_1_669' title='bbox 2749 3643 3007 3710; x_wconf 85' lang='lat' dir='ltr'><strong>quomodo</strong></span> <span class='ocrx_word' id='word_1_670' title='bbox 3052 3644 3242 3711; x_wconf 70' lang='lat' dir='ltr'><strong>Gnaei,</strong></span> <span class='ocrx_word' id='word_1_671' title='bbox 3281 3649 3470 3704; x_wconf 84' lang='lat' dir='ltr'><strong>habent</strong></span> <span class='ocrx_word' id='word_1_672' title='bbox 3525 3654 3648 3708; x_wconf 85' lang='lat' dir='ltr'><strong>lan-</strong></span> 
     </span>
    </p>
   </div>
   <div class='ocr_carea' id='block_1_98' title="bbox 2080 3727 3649 3798">
    <p class='ocr_par' dir='ltr' id='par_1_98' title="bbox 2080 3727 3649 3798">
     <span class='ocr_line' id='line_1_98' title="bbox 2080 3727 3649 3798; baseline 0.013 -22"><span class='ocrx_word' id='word_1_673' title='bbox 2080 3739 2223 3778; x_wconf 87' lang='lat' dir='ltr'><strong>ceam</strong></span> <span class='ocrx_word' id='word_1_674' title='bbox 2269 3727 2517 3793; x_wconf 84' lang='lat' dir='ltr'><strong>ferream,</strong></span> <span class='ocrx_word' id='word_1_675' title='bbox 2545 3746 2648 3798; x_wconf 87' lang='lat' dir='ltr'><strong>qua</strong></span> <span class='ocrx_word' id='word_1_676' title='bbox 2673 3732 2917 3786; x_wconf 86' lang='lat' dir='ltr'><strong>scindant</strong></span> <span class='ocrx_word' id='word_1_677' title='bbox 2941 3735 2994 3787; x_wconf 89' lang='lat' dir='ltr'><strong>in</strong></span> <span class='ocrx_word' id='word_1_678' title='bbox 3027 3737 3237 3791; x_wconf 87' lang='lat' dir='ltr'><strong>ntodum</strong></span> <span class='ocrx_word' id='word_1_679' title='bbox 3278 3742 3448 3796; x_wconf 88' lang='lat' dir='ltr'><strong>crucis</strong></span> <span class='ocrx_word' id='word_1_680' title='bbox 3491 3742 3649 3796; x_wconf 82' lang='lat' dir='ltr'><strong>obla-</strong></span> 
     </span>
    </p>
   </div>
   <div class='ocr_carea' id='block_1_99' title="bbox 2082 3817 3648 3902">
    <p class='ocr_par' dir='ltr' id='par_1_99' title="bbox 2082 3817 3648 3902">
     <span class='ocr_line' id='line_1_99' title="bbox 2082 3817 3648 3902; baseline 0.012 -34"><span class='ocrx_word' id='word_1_681' title='bbox 2082 3817 2295 3880; x_wconf 88' lang='lat' dir='ltr'><strong>tionem,</strong></span> <span class='ocrx_word' id='word_1_682' title='bbox 2344 3819 2398 3871; x_wconf 88' lang='lat' dir='ltr'><strong>id</strong></span> <span class='ocrx_word' id='word_1_683' title='bbox 2447 3829 2523 3873; x_wconf 90' lang='lat' dir='ltr'><strong>est</strong></span> <span class='ocrx_word' id='word_1_684' title='bbox 2565 3825 2942 3889; x_wconf 88' lang='lat' dir='ltr'><strong>proscomitam</strong></span> <span class='ocrx_word' id='word_1_685' title='bbox 2993 3825 3204 3893; x_wconf 68' lang='lat' dir='ltr'><strong>(Graece</strong></span> <span class='ocrx_word' id='word_1_686' title='bbox 3229 3831 3648 3902; x_wconf 64' lang='lat' dir='ltr'><strong>npooxoptb‘ﬁv).</strong></span> 
     </span>
    </p>
   </div>
   <div class='ocr_carea' id='block_1_100' title="bbox 2079 3907 3646 3989">
    <p class='ocr_par' dir='ltr' id='par_1_100' title="bbox 2079 3907 3646 3989">
     <span class='ocr_line' id='line_1_100' title="bbox 2079 3907 3646 3989; baseline 0.01 -28"><span class='ocrx_word' id='word_1_687' title='bbox 2079 3907 2251 3961; x_wconf 90' lang='lat' dir='ltr'><strong>Porro</strong></span> <span class='ocrx_word' id='word_1_688' title='bbox 2275 3909 2338 3962; x_wconf 78' lang='lat' dir='ltr'><strong>in</strong></span> <span class='ocrx_word' id='word_1_689' title='bbox 2362 3911 2604 3978; x_wconf 68' lang='lat' dir='ltr'><strong>pra&#39;futis</strong></span> <span class='ocrx_word' id='word_1_690' title='bbox 2631 3915 2832 3968; x_wconf 90' lang='lat' dir='ltr'><strong>sanctis</strong></span> <span class='ocrx_word' id='word_1_691' title='bbox 2861 3913 3140 3980; x_wconf 86' lang='lat' dir='ltr'><strong>Ecclesiis,</strong></span> <span class='ocrx_word' id='word_1_692' title='bbox 3165 3935 3285 3973; x_wconf 88' lang='lat' dir='ltr'><strong>cum</strong></span> <span class='ocrx_word' id='word_1_693' title='bbox 3311 3921 3425 3989; x_wconf 85' lang='lat' dir='ltr'><strong>ipsa</strong></span> <span class='ocrx_word' id='word_1_694' title='bbox 3457 3933 3646 3977; x_wconf 83' lang='lat' dir='ltr'><strong>sancta</strong></span> 
     </span>
    </p>
   </div>
   <div class='ocr_carea' id='block_1_101' title="bbox 2076 4001 3644 4076">
    <p class='ocr_par' dir='ltr' id='par_1_101' title="bbox 2076 4001 3644 4076">
     <span class='ocr_line' id='line_1_101' title="bbox 2076 4001 3644 4076; baseline 0.01 -25"><span class='ocrx_word' id='word_1_695' title='bbox 2076 4001 2262 4066; x_wconf 89' lang='lat' dir='ltr'><strong>patina</strong></span> <span class='ocrx_word' id='word_1_696' title='bbox 2287 4012 2533 4056; x_wconf 85' lang='lat' dir='ltr'><strong>sanctam</strong></span> <span class='ocrx_word' id='word_1_697' title='bbox 2573 4005 2880 4073; x_wconf 82' lang='lat' dir='ltr'><strong>anaforam,</strong></span> <span class='ocrx_word' id='word_1_698' title='bbox 2927 4007 2980 4060; x_wconf 87' lang='lat' dir='ltr'><strong>id</strong></span> <span class='ocrx_word' id='word_1_699' title='bbox 3009 4018 3085 4062; x_wconf 84' lang='lat' dir='ltr'><strong>est</strong></span> <span class='ocrx_word' id='word_1_700' title='bbox 3113 4009 3452 4076; x_wconf 88' lang='lat' dir='ltr'><strong>oblationem,</strong></span> <span class='ocrx_word' id='word_1_701' title='bbox 3492 4017 3644 4067; x_wconf 71' lang='lat' dir='ltr'><strong>exal-</strong></span> 
     </span>
    </p>
   </div>
   <div class='ocr_carea' id='block_1_102' title="bbox 2080 4088 3646 4168">
    <p class='ocr_par' dir='ltr' id='par_1_102' title="bbox 2080 4088 3646 4168">
     <span class='ocr_line' id='line_1_102' title="bbox 2080 4088 3646 4168; baseline 0.011 -27"><span class='ocrx_word' id='word_1_702' title='bbox 2080 4097 2215 4142; x_wconf 87' lang='lat' dir='ltr'><strong>tant.</strong></span> <span class='ocrx_word' id='word_1_703' title='bbox 2253 4088 2458 4145; x_wconf 82' lang='lat' dir='ltr'><strong>Etenim</strong></span> <span class='ocrx_word' id='word_1_704' title='bbox 2489 4109 2620 4146; x_wconf 68' lang='grc' dir='ltr'><strong>νει-αξ</strong></span> <span class='ocrx_word' id='word_1_705' title='bbox 2645 4105 2694 4148; x_wconf 89' lang='lat' dir='ltr'><strong>et</strong></span> <span class='ocrx_word' id='word_1_706' title='bbox 2744 4106 2882 4165; x_wconf 74' lang='lat' dir='ltr'><strong>apta:</strong></span> <span class='ocrx_word' id='word_1_707' title='bbox 2920 4106 3043 4151; x_wconf 88' lang='lat' dir='ltr'><strong>sunt</strong></span> <span class='ocrx_word' id='word_1_708' title='bbox 3076 4099 3207 4168; x_wconf 80' lang='lat' dir='ltr'><strong>ipsa:</strong></span> <span class='ocrx_word' id='word_1_709' title='bbox 3245 4101 3534 4157; x_wconf 88' lang='lat' dir='ltr'><strong>oblationes</strong></span> <span class='ocrx_word' id='word_1_710' title='bbox 3567 4114 3646 4158; x_wconf 80' lang='lat' dir='ltr'><strong>te-</strong></span> 
     </span>
    </p>
   </div>
   <div class='ocr_carea' id='block_1_103' title="bbox 2077 4183 3642 4257">
    <p class='ocr_par' dir='ltr' id='par_1_103' title="bbox 2077 4183 3642 4257">
     <span class='ocr_line' id='line_1_103' title="bbox 2077 4183 3642 4257; baseline 0.011 -25"><span class='ocrx_word' id='word_1_711' title='bbox 2077 4191 2306 4250; x_wconf 84' lang='lat' dir='ltr'><strong>nuesque</strong></span> <span class='ocrx_word' id='word_1_712' title='bbox 2342 4197 2408 4235; x_wconf 79' lang='lat' dir='ltr'><strong>ex</strong></span> <span class='ocrx_word' id='word_1_713' title='bbox 2446 4183 2649 4248; x_wconf 86' lang='lat' dir='ltr'><strong>simila,</strong></span> <span class='ocrx_word' id='word_1_714' title='bbox 2680 4185 2918 4240; x_wconf 87' lang='lat' dir='ltr'><strong>lanceam</strong></span> <span class='ocrx_word' id='word_1_715' title='bbox 2957 4204 3076 4242; x_wconf 80' lang='lat' dir='ltr'><strong>vero</strong></span> <span class='ocrx_word' id='word_1_716' title='bbox 3119 4190 3346 4257; x_wconf 80' lang='lat' dir='ltr'><strong>ferream</strong></span> <span class='ocrx_word' id='word_1_717' title='bbox 3379 4196 3642 4252; x_wconf 85' lang='lat' dir='ltr'><strong>nesciunt.</strong></span> 
     </span>
    </p>
   </div>
   <div class='ocr_carea' id='block_1_104' title="bbox 2076 4261 3643 4339">
    <p class='ocr_par' dir='ltr' id='par_1_104' title="bbox 2076 4261 3643 4339">
     <span class='ocr_line' id='line_1_104' title="bbox 2076 4261 3643 4339; baseline 0.012 -25"><span class='ocrx_word' id='word_1_718' title='bbox 2076 4261 2268 4318; x_wconf 85' lang='lat' dir='ltr'><strong>Nullus</strong></span> <span class='ocrx_word' id='word_1_719' title='bbox 2303 4264 2390 4319; x_wconf 89' lang='lat' dir='ltr'><strong>hic</strong></span> <span class='ocrx_word' id='word_1_720' title='bbox 2431 4264 2500 4320; x_wconf 91' lang='lat' dir='ltr'><strong>de</strong></span> <span class='ocrx_word' id='word_1_721' title='bbox 2544 4269 2754 4339; x_wconf 82' lang='lat' dir='ltr'><strong>azymis</strong></span> <span class='ocrx_word' id='word_1_722' title='bbox 2792 4285 2972 4325; x_wconf 90' lang='lat' dir='ltr'><strong>sermo</strong></span> <span class='ocrx_word' id='word_1_723' title='bbox 3016 4280 3119 4338; x_wconf 82' lang='lat' dir='ltr'><strong>est,</strong></span> <span class='ocrx_word' id='word_1_724' title='bbox 3159 4277 3253 4329; x_wconf 88' lang='lat' dir='ltr'><strong>sed</strong></span> <span class='ocrx_word' id='word_1_725' title='bbox 3305 4273 3643 4332; x_wconf 77' lang='lat' dir='ltr'><strong>liumbertus</strong></span> 
     </span>
    </p>
   </div>
   <div class='ocr_carea' id='block_1_105' title="bbox 2075 4353 3642 4434">
    <p class='ocr_par' dir='ltr' id='par_1_105' title="bbox 2075 4353 3642 4434">
     <span class='ocr_line' id='line_1_105' title="bbox 2075 4353 3642 4434; baseline 0.009 -27"><span class='ocrx_word' id='word_1_726' title='bbox 2075 4353 2387 4409; x_wconf 62' lang='lat' dir='ltr'><strong>Grecorum</strong></span> <span class='ocrx_word' id='word_1_727' title='bbox 2433 4357 2596 4412; x_wconf 90' lang='lat' dir='ltr'><strong>ritum</strong></span> <span class='ocrx_word' id='word_1_728' title='bbox 2631 4361 2893 4430; x_wconf 81' lang='lat' dir='ltr'><strong>exagitat,</strong></span> <span class='ocrx_word' id='word_1_729' title='bbox 2919 4367 3030 4430; x_wconf 72' lang='lat' dir='ltr'><strong>quo</strong></span> <span class='ocrx_word' id='word_1_730' title='bbox 3073 4377 3415 4434; x_wconf 77' lang='lat' dir='ltr'><strong>segmentum</strong></span> <span class='ocrx_word' id='word_1_731' title='bbox 3461 4371 3642 4434; x_wconf 73' lang='lat' dir='ltr'><strong>quotl-</strong></span> 
     </span>
    </p>
   </div>
   <div class='ocr_carea' id='block_1_106' title="bbox 2073 4446 3644 4520">
    <p class='ocr_par' dir='ltr' id='par_1_106' title="bbox 2073 4446 3644 4520">
     <span class='ocr_line' id='line_1_106' title="bbox 2073 4446 3644 4520; baseline 0.01 -20"><span class='ocrx_word' id='word_1_732' title='bbox 2073 4446 2199 4501; x_wconf 91' lang='lat' dir='ltr'><strong>dam</strong></span> <span class='ocrx_word' id='word_1_733' title='bbox 2238 4449 2518 4518; x_wconf 66' lang='lat' dir='ltr'><strong>quadratae</strong></span> <span class='ocrx_word' id='word_1_734' title='bbox 2543 4450 2732 4506; x_wconf 71' lang='lat' dir='ltr'><strong>formae</strong></span> <span class='ocrx_word' id='word_1_735' title='bbox 2761 4454 2971 4518; x_wconf 85' lang='lat' dir='ltr'><strong>lancea,</strong></span> <span class='ocrx_word' id='word_1_736' title='bbox 2999 4465 3059 4508; x_wconf 92' lang='lat' dir='ltr'><strong>ut</strong></span> <span class='ocrx_word' id='word_1_737' title='bbox 3085 4457 3258 4520; x_wconf 90' lang='lat' dir='ltr'><strong>aiunt,</strong></span> <span class='ocrx_word' id='word_1_738' title='bbox 3293 4472 3390 4512; x_wconf 85' lang='lat' dir='ltr'><strong>seu</strong></span> <span class='ocrx_word' id='word_1_739' title='bbox 3417 4459 3644 4516; x_wconf 88' lang='lat' dir='ltr'><strong>cultello</strong></span> 
     </span>
    </p>
   </div>
   <div class='ocr_carea' id='block_1_107' title="bbox 2074 4543 3645 4613">
    <p class='ocr_par' dir='ltr' id='par_1_107' title="bbox 2074 4543 3645 4613">
     <span class='ocr_line' id='line_1_107' title="bbox 2074 4543 3645 4613; baseline 0.006 -20"><span class='ocrx_word' id='word_1_740' title='bbox 2074 4553 2257 4602; x_wconf 86' lang='lat' dir='ltr'><strong>sacro,</strong></span> <span class='ocrx_word' id='word_1_741' title='bbox 2295 4555 2360 4593; x_wconf 83' lang='lat' dir='ltr'><strong>ex</strong></span> <span class='ocrx_word' id='word_1_742' title='bbox 2401 4555 2540 4609; x_wconf 89' lang='lat' dir='ltr'><strong>pane</strong></span> <span class='ocrx_word' id='word_1_743' title='bbox 2571 4543 2708 4598; x_wconf 86' lang='lat' dir='ltr'><strong>satis</strong></span> <span class='ocrx_word' id='word_1_744' title='bbox 2737 4545 2918 4613; x_wconf 89' lang='lat' dir='ltr'><strong>amplo</strong></span> <span class='ocrx_word' id='word_1_745' title='bbox 2959 4546 3238 4610; x_wconf 79' lang='lat' dir='ltr'><strong>auferunt,</strong></span> <span class='ocrx_word' id='word_1_746' title='bbox 3269 4556 3324 4601; x_wconf 90' lang='lat' dir='ltr'><strong>et</strong></span> <span class='ocrx_word' id='word_1_747' title='bbox 3353 4563 3520 4604; x_wconf 85' lang='lat' dir='ltr'><strong>cruce</strong></span> <span class='ocrx_word' id='word_1_748' title='bbox 3561 4553 3645 4606; x_wconf 86' lang='lat' dir='ltr'><strong>si-</strong></span> 
     </span>
    </p>
   </div>
   <div class='ocr_carea' id='block_1_108' title="bbox 2069 4632 3645 4709">
    <p class='ocr_par' dir='ltr' id='par_1_108' title="bbox 2069 4632 3645 4709">
     <span class='ocr_line' id='line_1_108' title="bbox 2069 4632 3645 4709; baseline 0.009 -27"><span class='ocrx_word' id='word_1_749' title='bbox 2069 4641 2237 4700; x_wconf 86' lang='lat' dir='ltr'><strong>gnant</strong></span> <span class='ocrx_word' id='word_1_750' title='bbox 2269 4632 2326 4685; x_wconf 90' lang='lat' dir='ltr'><strong>in</strong></span> <span class='ocrx_word' id='word_1_751' title='bbox 2379 4633 2709 4689; x_wconf 87' lang='lat' dir='ltr'><strong>oblationem</strong></span> <span class='ocrx_word' id='word_1_752' title='bbox 2754 4634 2912 4689; x_wconf 87' lang='lat' dir='ltr'><strong>Deo:</strong></span> <span class='ocrx_word' id='word_1_753' title='bbox 2965 4652 3090 4691; x_wconf 90' lang='lat' dir='ltr'><strong>cum</strong></span> <span class='ocrx_word' id='word_1_754' title='bbox 3135 4635 3645 4709; x_wconf 75' lang='lat' dir='ltr'><strong>Hierosolymitante</strong></span> 
     </span>
    </p>
   </div>
   <div class='ocr_carea' id='block_1_109' title="bbox 2074 4721 3642 4799">
    <p class='ocr_par' dir='ltr' id='par_1_109' title="bbox 2074 4721 3642 4799">
     <span class='ocr_line' id='line_1_109' title="bbox 2074 4721 3642 4799; baseline 0.006 -25"><span class='ocrx_word' id='word_1_755' title='bbox 2074 4721 2332 4778; x_wconf 62' lang='lat' dir='ltr'><strong>Ecclesiae</strong></span> <span class='ocrx_word' id='word_1_756' title='bbox 2366 4725 2682 4782; x_wconf 83' lang='lat' dir='ltr'><strong>sacerdotes</strong></span> <span class='ocrx_word' id='word_1_757' title='bbox 2716 4727 2954 4780; x_wconf 89' lang='lat' dir='ltr'><strong>hostiam</strong></span> <span class='ocrx_word' id='word_1_758' title='bbox 2987 4728 3278 4798; x_wconf 85' lang='lat' dir='ltr'><strong>integram,</strong></span> <span class='ocrx_word' id='word_1_759' title='bbox 3311 4745 3406 4784; x_wconf 89' lang='lat' dir='ltr'><strong>seu</strong></span> <span class='ocrx_word' id='word_1_760' title='bbox 3443 4745 3642 4799; x_wconf 73' lang='lat' dir='ltr'><strong>pauent</strong></span> 
     </span>
    </p>
   </div>
   <div class='ocr_carea' id='block_1_110' title="bbox 2071 4816 3641 4889">
    <p class='ocr_par' dir='ltr' id='par_1_110' title="bbox 2071 4816 3641 4889">
     <span class='ocr_line' id='line_1_110' title="bbox 2071 4816 3641 4889; baseline 0.006 -22"><span class='ocrx_word' id='word_1_761' title='bbox 2071 4822 2289 4869; x_wconf 88' lang='lat' dir='ltr'><strong>tenuem</strong></span> <span class='ocrx_word' id='word_1_762' title='bbox 2305 4825 2362 4871; x_wconf 89' lang='lat' dir='ltr'><strong>et</strong></span> <span class='ocrx_word' id='word_1_763' title='bbox 2379 4830 2573 4870; x_wconf 87' lang='lat' dir='ltr'><strong>sanum</strong></span> <span class='ocrx_word' id='word_1_764' title='bbox 2603 4816 2882 4883; x_wconf 70' lang='lat' dir='ltr'><strong>offerrent,</strong></span> <span class='ocrx_word' id='word_1_765' title='bbox 2905 4820 3363 4889; x_wconf 88' lang='lat' dir='ltr'><strong>quemadmodum</strong></span> <span class='ocrx_word' id='word_1_766' title='bbox 3381 4819 3641 4878; x_wconf 81' lang='lat' dir='ltr'><strong>Romani.</strong></span> 
     </span>
    </p>
   </div>
   <div class='ocr_carea' id='block_1_111' title="bbox 2071 4909 3644 4979">
    <p class='ocr_par' dir='ltr' id='par_1_111' title="bbox 2071 4909 3644 4979">
     <span class='ocr_line' id='line_1_111' title="bbox 2071 4909 3644 4979; baseline 0.006 -21"><span class='ocrx_word' id='word_1_767' title='bbox 2071 4909 2231 4960; x_wconf 83' lang='lat' dir='ltr'><strong>Hunc</strong></span> <span class='ocrx_word' id='word_1_768' title='bbox 2263 4923 2427 4977; x_wconf 88' lang='lat' dir='ltr'><strong>porro</strong></span> <span class='ocrx_word' id='word_1_769' title='bbox 2459 4923 2654 4979; x_wconf 86' lang='lat' dir='ltr'><strong>panem</strong></span> <span class='ocrx_word' id='word_1_770' title='bbox 2709 4909 2981 4965; x_wconf 74' lang='lat' dir='ltr'><strong>fermento</strong></span> <span class='ocrx_word' id='word_1_771' title='bbox 3020 4913 3270 4968; x_wconf 85' lang='lat' dir='ltr'><strong>caruisse</strong></span> <span class='ocrx_word' id='word_1_772' title='bbox 3301 4928 3408 4966; x_wconf 88' lang='lat' dir='ltr'><strong>non</strong></span> <span class='ocrx_word' id='word_1_773' title='bbox 3451 4925 3644 4967; x_wconf 85' lang='lat' dir='ltr'><strong>narrat</strong></span> 
     </span>
    </p>
   </div>
   <div class='ocr_carea' id='block_1_112' title="bbox 2070 4994 3644 5070">
    <p class='ocr_par' dir='ltr' id='par_1_112' title="bbox 2070 4994 3644 5070">
     <span class='ocr_line' id='line_1_112' title="bbox 2070 4994 3644 5070; baseline 0.004 -23"><span class='ocrx_word' id='word_1_774' title='bbox 2070 4994 2407 5052; x_wconf 87' lang='lat' dir='ltr'><strong>llumbertus</strong></span> <span class='ocrx_word' id='word_1_775' title='bbox 2435 5017 2447 5051; x_wconf 93' lang='lat'><strong>:</strong></span> <span class='ocrx_word' id='word_1_776' title='bbox 2485 4997 2732 5068; x_wconf 90' lang='lat' dir='ltr'><strong>quinimo</strong></span> <span class='ocrx_word' id='word_1_777' title='bbox 2762 4999 2939 5056; x_wconf 80' lang='lat' dir='ltr'><strong>fuisse</strong></span> <span class='ocrx_word' id='word_1_778' title='bbox 2974 4999 3357 5056; x_wconf 77' lang='lat' dir='ltr'><strong>fermentatum</strong></span> <span class='ocrx_word' id='word_1_779' title='bbox 3382 5001 3644 5070; x_wconf 81' lang='lat' dir='ltr'><strong>colligere</strong></span> 
     </span>
    </p>
   </div>
   <div class='ocr_carea' id='block_1_113' title="bbox 2072 5089 3640 5157">
    <p class='ocr_par' dir='ltr' id='par_1_113' title="bbox 2072 5089 3640 5157">
     <span class='ocr_line' id='line_1_113' title="bbox 2072 5089 3640 5157; baseline 0.001 -16"><span class='ocrx_word' id='word_1_780' title='bbox 2072 5089 2232 5142; x_wconf 85' lang='lat' dir='ltr'><strong>liceat</strong></span> <span class='ocrx_word' id='word_1_781' title='bbox 2282 5103 2347 5143; x_wconf 83' lang='lat' dir='ltr'><strong>ex</strong></span> <span class='ocrx_word' id='word_1_782' title='bbox 2382 5089 2920 5157; x_wconf 74' lang='lat' dir='ltr'><strong>Alexandrinorum,</strong></span> <span class='ocrx_word' id='word_1_783' title='bbox 2956 5106 3056 5147; x_wconf 83' lang='lat' dir='ltr'><strong>seu</strong></span> <span class='ocrx_word' id='word_1_784' title='bbox 3101 5091 3502 5150; x_wconf 80' lang='lat' dir='ltr'><strong>Melchitarum.</strong></span> <span class='ocrx_word' id='word_1_785' title='bbox 3539 5106 3640 5145; x_wconf 85' lang='lat' dir='ltr'><strong>seu</strong></span> 
     </span>
    </p>
   </div>
   <div class='ocr_carea' id='block_1_114' title="bbox 2071 5179 3648 5254">
    <p class='ocr_par' dir='ltr' id='par_1_114' title="bbox 2071 5179 3648 5254">
     <span class='ocr_line' id='line_1_114' title="bbox 2071 5179 3648 5254; baseline 0.002 -19"><span class='ocrx_word' id='word_1_786' title='bbox 2071 5179 2446 5236; x_wconf 78' lang='lat' dir='ltr'><strong>Jacobitarum</strong></span> <span class='ocrx_word' id='word_1_787' title='bbox 2503 5197 2676 5250; x_wconf 89' lang='lat' dir='ltr'><strong>more,</strong></span> <span class='ocrx_word' id='word_1_788' title='bbox 2728 5184 2824 5254; x_wconf 91' lang='lat' dir='ltr'><strong>qui</strong></span> <span class='ocrx_word' id='word_1_789' title='bbox 2878 5184 3109 5254; x_wconf 87' lang='lat' dir='ltr'><strong>perinde</strong></span> <span class='ocrx_word' id='word_1_790' title='bbox 3163 5194 3328 5254; x_wconf 90' lang='lat' dir='ltr'><strong>atque</strong></span> <span class='ocrx_word' id='word_1_791' title='bbox 3377 5182 3648 5238; x_wconf 74' lang='lat' dir='ltr'><strong>Jacobita:</strong></span> 
     </span>
    </p>
   </div>
   <div class='ocr_carea' id='block_1_115' title="bbox 2072 5271 3642 5345">
    <p class='ocr_par' dir='ltr' id='par_1_115' title="bbox 2072 5271 3642 5345">
     <span class='ocr_line' id='line_1_115' title="bbox 2072 5271 3642 5345; baseline 0 -19"><span class='ocrx_word' id='word_1_792' title='bbox 2072 5271 2244 5343; x_wconf 71' lang='lat' dir='ltr'><strong>Syria:</strong></span> <span class='ocrx_word' id='word_1_793' title='bbox 2261 5275 2529 5330; x_wconf 85' lang='lat' dir='ltr'><strong>rotundas</strong></span> <span class='ocrx_word' id='word_1_794' title='bbox 2549 5291 2616 5330; x_wconf 81' lang='lat' dir='ltr'><strong>ex</strong></span> <span class='ocrx_word' id='word_1_795' title='bbox 2641 5274 2910 5330; x_wconf 79' lang='lat' dir='ltr'><strong>fermento</strong></span> <span class='ocrx_word' id='word_1_796' title='bbox 2931 5274 3272 5345; x_wconf 86' lang='lat' dir='ltr'><strong>placentulas</strong></span> <span class='ocrx_word' id='word_1_797' title='bbox 3288 5282 3642 5330; x_wconf 84' lang='lat' dir='ltr'><strong>consecrant.</strong></span> 
     </span>
    </p>
   </div>
   <div class='ocr_carea' id='block_1_116' title="bbox 2069 5365 3651 5439">
    <p class='ocr_par' dir='ltr' id='par_1_116' title="bbox 2069 5365 3651 5439">
     <span class='ocr_line' id='line_1_116' title="bbox 2069 5365 3651 5439; baseline 0.003 -22"><span class='ocrx_word' id='word_1_798' title='bbox 2069 5365 2234 5435; x_wconf 81' lang='lat' dir='ltr'><strong>Atqui</strong></span> <span class='ocrx_word' id='word_1_799' title='bbox 2283 5365 2556 5434; x_wconf 87' lang='lat' dir='ltr'><strong>ejusmodi</strong></span> <span class='ocrx_word' id='word_1_800' title='bbox 2603 5366 2916 5439; x_wconf 78' lang='lat' dir='ltr'><strong>[LXXXIV]</strong></span> <span class='ocrx_word' id='word_1_801' title='bbox 2960 5374 3118 5422; x_wconf 87' lang='lat' dir='ltr'><strong>erant</strong></span> <span class='ocrx_word' id='word_1_802' title='bbox 3155 5366 3352 5421; x_wconf 69' lang='lat' dir='ltr'><strong>hostia:</strong></span> <span class='ocrx_word' id='word_1_803' title='bbox 3397 5376 3651 5434; x_wconf 84' lang='lat' dir='ltr'><strong>tempore</strong></span> 
     </span>
    </p>
   </div>
   <div class='ocr_carea' id='block_1_117' title="bbox 2075 5439 3652 5527">
    <p class='ocr_par' dir='ltr' id='par_1_117' title="bbox 2075 5439 3652 5527">
     <span class='ocr_line' id='line_1_117' title="bbox 2075 5439 3652 5527; baseline 0.001 -17"><span class='ocrx_word' id='word_1_804' title='bbox 2075 5457 2252 5510; x_wconf 88' lang='lat' dir='ltr'><strong>sancti</strong></span> <span class='ocrx_word' id='word_1_805' title='bbox 2293 5439 2609 5526; x_wconf 79' lang='lat' dir='ltr'><strong>Epiphanii,</strong></span> <span class='ocrx_word' id='word_1_806' title='bbox 2639 5460 2733 5527; x_wconf 86' lang='lat' dir='ltr'><strong>qui</strong></span> <span class='ocrx_word' id='word_1_807' title='bbox 2771 5466 3054 5513; x_wconf 80' lang='lat' dir='ltr'><strong>externam</strong></span> <span class='ocrx_word' id='word_1_808' title='bbox 3099 5455 3449 5513; x_wconf 86' lang='lat' dir='ltr'><strong>eucharistici</strong></span> <span class='ocrx_word' id='word_1_809' title='bbox 3481 5457 3652 5522; x_wconf 85' lang='lat' dir='ltr'><strong>panis</strong></span> 
     </span>
    </p>
   </div>
   <div class='ocr_carea' id='block_1_118' title="bbox 2072 5547 3650 5632">
    <p class='ocr_par' dir='ltr' id='par_1_118' title="bbox 2072 5547 3650 5632">
     <span class='ocr_line' id='line_1_118' title="bbox 2072 5547 3650 5632; baseline -0.001 -31"><span class='ocrx_word' id='word_1_810' title='bbox 2072 5548 2300 5618; x_wconf 88' lang='lat' dir='ltr'><strong>ﬁguram</strong></span> <span class='ocrx_word' id='word_1_811' title='bbox 2325 5547 2496 5604; x_wconf 80' lang='lat' dir='ltr'><strong>fuisse</strong></span> <span class='ocrx_word' id='word_1_812' title='bbox 2519 5549 2810 5604; x_wconf 90' lang='lat' dir='ltr'><strong>rotundam</strong></span> <span class='ocrx_word' id='word_1_813' title='bbox 2843 5550 3008 5606; x_wconf 85' lang='lat' dir='ltr'><strong>tradit</strong></span> <span class='ocrx_word' id='word_1_814' title='bbox 3029 5549 3106 5629; x_wconf 73' lang='grc' dir='ltr'><strong>(ὁ)</strong></span> <span class='ocrx_word' id='word_1_815' title='bbox 3135 5548 3247 5628; x_wconf 60' lang='lat' dir='ltr'><strong>:ka</strong></span> <span class='ocrx_word' id='word_1_816' title='bbox 3265 5551 3369 5632; x_wconf 59' lang='lat' dir='ltr'><strong>jtév</strong></span> <span class='ocrx_word' id='word_1_817' title='bbox 3390 5553 3500 5628; x_wconf 63' lang='grc' dir='ltr'><strong>γάρ</strong></span> <span class='ocrx_word' id='word_1_818' title='bbox 3519 5547 3650 5600; x_wconf 66' lang='grc' dir='ltr'><strong>ἐστι</strong></span> 
     </span>
    </p>
   </div>
   <div class='ocr_carea' id='block_1_119' title="bbox 2136 5747 2657 5821">
    <p class='ocr_par' dir='ltr' id='par_1_119' title="bbox 2136 5747 2657 5821">
     <span class='ocr_line' id='line_1_119' title="bbox 2136 5747 2657 5821; baseline 0.01 -21"><span class='ocrx_word' id='word_1_819' title='bbox 2136 5747 2447 5821; x_wconf 59' lang='grc' dir='ltr'><strong>,(ὺλΑιπον.</strong></span> <span class='ocrx_word' id='word_1_820' title='bbox 2481 5764 2546 5809; x_wconf 80' lang='grc' dir='ltr'><strong>ιι.,</strong></span> <span class='ocrx_word' id='word_1_821' title='bbox 2567 5747 2657 5805; x_wconf 83' lang='grc'>57.</span> 
     </span>
    </p>
   </div>
  </div>
