3922 6346
209 366 322 434 397

211 478 679 552 στρογγυλοειδὲς,
727 475 906 546 inquit
966 489 979 527 :
1035 470 1180 526 Nam
1224 466 1525 523 rotunditas
1561 464 1687 527 illa,
1742 469 1793 515 et

209 572 353 641 quod
379 587 536 626 sensu
566 587 670 623 non
702 567 1026 637 percipitur,
1064 572 1171 619 etc.
1214 559 1415 627 Quidni
1452 558 1564 612 Leo
1593 554 1793 610 Achri-

210 662 395 716 danus
425 672 472 714 et
495 660 726 714 Michael
750 655 1074 713 Cerularius
1103 659 1326 724 propter
1352 646 1791 719 placentularum

211 752 431 806 illarum
449 751 696 805 tenuium
736 756 790 804 et
819 746 1179 802 rotundarum
1214 742 1544 798 oblationem
1568 737 1795 809 perinde

212 843 500 898 intulerint
531 839 936 896 Alexandrinos
965 835 1612 907 ﬂierosolymitanosque
1645 828 1791 885 haud

211 949 373 990 secus
408 949 470 987 ac
497 933 724 989 Latinos
755 946 945 1002 azyma
975 927 1345 985 consecrare?
1370 924 1626 980 Profecto
1665 937 1792 978 cer-

212 1039 327 1082 tum
364 1035 449 1081 est
477 1024 981 1095 chartophylacem,
1019 1036 1117 1077 seu
1165 1020 1319 1074 illum
1350 1018 1446 1089 qui
1483 1017 1552 1072 ab
1583 1016 1791 1085 episto-

209 1122 284 1176 lis
314 1118 627 1177 scribendis
656 1116 940 1172 Cerulario
966 1112 1294 1183 patriarcha
1321 1118 1461 1174 erat,
1497 1108 1706 1179 passim
1736 1107 1787 1160 in

210 1210 319 1264 illa
359 1209 429 1263 ad
474 1207 698 1262 Petrum
758 1204 1162 1259 Antiochenum
1221 1198 1454 1270 epistola
1504 1204 1789 1265 stuporem

207 1318 399 1365 suum,
447 1299 833 1367 inscitiamque
860 1309 1017 1351 suam
1060 1293 1261 1348 eximie
1289 1290 1540 1362 prodere,
1572 1297 1627 1343 et
1657 1302 1790 1343 nus-

205 1408 369 1462 quam
402 1407 511 1445 non
542 1389 781 1459 turpiter
809 1387 1105 1457 cespitare.
1148 1383 1207 1438 ld
1244 1381 1392 1452 quod
1428 1380 1568 1436 satis
1596 1393 1787 1449 super-

206 1499 314 1553 que
346 1482 731 1537 Antiochenus
772 1480 889 1548 ipse
930 1478 1139 1533 indicat
1179 1476 1233 1530 in
1269 1472 1642 1544 responsoriis
1667 1470 1787 1526 suis

208 1576 413 1629 litteris
463 1573 531 1628 ad
570 1569 1265 1639 Constantinopolitanum.
1316 1565 1412 1623 Sin
1462 1578 1595 1619 vero
1634 1579 1647 1615 :
1693 1575 1789 1615 ne-

207 1680 488 1737 quaquam
528 1663 745 1720 inﬁcias
766 1663 882 1718 iero
902 1661 1308 1717 Alexandrinos
1337 1658 1453 1714 sive
1475 1655 1782 1718 Melcbitas,

206 1760 325 1812 sive
373 1755 691 1818 Jacobitas,
741 1754 1006 1825 peculiari
1053 1752 1289 1824 quadam
1335 1752 1465 1805 anni
1497 1749 1608 1814 die,
1655 1755 1786 1818 puta

208 1849 347 1903 feria
392 1850 583 1917 quinta
636 1847 691 1901 in
719 1847 888 1900 Ct'ena
919 1843 1136 1898 Domini
1164 1884 1179 1909 ,
1212 1841 1423 1913 azymis
1453 1839 1788 1911 quandoque

206 1954 366 1995 sacra
397 1924 628 2004 fecisse;
665 1938 720 1992 in
744 1936 1065 1993 memoriam
1094 1935 1305 1990 scilicet
1330 1946 1648 2004 azymorum
1683 1944 1786 2000 pa-

207 2043 378 2092 num,
437 2028 641 2098 quibus
697 2024 950 2080 Salvator
1004 2023 1110 2078 hac
1190 2023 1311 2091 ipsa
1373 2020 1465 2075 die
1525 2018 1793 2074 Euchari-

207 2119 371 2174 stiam
414 2116 674 2179 instituit,
712 2112 1171 2186 quemadmodum
1206 2111 1507 2167 Abessinos
1545 2122 1784 2165 consue-

206 2215 352 2269 visse
405 2221 531 2283 post
583 2211 654 2265 cl.
704 2207 1017 2265 Ludolllum
1059 2206 1303 2262 diximus
1351 2223 1364 2259 :
1408 2203 1615 2275 quippe
1658 2217 1784 2259 eum

205 2303 499 2373 Aithiopes
528 2303 616 2357 isti
658 2300 815 2356 ﬁdem
849 2300 1104 2369 ritusque
1135 2311 1324 2353 sacros
1359 2296 1426 2351 ab
1455 2296 1785 2352 Alexandri-

190 2396 289 2451 vnis
318 2394 653 2465 acceperint.
685 2392 824 2459 Quid
854 2392 1037 2456 etiam,
1070 2390 1116 2446 si
1147 2388 1323 2444 Grarci
1354 2403 1464 2443 non
1501 2401 1787 2445 concesse-

203 2490 313 2544 rint
353 2488 627 2560 Egyptiis
662 2501 859 2557 aquam
895 2484 1042 2539 illam
1079 2482 1412 2538 duodecima
1436 2479 1588 2536 Junii
1631 2480 1785 2536 deci-

203 2582 421 2637 dentem
457 2578 713 2634 fermenti
755 2578 1017 2633 virtutem
1056 2574 1278 2639 habere,
1310 2574 1558 2643 adeoque
1592 2571 1783 2628 conle-

203 2681 346 2727 ctam
388 2685 451 2726 ea
505 2670 740 2726 hostiam
790 2668 1146 2723 nihilosecins
1188 2679 1433 2737 azymam
1480 2680 1603 2721 esse
1649 2678 1782 2720 cen-

202 2762 418 2819 suerint
444 2762 468 2815 t
498 2760 592 2817 llis
626 2761 817 2817 aliisve
855 2758 1239 2814 consimilibus
1268 2755 1783 2826 interpretamentis

207 2869 302 2911 seu
350 2852 858 2923 conjectationibus
900 2851 1042 2905 ratio
1088 2848 1243 2905 reddi
1294 2848 1489 2919 possit,
1531 2861 1633 2901 cur
1680 2844 1781 2900 Mi-

201 2944 357 3000 chael
397 2942 722 2999 Cerularius
764 2950 815 2997 et
856 2940 966 2996 Leo
1008 2940 1362 2995 Achridanus
1404 2937 1693 3008 Egyptios
1725 2945 1779 2992 et

199 3036 522 3092 Palaestinos
552 3049 665 3089 non
714 3033 1061 3090 fermentatis
1105 3032 1344 3103 panibus
1384 3046 1498 3086 rem
1531 3030 1776 3086 divinam

202 3125 389 3182 facere
420 3128 756 3196 putaverint.

268 3213 493 3269 XXXV.
524 3213 682 3269 Modo
711 3228 842 3269 vero
885 3213 954 3269 de
1000 3227 1319 3285 azymorum
1357 3211 1501 3283 apud
1546 3210 1777 3266 Latinos

198 3308 530 3378 antiquitate
558 3306 850 3364 dicendum
884 3314 990 3362 est.
1023 3308 1134 3362 Leo
1159 3303 1349 3361 Nonus
1387 3304 1652 3360 adversus
1684 3302 1779 3357 Mi-

198 3396 413 3451 chaelis
464 3394 733 3451 Cerularii
776 3394 1006 3464 ejusque
1040 3394 1380 3450 asscclarum
1431 3392 1775 3448 criminatio-

200 3501 299 3543 nes
331 3488 719 3542 incunctanter
752 3483 1050 3540 afﬁrmavit
1092 3498 1284 3541 eorum
1314 3498 1474 3538 usum
1502 3483 1557 3537 in
1585 3482 1773 3538 Eccle-

198 3580 279 3635 sia
316 3577 565 3632 Romana
595 3577 835 3647 viguisse
869 3577 940 3631 ab
988 3576 1244 3645 ipsismet
1275 3574 1610 3630 Christianae
1642 3573 1772 3630 reli-

196 3672 384 3744 gionis
429 3670 752 3741 primordiis
781 3689 793 3725 :
825 3670 955 3737 Quis
981 3686 1086 3726 non
1130 3678 1362 3738 stupeat,
1394 3670 1593 3738 inquit,
1633 3670 1772 3738 quod

194 3774 312 3831 post
342 3770 555 3815 sanctos
586 3767 637 3813 et
673 3758 994 3813 orthodoxae
1046 3757 1238 3812 Patres
1286 3774 1378 3826 per
1426 3759 1570 3812 mille
1602 3767 1650 3812 et
1698 3759 1775 3811 oi-

193 3854 326 3922 ginti
353 3870 388 3907 a
420 3852 667 3921 passione
691 3850 983 3906 Saluatoris
1020 3866 1185 3904 annos
1218 3865 1382 3903 navus
1413 3848 1773 3902 calumniator

200 3943 449 3999 Ecclesia
482 3942 797 3997 Latinarum
833 3941 1119 4003 emersisti,
1148 3940 1612 3994 anathematizans
1652 3954 1769 3991 om-

196 4053 302 4101 nes,
353 4037 648 4107 quicunque
700 4034 1152 4103 participarcntur
1210 4034 1268 4086 in
1322 4033 1549 4103 azymis.
1622 4032 1767 4087 Idem

196 4128 431 4184 asseruit
457 4126 792 4181 Humbertus
824 4125 1035 4195 legatus
1062 4121 1282 4190 Leonis,
1306 4123 1360 4178 in
1392 4126 1460 4179 iis
1485 4138 1605 4193 quae
1631 4138 1767 4178 con-

197 4226 278 4273 tra
318 4218 573 4273 eumdem
624 4216 970 4273 Cerularium
1010 4224 1066 4271 et
1113 4215 1357 4272 Nicetam
1410 4214 1760 4271 Pectoratum

196 4310 435 4379 scripsit.
469 4309 616 4364 idem
661 4323 884 4362 rursum
934 4308 1092 4377 Hugo
1141 4305 1497 4373 Etherianus,
1549 4305 1645 4361 lib.
1699 4320 1759 4371 ιι,

192 4416 313 4471 cap.
343 4400 437 4464 εἴ,
469 4410 527 4455 et
560 4400 649 4454 alii
678 4400 1006 4457 saeculorum
1042 4414 1095 4452 ιι
1124 4405 1179 4453 et
1213 4413 1285 4452 xu
1319 4404 1664 4454 trat-tatores.

277 4488 522 4544 XXXVI.
575 4489 842 4545 Martinus
902 4488 1145 4544 Polonus
1196 4488 1249 4542 in
1300 4488 1612 4552 Chronico,
1670 4488 1761 4542 ubi

191 4581 257 4636 de
297 4580 614 4636 Alexandro
678 4581 699 4635 ι
752 4581 1009 4650 pontiﬁce
1054 4578 1302 4634 Romano
1356 4565 1469 4634 hinc
1522 4579 1687 4633 habet
1744 4596 1757 4633 :

191 4672 287 4727 Hic
306 4674 472 4727 etiam
495 4674 704 4737 statuit,
750 4681 808 4725 ut
845 4673 961 4726 vina
992 4688 1130 4741 aqua
1174 4671 1481 4725 misceretur
1511 4671 1579 4725 ad
1615 4670 1759 4725 desi-

190 4763 459 4832 gnandum
489 4765 734 4818 unionem
773 4762 969 4818 Christi
1004 4780 1123 4817 cum
1148 4762 1408 4829 Ecclesia,
1443 4771 1493 4818 et
1520 4773 1577 4817 ut
1609 4763 1761 4818 abla-

190 4856 258 4908 tio
292 4857 442 4924 ﬁeret
472 4855 525 4907 in
553 4871 759 4924 azyma,
788 4865 838 4909 et
870 4856 923 4908 in
958 4855 1160 4910 modica
1183 4859 1494 4924 quantitate,
1535 4858 1712 4913 dicens
1742 4876 1754 4911 :

190 4942 317 4998 Hac
346 4942 550 5000 oblatio
594 4955 791 5012 quanto
838 4948 1040 5013 patior,
1074 4956 1220 5001 tanta
1276 4949 1473 5001 rarior.
1516 4947 1759 5018 Epistola

189 5035 362 5102 prima
406 5049 530 5104 qua:
578 5035 647 5089 ab
688 5035 899 5091 Isidoro
930 5036 1234 5093 Mercatore
1276 5038 1441 5108 hujus
1480 5040 1758 5109 pontiﬁcis

190 5126 408 5181 nantine
434 5128 715 5197 supposita
744 5139 848 5195 est,
885 5129 1107 5199 jubetur
1138 5138 1197 5184 ut
1226 5144 1366 5201 aqua
1412 5131 1539 5186 vino
1584 5133 1758 5187 admi-

189 5228 430 5284 sceatur;
463 5221 527 5273 de
560 5220 767 5290 azymis
790 5235 916 5277 vero
941 5221 1078 5279 nihil
1108 5221 1162 5276 in
1197 5237 1283 5286 ea,
1323 5237 1423 5279 nec
1454 5222 1509 5278 in
1538 5224 1756 5283 duabus

189 5309 309 5365 aliis
336 5310 552 5381 legitur.
583 5311 740 5369 Unde
777 5316 893 5368 haec
926 5312 1193 5370 Martinus
1244 5316 1509 5385 hauserit,
1543 5318 1755 5375 incom-

190 5410 398 5469 pertum
431 5413 537 5461 est.
588 5403 802 5461 Platina
843 5421 970 5463 vero
1019 5408 1170 5462 addit
1202 5409 1305 5465 hoc
1345 5410 1409 5464 ab
1449 5411 1753 5469 Alexandra

249 5553 299 5589 ⁶³
329 5554 495 5609 Levii.
521 5572 584 5617 ll,
620 5558 706 5621 l3,
737 5558 820 5611 14.

250 5729 335 5804 (ιι)
361 5729 425 5788 1η
457 5748 507 5788 tv
536 5731 709 5800 Sent.,
740 5733 869 5790 dist.
905 5750 981 5801 tu,
1031 5752 1083 5806 q.
1112 5734 1167 5792 5.

1584 341 2085 406 DISSERTATIO
2124 349 2219 407 VI.

3375 363 3480 423 392i

1896 470 2181 527 statutum,
2218 473 2276 516 ut
2311 462 2573 522 Ebianitis
2605 468 2870 525 ltwreticis
2912 473 3275 531 calumniandi
3320 496 3477 536 acca-

1894 548 1972 602 sio
2001 548 2323 617 auferretur.
2352 550 2525 616 Quem
2564 556 2785 625 quidem
2818 558 2983 629 hujus
3015 562 3266 620 historici
3292 564 3478 624 locum

1870 637 2181 711 ~Nectarius
2242 658 2489 714 nuperus
2553 648 2868 716 patriarcha
2941 652 3477 727 Hierosolymitanus

1895 746 2157 802 perquam
2192 734 2350 790 avide
2381 737 2620 806 excepit,
2670 748 2728 792 ut
2776 740 2902 795 inde
2941 742 3248 803 Romanam
3290 749 3477 807 Eccle-

1894 822 2033 877 siam
2068 824 2121 877 in
2149 823 2240 893 jus
2273 837 2512 891 vocaret,
2548 836 2807 899 tanquam
2837 832 3135 902 haereticis,
3169 839 3279 894 imo
3302 840 3473 896 etJu-

1894 913 2050 980 dacis,
2068 930 2259 987 azyma
2276 921 2599 990 usurpando
2617 923 2940 979 adblandita
2952 937 3120 983 esset.
3143 928 3279 995 Quis
3294 948 3423 990 vero
3440 951 3471 989 a

1894 1006 2264 1065 schismaticis
2288 1010 2496 1068 Graecis
2516 1012 2826 1083 ,Ecclesiam
2862 1014 3166 1073 Romanam
3199 1019 3470 1079 Judaismi

1892 1112 2042 1152 ream
2102 1109 2330 1170 propter
2392 1118 2582 1175 azyma
2634 1108 2821 1179 peragi
2875 1108 3035 1175 ferat,
3079 1114 3302 1181 quando
3368 1117 3468 1186 ipsi

1889 1187 2121 1247 Judaico
2167 1208 2395 1263 prorsus
2444 1211 2599 1253 more
2638 1208 2928 1267 caverunt,
2975 1218 3045 1257 ne
3094 1204 3150 1257 in
3199 1205 3472 1262 sacriﬁcio

1892 1282 2266 1340 eucharistica
2294 1287 2376 1343 sal
2421 1287 2657 1344 deesset.
2707 1290 2905 1347 Panem
2950 1294 3220 1363 siquidem
3249 1335 3264 1359 ,
3309 1312 3473 1366 quem

1892 1374 1950 1429 in
1973 1375 2160 1432 divina
2191 1378 2415 1452 liturgia
2444 1381 2704 1448 oll'erunt,
2726 1400 2837 1440 non
2858 1384 3247 1443 fermentatum
3277 1368 3472 1457 modo,

1893 1482 2078 1522 verum
2120 1477 2174 1524 et
2212 1472 2327 1527 sale
2370 1473 2650 1529 conditum
2696 1491 2818 1533 esse
2842 1479 3054 1545 volunt,
3084 1480 3238 1548 juxta
3269 1497 3335 1537 ac
3365 1498 3476 1543 sta-

1890 1560 2063 1615 tuitur
2086 1562 2139 1617 in
2162 1562 2280 1634 lege
2310 1564 2515 1636 Moysis
2550 1586 2563 1621 :
2597 1569 2706 1621 Kal.
2742 1571 2852 1624 πᾶν
2879 1571 3051 1642 δῶρον
3085 1573 3277 1637 Busta;
3319 1575 3474 1646 ὑμῶν

1890 1652 1979 1706 ἁλὶ
1998 1654 2372 1728 ἁλισθήσεται.
2399 1661 2471 1713 Οὐ
2516 1660 2853 1717 διαπαύσατε
2892 1665 3027 1729 ἃλας
3065 1667 3335 1739 διαθήκης
3366 1670 3474 1725 Ku-

1893 1743 2009 1814 plou
2061 1746 2172 1801 ἀπὸ
2213 1747 2602 1821 θυσιωμάτων
2648 1753 2825 1823 ὑμῶν.
2880 1756 3003 1809 Ἐπὶ
3044 1759 3244 1821 παντὸς
3292 1758 3469 1831 δώρου

1890 1839 2046 1909 ὑμῶν
2079 1840 2402 1911 προσοίσετε
2430 1844 2618 1915 Κυρίῳ
2656 1846 2735 1916 τῷ
2765 1846 2886 1917 Θεῷ
2917 1848 3073 1919 ὑμῶν
3096 1849 3232 1915 ἃλας
3255 1852 3324 1906 ⁸³.
3360 1854 3471 1908 Aut

1889 1930 2058 2000 igitur
2087 1933 2169 1986 sal
2200 1934 2487 1991 eliminent
2523 1938 2593 1993 ab
2620 1939 2899 1995 oblatione
2932 1941 3181 2009 Domini,
3212 1953 3307 1999 aut
3343 1959 3470 2014 par-

1888 2029 2018 2076 eant
2057 2020 2295 2089 Latinis,
2339 2027 2434 2096 qui
2474 2026 2656 2083 alieno
2683 2045 2912 2099 prorsus
2940 2047 2971 2086 a
2994 2032 3237 2090 Judaicis
3269 2036 3467 2092 ritibus

1888 2114 2072 2176 animo
2094 2130 2266 2185 panes
2313 2118 2432 2174 sine
2468 2119 2732 2175 fermento
2753 2126 3165 2182 consecrandos
3205 2126 3463 2183 oll'erunt.

1959 2204 2223 2262 XXXVII.
2282 2207 2546 2266 Doctores
2605 2213 2927 2269 scholastici
2992 2218 3261 2286 primaria
3317 2219 3465 2276 illius

1886 2296 2087 2360 aetatis,
2145 2308 2273 2368 puta
2306 2298 2622 2357 Alexander
2668 2302 2908 2371 Alensis,
2944 2305 3005 2361 S.
3060 2307 3466 2373 Bonarentura.

1888 2386 2202 2456 Durandus,
2248 2399 2302 2445 et
2339 2391 2398 2447 S.
2441 2392 2682 2451 Thomas
2706 2396 2760 2450 in
2799 2402 3211 2456 commentariis
3257 2402 3325 2456 ad
3368 2404 3463 2459 lib.

1888 2490 1962 2531 tv.
1993 2477 2231 2534 Sentent.
2271 2482 2404 2539 dist.
2439 2500 2512 2539 xi.
2564 2487 2752 2541 nescio
2795 2502 2906 2557 quo
2948 2499 3195 2554 auctore,
3243 2493 3465 2549 tradunt

1887 2568 2129 2625 Leonem
2176 2588 2374 2644 papam
2414 2591 2715 2633 narrasse:
2746 2579 3047 2637 Grassante
3084 2583 3463 2641 Ehionitarum

1887 2662 2082 2717 haeresi
2117 2664 2496 2721 intermissum
2528 2668 2850 2738 aliquandiu
2896 2686 2925 2724 a
2966 2674 3175 2729 sanctis
3206 2674 3462 2733 Patribus

1886 2768 2199 2825 azymorum
2238 2760 2742 2819 consecrandorum
2786 2777 3017 2820 morem.
3052 2765 3316 2832 Quisnam
3370 2768 3461 2824 hic

1885 2844 1997 2901 Leo
2050 2861 2189 2919 papa
2248 2850 2433 2917 fuerit,
2482 2854 2669 2911 nullus
2717 2854 2944 2923 indicat,
3003 2873 3104 2913 nec
3159 2861 3459 2931 quidquam

1882 2939 2152 3008 ejusmodi
2188 2943 2387 3015 legitur
2416 2945 2468 2999 in
2498 2947 2721 3017 scriptis
2752 2949 2917 3005 ullius
2948 2950 3221 3020 pontiﬁcis
3259 2953 3458 3009 Roma-

1880 3031 1958 3097 ni,
1994 3033 2088 3102 qui
2125 3033 2323 3089 Leonis
2356 3051 2551 3093 nomen
2602 3038 2829 3097 sortitus
2856 3041 2948 3096 sit.
2981 3042 3163 3096 Altum
3185 3058 3248 3098 ea
3283 3043 3352 3099 de
3397 3059 3459 3103 re

1880 3122 1934 3176 in
1967 3124 2214 3194 epistolis
2256 3125 2455 3182 Leonis
2496 3127 2567 3182 IX
2599 3129 2904 3185 silentium.
2932 3130 3037 3186 Sed
3063 3132 3186 3202 plus
3238 3133 3362 3195 aliis
3403 3142 3458 3189 et

1880 3213 2253 3283 perspicacius
2277 3217 2414 3272 vidit
2455 3218 2676 3276 subtilis
2709 3220 2903 3276 doctor
2931 3221 3039 3292 (a),
3088 3222 3247 3291 cujus
3289 3224 3456 3280 verba

1876 3300 2006 3358 libet
2054 3303 2145 3359 hic
2167 3306 2423 3362 recitare.
2455 3307 2566 3362 Sub
2596 3307 2768 3364 Leone
2794 3310 2970 3379 papa',
3000 3312 3200 3383 inquit,
3224 3314 3326 3383 fuit
3350 3315 3457 3370 lite-

1877 3393 2008 3446 resis
2030 3409 2244 3449 servans
2279 3396 2440 3465 legem
2470 3413 2587 3451 cum
2622 3395 2929 3470 Evangelia.
2970 3401 3041 3455 Et
3066 3410 3189 3455 tunc
3216 3418 3280 3457 ne
3311 3402 3458 3458 vide-

1874 3481 2126 3538 derentur
2159 3485 2336 3539 Latini
2356 3502 2563 3543 servare
2585 3488 2746 3558 legem
2772 3487 2809 3541 l
2814 3490 3109 3559 admorunt,
3135 3504 3453 3562 praeceptum

1874 3573 1975 3640 fuit
2004 3576 2259 3643 can/icere
2292 3577 2347 3629 in
2378 3593 2515 3644 pane
2546 3576 2878 3645 fermentata.
2920 3578 3024 3634 Sed
3055 3583 3268 3650 quando
3294 3583 3451 3636 rediit

1872 3663 2003 3731 fides
2036 3673 2085 3718 et
2135 3666 2395 3729 invaluit,
2436 3669 2520 3720 usi
2552 3676 2677 3721 sunt
2708 3667 2891 3722 Latini
2919 3685 3054 3738 pane
3084 3686 3293 3741 azyma.
3336 3671 3450 3729 Has

1874 3755 2110 3825 ineptias
2142 3758 2426 3821 recitasse,
2457 3757 2732 3814 refutasse
2750 3768 2854 3815 est.

1942 3846 2231 3903 XXXVIII.
2280 3849 2559 3904 Aliorsum
2607 3849 2784 3906 (ἰταδεί
2836 3852 3178 3909 schismatici
3228 3868 3451 3926 azymo-

1870 3953 1991 3993 rum
2024 3954 2184 3995 usum
2220 3941 2417 3996 Carolo
2447 3942 2650 4013 Magno
2678 3958 2803 4000 esse
2835 3945 3192 4002 vetustiorem
3228 3953 3287 4000 ut
3319 3947 3446 4017 plu-

1869 4031 2069 4086 rimum
2116 4040 2338 4103 negant,
2392 4048 2629 4104 eumque
2669 4050 2701 4090 a
2744 4035 2975 4093 Francis
3030 4038 3082 4092 in
3137 4039 3444 4094 Romanam

1868 4122 2173 4179 Ecclesiam
2236 4126 2515 4181 invectum
2579 4129 2854 4198 garriunt.
2940 4130 3034 4186 Sic
3107 4132 3443 4203 Epiphanius

1866 4216 2520 4287 Constantinopolitanus
2543 4218 2643 4274 lib.
2688 4220 2762 4277 De
2788 4222 3017 4278 dissidio
3052 4224 3192 4277 inter
3225 4223 3439 4280 Gnaeos

1865 4318 1915 4362 et
1950 4308 2192 4365 Latinos.
2245 4310 2338 4366 Sic
2384 4310 2606 4366 Nicetas
2660 4312 2892 4375 Seidus,
2943 4315 3037 4386 qui
3092 4316 3198 4372 sub
3247 4316 3440 4371 Alexio

1864 4400 2148 4457 Comncna
2203 4402 2504 4459 scribebat.
2559 4401 2652 4457 Sic
2683 4406 2777 4459 alii
2828 4414 3087 4463 auctores
3139 4422 3281 4477 quos
3329 4406 3439 4461 Leo

1860 4492 2097 4548 Allatius
2132 4494 2267 4549 citat
2300 4498 2698 4552 exercitatione
2736 4496 2841 4559 28,
2884 4498 3146 4553 Adversus
3182 4499 3436 4570 δηναιο-

1864 4600 2009 4639 nam.
2040 4584 2131 4639 Sic
2173 4585 2483 4645 Germanus
2523 4591 2615 4646 ille
2638 4590 3291 4660 ConstantinOpalitanus
3337 4606 3442 4661 pa-

1863 4672 2101 4726 triarcha
2151 4673 2205 4727 in
2248 4676 2482 4744 epistola
2531 4679 2612 4745 (ut
2658 4677 2763 4736 I'ert
2812 4679 3029 4747 titulus)
3082 4681 3161 4733 Ad
3191 4691 3433 4735 sanctum

1865 4763 2195 4819 Theodorum
2238 4764 2529 4822 Studitam.
2564 4769 2667 4836 Qui
2712 4771 2933 4841 quidem
2977 4771 3309 4840 Germanus,
3350 4773 3435 4828 di-

1862 4872 2051 4913 versus
2089 4858 2316 4914 omnino
2347 4862 2659 4917 censendus
2689 4870 2774 4919 est
2819 4878 2849 4917 a
2898 4864 3251 4921 sanctissimo
3296 4879 3433 4935 pon-

1862 4949 2009 5005 tiﬁce
2038 4949 2312 5005 Cennano
2361 4951 2401 5018 l,
2447 4955 2539 5024 qui
2591 4955 2797 5023 primos
2857 4954 3011 5026 ignes
3054 4956 3429 5014 lconoclastici

1860 5041 2063 5096 furoris
2103 5040 2285 5097 Leone
2328 5041 2519 5099 lsauro
2563 5046 2812 5115 rugiente
2850 5046 2979 5100 olim
3037 5055 3294 5118 expertus
3324 5057 3428 5105 est.

1860 5132 1959 5188 Vix
1992 5136 2193 5204 quippe
2228 5142 2389 5189 natus
2416 5146 2532 5191 erat
2573 5147 2801 5194 sanctus
2837 5138 3157 5195 Theodorus
3189 5138 3428 5201 Studita,

1859 5227 2076 5295 quando
2136 5229 2357 5284 divinus
2415 5229 2503 5282 hic
2564 5228 2872 5286 Germanus
2923 5232 3164 5288 excessit
3212 5247 3242 5286 e
3295 5231 3425 5286 vita.

1859 5318 2201 5391 Quapropter
2242 5320 2471 5391 epistola
2525 5321 2638 5375 haec
2668 5337 2790 5391 quae
2824 5338 2987 5377 manu
3027 5328 3247 5378 exarata
3276 5337 3432 5391 repe-

1860 5414 2000 5471 ritur
2032 5415 2087 5468 in
2115 5414 2287 5470 variis
2326 5414 2556 5484 Europa:
2591 5412 2970 5478 bibliothecis,
3007 5427 3071 5470 ac
3126 5413 3427 5485 praesertim
