3922 6346
449 351 557 421 399

455 465 511 519 in
544 459 715 531 Regia
750 457 872 513 cod.
906 455 1047 512 2982
1079 453 1436 511 attribuenda
1464 456 1618 511 venit
1652 453 1930 510 Germano
1960 446 2029 512 ll,

454 549 720 606 Romana:
746 548 1007 604 Ecclesia:
1038 547 1413 604 infcnsissimo
1446 547 1627 615 hoste,
1657 545 1751 615 qui
1792 554 1915 598 eam
1962 538 2033 593 ad

455 640 806 697 Theodorum
848 640 1142 711 quemdam
1181 638 1505 695 monasterii
1555 636 1737 692 Studii
1790 630 2030 705 perscri-

460 732 652 801 pserit.
685 729 803 786 Nisi
855 730 1000 785 forte
1034 744 1133 799 pro
1166 728 1460 785 Theodoro
1499 726 1718 782 Studita
1764 723 2031 795 legamus,

452 826 726 896 Θεόδωρον
752 825 843 877 τὸν
873 824 1123 893 Στίλϐην,
1155 822 1487 879 Theodorum
1528 819 1757 884 Stilben,
1796 817 1891 888 qui
1930 815 2034 871 sub

452 917 645 971 eodem
668 914 946 970 Germano
969 913 1013 967 ll
1048 914 1389 983 patriarcha,
1428 912 1582 970 circa
1618 923 1826 965 annum
1870 906 2031 972 1255,

454 1006 662 1078 Magna:
693 1005 943 1060 ecclesiae
995 1004 1390 1076 chartophylax
1434 1009 1575 1070 erat,
1615 1010 1677 1056 ut
1724 1000 1912 1055 videre
1949 1004 2035 1054 est

456 1106 587 1153 tom.
617 1095 660 1148 ll
688 1094 1147 1153 Monumentorum
1178 1095 1330 1151 Eccl.
1365 1094 1561 1160 Grata,
1592 1110 1647 1163 p.
1682 1091 1807 1148 474.
1843 1091 2033 1146 Eidem

454 1188 618 1245 etiam
653 1188 929 1243 Germano
978 1186 1254 1244 reddenda
1290 1196 1377 1243 est
1412 1188 1504 1242 illa
1549 1185 1752 1242 divinae
1800 1184 2037 1255 liturgiaa

456 1296 551 1338 seu
589 1283 772 1339 missa:
796 1279 1095 1351 expositio,
1125 1294 1248 1350 quae
1268 1280 1469 1349 legitur
1502 1288 1634 1333 tom.
1668 1274 1711 1331 ll
1742 1275 1882 1330 Bibl.
1913 1273 2031 1329 PP.

456 1372 630 1429 Grec.
654 1382 710 1428 et
738 1373 891 1427 alibi.
935 1371 1239 1426 Erraticam
1279 1370 1431 1424 illam
1464 1381 1697 1424 suorum
1718 1364 2035 1437 opinionem

454 1465 689 1521 Graeculi
718 1464 809 1517 alii
840 1476 982 1519 novo
1008 1461 1203 1517 delirio
1228 1460 1454 1516 auxisse
1487 1458 1745 1528 leguntur
1767 1457 1823 1511 in
1844 1455 2036 1511 eadem

454 1568 621 1629 quam
650 1555 996 1611 laudavimus
1023 1553 1212 1608 Allatii
1256 1551 1674 1609 exercitatione.
1727 1547 2037 1605 Finxerunt

455 1651 603 1705 enim
621 1648 900 1704 Vandalos
924 1661 1049 1702 cum
1071 1645 1186 1700 Arii
1211 1652 1266 1701 et
1296 1643 1628 1715 Apollinarii
1659 1640 2040 1713 impietatibus

458 1739 656 1797 imbuti
685 1746 894 1804 essent,
939 1735 1208 1791 Romanis
1236 1748 1427 1806 azyma
1465 1732 1786 1797 tradidisse.
1813 1730 2039 1803 quando

458 1832 742 1889 civitatem
757 1832 1160 1900 ipsorum,rege
1176 1842 1278 1885 suo
1291 1827 1491 1883 Carolo
1505 1826 2037 1897 duce,diripuerunt,

459 1923 688 1993 illisque
729 1920 1029 1975 admodum
1079 1918 1285 1974 favisse
1311 1915 1548 1973 Felicem
1586 1923 1720 1971 tunc
1768 1915 2039 1984 temporis

458 2030 680 2088 papam,
712 2013 806 2083 qui
842 2012 1114 2082 originem
1164 2010 1409 2065 traheret
1452 2025 1523 2065 ex
1563 2007 1793 2065 ludatis.
1845 2006 2038 2063 Simon

459 2118 591 2159 vero
621 2100 1157 2170 Hierosolymitanus
1183 2098 1520 2169 patriarcha,
1555 2112 1719 2168 quem
1747 2094 2036 2168 [LXXXV]

460 2196 664 2253 ibidem
691 2194 825 2248 citat
850 2190 1107 2255 Allatius,
1141 2189 1375 2262 perinde
1399 2190 1647 2261 scripsit,
1677 2188 1899 2244 Lucium
1938 2204 2041 2258 pa-

460 2303 608 2357 pam,
639 2300 732 2339 seu
760 2284 938 2353 potius
992 2281 1244 2347 Felicem,
1281 2280 1795 2352 Διύκιοςτοῦνομα,
1840 2279 2042 2350 μᾶλλον

461 2376 521 2430 δὲ
538 2374 727 2445 Φῆλιξ.
747 2388 872 2429 cum
906 2387 1097 2428 errore
1119 2371 1448 2442 Apollinarii
1485 2371 1779 2436 laboraret,
1801 2371 2045 2425 rationa~

462 2464 682 2533 lemque
709 2463 848 2518 adeo
869 2461 1109 2516 animam
1144 2460 1368 2516 Christo
1397 2459 1686 2522 adimeret,
1711 2458 2041 2515 fermentum

462 2555 533 2611 ab
558 2553 929 2611 eucharistica
959 2552 1245 2607 oblatione
1276 2552 1595 2608 sustulisse.
1627 2551 1802 2621 Cujus
1833 2562 2044 2621 postre-

463 2649 537 2703 mi
578 2646 757 2703 delirii
795 2646 941 2700 hanc
970 2644 1143 2700 fuisse
1171 2652 1394 2700 causam
1434 2644 1758 2708 arbitrarer,
1784 2644 1953 2714 quod,
1985 2652 2045 2698 ut

462 2739 808 2795 ostendimus
863 2736 1145 2791 dissertat.
1191 2734 1263 2798 2,
1321 2735 1555 2804 epistola
1610 2733 1898 2803 quasdam,
1950 2749 2046 2790 seu

464 2828 809 2900 Apollinarii,
843 2842 941 2884 seu
972 2826 1381 2896 Apollinaristze
1428 2824 1689 2893 alicujus,
1744 2824 1875 2879 olim
1916 2839 2047 2895 pro—

465 2921 631 2977 dierit
665 2916 859 2973 Felicis
904 2932 1057 2986 papa:
1085 2924 1135 2970 et
1174 2916 1427 2985 martyris
1471 2916 1694 2972 nomine
1754 2915 2045 2986 inscripta.

465 3011 741 3068 Caeterum
782 3009 1161 3064 Graeculorum
1209 3022 1383 3077 nugas
1439 3013 1494 3062 et
1534 3015 1844 3062 commenta
1902 3008 2046 3063 reci-

467 3113 619 3160 tasse
663 3100 916 3165 subiciat,
956 3099 1207 3156 refellere
1255 3098 1446 3169 pudet.
1483 3097 1585 3154 llic
1630 3099 1900 3154 duntaxat
1942 3098 2045 3153 ob-

468 3195 819 3250 servabimus
854 3191 1175 3249 Michaclem
1204 3189 1572 3254 Cerularium,
1595 3188 1829 3245 Leonem
1848 3190 2046 3244 Achri-

468 3288 698 3346 dannm,
727 3283 972 3339 Nicetam
1006 3281 1343 3345 Stethatum,
1389 3289 1445 3335 et
1489 3279 1708 3336 Petrum
1743 3280 2045 3337 Antioche-

472 3388 623 3438 mtm,
682 3372 779 3441 qui
836 3378 1030 3426 contra
1086 3368 1406 3425 Latinorum
1456 3384 1646 3441 azyma
1696 3370 1753 3424 in
1800 3370 2048 3439 ipsismet

469 3464 791 3521 schismatis
825 3462 1150 3533 primordiis
1181 3461 1554 3532 disputarunt,
1593 3462 1726 3517 nihil
1756 3464 1865 3519 tale
1892 3463 2046 3534 obje-

470 3556 638 3622 cisse,
667 3570 792 3610 cum
823 3553 934 3609 Leo
963 3553 1033 3608 ιχ
1071 3554 1279 3625 aliique
1310 3568 1343 3609 e
1369 3553 1578 3609 nostris
1619 3552 1981 3623 apostolicam
2017 3571 2049 3612 e

466 3646 753 3701 contrario
774 3645 1126 3701 traditionem
1166 3645 1545 3702 obtenderent.
1583 3644 1803 3703 Nicetes
1840 3656 2049 3702 metro-

462 3737 643 3806 rpolita
668 3736 1125 3801 Nicomediensis,
1151 3750 1275 3790 cum
1318 3733 1579 3791 Ecclesiae
1610 3750 1833 3792 causam
1869 3744 2050 3794 tuere-

459 3833 564 3882 .tur
591 3828 649 3881 in
679 3826 960 3897 colloquio
988 3826 1137 3897 quod
1176 3826 1652 3897 Constantinopoli
1690 3827 1881 3883 habuit
1920 3842 2048 3883 cum

474 3935 740 3991 Anselmo
795 3933 1224 4005 ﬂavelbergensl
1271 3935 1535 4005 episcopo
1601 3936 1718 4006 (α),
1774 3934 2053 3991 concessit

474 4024 727 4093 ingenue,
790 4025 1068 4094 apostolos
1121 4038 1225 4080 nec
1276 4024 1599 4080 fermentum
1650 4039 1753 4082 nec
1797 4039 2050 4097 azymum

473 4114 722 4170 studiose
776 4114 943 4171 nimis
975 4115 1282 4187 quaesiisse,
1327 4122 1383 4170 et
1435 4115 1703 4185 quidquid
1748 4116 1816 4171 ad
1856 4130 2052 4170 manus

472 4204 873 4271 inveniebatur,
905 4205 1023 4261 sive
1044 4205 1169 4267 hoc,
1200 4205 1317 4259 sive
1348 4205 1481 4259 illud
1518 4204 1896 4261 indiderenter
1920 4221 2047 4262 cum

468 4295 761 4350 devotione
786 4295 1090 4351 obtulisse:
1116 4294 1419 4349 Romanam
1450 4294 1752 4351 Ecclesiam
1785 4297 2048 4367 paulatim

473 4385 707 4440 alterum
742 4383 1090 4452 deposuisse,
1108 4385 1366 4441 videlicet
1387 4384 1791 4453 fermentatum,
1815 4388 2050 4444 alterum

472 4483 686 4529 tantum
713 4473 1107 4544 assumpsisse,
1131 4475 1345 4531 scilicet
1376 4490 1627 4546 asymum
1665 4494 1682 4533 :
1715 4476 2049 4533 Orientalem

471 4580 692 4637 quoque
724 4562 1030 4620 Ecclesiam
1063 4579 1315 4637 azymum
1353 4566 1633 4622 dimisisse
1669 4576 1725 4623 et
1756 4567 2053 4624 fermenta-

473 4665 594 4711 tum
624 4654 881 4727 elegisse,
910 4662 972 4709 ut
1002 4662 1195 4712 tamen
1233 4666 1459 4727 propter
1505 4656 1630 4722 hoc,
1684 4673 1787 4714 nec
1838 4660 2053 4731 antiqui

473 4746 650 4803 (ἓνωοί
686 4747 991 4817 sapientes,
1043 4763 1146 4803 nec
1190 4748 1407 4819 antiqui
1450 4748 1635 4805 Latini
1670 4751 1947 4819 sapientes
1993 4765 2054 4807 se

474 4837 708 4892 invicem
746 4839 1184 4894 contemnendos
1217 4847 1493 4907 putarent.
1533 4840 1699 4911 Atqui
1740 4841 1861 4896 haec
1894 4855 2054 4896 scan-

475 4930 604 4983 dala
630 4937 995 4996 emerserunt,
1044 4931 1225 5001 inquit
1266 4948 1279 4985 :
1329 4930 1414 4986 Ex
1441 4949 1542 4998 quo
1578 4935 1808 4988 surrexit
1845 4934 2053 5003 quidem

477 5035 702 5091 Carolus
753 5054 845 5093 rex
886 5040 1250 5107 Francorum,
1333 5044 1422 5111 qui
1466 5042 1715 5097 violenter
1756 5041 2053 5097 Romanum

476 5129 672 5182 invasit
713 5130 1025 5197 imperium,
1075 5142 1122 5183 et
1174 5148 1227 5185 se
1280 5133 1560 5198 patricium
1606 5132 1856 5187 Romamn
1905 5134 2051 5187 urbis

478 5219 735 5287 appellari
776 5220 922 5287 fecit.
968 5220 1101 5275 Inde
1139 5233 1216 5276 est
1262 5224 1401 5292 quod
1453 5240 1572 5278 cum
1600 5223 1787 5277 Latini
1814 5234 2051 5279 nostrum

477 5310 789 5378 fermentum
825 5311 1209 5381 btasphemunt,
1259 5323 1310 5368 et
1352 5316 1678 5383 sacriﬁcium
1724 5316 1917 5372 altaris
1964 5317 2050 5370 in-

477 5402 688 5467 dignum
722 5404 989 5473 judicent,
1020 5414 1071 5458 et
1092 5422 1189 5460 nos
1206 5407 1379 5474 potius
1410 5422 1473 5462 ea:
1495 5408 1637 5478 fastu
1666 5408 1910 5463 elationis
1941 5423 2051 5463 sum

549 5580 598 5614 “
622 5579 732 5635 Tit.
764 5596 802 5647 ι,
838 5582 924 5642 15.

494 5762 501 5769 ·
552 5733 885 5809 (αλΙΑἰὺΑιι,
916 5751 965 5792 c.
1002 5738 1089 5793 14.

1445 338 2097 409 DISSERTATIONES
2136 339 2720 423 DAMASCENICIE.

3600 345 3706 414 εοο

2130 464 2290 517 quam
2318 454 2611 508 assertione
2642 453 2879 509 ueritatis
2903 452 3176 511 hereticos
3199 464 3425 524 vocant;
3454 476 3549 516 nos
3576 479 3707 533 quo-

2131 557 2228 611 que
2264 541 2330 596 ab
2355 544 2432 598 eis
2466 544 2690 611 irritati,
2719 537 2865 600 εἰέκ
2891 561 3040 615 (equo
3060 548 3138 602 eis
3168 552 3561 620 respondentes,
3582 573 3708 628 αις-

2131 650 2276 689 nsum
2312 651 2517 707 quoque
2549 654 2732 692 eorum
2772 654 3101 708 nequaquam
3132 656 3406 710 curamus,
3434 647 3710 718 indignum

2132 725 2399 793 sacriﬁcio
2447 728 2589 781 sacri
2647 726 2839 783 altaris
2881 727 3226 796 judicamus,
3267 748 3356 786 eos
3410 752 3519 791 non
3567 740 3712 805 [astu

2130 816 2414 883 superbire,
2448 818 2537 872 sed
2581 818 2749 887 justas
2790 821 3155 877 retributionis
3185 827 3397 880 nomine
3435 828 3713 897 Asymitas

2131 906 2406 963 luereticos
2436 908 2785 977 appellamus.
2811 910 2902 967 Sic
2934 922 3222 983 protervas
3249 929 3480 971 suorum
3518 917 3701 975 adver-

2133 1014 2229 1056 sus
2259 999 2485 1059 Latinos
2508 1004 2928 1063 criminationes
2970 1008 3222 1065 emollire
3273 1009 3494 1068 Nicetas
3537 1029 3712 1071 cona-

2134 1091 2317 1147 batur.
2342 1094 2412 1148 At
2439 1109 2577 1164 pace
2600 1098 2930 1154 meumenici
2967 1098 3137 1168 hujus
3178 1100 3461 1158 Didascali
3494 1104 3711 1171 dixero,

2135 1193 2414 1241 nostrates
2435 1186 2597 1257 longe
2621 1189 2895 1259 aequiores
2925 1205 2985 1246 se
3013 1192 3315 1260 praebuisse
3337 1210 3467 1266 erga
3491 1196 3713 1255 Graeco-

2134 1289 2259 1328 rum
2287 1273 2637 1332 fermentum.
2673 1277 2994 1337 Dominicus
3037 1281 3338 1340 Gradensis
3382 1287 3613 1356 epistola
3641 1293 3713 1345 ad

2135 1362 2357 1419 Petrum
2390 1366 2798 1425 Antiochenam
2832 1378 3123 1443 utramque
3138 1374 3478 1432 oblationem
3508 1394 3711 1449 appro-

2137 1453 2252 1508 bat.
2293 1456 2362 1510 Et
2392 1459 2644 1526 quamvis
2684 1457 2934 1519 Wiberto
2965 1466 3271 1533 praesertim
3312 1475 3454 1524 teste
3498 1472 3554 1524 in
3589 1470 3713 1526 Vita

2138 1544 2340 1601 Leonis
2367 1546 2462 1615 IX,
2493 1563 2526 1605 e
2553 1549 2769 1607 Latinis
2787 1553 3010 1623 quidam
3042 1556 3265 1613 Grmcos
3286 1558 3689 1617 Fermentaceos

2138 1638 2536 1707 appellitariut,
2569 1656 2696 1697 cum
2722 1644 2793 1699 ab
2825 1645 2936 1703 illis
2970 1648 3423 1705 renuntiarentur
3467 1653 3714 1709 haeretici

2137 1728 2211 1785 ob
2234 1744 2552 1801 azymorum
2584 1747 2780 1801 usum;
2809 1742 3050 1791 attamen
3078 1735 3415 1798 Humbertus
3450 1742 3565 1810 ipse
3586 1757 3716 1798 cunt

2138 1819 2309 1876 sociis
2343 1820 2536 1891 legatis
2567 1822 2624 1877 in
2669 1821 2855 1879 libello
2911 1828 3520 1895 excommunicationis,
3548 1847 3715 1902 quem

2139 1926 2308 1982 super
2342 1913 2514 1969 altare
2543 1914 2759 1971 Sancta:
2789 1913 3005 1987 Sophiae
3049 1918 3300 1990 reliquit,
3349 1921 3452 1977 hoc
3493 1924 3718 1982 nomine

2140 2000 2409 2059 duntaxat
2434 2003 2753 2063 Michaelem
2769 2007 3002 2078 ejusque
3023 2019 3313 2068 consortes
3335 2013 3548 2083 culpat,
3567 2017 3718 2085 quod

2140 2090 2467 2149 Latinorum
2507 2095 2774 2152 ecclesias
2819 2096 3137 2165 clausisset,
3185 2115 3393 2172 eosque
3439 2104 3718 2174 Aequitas

2142 2184 2537 2254 uttucupando,
2601 2186 2782 2242 verbis
2838 2194 2894 2242 et
2952 2187 3113 2246 factis
3157 2191 3361 2262 ubique
3409 2194 3720 2253 insectatus

2141 2283 2289 2331 esset
2314 2293 2329 2331 :
2353 2275 2502 2345 quod
2544 2275 2782 2346 denique
2802 2276 3144 2348 Nic-ephorus
3171 2284 3501 2351 patriarchae
3538 2290 3721 2343 sacel—

2142 2363 2316 2420 larius
2341 2362 2663 2420 Latinorum
2698 2363 3027 2423 sacrificium
3063 2367 3118 2421 in
3148 2380 3450 2438 conspectu
3472 2373 3721 2428 omnium

2144 2454 2308 2524 impie
2336 2456 2736 2513 conculcasset.
2784 2456 2922 2512 lliuc
2961 2457 3264 2528 Gregorius
3298 2460 3386 2516 γη
3419 2462 3519 2532 (ὁ),
3550 2478 3723 2532 quem

2144 2544 2254 2602 Leo
2300 2545 2369 2600 IX
2407 2548 2742 2619 cardinalem
2787 2547 3083 2605 diaconum
3147 2563 3451 2620 creaverat,
3486 2554 3723 2629 epistola

2145 2637 2214 2693 ad
2261 2638 2738 2710 archiepiscopum
2780 2640 3157 2712 Synadensem
3204 2643 3542 2713 Armenum,
3596 2657 3726 2717 post

2146 2738 2398 2789 narratas
2427 2730 2740 2787 Grmcorum
2787 2732 3080 2789 adversum
3126 2748 3227 2790 nos
3273 2737 3721 2803 criminationes.

2148 2819 2434 2889 subiungit
2466 2836 2482 2875 :
2525 2819 2640 2876 Nos
2685 2837 2804 2877 vero
2830 2838 3082 2893 azymum
3122 2832 3363 2877 nostrum
3390 2825 3722 2896 inexpugna-

2150 2911 2244 2965 bili
2269 2911 2552 2965 secundum
2579 2911 2864 2967 Dominum
2890 2916 3096 2969 ratione
3115 2915 3467 2984 defendentes,
3486 2919 3726 2988 ipsorum

2147 3003 2521 3073 fermentatum
2557 3021 2648 3059 nec
2677 3005 3057 3074 vituperamus,
3101 3023 3193 3061 nec
3237 3009 3599 3077 reprobamus,
3636 3027 3727 3066 se-

2146 3103 2358 3164 quentes
2399 3095 2709 3165 Apostolum
2755 3097 3015 3151 dicentem
3035 3099 3102 3164 ⁸⁵,
3136 3099 3348 3180 mundis
3392 3117 3504 3156 esse
3540 3104 3728 3158 omnia

2147 3188 2369 3243 munda.

2216 3300 2462 3356 XXXIX.
2511 3300 2749 3359 Jacohus
2781 3302 3109 3360 Sirmondus
3148 3305 3366 3362 eximia:
3389 3307 3728 3364 eruditionis

2148 3392 2394 3458 criticus,
2422 3392 2688 3463 singulari
2722 3394 2866 3463 quod
2900 3392 2975 3448 De
3005 3396 3209 3465 azymis
3224 3396 3397 3452 edidit
3424 3399 3725 3468 opusculo,

2148 3483 2489 3552 probandum
2513 3485 2782 3553 suscepit,
2826 3483 3130 3539 Romanam
3158 3485 3457 3542 Ecclesium
3501 3490 3729 3544 nonnisi

2150 3573 2469 3643 aliquandiu
2526 3573 2595 3629 ab
2652 3575 2807 3629 obitu
2860 3575 3039 3649 Photii
3082 3579 3291 3648 azymis
3330 3579 3585 3648 panibus,
3641 3581 3731 3634 di-

2150 3665 2323 3719 misso
2375 3663 2671 3729 fermento,
2726 3681 2840 3720 rem
2895 3666 3139 3722 divinam
3196 3667 3379 3724 facere
3436 3672 3728 3740 cepisse:

2149 3758 2313 3828 idque
2347 3755 2531 3812 intulit
2551 3772 2617 3813 ex
2648 3758 2871 3814 silentio
2899 3758 3100 3826 Photii,
3119 3762 3210 3831 qui
3240 3777 3367 3816 cum
3390 3764 3733 3834 multiplices

2150 3849 2468 3904 Latinorum
2500 3850 2641 3906 ritus
2662 3860 2716 3906 et
2752 3865 2932 3907 mores
2960 3852 3197 3923 maligne
3219 3863 3488 3924 carperet,
3516 3856 3732 3909 nullam

2150 3952 2373 4013 propter
2402 3957 2591 4013 azyma
2628 3942 2709 3997 eis
2743 3942 2894 3998 litem
2941 3945 3193 3999 moverit.
3232 3944 3365 4001 Viro
3394 3945 3734 4002 doctissimo

2150 4039 2388 4102 opponet
2420 4031 2651 4087 forsitan
2681 4032 2879 4102 aliquis
2908 4034 3294 4089 auctoritatem
3324 4034 3529 4091 Niceten
3568 4035 3731 4092 Cho-

2151 4124 2336 4187 niatte,
2370 4123 2607 4179 hominis
2624 4123 2986 4192 schismatici,
3014 4125 3109 4195 qui
3142 4125 3198 4181 in
3217 4127 3501 4183 Thesauro
3528 4142 3735 4185 versus

2153 4213 2314 4270 linem
2344 4215 2492 4269 ultro
2525 4215 2706 4271 lassus
2733 4223 2816 4271 est
2854 4216 3237 4286 perantiquam
3269 4234 3393 4274 esse
3434 4219 3577 4291 apud
3620 4220 3734 4274 La-

2152 4307 2297 4362 tinos
2337 4321 2541 4377 panum
2596 4321 2914 4379 azymorum
2967 4310 3341 4375 traditionem,
3395 4327 3496 4366 nec
3550 4311 3736 4366 ullum

2152 4399 2296 4453 inter
2324 4408 2616 4469 utramque
2641 4397 2943 4456 Ecclesiam
2973 4400 3218 4471 jurglum
3249 4403 3394 4458 circa
3423 4403 3529 4457 hoc
3551 4402 3739 4459 disci—

2153 4488 2317 4558 plinae
2346 4499 2512 4559 caput
2546 4490 2825 4545 exstitisse
2869 4505 3045 4559 usque
3078 4492 3146 4544 ad
3197 4498 3446 4562 tempora
3500 4488 3736 4556 Photii;

2152 4581 2245 4650 qui
2279 4581 2487 4637 exortis
2515 4582 2659 4637 inter
2688 4583 2866 4653 ipsum
2898 4589 2953 4637 et
2978 4580 3264 4637 Nicolaum
3300 4596 3494 4653 papam
3523 4582 3742 4639 simul-

2154 4673 2383 4736 tatibus,
2422 4681 2483 4751 ut_
2507 4686 2573 4727 ex
2615 4673 2950 4728 abundantia
2981 4687 3043 4729 se
3080 4674 3419 4743 superiorem
3462 4675 3742 4730 ostende-

2152 4773 2257 4829 ret,
2285 4780 2412 4821 cum
2443 4765 2734 4820 articulum
2761 4765 2830 4820 de
2855 4763 3100 4835 Spiritus
3140 4766 3317 4821 sancti
3350 4766 3744 4836 processioue,

2155 4866 2270 4912 tum
2300 4871 2618 4928 azymorum
2646 4871 2828 4922 usum,
2862 4856 3117 4913 ctelibem
3151 4856 3501 4912 sacerdotum
3530 4855 3745 4920 vitam,

2156 4950 2370 5018 aliaque
2399 4949 2598 5003 similia
2647 4949 3017 5018 praetexuerit.
3049 4948 3149 5003 Hic
3196 4946 3398 5003 Niceta:
3429 4950 3583 5003 locus
3612 4962 3751 5004 non

2157 5047 2439 5111 comparet
2469 5042 2523 5094 in
2548 5040 2909 5097 translatione
2937 5038 3131 5095 Latina
3162 5042 3285 5109 ejus
3320 5040 3577 5095 Thesauri
3610 5042 3754 5109 ﬁdei

2160 5133 2505 5200 Christianae,
2537 5143 2701 5203 atque
2743 5133 2951 5187 idcirco
2991 5134 3206 5203 integer
3242 5131 3431 5188 Graece
3455 5140 3512 5187 et
3537 5130 3757 5189 Latine

2159 5226 2343 5282 editus
2369 5233 2450 5280 est
2476 5238 2505 5277 a
2541 5222 2724 5279 Leone
2751 5223 2947 5277 Allatio
2977 5224 3031 5277 in
3056 5223 3443 5279 dissertatione
3463 5222 3528 5277 ad
3554 5219 3758 5293 Joan-

2162 5332 2288 5372 nem
2315 5316 2691 5371 Christiauum
2722 5314 2793 5369 de
2815 5313 3180 5384 Boinebourg.
3202 5312 3422 5369 Falsum
3451 5326 3583 5368 vero
3612 5328 3759 5370 esse

2160 5406 2482 5463 Choniatem
2513 5412 2829 5475 coarguunt
2858 5418 3200 5476 quaecunque
3223 5404 3293 5462 ab
3325 5403 3559 5461 eruditis
3584 5402 3757 5473 Iliac-

2220 5735 2299 5805 (ὁ)
2331 5733 2450 5790 Lib.
2484 5749 2617 5805 νιιιἸ
2636 5748 2730 5805 ep.
2756 5734 2808 5789 l.
