3922 6346
198 352 305 421 illi

202 473 371 521 tenus
429 465 567 521 lecta
621 473 753 520 sunt
802 465 1059 521 Photiani
1114 464 1331 525 dissidii
1383 475 1776 529 monumenta.

204 562 325 607 tum
356 557 573 617 Graeca.
594 563 710 610 tum
728 555 949 620 Latina,
977 555 1094 612 sive
1115 557 1261 628 typis
1294 558 1551 613 mandata
1572 567 1780 622 essent,

204 648 327 702 sive
353 662 521 701 manu
553 658 804 713 exarata,
853 648 909 701 in
959 648 1161 719 quibus
1189 665 1261 706 ne
1294 650 1403 720 γρὺ
1453 649 1677 720 quidem
1714 650 1784 708 de

202 736 418 808 azymis
445 745 723 792 occurrat.
765 736 995 794 Photius
1038 740 1299 795 nimirum
1338 739 1587 813 apprime
1617 755 1784 798 nove-

204 835 292 881 rat
344 843 664 901 azymorum
711 830 1116 888 oilerendorum
1187 834 1357 889 ritum
1417 834 1535 906 ipsa
1584 835 1786 891 divinae

208 918 574 977 Eucharistiae
626 922 978 979 institutione
1022 925 1406 995 comprobari,
1451 941 1618 996 quam
1666 927 1786 984 sine

205 1006 480 1065 fermento
509 1020 785 1080 peractam
809 1027 841 1066 a
881 1011 1107 1068 Christo
1136 1029 1278 1078 esse,
1310 1031 1376 1071 ex
1399 1018 1567 1072 totius
1598 1016 1787 1074 Eccle-

202 1100 304 1155 sia:
323 1101 622 1158 traditione
650 1106 851 1165 scribit
881 1107 937 1161 in
972 1105 1324 1162 Bibliotheca.
1361 1105 1617 1163 Nondum
1638 1109 1785 1164 enim

200 1194 585 1268 excogitatum
639 1195 902 1266 elugium
950 1206 1070 1254 erat
1105 1198 1522 1269 desperantium
1564 1200 1786 1256 illorum

203 1282 551 1351 Graecorum,
600 1289 696 1357 qui
753 1288 1075 1345 sciscitante
1124 1290 1432 1346 Humberto
1483 1290 1787 1360 cardinale,

204 1374 346 1429 unde
374 1374 633 1430 Dominus
652 1375 811 1432 Iesus
860 1379 1235 1447 fermentatum
1262 1380 1320 1433 in
1349 1396 1498 1435 caena
1525 1380 1786 1448 habuerit,

202 1480 329 1520 caua
387 1467 445 1522 in
502 1467 748 1522 omnibus
802 1468 995 1537 ﬁnibus
1052 1470 1227 1525 Israel
1282 1487 1389 1526 non
1442 1472 1789 1541 inveniretur,

206 1556 640 1627 respondebant,
668 1560 730 1617 Si
758 1559 995 1614 creditur
1020 1562 1371 1630 omnipotens,
1399 1564 1574 1632 potuit
1616 1565 1791 1621 subito

205 1646 554 1717 mm
580 1647 955 1717 fermentatum
1002 1650 1266 1714 exhibere,
1300 1664 1393 1709 aut
1424 1662 1565 1709 certe
1617 1655 1790 1724 ipsum

202 1753 461 1809 sagarum
486 1737 831 1793 benedicendo
856 1740 1192 1806 lamentare.
1227 1739 1342 1797 Nec
1384 1757 1605 1799 rursum
1641 1746 1787 1803 istud

200 1829 442 1886 alterum
473 1830 623 1899 quod
654 1830 981 1903 Euthymius
1036 1832 1366 1905 Zygabenus
1400 1850 1501 1906 pro
1557 1852 1786 1894 suorum

198 1920 413 1975 tuendo
471 1920 744 1976 fermento
790 1929 981 1992 postea
1033 1924 1258 1979 tandem
1287 1934 1640 1985 commentus
1665 1939 1785 1997 est;

198 2018 336 2081 puta
368 2011 655 2068 Christum
679 2012 910 2084 ejusque
942 2015 1249 2086 discipulos
1290 2032 1402 2073 uno
1438 2019 1529 2074 die
1569 2019 1785 2077 Pascha

199 2098 503 2155 Iudaicum
533 2104 919 2168 antevertisse,
948 2111 1007 2159 et
1049 2104 1267 2160 decimo
1309 2107 1472 2161 tertio
1512 2109 1623 2177 die,
1675 2124 1786 2165 non

198 2192 423 2248 decimo
463 2200 709 2263 quarto,
761 2209 990 2264 vespere
1034 2198 1349 2266 paschalem
1401 2213 1600 2269 agnum
1659 2215 1786 2256 cum

202 2282 441 2338 lactucis
475 2283 787 2352 agrestibus
815 2286 1150 2354 etazymis,
1194 2286 1396 2343 stando
1446 2296 1501 2344 et
1562 2288 1787 2346 baculus

201 2387 317 2443 pra
354 2374 618 2429 manibus
645 2374 886 2430 tenendo
926 2377 1259 2442 comedisse,
1312 2386 1430 2433 tum
1478 2394 1637 2436 cmna
1682 2380 1787 2437 hac

199 2478 330 2519 cura
361 2464 716 2521 caremoniis
744 2465 862 2536 lege
894 2465 1099 2538 Moysis
1125 2468 1359 2524 sancitis
1379 2480 1622 2539 peracta,
1646 2472 1783 2528 alla-

202 2562 320 2608 tum
350 2552 540 2609 denuo
560 2568 763 2623 panem
790 2569 1164 2625 communem,
1198 2560 1423 2630 proprie
1455 2562 1664 2618 dictum
1686 2580 1783 2621 seu

202 2640 625 2709 fermentatum,
659 2651 716 2698 et
756 2643 1077 2715 jusculum;
1133 2662 1201 2703 ex
1230 2663 1342 2719 quo
1381 2665 1523 2719 pane
1578 2666 1785 2722 corpus

201 2749 373 2789 suum
403 2732 730 2800 coniecerit,
790 2736 1110 2807 dederitque
1154 2739 1445 2811 discipulis
1480 2743 1618 2799 suis.
1662 2744 1784 2801 Non

200 2822 353 2877 enim
373 2821 550 2879 fuisse
577 2823 808 2879 vetitum
838 2827 1151 2893 pasehalem
1181 2842 1396 2885 caenam
1431 2842 1782 2900 praevertere,

198 2929 446 2986 cumque
475 2916 675 2972 decimi
714 2917 901 2988 quarti
933 2918 1041 2975 diei
1075 2935 1303 2991 vespera
1349 2924 1589 2979 nondum
1622 2927 1782 2983 ades-

200 3016 315 3072 set,
352 3007 701 3065 fermentatis
739 3023 961 3064 rursum
994 3011 1233 3081 panibus
1258 3016 1430 3071 vesci.
1461 3016 1592 3081 Quae
1619 3032 1785 3088 quam

201 3113 347 3155 vana
385 3100 523 3165 sint,
556 3099 715 3155 nullo
742 3102 964 3171 negotio
1002 3104 1373 3173 deprehendet
1401 3107 1657 3179 quisquis
1693 3110 1788 3166 Ju-

199 3190 454 3247 dzorum
490 3191 641 3260 leges
690 3193 1255 3265 consuetudinesque,
1296 3197 1497 3266 quibus
1541 3200 1610 3254 ad
1642 3216 1787 3255 mor-

202 3290 316 3336 tem
346 3297 529 3353 usque
556 3284 824 3341 Dominus
851 3285 1157 3343 obsecutus
1183 3295 1289 3351 est,
1326 3289 1614 3359 diligenter
1635 3308 1791 3350 scru-I

204 3384 358 3429 tatus
382 3376 510 3429 erit.
535 3375 769 3441 Quinam
800 3391 932 3447 ergo
960 3377 1221 3435 Christus
1244 3377 1456 3435 Pascha
1478 3391 1791 3441 anteverte-

204 3468 306 3533 rit,
335 3466 489 3535 quod
518 3466 609 3521 die
638 3467 843 3523 mensis
882 3469 1055 3524 altero
1091 3484 1121 3523 a
1142 3469 1363 3526 decimo
1401 3474 1597 3543 quinto
1637 3490 1790 3530 man-

203 3557 406 3612 ducari
440 3558 769 3627 neutiquam
800 3557 884 3615 las
919 3567 1077 3625 erat;
1138 3560 1214 3614 ita
1260 3568 1321 3614 ut
1360 3562 1456 3631 qui
1496 3562 1639 3621 forte
1675 3565 1791 3621 lor-

198 3657 345 3702 tuna
396 3657 617 3718 propter
672 3649 1081 3705 immunditiam
1130 3665 1197 3706 ex
1247 3651 1440 3710 itinere
1491 3656 1791 3712 admissam

201 3742 436 3793 ineunte
463 3740 551 3794 die
582 3739 798 3796 decimo
830 3740 1027 3810 quinto
1077 3742 1285 3798 mensis
1315 3743 1451 3800 illud
1499 3758 1611 3800 non
1645 3747 1791 3802 edis-

201 3838 370 3895 sent,
426 3831 655 3887 nonnisi
713 3833 888 3887 altero
938 3832 1157 3889 decimo
1199 3835 1398 3905 quinto
1443 3835 1537 3893 die
1586 3839 1791 3897 mensis

203 3924 440 3979 mundi
470 3925 575 3979 hoc
604 3923 915 3997 [LXXXVI]
937 3935 1160 3995 possent
1179 3927 1456 3984 celebrare
1474 3929 1789 3995 iQuorsum

201 4015 374 4067 etiam
430 4015 508 4068 illi
562 4014 781 4069 baculi?
854 4030 920 4073 ac
957 4017 1002 4072 si
1080 4025 1212 4072 tunc
1258 4018 1517 4075 Christus
1559 4021 1791 4089 ejusque

206 4099 470 4169 discipuli
514 4109 725 4155 stantes
756 4110 810 4155 et
842 4102 1073 4158 baculos
1117 4112 1372 4160 tenentes
1421 4108 1788 4175 cmnaverint,

208 4205 339 4244 cum
388 4190 669 4260 ejusmodi
714 4195 1076 4257 caeremonia,
1123 4194 1329 4253 Iudaeis
1356 4197 1494 4267 ipsis
1522 4207 1789 4256 attestan-

207 4280 386 4345 tibus,
420 4297 486 4336 ea
513 4281 783 4336 duntaxat
811 4293 975 4340 nocte
1002 4301 1110 4355 qua
1137 4286 1231 4341 lilii
1264 4288 1433 4345 lsrael
1464 4304 1532 4345 ex
1552 4290 1792 4363 Egypto

209 4372 514 4441 profecturi
548 4380 726 4434 erant,
757 4373 1049 4430 observata
1078 4373 1269 4439 fuerit,
1328 4379 1638 4435 subsccutis
1665 4394 1794 4435 vero

209 4464 578 4533 temporibus,
615 4466 698 4519 vel
728 4466 1099 4523 recumbendo
1143 4469 1480 4539 priscorum,
1520 4487 1617 4527 seu
1641 4471 1794 4528 Grai-

210 4568 434 4616 corum,
469 4569 566 4608 seu
594 4554 971 4611 Romanorum
998 4572 1171 4626 more,
1195 4559 1278 4614 vel
1298 4560 1539 4617 sedendo
1570 4577 1794 4633 perege-

209 4643 343 4710 rint,
376 4651 548 4713 atque
574 4646 876 4702 etiamnum
914 4648 1076 4705 hodie
1110 4661 1394 4721 peragant.
1420 4651 1564 4706 Nihil
1593 4653 1795 4723 quippe

212 4750 242 4787 a
273 4735 527 4803 pristino
555 4738 832 4807 paschalis
869 4754 1042 4795 caena!
1073 4741 1299 4797 edendae
1332 4743 1440 4797 ritu
1483 4743 1655 4799 Judaei
1697 4745 1796 4801 de-

210 4826 537 4889 sciverunt,
578 4829 679 4882 etsi
708 4844 932 4898 agnum
980 4831 1252 4901 integrum
1309 4835 1643 4890 manducare
1685 4852 1798 4891 non

217 4914 458 4977 audent,
494 4917 610 4987 lege
643 4917 883 4986 Mosaica
913 4922 1241 4991 prohibente
1278 4940 1347 4980 ne
1379 4925 1575 4980 edatur
1609 4926 1716 4981 nisi
1746 4926 1803 4981 in

210 5006 343 5060 loco
366 5021 532 5083 quem
559 5009 785 5079 elegerit
814 5011 1095 5078 Dominus,
1136 5013 1241 5069 hoc
1270 5023 1353 5071 est
1378 5014 1796 5085 Hierosolymis.

212 5096 323 5152 Sed
367 5107 433 5151 et
469 5097 783 5168 Hatthaeus,
821 5103 1062 5172 Marcus,
1095 5114 1153 5161 et
1205 5106 1385 5161 Lucas
1439 5108 1796 5179 evangelista:

214 5189 517 5246 Dominum
546 5192 734 5249 Jesum
766 5195 922 5250 aiunt
949 5198 1132 5268 primo
1164 5198 1253 5255 die
1291 5214 1606 5270 azymorum
1653 5201 1797 5256 facta

212 5294 455 5349 vespere
473 5282 544 5343 ⁸⁵,
566 5280 777 5338 Pascha
805 5286 1213 5342 celebraturum
1244 5289 1613 5347 discubuisse.
1644 5289 1793 5346 Idem

211 5368 466 5429 Joannes
498 5374 713 5441 annuit,
734 5376 830 5433 ubi
848 5378 1082 5448 legimus
1103 5377 1385 5436 Christum
1423 5396 1451 5435 a
1491 5396 1638 5435 coena
1673 5398 1793 5436 sur-

1532 361 2033 423 DISSERTATIO
2070 362 2170 425 Vl.

3360 363 3467 431 402

1882 467 2103 534 rexisse,
2137 475 2197 523 ut
2237 463 2638 540 discipulorum
2689 471 2857 543 pedes
2910 471 3139 535 lavaret,
3193 480 3247 526 et
3280 469 3469 525 iterum

1882 557 2268 615 recubuisse".
2304 558 2593 617 Unde-nam
2632 564 2802 618 etiam
2858 563 3189 634 Euthymius
3246 561 3465 628 habuit,

1882 648 2028 718 quod
2062 651 2180 720 ipse
2208 651 2445 707 subinde
2481 654 2748 724 suggerit,
2782 653 2976 708 diebus
3006 668 3348 723 azymorum,
3374 652 3468 722 jus

1883 740 2080 811 apponi
2104 756 2219 797 non
2243 741 2473 798 licuisse
2521 743 2731 799 mensis
2756 742 3138 799 Hebraeorum?
3166 743 3277 799 Leo
3308 743 3468 798 Muti-

1884 830 2097 895 nensis,
2147 832 2243 887 lib.
2286 848 2346 887 ιιι
2399 832 2475 887 De
2513 834 2841 888 earemoniis
2882 832 3216 896 Jsdteorum,
3251 848 3374 901 cap.
3409 832 3465 899 '5,

1883 935 1980 979 vas
2008 936 2134 978 cum
2160 921 2385 991 jusculo
2421 931 2517 977 aut
2553 923 2886 993 eliquamine
2912 924 2979 978 ad
3010 923 3324 992 paschalem
3351 939 3469 979 cm-

1885 1029 2014 1069 nam
2056 1014 2308 1071 adhiberi
2353 1016 2580 1071 solitum
2629 1014 2788 1071 testis
2845 1026 2930 1071 est
2968 1013 3494 1084 locupletissimus;

1886 1106 1983 1161 Sic
2016 1106 2354 1172 Buxtorllus,
2383 1104 2682 1178 Synagogte
2708 1106 2957 1161 Iudaica:
2986 1078 3115 1175 cap:
3150 1108 3220 1162 15
3252 1128 3263 1161 :
3298 1078 3493 1174 Appo-l

1885 1208 2018 1252 nunt
2033 1198 2287 1267 patellam
2304 1198 2472 1253 aliam
2492 1208 2637 1253 aceto
2657 1200 2888 1268 plenam,
2906 1198 3106 1268 inquit.
3126 1196 3181 1250 In
3201 1195 3467 1265 ejusmodi

1887 1288 2073 1360 itaque
2111 1290 2312 1359 patella
2356 1288 2623 1347 Dominus
2672 1290 2975 1346 buccellam
3025 1288 3269 1352 intinxit,
3302 1302 3466 1357 quam

1886 1380 2043 1438 Juda
2082 1380 2363 1436 lscariotaa
2422 1379 2671 1435 tradidit.
2732 1379 2844 1435 Nec
2895 1379 3188 1448 quisquam
3243 1378 3470 1447 objiciat

1886 1472 2107 1529 Judteos
2132 1486 2242 1528 uno
2269 1472 2360 1527 die
2399 1470 2672 1527 decimum
2711 1471 2965 1541 quintum
3022 1469 3272 1540 paschali
3310 1485 3471 1525 caena

1889 1566 2190 1623 etiamnum
2243 1563 2547 1634 quotannis
2612 1571 2985 1632 praevertere,
3035 1570 3202 1630 atque
3250 1560 3469 1616 duobus

1890 1652 2088 1707 diebus
2149 1650 2357 1707 Pascha
2416 1648 2761 1721 μνημόσυνον
2809 1664 2973 1705 suum
3017 1664 3248 1719 vespere
3282 1663 3467 1719 agere.

1888 1740 2243 1814 Nequaquam
2296 1741 2447 1798 enim
2512 1740 2596 1795 illi
2650 1741 2867 1797 censeri
2933 1738 3136 1795 debent
3183 1738 3470 1795 Paschatis

1884 1848 2173 1904 vesperam
2197 1839 2578 1888 antevenere:
2604 1831 2701 1888 sed
2731 1846 2856 1886 cum
2884 1832 2967 1886 les
2995 1830 3187 1900 jubeat
3212 1837 3274 1883 ut
3294 1844 3470 1899 agnus

1886 1926 1977 1981 die
2013 1924 2230 1980 decimo
2259 1932 2458 1993 quarto
2486 1923 2696 1979 mensis
2730 1921 2910 1991 primi,
2950 1920 3019 1975 ad
3057 1935 3337 1990 vesperam
3369 1920 3470 1975 de-

1885 2015 2128 2072 clinante
2151 2015 2293 2083 sole,
2308 2015 2647 2079 immoletur,
2668 2021 2726 2070 et
2741 2013 2955 2069 decimo
2972 2013 3168 2083 quinto
3192 2011 3467 2082 ejusmodi

1886 2105 2094 2160 mensis
2124 2104 2342 2169 edatur,
2382 2118 2486 2159 nec
2533 2102 2743 2173 alioqui
2775 2102 2914 2158 satis
2941 2109 3180 2165 constet,
3214 2100 3342 2170 quis
3369 2099 3469 2155 de-

1885 2197 2065 2252 cimus
2080 2197 2313 2267 quintus
2339 2195 2626 2251 habendus
2656 2195 2747 2260 sit,
2771 2210 2843 2249 an
2865 2194 3009 2265 quia
3040 2207 3312 2249 concursu
3332 2192 3466 2248 solis

1883 2298 1943 2343 et
1981 2288 2125 2342 luna:
2160 2296 2516 2351 numeretur,
2547 2299 2618 2340 an
2657 2285 2753 2357 qui
2784 2299 2815 2339 a
2862 2285 3045 2355 prima
3092 2284 3236 2337 luna:
3284 2282 3467 2352 phasi,

1884 2394 1984 2435 seu
2024 2379 2418 2449 apparitioneq
2445 2386 2507 2432 ut
2552 2377 2853 2447 scrupulus
2900 2376 3086 2431 omnis
3125 2375 3468 2440 auferretur,

1883 2470 2104 2526 duobus
2134 2470 2330 2525 diebus
2355 2469 2450 2539 qui
2476 2468 2676 2523 decimi
2707 2467 2889 2538 quinti
2917 2466 3149 2537 perinde
3170 2480 3467 2520 censerenm

1885 2574 1995 2631 tur,
2036 2563 2243 2619 Pascha
2271 2562 2663 2618 celebrandum
2705 2561 3009 2615 duxerunt.
3051 2558 3253 2613 lnanes
3301 2557 3471 2625 igitur

1888 2670 2118 2726 prorsus
2149 2654 2423 2725 Euthymii
2450 2652 2885 2719 conjectationes
2925 2656 3229 2718 sunt,quas
3284 2655 3469 2701 tamen

1889 2748 2111 2802 Simeon
2146 2743 2658 2802 Thessalonicensis
2678 2743 2780 2815 (a),
2804 2743 3012 2812 aliique
3041 2741 3217 2797 (ἔτωεί
3250 2740 3470 2796 avidius

1888 2847 2015 2895 sunt
2044 2837 2362 2908 amplexati.

1961 2930 2073 2985 XL.
2132 2930 2320 2999 Δίνηιί
2360 2941 2522 2997 panes
2576 2932 2701 2978 ante
2750 2922 2995 2978 Pltotium
3036 2939 3070 2976 a
3116 2920 3367 2975 Romanis
3399 2920 3470 2973 ad

1893 3039 2046 3078 aram
2077 3021 2266 3076 oblati.
2300 3049 2371 3060 ——
2410 3018 2510 3072 llic
2548 3031 2658 3071 non
2686 3015 2938 3085 disputo,
2968 3028 3099 3066 num
3129 3013 3198 3065 ab
3226 3010 3471 3065 Ecclesia

1896 3113 2238 3172 Occidentali
2274 3112 2355 3167 sic
2384 3115 2652 3178 perpetuo
2683 3106 3013 3160 fermentum
3049 3103 3320 3156 omissum
3347 3085 3470 3167 lue;-

1894 3210 1989 3273 rit,
2036 3214 2098 3260 ut
2147 3203 2366 3259 nonnisi
2402 3215 2571 3273 panes
2603 3196 2781 3268 azymi
2829 3209 3073 3264 unquam
3121 3191 3293 3247 oblati
3336 3190 3471 3246 sint.

1894 3296 2051 3351 Absit
2080 3300 2141 3348 ut
2175 3291 2413 3348 dillicilis
2443 3289 2615 3359 hujus
2645 3284 2972 3355 quazstionis
3004 3298 3129 3353 qua:
3168 3283 3310 3337 inter
3344 3295 3473 3336 eru-

1893 3388 2039 3443 ditos
2068 3386 2230 3456 primi
2270 3381 2522 3439 subsellii
2578 3379 2786 3449 agitata
2833 3383 2940 3441 est,
2973 3376 3180 3431 arbiter
3222 3374 3466 3429 sedeam.

1893 3479 2102 3533 Auctor
2129 3477 2394 3531 librorum
2454 3471 2532 3525 De
2573 3468 2942 3531 sacramentis,
2990 3465 3087 3537 qui
3142 3463 3474 3518 Ambrosius

1896 3569 2125 3640 Magnus
2171 3562 2601 3620 Mediolanensis
2644 3560 2815 3615 fuisse
2848 3565 3073 3627 putatus
3105 3564 3212 3615 est,
3265 3568 3329 3608 ac
3359 3552 3472 3607 sal-

1892 3669 2001 3714 tem
2033 3654 2235 3712 szeculo
2277 3661 2455 3717 sexto,
2507 3652 2619 3705 imo
2658 3648 2897 3717 quinto,
2946 3661 3010 3700 ac
3053 3644 3240 3698 forsan
3270 3649 3472 3711 quarto

1894 3750 2031 3805 vixit
2064 3748 2121 3802 in
2159 3744 2463 3816 provincia,
2490 3755 2613 3812 quae
2641 3754 2827 3795 mores
2860 3738 3113 3793 diversos
3137 3752 3166 3789 a
3202 3733 3473 3789 Romanis

1892 3839 2230 3902 sectabatur,
2266 3836 2522 3891 usitatum
2562 3846 2752 3901 panem
2782 3829 3034 3898 adeoque
3079 3826 3469 3880 fermentatum

1894 3931 1962 3986 ad
1990 3926 2393 3983 Eucharistiam
2421 3918 2676 3978 adhiberi
2700 3921 2926 3976 solitum
2964 3926 3201 3973 testatur
3223 3916 3300 3985 (b)
3340 3935 3355 3970 :
3391 3913 3471 3969 Tu

1893 4026 2028 4095 forte
2043 4020 2211 4075 dicis:
2235 4015 2399 4071 Panis
2421 4030 2588 4078 metu,
2616 4013 2769 4082 panis
2798 4011 3051 4065 usitatus.
3074 4007 3322 4064 Sulliciat
3342 4021 3477 4061 vero

1898 4115 2029 4172 mihi
2058 4109 2316 4168 Ecclesia
2350 4108 2610 4162 Romana:
2634 4119 2844 4160 morem
2881 4101 3184 4172 inquirere,
3210 4100 3305 4168 qui
3328 4096 3471 4151 Pho-

1887 4207 2026 4271 tiani
2048 4200 2268 4261 dissidii
2283 4211 2534 4269 tempore
2554 4195 2800 4267 vigebat.
2818 4193 2929 4249 Leo
2954 4206 3137 4246 nonus
3156 4190 3211 4243 in
3242 4202 3471 4256 respon-

1889 4296 2041 4358 soria
2083 4292 2319 4365 epistola
2342 4289 2409 4345 ad
2435 4287 2853 4344 criminationes
2887 4282 3173 4338 Michaelis
3200 4279 3477 4337 Cerularii

1888 4402 1945 4447 et
1976 4386 2180 4444 Leonis
2213 4381 2512 4438 Achridani
2536 4380 2746 4435 diserte
2778 4376 2918 4435 satis
2967 4375 3150 4430 innuit
3194 4372 3473 4427 nemiuem

1892 4488 2019 4536 ante
2040 4474 2414 4548 patriarcham
2444 4469 2792 4528 Cerularium
2822 4467 3038 4523 Latinis
3069 4465 3349 4535 negotium
3386 4463 3469 4517 l'a-

1895 4566 2190 4623 cessivissc
2216 4568 2441 4633 propter
2471 4558 2781 4615 oblationes
2810 4571 2922 4611 non
2950 4554 3336 4615 l'ermentatas,
3363 4551 3484 4602 imo.

1864 4660 2047 4715 .hunc
2102 4656 2365 4710 Romanae
2398 4650 2659 4707 Ecclesiae
2716 4648 2883 4702 ritqu
2942 4644 3080 4700 adeo
3114 4643 3478 4699 recentiorem

1895 4766 2013 4806 aevo
2039 4763 2143 4804 suo
2172 4761 2281 4802 non
2316 4743 2514 4807 fuisse,
2544 4752 2603 4797 ut
2633 4757 2663 4795 a
2698 4748 2946 4809 tempore
2986 4737 3195 4802 Photii,
3238 4736 3342 4789 hoc
3364 4742 3473 4799 est,

1899 4858 2025 4897 cum
2058 4838 2283 4894 ducenti
2314 4835 2444 4892 anni
2477 4832 2650 4904 elapsi
2681 4831 2927 4887 nondum
2950 4836 3158 4889 essent.
3185 4826 3468 4895 inceperit.

1903 4932 2103 4988 Leonis
2134 4931 2319 4995 verba,
2349 4944 2470 4999 quae
2494 4926 2757 4997 superius
2774 4924 2886 4994 jam
2908 4920 3089 4987 attuli,
3115 4919 3203 4975 hic
3227 4926 3473 4988 repetere

1906 5041 2015 5079 non
2041 5022 2357 5093 displicebit
2386 5038 2400 5075 :
2440 5020 2573 5085 Quis
2594 5034 2699 5072 non
2723 5026 2955 5085 stupent,
2972 5012 3175 5081 inquit,
3200 5011 3337 5079 quod
3360 5018 3475 5078 post

1901 5125 1974 5168 tot
1995 5124 2206 5169 sanctos
2229 5121 2279 5167 et
2301 5110 2626 5166 orthodexos
2648 5109 2837 5161 Patres
2859 5122 2952 5176 per
2977 5104 3121 5158 mille
3146 5112 3195 5157 et
3228 5100 3412 5171 viginti
3440 5116 3474 5150 a

1897 5207 2142 5269 passione
2164 5202 2461 5260 Saluatoris
2491 5216 2679 5263 annos,
2712 5214 2875 5253 novus
2910 5196 3265 5250 calumniator
3292 5190 3471 5244 Eccle-

1895 5300 1990 5354 sia:
2043 5297 2354 5351 Latinorum
2410 5292 2673 5347 emersiin
2700 5329 2716 5355 ,
2779 5286 3244 5343 anathematizans
3296 5297 3473 5337 omnes

1896 5388 2188 5455 quiranquc
2213 5383 2595 5451 participarent
2610 5393 2676 5434 ea:
2692 5378 2924 5449 azymis.
2946 5374 3052 5433 Sed
3076 5382 3131 5431 ct
3161 5386 3328 5445 panes
3348 5383 3473 5441 azy-

286 5554 335 5585 ⁶⁸
378 5551 567 5614 κλιιιι.
604 5560 774 5623 XXVI,
809 5559 914 5626 9.0;
954 5559 1123 5614 Marc.
1150 5575 1255 5624 stv,
1286 5561 1335 5626 l,
1379 5561 1476 5629 l7;
1505 5560 1637 5617 Luc.
1664 5578 1788 5627 xxii,

1897 5601 1908 5615 .
1971 5559 2196 5615 6".loan.
2237 5573 2355 5623 ιιιι⁹
2394 5557 2449 5623 6,
2484 5555 2567 5610 l7.

287 5728 374 5802 (α)
409 5727 525 5787 Lib.
549 5740 732 5788 contra
761 5733 913 5803 hirta,
941 5749 993 5790 ς.
1026 5735 1078 5799 8,
1105 5737 1160 5790 9'

1976 5732 2047 5801 (b)
2072 5731 2188 5787 Lib.
2226 5747 2298 5797 tv,
2325 5746 2443 5799 cap.
2469 5730 2527 5784 l.
