3922 6346
450 369 554 434 403

453 499 575 539 mos
608 483 663 536 in
701 481 864 535 missa
899 493 927 531 a
970 478 1238 532 Romanis
1284 480 1600 533 consecrari
1647 479 1841 535 solitos
1894 485 2020 533 ante

450 573 630 629 Photii
661 580 894 636 aetatem,
924 578 1153 627 testatus
1176 579 1265 626 est
1297 568 1557 627 Rabanus
1579 569 1828 635 Maurus,
1864 570 1961 626 lib.
2000 585 2018 623 ι

451 666 530 719 De
554 664 885 719 institutione
910 661 1241 725 clericorum,
1282 675 1407 731 cap.
1447 661 1536 725 5i,
1583 660 1676 716 ubi
1722 660 1917 716 statuit
1962 659 2017 714 in

450 757 813 811 sacramentis
835 754 985 809 aliud
1009 769 1117 808 non
1143 752 1502 819 offerendum,
1523 752 1630 808 nisi
1659 753 1804 821 quod
1834 752 2019 806 Domi-

449 864 558 904 nus
599 848 718 917 ipse
757 845 1007 914 exemplo
1040 860 1141 901 suo
1172 844 1609 915 praescripserit;
1660 843 1858 899 deinde
1891 843 2022 898 sub-

446 938 628 1007 jungit
659 955 674 991 :
704 936 844 1006 Ergo
881 952 1069 1005 panem
1107 935 1533 1003 infermentatum
1579 944 1627 987 et
1660 936 1839 987 vinum
1882 949 2021 1001 aqua

448 1030 666 1083 mistum
692 1029 746 1082 in
776 1038 1165 1082 sacramentum
1192 1027 1422 1093 corporis
1447 1034 1496 1079 et
1524 1026 1797 1094 sanguinis
1821 1024 2021 1079 Christi

448 1121 780 1186 sanctiﬁcari
804 1128 1023 1189 oportet.
1053 1118 1220 1188 Atqui
1239 1117 1518 1179 Rabanus,
1544 1131 1667 1185 cap.
1688 1116 1758 1171 55
1776 1116 2019 1185 ejusdem

449 1212 574 1265 libri
599 1210 839 1266 declarat
864 1225 924 1264 se
955 1210 1139 1265 missa:
1161 1208 1408 1264 ordinem
1441 1207 1829 1275 descripsisse,
1856 1220 2019 1275 quem

450 1302 695 1356 Itomana
723 1303 949 1370 aliaeque
981 1300 1095 1356 fere
1126 1314 1316 1355 omnes
1339 1313 1434 1369 per
1454 1296 1809 1353 Occidentem
1838 1295 2021 1351 Eccle-

449 1396 545 1448 siae
572 1402 881 1448 servarent.
922 1392 1119 1446 Libros
1142 1400 1322 1445 autem
1342 1389 1418 1443 De
1439 1391 1771 1443 institutione
1797 1387 2020 1443 clerico-

447 1501 566 1539 rum
607 1484 1022 1539 edideratcirca
1054 1497 1261 1536 annum
1287 1480 1413 1546 820,
1448 1481 1579 1535 dum
1615 1479 1806 1536 Fuldis
1844 1478 2023 1536 adhuc

451 1577 762 1631 monachus
787 1583 992 1645 ageret,
1028 1580 1156 1628 ante
1184 1571 1553 1642 quadraginta
1589 1579 1644 1625 et
1673 1577 1883 1639 septem
1914 1570 2023 1624 cir-

367 1674 370 1689 ‘
448 1666 588 1721 citer
615 1680 808 1730 annos,
834 1678 997 1732 quam
1034 1661 1264 1717 Photius
1298 1661 1353 1714 in
1385 1660 1685 1714 Romanam
1717 1658 2018 1715 Ecclesiam

445 1758 633 1828 jacere
695 1754 938 1810 convitia
996 1752 1279 1823 coepisset.
1335 1749 1606 1806 Alcuinus
1660 1750 1763 1805 sub
1820 1748 2019 1805 Carolo

450 1848 669 1917 Magno,
701 1845 860 1900 initio
891 1844 1170 1900 nascentis
1212 1840 1440 1898 haeresis
1469 1840 1671 1897 Felicis
1715 1840 2019 1911 Urgelitani

450 1946 507 1992 et
536 1935 812 2006 Elipandi,
845 1934 950 1989 hoc
987 1942 1073 1990 est
1100 1942 1227 1989 ante
1257 1932 1529 2005 synodum
1560 1930 2023 1989 Francol’ordien-

452 2043 605 2089 sem,
643 2026 931 2096 epistolam
983 2023 1051 2080 ad
1107 2023 1506 2095 Lugdunenses
1533 2023 1759 2094 scripsit
1803 2024 1918 2094 (a),
1962 2025 2018 2080 in

451 2132 560 2188 qua
584 2115 1032 2173 consuetudinem
1060 2115 1332 2185 improbat
1366 2115 1731 2185 Hispanorum
1754 2129 2020 2184 quorum-

451 2207 603 2271 dam,
634 2206 727 2276 qui
766 2205 849 2261 sal
888 2205 944 2260 in
977 2219 1172 2275 panem
1202 2204 1502 2260 oblationis
1538 2204 1850 2269 mittebant,
1883 2205 2021 2275 quod

452 2316 546 2354 nec
568 2300 812 2355 universa
850 2299 1086 2355 Ecclesia
1110 2300 1372 2364 observat,
1416 2298 1616 2369 inquit,
1650 2315 1743 2354 nec
1780 2298 2021 2355 Romana

451 2391 680 2447 custodit
708 2392 1018 2445 auctoritas.
1045 2390 1183 2445 Tum
1223 2391 1457 2446 subinde
1480 2391 1655 2461 pergit
1682 2410 1696 2446 :
1729 2391 1855 2445 Tria
1878 2402 2021 2459 sunt,

450 2496 570 2550 qua
610 2481 665 2535 in
702 2481 969 2549 sacriﬁcio
1006 2480 1167 2550 hujus
1225 2479 1511 2535 testimonii
1558 2480 1827 2548 o/ferenda
1874 2491 2021 2545 sunt,

445 2573 626 2641 panis,
657 2587 817 2642 aqua,
846 2581 894 2625 et
925 2571 1121 2625 vinum.
1155 2570 1344 2634 Panis,
1385 2571 1476 2640 qui
1510 2570 1564 2624 in
1587 2585 1775 2639 corpus
1806 2569 2023 2625 Domini

448 2671 810 2727 consecratur,
832 2662 1024 2731 absque
1056 2662 1310 2730 fermento
1331 2660 1495 2714 ullius
1531 2660 1749 2714 alterius
1774 2660 2017 2730 infectio-

448 2753 533 2807 nis
548 2752 694 2808 debet
713 2768 824 2807 esse
846 2751 1244 2806 mundissimus.
1271 2749 1350 2803 Ex
1380 2750 1581 2817 quibus
1606 2750 1788 2805 verbis
1807 2751 2021 2821 perspi-

449 2857 615 2896 cuum
644 2841 724 2903 lit,
759 2856 956 2909 panem
988 2840 1257 2894 duntaxat
1279 2854 1554 2909 azymum,
1588 2854 1697 2894 non
1724 2839 2022 2896 fermenta-

450 2942 593 3000 tum,
622 2943 867 3002 tempore
904 2932 1087 3003 Albini
1112 2930 1294 2986 Flacci
1329 2947 1426 2986 seu
1469 2932 1684 2987 Alcniui
1718 2934 2019 2989 adhibitum

451 3040 482 3078 a
512 3022 763 3077 Romana
792 3022 1040 3101 Ecclesia
1067 3023 1133 3077 ad
1168 3037 1320 3077 aram
1358 3023 1551 3078 fuisse.
1587 3023 1890 3078 Permirum
1914 3033 2022 3091 est,

449 3115 600 3185 quod
631 3114 854 3183 quidam
896 3112 1261 3179 contendunt,
1305 3113 1564 3168 Albinum
1604 3112 1865 3169 Ecclesiae
1896 3114 2023 3170 Gal-

449 3207 663 3269 licanae,
694 3206 779 3259 vel
812 3204 1128 3275 Anglicanas
1163 3220 1277 3260 suae
1320 3206 1541 3274 potius,
1565 3221 1730 3275 quam
1768 3206 2027 3261 Romana:

451 3297 619 3351 ritum
651 3296 967 3365 signiticare
992 3295 1254 3359 voluisse,
1289 3297 1511 3365 quando
1542 3298 1659 3367 ipse
1687 3299 1893 3355 diserte
1926 3314 2023 3354 no-

452 3387 626 3441 minat
667 3386 916 3443 Ecclesiae
956 3386 1206 3442 Romana:
1240 3391 1632 3454 auctoritatem,
1660 3391 1819 3460 cujus
1859 3407 2026 3448 caere-

452 3479 761 3533 moniarum
816 3480 1246 3535 callentissimus
1294 3480 1449 3549 juxta
1521 3490 1577 3537 et
1639 3484 2027 3541 tenacissimas

451 3580 594 3635 erat,
622 3579 681 3625 ut
714 3578 860 3639 patet
891 3586 957 3625 ex
998 3571 1119 3640 ejus
1153 3588 1319 3642 opere
1347 3573 1423 3627 De
1456 3573 1646 3628 ritibus
1680 3574 1951 3631 Ecclesiae.

521 3662 660 3719 XLI.
701 3662 817 3717 Imo
842 3674 962 3719 ante
995 3675 1199 3719 sextam
1228 3666 1483 3735 synodum
1514 3666 1699 3723 oblati.
1728 3697 1801 3712 —
1825 3667 2029 3723 Roma-

451 3767 581 3807 nam
612 3752 912 3809 Ecclesiam
947 3745 1305 3810 fermentatus
1335 3770 1503 3824 panes
1533 3756 1587 3810 in
1617 3757 1897 3813 sacriﬁcio
1915 3756 2027 3824 jam

451 3845 583 3898 olim
607 3844 924 3899 exhibuisse
946 3845 1182 3914 probare
1208 3846 1553 3900 conabantur
1577 3846 1796 3902 Nicetes
1825 3848 2029 3917 aliique

456 3933 635 3989 Graeci
670 3937 1000 3991 auctoritate
1032 3938 1262 3992 t‘auonis
1290 3936 1539 3993 Trullani
1571 3939 1869 4004 undecimi,
1919 3954 2028 4009 quo

455 4031 677 4078 vetatur
702 4038 768 4078 ne
783 4023 1085 4081 Christiani
1110 4042 1235 4080 cum
1259 4025 1464 4083 luditis
1481 4043 1671 4098 azyma
1692 4030 1985 4085 comedent
2011 4048 2023 4084 :

454 4113 605 4168 hunc
622 4114 769 4169 enim
792 4131 1058 4172 canonem
1078 4124 1357 4171 annuente
1374 4118 1660 4187 Agathone
1676 4133 1817 4190 papa
1848 4121 2029 4175 sanci-

454 4214 572 4260 tum
603 4205 774 4263 fuisse
795 4216 917 4277 post
942 4208 1220 4263 Meletium
1248 4217 1497 4263 nostrum
1529 4210 1776 4266 aiebant.
1804 4209 2029 4267 Scilicet

456 4311 703 4354 canones
760 4299 955 4368 synodi
1020 4299 1190 4363 illius,
1243 4315 1368 4368 quae
1399 4300 1723 4366 Quinisexta
1763 4303 2033 4372 appellata

454 4400 562 4454 est,
587 4401 754 4447 sextae
781 4391 992 4461 synodo
1021 4392 1266 4463 generali
1292 4409 1414 4462 qua:
1443 4393 1549 4448 sub
1574 4394 1863 4464 Agathone
1894 4410 2034 4468 papa

454 4482 733 4538 celebrata
753 4490 895 4544 erat,
929 4483 1334 4553 ascripserunt,
1366 4486 1622 4553 quamvis
1650 4485 1839 4541 multis
1871 4486 2034 4542 annis

453 4574 567 4628 sint
622 4576 978 4630 recentiores.
1042 4576 1084 4628 E
1139 4577 1423 4631 contrario
1475 4585 1659 4631 autem
1730 4577 2034 4632 cardinalis

455 4664 791 4721 llumbertus
819 4666 948 4721 huic
973 4676 1282 4722 commento
1315 4668 1604 4722 historiam
1640 4678 1810 4725 sextae
1838 4670 2037 4739 synodi

453 4759 717 4827 opponit,
760 4773 866 4827 qua
922 4758 1197 4814 ferebatur
1256 4759 1466 4828 legatos
1492 4779 1513 4807 ο.
1546 4760 1851 4830 Agathonis
1907 4776 2032 4816 cum

454 4862 485 4897 a
541 4846 910 4903 Constantino
961 4847 1242 4918 Pogonato
1301 4849 1628 4919 imperatore
1685 4851 1866 4920 rogati
1943 4868 2035 4907 es-

457 4944 601 5001 sent,
632 4953 923 5006 quemnam
972 4939 1222 4995 Romana
1256 4939 1501 4995 Ecclesia
1530 4940 1781 4995 ordinem
1823 4952 2035 4998 teneret

455 5024 606 5077 circa
660 5027 994 5082 sacriﬁcium
1054 5030 1305 5099 corporis
1356 5039 1409 5083 ct
1464 5030 1753 5100 sanguinis
1813 5029 2031 5085 Domini

458 5115 632 5171 nostri
683 5114 815 5172 Jesu
857 5118 1097 5184 Christi,
1156 5120 1558 5189 respondisse:
1599 5120 1668 5175 In
1711 5120 1877 5175 calice
1923 5120 2035 5175 Do-

456 5207 590 5261 mini
640 5224 746 5261 non
802 5208 950 5262 debet
1008 5211 1180 5264 solum
1232 5211 1413 5279 o/ferri
1471 5214 1689 5275 rinum,
1754 5213 1843 5265 sed
1894 5228 2032 5281 aqua

457 5297 695 5350 mistum.
751 5296 897 5352 Nunt
953 5301 1001 5353 si
1049 5300 1223 5354 solum
1282 5301 1459 5354 vinum
1519 5301 1769 5372 offertur,
1817 5303 2033 5371 sanguis

459 5388 660 5443 Christi
698 5391 879 5459 incipit
920 5406 1033 5445 esse
1070 5392 1182 5445 sine
1216 5393 1382 5445 nobis.
1418 5390 1484 5444 Et
1522 5393 1569 5445 si
1607 5409 1746 5463 aqua
1775 5408 1910 5460 pura
1947 5393 2032 5461 of-

462 5482 648 5552 fertur,
688 5484 802 5537 sola
830 5484 970 5552 plebs
1005 5484 1189 5553 incipit
1229 5500 1340 5537 esse
1375 5485 1486 5537 sine
1530 5483 1760 5537 Christo.
1806 5482 2029 5547 Quando

466 5584 737 5644 atrumque
784 5575 1129 5637 admiscetur,
1166 5575 1219 5628 id
1249 5585 1323 5629 est
1370 5575 1546 5627 rinam
1600 5584 1651 5627 et
1700 5590 1858 5643 aqua,
1906 5582 2027 5626 tunc

527 5683 603 5750 (α)
626 5684 804 5753 Epist.
834 5686 918 5741 σε).

527 5753 603 5821 (ὁ)
622 5752 737 5809 Lib.
754 5768 811 5822 tt,
828 5755 1022 5812 Contra
1037 5774 1236 5813 errores
1255 5758 1483 5814 (ἔνατον.
1497 5796 1510 5823 ,
1526 5767 1572 5810 et
1586 5757 1638 5822 5,
1653 5770 1727 5824 p.,
1742 5754 1886 5825 9.76,
1906 5772 1953 5808 a.
1980 5755 2025 5808 ι,

1452 365 2103 429 DISSERTATIONES
2152 369 2718 431 DAMASCENICIE.

3588 375 3693 444 404

2121 489 2510 535 sacramentum
2545 482 2824 551 spiritualc
2866 485 3160 553 perﬁcitur.
3192 484 3409 541 Oblatio
3439 501 3559 542 vero
3578 503 3696 558 qua

2120 572 2179 624 in
2203 572 2528 640 sacriﬁcium
2556 570 2747 626 altaris
2776 573 3029 641 offertur,
3046 574 3252 629 nullam
3274 573 3697 632 commistionem

2122 654 2233 728 [LX
2243 663 2331 717 XX
2345 663 2429 717 γη
2441 657 2461 730 J
2474 674 2567 718 aut
2585 667 2969 734 corruptionem
2996 666 3296 735 fermentati
3317 667 3461 722 debet
3486 668 3697 735 habere,

2121 756 2256 809 sicut
2286 754 2351 811 Β.
2385 754 2540 825 Virgo
2570 755 2749 810 Maria
2774 756 2967 826 absque
2994 758 3140 811 omni
3168 760 3501 826 corruptione
3536 757 3698 813 Clu-i.

2121 855 2261 899 stum
2289 848 2518 916 concepit
2549 855 2597 900 et
2627 847 2842 916 peperit.
2881 845 3017 900 Hinc
3049 847 3104 900 in
3140 844 3381 901 Ecclesia
3408 863 3520 901 mos
3562 847 3701 901 obti-

2122 937 2258 1003 nuit,
2284 946 2341 990 ut
2359 938 2683 1006 sacriﬁcium
2705 939 2895 992 altaris
2915 954 3021 992 non
3048 940 3104 991 in
3132 938 3300 992 serico
3331 947 3424 992 aut
3452 939 3505 992 in
3524 953 3699 1006 panno

2123 1031 2310 1095 tincto,
2349 1029 2439 1083 sed
2471 1030 2527 1082 in
2577 1030 2687 1084 lino
2728 1039 2934 1084 terreno
2962 1029 3273 1094 celebretur,
3327 1030 3471 1082 sicut
3510 1043 3698 1097 corpus

2128 1116 2336 1170 Domini
2363 1116 2464 1184 fuit
2489 1117 2543 1170 in
2561 1118 2781 1171 sindone
2802 1115 2999 1170 munda
3017 1117 3300 1184 sepultum.
3319 1116 3410 1170 Sic
3428 1126 3479 1169 et
3498 1115 3699 1171 oblatio

2123 1210 2323 1261 munda
2349 1208 2495 1262 debet
2518 1225 2631 1263 esse
2660 1211 2935 1277 fermento,
2958 1209 3120 1276 juxta
3145 1208 3284 1278 quod
3312 1210 3365 1261 in
3389 1209 3547 1277 gestis
3567 1224 3702 1276 pon-

2125 1300 2412 1367 tiﬁcalibus
2447 1317 2481 1354 a
2522 1302 2673 1354 beato
2704 1301 2977 1355 Silvestro'
3021 1302 3241 1371 legimus
3273 1319 3387 1356 esse
3414 1311 3699 1356 statutum.

2124 1389 2251 1444 Haec
2290 1388 2463 1445 refert
2491 1390 2832 1448 Humbertus
2882 1392 3027 1446 libro
3064 1391 3263 1446 Contra
3302 1390 3547 1446 Nicetam
3578 1406 3704 1461 quae

2123 1478 2377 1550 profecto
2409 1495 2532 1537 esse
2572 1492 2795 1552 accepta
2832 1481 3091 1537 videntur
3121 1497 3187 1537 ex
3233 1481 3426 1537 eodem
3472 1490 3705 1537 auctore

2122 1580 2177 1629 et
2205 1573 2368 1640 libro,
2396 1588 2561 1643 quem
2592 1573 2799 1627 Paulus
2836 1572 3109 1629 diaconus
3142 1586 3252 1642 prae
3280 1572 3458 1627 oculis
3484 1572 3703 1636 habuit,

2126 1680 2252 1720 cum
2285 1672 2456 1734 caput
2477 1666 2657 1721 illibrl
2682 1665 2748 1720 Vl
2779 1665 3038 1720 Historia!
3068 1663 3533 1734 Langobardorum
3556 1661 3703 1718 scri-

2130 1756 2305 1813 beret.
2338 1754 2475 1811 Nam
2500 1755 2834 1811 Humbertus
2854 1775 2920 1817 ea
2952 1769 3076 1825 quae
3106 1756 3351 1825 proxime
3381 1754 3491 1808 illis
3519 1753 3704 1808 cohae-

2128 1854 2253 1903 rent
2283 1862 2407 1917 qua:
2445 1846 2611 1902 modo
2641 1846 2821 1911 retuli,
2858 1844 3053 1900 iisdem
3087 1860 3213 1898 mox
3251 1844 3438 1899 verbis
3468 1842 3706 1898 recitare

2130 1939 2308 2009 pergit
2324 1938 2527 2009 quibus
2552 1938 2758 1993 Paulus
2773 1937 3061 1993 diaconus.
3085 1936 3253 2005 Atqui
3282 1935 3485 1991 Paulus
3504 1944 3705 1990 octavo

2131 2032 2335 2089 saeculo
2361 2031 2576 2086 labente
2604 2030 2869 2096 ﬂorebat;
2897 2030 3003 2084 hoc
3032 2036 3116 2085 est
3137 2036 3359 2083 centum
3389 2036 3515 2098 post
3542 2026 3705 2083 annis

2130 2136 2160 2176 a
2194 2120 2567 2177 celebratione
2607 2119 2749 2174 sexti
2784 2118 3004 2174 concilii
3045 2117 3341 2189 generalis,
3390 2124 3446 2172 et
3493 2115 3703 2171 dudum

2130 2219 2429 2282 antequam
2498 2209 2732 2267 Photius
2795 2210 3037 2267 schisma
3105 2207 3481 2265 Ecclesisrum
3539 2208 3706 2263 moli-

2131 2311 2307 2359 retur.

2199 2393 2335 2448 XLI.
2374 2392 2611 2449 Sanctus
2657 2392 2898 2447 Thomas
2939 2391 2993 2446 in
3031 2390 3233 2446 Catena
3266 2405 3431 2444 aurea
3474 2390 3530 2444 in
3565 2387 3705 2445 blat-

2131 2485 2352 2550 thazum,
2387 2500 2439 2540 c.
2472 2488 2636 2551 xxvi,
2668 2493 2723 2539 et
2756 2484 2884 2538 alibi
2918 2482 2994 2554 (ὁ)
3025 2496 3341 2553 azymorum
3370 2494 3531 2535 nsunt
3562 2494 3706 2535 con-

2130 2578 2352 2632 ﬁrmare
2385 2576 2582 2631 nititur
2633 2574 2950 2631 testimonio
2996 2572 3142 2628 beati
3190 2571 3472 2642 Gregorii,
3510 2571 3605 2641 qui
3646 2571 3707 2625 in

2129 2668 2370 2739 Registro
2393 2667 2667 2733 docuerit,
2702 2664 2933 2736 perinde
2957 2664 3126 2719 licere
3153 2661 3353 2717 oll'erre
3381 2676 3553 2732 panes
3573 2675 3709 2730 azy-

2126 2775 2248 2814 mos
2307 2767 2361 2814 et
2401 2758 2779 2814 fermentatos.
2816 2755 2966 2813 Idem
3020 2755 3183 2824 paulo
3217 2753 3398 2809 fusius
3423 2753 3625 2823 legitur
3649 2753 3710 2807 in

2128 2858 2363 2904 tractatu
2392 2848 2590 2902 Contra
2622 2847 2858 2912 ercos,
2889 2846 2983 2916 qui
3022 2845 3246 2899 habitus
3281 2852 3369 2915 est
3398 2843 3723 2898 Constanti-

2132 2940 2315 3010 nopoli
2380 2939 2435 2992 in
2503 2938 2712 2993 aedibus
2769 2936 3004 2990 fratrum
3062 2932 3489 2989 Praedicatorum
3560 2946 3712 2986 anno

2135 3032 2289 3088 Dom.
2322 3031 2481 3096 l252,
2512 3030 2802 3098 editasque
2834 3034 2922 3083 est
2953 3040 2982 3079 a
3016 3024 3340 3091 ,Stewartio.
3363 3022 3546 3092 Neque
3574 3035 3714 3077 vero

2133 3122 2189 3177 in
2240 3122 2345 3175 hoc
2378 3126 2611 3173 tractatu
2663 3118 2815 3171 locus
2851 3120 3103 3182 sumptus
3136 3111 3343 3166 dicitur
3372 3125 3438 3163 ea:
3466 3108 3715 3178 Registro

2134 3209 2394 3280 Gregorii,
2414 3208 2508 3265 sed
2533 3223 2598 3261 ea:
2617 3207 2730 3277 ejus
2766 3204 2882 3259 Vita
2916 3201 3099 3257 Crteco
3128 3216 3367 3256 sermone
3387 3199 3711 3266 conscripta.

2132 3302 2214 3357 Ad
2247 3304 2393 3356 lnmc
2426 3302 2612 3369 itaque
2650 3298 2870 3353 modum
2902 3303 3168 3351 tractatus
3198 3300 3456 3347 auctores
3498 3289 3716 3359 Grego-

2135 3392 2202 3445 rii
2229 3391 2392 3446 verba
2436 3387 2689 3444 alierum.
2733 3386 2971 3440 Audiant
3006 3382 3196 3445 erci,
3235 3380 3512 3452 inquiunt,
3551 3392 3718 3447 super

2132 3481 2230 3534 hoc
2260 3480 2321 3534 Β.
2368 3478 2680 3548 Gregorium
2706 3478 2761 3531 in
2802 3476 3043 3546 Dialogis
3097 3474 3239 3546 (lege
3288 3472 3594 3541 Dialogum,
3652 3477 3717 3523 ut

2134 3570 2310 3627 Graeci
2356 3570 2677 3638 loquuntur,
2714 3576 2808 3621 aut
2849 3565 3031 3635 simile
3052 3563 3356 3634 quidpiam.
3400 3572 3459 3616 ut
3486 3566 3718 3614 contex-

2135 3673 2224 3719 tus
2260 3662 2432 3718 series
2464 3659 2755 3730 colimreat)
2794 3673 2911 3728 quae
2937 3666 2986 3711 et
3023 3654 3226 3725 qualia,
3250 3662 3581 3707 sacramenta
3617 3648 3729 3702 de;

2136 3753 2463 3808 trahentibus
2492 3750 2816 3820 responderit
2845 3747 3024 3804 Gra’co
3055 3762 3309 3809 sermone,
3337 3760 3453 3798 cum
3475 3743 3530 3796 in
3560 3739 3718 3795 Cra:—

2135 3846 2219 3899 cia
2265 3855 2417 3898 trans
2463 3843 2723 3913 legatione
2765 3842 3090 3911 fungeretur.
3133 3837 3274 3891 Dicit
3311 3836 3451 3890 enim
3497 3849 3516 3887 :
3563 3832 3719 3888 Solet

2135 3935 2329 3989 moveri
2378 3934 2625 4004 quaestio,
2664 3931 2802 4000 quod
2843 3933 2897 3984 in
2921 3929 3159 3984 Ecclesia
3199 3926 3295 3980 alii
3341 3927 3721 3995 fermentatum

2135 4028 2383 4096 o/Terunt,
2420 4025 2517 4079 alii
2547 4040 2707 4091 panes
2746 4040 2981 4092 asymas.
3019 4021 3151 4077 Esse
3175 4035 3397 4090 namque
3422 4016 3723 4070 Ecclesiam

2135 4119 2444 4176 distinctam
2486 4124 2713 4184 quatuor
2751 4113 3023 4168 ordinibus
3062 4113 3299 4167 novimus
3321 4150 3337 4172 ,
3371 4109 3573 4162 scilicet
3609 4106 3723 4159 Ro-

2136 4224 2437 4271 manorum,
2466 4206 2971 4268 Alexandrinorum,
3005 4203 3616 4273 Hierosolymitanorum
3660 4210 3722 4253 et

2134 4299 2583 4353 Antiochenorum
2600 4313 2751 4366 mute
2782 4295 3035 4351 Ecclesia:
3054 4295 3365 4365 generaliter
3394 4306 3719 4359 nuncupan-

2134 4400 2241 4450 tur,
2298 4406 2416 4442 cum
2466 4404 2623 4441 unam
2673 4394 2878 4441 teneant
2904 4385 3220 4439 catholicam
3241 4384 3429 4452 ﬁdem.
3482 4380 3726 4434 Diversis

2137 4491 2309 4534 tamen
2335 4490 2559 4535 utuntur
2590 4478 2892 4548 ofﬁciorum
2917 4476 3201 4546 mysteriis.
3247 4474 3398 4528 Unde
3423 4473 3484 4542 ﬁt
3517 4480 3575 4525 ut
3609 4469 3726 4524 Ro-

2136 4589 2296 4625 mana
2348 4572 2584 4626 Ecclesia
2635 4570 2823 4639 o/ferat
2853 4584 3012 4637 panes
3038 4583 3273 4637 azymos,
3329 4575 3539 4634 propter
3574 4561 3729 4631 quod

2136 4663 2274 4716 Deus
2301 4663 2413 4716 sine
2444 4662 2559 4715 ulla
2597 4661 2961 4715 commistione
3004 4674 3217 4711 carnem
3264 4656 3510 4723 suscepit.
3557 4654 3731 4709 Scri-

2135 4764 2283 4819 ptum
2312 4763 2389 4807 est
2424 4769 2441 4805 :
2474 4771 2490 4804 t
2517 4751 2739 4805 Verbum
2769 4767 2896 4804 caro
2920 4750 3119 4811 factum
3151 4763 3252 4808 est,
3290 4756 3341 4801 et
3374 4746 3635 4799 habitavit
3669 4747 3732 4799 in

2133 4846 2336 4909 nobis,»
2360 4843 2448 4899 Sic
2477 4861 2599 4914 ergo
2625 4860 2758 4912 pane
2787 4859 2972 4913 azyma
3007 4842 3237 4911 efﬁcitur
3272 4855 3457 4908 corpus
3489 4838 3733 4893 Christi.

2136 4936 2280 4991 Nam
2311 4947 2514 4991 creterra
2541 4936 2861 5004 supradicta:
2885 4932 3137 4988 Ecclesia:
3173 4932 3399 5001 o/ferunt
3425 4931 3737 4999 fermenta-

2132 5040 2264 5094 tum,
2287 5044 2383 5096 pro
2404 5045 2462 5082 eo
2491 5027 2628 5096 quod
2663 5026 2889 5081 Verbum
2928 5024 3110 5079 Patris
3142 5024 3387 5077 indutum
3411 5031 3487 5074 est
3517 5037 3693 5074 carne
3716 5060 3735 5085 ,

2131 5129 2180 5171 et
2222 5128 2298 5171 est
2340 5134 2491 5172 verus
2543 5117 2698 5171 homo
2741 5133 2758 5168 :
2789 5118 2865 5169 ita
2898 5117 3036 5183 quod
3076 5114 3451 5182 fermentatum
3492 5112 3738 5165 commi-

2132 5218 2340 5261 sceatur
2367 5209 2579 5277 farinw,
2602 5219 2652 5261 et
2679 5208 2947 5275 efﬁciatur
2970 5221 3157 5274 corpus
3172 5205 3389 5258 Domini
3406 5204 3574 5256 nostri
3588 5201 3742 5255 Jesu

2133 5299 2333 5353 Christi
2360 5302 2452 5369 (c).
2489 5298 2593 5353 Sed
2626 5310 2734 5352 tam
2758 5298 2999 5353 Romana
3039 5297 3301 5357 Ecclesia.
3335 5310 3490 5364 quam
3515 5293 3740 5361 pra'di-

2132 5401 2232 5445 cla:
2257 5407 2352 5460 pro
2377 5390 2638 5458 ine/fabiii
2674 5390 2942 5459 mysterio,
2982 5398 3090 5441 tam
3148 5388 3516 5456 fermentatum
3556 5400 3742 5453 quam

2139 5480 2523 5549 azyntumdum
2550 5481 2829 5544 sumimus,
2844 5496 3005 5533 unum
3022 5494 3209 5546 corpus
3229 5476 3525 5530 Saluatoris
3546 5475 3743 5527 nostri

2133 5571 2458 5639 efﬁciuntur.
2482 5568 2610 5623 Ha-c
2622 5579 2743 5625 sunt
2761 5570 2913 5623 verba
2930 5568 3170 5637 Gregorii
3186 5582 3301 5635 qua:
3318 5566 3369 5619 in
3404 5563 3524 5617 Vita
3548 5562 3741 5630 ipsius

2208 5683 2277 5750 (ι’)
2323 5680 2483 5735 Deest
2508 5682 2597 5735 hic
2624 5682 2813 5751 vocula
2850 5680 3032 5751 aliqua
3066 5687 3159 5731 aut
3185 5674 3474 5748 legendum
3506 5689 3520 5727 :
3552 5687 3741 5727 unum

2140 5768 2323 5822 corpus
2354 5751 2649 5807 Salrataris
2675 5750 2841 5806 nostri
2868 5750 3150 5819 efﬁcimur.
