  <div class='ocr_page' id='page_1' title='image "/cluster/home/n/w/nwhite01/storage/ocr_20150623/94/hvd.32044052838174/286.png"; bbox 0 0 3922 6346; ppageno 0'>
   <div class='ocr_carea' id='block_1_1' title="bbox 261 393 378 454">
    <p class='ocr_par' dir='ltr' id='par_1_1' title="bbox 261 393 378 454">
     <span class='ocr_line' id='line_1_1' title="bbox 261 393 378 454; baseline -0.034 0"><span class='ocrx_word' id='word_1_1' title='bbox 261 393 378 454; x_wconf 71' lang='grc'><strong>405</strong></span> 
     </span>
    </p>
   </div>
   <div class='ocr_carea' id='block_1_2' title="bbox 1593 364 2227 430">
    <p class='ocr_par' dir='ltr' id='par_1_2' title="bbox 1593 364 2227 430">
     <span class='ocr_line' id='line_1_2' title="bbox 1593 364 2227 430; baseline -0.002 -1"><span class='ocrx_word' id='word_1_2' title='bbox 1593 364 2095 430; x_wconf 77' lang='lat' dir='ltr'><strong>DISSERTATIO</strong></span> <span class='ocrx_word' id='word_1_3' title='bbox 2126 369 2227 428; x_wconf 76' lang='lat' dir='ltr'><strong>VI.</strong></span> 
     </span>
    </p>
   </div>
   <div class='ocr_carea' id='block_1_3' title="bbox 3408 360 3512 422">
    <p class='ocr_par' dir='ltr' id='par_1_3' title="bbox 3408 360 3512 422">
     <span class='ocr_line' id='line_1_3' title="bbox 3408 360 3512 422; baseline 0.077 -7"><span class='ocrx_word' id='word_1_4' title='bbox 3408 360 3512 422; x_wconf 65' lang='lat' dir='ltr'><strong>(illi</strong></span> 
     </span>
    </p>
   </div>
   <div class='ocr_carea' id='block_1_4' title="bbox 258 475 1831 555">
    <p class='ocr_par' dir='ltr' id='par_1_4' title="bbox 258 480 1831 555">
     <span class='ocr_line' id='line_1_4' title="bbox 258 480 1831 555; baseline -0.006 -13"><span class='ocrx_word' id='word_1_5' title='bbox 258 488 446 544; x_wconf 63' lang='grc' dir='ltr'><strong>ιῖγωεο</strong></span> <span class='ocrx_word' id='word_1_6' title='bbox 464 502 701 542; x_wconf 88' lang='lat' dir='ltr'><strong>sermone</strong></span> <span class='ocrx_word' id='word_1_7' title='bbox 719 485 1073 555; x_wconf 87' lang='lat' dir='ltr'><strong>reperiuntur.</strong></span> <span class='ocrx_word' id='word_1_8' title='bbox 1095 482 1175 537; x_wconf 85' lang='lat' dir='ltr'><strong>An</strong></span> <span class='ocrx_word' id='word_1_9' title='bbox 1194 483 1245 537; x_wconf 89' lang='lat' dir='ltr'><strong>bi</strong></span> <span class='ocrx_word' id='word_1_10' title='bbox 1267 497 1453 538; x_wconf 82' lang='lat' dir='ltr'><strong>revera</strong></span> <span class='ocrx_word' id='word_1_11' title='bbox 1471 480 1533 536; x_wconf 80' lang='lat' dir='ltr'><strong>Gt</strong></span> <span class='ocrx_word' id='word_1_12' title='bbox 1548 482 1717 552; x_wconf 83' lang='lat' dir='ltr'><strong>egorii</strong></span> <span class='ocrx_word' id='word_1_13' title='bbox 1737 481 1831 533; x_wconf 80' lang='lat' dir='ltr'><strong>Ma-</strong></span> 
     </span>
    </p>
   </div>
   <div class='ocr_carea' id='block_1_5' title="bbox 1930 475 3512 555">
    <p class='ocr_par' dir='ltr' id='par_1_5' title="bbox 1950 475 3512 548">
     <span class='ocr_line' id='line_1_5' title="bbox 1950 475 3512 548; baseline -0.002 -17"><span class='ocrx_word' id='word_1_14' title='bbox 1950 481 2053 532; x_wconf 83' lang='grc' dir='ltr'>ὑπὸ</span> <span class='ocrx_word' id='word_1_15' title='bbox 2076 479 2167 533; x_wconf 87' lang='grc' dir='ltr'><strong>τοῦ</strong></span> <span class='ocrx_word' id='word_1_16' title='bbox 2213 480 2347 532; x_wconf 79' lang='grc' dir='ltr'>Θεοῦ</span> <span class='ocrx_word' id='word_1_17' title='bbox 2396 480 2566 546; x_wconf 69' lang='grc' dir='ltr'>Λόγου</span> <span class='ocrx_word' id='word_1_18' title='bbox 2596 480 2692 548; x_wconf 79' lang='grc' dir='ltr'><strong>λη-</strong></span> <span class='ocrx_word' id='word_1_19' title='bbox 2766 478 3024 533; x_wconf 78' lang='lat' dir='ltr'><strong>Ceuitrice</strong></span> <span class='ocrx_word' id='word_1_20' title='bbox 3098 494 3130 529; x_wconf 92' lang='lat' dir='ltr'><strong>a</strong></span> <span class='ocrx_word' id='word_1_21' title='bbox 3197 475 3361 529; x_wconf 75' lang='lat' dir='ltr'><strong>Verba</strong></span> <span class='ocrx_word' id='word_1_22' title='bbox 3408 476 3512 529; x_wconf 79' lang='lat' dir='ltr'><strong>l&#39;ca</strong></span> 
     </span>
    </p>
   </div>
   <div class='ocr_carea' id='block_1_6' title="bbox 255 574 1841 650">
    <p class='ocr_par' dir='ltr' id='par_1_6' title="bbox 255 574 1841 650">
     <span class='ocr_line' id='line_1_6' title="bbox 255 574 1841 650; baseline -0.006 -17"><span class='ocrx_word' id='word_1_23' title='bbox 255 580 351 650; x_wconf 70' lang='lat' dir='ltr'><strong>gni</strong></span> <span class='ocrx_word' id='word_1_24' title='bbox 402 592 688 633; x_wconf 85' lang='lat' dir='ltr'><strong>sermones</strong></span> <span class='ocrx_word' id='word_1_25' title='bbox 734 576 940 631; x_wconf 75' lang='lat' dir='ltr'><strong>fuerint</strong></span> <span class='ocrx_word' id='word_1_26' title='bbox 970 576 1288 629; x_wconf 89' lang='lat' dir='ltr'><strong>criticorum</strong></span> <span class='ocrx_word' id='word_1_27' title='bbox 1319 574 1528 643; x_wconf 85' lang='lat' dir='ltr'><strong>judicio</strong></span> <span class='ocrx_word' id='word_1_28' title='bbox 1570 574 1841 641; x_wconf 81' lang='lat' dir='ltr'><strong>relinquo.</strong></span> 
     </span>
    </p>
   </div>
   <div class='ocr_carea' id='block_1_7' title="bbox 255 657 1841 737">
    <p class='ocr_par' dir='ltr' id='par_1_7' title="bbox 255 657 1841 737">
     <span class='ocr_line' id='line_1_7' title="bbox 255 657 1841 737; baseline -0.004 -12"><span class='ocrx_word' id='word_1_29' title='bbox 255 667 901 735; x_wconf 70' lang='lat' dir='ltr'><strong>ProfectoPltotius,cod.</strong></span> <span class='ocrx_word' id='word_1_30' title='bbox 921 666 1028 722; x_wconf 73' lang='lat'><strong>252</strong></span> <span class='ocrx_word' id='word_1_31' title='bbox 1049 676 1303 737; x_wconf 79' lang='lat' dir='ltr'><strong>excerpta</strong></span> <span class='ocrx_word' id='word_1_32' title='bbox 1328 666 1493 722; x_wconf 82' lang='lat' dir='ltr'><strong>refert</strong></span> <span class='ocrx_word' id='word_1_33' title='bbox 1516 665 1649 720; x_wconf 77' lang='lat' dir='ltr'><strong>Viue</strong></span> <span class='ocrx_word' id='word_1_34' title='bbox 1668 657 1841 719; x_wconf 86' lang='lat' dir='ltr'><strong>sancti</strong></span> 
     </span>
    </p>
   </div>
   <div class='ocr_carea' id='block_1_8' title="bbox 256 755 1845 827">
    <p class='ocr_par' dir='ltr' id='par_1_8' title="bbox 256 755 1845 827">
     <span class='ocr_line' id='line_1_8' title="bbox 256 755 1845 827; baseline -0.001 -16"><span class='ocrx_word' id='word_1_35' title='bbox 256 757 429 825; x_wconf 85' lang='lat' dir='ltr'><strong>hujus</strong></span> <span class='ocrx_word' id='word_1_36' title='bbox 469 758 748 827; x_wconf 83' lang='lat' dir='ltr'><strong>pantitieis</strong></span> <span class='ocrx_word' id='word_1_37' title='bbox 792 757 1045 821; x_wconf 73' lang='lat' dir='ltr'><strong>Romani,</strong></span> <span class='ocrx_word' id='word_1_38' title='bbox 1073 771 1137 811; x_wconf 79' lang='lat' dir='ltr'><strong>ex</strong></span> <span class='ocrx_word' id='word_1_39' title='bbox 1180 771 1287 825; x_wconf 90' lang='lat' dir='ltr'><strong>qua</strong></span> <span class='ocrx_word' id='word_1_40' title='bbox 1332 755 1519 811; x_wconf 81' lang='lat' dir='ltr'><strong>forsan</strong></span> <span class='ocrx_word' id='word_1_41' title='bbox 1567 756 1681 809; x_wconf 65' lang='lat' dir='ltr'><strong>haec.</strong></span> <span class='ocrx_word' id='word_1_42' title='bbox 1723 770 1845 824; x_wconf 64' lang='lat' dir='ltr'><strong>qua?</strong></span> 
     </span>
    </p>
   </div>
   <div class='ocr_carea' id='block_1_9' title="bbox 257 844 1842 918">
    <p class='ocr_par' dir='ltr' id='par_1_9' title="bbox 257 844 1842 918">
     <span class='ocr_line' id='line_1_9' title="bbox 257 844 1842 918; baseline -0.004 -15"><span class='ocrx_word' id='word_1_43' title='bbox 257 849 428 904; x_wconf 88' lang='lat' dir='ltr'><strong>modo</strong></span> <span class='ocrx_word' id='word_1_44' title='bbox 457 850 704 912; x_wconf 82' lang='lat' dir='ltr'><strong>recitavi,</strong></span> <span class='ocrx_word' id='word_1_45' title='bbox 735 857 960 918; x_wconf 78' lang='lat' dir='ltr'><strong>accepta</strong></span> <span class='ocrx_word' id='word_1_46' title='bbox 992 855 1142 903; x_wconf 91' lang='lat' dir='ltr'><strong>sunt.</strong></span> <span class='ocrx_word' id='word_1_47' title='bbox 1178 845 1422 900; x_wconf 81' lang='lat' dir='ltr'><strong>Sullieiat</strong></span> <span class='ocrx_word' id='word_1_48' title='bbox 1449 859 1580 902; x_wconf 73' lang='lat' dir='ltr'><strong>vero</strong></span> <span class='ocrx_word' id='word_1_49' title='bbox 1606 844 1737 898; x_wconf 89' lang='lat' dir='ltr'><strong>mihi</strong></span> <span class='ocrx_word' id='word_1_50' title='bbox 1764 844 1842 898; x_wconf 82' lang='lat' dir='ltr'><strong>lo-</strong></span> 
     </span>
    </p>
   </div>
   <div class='ocr_carea' id='block_1_10' title="bbox 256 935 1840 1010">
    <p class='ocr_par' dir='ltr' id='par_1_10' title="bbox 256 935 1840 1010">
     <span class='ocr_line' id='line_1_10' title="bbox 256 935 1840 1010; baseline -0.003 -16"><span class='ocrx_word' id='word_1_51' title='bbox 256 955 387 994; x_wconf 86' lang='lat' dir='ltr'><strong>cum</strong></span> <span class='ocrx_word' id='word_1_52' title='bbox 420 942 691 1010; x_wconf 77' lang='lat' dir='ltr'><strong>integrum</strong></span> <span class='ocrx_word' id='word_1_53' title='bbox 718 940 1005 1004; x_wconf 73' lang='lat' dir='ltr'><strong>recitasse,</strong></span> <span class='ocrx_word' id='word_1_54' title='bbox 1037 937 1104 992; x_wconf 90' lang='lat' dir='ltr'><strong>ad</strong></span> <span class='ocrx_word' id='word_1_55' title='bbox 1134 952 1293 1007; x_wconf 84' lang='lat' dir='ltr'><strong>quem</strong></span> <span class='ocrx_word' id='word_1_56' title='bbox 1336 935 1511 992; x_wconf 78' lang='lat' dir='ltr'><strong>Graeci</strong></span> <span class='ocrx_word' id='word_1_57' title='bbox 1543 935 1620 990; x_wconf 88' lang='lat' dir='ltr'><strong>illi</strong></span> <span class='ocrx_word' id='word_1_58' title='bbox 1651 936 1840 990; x_wconf 83' lang='lat' dir='ltr'><strong>viden-</strong></span> 
     </span>
    </p>
   </div>
   <div class='ocr_carea' id='block_1_11' title="bbox 259 1028 1839 1102">
    <p class='ocr_par' dir='ltr' id='par_1_11' title="bbox 259 1028 1839 1102">
     <span class='ocr_line' id='line_1_11' title="bbox 259 1028 1839 1102; baseline -0.002 -17"><span class='ocrx_word' id='word_1_59' title='bbox 259 1041 351 1086; x_wconf 90' lang='lat' dir='ltr'><strong>tur</strong></span> <span class='ocrx_word' id='word_1_60' title='bbox 388 1032 831 1102; x_wconf 80' lang='lat' dir='ltr'><strong>respexisse,qui</strong></span> <span class='ocrx_word' id='word_1_61' title='bbox 858 1033 1242 1086; x_wconf 89' lang='lat' dir='ltr'><strong>fermentatum</strong></span> <span class='ocrx_word' id='word_1_62' title='bbox 1281 1044 1477 1099; x_wconf 89' lang='lat' dir='ltr'><strong>panem</strong></span> <span class='ocrx_word' id='word_1_63' title='bbox 1510 1030 1562 1083; x_wconf 91' lang='lat' dir='ltr'><strong>in</strong></span> <span class='ocrx_word' id='word_1_64' title='bbox 1593 1028 1839 1083; x_wconf 88' lang='lat' dir='ltr'><strong>Ecclesia</strong></span> 
     </span>
    </p>
   </div>
   <div class='ocr_carea' id='block_1_12' title="bbox 255 1120 1837 1193">
    <p class='ocr_par' dir='ltr' id='par_1_12' title="bbox 255 1120 1837 1193">
     <span class='ocr_line' id='line_1_12' title="bbox 255 1120 1837 1193; baseline -0.002 -16"><span class='ocrx_word' id='word_1_65' title='bbox 255 1123 505 1178; x_wconf 76' lang='lat' dir='ltr'><strong>Romana</strong></span> <span class='ocrx_word' id='word_1_66' title='bbox 533 1138 710 1193; x_wconf 87' lang='lat' dir='ltr'><strong>usque</strong></span> <span class='ocrx_word' id='word_1_67' title='bbox 736 1123 803 1177; x_wconf 88' lang='lat' dir='ltr'><strong>ad</strong></span> <span class='ocrx_word' id='word_1_68' title='bbox 831 1132 1076 1191; x_wconf 89' lang='lat' dir='ltr'><strong>tempora</strong></span> <span class='ocrx_word' id='word_1_69' title='bbox 1104 1121 1351 1193; x_wconf 72' lang='lat' dir='ltr'><strong>Gregorii</strong></span> <span class='ocrx_word' id='word_1_70' title='bbox 1373 1120 1572 1192; x_wconf 77' lang='lat' dir='ltr'><strong>dialogi</strong></span> <span class='ocrx_word' id='word_1_71' title='bbox 1595 1121 1837 1176; x_wconf 85' lang='lat' dir='ltr'><strong>oblatum</strong></span> 
     </span>
    </p>
   </div>
   <div class='ocr_carea' id='block_1_13' title="bbox 253 1212 1840 1283">
    <p class='ocr_par' dir='ltr' id='par_1_13' title="bbox 253 1212 1840 1283">
     <span class='ocr_line' id='line_1_13' title="bbox 253 1212 1840 1283; baseline -0.001 -16"><span class='ocrx_word' id='word_1_72' title='bbox 253 1229 384 1269; x_wconf 86' lang='lat' dir='ltr'><strong>esse</strong></span> <span class='ocrx_word' id='word_1_73' title='bbox 414 1214 773 1283; x_wconf 88' lang='lat' dir='ltr'><strong>scripserunt.</strong></span> <span class='ocrx_word' id='word_1_74' title='bbox 811 1212 886 1267; x_wconf 80' lang='lat' dir='ltr'><strong>Ex</strong></span> <span class='ocrx_word' id='word_1_75' title='bbox 924 1213 1009 1268; x_wconf 86' lang='lat' dir='ltr'><strong>his</strong></span> <span class='ocrx_word' id='word_1_76' title='bbox 1035 1212 1275 1267; x_wconf 75' lang='lat' dir='ltr'><strong>citamur</strong></span> <span class='ocrx_word' id='word_1_77' title='bbox 1305 1212 1601 1282; x_wconf 80' lang='lat' dir='ltr'><strong>Gregorius</strong></span> <span class='ocrx_word' id='word_1_78' title='bbox 1639 1212 1840 1281; x_wconf 74' lang='lat' dir='ltr'><strong>Corcy-</strong></span> 
     </span>
    </p>
   </div>
   <div class='ocr_carea' id='block_1_14' title="bbox 252 1303 1837 1376">
    <p class='ocr_par' dir='ltr' id='par_1_14' title="bbox 252 1303 1837 1376">
     <span class='ocr_line' id='line_1_14' title="bbox 252 1303 1837 1376; baseline 0.001 -18"><span class='ocrx_word' id='word_1_79' title='bbox 252 1304 462 1368; x_wconf 82' lang='lat' dir='ltr'><strong>rensis,</strong></span> <span class='ocrx_word' id='word_1_80' title='bbox 501 1306 646 1375; x_wconf 86' lang='lat' dir='ltr'><strong>apud</strong></span> <span class='ocrx_word' id='word_1_81' title='bbox 690 1306 947 1359; x_wconf 82' lang='lat' dir='ltr'><strong>Allatium</strong></span> <span class='ocrx_word' id='word_1_82' title='bbox 986 1321 1151 1376; x_wconf 87' lang='lat' dir='ltr'><strong>opere</strong></span> <span class='ocrx_word' id='word_1_83' title='bbox 1186 1304 1261 1358; x_wconf 88' lang='lat' dir='ltr'><strong>De</strong></span> <span class='ocrx_word' id='word_1_84' title='bbox 1314 1303 1603 1374; x_wconf 84' lang='lat' dir='ltr'><strong>Gregoriis,</strong></span> <span class='ocrx_word' id='word_1_85' title='bbox 1635 1314 1690 1359; x_wconf 92' lang='lat' dir='ltr'><strong>et</strong></span> <span class='ocrx_word' id='word_1_86' title='bbox 1737 1304 1837 1376; x_wconf 79' lang='lat' dir='ltr'><strong>Sy-</strong></span> 
     </span>
    </p>
   </div>
   <div class='ocr_carea' id='block_1_15' title="bbox 251 1396 1836 1468">
    <p class='ocr_par' dir='ltr' id='par_1_15' title="bbox 251 1396 1836 1468">
     <span class='ocr_line' id='line_1_15' title="bbox 251 1396 1836 1468; baseline 0.001 -18"><span class='ocrx_word' id='word_1_87' title='bbox 251 1410 421 1451; x_wconf 84' lang='lat' dir='ltr'><strong>nteon</strong></span> <span class='ocrx_word' id='word_1_88' title='bbox 459 1396 988 1461; x_wconf 80' lang='lat' dir='ltr'><strong>Thessalonicensis,</strong></span> <span class='ocrx_word' id='word_1_89' title='bbox 1009 1398 1104 1452; x_wconf 85' lang='lat' dir='ltr'><strong>lib.</strong></span> <span class='ocrx_word' id='word_1_90' title='bbox 1141 1396 1215 1451; x_wconf 89' lang='lat' dir='ltr'><strong>De</strong></span> <span class='ocrx_word' id='word_1_91' title='bbox 1240 1397 1452 1466; x_wconf 88' lang='lat' dir='ltr'><strong>templa,</strong></span> <span class='ocrx_word' id='word_1_92' title='bbox 1480 1413 1532 1453; x_wconf 88' lang='grc' dir='ltr'><strong>η.</strong></span> <span class='ocrx_word' id='word_1_93' title='bbox 1565 1398 1618 1461; x_wconf 82' lang='lat'><strong>5,</strong></span> <span class='ocrx_word' id='word_1_94' title='bbox 1637 1399 1836 1468; x_wconf 87' lang='lat' dir='ltr'><strong>quibus</strong></span> 
     </span>
    </p>
   </div>
   <div class='ocr_carea' id='block_1_16' title="bbox 249 1487 1832 1559">
    <p class='ocr_par' dir='ltr' id='par_1_16' title="bbox 249 1487 1832 1559">
     <span class='ocr_line' id='line_1_16' title="bbox 249 1487 1832 1559; baseline 0.001 -18"><span class='ocrx_word' id='word_1_95' title='bbox 249 1488 426 1541; x_wconf 85' lang='lat' dir='ltr'><strong>etiam</strong></span> <span class='ocrx_word' id='word_1_96' title='bbox 454 1487 796 1545; x_wconf 84' lang='lat' dir='ltr'><strong>Tbeorianus</strong></span> <span class='ocrx_word' id='word_1_97' title='bbox 825 1487 1354 1559; x_wconf 66' lang='lat' dir='ltr'><strong>pbilosomtusjungi</strong></span> <span class='ocrx_word' id='word_1_98' title='bbox 1385 1488 1582 1557; x_wconf 88' lang='lat' dir='ltr'><strong>possit,</strong></span> <span class='ocrx_word' id='word_1_99' title='bbox 1616 1499 1674 1542; x_wconf 89' lang='lat' dir='ltr'><strong>ut</strong></span> <span class='ocrx_word' id='word_1_100' title='bbox 1711 1505 1832 1543; x_wconf 73' lang='lat' dir='ltr'><strong>mox</strong></span> 
     </span>
    </p>
   </div>
   <div class='ocr_carea' id='block_1_17' title="bbox 249 1576 1835 1647">
    <p class='ocr_par' dir='ltr' id='par_1_17' title="bbox 249 1576 1835 1647">
     <span class='ocr_line' id='line_1_17' title="bbox 249 1576 1835 1647; baseline 0.004 -20"><span class='ocrx_word' id='word_1_101' title='bbox 249 1576 634 1632; x_wconf 83' lang='lat' dir='ltr'><strong>ostendemus.</strong></span> <span class='ocrx_word' id='word_1_102' title='bbox 668 1576 863 1631; x_wconf 87' lang='lat' dir='ltr'><strong>Statim</strong></span> <span class='ocrx_word' id='word_1_103' title='bbox 891 1578 1057 1647; x_wconf 75' lang='lat' dir='ltr'><strong>igitur</strong></span> <span class='ocrx_word' id='word_1_104' title='bbox 1084 1578 1138 1630; x_wconf 91' lang='lat' dir='ltr'><strong>in</strong></span> <span class='ocrx_word' id='word_1_105' title='bbox 1172 1578 1265 1632; x_wconf 93' lang='lat' dir='ltr'><strong>illo</strong></span> <span class='ocrx_word' id='word_1_106' title='bbox 1294 1577 1484 1631; x_wconf 89' lang='lat' dir='ltr'><strong>eodem</strong></span> <span class='ocrx_word' id='word_1_107' title='bbox 1510 1577 1835 1633; x_wconf 66' lang='lat' dir='ltr'><strong>Praedicato-</strong></span> 
     </span>
    </p>
   </div>
   <div class='ocr_carea' id='block_1_18' title="bbox 248 1667 1833 1737">
    <p class='ocr_par' dir='ltr' id='par_1_18' title="bbox 248 1667 1833 1737">
     <span class='ocr_line' id='line_1_18' title="bbox 248 1667 1833 1737; baseline 0.003 -18"><span class='ocrx_word' id='word_1_108' title='bbox 248 1682 373 1719; x_wconf 84' lang='lat' dir='ltr'><strong>rum</strong></span> <span class='ocrx_word' id='word_1_109' title='bbox 409 1677 723 1723; x_wconf 91' lang='lat' dir='ltr'><strong>nostrorum</strong></span> <span class='ocrx_word' id='word_1_110' title='bbox 755 1676 945 1723; x_wconf 89' lang='lat' dir='ltr'><strong>contra</strong></span> <span class='ocrx_word' id='word_1_111' title='bbox 978 1667 1199 1723; x_wconf 68' lang='lat' dir='ltr'><strong>Graecos</strong></span> <span class='ocrx_word' id='word_1_112' title='bbox 1244 1676 1480 1723; x_wconf 78' lang='lat' dir='ltr'><strong>tractatu</strong></span> <span class='ocrx_word' id='word_1_113' title='bbox 1530 1670 1671 1737; x_wconf 87' lang='lat' dir='ltr'><strong>apud</strong></span> <span class='ocrx_word' id='word_1_114' title='bbox 1714 1669 1833 1725; x_wconf 88' lang='lat' dir='ltr'><strong>Ste-</strong></span> 
     </span>
    </p>
   </div>
   <div class='ocr_carea' id='block_1_19' title="bbox 250 1757 1831 1828">
    <p class='ocr_par' dir='ltr' id='par_1_19' title="bbox 250 1757 1831 1828">
     <span class='ocr_line' id='line_1_19' title="bbox 250 1757 1831 1828; baseline 0.003 -19"><span class='ocrx_word' id='word_1_115' title='bbox 250 1759 506 1811; x_wconf 74' lang='lat' dir='ltr'><strong>wartium</strong></span> <span class='ocrx_word' id='word_1_116' title='bbox 559 1758 829 1814; x_wconf 87' lang='lat' dir='ltr'><strong>additur:</strong></span> <span class='ocrx_word' id='word_1_117' title='bbox 886 1757 986 1813; x_wconf 85' lang='lat' dir='ltr'><strong>Sed</strong></span> <span class='ocrx_word' id='word_1_118' title='bbox 1032 1769 1080 1812; x_wconf 93' lang='lat' dir='ltr'><strong>et</strong></span> <span class='ocrx_word' id='word_1_119' title='bbox 1117 1757 1352 1812; x_wconf 81' lang='lat' dir='ltr'><strong>Joannes</strong></span> <span class='ocrx_word' id='word_1_120' title='bbox 1398 1758 1831 1828; x_wconf 87' lang='lat' dir='ltr'><strong>Chrysastamus,</strong></span> 
     </span>
    </p>
   </div>
   <div class='ocr_carea' id='block_1_20' title="bbox 250 1848 1833 1918">
    <p class='ocr_par' dir='ltr' id='par_1_20' title="bbox 250 1848 1833 1918">
     <span class='ocr_line' id='line_1_20' title="bbox 250 1848 1833 1918; baseline 0.003 -19"><span class='ocrx_word' id='word_1_121' title='bbox 250 1864 372 1900; x_wconf 81' lang='lat' dir='ltr'><strong>cum</strong></span> <span class='ocrx_word' id='word_1_122' title='bbox 427 1848 732 1918; x_wconf 84' lang='lat' dir='ltr'><strong>hujusmadi</strong></span> <span class='ocrx_word' id='word_1_123' title='bbox 769 1850 911 1903; x_wconf 84' lang='lat' dir='ltr'><strong>litem</strong></span> <span class='ocrx_word' id='word_1_124' title='bbox 952 1851 1100 1915; x_wconf 70' lang='lat' dir='ltr'><strong>vellet</strong></span> <span class='ocrx_word' id='word_1_125' title='bbox 1144 1852 1208 1904; x_wconf 93' lang='lat' dir='ltr'><strong>de</strong></span> <span class='ocrx_word' id='word_1_126' title='bbox 1239 1850 1410 1903; x_wconf 88' lang='lat' dir='ltr'><strong>medio</strong></span> <span class='ocrx_word' id='word_1_127' title='bbox 1452 1866 1733 1914; x_wconf 88' lang='lat' dir='ltr'><strong>removere,</strong></span> <span class='ocrx_word' id='word_1_128' title='bbox 1781 1851 1833 1904; x_wconf 89' lang='lat' dir='ltr'><strong>in</strong></span> 
     </span>
    </p>
   </div>
   <div class='ocr_carea' id='block_1_21' title="bbox 247 1943 1835 2015">
    <p class='ocr_par' dir='ltr' id='par_1_21' title="bbox 247 1943 1835 2015">
     <span class='ocr_line' id='line_1_21' title="bbox 247 1943 1835 2015; baseline 0.003 -21"><span class='ocrx_word' id='word_1_129' title='bbox 247 1944 488 2011; x_wconf 89' lang='lat' dir='ltr'><strong>quadam</strong></span> <span class='ocrx_word' id='word_1_130' title='bbox 521 1945 746 2011; x_wconf 90' lang='lat' dir='ltr'><strong>epistola</strong></span> <span class='ocrx_word' id='word_1_131' title='bbox 768 1962 886 2009; x_wconf 88' lang='lat' dir='ltr'><strong>sua,</strong></span> <span class='ocrx_word' id='word_1_132' title='bbox 920 1961 1077 2015; x_wconf 81' lang='lat' dir='ltr'><strong>quant</strong></span> <span class='ocrx_word' id='word_1_133' title='bbox 1099 1943 1297 1999; x_wconf 67' lang='grc' dir='ltr'><strong>σγα-σεε</strong></span> <span class='ocrx_word' id='word_1_134' title='bbox 1324 1946 1387 2000; x_wconf 90' lang='lat' dir='ltr'><strong>de</strong></span> <span class='ocrx_word' id='word_1_135' title='bbox 1419 1957 1750 2001; x_wconf 88' lang='lat' dir='ltr'><strong>sacramenta</strong></span> <span class='ocrx_word' id='word_1_136' title='bbox 1786 1956 1835 2001; x_wconf 92' lang='lat' dir='ltr'><strong>et</strong></span> 
     </span>
    </p>
   </div>
   <div class='ocr_carea' id='block_1_22' title="bbox 249 2035 1839 2094">
    <p class='ocr_par' dir='ltr' id='par_1_22' title="bbox 249 2035 1839 2094">
     <span class='ocr_line' id='line_1_22' title="bbox 249 2035 1839 2094; baseline 0.003 -8"><span class='ocrx_word' id='word_1_137' title='bbox 249 2035 378 2087; x_wconf 87' lang='lat' dir='ltr'><strong>aliis</strong></span> <span class='ocrx_word' id='word_1_138' title='bbox 404 2036 870 2089; x_wconf 75' lang='lat' dir='ltr'><strong>consuetudinibus</strong></span> <span class='ocrx_word' id='word_1_139' title='bbox 903 2035 1211 2089; x_wconf 88' lang='lat' dir='ltr'><strong>Latinorum</strong></span> <span class='ocrx_word' id='word_1_140' title='bbox 1228 2036 1594 2091; x_wconf 87' lang='lat' dir='ltr'><strong>dubitantibus</strong></span> <span class='ocrx_word' id='word_1_141' title='bbox 1624 2038 1688 2090; x_wconf 80' lang='lat' dir='ltr'><strong>de</strong></span> <span class='ocrx_word' id='word_1_142' title='bbox 1705 2037 1839 2094; x_wconf 87' lang='lat' dir='ltr'><strong>Con-</strong></span> 
     </span>
    </p>
   </div>
   <div class='ocr_carea' id='block_1_23' title="bbox 248 2126 1834 2193">
    <p class='ocr_par' dir='ltr' id='par_1_23' title="bbox 248 2126 1834 2193">
     <span class='ocr_line' id='line_1_23' title="bbox 248 2126 1834 2193; baseline 0.004 -15"><span class='ocrx_word' id='word_1_143' title='bbox 248 2126 600 2193; x_wconf 87' lang='lat' dir='ltr'><strong>stantinopoli</strong></span> <span class='ocrx_word' id='word_1_144' title='bbox 647 2128 983 2191; x_wconf 71' lang='lat' dir='ltr'><strong>transmisit,</strong></span> <span class='ocrx_word' id='word_1_145' title='bbox 1033 2129 1108 2181; x_wconf 89' lang='lat' dir='ltr'><strong>ita</strong></span> <span class='ocrx_word' id='word_1_146' title='bbox 1147 2128 1315 2183; x_wconf 89' lang='lat' dir='ltr'><strong>dicit:</strong></span> <span class='ocrx_word' id='word_1_147' title='bbox 1344 2147 1362 2180; x_wconf 87' lang='lat' dir='ltr'><strong>t</strong></span> <span class='ocrx_word' id='word_1_148' title='bbox 1395 2129 1697 2183; x_wconf 77' lang='lat' dir='ltr'><strong>Veientibus</strong></span> <span class='ocrx_word' id='word_1_149' title='bbox 1740 2147 1834 2185; x_wconf 91' lang='lat' dir='ltr'><strong>na-</strong></span> 
     </span>
    </p>
   </div>
   <div class='ocr_carea' id='block_1_24' title="bbox 248 2216 1836 2294">
    <p class='ocr_par' dir='ltr' id='par_1_24' title="bbox 248 2216 1836 2294">
     <span class='ocr_line' id='line_1_24' title="bbox 248 2216 1836 2294; baseline 0.006 -26"><span class='ocrx_word' id='word_1_150' title='bbox 248 2217 387 2279; x_wconf 64' lang='lat' dir='ltr'><strong>bis,»</strong></span> <span class='ocrx_word' id='word_1_151' title='bbox 414 2226 524 2271; x_wconf 82' lang='lat' dir='ltr'><strong>etc.</strong></span> <span class='ocrx_word' id='word_1_152' title='bbox 542 2216 730 2271; x_wconf 86' lang='lat' dir='ltr'><strong>Citant</strong></span> <span class='ocrx_word' id='word_1_153' title='bbox 754 2220 1040 2284; x_wconf 89' lang='lat' dir='ltr'><strong>nimirum,</strong></span> <span class='ocrx_word' id='word_1_154' title='bbox 1062 2235 1126 2274; x_wconf 93' lang='lat' dir='ltr'><strong>ac</strong></span> <span class='ocrx_word' id='word_1_155' title='bbox 1148 2222 1195 2276; x_wconf 90' lang='lat' dir='ltr'><strong>si</strong></span> <span class='ocrx_word' id='word_1_156' title='bbox 1219 2221 1394 2275; x_wconf 86' lang='lat' dir='ltr'><strong>sancti</strong></span> <span class='ocrx_word' id='word_1_157' title='bbox 1414 2218 1641 2277; x_wconf 84' lang='lat' dir='ltr'><strong>Joannis</strong></span> <span class='ocrx_word' id='word_1_158' title='bbox 1663 2222 1836 2294; x_wconf 82' lang='lat' dir='ltr'><strong>Chry-</strong></span> 
     </span>
    </p>
   </div>
   <div class='ocr_carea' id='block_1_25' title="bbox 249 2310 1834 2384">
    <p class='ocr_par' dir='ltr' id='par_1_25' title="bbox 249 2310 1834 2384">
     <span class='ocr_line' id='line_1_25' title="bbox 249 2310 1834 2384; baseline 0.007 -23"><span class='ocrx_word' id='word_1_159' title='bbox 249 2310 483 2364; x_wconf 86' lang='lat' dir='ltr'><strong>sostomi</strong></span> <span class='ocrx_word' id='word_1_160' title='bbox 512 2318 693 2373; x_wconf 86' lang='lat' dir='ltr'><strong>esset,</strong></span> <span class='ocrx_word' id='word_1_161' title='bbox 724 2312 1013 2380; x_wconf 83' lang='lat' dir='ltr'><strong>epistolam</strong></span> <span class='ocrx_word' id='word_1_162' title='bbox 1036 2351 1052 2376; x_wconf 92' lang='lat'><strong>,</strong></span> <span class='ocrx_word' id='word_1_163' title='bbox 1080 2328 1201 2383; x_wconf 74' lang='lat' dir='ltr'><strong>qua:</strong></span> <span class='ocrx_word' id='word_1_164' title='bbox 1230 2312 1546 2369; x_wconf 82' lang='lat' dir='ltr'><strong>Tlteoriano</strong></span> <span class='ocrx_word' id='word_1_165' title='bbox 1588 2315 1834 2384; x_wconf 88' lang='lat' dir='ltr'><strong>philoso-</strong></span> 
     </span>
    </p>
   </div>
   <div class='ocr_carea' id='block_1_26' title="bbox 247 2400 1861 2477">
    <p class='ocr_par' dir='ltr' id='par_1_26' title="bbox 247 2400 1861 2477">
     <span class='ocr_line' id='line_1_26' title="bbox 247 2400 1861 2477; baseline 0.007 -25"><span class='ocrx_word' id='word_1_166' title='bbox 247 2401 361 2469; x_wconf 86' lang='lat' dir='ltr'><strong>pho</strong></span> <span class='ocrx_word' id='word_1_167' title='bbox 383 2400 751 2470; x_wconf 86' lang='lat' dir='ltr'><strong>adjudicanda</strong></span> <span class='ocrx_word' id='word_1_168' title='bbox 776 2410 883 2468; x_wconf 89' lang='lat' dir='ltr'><strong>est,</strong></span> <span class='ocrx_word' id='word_1_169' title='bbox 908 2414 967 2458; x_wconf 90' lang='lat' dir='ltr'><strong>ut</strong></span> <span class='ocrx_word' id='word_1_170' title='bbox 990 2405 1269 2475; x_wconf 75' lang='lat' dir='ltr'><strong>colligitur</strong></span> <span class='ocrx_word' id='word_1_171' title='bbox 1290 2421 1355 2460; x_wconf 83' lang='lat' dir='ltr'><strong>ex</strong></span> <span class='ocrx_word' id='word_1_172' title='bbox 1384 2404 1711 2477; x_wconf 76' lang='lat' dir='ltr'><strong>fragmentis</strong></span> <span class='ocrx_word' id='word_1_173' title='bbox 1736 2409 1861 2477; x_wconf 89' lang='lat' dir='ltr'><strong>qui-</strong></span> 
     </span>
    </p>
   </div>
   <div class='ocr_carea' id='block_1_27' title="bbox 250 2490 1835 2566">
    <p class='ocr_par' dir='ltr' id='par_1_27' title="bbox 250 2490 1835 2566">
     <span class='ocr_line' id='line_1_27' title="bbox 250 2490 1835 2566; baseline 0.008 -24"><span class='ocrx_word' id='word_1_174' title='bbox 250 2490 509 2558; x_wconf 75' lang='lat' dir='ltr'><strong>busdam,</strong></span> <span class='ocrx_word' id='word_1_175' title='bbox 540 2507 661 2562; x_wconf 67' lang='lat' dir='ltr'><strong>quae</strong></span> <span class='ocrx_word' id='word_1_176' title='bbox 697 2492 809 2549; x_wconf 87' lang='lat' dir='ltr'><strong>Leo</strong></span> <span class='ocrx_word' id='word_1_177' title='bbox 845 2495 1080 2551; x_wconf 86' lang='lat' dir='ltr'><strong>Allatius</strong></span> <span class='ocrx_word' id='word_1_178' title='bbox 1110 2498 1335 2566; x_wconf 86' lang='lat' dir='ltr'><strong>protulit</strong></span> <span class='ocrx_word' id='word_1_179' title='bbox 1366 2499 1420 2552; x_wconf 91' lang='lat' dir='ltr'><strong>in</strong></span> <span class='ocrx_word' id='word_1_180' title='bbox 1452 2497 1835 2555; x_wconf 84' lang='lat' dir='ltr'><strong>dissertatione</strong></span> 
     </span>
    </p>
   </div>
   <div class='ocr_carea' id='block_1_28' title="bbox 248 2575 1829 2660">
    <p class='ocr_par' dir='ltr' id='par_1_28' title="bbox 248 2575 1829 2660">
     <span class='ocr_line' id='line_1_28' title="bbox 248 2575 1829 2660; baseline 0.013 -33"><span class='ocrx_word' id='word_1_181' title='bbox 248 2575 316 2629; x_wconf 86' lang='lat' dir='ltr'><strong>ad</strong></span> <span class='ocrx_word' id='word_1_182' title='bbox 341 2575 405 2631; x_wconf 92' lang='lat' dir='ltr'><strong>D.</strong></span> <span class='ocrx_word' id='word_1_183' title='bbox 445 2577 514 2632; x_wconf 89' lang='lat' dir='ltr'><strong>de</strong></span> <span class='ocrx_word' id='word_1_184' title='bbox 541 2578 909 2652; x_wconf 75' lang='lat' dir='ltr'><strong>Boinebonrg,</strong></span> <span class='ocrx_word' id='word_1_185' title='bbox 944 2597 997 2652; x_wconf 92' lang='lat' dir='ltr'><strong>p.</strong></span> <span class='ocrx_word' id='word_1_186' title='bbox 1034 2583 1160 2640; x_wconf 86' lang='lat'><strong>690.</strong></span> <span class='ocrx_word' id='word_1_187' title='bbox 1200 2584 1469 2652; x_wconf 86' lang='lat' dir='ltr'><strong>Quocirca</strong></span> <span class='ocrx_word' id='word_1_188' title='bbox 1493 2604 1674 2658; x_wconf 68' lang='lat' dir='ltr'><strong>Opera:</strong></span> <span class='ocrx_word' id='word_1_189' title='bbox 1707 2606 1829 2660; x_wconf 90' lang='lat' dir='ltr'><strong>pre-</strong></span> 
     </span>
    </p>
   </div>
   <div class='ocr_carea' id='block_1_29' title="bbox 245 2668 1833 2753">
    <p class='ocr_par' dir='ltr' id='par_1_29' title="bbox 245 2668 1833 2753">
     <span class='ocr_line' id='line_1_29' title="bbox 245 2668 1833 2753; baseline 0.012 -33"><span class='ocrx_word' id='word_1_190' title='bbox 245 2668 388 2721; x_wconf 88' lang='lat' dir='ltr'><strong>tium</strong></span> <span class='ocrx_word' id='word_1_191' title='bbox 419 2685 509 2726; x_wconf 87' lang='lat' dir='ltr'><strong>me</strong></span> <span class='ocrx_word' id='word_1_192' title='bbox 536 2668 809 2727; x_wconf 86' lang='lat' dir='ltr'><strong>facturum</strong></span> <span class='ocrx_word' id='word_1_193' title='bbox 836 2674 1169 2741; x_wconf 80' lang='lat' dir='ltr'><strong>existimavi,</strong></span> <span class='ocrx_word' id='word_1_194' title='bbox 1206 2677 1253 2732; x_wconf 91' lang='lat' dir='ltr'><strong>si</strong></span> <span class='ocrx_word' id='word_1_195' title='bbox 1300 2694 1364 2733; x_wconf 77' lang='lat' dir='ltr'><strong>ex</strong></span> <span class='ocrx_word' id='word_1_196' title='bbox 1403 2688 1636 2750; x_wconf 84' lang='lat' dir='ltr'><strong>utroque</strong></span> <span class='ocrx_word' id='word_1_197' title='bbox 1670 2697 1833 2753; x_wconf 87' lang='lat' dir='ltr'><strong>opere</strong></span> 
     </span>
    </p>
   </div>
   <div class='ocr_carea' id='block_1_30' title="bbox 248 2761 1831 2844">
    <p class='ocr_par' dir='ltr' id='par_1_30' title="bbox 248 2761 1831 2844">
     <span class='ocr_line' id='line_1_30' title="bbox 248 2761 1831 2844; baseline 0.011 -29"><span class='ocrx_word' id='word_1_198' title='bbox 248 2761 529 2832; x_wconf 81' lang='lat' dir='ltr'><strong>symbolas</strong></span> <span class='ocrx_word' id='word_1_199' title='bbox 576 2764 742 2834; x_wconf 88' lang='lat' dir='ltr'><strong>hujus</strong></span> <span class='ocrx_word' id='word_1_200' title='bbox 782 2766 1029 2837; x_wconf 68' lang='lat' dir='ltr'><strong>epistolae</strong></span> <span class='ocrx_word' id='word_1_201' title='bbox 1051 2777 1165 2822; x_wconf 89' lang='lat' dir='ltr'><strong>tum</strong></span> <span class='ocrx_word' id='word_1_202' title='bbox 1189 2769 1433 2838; x_wconf 86' lang='lat' dir='ltr'><strong>Latinas,</strong></span> <span class='ocrx_word' id='word_1_203' title='bbox 1458 2783 1569 2828; x_wconf 92' lang='lat' dir='ltr'><strong>tum</strong></span> <span class='ocrx_word' id='word_1_204' title='bbox 1591 2772 1831 2844; x_wconf 68' lang='lat' dir='ltr'><strong>Graecas,</strong></span> 
     </span>
    </p>
   </div>
   <div class='ocr_carea' id='block_1_31' title="bbox 247 2852 1833 2938">
    <p class='ocr_par' dir='ltr' id='par_1_31' title="bbox 247 2852 1833 2938">
     <span class='ocr_line' id='line_1_31' title="bbox 247 2852 1833 2938; baseline 0.012 -34"><span class='ocrx_word' id='word_1_205' title='bbox 247 2852 562 2922; x_wconf 81' lang='lat' dir='ltr'><strong>colligerem</strong></span> <span class='ocrx_word' id='word_1_206' title='bbox 609 2856 880 2928; x_wconf 83' lang='lat' dir='ltr'><strong>simulque</strong></span> <span class='ocrx_word' id='word_1_207' title='bbox 916 2858 1195 2930; x_wconf 76' lang='lat' dir='ltr'><strong>iungerem</strong></span> <span class='ocrx_word' id='word_1_208' title='bbox 1222 2900 1237 2925; x_wconf 95' lang='lat'><strong>,</strong></span> <span class='ocrx_word' id='word_1_209' title='bbox 1270 2862 1445 2919; x_wconf 89' lang='lat' dir='ltr'><strong>donec</strong></span> <span class='ocrx_word' id='word_1_210' title='bbox 1476 2865 1683 2938; x_wconf 80' lang='lat' dir='ltr'><strong>integra</strong></span> <span class='ocrx_word' id='word_1_211' title='bbox 1711 2876 1833 2923; x_wconf 86' lang='lat' dir='ltr'><strong>tan-</strong></span> 
     </span>
    </p>
   </div>
   <div class='ocr_carea' id='block_1_32' title="bbox 244 2946 1809 3029">
    <p class='ocr_par' dir='ltr' id='par_1_32' title="bbox 244 2946 1809 3029">
     <span class='ocr_line' id='line_1_32' title="bbox 244 2946 1809 3029; baseline 0.012 -29"><span class='ocrx_word' id='word_1_212' title='bbox 244 2946 372 3001; x_wconf 82' lang='lat' dir='ltr'><strong>dem</strong></span> <span class='ocrx_word' id='word_1_213' title='bbox 403 2964 471 3002; x_wconf 81' lang='lat' dir='ltr'><strong>ex</strong></span> <span class='ocrx_word' id='word_1_214' title='bbox 500 2950 679 3020; x_wconf 88' lang='lat' dir='ltr'><strong>aliqua</strong></span> <span class='ocrx_word' id='word_1_215' title='bbox 714 2954 941 3025; x_wconf 66' lang='lat' dir='ltr'><strong>Europae</strong></span> <span class='ocrx_word' id='word_1_216' title='bbox 966 2954 1298 3012; x_wconf 77' lang='lat' dir='ltr'><strong>Bibliotheca</strong></span> <span class='ocrx_word' id='word_1_217' title='bbox 1332 2967 1575 3016; x_wconf 88' lang='lat' dir='ltr'><strong>eruatur.</strong></span> <span class='ocrx_word' id='word_1_218' title='bbox 1804 3024 1809 3029; x_wconf 50' lang='grc'><strong>,</strong></span> 
     </span>
    </p>
   </div>
   <div class='ocr_carea' id='block_1_33' title="bbox 328 3036 1831 3123">
    <p class='ocr_par' dir='ltr' id='par_1_33' title="bbox 328 3036 1831 3123">
     <span class='ocr_line' id='line_1_33' title="bbox 328 3036 1831 3123; baseline 0.013 -35"><span class='ocrx_word' id='word_1_219' title='bbox 328 3036 613 3095; x_wconf 86' lang='lat' dir='ltr'><strong>Theariani</strong></span> <span class='ocrx_word' id='word_1_220' title='bbox 650 3044 1022 3113; x_wconf 89' lang='lat' dir='ltr'><strong>philasophide</strong></span> <span class='ocrx_word' id='word_1_221' title='bbox 1066 3047 1381 3104; x_wconf 88' lang='lat' dir='ltr'><strong>Latinorunt</strong></span> <span class='ocrx_word' id='word_1_222' title='bbox 1433 3054 1637 3123; x_wconf 74' lang='lat' dir='ltr'><strong>azymis</strong></span> <span class='ocrx_word' id='word_1_223' title='bbox 1682 3054 1831 3123; x_wconf 83' lang='lat' dir='ltr'><strong>judi-</strong></span> 
     </span>
    </p>
   </div>
   <div class='ocr_carea' id='block_1_34' title="bbox 246 3130 1829 3218">
    <p class='ocr_par' dir='ltr' id='par_1_34' title="bbox 246 3130 1829 3218">
     <span class='ocr_line' id='line_1_34' title="bbox 246 3130 1829 3218; baseline 0.013 -38"><span class='ocrx_word' id='word_1_224' title='bbox 246 3130 409 3183; x_wconf 78' lang='lat' dir='ltr'><strong>cium.</strong></span> <span class='ocrx_word' id='word_1_225' title='bbox 436 3162 509 3171; x_wconf 93' lang='lat'><strong>—</strong></span> <span class='ocrx_word' id='word_1_226' title='bbox 536 3131 645 3189; x_wconf 87' lang='lat' dir='ltr'><strong>Leo</strong></span> <span class='ocrx_word' id='word_1_227' title='bbox 697 3136 928 3194; x_wconf 80' lang='lat' dir='ltr'><strong>Allatius</strong></span> <span class='ocrx_word' id='word_1_228' title='bbox 974 3148 1028 3196; x_wconf 91' lang='lat' dir='ltr'><strong>et</strong></span> <span class='ocrx_word' id='word_1_229' title='bbox 1065 3139 1376 3199; x_wconf 81' lang='lat' dir='ltr'><strong>Turrianus</strong></span> <span class='ocrx_word' id='word_1_230' title='bbox 1418 3153 1688 3201; x_wconf 84' lang='lat' dir='ltr'><strong>testantur</strong></span> <span class='ocrx_word' id='word_1_231' title='bbox 1715 3149 1829 3218; x_wconf 82' lang='lat' dir='ltr'><strong>epi—</strong></span> 
     </span>
    </p>
   </div>
   <div class='ocr_carea' id='block_1_35' title="bbox 252 3219 1829 3304">
    <p class='ocr_par' dir='ltr' id='par_1_35' title="bbox 252 3219 1829 3304">
     <span class='ocr_line' id='line_1_35' title="bbox 252 3219 1829 3304; baseline 0.014 -31"><span class='ocrx_word' id='word_1_232' title='bbox 252 3219 458 3275; x_wconf 81' lang='lat' dir='ltr'><strong>stolam</strong></span> <span class='ocrx_word' id='word_1_233' title='bbox 482 3222 627 3279; x_wconf 84' lang='lat' dir='ltr'><strong>banc</strong></span> <span class='ocrx_word' id='word_1_234' title='bbox 660 3226 956 3285; x_wconf 87' lang='lat' dir='ltr'><strong>Theoriani</strong></span> <span class='ocrx_word' id='word_1_235' title='bbox 985 3234 1247 3304; x_wconf 88' lang='lat' dir='ltr'><strong>scriptam</strong></span> <span class='ocrx_word' id='word_1_236' title='bbox 1278 3252 1400 3291; x_wconf 90' lang='lat' dir='ltr'><strong>esse</strong></span> <span class='ocrx_word' id='word_1_237' title='bbox 1431 3239 1498 3289; x_wconf 89' lang='lat' dir='ltr'><strong>ad</strong></span> <span class='ocrx_word' id='word_1_238' title='bbox 1529 3239 1829 3295; x_wconf 82' lang='lat' dir='ltr'><strong>sacerdotes</strong></span> 
     </span>
    </p>
   </div>
   <div class='ocr_carea' id='block_1_36' title="bbox 148 3311 1826 3391">
    <p class='ocr_par' dir='ltr' id='par_1_36' title="bbox 148 3311 1826 3391">
     <span class='ocr_line' id='line_1_36' title="bbox 148 3311 1826 3391; baseline 0.015 -30"><span class='ocrx_word' id='word_1_239' title='bbox 148 3372 159 3383; x_wconf 84' lang='lat'>_</span> <span class='ocrx_word' id='word_1_240' title='bbox 243 3311 300 3364; x_wconf 85' lang='lat' dir='ltr'><strong>in</strong></span> <span class='ocrx_word' id='word_1_241' title='bbox 325 3314 596 3369; x_wconf 84' lang='lat' dir='ltr'><strong>montibus</strong></span> <span class='ocrx_word' id='word_1_242' title='bbox 621 3317 881 3391; x_wconf 72' lang='lat' dir='ltr'><strong>degentes.</strong></span> <span class='ocrx_word' id='word_1_243' title='bbox 901 3323 1169 3381; x_wconf 81' lang='lat' dir='ltr'><strong>Auctores</strong></span> <span class='ocrx_word' id='word_1_244' title='bbox 1193 3342 1322 3382; x_wconf 83' lang='lat' dir='ltr'><strong>vero</strong></span> <span class='ocrx_word' id='word_1_245' title='bbox 1349 3336 1618 3386; x_wconf 83' lang='lat' dir='ltr'><strong>tractatus</strong></span> <span class='ocrx_word' id='word_1_246' title='bbox 1635 3342 1826 3386; x_wconf 88' lang='lat' dir='ltr'><strong>contra</strong></span> 
     </span>
    </p>
   </div>
   <div class='ocr_carea' id='block_1_37' title="bbox 242 3401 1826 3475">
    <p class='ocr_par' dir='ltr' id='par_1_37' title="bbox 242 3401 1826 3475">
     <span class='ocr_line' id='line_1_37' title="bbox 242 3401 1826 3475; baseline 0.013 -21"><span class='ocrx_word' id='word_1_247' title='bbox 242 3401 472 3457; x_wconf 66' lang='lat' dir='ltr'><strong>Graecos</strong></span> <span class='ocrx_word' id='word_1_248' title='bbox 511 3406 592 3461; x_wconf 91' lang='lat' dir='ltr'><strong>sic</strong></span> <span class='ocrx_word' id='word_1_249' title='bbox 624 3422 740 3462; x_wconf 91' lang='lat' dir='ltr'><strong>eam</strong></span> <span class='ocrx_word' id='word_1_250' title='bbox 783 3410 976 3467; x_wconf 85' lang='lat' dir='ltr'><strong>Latine</strong></span> <span class='ocrx_word' id='word_1_251' title='bbox 1017 3415 1276 3470; x_wconf 89' lang='lat' dir='ltr'><strong>recitant.</strong></span> <span class='ocrx_word' id='word_1_252' title='bbox 1323 3416 1632 3474; x_wconf 77' lang='lat' dir='ltr'><strong>Volentt‘bus</strong></span> <span class='ocrx_word' id='word_1_253' title='bbox 1676 3422 1826 3475; x_wconf 84' lang='lat' dir='ltr'><strong>nobis</strong></span> 
     </span>
    </p>
   </div>
   <div class='ocr_carea' id='block_1_38' title="bbox 240 3493 1829 3573">
    <p class='ocr_par' dir='ltr' id='par_1_38' title="bbox 240 3493 1829 3573">
     <span class='ocr_line' id='line_1_38' title="bbox 240 3493 1829 3573; baseline 0.014 -30"><span class='ocrx_word' id='word_1_254' title='bbox 240 3493 454 3562; x_wconf 82' lang='lat' dir='ltr'><strong>aliquid</strong></span> <span class='ocrx_word' id='word_1_255' title='bbox 524 3496 694 3553; x_wconf 80' lang='lat' dir='ltr'><strong>dicere</strong></span> <span class='ocrx_word' id='word_1_256' title='bbox 760 3500 822 3555; x_wconf 89' lang='lat' dir='ltr'><strong>de</strong></span> <span class='ocrx_word' id='word_1_257' title='bbox 888 3520 1043 3558; x_wconf 79' lang='lat' dir='ltr'><strong>sacra</strong></span> <span class='ocrx_word' id='word_1_258' title='bbox 1115 3509 1516 3573; x_wconf 84' lang='lat' dir='ltr'><strong>communione,</strong></span> <span class='ocrx_word' id='word_1_259' title='bbox 1572 3520 1829 3565; x_wconf 75' lang='lat' dir='ltr'><strong>utrumex</strong></span> 
     </span>
    </p>
   </div>
   <div class='ocr_carea' id='block_1_39' title="bbox 245 3590 1823 3671">
    <p class='ocr_par' dir='ltr' id='par_1_39' title="bbox 245 3590 1823 3671">
     <span class='ocr_line' id='line_1_39' title="bbox 245 3590 1823 3671; baseline 0.015 -37"><span class='ocrx_word' id='word_1_260' title='bbox 245 3601 438 3653; x_wconf 83' lang='lat' dir='ltr'><strong>azyma</strong></span> <span class='ocrx_word' id='word_1_261' title='bbox 468 3590 547 3641; x_wconf 89' lang='lat' dir='ltr'><strong>vel</strong></span> <span class='ocrx_word' id='word_1_262' title='bbox 581 3590 891 3657; x_wconf 88' lang='lat' dir='ltr'><strong>fermentata</strong></span> <span class='ocrx_word' id='word_1_263' title='bbox 928 3596 979 3648; x_wconf 91' lang='lat' dir='ltr'><strong>in</strong></span> <span class='ocrx_word' id='word_1_264' title='bbox 1016 3612 1174 3649; x_wconf 85' lang='lat' dir='ltr'><strong>sacra</strong></span> <span class='ocrx_word' id='word_1_265' title='bbox 1216 3596 1495 3653; x_wconf 82' lang='lat' dir='ltr'><strong>Dantinica</strong></span> <span class='ocrx_word' id='word_1_266' title='bbox 1543 3618 1688 3655; x_wconf 69' lang='lat' dir='ltr'><strong>caena</strong></span> <span class='ocrx_word' id='word_1_267' title='bbox 1735 3602 1823 3671; x_wconf 81' lang='lat' dir='ltr'><strong>fa-</strong></span> 
     </span>
    </p>
   </div>
   <div class='ocr_carea' id='block_1_40' title="bbox 241 3679 1823 3762">
    <p class='ocr_par' dir='ltr' id='par_1_40' title="bbox 241 3679 1823 3762">
     <span class='ocr_line' id='line_1_40' title="bbox 241 3679 1823 3762; baseline 0.012 -33"><span class='ocrx_word' id='word_1_268' title='bbox 241 3688 393 3729; x_wconf 86' lang='lat' dir='ltr'><strong>ctum</strong></span> <span class='ocrx_word' id='word_1_269' title='bbox 428 3679 615 3747; x_wconf 85' lang='lat' dir='ltr'><strong>fuerit,</strong></span> <span class='ocrx_word' id='word_1_270' title='bbox 644 3683 896 3753; x_wconf 81' lang='lat' dir='ltr'><strong>longioris</strong></span> <span class='ocrx_word' id='word_1_271' title='bbox 926 3691 1191 3755; x_wconf 86' lang='lat' dir='ltr'><strong>temporis,</strong></span> <span class='ocrx_word' id='word_1_272' title='bbox 1232 3700 1281 3745; x_wconf 92' lang='lat' dir='ltr'><strong>et</strong></span> <span class='ocrx_word' id='word_1_273' title='bbox 1313 3694 1472 3745; x_wconf 90' lang='lat' dir='ltr'><strong>etiam</strong></span> <span class='ocrx_word' id='word_1_274' title='bbox 1499 3695 1823 3762; x_wconf 77' lang='lat' dir='ltr'><strong>perfectioris</strong></span> 
     </span>
    </p>
   </div>
   <div class='ocr_carea' id='block_1_41' title="bbox 238 3768 1822 3853">
    <p class='ocr_par' dir='ltr' id='par_1_41' title="bbox 238 3768 1822 3853">
     <span class='ocr_line' id='line_1_41' title="bbox 238 3768 1822 3853; baseline 0.013 -33"><span class='ocrx_word' id='word_1_275' title='bbox 238 3768 526 3835; x_wconf 86' lang='lat' dir='ltr'><strong>scriptoris</strong></span> <span class='ocrx_word' id='word_1_276' title='bbox 566 3773 746 3839; x_wconf 91' lang='lat' dir='ltr'><strong>(forte,</strong></span> <span class='ocrx_word' id='word_1_277' title='bbox 782 3778 1104 3847; x_wconf 86' lang='lat' dir='ltr'><strong>scriptionis)</strong></span> <span class='ocrx_word' id='word_1_278' title='bbox 1154 3783 1450 3852; x_wconf 86' lang='lat' dir='ltr'><strong>indigemus</strong></span> <span class='ocrx_word' id='word_1_279' title='bbox 1492 3787 1686 3853; x_wconf 89' lang='lat' dir='ltr'><strong>spatio.</strong></span> <span class='ocrx_word' id='word_1_280' title='bbox 1720 3786 1822 3841; x_wconf 86' lang='lat' dir='ltr'><strong>Sed</strong></span> 
     </span>
    </p>
   </div>
   <div class='ocr_carea' id='block_1_42' title="bbox 239 3861 1822 3942">
    <p class='ocr_par' dir='ltr' id='par_1_42' title="bbox 239 3861 1822 3942">
     <span class='ocr_line' id='line_1_42' title="bbox 239 3861 1822 3942; baseline 0.013 -31"><span class='ocrx_word' id='word_1_281' title='bbox 239 3861 431 3914; x_wconf 86' lang='lat' dir='ltr'><strong>multis</strong></span> <span class='ocrx_word' id='word_1_282' title='bbox 459 3863 690 3927; x_wconf 89' lang='lat' dir='ltr'><strong>omissis,</strong></span> <span class='ocrx_word' id='word_1_283' title='bbox 724 3864 778 3917; x_wconf 91' lang='lat' dir='ltr'><strong>id</strong></span> <span class='ocrx_word' id='word_1_284' title='bbox 801 3868 936 3933; x_wconf 80' lang='lat' dir='ltr'><strong>quod</strong></span> <span class='ocrx_word' id='word_1_285' title='bbox 955 3869 1081 3923; x_wconf 83' lang='lat' dir='ltr'><strong>utile</strong></span> <span class='ocrx_word' id='word_1_286' title='bbox 1107 3880 1156 3924; x_wconf 92' lang='lat' dir='ltr'><strong>et</strong></span> <span class='ocrx_word' id='word_1_287' title='bbox 1180 3874 1460 3942; x_wconf 83' lang='lat' dir='ltr'><strong>paciﬁcum</strong></span> <span class='ocrx_word' id='word_1_288' title='bbox 1487 3885 1583 3937; x_wconf 89' lang='lat' dir='ltr'><strong>est,</strong></span> <span class='ocrx_word' id='word_1_289' title='bbox 1614 3877 1738 3941; x_wconf 88' lang='lat' dir='ltr'><strong>into,</strong></span> <span class='ocrx_word' id='word_1_290' title='bbox 1764 3886 1822 3931; x_wconf 88' lang='lat' dir='ltr'><strong>ut</strong></span> 
     </span>
    </p>
   </div>
   <div class='ocr_carea' id='block_1_43' title="bbox 237 3952 1817 4035">
    <p class='ocr_par' dir='ltr' id='par_1_43' title="bbox 237 3952 1817 4035">
     <span class='ocr_line' id='line_1_43' title="bbox 237 3952 1817 4035; baseline 0.011 -32"><span class='ocrx_word' id='word_1_291' title='bbox 237 3953 319 4004; x_wconf 87' lang='lat' dir='ltr'><strong>ita</strong></span> <span class='ocrx_word' id='word_1_292' title='bbox 355 3952 556 4017; x_wconf 89' lang='lat' dir='ltr'><strong>dicam,</strong></span> <span class='ocrx_word' id='word_1_293' title='bbox 582 3956 719 4023; x_wconf 85' lang='lat' dir='ltr'><strong>quod</strong></span> <span class='ocrx_word' id='word_1_294' title='bbox 748 3959 913 4027; x_wconf 89' lang='lat' dir='ltr'><strong>magis</strong></span> <span class='ocrx_word' id='word_1_295' title='bbox 936 3970 1010 4013; x_wconf 88' lang='lat' dir='ltr'><strong>est</strong></span> <span class='ocrx_word' id='word_1_296' title='bbox 1044 3964 1327 4016; x_wconf 88' lang='lat' dir='ltr'><strong>secundum</strong></span> <span class='ocrx_word' id='word_1_297' title='bbox 1356 3965 1817 4035; x_wconf 88' lang='lat' dir='ltr'><strong>dispensationem,</strong></span> 
     </span>
    </p>
   </div>
   <div class='ocr_carea' id='block_1_44' title="bbox 236 4047 1819 4122">
    <p class='ocr_par' dir='ltr' id='par_1_44' title="bbox 236 4047 1819 4122">
     <span class='ocr_line' id='line_1_44' title="bbox 236 4047 1819 4122; baseline 0.013 -28"><span class='ocrx_word' id='word_1_298' title='bbox 236 4053 289 4095; x_wconf 81' lang='lat' dir='ltr'><strong>et</strong></span> <span class='ocrx_word' id='word_1_299' title='bbox 321 4047 700 4112; x_wconf 83' lang='lat' dir='ltr'><strong>necessarium,</strong></span> <span class='ocrx_word' id='word_1_300' title='bbox 741 4061 785 4101; x_wconf 87' lang='lat' dir='ltr'><strong>et</strong></span> <span class='ocrx_word' id='word_1_301' title='bbox 819 4052 958 4119; x_wconf 88' lang='lat' dir='ltr'><strong>quod</strong></span> <span class='ocrx_word' id='word_1_302' title='bbox 978 4054 1145 4122; x_wconf 86' lang='lat' dir='ltr'><strong>magis</strong></span> <span class='ocrx_word' id='word_1_303' title='bbox 1174 4059 1406 4111; x_wconf 87' lang='lat' dir='ltr'><strong>continet</strong></span> <span class='ocrx_word' id='word_1_304' title='bbox 1438 4060 1706 4114; x_wconf 88' lang='lat' dir='ltr'><strong>veritatem</strong></span> <span class='ocrx_word' id='word_1_305' title='bbox 1738 4061 1819 4116; x_wconf 90' lang='lat' dir='ltr'><strong>di-</strong></span> 
     </span>
    </p>
   </div>
   <div class='ocr_carea' id='block_1_45' title="bbox 238 4132 855 4191">
    <p class='ocr_par' dir='ltr' id='par_1_45' title="bbox 238 4132 855 4191">
     <span class='ocr_line' id='line_1_45' title="bbox 238 4132 855 4191; baseline 0.006 -4"><span class='ocrx_word' id='word_1_306' title='bbox 238 4132 467 4187; x_wconf 83' lang='lat' dir='ltr'><strong>cendum</strong></span> <span class='ocrx_word' id='word_1_307' title='bbox 508 4144 602 4187; x_wconf 90' lang='lat' dir='ltr'><strong>est.</strong></span> <span class='ocrx_word' id='word_1_308' title='bbox 634 4133 855 4191; x_wconf 82' lang='lat' dir='ltr'><strong>Divinas</strong></span> 
     </span>
    </p>
   </div>
   <div class='ocr_carea' id='block_1_46' title="bbox 240 4221 1821 4306">
    <p class='ocr_par' dir='ltr' id='par_1_46' title="bbox 240 4221 1821 4306">
     <span class='ocr_line' id='line_1_46' title="bbox 240 4221 1821 4306; baseline 0.014 -34"><span class='ocrx_word' id='word_1_309' title='bbox 240 4221 270 4271; x_wconf 81' lang='grc' dir='ltr'><strong>ὁ</strong></span> <span class='ocrx_word' id='word_1_310' title='bbox 306 4221 452 4287; x_wconf 78' lang='grc' dir='ltr'>θεῖος</span> <span class='ocrx_word' id='word_1_311' title='bbox 477 4224 640 4294; x_wconf 79' lang='grc' dir='ltr'>ἄρτος</span> <span class='ocrx_word' id='word_1_312' title='bbox 664 4227 768 4293; x_wconf 76' lang='grc' dir='ltr'>πρὸ</span> <span class='ocrx_word' id='word_1_313' title='bbox 788 4228 885 4297; x_wconf 81' lang='grc' dir='ltr'><strong>μὲν</strong></span> <span class='ocrx_word' id='word_1_314' title='bbox 902 4227 993 4282; x_wconf 88' lang='grc' dir='ltr'><strong>τοῦ</strong></span> <span class='ocrx_word' id='word_1_315' title='bbox 1068 4236 1240 4304; x_wconf 90' lang='lat' dir='ltr'><strong>panis,</strong></span> <span class='ocrx_word' id='word_1_316' title='bbox 1264 4244 1542 4306; x_wconf 84' lang='lat' dir='ltr'><strong>antequam</strong></span> <span class='ocrx_word' id='word_1_317' title='bbox 1566 4255 1821 4294; x_wconf 86' lang='lat' dir='ltr'><strong>consecre-</strong></span> 
     </span>
    </p>
   </div>
   <div class='ocr_carea' id='block_1_47' title="bbox 239 4314 1824 4399">
    <p class='ocr_par' dir='ltr' id='par_1_47' title="bbox 239 4314 1824 4399">
     <span class='ocr_line' id='line_1_47' title="bbox 239 4314 1824 4399; baseline 0.014 -35"><span class='ocrx_word' id='word_1_318' title='bbox 239 4314 992 4390; x_wconf 69' lang='grc' dir='ltr'>ἁγιασθῆναι,εττ’ἄζυμος,</span> <span class='ocrx_word' id='word_1_319' title='bbox 1075 4336 1180 4393; x_wconf 91' lang='lat' dir='ltr'><strong>tur,</strong></span> <span class='ocrx_word' id='word_1_320' title='bbox 1230 4329 1335 4381; x_wconf 87' lang='lat' dir='ltr'><strong>sive</strong></span> <span class='ocrx_word' id='word_1_321' title='bbox 1396 4345 1650 4399; x_wconf 76' lang='lat' dir='ltr'><strong>azymns,</strong></span> <span class='ocrx_word' id='word_1_322' title='bbox 1717 4332 1824 4387; x_wconf 82' lang='lat' dir='ltr'><strong>sive</strong></span> 
     </span>
    </p>
   </div>
   <div class='ocr_carea' id='block_1_48' title="bbox 239 4402 1823 4489">
    <p class='ocr_par' dir='ltr' id='par_1_48' title="bbox 239 4402 1823 4489">
     <span class='ocr_line' id='line_1_48' title="bbox 239 4402 1823 4489; baseline 0.014 -35"><span class='ocrx_word' id='word_1_323' title='bbox 239 4404 341 4457; x_wconf 78' lang='grc' dir='ltr'>εἴτ’</span> <span class='ocrx_word' id='word_1_324' title='bbox 372 4402 604 4475; x_wconf 77' lang='grc' dir='ltr'>ενςυμος</span> <span class='ocrx_word' id='word_1_325' title='bbox 639 4403 708 4478; x_wconf 75' lang='grc' dir='ltr'>ἦν</span> <span class='ocrx_word' id='word_1_326' title='bbox 733 4449 747 4465; x_wconf 87' lang='grc'><strong>.</strong></span> <span class='ocrx_word' id='word_1_327' title='bbox 780 4409 999 4478; x_wconf 65' lang='grc' dir='ltr'><strong>ἀδιαφόο</strong></span> <span class='ocrx_word' id='word_1_328' title='bbox 1073 4418 1418 4487; x_wconf 78' lang='lat' dir='ltr'><strong>fermentatus</strong></span> <span class='ocrx_word' id='word_1_329' title='bbox 1488 4421 1680 4489; x_wconf 88' lang='lat' dir='ltr'><strong>fuerit,</strong></span> <span class='ocrx_word' id='word_1_330' title='bbox 1742 4424 1823 4476; x_wconf 85' lang='lat' dir='ltr'><strong>in—</strong></span> 
     </span>
    </p>
   </div>
   <div class='ocr_carea' id='block_1_49' title="bbox 239 4498 1822 4578">
    <p class='ocr_par' dir='ltr' id='par_1_49' title="bbox 239 4498 1822 4578">
     <span class='ocr_line' id='line_1_49' title="bbox 239 4498 1822 4578; baseline 0.004 -18"><span class='ocrx_word' id='word_1_331' title='bbox 239 4515 356 4566; x_wconf 82' lang='grc' dir='ltr'><strong>ρως</strong></span> <span class='ocrx_word' id='word_1_332' title='bbox 415 4498 580 4568; x_wconf 74' lang='grc' dir='ltr'>ἄρτος</span> <span class='ocrx_word' id='word_1_333' title='bbox 638 4501 750 4553; x_wconf 77' lang='grc' dir='ltr'>ἔστι</span> <span class='ocrx_word' id='word_1_334' title='bbox 790 4519 848 4554; x_wconf 88' lang='grc' dir='ltr'><strong>τε</strong></span> <span class='ocrx_word' id='word_1_335' title='bbox 903 4505 999 4556; x_wconf 73' lang='grc' dir='ltr'>καὶ</span> <span class='ocrx_word' id='word_1_336' title='bbox 1078 4509 1381 4577; x_wconf 75' lang='grc' dir='ltr'><strong>άίΙῙενεηιεν</strong></span> <span class='ocrx_word' id='word_1_337' title='bbox 1422 4512 1575 4578; x_wconf 89' lang='lat' dir='ltr'><strong>panis</strong></span> <span class='ocrx_word' id='word_1_338' title='bbox 1627 4520 1726 4577; x_wconf 90' lang='lat' dir='ltr'><strong>est,</strong></span> <span class='ocrx_word' id='word_1_339' title='bbox 1773 4522 1822 4566; x_wconf 91' lang='lat' dir='ltr'><strong>et</strong></span> 
     </span>
    </p>
   </div>
   <div class='ocr_carea' id='block_1_50' title="bbox 1947 570 2690 641">
    <p class='ocr_par' dir='ltr' id='par_1_50' title="bbox 1947 570 2690 641">
     <span class='ocr_line' id='line_1_50' title="bbox 1947 570 2690 641; baseline -0.003 -16"><span class='ocrx_word' id='word_1_340' title='bbox 1947 573 2140 640; x_wconf 77' lang='grc' dir='ltr'><strong>φοεῖσα</strong></span> <span class='ocrx_word' id='word_1_341' title='bbox 2167 613 2179 633; x_wconf 93' lang='grc'><strong>,</strong></span> <span class='ocrx_word' id='word_1_342' title='bbox 2214 573 2305 624; x_wconf 77' lang='grc' dir='ltr'><strong>καὶ</strong></span> <span class='ocrx_word' id='word_1_343' title='bbox 2332 574 2388 622; x_wconf 81' lang='grc' dir='ltr'>ὲν</span> <span class='ocrx_word' id='word_1_344' title='bbox 2427 570 2574 641; x_wconf 77' lang='grc' dir='ltr'>δεξιᾷ</span> <span class='ocrx_word' id='word_1_345' title='bbox 2598 572 2690 623; x_wconf 88' lang='grc' dir='ltr'><strong>τοῦ</strong></span> 
     </span>
    </p>
   </div>
   <div class='ocr_carea' id='block_1_51' title="bbox 1946 666 2690 737">
    <p class='ocr_par' dir='ltr' id='par_1_51' title="bbox 1946 666 2690 737">
     <span class='ocr_line' id='line_1_51' title="bbox 1946 666 2690 737; baseline -0.007 -17"><span class='ocrx_word' id='word_1_346' title='bbox 1946 668 2160 737; x_wconf 61' lang='lat' dir='ltr'><strong>Harpe;</strong></span> <span class='ocrx_word' id='word_1_347' title='bbox 2223 666 2531 736; x_wconf 78' lang='grc' dir='ltr'><strong>καθημένη,</strong></span> <span class='ocrx_word' id='word_1_348' title='bbox 2596 666 2690 718; x_wconf 76' lang='grc' dir='ltr'><strong>καὶ</strong></span> 
     </span>
    </p>
   </div>
   <div class='ocr_carea' id='block_1_52' title="bbox 1944 759 2696 831">
    <p class='ocr_par' dir='ltr' id='par_1_52' title="bbox 1944 759 2696 831">
     <span class='ocr_line' id='line_1_52' title="bbox 1944 759 2696 831; baseline -0.001 -19"><span class='ocrx_word' id='word_1_349' title='bbox 1944 761 2033 829; x_wconf 74' lang='grc' dir='ltr'><strong>ὑφ’</strong></span> <span class='ocrx_word' id='word_1_350' title='bbox 2063 760 2220 831; x_wconf 80' lang='grc' dir='ltr'>ἡμῶν</span> <span class='ocrx_word' id='word_1_351' title='bbox 2257 760 2364 814; x_wconf 77' lang='grc' dir='ltr'>τῶν</span> <span class='ocrx_word' id='word_1_352' title='bbox 2402 759 2696 829; x_wconf 75' lang='grc' dir='ltr'>ὀρθοδὸξων</span> 
     </span>
    </p>
   </div>
   <div class='ocr_carea' id='block_1_53' title="bbox 1948 852 2692 923">
    <p class='ocr_par' dir='ltr' id='par_1_53' title="bbox 1948 852 2692 923">
     <span class='ocr_line' id='line_1_53' title="bbox 1948 852 2692 923; baseline -0.003 -17"><span class='ocrx_word' id='word_1_353' title='bbox 1948 853 2225 923; x_wconf 81' lang='grc' dir='ltr'><strong>μυστικῶς</strong></span> <span class='ocrx_word' id='word_1_354' title='bbox 2286 852 2668 923; x_wconf 59' lang='grc' dir='ltr'>μεταλαμὼινο</span> <span class='ocrx_word' id='word_1_355' title='bbox 2681 883 2692 891; x_wconf 87' lang='lat'><strong>-</strong></span> 
     </span>
    </p>
   </div>
   <div class='ocr_carea' id='block_1_54' title="bbox 1946 943 2696 1015">
    <p class='ocr_par' dir='ltr' id='par_1_54' title="bbox 1946 943 2696 1015">
     <span class='ocr_line' id='line_1_54' title="bbox 1946 943 2696 1015; baseline -0.003 -18"><span class='ocrx_word' id='word_1_356' title='bbox 1946 945 2103 1015; x_wconf 74' lang='grc' dir='ltr'><strong>μένη·</strong></span> <span class='ocrx_word' id='word_1_357' title='bbox 2155 944 2234 997; x_wconf 85' lang='grc' dir='ltr'>διὸ</span> <span class='ocrx_word' id='word_1_358' title='bbox 2263 943 2355 997; x_wconf 77' lang='grc' dir='ltr'>καὶ</span> <span class='ocrx_word' id='word_1_359' title='bbox 2398 944 2696 1015; x_wconf 85' lang='grc' dir='ltr'>μυστήριον</span> 
     </span>
    </p>
   </div>
   <div class='ocr_carea' id='block_1_55' title="bbox 1942 1034 2693 1105">
    <p class='ocr_par' dir='ltr' id='par_1_55' title="bbox 1942 1034 2693 1105">
     <span class='ocr_line' id='line_1_55' title="bbox 1942 1034 2693 1105; baseline -0.001 -18"><span class='ocrx_word' id='word_1_360' title='bbox 1942 1036 2158 1104; x_wconf 85' lang='grc' dir='ltr'>λέγεται</span> <span class='ocrx_word' id='word_1_361' title='bbox 2183 1076 2197 1099; x_wconf 93' lang='grc'><strong>,</strong></span> <span class='ocrx_word' id='word_1_362' title='bbox 2226 1036 2300 1099; x_wconf 82' lang='grc' dir='ltr'>ὡς</span> <span class='ocrx_word' id='word_1_363' title='bbox 2329 1035 2587 1105; x_wconf 78' lang='grc' dir='ltr'><strong>κρύφιον,</strong></span> <span class='ocrx_word' id='word_1_364' title='bbox 2618 1034 2693 1097; x_wconf 80' lang='grc' dir='ltr'><strong>ὼς</strong></span> 
     </span>
    </p>
   </div>
   <div class='ocr_carea' id='block_1_56' title="bbox 1940 1127 2685 1198">
    <p class='ocr_par' dir='ltr' id='par_1_56' title="bbox 1940 1127 2685 1198">
     <span class='ocr_line' id='line_1_56' title="bbox 1940 1127 2685 1198; baseline -0.004 -16"><span class='ocrx_word' id='word_1_365' title='bbox 1940 1131 2054 1193; x_wconf 83' lang='grc' dir='ltr'>τοῖς</span> <span class='ocrx_word' id='word_1_366' title='bbox 2080 1128 2293 1192; x_wconf 81' lang='grc' dir='ltr'><strong>πολλοῖς</strong></span> <span class='ocrx_word' id='word_1_367' title='bbox 2323 1129 2383 1182; x_wconf 85' lang='grc' dir='ltr'><strong>ού</strong></span> <span class='ocrx_word' id='word_1_368' title='bbox 2449 1127 2685 1198; x_wconf 82' lang='grc' dir='ltr'><strong>καταλη-</strong></span> 
     </span>
    </p>
   </div>
   <div class='ocr_carea' id='block_1_57' title="bbox 2763 568 3516 637">
    <p class='ocr_par' dir='ltr' id='par_1_57' title="bbox 2763 568 3516 637">
     <span class='ocr_line' id='line_1_57' title="bbox 2763 568 3516 637; baseline -0.004 -15"><span class='ocrx_word' id='word_1_369' title='bbox 2763 580 3031 637; x_wconf 82' lang='lat' dir='ltr'><strong>assumpta</strong></span> <span class='ocrx_word' id='word_1_370' title='bbox 3067 580 3169 631; x_wconf 87' lang='lat' dir='ltr'><strong>est,</strong></span> <span class='ocrx_word' id='word_1_371' title='bbox 3217 578 3263 620; x_wconf 86' lang='lat' dir='ltr'><strong>et</strong></span> <span class='ocrx_word' id='word_1_372' title='bbox 3302 568 3352 619; x_wconf 91' lang='lat' dir='ltr'><strong>in</strong></span> <span class='ocrx_word' id='word_1_373' title='bbox 3389 568 3516 620; x_wconf 65' lang='lat' dir='ltr'><strong>des-</strong></span> 
     </span>
    </p>
   </div>
   <div class='ocr_carea' id='block_1_58' title="bbox 2764 663 3517 728">
    <p class='ocr_par' dir='ltr' id='par_1_58' title="bbox 2764 663 3517 728">
     <span class='ocr_line' id='line_1_58' title="bbox 2764 663 3517 728; baseline 0 -15"><span class='ocrx_word' id='word_1_374' title='bbox 2764 673 2872 715; x_wconf 87' lang='lat' dir='ltr'><strong>tera</strong></span> <span class='ocrx_word' id='word_1_375' title='bbox 2929 663 3107 715; x_wconf 76' lang='lat' dir='ltr'><strong>Patris</strong></span> <span class='ocrx_word' id='word_1_376' title='bbox 3158 666 3320 719; x_wconf 83' lang='lat' dir='ltr'><strong>sedet,</strong></span> <span class='ocrx_word' id='word_1_377' title='bbox 3362 668 3517 728; x_wconf 78' lang='lat' dir='ltr'><strong>atque</strong></span> 
     </span>
    </p>
   </div>
   <div class='ocr_carea' id='block_1_59' title="bbox 2768 749 3513 822">
    <p class='ocr_par' dir='ltr' id='par_1_59' title="bbox 2768 749 3513 822">
     <span class='ocr_line' id='line_1_59' title="bbox 2768 749 3513 822; baseline -0.004 -17"><span class='ocrx_word' id='word_1_378' title='bbox 2768 770 2798 805; x_wconf 91' lang='lat' dir='ltr'><strong>a</strong></span> <span class='ocrx_word' id='word_1_379' title='bbox 2821 755 2965 806; x_wconf 89' lang='lat' dir='ltr'><strong>nobis</strong></span> <span class='ocrx_word' id='word_1_380' title='bbox 2997 752 3300 807; x_wconf 56' lang='lat' dir='ltr'><strong>orthodoxi.»</strong></span> <span class='ocrx_word' id='word_1_381' title='bbox 3316 749 3384 822; x_wconf 70' lang='lat' dir='ltr'><strong>[et</strong></span> <span class='ocrx_word' id='word_1_382' title='bbox 3411 749 3513 806; x_wconf 74' lang='lat' dir='ltr'><strong>Ca-</strong></span> 
     </span>
    </p>
   </div>
   <div class='ocr_carea' id='block_1_60' title="bbox 2766 844 3508 916">
    <p class='ocr_par' dir='ltr' id='par_1_60' title="bbox 2766 844 3508 916">
     <span class='ocr_line' id='line_1_60' title="bbox 2766 844 3508 916; baseline -0.008 -16"><span class='ocrx_word' id='word_1_383' title='bbox 2766 844 2999 916; x_wconf 85' lang='lat' dir='ltr'><strong>tholicis]</strong></span> <span class='ocrx_word' id='word_1_384' title='bbox 3078 846 3289 913; x_wconf 85' lang='lat' dir='ltr'><strong>mystice</strong></span> <span class='ocrx_word' id='word_1_385' title='bbox 3353 844 3508 896; x_wconf 87' lang='lat' dir='ltr'><strong>sunti-</strong></span> 
     </span>
    </p>
   </div>
   <div class='ocr_carea' id='block_1_61' title="bbox 2768 936 3513 1005">
    <p class='ocr_par' dir='ltr' id='par_1_61' title="bbox 2768 936 3513 1005">
     <span class='ocr_line' id='line_1_61' title="bbox 2768 936 3513 1005; baseline -0.007 -15"><span class='ocrx_word' id='word_1_386' title='bbox 2768 947 2877 991; x_wconf 88' lang='lat' dir='ltr'><strong>tur.</strong></span> <span class='ocrx_word' id='word_1_387' title='bbox 2900 936 3123 1005; x_wconf 82' lang='lat' dir='ltr'><strong>Propter</strong></span> <span class='ocrx_word' id='word_1_388' title='bbox 3147 936 3287 1004; x_wconf 84' lang='lat' dir='ltr'><strong>quod</strong></span> <span class='ocrx_word' id='word_1_389' title='bbox 3322 944 3370 987; x_wconf 89' lang='lat' dir='ltr'><strong>et</strong></span> <span class='ocrx_word' id='word_1_390' title='bbox 3401 951 3513 1003; x_wconf 83' lang='lat' dir='ltr'><strong>my-</strong></span> 
     </span>
    </p>
   </div>
   <div class='ocr_carea' id='block_1_62' title="bbox 2766 1025 3511 1083">
    <p class='ocr_par' dir='ltr' id='par_1_62' title="bbox 2766 1025 3511 1083">
     <span class='ocr_line' id='line_1_62' title="bbox 2766 1025 3511 1083; baseline -0.007 -1"><span class='ocrx_word' id='word_1_391' title='bbox 2766 1029 2984 1083; x_wconf 88' lang='lat' dir='ltr'><strong>sterium</strong></span> <span class='ocrx_word' id='word_1_392' title='bbox 3022 1027 3216 1079; x_wconf 89' lang='lat' dir='ltr'><strong>dicitur</strong></span> <span class='ocrx_word' id='word_1_393' title='bbox 3245 1025 3384 1079; x_wconf 79' lang='lat' dir='ltr'><strong>velut</strong></span> <span class='ocrx_word' id='word_1_394' title='bbox 3430 1040 3511 1078; x_wconf 81' lang='lat' dir='ltr'><strong>se-</strong></span> 
     </span>
    </p>
   </div>
   <div class='ocr_carea' id='block_1_63' title="bbox 2765 1112 3551 1191">
    <p class='ocr_par' dir='ltr' id='par_1_63' title="bbox 2765 1112 3551 1191">
     <span class='ocr_line' id='line_1_63' title="bbox 2765 1112 3551 1191; baseline -0.008 -14"><span class='ocrx_word' id='word_1_395' title='bbox 2765 1134 2965 1177; x_wconf 89' lang='lat' dir='ltr'><strong>cretunt</strong></span> <span class='ocrx_word' id='word_1_396' title='bbox 3005 1120 3218 1191; x_wconf 81' lang='lat' dir='ltr'><strong>aliquod</strong></span> <span class='ocrx_word' id='word_1_397' title='bbox 3258 1129 3306 1173; x_wconf 93' lang='lat' dir='ltr'><strong>et</strong></span> <span class='ocrx_word' id='word_1_398' title='bbox 3343 1119 3514 1172; x_wconf 84' lang='lat' dir='ltr'><strong>occul-</strong></span> <span class='ocrx_word' id='word_1_399' title='bbox 3550 1112 3551 1115; x_wconf 38' lang='grc'><em>“</em></span> 
     </span>
    </p>
   </div>
   <div class='ocr_carea' id='block_1_64' title="bbox 1942 1217 3514 1286">
    <p class='ocr_par' dir='ltr' id='par_1_64' title="bbox 1942 1217 3514 1286">
     <span class='ocr_line' id='line_1_64' title="bbox 1942 1217 3514 1286; baseline -0.006 -11"><span class='ocrx_word' id='word_1_400' title='bbox 1942 1224 2095 1278; x_wconf 83' lang='grc' dir='ltr'>πτόν.</span> <span class='ocrx_word' id='word_1_401' title='bbox 2765 1232 2875 1274; x_wconf 89' lang='lat' dir='ltr'><strong>tum</strong></span> <span class='ocrx_word' id='word_1_402' title='bbox 2904 1260 2919 1283; x_wconf 91' lang='lat'><strong>,</strong></span> <span class='ocrx_word' id='word_1_403' title='bbox 2978 1230 3033 1270; x_wconf 89' lang='lat' dir='ltr'><strong>ut</strong></span> <span class='ocrx_word' id='word_1_404' title='bbox 3083 1217 3221 1286; x_wconf 84' lang='lat' dir='ltr'><strong>quod</strong></span> <span class='ocrx_word' id='word_1_405' title='bbox 3264 1232 3297 1269; x_wconf 88' lang='lat' dir='ltr'><strong>a</strong></span> <span class='ocrx_word' id='word_1_406' title='bbox 3335 1217 3514 1267; x_wconf 85' lang='lat' dir='ltr'><strong>multis</strong></span> 
     </span>
    </p>
   </div>
   <div class='ocr_carea' id='block_1_65' title="bbox 1940 1306 3515 1380">
    <p class='ocr_par' dir='ltr' id='par_1_65' title="bbox 1940 1306 3515 1380">
     <span class='ocr_line' id='line_1_65' title="bbox 1940 1306 3515 1380; baseline -0.006 -15"><span class='ocrx_word' id='word_1_407' title='bbox 1940 1329 2044 1366; x_wconf 90' lang='lat' dir='ltr'><strong>non</strong></span> <span class='ocrx_word' id='word_1_408' title='bbox 2088 1312 2563 1380; x_wconf 85' lang='lat' dir='ltr'><strong>comprehenditur.</strong></span> <span class='ocrx_word' id='word_1_409' title='bbox 2640 1313 3051 1366; x_wconf 79' lang='lat' dir='ltr'><strong>Transmutatur</strong></span> <span class='ocrx_word' id='word_1_410' title='bbox 3106 1318 3279 1361; x_wconf 88' lang='lat' dir='ltr'><strong>autem</strong></span> <span class='ocrx_word' id='word_1_411' title='bbox 3336 1306 3515 1358; x_wconf 76' lang='lat' dir='ltr'><strong>divina</strong></span> 
     </span>
    </p>
   </div>
   <div class='ocr_carea' id='block_1_66' title="bbox 1939 1396 3516 1471">
    <p class='ocr_par' dir='ltr' id='par_1_66' title="bbox 1939 1396 3516 1471">
     <span class='ocr_line' id='line_1_66' title="bbox 1939 1396 3516 1471; baseline -0.004 -15"><span class='ocrx_word' id='word_1_412' title='bbox 1939 1405 2128 1457; x_wconf 87' lang='lat' dir='ltr'><strong>virtute</strong></span> <span class='ocrx_word' id='word_1_413' title='bbox 2156 1421 2188 1457; x_wconf 89' lang='lat' dir='ltr'><strong>a</strong></span> <span class='ocrx_word' id='word_1_414' title='bbox 2217 1404 2420 1471; x_wconf 84' lang='lat' dir='ltr'><strong>Spiritu</strong></span> <span class='ocrx_word' id='word_1_415' title='bbox 2451 1414 2635 1456; x_wconf 91' lang='lat' dir='ltr'><strong>sancta</strong></span> <span class='ocrx_word' id='word_1_416' title='bbox 2672 1406 2722 1456; x_wconf 91' lang='lat' dir='ltr'><strong>in</strong></span> <span class='ocrx_word' id='word_1_417' title='bbox 2754 1418 2942 1470; x_wconf 90' lang='lat' dir='ltr'><strong>corpus</strong></span> <span class='ocrx_word' id='word_1_418' title='bbox 2972 1410 3019 1453; x_wconf 90' lang='lat' dir='ltr'><strong>et</strong></span> <span class='ocrx_word' id='word_1_419' title='bbox 3062 1399 3365 1469; x_wconf 90' lang='lat' dir='ltr'><strong>sanguinem</strong></span> <span class='ocrx_word' id='word_1_420' title='bbox 3390 1396 3516 1451; x_wconf 90' lang='lat' dir='ltr'><strong>Jesu</strong></span> 
     </span>
    </p>
   </div>
   <div class='ocr_carea' id='block_1_67' title="bbox 1938 1488 3513 1561">
    <p class='ocr_par' dir='ltr' id='par_1_67' title="bbox 1938 1488 3513 1561">
     <span class='ocr_line' id='line_1_67' title="bbox 1938 1488 3513 1561; baseline -0.006 -13"><span class='ocrx_word' id='word_1_421' title='bbox 1938 1493 2161 1558; x_wconf 82' lang='lat' dir='ltr'><strong>Christi,</strong></span> <span class='ocrx_word' id='word_1_422' title='bbox 2192 1493 2475 1548; x_wconf 79' lang='lat' dir='ltr'><strong>secundant</strong></span> <span class='ocrx_word' id='word_1_423' title='bbox 2505 1494 2641 1561; x_wconf 89' lang='lat' dir='ltr'><strong>quod</strong></span> <span class='ocrx_word' id='word_1_424' title='bbox 2671 1494 2783 1559; x_wconf 89' lang='lat' dir='ltr'><strong>ipsa</strong></span> <span class='ocrx_word' id='word_1_425' title='bbox 2823 1503 3007 1544; x_wconf 84' lang='lat' dir='ltr'><strong>sancta</strong></span> <span class='ocrx_word' id='word_1_426' title='bbox 3047 1500 3247 1544; x_wconf 87' lang='lat' dir='ltr'><strong>secreta</strong></span> <span class='ocrx_word' id='word_1_427' title='bbox 3296 1488 3513 1552; x_wconf 84' lang='lat' dir='ltr'><strong>indicat,</strong></span> 
     </span>
    </p>
   </div>
   <div class='ocr_carea' id='block_1_68' title="bbox 1935 1578 3516 1652">
    <p class='ocr_par' dir='ltr' id='par_1_68' title="bbox 1935 1578 3516 1652">
     <span class='ocr_line' id='line_1_68' title="bbox 1935 1578 3516 1652; baseline -0.006 -15"><span class='ocrx_word' id='word_1_428' title='bbox 1935 1593 1982 1637; x_wconf 80' lang='lat' dir='ltr'><strong>et</strong></span> <span class='ocrx_word' id='word_1_429' title='bbox 2014 1584 2174 1638; x_wconf 91' lang='lat' dir='ltr'><strong>etiam</strong></span> <span class='ocrx_word' id='word_1_430' title='bbox 2209 1584 2532 1652; x_wconf 78' lang='lat' dir='ltr'><strong>manifestat.</strong></span> <span class='ocrx_word' id='word_1_431' title='bbox 2576 1582 2815 1634; x_wconf 84' lang='lat' dir='ltr'><strong>Dicimus</strong></span> <span class='ocrx_word' id='word_1_432' title='bbox 2862 1583 3001 1633; x_wconf 88' lang='lat' dir='ltr'><strong>enim</strong></span> <span class='ocrx_word' id='word_1_433' title='bbox 3038 1596 3056 1634; x_wconf 91' lang='lat'><strong><em>:</em></strong></span> <span class='ocrx_word' id='word_1_434' title='bbox 3110 1600 3131 1630; x_wconf 70' lang='grc' dir='ltr'><strong>ι</strong></span> <span class='ocrx_word' id='word_1_435' title='bbox 3168 1578 3236 1632; x_wconf 88' lang='lat' dir='ltr'><strong>Te</strong></span> <span class='ocrx_word' id='word_1_436' title='bbox 3270 1594 3516 1648; x_wconf 81' lang='lat' dir='ltr'><strong>rogamus</strong></span> 
     </span>
    </p>
   </div>
   <div class='ocr_carea' id='block_1_69' title="bbox 1940 1668 3545 1743">
    <p class='ocr_par' dir='ltr' id='par_1_69' title="bbox 1940 1668 3545 1743">
     <span class='ocr_line' id='line_1_69' title="bbox 1940 1668 3545 1743; baseline -0.006 -16"><span class='ocrx_word' id='word_1_437' title='bbox 1940 1673 2039 1743; x_wconf 92' lang='lat' dir='ltr'><strong>(a),</strong></span> <span class='ocrx_word' id='word_1_438' title='bbox 2074 1672 2264 1727; x_wconf 88' lang='lat' dir='ltr'><strong>Sancte</strong></span> <span class='ocrx_word' id='word_1_439' title='bbox 2294 1682 2620 1737; x_wconf 76' lang='lat' dir='ltr'><strong>sanctorum,</strong></span> <span class='ocrx_word' id='word_1_440' title='bbox 2658 1684 2711 1724; x_wconf 90' lang='lat' dir='ltr'><strong>ut</strong></span> <span class='ocrx_word' id='word_1_441' title='bbox 2749 1672 3069 1738; x_wconf 83' lang='lat' dir='ltr'><strong>beneplacita</strong></span> <span class='ocrx_word' id='word_1_442' title='bbox 3119 1679 3223 1723; x_wconf 79' lang='lat' dir='ltr'><strong>tua:</strong></span> <span class='ocrx_word' id='word_1_443' title='bbox 3268 1668 3545 1720; x_wconf 76' lang='lat' dir='ltr'><strong>bonitatis~</strong></span> 
     </span>
    </p>
   </div>
   <div class='ocr_carea' id='block_1_70' title="bbox 1934 1760 3517 1835">
    <p class='ocr_par' dir='ltr' id='par_1_70' title="bbox 1934 1760 3517 1835">
     <span class='ocr_line' id='line_1_70' title="bbox 1934 1760 3517 1835; baseline -0.004 -16"><span class='ocrx_word' id='word_1_444' title='bbox 1934 1767 2104 1819; x_wconf 82' lang='lat' dir='ltr'><strong>veniat</strong></span> <span class='ocrx_word' id='word_1_445' title='bbox 2135 1765 2368 1835; x_wconf 85' lang='lat' dir='ltr'><strong>Spiritus</strong></span> <span class='ocrx_word' id='word_1_446' title='bbox 2403 1775 2617 1819; x_wconf 81' lang='lat' dir='ltr'><strong>sanctus</strong></span> <span class='ocrx_word' id='word_1_447' title='bbox 2643 1780 2800 1830; x_wconf 86' lang='lat' dir='ltr'><strong>super</strong></span> <span class='ocrx_word' id='word_1_448' title='bbox 2825 1781 2920 1817; x_wconf 89' lang='lat' dir='ltr'><strong>nos</strong></span> <span class='ocrx_word' id='word_1_449' title='bbox 2948 1771 2995 1816; x_wconf 89' lang='lat' dir='ltr'><strong>et</strong></span> <span class='ocrx_word' id='word_1_450' title='bbox 3023 1776 3176 1828; x_wconf 87' lang='lat' dir='ltr'><strong>super</strong></span> <span class='ocrx_word' id='word_1_451' title='bbox 3202 1762 3379 1812; x_wconf 86' lang='lat' dir='ltr'><strong>omnia</strong></span> <span class='ocrx_word' id='word_1_452' title='bbox 3409 1760 3517 1812; x_wconf 80' lang='lat' dir='ltr'><strong>hwc</strong></span> 
     </span>
    </p>
   </div>
   <div class='ocr_carea' id='block_1_71' title="bbox 1936 1853 3517 1920">
    <p class='ocr_par' dir='ltr' id='par_1_71' title="bbox 1936 1853 3517 1920">
     <span class='ocr_line' id='line_1_71' title="bbox 1936 1853 3517 1920; baseline -0.003 -12"><span class='ocrx_word' id='word_1_453' title='bbox 1936 1863 2028 1910; x_wconf 87' lang='lat' dir='ltr'><strong>tua</strong></span> <span class='ocrx_word' id='word_1_454' title='bbox 2061 1857 2201 1912; x_wconf 90' lang='lat' dir='ltr'><strong>dona</strong></span> <span class='ocrx_word' id='word_1_455' title='bbox 2233 1858 2338 1911; x_wconf 84' lang='lat' dir='ltr'><strong>sive</strong></span> <span class='ocrx_word' id='word_1_456' title='bbox 2365 1873 2604 1920; x_wconf 86' lang='lat' dir='ltr'><strong>munera,</strong></span> <span class='ocrx_word' id='word_1_457' title='bbox 2638 1866 2687 1910; x_wconf 85' lang='lat' dir='ltr'><strong>et</strong></span> <span class='ocrx_word' id='word_1_458' title='bbox 2715 1856 3009 1918; x_wconf 88' lang='lat' dir='ltr'><strong>benedicat,</strong></span> <span class='ocrx_word' id='word_1_459' title='bbox 3040 1864 3087 1907; x_wconf 92' lang='lat' dir='ltr'><strong>et</strong></span> <span class='ocrx_word' id='word_1_460' title='bbox 3118 1853 3432 1919; x_wconf 75' lang='lat' dir='ltr'><strong>sanctificat,</strong></span> <span class='ocrx_word' id='word_1_461' title='bbox 3468 1861 3517 1904; x_wconf 89' lang='lat' dir='ltr'><strong>et</strong></span> 
     </span>
    </p>
   </div>
   <div class='ocr_carea' id='block_1_72' title="bbox 1934 1946 3516 2018">
    <p class='ocr_par' dir='ltr' id='par_1_72' title="bbox 1934 1946 3516 2018">
     <span class='ocr_line' id='line_1_72' title="bbox 1934 1946 3516 2018; baseline -0.005 -16"><span class='ocrx_word' id='word_1_462' title='bbox 1934 1954 2174 2003; x_wconf 85' lang='lat' dir='ltr'><strong>ostendat</strong></span> <span class='ocrx_word' id='word_1_463' title='bbox 2203 1950 2409 2018; x_wconf 85' lang='lat' dir='ltr'><strong>quidem</strong></span> <span class='ocrx_word' id='word_1_464' title='bbox 2449 1949 2586 2002; x_wconf 88' lang='lat' dir='ltr'><strong>hunc</strong></span> <span class='ocrx_word' id='word_1_465' title='bbox 2619 1958 2827 2016; x_wconf 83' lang='lat' dir='ltr'><strong>panem,</strong></span> <span class='ocrx_word' id='word_1_466' title='bbox 2859 1948 3029 2014; x_wconf 89' lang='lat' dir='ltr'><strong>ipsunt</strong></span> <span class='ocrx_word' id='word_1_467' title='bbox 3076 1946 3359 2014; x_wconf 88' lang='lat' dir='ltr'><strong>pretiasunt</strong></span> <span class='ocrx_word' id='word_1_468' title='bbox 3401 1959 3516 1996; x_wconf 85' lang='lat' dir='ltr'><strong>car-</strong></span> 
     </span>
    </p>
   </div>
   <div class='ocr_carea' id='block_1_73' title="bbox 1933 2036 3517 2108">
    <p class='ocr_par' dir='ltr' id='par_1_73' title="bbox 1933 2036 3517 2108">
     <span class='ocr_line' id='line_1_73' title="bbox 1933 2036 3517 2108; baseline -0.006 -14"><span class='ocrx_word' id='word_1_469' title='bbox 1933 2056 2031 2108; x_wconf 86' lang='lat' dir='ltr'><strong>pus</strong></span> <span class='ocrx_word' id='word_1_470' title='bbox 2068 2040 2280 2095; x_wconf 88' lang='lat' dir='ltr'><strong>Domini</strong></span> <span class='ocrx_word' id='word_1_471' title='bbox 2314 2052 2360 2095; x_wconf 89' lang='lat' dir='ltr'><strong>et</strong></span> <span class='ocrx_word' id='word_1_472' title='bbox 2422 2040 2514 2094; x_wconf 86' lang='lat' dir='ltr'><strong>Dei</strong></span> <span class='ocrx_word' id='word_1_473' title='bbox 2569 2039 2865 2095; x_wconf 80' lang='lat' dir='ltr'><strong>Saluatoris</strong></span> <span class='ocrx_word' id='word_1_474' title='bbox 2915 2038 3084 2091; x_wconf 88' lang='lat' dir='ltr'><strong>nostri</strong></span> <span class='ocrx_word' id='word_1_475' title='bbox 3120 2056 3137 2087; x_wconf 77' lang='grc' dir='ltr'><strong>ι</strong></span> <span class='ocrx_word' id='word_1_476' title='bbox 3190 2036 3517 2105; x_wconf 83' lang='lat' dir='ltr'><strong>(omiserunt</strong></span> 
     </span>
    </p>
   </div>
   <div class='ocr_carea' id='block_1_74' title="bbox 1934 2125 3516 2202">
    <p class='ocr_par' dir='ltr' id='par_1_74' title="bbox 1934 2125 3516 2202">
     <span class='ocr_line' id='line_1_74' title="bbox 1934 2125 3516 2202; baseline -0.008 -15"><span class='ocrx_word' id='word_1_477' title='bbox 1934 2133 2051 2187; x_wconf 62' lang='lat' dir='ltr'><strong>hate</strong></span> <span class='ocrx_word' id='word_1_478' title='bbox 2087 2133 2251 2187; x_wconf 81' lang='lat' dir='ltr'><strong>verba</strong></span> <span class='ocrx_word' id='word_1_479' title='bbox 2294 2148 2415 2202; x_wconf 79' lang='lat' dir='ltr'><strong>qua:</strong></span> <span class='ocrx_word' id='word_1_480' title='bbox 2466 2130 2737 2186; x_wconf 86' lang='lat' dir='ltr'><strong>orationis</strong></span> <span class='ocrx_word' id='word_1_481' title='bbox 2789 2130 2961 2185; x_wconf 87' lang='lat' dir='ltr'><strong>series</strong></span> <span class='ocrx_word' id='word_1_482' title='bbox 2996 2127 3191 2197; x_wconf 80' lang='lat' dir='ltr'><strong>exigit,</strong></span> <span class='ocrx_word' id='word_1_483' title='bbox 3229 2125 3516 2178; x_wconf 82' lang='lat' dir='ltr'><strong>Transma-</strong></span> 
     </span>
    </p>
   </div>
   <div class='ocr_carea' id='block_1_75' title="bbox 1937 2217 3513 2294">
    <p class='ocr_par' dir='ltr' id='par_1_75' title="bbox 1937 2217 3513 2294">
     <span class='ocr_line' id='line_1_75' title="bbox 1937 2217 3513 2294; baseline -0.006 -15"><span class='ocrx_word' id='word_1_484' title='bbox 1937 2235 2057 2279; x_wconf 91' lang='lat' dir='ltr'><strong>tans</strong></span> <span class='ocrx_word' id='word_1_485' title='bbox 2089 2224 2291 2294; x_wconf 87' lang='lat' dir='ltr'><strong>Spiritu</strong></span> <span class='ocrx_word' id='word_1_486' title='bbox 2317 2235 2406 2279; x_wconf 92' lang='lat' dir='ltr'><strong>tua</strong></span> <span class='ocrx_word' id='word_1_487' title='bbox 2426 2233 2631 2289; x_wconf 80' lang='lat' dir='ltr'><strong>sancto,</strong></span> <span class='ocrx_word' id='word_1_488' title='bbox 2670 2219 2987 2292; x_wconf 76' lang='grc' dir='ltr'>μεταϐαλὼν</span> <span class='ocrx_word' id='word_1_489' title='bbox 3013 2219 3090 2291; x_wconf 79' lang='grc' dir='ltr'>τῷ</span> <span class='ocrx_word' id='word_1_490' title='bbox 3127 2217 3398 2287; x_wconf 81' lang='grc' dir='ltr'>[Ινεύματι</span> <span class='ocrx_word' id='word_1_491' title='bbox 3420 2232 3513 2271; x_wconf 89' lang='grc' dir='ltr'><strong>σου</strong></span> 
     </span>
    </p>
   </div>
   <div class='ocr_carea' id='block_1_76' title="bbox 1934 2317 2230 2389">
    <p class='ocr_par' dir='ltr' id='par_1_76' title="bbox 1934 2317 2230 2389">
     <span class='ocr_line' id='line_1_76' title="bbox 1934 2317 2230 2389; baseline 0.003 -19"><span class='ocrx_word' id='word_1_492' title='bbox 1934 2317 2013 2387; x_wconf 82' lang='grc' dir='ltr'>τῷ</span> <span class='ocrx_word' id='word_1_493' title='bbox 2044 2318 2230 2389; x_wconf 78' lang='grc' dir='ltr'><strong>ἁγίῳ).</strong></span> 
     </span>
    </p>
   </div>
   <div class='ocr_carea' id='block_1_77' title="bbox 1939 2401 3516 2481">
    <p class='ocr_par' dir='ltr' id='par_1_77' title="bbox 1939 2401 3516 2481">
     <span class='ocr_line' id='line_1_77' title="bbox 1939 2401 3516 2481; baseline -0.004 -20"><span class='ocrx_word' id='word_1_494' title='bbox 1939 2407 2251 2481; x_wconf 77' lang='lat' dir='ltr'><strong>{XXXVIII}</strong></span> <span class='ocrx_word' id='word_1_495' title='bbox 2286 2408 2394 2461; x_wconf 71' lang='grc' dir='ltr'><strong>Καὶ</strong></span> <span class='ocrx_word' id='word_1_496' title='bbox 2413 2406 2598 2460; x_wconf 82' lang='grc' dir='ltr'>πάλιν·</span> <span class='ocrx_word' id='word_1_497' title='bbox 2625 2407 2687 2459; x_wconf 84' lang='lat' dir='ltr'><strong>El</strong></span> <span class='ocrx_word' id='word_1_498' title='bbox 2767 2401 2833 2456; x_wconf 85' lang='lat' dir='ltr'><strong>Et</strong></span> <span class='ocrx_word' id='word_1_499' title='bbox 2868 2418 3078 2456; x_wconf 90' lang='lat' dir='ltr'><strong>rursum</strong></span> <span class='ocrx_word' id='word_1_500' title='bbox 3108 2419 3125 2456; x_wconf 88' lang='lat'><strong><em>:</em></strong></span> <span class='ocrx_word' id='word_1_501' title='bbox 3154 2402 3215 2456; x_wconf 90' lang='lat' dir='ltr'><strong>Si</strong></span> <span class='ocrx_word' id='word_1_502' title='bbox 3242 2402 3405 2472; x_wconf 84' lang='lat' dir='ltr'><strong>igitur</strong></span> <span class='ocrx_word' id='word_1_503' title='bbox 3432 2401 3516 2455; x_wconf 86' lang='lat' dir='ltr'><strong>di-</strong></span> 
     </span>
    </p>
   </div>
   <div class='ocr_carea' id='block_1_78' title="bbox 1934 2497 3514 2570">
    <p class='ocr_par' dir='ltr' id='par_1_78' title="bbox 1934 2497 3514 2570">
     <span class='ocr_line' id='line_1_78' title="bbox 1934 2497 3514 2570; baseline -0.004 -14"><span class='ocrx_word' id='word_1_504' title='bbox 1934 2497 2027 2556; x_wconf 81' lang='grc' dir='ltr'><strong>οῦν</strong></span> <span class='ocrx_word' id='word_1_505' title='bbox 2055 2501 2117 2553; x_wconf 85' lang='grc' dir='ltr'><strong>τὸ</strong></span> <span class='ocrx_word' id='word_1_506' title='bbox 2162 2500 2314 2554; x_wconf 82' lang='grc' dir='ltr'>Θεῖον</span> <span class='ocrx_word' id='word_1_507' title='bbox 2363 2498 2687 2570; x_wconf 77' lang='grc' dir='ltr'>μετασάλλει</span> <span class='ocrx_word' id='word_1_508' title='bbox 2761 2498 2879 2552; x_wconf 89' lang='lat' dir='ltr'><strong>vina</strong></span> <span class='ocrx_word' id='word_1_509' title='bbox 2912 2499 3098 2562; x_wconf 90' lang='lat' dir='ltr'><strong>virtus,</strong></span> <span class='ocrx_word' id='word_1_510' title='bbox 3132 2498 3238 2550; x_wconf 87' lang='lat' dir='ltr'><strong>sive</strong></span> <span class='ocrx_word' id='word_1_511' title='bbox 3279 2498 3514 2551; x_wconf 83' lang='lat' dir='ltr'><strong>divinum</strong></span> 
     </span>
    </p>
   </div>
   <div class='ocr_carea' id='block_1_79' title="bbox 1934 2591 2685 2665">
    <p class='ocr_par' dir='ltr' id='par_1_79' title="bbox 1934 2591 2685 2665">
     <span class='ocr_line' id='line_1_79' title="bbox 1934 2591 2685 2665; baseline -0.007 -17"><span class='ocrx_word' id='word_1_512' title='bbox 1934 2595 2002 2648; x_wconf 78' lang='grc' dir='ltr'>τὰ</span> <span class='ocrx_word' id='word_1_513' title='bbox 2042 2593 2376 2665; x_wconf 76' lang='grc' dir='ltr'><strong>προκείμενα</strong></span> <span class='ocrx_word' id='word_1_514' title='bbox 2420 2591 2566 2662; x_wconf 77' lang='grc' dir='ltr'>δῶρα</span> <span class='ocrx_word' id='word_1_515' title='bbox 2604 2593 2685 2655; x_wconf 76' lang='grc' dir='ltr'>εις</span> 
     </span>
    </p>
   </div>
   <div class='ocr_carea' id='block_1_80' title="bbox 1938 2680 2681 2756">
    <p class='ocr_par' dir='ltr' id='par_1_80' title="bbox 1938 2680 2681 2756">
     <span class='ocr_line' id='line_1_80' title="bbox 1938 2680 2681 2756; baseline -0.005 -17"><span class='ocrx_word' id='word_1_516' title='bbox 1938 2686 2095 2756; x_wconf 82' lang='grc' dir='ltr'><strong>σῶμα</strong></span> <span class='ocrx_word' id='word_1_517' title='bbox 2129 2688 2223 2739; x_wconf 74' lang='grc' dir='ltr'>καὶ</span> <span class='ocrx_word' id='word_1_518' title='bbox 2251 2680 2388 2755; x_wconf 75' lang='grc' dir='ltr'><strong>αἷμα.</strong></span> <span class='ocrx_word' id='word_1_519' title='bbox 2426 2684 2681 2756; x_wconf 76' lang='grc' dir='ltr'><strong>Χριστοῦ,</strong></span> 
     </span>
    </p>
   </div>
   <div class='ocr_carea' id='block_1_81' title="bbox 1935 2777 2684 2849">
    <p class='ocr_par' dir='ltr' id='par_1_81' title="bbox 1935 2777 2684 2849">
     <span class='ocr_line' id='line_1_81' title="bbox 1935 2777 2684 2849; baseline -0.003 -18"><span class='ocrx_word' id='word_1_520' title='bbox 1935 2778 2193 2849; x_wconf 79' lang='grc' dir='ltr'>περισσὸν</span> <span class='ocrx_word' id='word_1_521' title='bbox 2220 2777 2406 2830; x_wconf 74' lang='grc' dir='ltr'>λοιπὸν</span> <span class='ocrx_word' id='word_1_522' title='bbox 2446 2778 2506 2830; x_wconf 87' lang='grc' dir='ltr'><strong>τὸ</strong></span> <span class='ocrx_word' id='word_1_523' title='bbox 2534 2778 2684 2845; x_wconf 79' lang='grc' dir='ltr'>φιλο-</span> 
     </span>
    </p>
   </div>
   <div class='ocr_carea' id='block_1_82' title="bbox 1935 2868 2681 2941">
    <p class='ocr_par' dir='ltr' id='par_1_82' title="bbox 1935 2868 2681 2941">
     <span class='ocr_line' id='line_1_82' title="bbox 1935 2868 2681 2941; baseline -0.007 -17"><span class='ocrx_word' id='word_1_524' title='bbox 1935 2872 2158 2937; x_wconf 85' lang='grc' dir='ltr'><strong>νεικεῖν,</strong></span> <span class='ocrx_word' id='word_1_525' title='bbox 2190 2870 2222 2941; x_wconf 86' lang='grc' dir='ltr'><strong>ῆ</strong></span> <span class='ocrx_word' id='word_1_526' title='bbox 2274 2870 2334 2936; x_wconf 80' lang='grc' dir='ltr'>ἐξ</span> <span class='ocrx_word' id='word_1_527' title='bbox 2363 2868 2617 2938; x_wconf 82' lang='grc' dir='ltr'><strong>ἀζύμων,</strong></span> <span class='ocrx_word' id='word_1_528' title='bbox 2648 2869 2681 2939; x_wconf 74' lang='grc' dir='ltr'>ἢ</span> 
     </span>
    </p>
   </div>
   <div class='ocr_carea' id='block_1_83' title="bbox 1934 2957 2685 3034">
    <p class='ocr_par' dir='ltr' id='par_1_83' title="bbox 1934 2957 2685 3034">
     <span class='ocr_line' id='line_1_83' title="bbox 1934 2957 2685 3034; baseline -0.005 -17"><span class='ocrx_word' id='word_1_529' title='bbox 1934 2964 2184 3033; x_wconf 75' lang='grc' dir='ltr'>ἐνζύμων</span> <span class='ocrx_word' id='word_1_530' title='bbox 2220 2957 2368 3034; x_wconf 79' lang='grc' dir='ltr'>ἦν,ἢ</span> <span class='ocrx_word' id='word_1_531' title='bbox 2408 2960 2624 3024; x_wconf 78' lang='grc' dir='ltr'>λευκοῦ,</span> <span class='ocrx_word' id='word_1_532' title='bbox 2654 2961 2685 3030; x_wconf 79' lang='grc' dir='ltr'>ἢ</span> 
     </span>
    </p>
   </div>
   <div class='ocr_carea' id='block_1_84' title="bbox 1933 3058 2688 3131">
    <p class='ocr_par' dir='ltr' id='par_1_84' title="bbox 1933 3058 2688 3131">
     <span class='ocr_line' id='line_1_84' title="bbox 1933 3058 2688 3131; baseline 0 -20"><span class='ocrx_word' id='word_1_533' title='bbox 1933 3059 2167 3131; x_wconf 77' lang='grc' dir='ltr'>ἐρυθροῦ</span> <span class='ocrx_word' id='word_1_534' title='bbox 2191 3058 2349 3129; x_wconf 68' lang='grc' dir='ltr'>τυχὸν</span> <span class='ocrx_word' id='word_1_535' title='bbox 2391 3059 2557 3125; x_wconf 71' lang='grc' dir='ltr'>οἴνου,</span> <span class='ocrx_word' id='word_1_536' title='bbox 2595 3059 2688 3112; x_wconf 74' lang='grc' dir='ltr'>καὶ</span> 
     </span>
    </p>
   </div>
   <div class='ocr_carea' id='block_1_85' title="bbox 1934 3148 2685 3220">
    <p class='ocr_par' dir='ltr' id='par_1_85' title="bbox 1934 3148 2685 3220">
     <span class='ocr_line' id='line_1_85' title="bbox 1934 3148 2685 3220; baseline 0 -18"><span class='ocrx_word' id='word_1_537' title='bbox 1934 3148 2189 3211; x_wconf 81' lang='grc' dir='ltr'><strong>τοιαύτας</strong></span> <span class='ocrx_word' id='word_1_538' title='bbox 2250 3149 2405 3213; x_wconf 84' lang='grc' dir='ltr'>τινὰς</span> <span class='ocrx_word' id='word_1_539' title='bbox 2462 3166 2685 3220; x_wconf 80' lang='grc' dir='ltr'>περιερ-</span> 
     </span>
    </p>
   </div>
   <div class='ocr_carea' id='block_1_86' title="bbox 1934 3226 2688 3312">
    <p class='ocr_par' dir='ltr' id='par_1_86' title="bbox 1934 3226 2688 3312">
     <span class='ocr_line' id='line_1_86' title="bbox 1934 3226 2688 3312; baseline 0.001 -19"><span class='ocrx_word' id='word_1_540' title='bbox 1934 3242 2089 3310; x_wconf 79' lang='grc' dir='ltr'>γείας</span> <span class='ocrx_word' id='word_1_541' title='bbox 2155 3241 2345 3312; x_wconf 83' lang='grc' dir='ltr'>μωρὰς</span> <span class='ocrx_word' id='word_1_542' title='bbox 2396 3226 2524 3311; x_wconf 60' lang='grc' dir='ltr'>περὶ</span> <span class='ocrx_word' id='word_1_543' title='bbox 2579 3240 2688 3294; x_wconf 85' lang='grc' dir='ltr'>τῶν</span> 
     </span>
    </p>
   </div>
   <div class='ocr_carea' id='block_1_87' title="bbox 1933 3335 2687 3407">
    <p class='ocr_par' dir='ltr' id='par_1_87' title="bbox 1933 3335 2687 3407">
     <span class='ocr_line' id='line_1_87' title="bbox 1933 3335 2687 3407; baseline 0.001 -19"><span class='ocrx_word' id='word_1_544' title='bbox 1933 3335 2184 3407; x_wconf 80' lang='grc' dir='ltr'>φρικτῶν</span> <span class='ocrx_word' id='word_1_545' title='bbox 2235 3336 2554 3407; x_wconf 79' lang='grc' dir='ltr'><strong>μυστηρίων</strong></span> <span class='ocrx_word' id='word_1_546' title='bbox 2610 3336 2687 3389; x_wconf 84' lang='grc' dir='ltr'>δι-</span> 
     </span>
    </p>
   </div>
   <div class='ocr_carea' id='block_1_88' title="bbox 1932 3428 2180 3499">
    <p class='ocr_par' dir='ltr' id='par_1_88' title="bbox 1932 3428 2180 3499">
     <span class='ocr_line' id='line_1_88' title="bbox 1932 3428 2180 3499; baseline 0.008 -20"><span class='ocrx_word' id='word_1_547' title='bbox 1932 3428 2180 3499; x_wconf 83' lang='grc' dir='ltr'>ερευνᾷν.</span> 
     </span>
    </p>
   </div>
   <div class='ocr_carea' id='block_1_89' title="bbox 2758 2598 3512 2657">
    <p class='ocr_par' dir='ltr' id='par_1_89' title="bbox 2758 2598 3512 2657">
     <span class='ocr_line' id='line_1_89' title="bbox 2758 2598 3512 2657; baseline 0 -14"><span class='ocrx_word' id='word_1_548' title='bbox 2758 2605 2947 2643; x_wconf 87' lang='lat' dir='ltr'><strong>numen</strong></span> <span class='ocrx_word' id='word_1_549' title='bbox 2974 2598 3295 2643; x_wconf 89' lang='lat' dir='ltr'><strong>transntutat</strong></span> <span class='ocrx_word' id='word_1_550' title='bbox 3324 2606 3512 2657; x_wconf 84' lang='lat' dir='ltr'><strong>propo-</strong></span> 
     </span>
    </p>
   </div>
   <div class='ocr_carea' id='block_1_90' title="bbox 2756 2683 3514 2750">
    <p class='ocr_par' dir='ltr' id='par_1_90' title="bbox 2756 2683 3514 2750">
     <span class='ocr_line' id='line_1_90' title="bbox 2756 2683 3514 2750; baseline -0.004 -13"><span class='ocrx_word' id='word_1_551' title='bbox 2756 2683 2861 2737; x_wconf 90' lang='lat' dir='ltr'><strong>sita</strong></span> <span class='ocrx_word' id='word_1_552' title='bbox 2919 2683 3060 2735; x_wconf 89' lang='lat' dir='ltr'><strong>dona</strong></span> <span class='ocrx_word' id='word_1_553' title='bbox 3114 2683 3164 2735; x_wconf 88' lang='lat' dir='ltr'><strong>in</strong></span> <span class='ocrx_word' id='word_1_554' title='bbox 3225 2699 3413 2750; x_wconf 89' lang='lat' dir='ltr'><strong>corpus</strong></span> <span class='ocrx_word' id='word_1_555' title='bbox 3466 2694 3514 2736; x_wconf 87' lang='lat' dir='ltr'><strong>et</strong></span> 
     </span>
    </p>
   </div>
   <div class='ocr_carea' id='block_1_91' title="bbox 2758 2774 3511 2843">
    <p class='ocr_par' dir='ltr' id='par_1_91' title="bbox 2758 2774 3511 2843">
     <span class='ocr_line' id='line_1_91' title="bbox 2758 2774 3511 2843; baseline -0.003 -15"><span class='ocrx_word' id='word_1_556' title='bbox 2758 2776 3061 2843; x_wconf 86' lang='lat' dir='ltr'><strong>sanguinem</strong></span> <span class='ocrx_word' id='word_1_557' title='bbox 3096 2774 3223 2828; x_wconf 76' lang='lat' dir='ltr'><strong>Iesu</strong></span> <span class='ocrx_word' id='word_1_558' title='bbox 3271 2774 3468 2829; x_wconf 84' lang='lat' dir='ltr'><strong>Christi</strong></span> <span class='ocrx_word' id='word_1_559' title='bbox 3498 2818 3511 2840; x_wconf 85' lang='lat'><strong>,</strong></span> 
     </span>
    </p>
   </div>
   <div class='ocr_carea' id='block_1_92' title="bbox 2758 2866 3515 2933">
    <p class='ocr_par' dir='ltr' id='par_1_92' title="bbox 2758 2866 3515 2933">
     <span class='ocr_line' id='line_1_92' title="bbox 2758 2866 3515 2933; baseline -0.001 -13"><span class='ocrx_word' id='word_1_560' title='bbox 2758 2866 3081 2933; x_wconf 85' lang='lat' dir='ltr'><strong>superfluunt</strong></span> <span class='ocrx_word' id='word_1_561' title='bbox 3116 2875 3193 2919; x_wconf 88' lang='lat' dir='ltr'><strong>est</strong></span> <span class='ocrx_word' id='word_1_562' title='bbox 3237 2866 3515 2919; x_wconf 84' lang='lat' dir='ltr'><strong>contende-</strong></span> 
     </span>
    </p>
   </div>
   <div class='ocr_carea' id='block_1_93' title="bbox 2761 2960 3511 3029">
    <p class='ocr_par' dir='ltr' id='par_1_93' title="bbox 2761 2960 3511 3029">
     <span class='ocr_line' id='line_1_93' title="bbox 2761 2960 3511 3029; baseline 0 -18"><span class='ocrx_word' id='word_1_563' title='bbox 2761 2975 2835 3024; x_wconf 90' lang='lat' dir='ltr'><strong>re,</strong></span> <span class='ocrx_word' id='word_1_564' title='bbox 2870 2970 3049 3011; x_wconf 89' lang='lat' dir='ltr'><strong>utrum</strong></span> <span class='ocrx_word' id='word_1_565' title='bbox 3077 2974 3142 3012; x_wconf 75' lang='lat' dir='ltr'><strong>ex</strong></span> <span class='ocrx_word' id='word_1_566' title='bbox 3175 2960 3377 3029; x_wconf 74' lang='lat' dir='ltr'><strong>azymis</strong></span> <span class='ocrx_word' id='word_1_567' title='bbox 3399 2997 3412 3019; x_wconf 95' lang='lat'><strong>,</strong></span> <span class='ocrx_word' id='word_1_568' title='bbox 3444 2976 3511 3011; x_wconf 90' lang='lat' dir='ltr'><strong>an</strong></span> 
     </span>
    </p>
   </div>
   <div class='ocr_carea' id='block_1_94' title="bbox 2757 3051 3514 3119">
    <p class='ocr_par' dir='ltr' id='par_1_94' title="bbox 2757 3051 3514 3119">
     <span class='ocr_line' id='line_1_94' title="bbox 2757 3051 3514 3119; baseline -0.004 -15"><span class='ocrx_word' id='word_1_569' title='bbox 2757 3066 2821 3104; x_wconf 77' lang='lat' dir='ltr'><strong>ea:</strong></span> <span class='ocrx_word' id='word_1_570' title='bbox 2845 3051 3173 3119; x_wconf 88' lang='lat' dir='ltr'><strong>ferntentatis</strong></span> <span class='ocrx_word' id='word_1_571' title='bbox 3207 3051 3386 3119; x_wconf 84' lang='lat' dir='ltr'><strong>fuerit,</strong></span> <span class='ocrx_word' id='word_1_572' title='bbox 3421 3060 3514 3103; x_wconf 86' lang='lat' dir='ltr'><strong>aut</strong></span> 
     </span>
    </p>
   </div>
   <div class='ocr_carea' id='block_1_95' title="bbox 2760 3146 3510 3212">
    <p class='ocr_par' dir='ltr' id='par_1_95' title="bbox 2760 3146 3510 3212">
     <span class='ocr_line' id='line_1_95' title="bbox 2760 3146 3510 3212; baseline -0.001 -13"><span class='ocrx_word' id='word_1_573' title='bbox 2760 3148 2899 3212; x_wconf 87' lang='lat' dir='ltr'><strong>albo,</strong></span> <span class='ocrx_word' id='word_1_574' title='bbox 2931 3156 3023 3200; x_wconf 91' lang='lat' dir='ltr'><strong>aut</strong></span> <span class='ocrx_word' id='word_1_575' title='bbox 3048 3146 3204 3201; x_wconf 89' lang='lat' dir='ltr'><strong>rubea</strong></span> <span class='ocrx_word' id='word_1_576' title='bbox 3235 3147 3389 3209; x_wconf 90' lang='lat' dir='ltr'><strong>vino,</strong></span> <span class='ocrx_word' id='word_1_577' title='bbox 3417 3157 3510 3199; x_wconf 90' lang='lat' dir='ltr'><strong>aut</strong></span> 
     </span>
    </p>
   </div>
   <div class='ocr_carea' id='block_1_96' title="bbox 2759 3239 3512 3310">
    <p class='ocr_par' dir='ltr' id='par_1_96' title="bbox 2759 3239 3512 3310">
     <span class='ocr_line' id='line_1_96' title="bbox 2759 3239 3512 3310; baseline 0.004 -18"><span class='ocrx_word' id='word_1_578' title='bbox 2759 3240 3064 3310; x_wconf 86' lang='lat' dir='ltr'><strong>hujusmodi</strong></span> <span class='ocrx_word' id='word_1_579' title='bbox 3105 3239 3297 3294; x_wconf 83' lang='lat' dir='ltr'><strong>stultas</strong></span> <span class='ocrx_word' id='word_1_580' title='bbox 3325 3249 3371 3294; x_wconf 91' lang='lat' dir='ltr'><strong>et</strong></span> <span class='ocrx_word' id='word_1_581' title='bbox 3406 3242 3512 3295; x_wconf 82' lang='lat' dir='ltr'><strong>ine-</strong></span> 
     </span>
    </p>
   </div>
   <div class='ocr_carea' id='block_1_97' title="bbox 2758 3334 3510 3401">
    <p class='ocr_par' dir='ltr' id='par_1_97' title="bbox 2758 3334 3510 3401">
     <span class='ocr_line' id='line_1_97' title="bbox 2758 3334 3510 3401; baseline 0.005 -16"><span class='ocrx_word' id='word_1_582' title='bbox 2758 3343 2877 3401; x_wconf 88' lang='lat' dir='ltr'><strong>ptas</strong></span> <span class='ocrx_word' id='word_1_583' title='bbox 2910 3334 3268 3396; x_wconf 86' lang='lat' dir='ltr'><strong>curiasitates,</strong></span> <span class='ocrx_word' id='word_1_584' title='bbox 3301 3334 3364 3386; x_wconf 89' lang='lat' dir='ltr'><strong>de</strong></span> <span class='ocrx_word' id='word_1_585' title='bbox 3404 3344 3510 3389; x_wconf 87' lang='lat' dir='ltr'><strong>tre-</strong></span> 
     </span>
    </p>
   </div>
   <div class='ocr_carea' id='block_1_98' title="bbox 2752 3430 3497 3500">
    <p class='ocr_par' dir='ltr' id='par_1_98' title="bbox 2752 3430 3497 3500">
     <span class='ocr_line' id='line_1_98' title="bbox 2752 3430 3497 3500; baseline 0.003 -20"><span class='ocrx_word' id='word_1_586' title='bbox 2752 3430 2951 3483; x_wconf 83' lang='lat' dir='ltr'><strong>mendis</strong></span> <span class='ocrx_word' id='word_1_587' title='bbox 2979 3430 3242 3500; x_wconf 81' lang='lat' dir='ltr'><strong>mysteriis</strong></span> <span class='ocrx_word' id='word_1_588' title='bbox 3274 3431 3497 3500; x_wconf 90' lang='lat' dir='ltr'><strong>agitare.</strong></span> 
     </span>
    </p>
   </div>
   <div class='ocr_carea' id='block_1_99' title="bbox 234 4591 998 4663">
    <p class='ocr_par' dir='ltr' id='par_1_99' title="bbox 234 4591 998 4663">
     <span class='ocr_line' id='line_1_99' title="bbox 234 4591 998 4663; baseline 0.009 -22"><span class='ocrx_word' id='word_1_589' title='bbox 234 4591 463 4660; x_wconf 61' lang='grc' dir='ltr'>λέγεται</span> <span class='ocrx_word' id='word_1_590' title='bbox 505 4594 638 4663; x_wconf 75' lang='grc' dir='ltr'><strong>πρὸς</strong></span> <span class='ocrx_word' id='word_1_591' title='bbox 682 4594 790 4647; x_wconf 83' lang='grc' dir='ltr'><strong>τῶν</strong></span> <span class='ocrx_word' id='word_1_592' title='bbox 839 4595 998 4649; x_wconf 80' lang='grc' dir='ltr'>Θείων</span> 
     </span>
    </p>
   </div>
   <div class='ocr_carea' id='block_1_100' title="bbox 231 4686 997 4758">
    <p class='ocr_par' dir='ltr' id='par_1_100' title="bbox 231 4686 997 4758">
     <span class='ocr_line' id='line_1_100' title="bbox 231 4686 997 4758; baseline 0.005 -20"><span class='ocrx_word' id='word_1_593' title='bbox 231 4686 460 4755; x_wconf 68' lang='grc' dir='ltr'>ὶογίων,</span> <span class='ocrx_word' id='word_1_594' title='bbox 503 4689 577 4753; x_wconf 81' lang='grc' dir='ltr'><strong>ὡς</strong></span> <span class='ocrx_word' id='word_1_595' title='bbox 618 4689 841 4758; x_wconf 70' lang='grc' dir='ltr'>ὕστερον</span> <span class='ocrx_word' id='word_1_596' title='bbox 887 4691 997 4742; x_wconf 81' lang='grc' dir='ltr'>δει-</span> 
     </span>
    </p>
   </div>
   <div class='ocr_carea' id='block_1_101' title="bbox 235 4782 995 4853">
    <p class='ocr_par' dir='ltr' id='par_1_101' title="bbox 235 4782 995 4853">
     <span class='ocr_line' id='line_1_101' title="bbox 235 4782 995 4853; baseline 0.005 -19"><span class='ocrx_word' id='word_1_597' title='bbox 235 4782 433 4848; x_wconf 60' lang='grc' dir='ltr'>ξομιεν.</span> <span class='ocrx_word' id='word_1_598' title='bbox 470 4783 621 4836; x_wconf 80' lang='grc' dir='ltr'><strong>Μετά</strong></span> <span class='ocrx_word' id='word_1_599' title='bbox 651 4784 705 4837; x_wconf 79' lang='grc' dir='ltr'><strong>δὲ</strong></span> <span class='ocrx_word' id='word_1_600' title='bbox 741 4784 803 4837; x_wconf 84' lang='grc' dir='ltr'>τὸ</span> <span class='ocrx_word' id='word_1_601' title='bbox 835 4786 995 4853; x_wconf 69' lang='grc' dir='ltr'>ἁγια-</span> 
     </span>
    </p>
   </div>
   <div class='ocr_carea' id='block_1_102' title="bbox 234 4876 993 4949">
    <p class='ocr_par' dir='ltr' id='par_1_102' title="bbox 234 4876 993 4949">
     <span class='ocr_line' id='line_1_102' title="bbox 234 4876 993 4949; baseline 0.007 -22"><span class='ocrx_word' id='word_1_602' title='bbox 234 4877 463 4946; x_wconf 72' lang='grc' dir='ltr'>σῡῆναι,</span> <span class='ocrx_word' id='word_1_603' title='bbox 547 4876 668 4931; x_wconf 78' lang='grc' dir='ltr'>οὔτε</span> <span class='ocrx_word' id='word_1_604' title='bbox 740 4879 863 4944; x_wconf 75' lang='grc' dir='ltr'>ἐνζυ</span> <span class='ocrx_word' id='word_1_605' title='bbox 874 4896 993 4949; x_wconf 66' lang='lat' dir='ltr'><strong>pag,</strong></span> 
     </span>
    </p>
   </div>
   <div class='ocr_carea' id='block_1_103' title="bbox 230 4967 997 5042">
    <p class='ocr_par' dir='ltr' id='par_1_103' title="bbox 230 4967 997 5042">
     <span class='ocr_line' id='line_1_103' title="bbox 230 4967 997 5042; baseline 0.007 -22"><span class='ocrx_word' id='word_1_606' title='bbox 230 4967 350 5020; x_wconf 66' lang='grc' dir='ltr'>οὒτ’</span> <span class='ocrx_word' id='word_1_607' title='bbox 408 4967 791 5038; x_wconf 75' lang='grc' dir='ltr'><strong>ἆζυμος,ἀλλὰ</strong></span> <span class='ocrx_word' id='word_1_608' title='bbox 840 4974 997 5042; x_wconf 84' lang='grc' dir='ltr'>σῶμα</span> 
     </span>
    </p>
   </div>
   <div class='ocr_carea' id='block_1_104' title="bbox 233 5060 996 5135">
    <p class='ocr_par' dir='ltr' id='par_1_104' title="bbox 233 5060 996 5135">
     <span class='ocr_line' id='line_1_104' title="bbox 233 5060 996 5135; baseline 0.007 -22"><span class='ocrx_word' id='word_1_609' title='bbox 233 5064 332 5114; x_wconf 67' lang='grc' dir='ltr'><strong>καὶ</strong></span> <span class='ocrx_word' id='word_1_610' title='bbox 389 5060 527 5132; x_wconf 70' lang='grc' dir='ltr'>σὰρξ</span> <span class='ocrx_word' id='word_1_611' title='bbox 570 5063 663 5116; x_wconf 85' lang='grc' dir='ltr'><strong>τοῦ</strong></span> <span class='ocrx_word' id='word_1_612' title='bbox 713 5065 916 5134; x_wconf 81' lang='grc' dir='ltr'>Κυρίου</span> <span class='ocrx_word' id='word_1_613' title='bbox 964 5067 996 5135; x_wconf 76' lang='grc' dir='ltr'>ἡ</span> 
     </span>
    </p>
   </div>
   <div class='ocr_carea' id='block_1_105' title="bbox 230 5148 996 5224">
    <p class='ocr_par' dir='ltr' id='par_1_105' title="bbox 230 5148 996 5224">
     <span class='ocr_line' id='line_1_105' title="bbox 230 5148 996 5224; baseline 0.009 -23"><span class='ocrx_word' id='word_1_614' title='bbox 230 5148 403 5219; x_wconf 76' lang='grc' dir='ltr'>αὑτὴ,</span> <span class='ocrx_word' id='word_1_615' title='bbox 453 5152 545 5202; x_wconf 65' lang='grc' dir='ltr'>καὶ</span> <span class='ocrx_word' id='word_1_616' title='bbox 572 5151 671 5205; x_wconf 79' lang='grc' dir='ltr'><strong>οὐκ</strong></span> <span class='ocrx_word' id='word_1_617' title='bbox 713 5151 843 5224; x_wconf 81' lang='grc' dir='ltr'>ἄλλη</span> <span class='ocrx_word' id='word_1_618' title='bbox 880 5154 996 5209; x_wconf 76' lang='grc' dir='ltr'>ἀντ’</span> 
     </span>
    </p>
   </div>
   <div class='ocr_carea' id='block_1_106' title="bbox 231 5245 992 5318">
    <p class='ocr_par' dir='ltr' id='par_1_106' title="bbox 231 5245 992 5318">
     <span class='ocr_line' id='line_1_106' title="bbox 231 5245 992 5318; baseline 0.009 -21"><span class='ocrx_word' id='word_1_619' title='bbox 231 5246 427 5313; x_wconf 63' lang='grc' dir='ltr'><strong>ἄλλης</strong></span> <span class='ocrx_word' id='word_1_620' title='bbox 464 5245 564 5316; x_wconf 71' lang='lat' dir='ltr'><strong>pla</strong></span> <span class='ocrx_word' id='word_1_621' title='bbox 613 5250 721 5318; x_wconf 74' lang='grc' dir='ltr'><strong>γάρ</strong></span> <span class='ocrx_word' id='word_1_622' title='bbox 751 5250 868 5302; x_wconf 75' lang='grc' dir='ltr'>ἐστι</span> <span class='ocrx_word' id='word_1_623' title='bbox 900 5252 992 5304; x_wconf 76' lang='grc' dir='ltr'>καὶ</span> 
     </span>
    </p>
   </div>
   <div class='ocr_carea' id='block_1_107' title="bbox 234 5338 991 5428">
    <p class='ocr_par' dir='ltr' id='par_1_107' title="bbox 234 5338 991 5428">
     <span class='ocr_line' id='line_1_107' title="bbox 234 5338 991 5428; baseline 0.009 -37"><span class='ocrx_word' id='word_1_624' title='bbox 234 5338 321 5411; x_wconf 57' lang='lat' dir='ltr'><strong>[ﬁl</strong></span> <span class='ocrx_word' id='word_1_625' title='bbox 361 5341 504 5428; x_wconf 70' lang='grc' dir='ltr'>αὐτὴ</span> <span class='ocrx_word' id='word_1_626' title='bbox 533 5343 597 5396; x_wconf 81' lang='grc' dir='ltr'>ἐκ</span> <span class='ocrx_word' id='word_1_627' title='bbox 630 5345 727 5411; x_wconf 74' lang='grc' dir='ltr'><strong>τῆς</strong></span> <span class='ocrx_word' id='word_1_628' title='bbox 753 5345 991 5416; x_wconf 77' lang='grc' dir='ltr'>ἀφθόρου</span> 
     </span>
    </p>
   </div>
   <div class='ocr_carea' id='block_1_108' title="bbox 237 5432 993 5500">
    <p class='ocr_par' dir='ltr' id='par_1_108' title="bbox 237 5432 993 5500">
     <span class='ocr_line' id='line_1_108' title="bbox 237 5432 993 5500; baseline 0.009 -17"><span class='ocrx_word' id='word_1_629' title='bbox 237 5432 523 5500; x_wconf 72' lang='grc' dir='ltr'>Παρθένου</span> <span class='ocrx_word' id='word_1_630' title='bbox 594 5442 686 5488; x_wconf 72' lang='grc' dir='ltr'>καὶ</span> <span class='ocrx_word' id='word_1_631' title='bbox 731 5437 993 5490; x_wconf 73' lang='grc' dir='ltr'>Θεοτοκου</span> 
     </span>
    </p>
   </div>
   <div class='ocr_carea' id='block_1_109' title="bbox 1068 4601 1819 4672">
    <p class='ocr_par' dir='ltr' id='par_1_109' title="bbox 1068 4601 1819 4672">
     <span class='ocr_line' id='line_1_109' title="bbox 1068 4601 1819 4672; baseline 0.009 -21"><span class='ocrx_word' id='word_1_632' title='bbox 1068 4601 1267 4653; x_wconf 84' lang='lat' dir='ltr'><strong>dicitur</strong></span> <span class='ocrx_word' id='word_1_633' title='bbox 1298 4618 1330 4654; x_wconf 91' lang='lat' dir='ltr'><strong>a</strong></span> <span class='ocrx_word' id='word_1_634' title='bbox 1360 4605 1529 4656; x_wconf 81' lang='lat' dir='ltr'><strong>sacris</strong></span> <span class='ocrx_word' id='word_1_635' title='bbox 1559 4603 1782 4672; x_wconf 87' lang='lat' dir='ltr'><strong>eloquiis</strong></span> <span class='ocrx_word' id='word_1_636' title='bbox 1805 4644 1819 4667; x_wconf 93' lang='lat'><strong>,</strong></span> 
     </span>
    </p>
   </div>
   <div class='ocr_carea' id='block_1_110' title="bbox 1069 4695 1822 4761">
    <p class='ocr_par' dir='ltr' id='par_1_110' title="bbox 1069 4695 1822 4761">
     <span class='ocr_line' id='line_1_110' title="bbox 1069 4695 1822 4761; baseline 0.008 -16"><span class='ocrx_word' id='word_1_637' title='bbox 1069 4704 1124 4745; x_wconf 86' lang='lat' dir='ltr'><strong>ut</strong></span> <span class='ocrx_word' id='word_1_638' title='bbox 1189 4695 1520 4761; x_wconf 89' lang='lat' dir='ltr'><strong>postmodum</strong></span> <span class='ocrx_word' id='word_1_639' title='bbox 1586 4695 1822 4750; x_wconf 88' lang='lat' dir='ltr'><strong>ostende-</strong></span> 
     </span>
    </p>
   </div>
   <div class='ocr_carea' id='block_1_111' title="bbox 1070 4783 1822 4853">
    <p class='ocr_par' dir='ltr' id='par_1_111' title="bbox 1070 4783 1822 4853">
     <span class='ocr_line' id='line_1_111' title="bbox 1070 4783 1822 4853; baseline 0.007 -17"><span class='ocrx_word' id='word_1_640' title='bbox 1070 4801 1207 4837; x_wconf 85' lang='lat' dir='ltr'><strong>mus.</strong></span> <span class='ocrx_word' id='word_1_641' title='bbox 1241 4783 1524 4853; x_wconf 81' lang='lat' dir='ltr'><strong>Pastquam</strong></span> <span class='ocrx_word' id='word_1_642' title='bbox 1558 4802 1675 4839; x_wconf 79' lang='lat' dir='ltr'><strong>vero</strong></span> <span class='ocrx_word' id='word_1_643' title='bbox 1699 4803 1822 4841; x_wconf 87' lang='lat' dir='ltr'><strong>can-</strong></span> 
     </span>
    </p>
   </div>
   <div class='ocr_carea' id='block_1_112' title="bbox 1069 4886 1822 4949">
    <p class='ocr_par' dir='ltr' id='par_1_112' title="bbox 1069 4886 1822 4949">
     <span class='ocr_line' id='line_1_112' title="bbox 1069 4886 1822 4949; baseline 0.005 -21"><span class='ocrx_word' id='word_1_644' title='bbox 1069 4886 1305 4929; x_wconf 88' lang='lat' dir='ltr'><strong>secratus</strong></span> <span class='ocrx_word' id='word_1_645' title='bbox 1322 4886 1589 4949; x_wconf 86' lang='lat' dir='ltr'><strong>est,neque</strong></span> <span class='ocrx_word' id='word_1_646' title='bbox 1604 4895 1822 4949; x_wconf 77' lang='lat' dir='ltr'><strong>azymus</strong></span> 
     </span>
    </p>
   </div>
   <div class='ocr_carea' id='block_1_113' title="bbox 1070 4968 1824 5037">
    <p class='ocr_par' dir='ltr' id='par_1_113' title="bbox 1070 4968 1824 5037">
     <span class='ocr_line' id='line_1_113' title="bbox 1070 4968 1824 5037; baseline 0.008 -18"><span class='ocrx_word' id='word_1_647' title='bbox 1070 4983 1230 5037; x_wconf 89' lang='lat' dir='ltr'><strong>neque</strong></span> <span class='ocrx_word' id='word_1_648' title='bbox 1251 4968 1596 5037; x_wconf 80' lang='lat' dir='ltr'><strong>fermentatus</strong></span> <span class='ocrx_word' id='word_1_649' title='bbox 1627 4971 1824 5025; x_wconf 88' lang='lat' dir='ltr'><strong>dicitur</strong></span> 
     </span>
    </p>
   </div>
   <div class='ocr_carea' id='block_1_114' title="bbox 1072 5063 1823 5132">
    <p class='ocr_par' dir='ltr' id='par_1_114' title="bbox 1072 5063 1823 5132">
     <span class='ocr_line' id='line_1_114' title="bbox 1072 5063 1823 5132; baseline 0.004 -16"><span class='ocrx_word' id='word_1_650' title='bbox 1072 5063 1149 5116; x_wconf 83' lang='lat' dir='ltr'><strong>vel</strong></span> <span class='ocrx_word' id='word_1_651' title='bbox 1173 5073 1269 5129; x_wconf 88' lang='lat' dir='ltr'><strong>est,</strong></span> <span class='ocrx_word' id='word_1_652' title='bbox 1292 5066 1382 5118; x_wconf 90' lang='lat' dir='ltr'><strong>sed</strong></span> <span class='ocrx_word' id='word_1_653' title='bbox 1404 5081 1589 5132; x_wconf 86' lang='lat' dir='ltr'><strong>corpus</strong></span> <span class='ocrx_word' id='word_1_654' title='bbox 1617 5078 1661 5119; x_wconf 96' lang='lat' dir='ltr'><strong>et</strong></span> <span class='ocrx_word' id='word_1_655' title='bbox 1697 5084 1823 5121; x_wconf 88' lang='lat' dir='ltr'><strong>caro</strong></span> 
     </span>
    </p>
   </div>
   <div class='ocr_carea' id='block_1_115' title="bbox 1077 5156 1823 5223">
    <p class='ocr_par' dir='ltr' id='par_1_115' title="bbox 1077 5156 1823 5223">
     <span class='ocr_line' id='line_1_115' title="bbox 1077 5156 1823 5223; baseline 0.011 -17"><span class='ocrx_word' id='word_1_656' title='bbox 1077 5156 1310 5221; x_wconf 83' lang='lat' dir='ltr'><strong>Domini,</strong></span> <span class='ocrx_word' id='word_1_657' title='bbox 1353 5158 1533 5210; x_wconf 86' lang='lat' dir='ltr'><strong>eadem</strong></span> <span class='ocrx_word' id='word_1_658' title='bbox 1560 5159 1698 5223; x_wconf 87' lang='lat' dir='ltr'><strong>ipsa,</strong></span> <span class='ocrx_word' id='word_1_659' title='bbox 1730 5176 1823 5215; x_wconf 88' lang='lat' dir='ltr'><strong>nec</strong></span> 
     </span>
    </p>
   </div>
   <div class='ocr_carea' id='block_1_116' title="bbox 1071 5246 1821 5318">
    <p class='ocr_par' dir='ltr' id='par_1_116' title="bbox 1071 5246 1821 5318">
     <span class='ocr_line' id='line_1_116' title="bbox 1071 5246 1821 5318; baseline 0.004 -20"><span class='ocrx_word' id='word_1_660' title='bbox 1071 5246 1181 5300; x_wconf 90' lang='lat' dir='ltr'><strong>alia</strong></span> <span class='ocrx_word' id='word_1_661' title='bbox 1204 5265 1299 5316; x_wconf 91' lang='lat' dir='ltr'><strong>pro</strong></span> <span class='ocrx_word' id='word_1_662' title='bbox 1328 5250 1436 5301; x_wconf 88' lang='lat' dir='ltr'><strong>alia</strong></span> <span class='ocrx_word' id='word_1_663' title='bbox 1463 5264 1480 5301; x_wconf 89' lang='lat'><strong><em>:</em></strong></span> <span class='ocrx_word' id='word_1_664' title='bbox 1510 5264 1614 5301; x_wconf 90' lang='lat' dir='ltr'><strong>una</strong></span> <span class='ocrx_word' id='word_1_665' title='bbox 1651 5250 1821 5318; x_wconf 87' lang='lat' dir='ltr'><strong>siqui-</strong></span> 
     </span>
    </p>
   </div>
   <div class='ocr_carea' id='block_1_117' title="bbox 1069 5343 1824 5413">
    <p class='ocr_par' dir='ltr' id='par_1_117' title="bbox 1069 5343 1824 5413">
     <span class='ocr_line' id='line_1_117' title="bbox 1069 5343 1824 5413; baseline 0.004 -18"><span class='ocrx_word' id='word_1_666' title='bbox 1069 5343 1187 5396; x_wconf 90' lang='lat' dir='ltr'><strong>dem</strong></span> <span class='ocrx_word' id='word_1_667' title='bbox 1207 5354 1283 5398; x_wconf 89' lang='lat' dir='ltr'><strong>est</strong></span> <span class='ocrx_word' id='word_1_668' title='bbox 1310 5355 1354 5396; x_wconf 90' lang='lat' dir='ltr'><strong>et</strong></span> <span class='ocrx_word' id='word_1_669' title='bbox 1374 5345 1506 5412; x_wconf 88' lang='lat' dir='ltr'><strong>ipsa,</strong></span> <span class='ocrx_word' id='word_1_670' title='bbox 1525 5360 1640 5413; x_wconf 79' lang='lat' dir='ltr'><strong>qua:</strong></span> <span class='ocrx_word' id='word_1_671' title='bbox 1659 5360 1722 5397; x_wconf 74' lang='lat' dir='ltr'><strong>ex</strong></span> <span class='ocrx_word' id='word_1_672' title='bbox 1741 5346 1824 5398; x_wconf 85' lang='lat' dir='ltr'><strong>in-</strong></span> 
     </span>
    </p>
   </div>
   <div class='ocr_carea' id='block_1_118' title="bbox 1069 5438 1822 5509">
    <p class='ocr_par' dir='ltr' id='par_1_118' title="bbox 1069 5438 1822 5509">
     <span class='ocr_line' id='line_1_118' title="bbox 1069 5438 1822 5509; baseline 0.003 -19"><span class='ocrx_word' id='word_1_673' title='bbox 1069 5448 1319 5506; x_wconf 87' lang='lat' dir='ltr'><strong>corrupta</strong></span> <span class='ocrx_word' id='word_1_674' title='bbox 1362 5438 1570 5509; x_wconf 75' lang='lat' dir='ltr'><strong>Virgine</strong></span> <span class='ocrx_word' id='word_1_675' title='bbox 1638 5451 1684 5492; x_wconf 92' lang='lat' dir='ltr'><strong>et</strong></span> <span class='ocrx_word' id='word_1_676' title='bbox 1729 5438 1822 5493; x_wconf 89' lang='lat' dir='ltr'><strong>Dei</strong></span> 
     </span>
    </p>
   </div>
   <div class='ocr_carea' id='block_1_119' title="bbox 302 5570 1241 5639">
    <p class='ocr_par' dir='ltr' id='par_1_119' title="bbox 302 5570 1241 5639">
     <span class='ocr_line' id='line_1_119' title="bbox 302 5570 1241 5639; baseline 0.007 -15"><span class='ocrx_word' id='word_1_677' title='bbox 302 5572 348 5601; x_wconf 78' lang='lat'><strong>&quot;</strong></span> <span class='ocrx_word' id='word_1_678' title='bbox 390 5570 522 5625; x_wconf 86' lang='lat' dir='ltr'><strong>Luc.</strong></span> <span class='ocrx_word' id='word_1_679' title='bbox 554 5589 700 5639; x_wconf 75' lang='grc' dir='ltr'>ιιιν,</span> <span class='ocrx_word' id='word_1_680' title='bbox 750 5576 839 5631; x_wconf 78' lang='grc'><strong>50.</strong></span> <span class='ocrx_word' id='word_1_681' title='bbox 914 5577 958 5608; x_wconf 63' lang='grc'><strong>⁸⁸</strong></span> <span class='ocrx_word' id='word_1_682' title='bbox 993 5576 1124 5631; x_wconf 84' lang='lat' dir='ltr'><strong>Ibid.</strong></span> <span class='ocrx_word' id='word_1_683' title='bbox 1157 5578 1241 5632; x_wconf 78' lang='lat'><strong>55.</strong></span> 
     </span>
    </p>
   </div>
   <div class='ocr_carea' id='block_1_120' title="bbox 302 5710 993 5780">
    <p class='ocr_par' dir='ltr' id='par_1_120' title="bbox 302 5710 993 5780">
     <span class='ocr_line' id='line_1_120' title="bbox 302 5710 993 5780; baseline 0.01 -17"><span class='ocrx_word' id='word_1_684' title='bbox 302 5710 391 5780; x_wconf 78' lang='grc' dir='ltr'><strong>(α)</strong></span> <span class='ocrx_word' id='word_1_685' title='bbox 468 5712 541 5765; x_wconf 75' lang='lat' dir='ltr'><strong>Ex</strong></span> <span class='ocrx_word' id='word_1_686' title='bbox 579 5714 747 5769; x_wconf 82' lang='lat' dir='ltr'><strong>missa</strong></span> <span class='ocrx_word' id='word_1_687' title='bbox 783 5715 993 5770; x_wconf 80' lang='lat' dir='ltr'><strong>Basilii.</strong></span> 
     </span>
    </p>
   </div>
   <div class='ocr_carea' id='block_1_121' title="bbox 1932 3519 3511 3588">
    <p class='ocr_par' dir='ltr' id='par_1_121' title="bbox 1932 3519 3511 3588">
     <span class='ocr_line' id='line_1_121' title="bbox 1932 3519 3511 3588; baseline 0.002 -17"><span class='ocrx_word' id='word_1_688' title='bbox 1932 3519 2075 3584; x_wconf 82' lang='lat' dir='ltr'><strong>Quia</strong></span> <span class='ocrx_word' id='word_1_689' title='bbox 2123 3535 2241 3573; x_wconf 87' lang='lat' dir='ltr'><strong>vero</strong></span> <span class='ocrx_word' id='word_1_690' title='bbox 2283 3519 2499 3588; x_wconf 89' lang='lat' dir='ltr'><strong>quidam</strong></span> <span class='ocrx_word' id='word_1_691' title='bbox 2543 3535 2723 3574; x_wconf 89' lang='lat' dir='ltr'><strong>eorum</strong></span> <span class='ocrx_word' id='word_1_692' title='bbox 2765 3522 2946 3575; x_wconf 88' lang='lat' dir='ltr'><strong>volunt</strong></span> <span class='ocrx_word' id='word_1_693' title='bbox 2987 3521 3258 3575; x_wconf 85' lang='lat' dir='ltr'><strong>ostendere</strong></span> <span class='ocrx_word' id='word_1_694' title='bbox 3284 3536 3348 3574; x_wconf 76' lang='lat' dir='ltr'><strong>ea:</strong></span> <span class='ocrx_word' id='word_1_695' title='bbox 3394 3522 3511 3575; x_wconf 88' lang='lat' dir='ltr'><strong>sala</strong></span> 
     </span>
    </p>
   </div>
   <div class='ocr_carea' id='block_1_122' title="bbox 1929 3610 3505 3681">
    <p class='ocr_par' dir='ltr' id='par_1_122' title="bbox 1929 3610 3505 3681">
     <span class='ocr_line' id='line_1_122' title="bbox 1929 3610 3505 3681; baseline 0 -18"><span class='ocrx_word' id='word_1_696' title='bbox 1929 3610 2246 3679; x_wconf 80' lang='lat' dir='ltr'><strong>etymologia</strong></span> <span class='ocrx_word' id='word_1_697' title='bbox 2272 3610 2498 3663; x_wconf 87' lang='lat' dir='ltr'><strong>nantinis</strong></span> <span class='ocrx_word' id='word_1_698' title='bbox 2544 3625 2794 3681; x_wconf 84' lang='lat' dir='ltr'><strong>azymum</strong></span> <span class='ocrx_word' id='word_1_699' title='bbox 2827 3628 2928 3665; x_wconf 88' lang='lat' dir='ltr'><strong>non</strong></span> <span class='ocrx_word' id='word_1_700' title='bbox 2958 3627 3069 3665; x_wconf 87' lang='lat' dir='ltr'><strong>esse</strong></span> <span class='ocrx_word' id='word_1_701' title='bbox 3099 3612 3283 3678; x_wconf 81' lang='grc' dir='ltr'>ἄρτον,</span> <span class='ocrx_word' id='word_1_702' title='bbox 3325 3612 3376 3664; x_wconf 88' lang='lat' dir='ltr'><strong>id</strong></span> <span class='ocrx_word' id='word_1_703' title='bbox 3424 3622 3505 3665; x_wconf 87' lang='lat' dir='ltr'><strong>est</strong></span> 
     </span>
    </p>
   </div>
   <div class='ocr_carea' id='block_1_123' title="bbox 1927 3698 3506 3769">
    <p class='ocr_par' dir='ltr' id='par_1_123' title="bbox 1927 3698 3506 3769">
     <span class='ocr_line' id='line_1_123' title="bbox 1927 3698 3506 3769; baseline 0.002 -16"><span class='ocrx_word' id='word_1_704' title='bbox 1927 3715 2135 3768; x_wconf 88' lang='lat' dir='ltr'><strong>panem,</strong></span> <span class='ocrx_word' id='word_1_705' title='bbox 2152 3701 2236 3754; x_wconf 84' lang='lat' dir='ltr'><strong>eia</strong></span> <span class='ocrx_word' id='word_1_706' title='bbox 2262 3698 2326 3753; x_wconf 92' lang='lat' dir='ltr'><strong>de</strong></span> <span class='ocrx_word' id='word_1_707' title='bbox 2345 3701 2440 3755; x_wconf 87' lang='lat' dir='ltr'><strong>hac</strong></span> <span class='ocrx_word' id='word_1_708' title='bbox 2461 3700 2678 3754; x_wconf 81' lang='lat' dir='ltr'><strong>breviter</strong></span> <span class='ocrx_word' id='word_1_709' title='bbox 2696 3700 3105 3769; x_wconf 85' lang='lat' dir='ltr'><strong>disputabimus.</strong></span> <span class='ocrx_word' id='word_1_710' title='bbox 3140 3703 3346 3755; x_wconf 81' lang='lat' dir='ltr'><strong>Dicitur</strong></span> <span class='ocrx_word' id='word_1_711' title='bbox 3368 3705 3506 3756; x_wconf 62' lang='lat' dir='ltr'><strong>enim</strong></span> 
     </span>
    </p>
   </div>
   <div class='ocr_carea' id='block_1_124' title="bbox 1927 3790 3505 3864">
    <p class='ocr_par' dir='ltr' id='par_1_124' title="bbox 1927 3790 3505 3864">
     <span class='ocr_line' id='line_1_124' title="bbox 1927 3790 3505 3864; baseline 0.001 -20"><span class='ocrx_word' id='word_1_712' title='bbox 1927 3791 2088 3863; x_wconf 81' lang='grc' dir='ltr'>ἄρτος</span> <span class='ocrx_word' id='word_1_713' title='bbox 2105 3792 2173 3845; x_wconf 90' lang='lat' dir='ltr'><strong>ad</strong></span> <span class='ocrx_word' id='word_1_714' title='bbox 2190 3790 2399 3861; x_wconf 79' lang='grc' dir='ltr'><strong>ἇρΘεως</strong></span> <span class='ocrx_word' id='word_1_715' title='bbox 2412 3790 2551 3861; x_wconf 79' lang='lat' dir='ltr'><strong>(lege</strong></span> <span class='ocrx_word' id='word_1_716' title='bbox 2566 3792 2773 3861; x_wconf 80' lang='grc' dir='ltr'>ἄρτιος)</span> <span class='ocrx_word' id='word_1_717' title='bbox 2792 3792 2844 3845; x_wconf 89' lang='lat' dir='ltr'><strong>id</strong></span> <span class='ocrx_word' id='word_1_718' title='bbox 2864 3802 2940 3846; x_wconf 90' lang='lat' dir='ltr'><strong>est</strong></span> <span class='ocrx_word' id='word_1_719' title='bbox 2961 3808 2991 3844; x_wconf 92' lang='lat' dir='ltr'><strong>a</strong></span> <span class='ocrx_word' id='word_1_720' title='bbox 3013 3792 3342 3860; x_wconf 77' lang='lat' dir='ltr'><strong>perfectione.</strong></span> <span class='ocrx_word' id='word_1_721' title='bbox 3371 3794 3408 3845; x_wconf 69' lang='grc' dir='ltr'><strong><em>Α</em></strong></span> <span class='ocrx_word' id='word_1_722' title='bbox 3422 3810 3505 3864; x_wconf 77' lang='lat' dir='ltr'><strong>zy-</strong></span> 
     </span>
    </p>
   </div>
   <div class='ocr_carea' id='block_1_125' title="bbox 1928 3882 3507 3956">
    <p class='ocr_par' dir='ltr' id='par_1_125' title="bbox 1928 3882 3507 3956">
     <span class='ocr_line' id='line_1_125' title="bbox 1928 3882 3507 3956; baseline -0.001 -18"><span class='ocrx_word' id='word_1_723' title='bbox 1928 3902 2042 3938; x_wconf 91' lang='lat' dir='ltr'><strong>mus</strong></span> <span class='ocrx_word' id='word_1_724' title='bbox 2060 3894 2235 3939; x_wconf 82' lang='lat' dir='ltr'><strong>autem</strong></span> <span class='ocrx_word' id='word_1_725' title='bbox 2260 3901 2360 3938; x_wconf 83' lang='lat' dir='ltr'><strong>nan</strong></span> <span class='ocrx_word' id='word_1_726' title='bbox 2379 3893 2456 3937; x_wconf 89' lang='lat' dir='ltr'><strong>est</strong></span> <span class='ocrx_word' id='word_1_727' title='bbox 2477 3882 2756 3954; x_wconf 89' lang='lat' dir='ltr'><strong>perfectus,</strong></span> <span class='ocrx_word' id='word_1_728' title='bbox 2778 3884 2903 3955; x_wconf 85' lang='lat' dir='ltr'><strong>quia</strong></span> <span class='ocrx_word' id='word_1_729' title='bbox 2920 3894 3062 3938; x_wconf 91' lang='lat' dir='ltr'><strong>caret</strong></span> <span class='ocrx_word' id='word_1_730' title='bbox 3084 3884 3338 3953; x_wconf 82' lang='lat' dir='ltr'><strong>fermento</strong></span> <span class='ocrx_word' id='word_1_731' title='bbox 3354 3906 3370 3939; x_wconf 90' lang='lat'><em>:</em></span> <span class='ocrx_word' id='word_1_732' title='bbox 3385 3902 3507 3956; x_wconf 82' lang='lat' dir='ltr'><strong>ergo</strong></span> 
     </span>
    </p>
   </div>
   <div class='ocr_carea' id='block_1_126' title="bbox 1927 3974 3504 4046">
    <p class='ocr_par' dir='ltr' id='par_1_126' title="bbox 1927 3974 3504 4046">
     <span class='ocr_line' id='line_1_126' title="bbox 1927 3974 3504 4046; baseline 0.001 -17"><span class='ocrx_word' id='word_1_733' title='bbox 1927 3992 2029 4030; x_wconf 85' lang='lat' dir='ltr'><strong>non</strong></span> <span class='ocrx_word' id='word_1_734' title='bbox 2056 3985 2133 4029; x_wconf 90' lang='lat' dir='ltr'><strong>est</strong></span> <span class='ocrx_word' id='word_1_735' title='bbox 2154 3975 2337 4046; x_wconf 82' lang='grc' dir='ltr'>ἄρτος.</span> <span class='ocrx_word' id='word_1_736' title='bbox 2376 3974 2636 4029; x_wconf 91' lang='lat' dir='ltr'><strong>Dominus</strong></span> <span class='ocrx_word' id='word_1_737' title='bbox 2663 3984 2839 4029; x_wconf 87' lang='lat' dir='ltr'><strong>autem</strong></span> <span class='ocrx_word' id='word_1_738' title='bbox 2862 3976 3026 4045; x_wconf 83' lang='grc' dir='ltr'>ἄρτον</span> <span class='ocrx_word' id='word_1_739' title='bbox 3048 3976 3329 4033; x_wconf 76' lang='lat' dir='ltr'><strong>benedixit.</strong></span> <span class='ocrx_word' id='word_1_740' title='bbox 3359 3978 3504 4033; x_wconf 85' lang='lat' dir='ltr'><strong>Ta’is</strong></span> 
     </span>
    </p>
   </div>
   <div class='ocr_carea' id='block_1_127' title="bbox 1925 4065 3497 4140">
    <p class='ocr_par' dir='ltr' id='par_1_127' title="bbox 1925 4065 3497 4140">
     <span class='ocr_line' id='line_1_127' title="bbox 1925 4065 3497 4140; baseline 0.001 -18"><span class='ocrx_word' id='word_1_741' title='bbox 1925 4077 2000 4122; x_wconf 87' lang='lat' dir='ltr'><strong>est</strong></span> <span class='ocrx_word' id='word_1_742' title='bbox 2037 4068 2297 4121; x_wconf 90' lang='lat' dir='ltr'><strong>mirabilis</strong></span> <span class='ocrx_word' id='word_1_743' title='bbox 2326 4083 2509 4120; x_wconf 90' lang='lat' dir='ltr'><strong>eorum</strong></span> <span class='ocrx_word' id='word_1_744' title='bbox 2539 4066 2901 4137; x_wconf 78' lang='lat' dir='ltr'><strong>syllogismus.</strong></span> <span class='ocrx_word' id='word_1_745' title='bbox 2918 4065 3027 4120; x_wconf 89' lang='lat' dir='ltr'><strong>Nos</strong></span> <span class='ocrx_word' id='word_1_746' title='bbox 3061 4085 3179 4122; x_wconf 85' lang='lat' dir='ltr'><strong>vero</strong></span> <span class='ocrx_word' id='word_1_747' title='bbox 3214 4073 3281 4121; x_wconf 90' lang='lat' dir='ltr'><strong>ad</strong></span> <span class='ocrx_word' id='word_1_748' title='bbox 3330 4072 3497 4140; x_wconf 86' lang='lat' dir='ltr'><strong>sylla-</strong></span> 
     </span>
    </p>
   </div>
   <div class='ocr_carea' id='block_1_128' title="bbox 1924 4156 3503 4228">
    <p class='ocr_par' dir='ltr' id='par_1_128' title="bbox 1924 4156 3503 4228">
     <span class='ocr_line' id='line_1_128' title="bbox 1924 4156 3503 4228; baseline 0.001 -17"><span class='ocrx_word' id='word_1_749' title='bbox 1924 4160 2079 4228; x_wconf 88' lang='lat' dir='ltr'><strong>gismi</strong></span> <span class='ocrx_word' id='word_1_750' title='bbox 2108 4159 2264 4227; x_wconf 84' lang='lat' dir='ltr'><strong>hujus</strong></span> <span class='ocrx_word' id='word_1_751' title='bbox 2297 4157 2797 4222; x_wconf 84' lang='lat' dir='ltr'><strong>machinamentum,</strong></span> <span class='ocrx_word' id='word_1_752' title='bbox 2825 4174 2943 4210; x_wconf 88' lang='lat' dir='ltr'><strong>cum</strong></span> <span class='ocrx_word' id='word_1_753' title='bbox 2966 4158 3035 4210; x_wconf 92' lang='lat' dir='ltr'><strong>sit</strong></span> <span class='ocrx_word' id='word_1_754' title='bbox 3073 4156 3268 4211; x_wconf 90' lang='lat' dir='ltr'><strong>nullius</strong></span> <span class='ocrx_word' id='word_1_755' title='bbox 3286 4160 3503 4221; x_wconf 83' lang='lat' dir='ltr'><strong>valaris,</strong></span> 
     </span>
    </p>
   </div>
   <div class='ocr_carea' id='block_1_129' title="bbox 1925 4250 3490 4322">
    <p class='ocr_par' dir='ltr' id='par_1_129' title="bbox 1925 4250 3490 4322">
     <span class='ocr_line' id='line_1_129' title="bbox 1925 4250 3490 4322; baseline -0.003 -15"><span class='ocrx_word' id='word_1_756' title='bbox 1925 4254 2195 4322; x_wconf 77' lang='lat' dir='ltr'><strong>inﬁrmum</strong></span> <span class='ocrx_word' id='word_1_757' title='bbox 2230 4263 2277 4307; x_wconf 91' lang='lat' dir='ltr'><strong>et</strong></span> <span class='ocrx_word' id='word_1_758' title='bbox 2314 4251 2506 4318; x_wconf 88' lang='lat' dir='ltr'><strong>debile,</strong></span> <span class='ocrx_word' id='word_1_759' title='bbox 2550 4250 2752 4305; x_wconf 89' lang='lat' dir='ltr'><strong>nullam</strong></span> <span class='ocrx_word' id='word_1_760' title='bbox 2786 4251 3048 4320; x_wconf 89' lang='lat' dir='ltr'><strong>faciamus</strong></span> <span class='ocrx_word' id='word_1_761' title='bbox 3079 4252 3490 4320; x_wconf 83' lang='lat' dir='ltr'><strong>responsionem,</strong></span> 
     </span>
    </p>
   </div>
   <div class='ocr_carea' id='block_1_130' title="bbox 1925 4339 3498 4411">
    <p class='ocr_par' dir='ltr' id='par_1_130' title="bbox 1925 4339 3498 4411">
     <span class='ocr_line' id='line_1_130' title="bbox 1925 4339 3498 4411; baseline -0.004 -13"><span class='ocrx_word' id='word_1_762' title='bbox 1925 4362 1987 4399; x_wconf 90' lang='lat' dir='ltr'><strong>ne</strong></span> <span class='ocrx_word' id='word_1_763' title='bbox 2024 4346 2296 4399; x_wconf 86' lang='lat' dir='ltr'><strong>videamur</strong></span> <span class='ocrx_word' id='word_1_764' title='bbox 2325 4343 2393 4397; x_wconf 92' lang='lat' dir='ltr'><strong>ad</strong></span> <span class='ocrx_word' id='word_1_765' title='bbox 2439 4344 2789 4397; x_wconf 86' lang='lat' dir='ltr'><strong>ostensionem</strong></span> <span class='ocrx_word' id='word_1_766' title='bbox 2819 4342 2933 4407; x_wconf 84' lang='lat' dir='ltr'><strong>eius</strong></span> <span class='ocrx_word' id='word_1_767' title='bbox 2964 4356 3082 4411; x_wconf 79' lang='lat' dir='ltr'><strong>qua:</strong></span> <span class='ocrx_word' id='word_1_768' title='bbox 3127 4341 3180 4394; x_wconf 91' lang='lat' dir='ltr'><strong>in</strong></span> <span class='ocrx_word' id='word_1_769' title='bbox 3222 4339 3369 4394; x_wconf 85' lang='lat' dir='ltr'><strong>nobis</strong></span> <span class='ocrx_word' id='word_1_770' title='bbox 3420 4351 3498 4394; x_wconf 86' lang='lat' dir='ltr'><strong>est</strong></span> 
     </span>
    </p>
   </div>
   <div class='ocr_carea' id='block_1_131' title="bbox 1925 4428 3499 4500">
    <p class='ocr_par' dir='ltr' id='par_1_131' title="bbox 1925 4428 3499 4500">
     <span class='ocr_line' id='line_1_131' title="bbox 1925 4428 3499 4500; baseline -0.003 -15"><span class='ocrx_word' id='word_1_771' title='bbox 1925 4432 2209 4486; x_wconf 88' lang='lat' dir='ltr'><strong>rationalis</strong></span> <span class='ocrx_word' id='word_1_772' title='bbox 2256 4430 2490 4485; x_wconf 70' lang='lat' dir='ltr'><strong>scientia:</strong></span> <span class='ocrx_word' id='word_1_773' title='bbox 2528 4429 2796 4500; x_wconf 88' lang='lat' dir='ltr'><strong>(b)multa</strong></span> <span class='ocrx_word' id='word_1_774' title='bbox 2836 4429 2981 4499; x_wconf 90' lang='lat' dir='ltr'><strong>loqui</strong></span> <span class='ocrx_word' id='word_1_775' title='bbox 3028 4437 3078 4481; x_wconf 92' lang='lat' dir='ltr'><strong>et</strong></span> <span class='ocrx_word' id='word_1_776' title='bbox 3136 4428 3413 4481; x_wconf 87' lang='lat' dir='ltr'><strong>inutiliter.</strong></span> <span class='ocrx_word' id='word_1_777' title='bbox 3460 4428 3499 4480; x_wconf 86' lang='grc' dir='ltr'><em>Α</em></span> 
     </span>
    </p>
   </div>
   <div class='ocr_carea' id='block_1_132' title="bbox 1924 4517 3505 4588">
    <p class='ocr_par' dir='ltr' id='par_1_132' title="bbox 1924 4517 3505 4588">
     <span class='ocr_line' id='line_1_132' title="bbox 1924 4517 3505 4588; baseline -0.005 -13"><span class='ocrx_word' id='word_1_778' title='bbox 1924 4523 2124 4576; x_wconf 85' lang='lat' dir='ltr'><strong>sanctis</strong></span> <span class='ocrx_word' id='word_1_779' title='bbox 2164 4531 2336 4574; x_wconf 87' lang='lat' dir='ltr'><strong>tamen</strong></span> <span class='ocrx_word' id='word_1_780' title='bbox 2392 4518 2694 4588; x_wconf 85' lang='lat' dir='ltr'><strong>Evangeliis</strong></span> <span class='ocrx_word' id='word_1_781' title='bbox 2722 4517 2887 4587; x_wconf 82' lang='grc' dir='ltr'>ἄρτον</span> <span class='ocrx_word' id='word_1_782' title='bbox 2931 4526 3171 4570; x_wconf 82' lang='lat' dir='ltr'><strong>vocatum</strong></span> <span class='ocrx_word' id='word_1_783' title='bbox 3219 4532 3328 4569; x_wconf 82' lang='lat' dir='ltr'><strong>esse</strong></span> <span class='ocrx_word' id='word_1_784' title='bbox 3377 4530 3505 4586; x_wconf 81' lang='lat' dir='ltr'><strong>azy-</strong></span> 
     </span>
    </p>
   </div>
   <div class='ocr_carea' id='block_1_133' title="bbox 1924 4609 3504 4683">
    <p class='ocr_par' dir='ltr' id='par_1_133' title="bbox 1924 4609 3504 4683">
     <span class='ocr_line' id='line_1_133' title="bbox 1924 4609 3504 4683; baseline -0.004 -15"><span class='ocrx_word' id='word_1_785' title='bbox 1924 4630 2072 4668; x_wconf 90' lang='lat' dir='ltr'><strong>mum</strong></span> <span class='ocrx_word' id='word_1_786' title='bbox 2102 4613 2440 4683; x_wconf 88' lang='lat' dir='ltr'><strong>probabimus</strong></span> <span class='ocrx_word' id='word_1_787' title='bbox 2490 4613 2595 4665; x_wconf 86' lang='lat' dir='ltr'><strong>sive</strong></span> <span class='ocrx_word' id='word_1_788' title='bbox 2636 4609 2990 4671; x_wconf 87' lang='lat' dir='ltr'><strong>ostendemus,</strong></span> <span class='ocrx_word' id='word_1_789' title='bbox 3024 4619 3072 4662; x_wconf 92' lang='lat' dir='ltr'><strong>et</strong></span> <span class='ocrx_word' id='word_1_790' title='bbox 3106 4609 3332 4663; x_wconf 72' lang='lat' dir='ltr'><strong>mendax</strong></span> <span class='ocrx_word' id='word_1_791' title='bbox 3375 4609 3504 4661; x_wconf 88' lang='lat' dir='ltr'><strong>ista-</strong></span> 
     </span>
    </p>
   </div>
   <div class='ocr_carea' id='block_1_134' title="bbox 1926 4701 3507 4776">
    <p class='ocr_par' dir='ltr' id='par_1_134' title="bbox 1926 4701 3507 4776">
     <span class='ocr_line' id='line_1_134' title="bbox 1926 4701 3507 4776; baseline -0.003 -18"><span class='ocrx_word' id='word_1_792' title='bbox 1926 4723 2041 4758; x_wconf 89' lang='lat' dir='ltr'><strong>rum</strong></span> <span class='ocrx_word' id='word_1_793' title='bbox 2066 4705 2384 4776; x_wconf 85' lang='lat' dir='ltr'><strong>etymologia</strong></span> <span class='ocrx_word' id='word_1_794' title='bbox 2432 4704 2721 4773; x_wconf 85' lang='lat' dir='ltr'><strong>apparebit.</strong></span> <span class='ocrx_word' id='word_1_795' title='bbox 2753 4701 2819 4756; x_wconf 87' lang='lat' dir='ltr'><strong>In</strong></span> <span class='ocrx_word' id='word_1_796' title='bbox 2871 4701 3015 4755; x_wconf 87' lang='lat' dir='ltr'><strong>Luca</strong></span> <span class='ocrx_word' id='word_1_797' title='bbox 3062 4702 3198 4754; x_wconf 87' lang='lat' dir='ltr'><strong>enim</strong></span> <span class='ocrx_word' id='word_1_798' title='bbox 3249 4710 3325 4753; x_wconf 84' lang='lat' dir='ltr'><strong>est</strong></span> <span class='ocrx_word' id='word_1_799' title='bbox 3378 4703 3507 4753; x_wconf 84' lang='lat' dir='ltr'><strong>scri-</strong></span> 
     </span>
    </p>
   </div>
   <div class='ocr_carea' id='block_1_135' title="bbox 1923 4792 3507 4866">
    <p class='ocr_par' dir='ltr' id='par_1_135' title="bbox 1923 4792 3507 4866">
     <span class='ocr_line' id='line_1_135' title="bbox 1923 4792 3507 4866; baseline -0.004 -15"><span class='ocrx_word' id='word_1_800' title='bbox 1923 4810 2069 4866; x_wconf 86' lang='lat' dir='ltr'><strong>ptum</strong></span> <span class='ocrx_word' id='word_1_801' title='bbox 2096 4814 2113 4851; x_wconf 91' lang='lat'><strong><em>:</em></strong></span> <span class='ocrx_word' id='word_1_802' title='bbox 2139 4818 2155 4849; x_wconf 87' lang='lat' dir='ltr'><strong>t</strong></span> <span class='ocrx_word' id='word_1_803' title='bbox 2192 4797 2254 4849; x_wconf 89' lang='lat' dir='ltr'><strong>Et</strong></span> <span class='ocrx_word' id='word_1_804' title='bbox 2285 4798 2481 4856; x_wconf 79' lang='lat' dir='ltr'><strong>factum</strong></span> <span class='ocrx_word' id='word_1_805' title='bbox 2510 4807 2586 4850; x_wconf 88' lang='lat' dir='ltr'><strong>est</strong></span> <span class='ocrx_word' id='word_1_806' title='bbox 2612 4794 2970 4849; x_wconf 89' lang='lat' dir='ltr'><strong>discumbente</strong></span> <span class='ocrx_word' id='word_1_807' title='bbox 3001 4810 3060 4847; x_wconf 89' lang='lat' dir='ltr'><strong>ea</strong></span> <span class='ocrx_word' id='word_1_808' title='bbox 3090 4810 3205 4846; x_wconf 86' lang='lat' dir='ltr'><strong>cum</strong></span> <span class='ocrx_word' id='word_1_809' title='bbox 3228 4795 3408 4846; x_wconf 69' lang='lat' dir='ltr'><strong>eis“.t</strong></span> <span class='ocrx_word' id='word_1_810' title='bbox 3444 4792 3507 4845; x_wconf 71' lang='lat' dir='ltr'><strong>Et</strong></span> 
     </span>
    </p>
   </div>
   <div class='ocr_carea' id='block_1_136' title="bbox 1922 4885 3500 4956">
    <p class='ocr_par' dir='ltr' id='par_1_136' title="bbox 1922 4885 3500 4956">
     <span class='ocr_line' id='line_1_136' title="bbox 1922 4885 3500 4956; baseline -0.004 -15"><span class='ocrx_word' id='word_1_811' title='bbox 1922 4901 2039 4956; x_wconf 89' lang='lat' dir='ltr'><strong>post</strong></span> <span class='ocrx_word' id='word_1_812' title='bbox 2070 4904 2273 4956; x_wconf 88' lang='lat' dir='ltr'><strong>pauca:</strong></span> <span class='ocrx_word' id='word_1_813' title='bbox 2298 4907 2315 4939; x_wconf 81' lang='grc' dir='ltr'><strong>ι</strong></span> <span class='ocrx_word' id='word_1_814' title='bbox 2335 4888 2695 4955; x_wconf 85' lang='lat' dir='ltr'><strong>Cognoverunt</strong></span> <span class='ocrx_word' id='word_1_815' title='bbox 2712 4903 2827 4941; x_wconf 89' lang='lat' dir='ltr'><strong>eum</strong></span> <span class='ocrx_word' id='word_1_816' title='bbox 2852 4888 2904 4939; x_wconf 91' lang='lat' dir='ltr'><strong>in</strong></span> <span class='ocrx_word' id='word_1_817' title='bbox 2927 4885 3185 4956; x_wconf 87' lang='lat' dir='ltr'><strong>fractiane</strong></span> <span class='ocrx_word' id='word_1_818' title='bbox 3206 4885 3441 4953; x_wconf 60' lang='lat' dir='ltr'><strong>aptae“.</strong></span> <span class='ocrx_word' id='word_1_819' title='bbox 3485 4905 3500 4935; x_wconf 71' lang='grc' dir='ltr'><strong>ι</strong></span> 
     </span>
    </p>
   </div>
   <div class='ocr_carea' id='block_1_137' title="bbox 1930 4974 3502 5049">
    <p class='ocr_par' dir='ltr' id='par_1_137' title="bbox 1930 4974 3502 5049">
     <span class='ocr_line' id='line_1_137' title="bbox 1930 4974 3502 5049; baseline -0.007 -14"><span class='ocrx_word' id='word_1_820' title='bbox 1930 4980 2061 5035; x_wconf 84' lang='lat' dir='ltr'><strong>Ecce</strong></span> <span class='ocrx_word' id='word_1_821' title='bbox 2110 4981 2183 5033; x_wconf 89' lang='lat' dir='ltr'><strong>ibi</strong></span> <span class='ocrx_word' id='word_1_822' title='bbox 2228 4997 2473 5049; x_wconf 74' lang='lat' dir='ltr'><strong>azymum</strong></span> <span class='ocrx_word' id='word_1_823' title='bbox 2531 4978 2694 5049; x_wconf 76' lang='grc' dir='ltr'>ἄρτον</span> <span class='ocrx_word' id='word_1_824' title='bbox 2753 4977 3061 5031; x_wconf 87' lang='lat' dir='ltr'><strong>nominavit.</strong></span> <span class='ocrx_word' id='word_1_825' title='bbox 3124 4974 3278 5041; x_wconf 86' lang='lat' dir='ltr'><strong>Quod</strong></span> <span class='ocrx_word' id='word_1_826' title='bbox 3329 4984 3502 5028; x_wconf 80' lang='lat' dir='ltr'><strong>autem</strong></span> 
     </span>
    </p>
   </div>
   <div class='ocr_carea' id='block_1_138' title="bbox 1925 5064 3503 5143">
    <p class='ocr_par' dir='ltr' id='par_1_138' title="bbox 1925 5064 3503 5143">
     <span class='ocr_line' id='line_1_138' title="bbox 1925 5064 3503 5143; baseline -0.008 -17"><span class='ocrx_word' id='word_1_827' title='bbox 1925 5088 2145 5143; x_wconf 79' lang='lat' dir='ltr'><strong>azymus</strong></span> <span class='ocrx_word' id='word_1_828' title='bbox 2179 5071 2341 5141; x_wconf 83' lang='lat' dir='ltr'><strong>fuerit</strong></span> <span class='ocrx_word' id='word_1_829' title='bbox 2368 5071 2455 5123; x_wconf 90' lang='lat' dir='ltr'><strong>ille</strong></span> <span class='ocrx_word' id='word_1_830' title='bbox 2481 5070 2571 5139; x_wconf 87' lang='lat' dir='ltr'><strong>qui</strong></span> <span class='ocrx_word' id='word_1_831' title='bbox 2606 5078 2729 5121; x_wconf 89' lang='lat' dir='ltr'><strong>tunc</strong></span> <span class='ocrx_word' id='word_1_832' title='bbox 2761 5068 2813 5120; x_wconf 90' lang='lat' dir='ltr'><strong>in</strong></span> <span class='ocrx_word' id='word_1_833' title='bbox 2867 5066 3120 5120; x_wconf 87' lang='lat' dir='ltr'><strong>Entmaus</strong></span> <span class='ocrx_word' id='word_1_834' title='bbox 3176 5064 3417 5131; x_wconf 77' lang='lat' dir='ltr'><strong>Cleophw</strong></span> <span class='ocrx_word' id='word_1_835' title='bbox 3456 5073 3503 5116; x_wconf 90' lang='lat' dir='ltr'><strong>et</strong></span> 
     </span>
    </p>
   </div>
   <div class='ocr_carea' id='block_1_139' title="bbox 1925 5156 3504 5225">
    <p class='ocr_par' dir='ltr' id='par_1_139' title="bbox 1925 5156 3504 5225">
     <span class='ocr_line' id='line_1_139' title="bbox 1925 5156 3504 5225; baseline -0.008 -6"><span class='ocrx_word' id='word_1_836' title='bbox 1925 5163 2298 5219; x_wconf 83' lang='lat' dir='ltr'><strong>concamitanti</strong></span> <span class='ocrx_word' id='word_1_837' title='bbox 2356 5161 2456 5215; x_wconf 86' lang='lat' dir='ltr'><strong>sibi</strong></span> <span class='ocrx_word' id='word_1_838' title='bbox 2498 5162 2652 5213; x_wconf 88' lang='lat' dir='ltr'><strong>datus</strong></span> <span class='ocrx_word' id='word_1_839' title='bbox 2703 5171 2799 5225; x_wconf 90' lang='lat' dir='ltr'><strong>est,</strong></span> <span class='ocrx_word' id='word_1_840' title='bbox 2846 5159 2967 5213; x_wconf 92' lang='lat' dir='ltr'><strong>hinc</strong></span> <span class='ocrx_word' id='word_1_841' title='bbox 3019 5166 3097 5213; x_wconf 90' lang='lat' dir='ltr'><strong>est</strong></span> <span class='ocrx_word' id='word_1_842' title='bbox 3139 5156 3504 5220; x_wconf 87' lang='lat' dir='ltr'><strong>manifestum.</strong></span> 
     </span>
    </p>
   </div>
   <div class='ocr_carea' id='block_1_140' title="bbox 1928 5241 3503 5324">
    <p class='ocr_par' dir='ltr' id='par_1_140' title="bbox 1928 5241 3503 5324">
     <span class='ocr_line' id='line_1_140' title="bbox 1928 5241 3503 5324; baseline -0.01 -16"><span class='ocrx_word' id='word_1_843' title='bbox 1928 5257 2056 5310; x_wconf 79' lang='lat' dir='ltr'><strong>Post</strong></span> <span class='ocrx_word' id='word_1_844' title='bbox 2091 5255 2405 5310; x_wconf 87' lang='lat' dir='ltr'><strong>oblationem</strong></span> <span class='ocrx_word' id='word_1_845' title='bbox 2440 5254 2560 5324; x_wconf 90' lang='lat' dir='ltr'><strong>agni</strong></span> <span class='ocrx_word' id='word_1_846' title='bbox 2591 5261 2780 5319; x_wconf 86' lang='lat' dir='ltr'><strong>septem</strong></span> <span class='ocrx_word' id='word_1_847' title='bbox 2821 5251 3001 5304; x_wconf 90' lang='lat' dir='ltr'><strong>diebus</strong></span> <span class='ocrx_word' id='word_1_848' title='bbox 3024 5246 3357 5302; x_wconf 85' lang='lat' dir='ltr'><strong>camedcbant</strong></span> <span class='ocrx_word' id='word_1_849' title='bbox 3398 5241 3503 5295; x_wconf 74' lang='lat' dir='ltr'><strong>Iit-</strong></span> 
     </span>
    </p>
   </div>
   <div class='ocr_carea' id='block_1_141' title="bbox 1924 5336 3501 5417">
    <p class='ocr_par' dir='ltr' id='par_1_141' title="bbox 1924 5336 3501 5417">
     <span class='ocr_line' id='line_1_141' title="bbox 1924 5336 3501 5417; baseline -0.01 -16"><span class='ocrx_word' id='word_1_850' title='bbox 1924 5348 2028 5401; x_wconf 70' lang='lat' dir='ltr'><strong>da&#39;i</strong></span> <span class='ocrx_word' id='word_1_851' title='bbox 2058 5364 2270 5417; x_wconf 82' lang='lat' dir='ltr'><strong>azyma,</strong></span> <span class='ocrx_word' id='word_1_852' title='bbox 2294 5344 2482 5414; x_wconf 87' lang='lat' dir='ltr'><strong>quibus</strong></span> <span class='ocrx_word' id='word_1_853' title='bbox 2518 5344 2698 5397; x_wconf 86' lang='lat' dir='ltr'><strong>diebus</strong></span> <span class='ocrx_word' id='word_1_854' title='bbox 2723 5343 3072 5411; x_wconf 85' lang='lat' dir='ltr'><strong>fermentatus</strong></span> <span class='ocrx_word' id='word_1_855' title='bbox 3100 5337 3254 5406; x_wconf 89' lang='lat' dir='ltr'><strong>panis</strong></span> <span class='ocrx_word' id='word_1_856' title='bbox 3287 5352 3389 5389; x_wconf 88' lang='lat' dir='ltr'><strong>non</strong></span> <span class='ocrx_word' id='word_1_857' title='bbox 3418 5336 3501 5387; x_wconf 86' lang='lat' dir='ltr'><strong>in-</strong></span> 
     </span>
    </p>
   </div>
   <div class='ocr_carea' id='block_1_142' title="bbox 1926 5426 3501 5506">
    <p class='ocr_par' dir='ltr' id='par_1_142' title="bbox 1926 5426 3501 5506">
     <span class='ocr_line' id='line_1_142' title="bbox 1926 5426 3501 5506; baseline -0.008 -12"><span class='ocrx_word' id='word_1_858' title='bbox 1926 5439 2226 5494; x_wconf 87' lang='lat' dir='ltr'><strong>veniebatur</strong></span> <span class='ocrx_word' id='word_1_859' title='bbox 2255 5435 2393 5506; x_wconf 86' lang='lat' dir='ltr'><strong>apud</strong></span> <span class='ocrx_word' id='word_1_860' title='bbox 2424 5453 2530 5490; x_wconf 89' lang='lat' dir='ltr'><strong>eos.</strong></span> <span class='ocrx_word' id='word_1_861' title='bbox 2563 5435 2715 5502; x_wconf 85' lang='lat' dir='ltr'><strong>Infra</strong></span> <span class='ocrx_word' id='word_1_862' title='bbox 2748 5444 2921 5485; x_wconf 83' lang='lat' dir='ltr'><strong>autem</strong></span> <span class='ocrx_word' id='word_1_863' title='bbox 2960 5440 3148 5497; x_wconf 79' lang='lat' dir='ltr'><strong>septem</strong></span> <span class='ocrx_word' id='word_1_864' title='bbox 3187 5428 3297 5482; x_wconf 91' lang='lat' dir='ltr'><strong>dies</strong></span> <span class='ocrx_word' id='word_1_865' title='bbox 3349 5426 3501 5481; x_wconf 75' lang='lat' dir='ltr'><strong>benc-</strong></span> 
     </span>
    </p>
   </div>
   <div class='ocr_carea' id='block_1_143' title="bbox 306 5782 1831 5858">
    <p class='ocr_par' dir='ltr' id='par_1_143' title="bbox 306 5782 1823 5858">
     <span class='ocr_line' id='line_1_143' title="bbox 306 5782 1823 5858; baseline 0.006 -26"><span class='ocrx_word' id='word_1_866' title='bbox 306 5782 386 5853; x_wconf 78' lang='lat' dir='ltr'><strong>(b)</strong></span> <span class='ocrx_word' id='word_1_867' title='bbox 412 5783 509 5851; x_wconf 68' lang='grc' dir='ltr'><strong>τῆς</strong></span> <span class='ocrx_word' id='word_1_868' title='bbox 534 5787 589 5837; x_wconf 76' lang='grc' dir='ltr'><strong>ἐν</strong></span> <span class='ocrx_word' id='word_1_869' title='bbox 618 5786 745 5853; x_wconf 71' lang='grc' dir='ltr'>ἡμῖν</span> <span class='ocrx_word' id='word_1_870' title='bbox 780 5786 1002 5857; x_wconf 73' lang='grc' dir='ltr'>λογικῆς</span> <span class='ocrx_word' id='word_1_871' title='bbox 1037 5787 1362 5858; x_wconf 71' lang='grc' dir='ltr'><strong>ἐπιστήμης.</strong></span> <span class='ocrx_word' id='word_1_872' title='bbox 1397 5785 1603 5857; x_wconf 75' lang='lat' dir='ltr'><strong>Logith</strong></span> <span class='ocrx_word' id='word_1_873' title='bbox 1631 5795 1823 5841; x_wconf 79' lang='lat' dir='ltr'><strong>nostru&#39;</strong></span> 
     </span>
    </p>
   </div>
   <div class='ocr_carea' id='block_1_144' title="bbox 1930 5782 2111 5858">
    <p class='ocr_par' dir='ltr' id='par_1_144' title="bbox 1930 5784 2111 5840">
     <span class='ocr_line' id='line_1_144' title="bbox 1930 5784 2111 5840; baseline -0.006 0"><span class='ocrx_word' id='word_1_874' title='bbox 1930 5784 2111 5840; x_wconf 75' lang='lat' dir='ltr'><strong>lentite.</strong></span> 
     </span>
    </p>
   </div>
  </div>
