3974 6338
459 363 561 430 49⁸7

462 841 578 896 illa.

1497 363 2146 427 DISSERTATIONES
2186 366 2746 429 DAMASCENIC/E.

459 479 597 532 dixit
629 474 884 532 Dominus
913 491 1099 546 panem
1131 477 1313 542 istum,
1369 478 1432 530 de
1472 494 1572 547 quo
1620 480 1927 533 memoriam
1961 479 2041 548 fe-

459 571 651 630 cimus,
679 570 733 620 in
789 568 1067 636 Emmaus,
1113 571 1250 624 sicut
1288 571 1524 624 indicant
1579 587 1737 624 sacra
1779 569 1992 641 eloquia
2020 587 2038 624 :

467 678 492 710 ο
518 657 620 712 Sed
652 674 808 727 super
835 660 916 714 his
949 661 1189 716 omnibus
1221 663 1376 716 tertia
1405 662 1518 716 dies
1561 673 1661 726 est,
1691 678 1758 718 ea:
1785 679 1888 733 quo
1928 662 2040 718 hare

464 750 607 819 facta
640 753 844 806 sunt".
888 770 905 804 ι
962 751 1117 816 Infra
1163 764 1340 808 autem
1385 763 1579 823 septem
1614 755 1725 808 dies
1767 764 1879 809 erat
1925 754 2039 809 dies

461 932 572 984 Καὶ
586 931 977 1002 πάλιν-Ἀρτος
999 929 1105 1002 ἄρα
1121 947 1216 984 κα·
1284 928 1356 986 Ει
1384 934 1575 986 iterum
1601 949 1620 987 :
1640 933 1837 1006 ’Δρτος
1867 947 1989 1002 ergo
2020 971 2036 996 ,

461 1021 736 1087 λεῖται,ὡς
752 1022 1073 1088 ὃὲδεικται,ὁ
1093 1024 1218 1087 ἄζυ-

465 1133 587 1188 μος.
622 1116 697 1171 Τὸ
723 1122 832 1188 γὰρ
859 1119 1027 1190 ἄρτος
1045 1119 1218 1188 ὄνομα

463 1206 622 1274 γένος
649 1207 730 1272 ὃν,
764 1206 857 1260 τοῦ
890 1224 948 1261 τε
981 1208 1216 1276 ὲνζύμου

463 1302 558 1355 καὶ
588 1301 796 1370 ἀζύμου
826 1301 1022 1372 ἐπίσης
1089 1319 1221 1356 κατ-

463 1398 764 1468 ηγορεῖται,
779 1399 936 1453 είδῶν
951 1397 1120 1452 ὄντων
1132 1398 1224 1452 αὖ·

460 1489 579 1546 τοῦ.
641 1490 829 1546 Ταῦτα
889 1492 1025 1562 πρὸς
1092 1490 1219 1554 τοὺς

463 1585 767 1656 ἡμετέρους
789 1586 916 1649 τοὺς
940 1584 1214 1653 λέγοντας,

463 1678 545 1732 ὅτι
569 1681 596 1733 6
618 1679 826 1749 ἀξυμος
847 1678 1031 1749 ἄρτος,
1056 1677 1218 1748 ἄρτος

463 1772 524 1826 οὐ
547 1772 787 1841 λέγεται.
841 1771 980 1842 Περὶ⁸
1020 1771 1077 1825 δὲ
1111 1770 1219 1825 τῶν

465 1861 712 1916 Λατίνων
760 1861 966 1930 σφόδρα
1017 1859 1117 1914 θαυ
1127 1861 1222 1931 pd-

466 1949 566 2018 ζω,
618 1954 674 2007 εἷ
706 1969 770 2022 γε
821 1953 935 2007 ἐστι
989 1969 1074 2017 τις
1115 1953 1222 2006 τῶν

466 2048 769 2121 ἐλλογίμων
838 2050 929 2102 τὸν
994 2048 1116 2114 ἕνζυ
1127 2066 1224 2120 μον

465 2141 629 2210 ἄρτον
784 2131 1036 2196 alaeam
1043 2159 1220 2213 μενος.

480 2232 622 2301 Ἐγὼ
684 2235 792 2307 γὰρ
870 2234 1147 2306 συνωμίλη
1157 2252 1226 2290 σα

469 2327 600 2396 περὶ
619 2327 718 2398 τῆς
757 2326 906 2392 θείας
940 2327 1225 2390 κοινωνίας

467 2422 583 2486 τοῖς
631 2420 874 2492 ἀρίστοις
911 2421 1019 2475 τῶν
1061 2419 1223 2475 Λατί-

467 2528 597 2578 νων,
644 2513 739 2568 καὶ
791 2514 990 2584 μέρους
1031 2513 1090 2566 οὐ
1133 2530 1222 2581 μι-

469 2603 603 2676 κροῦ
657 2603 977 2674 φιλοσοφίας
1020 2620 1080 2656 τε
1134 2605 1224 2657 καὶ

469 2696 747 2766 θεολογίας
781 2697 1104 2767 μετέχουσι,
1133 2697 1225 2748 καὶ

469 2786 620 2856 αὐτῷ
667 2786 747 2856 τῷ
795 2787 1084 2857 ἁγιωτάτῳ
1124 2804 1228 2839 πα-

468 2878 704 2951 τριάρχῃ
725 2877 974 2941 Βενετίας
990 2876 1228 2948 Ἐῤῥίκῳ

468 2972 550 3044 τῷ
594 2973 1014 3043 φιλοσοφωτάτῳ
1047 3013 1062 3038 ,
1133 2971 1227 3025 ἆτε

475 3063 714 3134 σπουδὴν
747 3063 846 3116 οὐκ
874 3062 1063 3133 ὀλίγην
1101 3065 1228 3134 περὶ

469 3153 582 3208 τῶν
607 3151 766 3208 θείων
791 3153 885 3207 καὶ
907 3152 1229 3223 ἐπιμέλειαν

473 3245 795 3317 κεκτημένῳ
825 3262 836 3276 ·
895 3245 992 3298 ἀλλ
1021 3245 1036 3267 ’
1077 3246 1228 3299 οὐδέ-

473 3337 606 3390 ποτέ
636 3353 784 3402 τινος
810 3337 1022 3408 ἤκουσα
1048 3337 1228 3406 γλῶσ-

476 3446 576 3483 σαν
629 3429 881 3499 ἀφιέντος
931 3432 1072 3486 κατὰ
1133 3430 1230 3501 τῆς

475 3522 764 3586 κοινωνίας
845 3523 1024 3594 ἡμῶν.
1105 3523 1230 3587 Πῶς

475 3615 584 3686 γάρ
607 3630 692 3679 τις
737 3615 848 3668 τῶν
899 3617 1078 3685 σοφῶν
1109 3617 1232 3670 τολο

479 3707 644 3779 μήσει
690 3708 831 3763 κατὰ
879 3709 980 3778 τῆς
1044 3707 1233 3762 πανιέ-

480 3815 575 3870 pou
642 3799 927 3863 κοινωνίας
989 3799 1233 3872 βλασφη-

481 3889 611 3960 μίαν
655 3893 852 3956 εἱπεῖν,
882 3891 1096 3946 ἀκούων
1135 3893 1230 3946 τοῦ

481 3981 754 4055 μακαρίου
783 3983 1107 4056 Γρηγορίου,
1133 3985 1228 4040 τοῦ

479 4077 840 4150 πεποιηκότος
871 4079 960 4134 τὸν
981 4081 1230 4149 διάλογον

477 4169 537 4224 ὲν
558 4167 636 4241 τῷ
669 4170 798 4242 περὶ
826 4170 923 4241 τῆς
944 4169 1093 4236 θείας
1118 4189 1232 4226 κοι-

479 4266 677 4330 νωνίας
699 4267 878 4339 λόγῳς

1287 1035 1378 1075 seu
1451 1022 1607 1090 panis
1673 1030 1913 1086 uocatur,
1982 1033 2040 1075 ut

1290 1123 1574 1178 ostensum,
1611 1128 1851 1182 azymus.
1895 1111 2040 1167 Nam

1289 1207 1441 1277 panis
1496 1221 1683 1260 nomen
1719 1220 1880 1275 genus
1920 1219 2040 1259 cum

1291 1303 1360 1357 sit
1402 1301 1581 1368 azymi
1626 1309 1676 1354 et
1715 1299 2039 1370 fermentati,

1291 1394 1566 1464 (equaliter
1611 1393 1936 1460 praedicatur
1979 1394 2043 1447 de

1289 1487 1486 1543 eisdem
1515 1531 1528 1552 ,
1575 1503 1694 1540 cum
1740 1488 1847 1542 sint
1896 1487 2041 1542 illius

1291 1582 1483 1648 species
1527 1580 1627 1648 la).
1662 1577 1730 1632 Et
1775 1578 1887 1634 luec
1926 1577 2044 1647 qui-

1289 1674 1407 1728 dem
1438 1672 1507 1726 ad
1540 1683 1781 1736 nostros,
1807 1672 1896 1740 qui
1923 1685 2046 1725 cou-

1275 1764 1509 1820 teudunt
1540 1779 1726 1833 panem
1761 1778 2005 1834 azgmum
2027 1803 2043 1829 ,

1292 1874 1480 1928 panem
1521 1855 1729 1929 (ἄρτον)
1767 1871 1871 1909 non
1916 1853 2042 1908 dici.

1296 1949 1371 2003 De
1398 1946 1604 2002 Latinis
1631 1962 1748 2002 vero
1777 1946 1904 1999 mihi
1943 1944 2046 1999 ad-

1295 2042 1511 2095 ntiratio
1545 2039 1706 2106 subit,
1747 2039 1792 2093 si
1819 2038 1935 2108 quis
1970 2038 2047 2091 in-

1297 2143 1374 2188 ter
1393 2151 1500 2196 eos,
1527 2132 1811 2186 dummodo
1841 2130 1906 2185 ab
1928 2145 2048 2186 eru-

1297 2224 1498 2280 ditione
1547 2223 1748 2278 alienus
1783 2238 1884 2275 non
1926 2232 2044 2286 est,

1295 2334 1481 2387 panem
1517 2317 1888 2385 fermentatum
1919 2315 2050 2369 vituo

1295 2425 1456 2484 peret.
1494 2411 1636 2466 Nam
1685 2427 1778 2482 ego
1815 2411 1880 2464 de
1913 2409 2043 2463 diri.

1297 2527 1366 2564 na
1392 2506 1754 2563 communione
1779 2521 1897 2560 cum
1939 2503 2049 2557 La-

1299 2600 1528 2652 tinorum
1587 2595 1821 2665 optimis,
1881 2595 2050 2663 iisque

1295 2705 1453 2759 quam
1546 2687 1790 2755 plurimis
1875 2700 2051 2738 rerum

1300 2782 1711 2850 theologicarum
1749 2787 1798 2833 et
1824 2777 2051 2845 philoso-

1299 2874 1574 2943 phicarum
1606 2873 1813 2941 peritis,
1843 2879 1894 2925 et
1935 2887 2054 2925 cum

1299 2967 1636 3021 sanctissimo
1716 2963 2053 3019 Venetiarum

1299 3060 1608 3130 patriarcha
1655 3057 1906 3122 Henrico,
1943 3058 2052 3112 viro

1299 3151 1713 3223 sapientissimo,
1731 3161 1780 3206 et
1803 3152 1947 3204 circa
1972 3166 2054 3205 res

1300 3228 1508 3301 divinas
1529 3244 1814 3300 admodum
1845 3244 2052 3299 studio-

1301 3354 1359 3394 so
1397 3349 1448 3392 et
1498 3335 1792 3408 diligenti:
1838 3345 1888 3390 et
1921 3351 2056 3389 nun-

1301 3445 1460 3500 quam
1482 3429 1652 3483 ullum
1683 3426 1864 3482 audivi
1901 3427 1954 3480 in
1973 3443 2057 3481 sa-

1303 3539 1450 3575 cram
1517 3530 1756 3575 nostram
1821 3535 2056 3575 commu-

1304 3617 1512 3672 nionem
1566 3616 1804 3686 linguam
1846 3615 2054 3671 laxare.

1305 3709 1425 3776 Qua
1469 3710 1608 3764 enim
1654 3709 1878 3774 ratione,
1903 3709 2052 3776 dum,

1302 3803 1457 3859 modo
1470 3802 1883 3873 sapiat,audebit
1901 3804 1953 3857 in
1967 3821 2056 3859 sa-

1302 3901 1660 3954 cratissimum
1717 3899 2057 3955 communio-

1302 4009 1417 4046 nem
1444 3991 1826 4062 blasphemiam
1848 4007 2055 4046 evome-

1302 4098 1379 4142 re.
1418 4083 1635 4138 audiens
1683 4083 1891 4137 beatum
1930 4083 2058 4139 Gre-
2091 4121 2094 4126 -

1301 4179 1528 4249 gorium,
1557 4178 1648 4247 qui
1673 4178 1913 4245 dialogos
1938 4195 2058 4232 con-

1301 4270 1556 4332 cinnavit,
1603 4269 1660 4323 in
1721 4271 1960 4325 oratione
1992 4269 2057 4325 de

1303 4361 1488 4416 dicina
1515 4361 1921 4419 communione?

2150 483 2258 537 Καὶ
2295 483 2510 553 πρῶτον
2553 481 2902 554 παρακαλοῦ-

2151 591 2250 644 μεν
2272 575 2415 644 ὑμᾶς
2462 576 2792 644 φιλονεικίας
2825 574 2900 645 μὴ

2147 660 2557 731 καταδέχεσθαι.
2585 662 2650 713 Ἥ
2659 663 2777 732 μείς
2794 661 2902 733 γὰρ

2145 757 2407 828 τοιαύτην
2459 757 2752 828 συνήθειαν
2799 755 2900 811 οὐκ

2147 851 2362 921 ἔχομεν,
2391 849 2564 921 οὕτεὴ
2599 849 2899 921 Ἐκκλησία

2145 943 2242 997 τοῦ
2295 943 2450 1003 Θεοῦ.
2504 941 2620 996 ἀλλ’
2673 943 2899 1013 είρήνην

2151 1037 2288 1108 μετὰ
2362 1036 2581 1090 πάντων
2649 1034 2866 1088 διώκειν
2882 1075 2897 1099 ,

2147 1130 2361 1201 ἔχοντες
2405 1131 2626 1200 είρήνην
2666 1127 2712 1181 Χ
2719 1126 2900 1200 ριστδν

2146 1222 2238 1276 τὸν
2301 1222 2561 1276 ποιοῦντα
2614 1219 2900 1293 ἀμφότερα

2146 1315 2226 1369 ἒν·
2252 1315 2346 1369 καὶ
2365 1314 2615 1380 ἀγαπᾶτε
2641 1313 2901 1376 Λατίνους

2148 1411 2342 1474 αὐτοὺς
2371 1409 2447 1474 ὡς
2473 1409 2753 1479 ἀδελφούς.
2781 1408 2904 1480 Ὀρ-

2150 1502 2352 1568 θὸδοξοι
2429 1500 2538 1572 γάρ
2619 1501 2746 1564 είσι,
2808 1501 2902 1554 καὶ

2148 1593 2314 1648 τέκνα
2345 1593 2444 1662 τῆς
2474 1591 2769 1662 καθολικῆς
2808 1593 2902 1646 καὶ

2149 1688 2516 1760 ἀποστολικῆς
2573 1687 2903 1757 Ἐκκλησίας

2147 1775 2334 1847 ὥσπερ
2363 1773 2543 1845 ὑμεῖς.
2575 1772 2642 1824 Al
2670 1770 2778 1840 γὰρ
2807 1768 2904 1840 ζη-

2145 1873 2335 1944 τήσεις
2391 1870 2570 1924 αὐτῶν
2623 1861 2903 1940 συνήθειαί

2145 1966 2290 2028 τινές
2329 1965 2467 2028 εἰσι,
2518 1961 2618 2030 τῆς
2667 1959 2902 2021 πίστεως

2151 2053 2412 2125 μηδαμῶς
2467 2049 2898 2119 καθαπτόμεναι.

2148 2147 2333 2202 Πάντα
2358 2145 2465 2216 γὰρ
2506 2141 2666 2206 καλὰ,
2701 2140 2794 2193 ἐὰν
2821 2139 2899 2204 εἰς

2147 2239 2302 2306 δόξαν
2331 2235 2467 2291 Θεοῦ
2505 2233 2768 2304 ποιοῦμεν
2799 2232 2900 2286 αὑ-

2147 2331 2234 2384 τά’
2267 2327 2420 2383 οὐδὲν
2470 2327 2579 2396 γὰρ
2628 2321 2752 2377 οὒτε
2793 2321 2901 2376 τῶν

2150 2423 2394 2479 Λατίνων
2471 2415 2900 2491 ὲκκλησιαστικὴ

2152 2518 2412 2591 συνήθεια
2432 2557 2446 2579 .
2501 2514 2638 2582 οὔτε,
2655 2513 2904 2586 ἡμετέρα

2152 2613 2255 2680 ἔξω
2306 2610 2399 2666 τοῦ
2449 2607 2616 2662 καλοῦ
2662 2606 2759 2661 καὶ
2807 2602 2901 2658 τοῦ

2153 2709 2457 2780 πρέποντος
2550 2701 2740 2772 εἴληφε
2808 2698 2903 2751 καὶ

2153 2802 2366 2873 κρατεῖ.
2415 2795 2578 2850 Ἀλλὰ
2629 2793 2902 2863 θειοτέρου

2153 2893 2369 2964 ἔχονται
2414 2887 2618 2944 σκοποῦ
2644 2887 2739 2940 καὶ
2783 2885 2905 2955 vei;-

2159 3002 2348 3058 ματος.
2377 2983 2502 3045 Τοῖς
2529 2975 2620 3036 οὖν
2649 2980 2908 3050 ἐχέφροσι

2157 3079 2334 3134 πάντα
2377 3075 2533 3148 ὀρθὰ,
2587 3075 2700 3136 τοῖς
2733 3071 2788 3126 δὲ
2832 3069 2907 3141 μὴ

2155 3171 2418 3234 τοιούτοις
2490 3165 2784 3223 σκάνδαλον
2843 3181 2904 3216 τε

2158 3267 2252 3321 καὶ
2283 3263 2637 3334 πρόσκομμα.

3619 371 3714 436 408

3046 484 3119 536 Ac
3145 468 3372 552 primum
3399 483 3602 554 quidem
3633 503 3713 541 vos

2974 576 3350 641 adhortantur,
3392 590 3448 633 ut
3491 580 3715 635 alienum

2974 661 3212 714 animum
3239 677 3272 714 a
3303 662 3712 720 contentionibus

2972 753 3234 808 habeatis.
3280 751 3396 806 Hoc
3441 755 3578 808 enim
3617 771 3715 809 mo-

2970 846 3046 900 ris
3071 847 3240 900 nostri
3285 862 3388 898 non
3418 855 3531 912 est,
3567 863 3716 915 neque

2971 936 3067 992 Dei
3106 938 3379 1004 Ecclesite,
3413 939 3503 992 sed
3547 953 3717 1008 pacem

2969 1033 3207 1103 persequi
3263 1047 3383 1086 cum
3449 1033 3682 1086 omnibus
3700 1071 3714 1094 .

2969 1135 3155 1190 pacem
3211 1117 3485 1174 Christum
3551 1119 3717 1187 possi-

2971 1212 3151 1264 dentes
3195 1209 3284 1278 qui
3328 1209 3459 1278 facit
3502 1217 3718 1276 utraque

2971 1316 3132 1354 unum
3155 1301 3235 1367 7°;
3257 1309 3304 1355 et
3327 1299 3544 1353 Latinos
3569 1299 3640 1352 ita
3662 1307 3718 1352 ut

2973 1393 3168 1463 fratres
3269 1392 3497 1463 diligite.
3570 1389 3720 1445 Recte

2971 1488 3111 1542 enim
3178 1485 3244 1540 de
3299 1484 3404 1554 ﬁde
3454 1483 3719 1546 sentiunt,

2971 1593 3194 1652 suntque
3217 1621 3234 1647 ,
3287 1578 3720 1651 quemadmodum

2972 1687 3022 1732 et
3078 1693 3194 1740 nos,
3240 1673 3513 1729 catholica:
3573 1681 3721 1742 atque

2974 1770 3282 1840 apostolica:
3305 1766 3554 1822 Ecclesia:
3596 1764 3716 1833 ﬁlii.

2976 1865 3306 1931 Qumstiones
3335 1862 3471 1915 enim
3501 1861 3718 1923 eiusmo-

2973 1959 3028 2014 di
3095 1973 3252 2012 mera!
3325 1951 3717 2010 consuetudines

2971 2059 3112 2113 sunt,
3143 2064 3260 2119 qum
3287 2046 3419 2100 nihil
3447 2045 3602 2114 [idem
3627 2043 3718 2096 law

2969 2144 3121 2198 dant.
3206 2140 3400 2196 Omnia
3467 2136 3716 2206 siquidem

2973 2237 3128 2302 bona,
3177 2234 3224 2288 si
3261 2233 3317 2286 in
3358 2229 3581 2302 gloriam
3629 2229 3719 2283 Dei

2970 2328 3304 2398 dirigantur,
3365 2322 3596 2392 nihilque
3666 2321 3719 2373 iu

2973 2420 3281 2474 Latinorum
3302 2411 3561 2480 Ecclesia,
3585 2413 3721 2483 quod

2974 2515 3029 2569 in
3077 2529 3174 2566 usu
3228 2512 3320 2570 sit.
3379 2524 3539 2576 neque
3581 2505 3719 2574 apud

2975 2625 3091 2672 nos,
3123 2601 3258 2673 quod
3297 2618 3328 2654 a
3357 2611 3495 2654 recto
3535 2595 3722 2651 decoro

2975 2701 3042 2754 sit
3083 2697 3337 2757 alienum,
3373 2691 3522 2744 habet
3552 2689 3721 2758 ﬁrmi-

2976 2801 3133 2847 tatem
3155 2799 3203 2844 ct
3226 2789 3399 2842 robur.
3455 2784 3555 2838 Sed
3591 2783 3725 2836 diri—

2977 2886 3122 2938 uiore
3159 2883 3261 2950 [ine
3293 2891 3338 2932 et
3381 2874 3724 2944 intelligentia

2977 2975 3267 3031 constituta
3307 2979 3451 3025 sunt.
3484 2966 3724 3021 Pruden-

2981 3069 3119 3124 tibus
3163 3068 3336 3132 itaque
3371 3062 3546 3116 omnia
3583 3068 3727 3113 recta

2979 3170 3123 3224 sunt,
3167 3157 3288 3212 aliis
3339 3172 3456 3210 vero
3497 3153 3728 3208 scanda-

2977 3258 3086 3311 lum
3110 3265 3157 3310 et
3189 3251 3577 3323 o/fendiculum.

2233 3356 2431 3413 Ultima
2465 3355 2579 3409 haec
2608 3349 2904 3408 Theoriani
2935 3348 3180 3420 cpistola:
3209 3346 3371 3401 verba
3394 3341 3726 3402 Turriauus,
3809 3351 3818 3356 ·

2157 3465 2284 3507 cum
2315 3448 2524 3506 Graece.
2565 3453 2680 3498 tum
2734 3441 2926 3497 Latine
2970 3441 3166 3496 reeitat
3207 3441 3262 3493 in
3312 3451 3413 3492 sua
3465 3433 3730 3488 lucubra-

2157 3544 2303 3599 tione
2339 3539 2394 3595 in
2424 3536 2675 3594 Canones
2706 3532 3106 3604 apostolorum,
3149 3545 3204 3600 p.
3244 3529 3331 3592 70,
3364 3526 3454 3581 ubi
3497 3537 3733 3594 praemo-

2158 3641 2268 3694 net,
2296 3629 2600 3688 secundum
2651 3625 2819 3696 hujus
2864 3625 3110 3678 auctoris
3154 3620 3467 3692 opinionem
3517 3615 3731 3670 idcirco

2158 3723 2378 3780 Graecos
2406 3735 2512 3776 non
2540 3718 2792 3789 jejunare
2823 3714 3086 3781 Sabbato,
3120 3712 3248 3784 quia
3276 3725 3339 3764 ea
3369 3705 3732 3764 hebdomadis

2158 3819 2248 3872 die
2279 3811 2795 3882 anintazjustorum,
2827 3823 2952 3864 cum
2983 3806 3053 3862 ad
3084 3805 3207 3860 illos
3241 3801 3510 3857 Dominus
3549 3797 3616 3852 ad
3642 3797 3732 3850 in-

2159 3911 2307 3966 feros
2341 3903 2745 3968 descendisset,
2776 3901 2906 3958 inde
2932 3899 3175 3955 liberata).
3205 3896 3448 3952 luerunt.
3475 3893 3596 3946 Non
3633 3904 3731 3944 so-

2159 4005 2269 4058 lum
2297 4000 2442 4056 enim
2483 3996 2552 4053 de
2582 3993 2789 4066 azymis
2833 3989 3179 4047 Theorianus
3212 3987 3279 4041 ad
3329 3983 3648 4042 sacerdotes
3675 3988 3734 4034 et

2159 4091 2460 4148 monachos
2495 4088 2765 4144 montium
2797 4084 3010 4140 incolas
3048 4081 3370 4152 scripserat,
3408 4071 3729 4148 [LXXXIX]

2157 4199 2348 4240 verum
2385 4181 2551 4237 etiam
2582 4179 2652 4236 de
2684 4176 2917 4250 jejuniis
2942 4185 2997 4231 et
3034 4174 3160 4230 aliis
3200 4171 3523 4226 Latinorum
3559 4164 3734 4220 mori-

2158 4274 2282 4341 bus,
2312 4287 2452 4344 quos
2489 4269 2830 4327 schismatici
2861 4265 3037 4322 Graeci
3096 4261 3423 4333 carpebant,
3455 4253 3731 4328 quemad-

2153 4369 2375 4422 modum
2405 4364 2714 4420 Turrianus
2734 4368 2789 4418 et
2811 4358 3052 4414 Allati-us
3074 4354 3353 4413 testiﬁcati
3382 4359 3531 4408 sunt.
3560 4347 3734 4418 Atqui

549 4451 803 4522 Gregorii
832 4449 1009 4522 Magni
1041 4452 1452 4522 pronuntiatum
1481 4453 1666 4508 omisit
1691 4452 1921 4508 Allatius
1953 4471 1966 4507 :
2002 4462 2056 4508 at

480 4559 657 4600 vanus
689 4543 1030 4611 conjectator
1066 4544 1194 4610 sim,
1247 4544 1351 4601 nisi
1390 4541 1734 4600 Theorianus
1767 4545 2056 4601 sanctissi-

482 4649 632 4688 mum
662 4634 973 4705 pontiﬁcem
1007 4636 1074 4691 ad
1126 4635 1501 4692 testimonium
1536 4635 1805 4700 citaverit,
1834 4645 2056 4708 propter

482 4725 723 4795 amplum
747 4725 902 4780 illum
935 4726 1114 4781 locum
1135 4741 1297 4796 quem
1325 4725 1498 4781 nostri
1523 4727 1909 4794 praulicatores
1940 4735 2059 4782 tan-

482 4832 646 4888 quam
677 4819 927 4891 Gregorii
958 4834 1101 4885 esse,
1133 4830 1189 4874 et
1216 4835 1282 4873 ex
1317 4819 1438 4888 ejus
1477 4818 1594 4873 Vita
1621 4822 2059 4890 transsumptum

483 4912 540 4966 iu
591 4917 828 4966 tractatu
887 4918 1080 4965 contra
1139 4909 1360 4964 Grmcos
1410 4909 1736 4978 allegarunt,
1786 4924 2061 4979 quemque

479 5002 593 5073 jam
679 5012 806 5057 ante
881 5002 1152 5074 integrum
1223 5001 1532 5056 retulimus.
1627 4999 1857 5067 Quando
1929 5016 2062 5057 vero

484 5106 741 5164 magnam
773 5101 980 5161 partem
1010 5091 1256 5162 epistola:
1284 5089 1576 5145 Theoriani
1614 5092 1861 5155 recitavi,
1909 5091 2053 5145 haud

483 5185 760 5254 ingratum
787 5182 1082 5238 lectoribus
1106 5181 1223 5237 fore
1245 5181 1506 5248 arbitror,
1531 5181 1576 5236 si
1605 5181 1724 5252 ejus
1752 5183 2052 5252 epilogum,

489 5276 584 5346 (ut
615 5284 844 5331 autumo
873 5272 948 5349 [b]
969 5277 1009 5346 ),
1047 5273 1138 5329 hic
1169 5271 1444 5342 adjecero,
1463 5288 1621 5343 quem
1652 5273 1794 5328 idem
1819 5272 2056 5328 Allatius

481 5367 628 5423 circa
658 5368 1069 5425 dissertationis
1096 5381 1208 5420 sua:
1236 5366 1396 5420 tinent
1441 5363 1633 5419 edidit.

554 5547 599 5580 '9
634 5544 767 5601 Luc.
795 5561 946 5610 xxw,
983 5546 1071 5600 21.
1152 5546 1195 5575 ⁷⁰
1223 5546 1420 5614 Epltes.
1449 5565 1508 5612 ιι,
1535 5546 1622 5601 Η.

560 5707 636 5775 (η)
663 5705 955 5775 Hucusque
986 5705 1038 5759 in
1061 5714 1295 5759 tractatu
1314 5708 1379 5762 ad
1411 5707 1661 5772 Graecos;
1690 5719 1808 5776 quae
1826 5719 2059 5776 sequun-

487 5784 577 5832 tur
604 5777 873 5832 habentur
906 5777 1046 5846 apud
1087 5779 1364 5850 Allatium.

2152 4459 2208 4515 in
2225 4457 2545 4529 fragmentis
2573 4455 2726 4510 illius
2754 4451 3001 4523 epistola:
3030 4463 3153 4520 quae
3180 4445 3531 4518 protulimus,
3551 4441 3739 4494 anim-

2151 4550 2440 4606 advertere
2505 4547 2697 4611 licuit,
2743 4560 2853 4600 non
2933 4541 3098 4598 modo
3150 4536 3616 4609 sapientissimum
3679 4541 3744 4587 et.

2152 4635 2529 4708 aequissimum
2565 4634 2854 4705 scriptoris
2889 4631 3158 4700 judicium
3209 4627 3277 4684 de
3331 4625 3538 4698 azymis
3573 4622 3746 4694 punio

2157 4731 2262 4786 bus
2286 4747 2302 4796 ;
2331 4743 2518 4784 verum
2555 4727 2722 4781 etiam
2741 4725 2808 4780 de
2829 4721 3198 4780 eucharistica
3230 4713 3744 4773 transsubstantia-

2157 4823 2308 4877 tione
2342 4819 2722 4876 testimonium
2755 4817 2999 4887 elegans,
3044 4830 3154 4885 quo
3193 4813 3516 4867 obstruatur
3547 4822 3610 4861 os
3648 4821 3750 4860 re-

2158 4912 2465 4967 centiorum
2499 4910 2906 4976 haereticorum,
2931 4907 3025 4978 qui
3058 4903 3394 4960 Orientalem
3430 4898 3750 4954 Ecclesiam

2159 5020 2190 5059 a
2221 5003 2597 5058 Romanorum
2635 5001 2740 5057 [ide
2767 5001 2871 5056 hoc
2901 5002 2955 5055 in
2993 4997 3173 5070 capite
3209 4994 3486 5068 quondam
3517 4991 3750 5046 discre-

2161 5107 2322 5164 passe
2350 5092 2717 5147 amrmarunt.
2750 5089 2850 5146 Hic
2883 5104 3052 5161 porro
3100 5086 3448 5142 Theorianus
3489 5080 3756 5152 philoso-

2161 5187 2326 5258 phus,
2363 5198 2712 5259 nequaquam
2766 5181 3074 5238 censendus
3122 5188 3207 5236 est
3260 5177 3400 5231 alter
3447 5174 3621 5228 fuisse
3671 5171 3758 5226 ab

2161 5276 2276 5340 illo,
2307 5274 2468 5344 cujus
2519 5280 2700 5329 exstat
2761 5270 2976 5343 Legatio
3031 5267 3100 5323 ad
3147 5268 3426 5331 Armenos,
3473 5262 3540 5318 ad
3591 5274 3759 5331 quos

2163 5363 2368 5422 missus
2397 5365 2501 5420 fuit
2532 5365 2601 5421 ab
2629 5365 2957 5434 imperatore
2985 5360 3234 5416 Manuele
3267 5358 3572 5414 Comnenu.
3596 5351 3760 5407 Nam

2237 5702 2312 5770 (ὁ)
2345 5701 2546 5759 Recole
2585 5703 2922 5773 prmlationis
2959 5719 3111 5758 num.
3147 5701 3266 5770 XX,
3304 5702 3396 5759 ubi
3427 5698 3591 5773 hujus
3617 5695 3770 5770 epi-

2164 5776 2316 5832 stolae
2339 5775 2625 5832 exordium
2653 5774 2842 5830 Latine
2865 5774 3177 5831 exhibetur.
