3974 6338
227 390 338 457 4ου

157 515 161 518 ’
233 507 294 560 in
323 504 513 561 eadem
562 498 850 571 Legatione
882 497 951 552 ad
1003 499 1257 555 Armenos
1310 499 1660 557 Theorianus
1698 515 1810 557 non

231 597 405 653 semel
439 594 755 666 philosophi,
793 593 1020 666 perinde
1050 594 1460 663 nuncupatione
1488 594 1806 664 insignitur.

236 689 466 758 Insuper
496 687 770 743 Henricus
822 687 911 743 ille
945 684 1281 741 Venetorum
1316 685 1651 755 patriarcha,
1687 684 1811 754 qui-

233 794 362 834 cum
395 777 1133 848 Theorianusxphilosophus
1176 776 1232 830 in
1268 776 1601 847 colloquium
1633 790 1694 831 se
1716 789 1811 829 ve-

235 872 392 927 nisse
448 871 544 937 ait,
570 869 840 926 Henricus
890 878 976 926 est
1024 868 1324 933 Dandolns,
1357 870 1476 939 qui,
1516 875 1576 923 ut
1619 875 1811 923 narrat

238 962 505 1034 Ughellus
539 962 642 1033 (α),
684 961 1026 1017 Gradensem
1076 962 1253 1017 tenuit
1307 961 1491 1016 sedem
1546 960 1616 1016 ab
1665 973 1811 1015 anno

236 1061 381 1115 1150
410 1060 477 1115 ad
512 1058 668 1123 "82,
720 1073 830 1129 quo
861 1067 1106 1128 tempore
1137 1055 1352 1111 Manuel
1396 1054 1603 1110 Graecis
1641 1054 1813 1123 impe-

236 1151 464 1207 ritabat.
490 1149 832 1217 Theorianus
890 1148 1098 1218 itaque,
1137 1161 1260 1202 eum
1314 1160 1444 1216 erga
1492 1144 1813 1199 Latinorum

238 1257 415 1311 panes
445 1256 666 1314 azymos
692 1241 833 1296 bene
855 1238 1085 1295 affectus
1103 1246 1271 1303 esset,
1300 1237 1506 1293 idcirco
1526 1233 1813 1306 pangendo

238 1333 426 1389 fcedus
473 1348 600 1389 cum
633 1333 887 1389 Armenis
913 1374 929 1399 ,
972 1331 1040 1387 de
1074 1345 1267 1387 eorum
1315 1329 1523 1401 azymis
1586 1327 1815 1383 minime

236 1423 636 1494 disputandum
710 1424 952 1479 censuit.
1026 1421 1183 1477 Unde
1240 1428 1433 1475 contra
1493 1418 1810 1480 novellam,

236 1516 550 1586 quamlibet
618 1516 1091 1585 receptissimam,
1145 1512 1523 1569 Graeculorum
1586 1523 1813 1565 suorum

238 1605 584 1677 Opinionem,
634 1605 881 1676 agnoscit
929 1604 1207 1659 Christum
1256 1600 1466 1657 Pascha
1520 1599 1692 1670 legale
1759 1597 1816 1652 in

240 1704 523 1766 postrema
571 1709 729 1751 creua
793 1694 974 1763 parari
1030 1695 1268 1763 iussisse
1341 1700 1398 1747 et
1458 1688 1767 1745 comedisse
1795 1727 1811 1751 ,

243 1804 360 1858 quo
385 1788 725 1859 significaret
754 1803 813 1843 se
865 1787 1178 1857 subjectum
1222 1799 1346 1841 esse
1383 1784 1513 1853 legi,
1545 1789 1819 1852 quatenus

245 1882 413 1935 homo
440 1888 579 1935 erat.
630 1879 694 1934 Ei
725 1881 759 1949 ἡ
820 1878 1020 1950 βρῶσις
1065 1876 1160 1930 τοῦ
1192 1876 1419 1946 Πάσχα,
1460 1874 1665 1944 inquit,
1711 1871 1820 1926 τῶν

244 1973 357 2027 ὑπὸ
385 1973 551 2042 νόμον
579 1972 696 2025 ἑστι
726 1988 740 2002 ο
785 1970 844 2026 Si
874 1970 1214 2025 manducatio
1250 1968 1491 2033 Paschte,
1524 1969 1592 2021 ad
1620 1984 1706 2022 eos
1733 1966 1823 2037 qui

249 2065 354 2134 legi
383 2064 610 2132 subjecti
630 2073 820 2125 essent,
853 2062 1162 2130 spectabat:
1199 2061 1454 2115 Dominus
1487 2068 1661 2114 autem
1692 2074 1823 2128 qua-

250 2166 403 2211 tenus
437 2156 591 2211 homo
624 2164 756 2219 erat,
787 2172 888 2208 non
923 2164 1176 2224 quatenus
1227 2152 1386 2215 Deus,
1418 2151 1684 2220 subjectus
1721 2148 1823 2217 fuit

250 2250 355 2317 legi
396 2263 417 2302 ξ
474 2248 582 2318 ἄρα
631 2247 765 2300 καθὸ
816 2247 1103 2317 ἄνθρωπος
1160 2244 1319 2316 ἦθελε
1359 2245 1554 2313 φαγεῖν
1610 2243 1671 2295 τὸ
1717 2242 1827 2295 Πά-

254 2355 394 2407 σχα’
426 2354 549 2408 ergo
577 2348 832 2407 quatenus
864 2336 1019 2390 homo
1058 2344 1195 2400 erat,
1226 2334 1375 2389 edere
1399 2333 1559 2388 voluit
1592 2331 1821 2386 Pascha.

252 2427 413 2493 Quod
442 2427 663 2495 quidem
690 2433 1074 2495 argumentum
1100 2431 1380 2479 mutuatus
1408 2430 1491 2478 est
1520 2422 1610 2476 hic
1637 2429 1829 2475 auctor

252 2535 317 2573 es
348 2518 571 2586 dialogo
623 2518 797 2572 sancti
855 2516 1073 2570 Maximi
1124 2530 1251 2570 cum
1303 2513 1537 2585 Pyrrho.
1592 2510 1666 2565 Es
1719 2524 1829 2580 quo

254 2607 487 2679 proinde
526 2607 711 2678 colligi
743 2613 940 2676 potest,
964 2621 1088 2661 enm
1125 2606 1273 2660 ultro
1296 2617 1688 2659 concessurum
1726 2601 1829 2655 Ar-

254 2699 438 2752 menis
469 2697 660 2761 fuisse,
704 2697 991 2753 Dominum
1030 2712 1220 2768 azymo
1251 2711 1414 2764 pane,
1448 2710 1558 2749 non
1593 2693 1828 2749 fermen-

257 2793 378 2838 tato
408 2783 813 2840 Eucharistiam
841 2785 1171 2841 confecisse.
1197 2784 1304 2841 Sed
1339 2784 1645 2839 catholicus
1672 2781 1830 2837 Nicr-

253 2890 346 2930 ses
374 2875 556 2930 satius
588 2875 656 2930 de
683 2876 787 2931 fide
810 2890 974 2944 quam
998 2876 1066 2930 de
1096 2875 1298 2931 ritibus
1332 2876 1416 2930 his
1451 2875 1507 2929 in
1539 2872 1828 2943 colloquiis

250 2968 527 3036 agendum
558 2968 949 3037 pronuntiavit.
969 2966 1237 3022 Caeterum
1263 2967 1464 3022 sarculo
1494 2964 1828 3035 insequenti,

251 3056 561 3129 Gregorius
610 3057 843 3113 Silensis
894 3058 1216 3114 Catholicus
1265 3060 1406 3112 alter
1444 3058 1828 3121 Armenorum,

249 3152 487 3223 epistola
521 3151 586 3206 ad
610 3150 909 3224 Gaytouem
942 3153 1040 3221 (ὁ),
1067 3152 1187 3222 qui,
1227 3152 1457 3207 dimisso
1491 3164 1682 3221 regno,
1714 3163 1834 3204 mo-

255 3240 532 3295 nasticam
558 3239 723 3293 vitam
751 3240 1010 3310 elegerat,
1045 3239 1217 3295 refert
1254 3246 1586 3310 prazceptum
1618 3235 1832 3291 Niersis

252 3332 377 3403 (qui
416 3346 544 3387 cum
574 3329 923 3387 Theorianus
950 3332 1018 3386 de
1049 3329 1379 3401 paciscenda
1402 3329 1604 3385 unione
1623 3326 1831 3398 egerat)

252 3438 370 3494 quo
394 3422 674 3478 ferebatur
699 3422 1041 3477 miscendam
1064 3436 1189 3478 esse
1222 3436 1348 3477 cum
1369 3420 1502 3474 vino
1543 3433 1739 3489 aquam
1776 3417 1832 3472 in

254 3513 458 3577 missa,
491 3518 660 3582 atque
689 3512 880 3566 eadem
928 3513 1044 3583 lege
1100 3512 1310 3567 servari
1345 3509 1545 3565 debere
1582 3522 1830 3580 azymum

255 3611 487 3674 propter
557 3603 914 3659 inveteratam
973 3601 1473 3666 consuetudinem;
1532 3607 1595 3654 ut
1649 3608 1833 3654 tamen

256 3695 583 3765 neutiquam
616 3694 1168 3764 reprehenderentur,
1198 3692 1294 3764 qui
1325 3693 1654 3748 fermentum
1680 3690 1836 3746 adhi-

256 3787 477 3843 berent.
508 3784 798 3841 Enimvero
833 3795 1041 3856 septem
1087 3786 1250 3840 annis
1287 3798 1318 3837 a
1349 3784 1620 3853 legatione
1652 3781 1835 3836 Theo-

260 3875 429 3938 riani,
482 3875 589 3930 hoc
628 3884 715 3930 est
749 3889 895 3930 anno
930 3875 1090 3939 1177,
1144 3875 1200 3928 in
1254 3872 1494 3928 concilio
1548 3870 1832 3936 Tarsensi,

259 3968 428 4037 cujus
459 3975 583 4022 acta
617 3965 862 4023 Galauus
888 3966 1083 4033 edidit,
1123 3982 1249 4022 cum
1280 3966 1458 4023 Graeci
1502 3974 1609 4021 art.
1642 3965 1701 4031 ϐ,
1730 3968 1836 4020 Ar-

262 4059 446 4113 menia
469 4059 889 4128 proposuissent
911 4057 1008 4129 (c),
1031 4067 1093 4113 ut
1113 4074 1253 4128 pane
1276 4058 1604 4115 fermentato
1633 4067 1687 4114 et
1708 4058 1838 4113 viuo

262 4149 353 4203 cui
386 4147 629 4203 admista
655 4158 800 4204 esset
833 4163 1000 4219 aqua,
1027 4149 1289 4219 deinceps
1321 4150 1468 4219 apud
1496 4164 1593 4205 eos
1622 4148 1837 4203 Eucha-

266 4239 424 4295 ristia
474 4241 651 4307 ﬁeret,
693 4241 764 4296 ab
814 4239 928 4295 illis
961 4255 1290 4310 responsum
1321 4247 1446 4297 est:
1496 4239 1655 4297 Circa
1701 4241 1837 4296 hunc

262 4332 560 4386 articulum
590 4333 908 4389 Reverentia:
936 4346 1125 4390 uestrae
1162 4335 1469 4401 suademus,
1508 4347 1566 4390 ut
1587 4337 1836 4390 nimirum

265 4440 385 4477 CIIII
419 4424 717 4491 apostolica
740 4424 859 4479 sede
888 4424 1058 4489 Petri,
1092 4435 1144 4480 et
1172 4441 1291 4480 cum
1328 4437 1512 4480 nostra
1540 4426 1840 4483 humilitate

262 4515 554 4570 concordes
578 4517 898 4586 eﬁiciamini,
946 4526 1100 4588 atque
1136 4519 1215 4572 ita
1244 4519 1495 4573 submissi
1526 4519 1689 4588 legem
1716 4521 1840 4574 cha-

266 4608 453 4661 ritatis
478 4607 806 4662 instauretis.
836 4606 974 4662 Sunt
1011 4608 1151 4662 enim
1179 4608 1284 4672 illi,
1316 4624 1420 4663 non
1456 4624 1607 4663 secus
1633 4625 1696 4662 ac
1719 4625 1837 4676 nos,

263 4698 582 4766 apostolica:
622 4698 780 4770 huius
829 4699 1135 4755 traditionis
1180 4700 1448 4770 discipuli,
1484 4716 1603 4754 cum
1649 4702 1839 4772 quibus

262 4803 313 4845 et
338 4807 443 4844 nos
485 4806 730 4860 asgmum
781 4806 968 4859 panem
1019 4791 1072 4843 in
1103 4789 1304 4846 Christi
1353 4793 1623 4861 sacriﬁcio
1663 4809 1842 4849 conse-

264 4896 514 4936 eramus.
540 4881 692 4948 Quod
718 4883 765 4936 si
797 4892 1000 4936 tantam
1040 4882 1184 4936 vobis
1222 4883 1580 4938 humilitatem
1632 4901 1844 4939 conces-

264 4973 397 5026 serit
435 4971 597 5036 Deus,
623 4981 680 5025 ut
707 4971 881 5025 hacin
913 4987 969 5026 re
1010 4972 1281 5026 nobiscum
1315 4975 1659 5040 conveniatis,
1693 4975 1841 5030 debi-

268 5073 379 5115 tum
410 5061 567 5114 nobis
615 5063 735 5127 erit,
783 5079 847 5117 ne
879 5064 1005 5132 quid
1055 5063 1315 5117 obstaculi
1351 5063 1600 5119 Ecclesia:
1648 5067 1843 5121 unitati

266 5158 596 5219 apponatur,
630 5167 822 5221 aquam
860 5153 980 5207 uino
1018 5168 1151 5223 puro
1195 5154 1462 5208 miscendo
1502 5154 1572 5208 ad
1615 5156 1842 5224 gloriam

336 5332 535 5390 XLIII.
570 5333 940 5412 Dudum-gnte
976 5335 1349 5393 Theorianum
1376 5337 1840 5412 Theophylactus,

267 5439 333 5477 ac
364 5428 720 5494 postmodum
772 5427 1080 5484 Demetrius
1127 5427 1528 5496 Chomatenus,
1574 5430 1841 5505 Bulgaro-

266 5529 395 5572 rum
419 5516 825 5589 archiepiscopi
856 5526 910 5573 et
939 5519 1324 5589 metropolitaz,
1354 5521 1501 5577 ultro
1542 5521 1678 5580 fassi
1714 5533 1845 5582 sunt

341 5720 427 5789 (α)
459 5717 623 5789 Italia
648 5736 824 5789 sacra,
858 5732 896 5774 t.
926 5719 993 5781 ν.
1023 5736 1074 5789 p.
1106 5720 1261 5777 H92.

353 5788 440 5858 (tu)
471 5788 667 5846 Calan.
704 5788 780 5845 De
802 5789 907 5844 reb.
940 5788 1090 5846 Eccl.
1123 5792 1295 5859 Arm.,
1328 5808 1381 5863 p.
1408 5793 1532 5852 H9.

1558 390 2062 455 DISSERTATIO
2086 392 2184 458 VI.

3383 393 3488 457 410

1913 520 2233 576 azymorum
2268 520 2471 576 panum
2506 504 2987 563 consecrationem
3026 504 3161 559 lauti
3213 519 3322 559 non
3362 520 3490 561 esse

1912 595 2204 660 momenti,
2253 602 2314 648 ut
2362 596 2433 649 ob
2488 610 2613 650 eum
2671 594 2837 649 ritum
2887 595 3189 650 Orientalis
3240 594 3489 650 Ecclesia

1913 686 2168 743 abscindi
2208 687 2276 741 ab
2310 685 2652 742 Occidentali
2690 686 2963 740 debuerit.
2996 687 3299 741 Amborum
3334 687 3490 740 testi-

1911 778 2097 832 monia
2131 778 2448 831 communia
2471 783 2526 830 et
2553 778 2683 831 trita
2715 783 2868 841 sunt,
2900 783 3227 844 exstantque
3273 778 3328 830 in
3366 777 3491 845 jure
3544 840 3547 841 ν

1910 867 2412 931 Graeco—Romano,
2437 867 2534 922 ubi
2559 867 2662 938 legi
2689 874 2945 937 possunt.
2986 867 3219 931 Quando
3250 882 3384 921 vero
3425 868 3493 920 de

1913 971 2092 1015 mente
2126 957 2527 1029 Theophylacti
2556 958 2706 1012 circa
2746 970 2936 1028 azyma
2965 955 3283 1010 Latinorum
3312 971 3493 1010 sermo
3554 964 3559 975 ‘

1913 1051 2130 1117 incidit,
2190 1051 2281 1106 hic
2340 1051 2763 1122 praetermittere
2808 1065 2920 1104 non
2966 1063 3195 1118 possum
3258 1045 3492 1101 θηρευιί

1913 1145 2205 1211 cujusdam
2265 1144 2475 1199 librarii
2540 1141 2826 1205 fraudem,
2881 1140 2977 1210 qui
3030 1138 3494 1194 commentarium

1914 1235 2038 1307 ejus
2061 1235 2115 1289 in
2142 1234 2499 1304 Evangelium
2538 1231 2776 1287 Matthaci
2814 1230 2962 1286 finde
2993 1229 3266 1299 corrupit,
3299 1227 3393 1283 ubi
3428 1228 3498 1283 de

1916 1343 2174 1399 supremo
2222 1325 2426 1381 Christi
2456 1325 2729 1380 Paschate
2772 1324 3065 1394 agebatur.
3122 1320 3252 1377 ilice
3296 1319 3497 1391 depra-

1914 1424 2066 1475 vatio
2101 1420 2155 1474 in
2186 1418 2352 1474 editis
2386 1424 2671 1489 comparet
2702 1416 2770 1470 ad
2817 1429 2937 1485 cap.
2973 1430 3105 1469 xxvi
3156 1414 3374 1476 Matth,
3405 1414 3498 1467 ubi

1917 1513 1999 1568 sic
2034 1512 2309 1582 legimus:
2356 1510 2592 1581 Πρώτην
2635 1508 2745 1562 τῶν
2786 1507 3043 1578 ’Δζύμων
3085 1506 3184 1577 τὴν
3236 1506 3342 1577 πρὸ
3390 1505 3501 1558 τῶν

1928 1603 2178 1675 Ἀζύμων
2209 1604 2371 1675 φησὶν
2417 1603 2652 1674 ἡμέραν.
2700 1597 2826 1655 Οἷόν
2859 1618 2909 1653 τι
2972 1600 3150 1668 λέγω·
3186 1601 3264 1670 Τῇ
3312 1599 3501 1667 Παρα-

1919 1700 2088 1769 σκευῇ
2141 1697 2383 1766 ἑσπέρας
2437 1694 2663 1766 ἔμελλον
2694 1696 2893 1747 ἑκεῐνοι
2940 1693 3137 1761 φαγεῖν
3182 1692 3243 1744 τὸ
3273 1691 3497 1760 Πάσχα·

1917 1789 2014 1844 καὶ
2055 1788 2195 1860 αὕτη
2227 1788 2476 1842 ἐκαλεῖτο
2522 1786 2630 1840 τῶν
2680 1784 2954 1856 Ἀζύμων.
3001 1784 3071 1837 '0
3110 1782 3244 1852 γοῦν
3296 1782 3502 1852 Κύριος

1917 1881 2128 1951 πέμπει
2156 1880 2283 1944 τοὺς
2320 1878 2569 1949 μαθητὰς
2602 1879 2669 1947 τῇ
2701 1876 2931 1949 πέμπτῃ
2958 1876 3024 1946 ἢν
3058 1875 3319 1944 ὀνομάζει
3347 1875 3375 1926 ὁ
3410 1876 3501 1927 εὐ-

1919 1972 2249 2042 αγγελιστὴς
2280 1969 2505 2042 πρώτην
2529 1969 2641 2022 τῶν
2673 1970 2799 2033 Ἃζύ
2809 1988 2948 2040 μων,
2974 1968 3050 2032 ὡς
3076 1968 3181 2040 πρὸ
3209 1968 3307 2037 τῆς
3337 1967 3498 2020 ἑσπέ-

1926 2085 2020 2139 ρας
2060 2062 2224 2122 οὖσαν
2252 2065 2374 2121 καθ’
2405 2066 2471 2137 ἢν
2499 2065 2736 2133 ἑσπέραν
2766 2064 2954 2135 ἤσοιον
2997 2064 3057 2117 τὸ
3090 2062 3288 2131 Πάσχα
3317 2078 3331 2093 ·
3379 2060 3501 2113 Pri-

1924 2177 2068 2216 mum
2127 2176 2440 2230 azymorum
2496 2167 2648 2213 vocat
2702 2174 2819 2211 eam
2872 2156 3011 2209 diem
3071 2170 3187 2224 qure
3242 2153 3505 2207 antecedit

1925 2269 2135 2322 azyma.
2174 2250 2241 2305 Ut
2281 2252 2329 2305 si
2377 2251 2592 2304 dicam:
2628 2247 2920 2303 Parasceve
2965 2264 3178 2317 uespera
3228 2247 3507 2300 romesturi

1923 2352 2076 2399 erant
2114 2340 2341 2404 Pascha,
2374 2351 2422 2394 et
2453 2342 2568 2409 ipsa
2608 2338 2897 2393 uocabatur
2945 2340 3290 2406 .lzgmorum.
3328 2336 3509 2388 Domi-

1927 2453 2025 2492 nus
2054 2436 2218 2505 igitur
2247 2434 2410 2486 mittit
2458 2433 2750 2500 discipulos
2793 2430 2927 2498 {cria
2962 2429 3169 2498 quinta,
3222 2444 3380 2496 quam
3414 2443 3509 2478 no-

1927 2529 2098 2583 minat
2143 2525 2465 2595 evangelista
2518 2524 2750 2592 primam
2803 2522 3125 2589 Asymorum
3153 2560 3167 2579 ,
3212 2517 3335 2586 quia
3386 2526 3508 2569 ante

1928 2617 2258 2671 Parasceven
2285 2623 2420 2677 erat,
2462 2629 2566 2682 qua
2602 2611 2894 2665 Parasccve
2931 2624 3139 2678 vespere
3171 2606 3507 2660 concedebant

1928 2707 2158 2763 Pascha.
2204 2707 2281 2760 Ac
2306 2705 2351 2760 si
2384 2702 2831 2773 Thcophylactus
2883 2699 3182 2759 censuerit,
3232 2714 3337 2751 non
3377 2698 3508 2750 feria

1928 2800 2124 2870 quinta
2168 2811 2398 2865 vespera
2453 2809 2643 2865 azyma
2690 2792 2906 2847 comedi
2939 2807 2968 2844 a
2997 2789 3204 2845 Judaeis
3248 2789 3507 2857 cmpisse,

1930 2885 2027 2942 sed
2064 2884 2199 2939 feria
2233 2892 2388 2939 sexta
2423 2883 2727 2937 duntaxat:
2759 2880 2905 2950 quod
2946 2889 3130 2933 tamen
3159 2893 3508 2947 nequaquam

1931 2991 2123 3032 verum
2155 2985 2263 3030 est.
2299 2973 2433 3028 Nam
2475 2974 2529 3028 in
2558 2974 2927 3044 expositione,
2957 2987 3077 3041 cap.
3127 2987 3263 3032 χχιι,
3304 2986 3509 3025 εοειιηο

1931 3067 2061 3123 dum
2087 3065 2290 3122 Lucam
2322 3065 2530 3122 diserte
2559 3064 2761 3121 scribit
2787 3084 2800 3119 :
2845 3064 3093 3136 Ἦμέραν
3123 3058 3216 3118 οὖν
3256 3062 3510 3131 Ἀζύμων

1929 3160 2078 3228 λέγει
2107 3158 2204 3230 τὴν
2234 3157 2495 3228 πέμπτην
2537 3151 2605 3227 ἧς
2644 3159 2713 3227 τῇ
2744 3155 2954 3225 ἑσπέρᾳ
3003 3154 3226 3225 ἔμελλον
3261 3153 3408 3208 θύειν
3450 3152 3512 3206 τὸ

1933 3252 2148 3321 Πάσχα.
2184 3250 2244 3304 Ὀ
2274 3249 2457 3303 τοίνυν
2505 3248 2712 3319 Κύριος
2738 3249 2805 3319 τῇ
2845 3246 3074 3318 πέμπτῃ
3108 3243 3511 3317 πρωῖαςντυχδν

1932 3341 2253 3398 ἀποστέλλει
2276 3339 2405 3403 τοὺς
2429 3337 2681 3410 μαθητὰς
2705 3336 2910 3405 Πέτρον
2932 3336 3029 3389 καὶ
3053 3335 3335 3405 Ἰωάννην·
3360 3332 3511 3387 Diem

1933 3437 2097 3506 igitur
2129 3435 2454 3504 Azgmorum
2484 3431 2615 3485 dicit
2639 3429 2903 3500 quintam,
2945 3427 3016 3482 ad
3050 3427 3202 3497 cujus
3245 3442 3512 3494 vesperam

1936 3524 2145 3579 Pascite
2184 3519 2568 3577 immolandum
2602 3527 2738 3573 erat.
2798 3516 2973 3588 Igitur
3004 3516 3261 3570 Dominus
3304 3514 3512 3583 quinta,

1935 3632 2090 3671 mane
2110 3615 2336 3677 scilicet,
2375 3612 2539 3666 mittit
2565 3609 2856 3679 discipulos
2890 3607 3108 3661 Petrum
3145 3615 3196 3660 et
3224 3603 3507 3657 Joannem.

1934 3703 2206 3770 Quocirca
2233 3700 2512 3756 Arcadius
2555 3698 2851 3767 utriusque
2883 3695 2988 3750 loci
3022 3694 3165 3749 facta
3215 3693 3514 3748 collatione

1934 3810 2058 3849 cum
2087 3791 2483 3861 manuscriptis
2506 3789 2797 3845 codicibus
2827 3786 3192 3857 deprehendit
3219 3783 3514 3853 Thcophy-

1935 3886 2058 3942 lacti
2089 3883 2545 3941 commentarium
2586 3879 2760 3935 fuisse
2794 3880 3069 3933 vitiatum.
3111 3880 3409 3933 Enimvero
3455 3876 3512 3930 in

1936 3979 2224 4036 codicibus
2250 3976 2457 4048 Regiis,
2482 3988 2721 4046 quorum
2747 3989 2891 4028 unus
2923 3973 2991 4028 ad
3026 3972 3271 4027 auctoris
3301 3978 3514 4024 aetatem

1936 4087 2099 4143 quam
2137 4069 2387 4141 proxime
2416 4066 2649 4133 accedit,
2679 4064 2873 4119 eodem
2924 4063 3089 4117 modo
3122 4072 3286 4132 atque
3330 4061 3514 4115 Arcu-

1938 4165 2067 4219 dius
2101 4164 2155 4217 iu
2180 4177 2305 4229 suo,
2338 4160 2604 4229 scriptum
2638 4157 2843 4228 reperi,
2898 4154 3160 4209 nimirum
3209 4171 3223 4206 :
3282 4150 3518 4220 Πρώτην

1938 4257 2049 4311 τῶν
2078 4254 2331 4327 ’Λξύμων
2358 4252 2456 4324 τὴν
2506 4250 2615 4323 πρὸ
2641 4249 2751 4304 τῶν
2785 4247 3039 4319 ’Δζύμων
3074 4244 3242 4316 φησὶν
3278 4242 3513 4312 ἡμέραν.

1940 4344 2065 4401 Οἷόν
2091 4364 2145 4400 τι
2172 4346 2343 4423 λέγω·
2383 4342 2620 4414 Πέμπτῃ
2654 4340 2898 4412 ἑσπέρας
2944 4336 3171 4408 ἔμελλον
3207 4335 3382 4388 ἑκεῖνο
3412 4348 3521 4423 φα‹

1939 4442 2056 4509 γεϊν
2084 4437 2143 4492 τὸ
2168 4422 2382 4507 Πάσχα,
2419 4434 2537 4505 μεθ’
2574 4434 2641 4505 ῆν
2667 4431 3061 4500 ἑπιφώσκουσα
3096 4431 3129 4499 ἡ
3165 4422 3519 4498 Παρασκευὴ,

1940 4530 2134 4602 πρώτη
2168 4528 2278 4582 τῶν
2308 4525 2567 4596 ’Λζύμων
2609 4523 2862 4578 ἐκαλεῖτο
2910 4521 3062 4592 παρά
3102 4519 3180 4589 τῷ
3214 4519 3400 4587 νόμῳ·
3432 4512 3521 4567 οἷα

1939 4621 2003 4692 δὴ
2030 4620 2130 4691 τῆς
2156 4618 2352 4691 ἑορτῆς
2374 4616 2689 4695 άρχομένῃς
2735 4613 2844 4668 άπὸ
2876 4614 2975 4683 τῆς
3016 4610 3275 4679 ἑσπέρας,
3302 4606 3424 4659 καθ’
3454 4605 3522 4675 ἢν

1941 4714 2193 4784 ὴσοίοντο
2236 4710 2304 4764 τὰ
2358 4708 2564 4778 ἄζυμα.
2604 4705 2665 4761 '0
2716 4704 2850 4774 γοῦν
2898 4704 3104 4774 Κύριος
3144 4701 3352 4770 πέμπει
3396 4699 3524 4758 τοὺς

1945 4805 2195 4878 μαθητὰς
2235 4804 2302 4873 τῇ
2346 4801 2599 4873 πέμπτῃ,
2641 4801 2707 4870 ἣν
2746 4797 3010 4868 ὀνομάζει
3046 4796 3074 4847 ὁ
3126 4787 3525 4860 εὐαγγελιστὴς

1945 4894 2167 4967 πρώτην
2198 4893 2308 4947 τῶν
2350 4892 2621 4962 ’Δζύμων,
2659 4890 2734 4953 ὡς
2769 4889 2877 4959 πρὸ
2908 4887 3005 4957 τῆς
3034 4883 3280 4954 ἑσπέρας
3327 4878 3521 4949 οὔσης,

1944 4987 2068 5043 καθ’
2119 4987 2187 5058 ἢν
2222 4984 2475 5056 ὴσοίοντο
2526 4982 2596 5036 τὰ
2645 4982 2868 5051 ἄζυμασ
2927 4977 3169 5032 Primam
3200 4973 3526 5043 Azgmorum

1944 5085 2115 5138 vocat,
2136 5091 2253 5146 qua:
2282 5074 2421 5128 diem
2448 5086 2759 5143 azymorum
2792 5067 3063 5137 pra'cedit.
3093 5065 3309 5121 Scilicet
3338 5061 3526 5131 quinta

1946 5170 2081 5237 [cria
2112 5166 2490 5220 manducaturi
2538 5171 2691 5217 erant
2728 5161 2938 5216 Pascha
2967 5200 2981 5224 ,
3044 5167 3327 5227 postquam
3381 5152 3527 5205 luce-

1946 5262 2125 5314 scisset
2164 5255 2477 5309 Parasceve.
2536 5252 2731 5306 Prima
2782 5251 3108 5321 Azgmorum
3147 5241 3434 5299 uocabatur
3470 5238 3526 5291 in

1950 5350 2076 5418 lege,
2118 5349 2245 5419 quia
2282 5346 2473 5417 festum
2511 5343 2866 5413 incipiebatur
2895 5358 2927 5395 a
2968 5352 3179 5407 vespera
3217 5333 3366 5387 illius
3417 5344 3526 5400 qua

1953 5440 2299 5497 vescebantur
2327 5439 2553 5509 azymis.
2577 5434 2843 5491 Dominus
2864 5434 3028 5504 igitur
3055 5429 3341 5500 discipulos
3366 5424 3526 5481 mittit

1956 5534 2139 5605 quinta
2173 5530 2329 5600 feria,
2374 5545 2535 5600 quam
2587 5527 2910 5599 evangelista
2948 5525 3176 5597 primam
3205 5521 3525 5593 Azgmorum

2025 5726 2097 5798 (ε)
2122 5724 2421 5800 lbid.,pag.
2451 5727 2573 5783 558.

1986 5914 2029 5925 ..ια
2060 5904 2063 5905 ν
