3974 6338
486 327 580 392 Ui

488 448 747 511 nominat,
783 444 908 515 quia
949 458 1216 512 vesperam
1252 441 1604 512 prlecedebat,
1658 459 1764 514 qua
1815 441 2055 496 comede-

490 542 616 594 bant
648 552 860 608 azyma.
892 533 1336 605 Tbe0phylactus
1366 534 1534 604 igitur
1564 549 1676 588 non
1706 534 1872 588 modo
1901 531 2054 585 Lati-

489 635 574 685 nis
593 629 1022 699 permittendum
1052 625 1367 690 mstimavit,
1397 635 1456 678 ut
1477 624 1686 694 azymis
1716 637 1874 678 sacra
1906 621 2055 677 face-

488 727 632 784 rent,
675 733 867 775 verum
919 734 1023 774 nec
1067 733 1097 772 a
1149 717 1328 773 sancti
1388 715 1620 772 Joannis
1677 713 2057 786 Chrysostomi

488 814 906 884 priscorumque
935 812 1157 865 Patrum
1180 811 1453 865 sententia
1479 808 1547 864 de
1571 817 1820 864 extremo
1839 805 2054 861 Domini

489 902 626 976 [XC]
660 903 928 958 Paschate
955 899 1188 956 Judaico
1215 901 1501 964 discessit,
1541 900 1639 955 sed
1677 899 1867 954 docuit
1903 898 2058 954 Chri-

487 1003 636 1048 stum
690 993 882 1048 eadem
935 1007 1042 1061 qua
1099 991 1272 1046 Judaei
1309 991 1406 1047 die
1466 990 1779 1062 pasehalem
1839 1003 2056 1044 ctenam

487 1084 730 1140 illosaico
786 1085 895 1138 ritu
959 1085 1292 1140 celebrasse.
1340 1085 1398 1138 In
1449 1082 1641 1138 eadem
1693 1082 2052 1148 bibliotheca,

486 1175 611 1231 cod.
678 1175 852 1240 «ωδ,
901 1182 1221 1229 asservatur
1271 1173 1589 1243 explanatio
1647 1171 1837 1228 Graeca
1885 1175 2056 1229 altera

487 1267 766 1336 Evangelii
809 1266 1114 1322 secundum
1167 1264 1508 1331 Mattlmum,
1554 1281 1715 1334 quam
1760 1265 2055 1337 TheOpby-

489 1359 631 1412 Iacto
662 1358 991 1423 attribuunt,
1035 1355 1252 1412 tametsi
1289 1357 1503 1425 priores
1540 1363 1593 1410 et
1624 1364 1917 1426 postremas
1956 1371 2055 1426 pa-

488 1451 628 1519 gina-
657 1447 990 1503 interierint.
1019 1443 1220 1500 Verum
1253 1445 1390 1498 nihil
1426 1445 1478 1498 in
1515 1446 1620 1500 hoc
1657 1446 2056 1500 commentario

491 1539 734 1608 reperire
761 1549 868 1604 est,
906 1536 1051 1606 quod
1079 1553 1186 1591 non
1223 1535 1434 1591 Latinis
1460 1537 1670 1591 nostris
1722 1535 1924 1592 faveat.
1962 1534 2056 1592 Sic

490 1646 726 1702 namque
767 1630 965 1700 legitur
1021 1630 1088 1683 ad
1148 1616 1262 1683 hmc
1309 1627 1547 1683 Matthmi
1588 1629 1756 1684 verba
1803 1647 1817 1683 :
1872 1629 2055 1685 Prima

488 1724 829 1795 Azginorum.
882 1726 1111 1796 Πρώτην
1155 1725 1264 1780 τῶν
1328 1723 1579 1794 ’Δζύμων
1632 1725 1730 1796 τὴν
1790 1727 1897 1796 πρὸ
1948 1728 2056 1782 τῶν

498 1814 750 1884 ’Λζύμων
777 1816 959 1885 φησίν.
993 1814 1233 1870 Εἰώθασι
1279 1815 1389 1886 γὰρ
1419 1815 1526 1868 ἀπὸ
1565 1817 1662 1884 τῆς
1689 1816 1928 1887 ἑσπέρας
1968 1817 2056 1870 ἀεὶ

485 1903 740 1975 ἀριθμεῖν
777 1905 876 1977 τὴν
903 1907 1136 1978 ἡμέραν.
1179 1908 1288 1961 Καὶ
1319 1906 1522 1977 ταύτης
1558 1908 1887 1976 μνημονεύει
1931 1908 2054 1962 καθ’

484 1998 551 2067 ἣν
581 1999 638 2049 ἑν
664 2001 730 2069 τῇ
757 1998 965 2070 ἑσπέρᾳ
992 1999 1053 2052 τὸ
1081 2000 1272 2069 Πάσχα
1303 1999 1530 2069 ἔμελλεν
1562 1999 1809 2053 θύεσθαι·
1843 2003 1909 2071 τῇ
1943 2001 2054 2072 γὰρ

485 2086 714 2158 πέμπτῃ
735 2087 828 2140 τοῦ
863 2086 1141 2141 Σαϐϐἀτου
1173 2085 1500 2157 προσῆλθον,
1529 2085 1623 2139 καὶ
1657 2085 1861 2156 ταύτην
1895 2086 1924 2138 ὁ
1958 2085 2056 2155 μὲν

611 2155 718 2246 apo
745 2175 853 2229 τῶν
889 2175 1139 2246 Ἀζύμων
1182 2155 1360 2241 καλεῖ,
1389 2175 1578 2246 καιρὸν
1620 2175 1795 2244 λέγων
1818 2155 1946 2230 γκαθ*
1994 2176 2054 2228 ὃν

486 2266 812 2335 προσῆλθον.
848 2268 906 2320 ’0
934 2267 989 2320 δὲ
1017 2266 1158 2320 οὕτω
1187 2266 1334 2335 λέγει
1356 2283 1370 2297 ’
1411 2288 1428 2318 ι
1451 2262 1657 2320 Ἦλθεν
1681 2269 1715 2337 ή
1741 2266 1923 2338 ἡμέρα
1946 2267 2054 2321 τῶν

498 2357 769 2428 ’Λζύμων,
811 2360 869 2410 ὲν
914 2353 946 2432 ᾖ
988 2358 1094 2411 ἔδει
1143 2358 1365 2410 θύεσθαι
1405 2358 1468 2411 τὸ
1498 2359 1710 2428 Πάσχα.
1739 2377 1758 2410 s
1793 2359 1866 2411 Τὸ
1905 2355 2056 2429 ἦλθε

484 2448 642 2501 τοῦτο
669 2449 863 2517 λέγων,
901 2451 1068 2518 ἐγγὺς
1101 2445 1189 2520 ἦν,
1225 2450 1318 2501 ἐπὶ
1351 2448 1544 2523 θύραις
1565 2443 1664 2520 ἦν’
1695 2449 1792 2520 τῆς
1818 2449 2056 2521 ἑσπέρας

483 2537 727 2608 δηλονότι
785 2539 1136 2609 μεμνημένος
1184 2538 1424 2608 ἐκείνης.
1480 2538 1613 2591 ’Δπὸ
1660 2541 1772 2610 γὰρ
1818 2539 2055 2610 ἑσπέρας

483 2631 734 2699 ἦρχοντο.
757 2629 848 2682 Διὸ
876 2629 1104 2693 ἕκαστος
1132 2628 1457 2699 προστίθησι
1485 2627 1679 2697 λέγων’
1713 2629 1844 2682 ’Ὅτε
1871 2627 2057 2682 ἐθύετο

483 2718 544 2771 τὸ
570 2719 763 2790 Πάσχα
783 2737 797 2751 ο
832 2717 1076 2772 Primam
1102 2720 1423 2789 Azymorum
1439 2719 1566 2772 dicit
1590 2735 1704 2773 eam
1727 2735 1842 2788 quae
1867 2735 2055 2789 azyma

482 2809 832 2878 prwcedebat.
879 2809 1131 2866 Solebant
1174 2811 1314 2863 enim
1357 2825 1559 2878 semper
1586 2828 1619 2863 a
1662 2825 1874 2877 uespera
1918 2812 2056 2865 diem

485 2918 778 2955 numerare.
816 2901 978 2971 Atqui
1027 2917 1144 2954 eam
1187 2907 1443 2954 memorat
1483 2900 1824 2970 evangelista,
1864 2902 1916 2955 in
1951 2918 2056 2970 qua

485 3006 688 3057 uespere
711 2990 924 3045 Pascha
951 3001 1067 3044 erat
1098 2991 1502 3045 immolandum.
1535 2993 1674 3045 Nam
1703 2993 1887 3062 quinta
1917 2991 2056 3048 Sab-

484 3082 618 3146 bati,
664 3098 758 3137 seu
807 3082 1146 3138 hebdomadis
1173 3124 1188 3148 ,
1221 3063 1556 3137 accesserunt
1576 3098 1595 3137 :
1647 3082 1878 3152 hancque
1914 3083 2058 3137 Mat-

487 3173 655 3226 thwus
691 3173 902 3244 quidem
937 3183 1088 3228 vocat
1125 3174 1278 3228 illam
1322 3191 1439 3245 quae
1468 3191 1658 3245 azyma
1697 3176 2056 3242 antecedebat,

485 3265 574 3319 ubi
615 3276 815 3334 tempus
855 3266 1054 3320 indicat
1092 3283 1194 3336 quo
1233 3266 1482 3335 discipuli
1522 3279 1768 3324 venerunt
1807 3269 1876 3322 ad
1913 3285 2053 3325 eum.

485 3356 635 3410 Alter
662 3372 779 3410 vero
810 3355 1010 3427 (Lucas
1044 3357 1192 3429 scil.)
1225 3359 1300 3412 sic
1329 3358 1449 3412 ait:
1485 3377 1504 3410 ‹
1550 3357 1694 3413 Venit
1740 3370 1914 3413 autent
1945 3361 2055 3414 dies

486 3449 830 3519 Azgmorum,
879 3450 932 3502 in
972 3465 1076 3519 qua
1106 3465 1312 3504 necesse
1338 3459 1454 3504 erat
1486 3450 1656 3504 occidi
1686 3449 1894 3504 Pascha
1923 3451 1988 3508 '“.
2034 3469 2052 3503 ι

488 3541 641 3607 Quod
694 3541 846 3604 dicit,
895 3543 1063 3606 venit,
1104 3541 1239 3596 idem
1274 3553 1354 3596 est
1399 3559 1479 3610 ac,
1518 3542 1763 3611 proxima
1810 3553 1954 3607 erat,
2003 3543 2058 3596 in

477 3633 664 3701 januis
693 3630 898 3686 aderat.
933 3630 1034 3686 Ubi
1069 3634 1323 3686 nimirum
1365 3648 1632 3702 vesperam
1684 3633 1835 3687 illam
1869 3649 2060 3687 memo-

487 3733 593 3779 rat.
633 3722 778 3776 Nam
813 3739 846 3776 a
891 3739 1102 3792 vespera
1152 3724 1516 3792 incipiebant:
1550 3735 1868 3795 quapropter
1895 3741 2060 3779 unus-

484 3816 704 3885 quisque
738 3831 920 3870 eorum
955 3815 1170 3885 adjicit,
1219 3817 1432 3886 quando
1468 3816 1666 3885 pascha
1702 3817 2055 3871 mactabatur.

487 3904 666 3976 ilujus
724 3907 1108 3961 commentarii
1156 3914 1351 3962 auctor
1378 3906 1646 3962 Joannem
1689 3907 1850 3964 etiam
1887 3908 2063 3980 Chry-

489 4001 796 4050 sostomum
831 3995 1168 4066 sequebatur
1198 4004 1254 4052 et
1295 3997 1673 4053 exscribebat.
1721 3997 1940 4055 Primus
1975 4000 2060 4054 in-

488 4093 789 4157 terpretum
828 4087 1156 4160 Euthymius
1198 4089 1524 4160 Zygabenus
1553 4105 1583 4144 a
1632 4090 1764 4144 trita
1799 4099 1852 4145 et
1905 4106 2061 4147 com-

487 4179 641 4234 muni
669 4181 942 4236 sententia
971 4181 1206 4236 descivit
1241 4180 1339 4250 (a),
1372 4189 1434 4235 ut
1473 4181 1695 4236 facilius
1735 4196 1928 4252 azyma
1953 4181 2060 4236 La-

487 4271 728 4326 tinorum
761 4280 816 4326 et
839 4273 1208 4327 Armenorum
1254 4279 1618 4342 expugnaret.
1657 4270 1714 4327 id
1748 4271 1894 4342 quod
1918 4287 2057 4343 prmo

485 4373 635 4418 stare
661 4372 896 4418 conatus
937 4371 1022 4418 est
1059 4363 1116 4418 in
1165 4361 1454 4434 Panoplia,
1483 4365 1540 4418 in
1585 4378 1694 4434 qua
1727 4364 1874 4420 inter
1907 4365 2060 4420 varia

484 4453 665 4523 capita
695 4453 919 4510 haeresis
945 4453 1308 4509 Armenorum
1339 4454 1444 4509 hoc
1472 4456 1640 4509 etiam
1678 4455 1881 4524 posuit,
1908 4454 2059 4525 quod

484 4545 696 4617 azymis
718 4559 878 4600 sacra
911 4545 1176 4600 lacerent.
1210 4542 1318 4611 Qui
1348 4560 1480 4600 vero
1515 4545 1718 4601 librum
1762 4546 1909 4600 hunc
1953 4544 2060 4600 Eu-

485 4637 678 4710 thymii
711 4637 907 4693 Latine
967 4635 1282 4701 ediderunt,
1321 4636 1474 4693 istaec
1522 4637 1856 4704 omiserunt,
1892 4647 1950 4692 ut
2003 4645 2059 4693 et

459 4711 605 4800 qum
629 4737 822 4785 contra
858 4728 1086 4784 Latinos
1117 4728 1185 4784 de
1211 4729 1569 4798 processione
1601 4728 1840 4800 Spiritus
1874 4730 2055 4784 sancti

483 4840 552 4878 cx
576 4823 773 4879 Photio
803 4835 855 4879 et
889 4824 1014 4879 aliis
1046 4824 1375 4879 auctoribus
1427 4824 1746 4894 collegerat.
1779 4825 2052 4880 Caeterum

484 4929 607 4982 quae
635 4923 828 4968 contra
863 4929 1055 4986 azyma
1092 4915 1462 4970 Armenorum
1499 4916 1746 4986 scripsit,
1780 4916 1916 4971 nihil
1948 4915 2055 4972 nisi

484 5012 758 5059 recoctam
783 5007 1066 5062 multoties
1088 5006 1348 5062 cramben
1379 5006 1640 5062 exhibent
1665 5026 1678 5062 :
1707 5007 1911 5077 alioqui
1943 5021 2054 5062 non

484 5112 570 5152 me
605 5095 871 5168 piguisset
901 5112 965 5152 ea
1011 5097 1120 5152 hoc
1168 5098 1223 5153 in
1263 5106 1505 5154 tractatu
1541 5098 1798 5153 recitare.
1848 5097 1957 5152 Sed
2001 5107 2056 5153 et

481 5201 828 5257 quascunque
869 5185 1044 5242 αι·ωοί
1090 5188 1457 5254 schismatici,
1490 5189 1594 5242 hac
1633 5188 1690 5241 in
1733 5202 1902 5242 causa
1953 5187 2055 5242 La-

482 5279 617 5333 tinis
660 5278 1008 5348 objecerunt,
1043 5278 1223 5333 futilia
1256 5279 1394 5334 adeo
1439 5280 1740 5348 tenuisque
1775 5279 1892 5333 visa
1923 5286 2055 5333 sunt

481 5369 913 5438 cordatioribus,
952 5380 1012 5425 ut
1059 5369 1282 5442 quoties
1315 5370 1384 5426 de
1423 5371 1628 5424 unione
1678 5367 2050 5424 Ecclesiarum

484 5457 844 5516 instauranda
869 5470 1051 5518 actum
1074 5472 1180 5527 est,
1216 5463 1364 5516 nulla
1395 5470 1489 5516 aut
1524 5465 1719 5531 exigua
1756 5460 2053 5514 admodum

484 5545 552 5600 de
579 5549 786 5616 azymis
822 5551 1056 5618 quaestio
1079 5562 1224 5605 mota
1249 5551 1338 5607 sit.
1373 5553 1432 5607 iu
1464 5552 1682 5606 concito
1715 5550 2051 5614 Florentino,

556 5659 597 5688 '”
623 5657 755 5714 Luc.
791 5650 1018 5726 xxu,l7,

558 5775 632 5845 (u)
668 5773 723 5830 in
750 5791 798 5833 c.
836 5794 991 5848 χχιιι,
1026 5778 1213 5838 Matth.

1545 322 2190 386 DISSERTATIONES
2223 323 2787 385 ΒΛΜΑΞΟΕΝΙΟᾸΞ.

3627 323 3731 390 iii

2161 440 2380 496 tametsi
2434 439 2652 496 Marcus
2700 439 2970 509 Ephesius
3021 438 3478 509 pronuntiaverat
3527 441 3728 494 nullam

2160 529 2356 584 sarciri
2391 543 2516 584 cum
2552 528 2818 584 Romanis
2845 528 3107 584 unionem
3132 543 3320 599 posse,
3356 529 3461 584 nisi
3488 530 3729 586 exclusis

2159 634 2191 674 a
2224 619 2484 691 Symboio
2507 619 2632 675 ﬁdei
2656 635 2793 676 voce
2821 619 3086 692 Filioque,
3105 630 3160 676 et
3187 637 3218 676 a
3245 622 3523 678 sacriﬁcio
3550 627 3730 680 missa:

2161 710 2396 780 panibus
2444 725 2556 765 non
2611 709 2992 775 fermentatis,
3033 710 3401 768 nihilominus
3457 728 3649 784 parum
3700 731 3728 766 ει

2159 799 2367 858 Graecis
2401 801 2714 857 laboratum
2746 809 2832 858 est
2876 803 2945 858 de
2988 801 3300 872 posteriore
3333 804 3438 858 hoc
3475 805 3728 859 articulo.

2157 893 2270 950 Nec
2302 894 2410 950 nisi
2443 895 2644 950 intimae
2679 896 2854 965 plebis
2883 893 3414 964 desperatorumque
3443 895 3726 950 hominum

2158 983 2391 1039 dicteria
2413 983 2586 1049 fuere,
2619 985 2822 1055 quibus
2854 999 2958 1042 nos
2997 987 3370 1055 Azgmitarum
3403 988 3622 1042 nomine
3651 989 3731 1042 in-

2157 1075 2357 1132 sectati
2385 1084 2537 1132 sunt.
2569 1075 2682 1132 iios
2712 1076 2988 1148 Georgius
3017 1077 3342 1134 Scholarius
3373 1080 3726 1149 contempsit,

2157 1166 2252 1236 qui
2283 1167 2656 1237 praetermissa
2688 1166 2755 1222 de
2802 1167 3053 1222 moribus
3093 1169 3366 1223 ritibusve
3409 1167 3729 1224 Latinorum

2158 1259 2498 1324 velitatione,
2541 1258 2610 1314 de
2661 1258 2902 1328 Spiritus
2951 1259 3136 1314 sancti
3185 1259 3543 1328 processione
3600 1273 3727 1313 cum

2159 1349 2270 1404 illis
2300 1349 2621 1420 disputare,
2673 1349 2881 1419 βέλτιον
2927 1350 3024 1402 καὶ
3063 1350 3414 1419 ἱκανώτερον,
3450 1351 3634 1404 inclitis
3677 1360 3727 1403 et

2158 1441 2453 1496 consultius
2508 1440 2627 1496 fore
2681 1441 3025 1496 existimavit
3087 1442 3141 1496 in
3189 1440 3515 1496 Prmfatione
3565 1441 3728 1511 primi

2159 1531 2284 1588 libri
2313 1540 2508 1587 contra
2539 1531 2790 1588 Latinos.
2976 1579 2982 1586 .

2230 1623 2414 1678 XLIV.
2456 1624 2566 1678 Pro
2604 1623 3016 1680 dissertationis
3068 1623 3237 1692 hujus
3284 1623 3550 1678 coronide
3599 1624 3731 1678 libet

2156 1717 2341 1786 aliqua
2391 1716 2672 1786 subjicere
2719 1715 2788 1771 de
2845 1715 3025 1770 forma
3061 1731 3160 1770 seu
3205 1715 3383 1786 ﬁgura
3439 1716 3732 1785 praecipua:

2153 1807 2308 1862 illius
2337 1807 2637 1863 oblationis
2673 1822 2838 1878 quam
2869 1808 3045 1862 Graeci
3077 1808 3398 1864 sacerdotes
3419 1823 3485 1861 ex
3515 1807 3731 1877 integro

2156 1914 2299 1970 pane
2325 1901 2567 1956 excisam
2600 1900 2655 1954 in
2686 1914 2850 1956 sacro
2879 1899 3038 1955 disco
3077 1907 3356 1970 reponunt
3389 1913 3731 1955 consecran-

2156 1992 2303 2046 dam.
2341 1991 2454 2045 Viri
2488 1991 2708 2060 quidam
2736 1991 2963 2058 eruditi,
2996 2005 3137 2061 quos
3167 1992 3459 2046 nominare
3496 2005 3604 2045 non
3643 2006 3729 2045 re-

2156 2081 2285 2147 fert,
2317 2084 2633 2152 decerptum
2677 2081 2919 2137 frustum
2951 2098 3076 2138 esse
3102 2082 3259 2136 aiunt
3309 2083 3362 2136 in
3395 2082 3607 2136 modum
3639 2098 3732 2136 co-

2156 2175 2326 2242 rolla',
2349 2191 2470 2231 esse
2496 2175 2806 2230 coronulam
2835 2175 3112 2246 demptam
3140 2191 3206 2230 ex
3229 2190 3420 2230 crasso
3441 2183 3494 2229 et
3514 2175 3732 2244 integro

2155 2274 2319 2332 pane,
2344 2261 2591 2330 adeoque
2631 2262 2932 2318 rotundam
2977 2271 3032 2319 et
3075 2263 3469 2318 orbicularem.
3521 2264 3732 2317 Alluci-

2156 2358 2360 2406 nantur
2390 2352 2664 2422 profecto,
2701 2369 2806 2409 nec
2837 2353 3156 2409 Graecorum
3197 2357 3338 2410 ritus
3371 2369 3437 2410 ea
3472 2369 3580 2424 qua
3629 2369 3730 2424 par

2156 2443 2378 2510 fuisset,
2425 2443 2717 2514 diligentia
2763 2444 3164 2514 inquisierunt.
3205 2444 3438 2499 Errandi
3481 2446 3732 2499 occasio-

2155 2547 2281 2588 nem
2318 2534 2622 2604 praebuisse
2653 2544 2786 2605 puto
2822 2534 3182 2591 iiumbertum
3227 2550 3257 2590 a
3294 2533 3459 2606 Sylva
3493 2536 3730 2590 candida

2154 2623 2355 2680 Leonis
2384 2625 2455 2679 1x
2485 2626 2747 2697 legatum,
2784 2627 2874 2682 ubi
2922 2626 3268 2698 respondens
3305 2627 3537 2696 objectis
3579 2626 3732 2682 Grae-

2156 2730 2374 2780 corum,
2417 2731 2639 2774 causam
2669 2721 2911 2788 postulat
2941 2719 3088 2774 illius
3126 2719 3568 2782 circumcisionis,
3622 2736 3732 2788 qua

2157 2809 2465 2862 coronulam
2492 2811 2646 2878 panis
2686 2810 2754 2862 ad
2785 2819 3026 2864 sanctum
3050 2811 3373 2879 sacriﬁcium
3410 2811 3552 2878 ferro
3583 2813 3733 2864 leva-

2160 2907 2296 2960 rent,
2335 2915 2453 2950 cum
2507 2899 2850 2953 immaculata
2891 2899 3066 2954 hostia
3101 2901 3504 2954 immaculatum
3539 2915 3732 2968 corpus

2160 2989 2376 3044 Domini
2399 2991 2576 3058 aptius
2608 2991 2848 3046 uideatur
2879 2992 3206 3062 signi/icore,
3243 3003 3294 3047 et
3331 2994 3607 3063 integritas
3633 3008 3734 3060 pa-

2157 3085 2239 3137 nis
2282 3083 2636 3152 integritatem
2684 3082 2955 3139 Ecclesiae.
3004 3081 3210 3138 Verum
3261 3092 3357 3139 aut
3395 3083 3734 3140 iiumberlus

2158 3172 2424 3227 coronula:
2453 3188 2641 3229 vocem
2677 3173 2861 3230 minus
2895 3175 3122 3245 proprie
3170 3176 3519 3244 usurpaverit
3564 3191 3734 3245 opor-

2157 3273 2255 3330 tet,
2288 3274 2384 3319 aut
2413 3265 2706 3336 diligenter
2745 3266 2884 3322 satis
2919 3276 3204 3323 scrutatus
3256 3283 3363 3322 non
3414 3268 3484 3322 sit
3536 3268 3736 3323 hostiae

2160 3356 2534 3426 praeparanda:
2584 3356 2730 3426 apud
2802 3356 3026 3413 Grazcos
3083 3357 3734 3426 Constantinopolitanos

2159 3447 2326 3501 ritum
2369 3465 2382 3500 :
2423 3447 2533 3502 nisi
2579 3446 2718 3503 forte
2753 3448 3027 3518 quispiam
3064 3447 3336 3504 aiiirmare
3380 3449 3527 3504 ausit
3567 3464 3664 3506 eos
3701 3467 3735 3504 τι

2158 3544 2467 3614 priscorum
2514 3559 2619 3599 usu
2675 3551 2731 3600 et
2777 3544 3109 3600 cazremonia
3155 3545 3504 3614 postmodum
3541 3539 3736 3602 desci-

2160 3635 2338 3700 visse;
2396 3633 2545 3704 quod
2583 3641 2769 3690 tamen
2827 3634 2977 3690 facili
3035 3637 3258 3706 negotio
3312 3651 3420 3691 non
3478 3638 3731 3693 evicerit.

2159 3727 2381 3782 Simeon
2414 3727 2618 3796 quippe
2649 3725 3168 3783 Thessalonicensis
3209 3728 3352 3783 libro
3389 3727 3590 3784 Contra
3625 3732 3736 3785 ha:-

2166 3835 2328 3883 reses,
2377 3833 2502 3888 cap.
2547 3818 2640 3881 87,
2694 3819 2786 3874 ubi
2849 3819 2916 3874 de
2973 3819 3238 3876 Ecclesia
3285 3836 3398 3876 sua:
3438 3821 3638 3877 ritibus
3679 3833 3744 3876 et

2159 3911 2404 3968 rubricis
2441 3912 2714 3982 disputat,
2741 3911 3094 3982 reprehendit
3129 3913 3334 3968 acriter
3357 3912 3605 3978 Latinos,
3634 3917 3739 3984 qui

2161 4018 2272 4059 non
2306 4001 2658 4073 quadratam,
2701 4001 2798 4058 sed
2835 4002 3130 4060 rotundam
3171 4003 3408 4057 hostiam
3438 4018 3738 4059 consecra-

2161 4101 2326 4150 rent:
2360 4093 2631 4164 quadrata
2658 4093 2861 4164 quippe
2893 4091 3072 4148 forma
3103 4092 3322 4148 Domini
3353 4107 3554 4164 corpus
3585 4097 3738 4164 quod

2161 4199 2228 4240 ex
2263 4193 2507 4256 quatuor
2555 4183 2848 4240 elementis
2893 4194 3134 4248 constat,
3170 4199 3384 4240 necnon
3414 4184 3739 4240 humanita-

2158 4287 2268 4332 tem
2317 4274 2588 4346 integram
2642 4273 2954 4346 designari,
3007 4275 3306 4330 orbiculari
3345 4290 3477 4331 vero
3529 4276 3744 4330 divini-

2159 4372 2348 4420 tatem.
2385 4365 2634 4436 itemque
2673 4364 2909 4420 Goarius
2959 4371 3171 4430 noster,
3194 4379 3322 4436 pag.
3367 4365 3469 4419 ii'l
3517 4365 3746 4420 Euclio-

2157 4455 2310 4525 logii,
2341 4455 2433 4510 ubi
2476 4454 2750 4524 specimen
2780 4454 3022 4519 exhibet,
3066 4461 3185 4510 tum
3229 4455 3428 4526 integri
3465 4456 3628 4525 panis
3667 4473 3744 4510 ex

2157 4565 2268 4620 quo
2308 4549 2486 4604 hostia
2531 4549 2910 4606 consecranda
2954 4548 3228 4613 demitur,
3277 4560 3392 4604 tum
3439 4549 3749 4619 ipsiusmet

2158 4639 2366 4705 hostiae,
2393 4639 2475 4695 sic
2521 4639 2725 4695 diserte
2777 4639 3014 4694 scribit:
3058 4638 3392 4709 Quwcunque
3447 4639 3516 4692 sit
3563 4639 3750 4692 oblati

2155 4733 2307 4801 panis
2354 4733 2549 4802 ﬁgura,
2591 4733 2700 4786 sive
2742 4732 3044 4796 circularis,
3081 4733 3186 4787 sive
3229 4731 3627 4802 quadrangulo,
3687 4734 3752 4787 in

2155 4822 2416 4894 quadrum
2449 4838 2652 4891 semper
2675 4823 2859 4878 lancea
2890 4836 3178 4879 excusatur
3203 4834 3254 4880 et
3293 4825 3591 4879 extollitur.
3632 4823 3752 4880 Ubi

2155 4914 2241 4967 vir
2283 4911 2601 4968 Graecorum
2651 4913 2858 4967 rituum
2908 4913 3284 4985 peritissimus
3335 4923 3576 4968 testatur
3613 4915 3756 4983 qui-

2155 5005 2301 5072 dem,
2329 5006 2604 5076 integrum
2631 5014 2686 5060 et
2708 5019 2979 5070 crassum,
3012 5012 3074 5060 ut
3103 5004 3278 5066 aiunt,
3314 5018 3534 5074 panem,
3571 5014 3760 5072 prout

2155 5098 2476 5162 aliubuerit,
2531 5111 2627 5151 seu
2683 5097 2980 5151 rotundum
3031 5111 3136 5152 seu
3183 5095 3515 5166 quadratum
3561 5110 3755 5152 esse;

2156 5195 2501 5258 segmentum
2531 5202 2668 5243 vero
2691 5186 2841 5257 quod
2875 5201 2942 5242 eo
2973 5186 3227 5242 aufertur
3261 5187 3758 5251 consecrandum,

2156 5295 2374 5350 semper
2395 5293 2520 5335 esse
2543 5277 3010 5349 quadrangulum,
3033 5284 3092 5332 ut
3121 5277 3296 5350 videri
3326 5283 3503 5347 potest
3531 5276 3586 5328 in
3623 5293 3766 5346 spe-

2156 5371 2360 5427 cimine
2387 5371 2532 5441 quod
2579 5369 2749 5425 incidi
2781 5370 2835 5424 in
2874 5386 2983 5425 rere
3031 5367 3266 5424 curavit.
3294 5368 3404 5422 Nec
3431 5367 3761 5438 quidquam

2163 5460 2308 5516 aliud
2342 5469 2543 5517 sonant
2574 5459 2780 5516 Leonis
2802 5459 2989 5515 Allatii
3034 5460 3222 5525 verba,
3257 5475 3382 5530 quae
3409 5473 3441 5512 a
3467 5460 3610 5514 viris
3649 5459 3765 5515 do-

2160 5553 2265 5608 ctis
2299 5567 2365 5607 cx
2395 5551 2678 5610 contrario
2707 5551 3065 5623 objiciuntur.
3099 5550 3425 5622 Quanquam
3462 5566 3572 5606 non
3608 5551 3768 5605 (1ἱαὶ-
