3974 6338
302 383 413 449 H3

299 511 448 563 teor,
496 494 701 549 diulum
756 492 941 547 forsan
993 496 1122 545 ante
1156 497 1399 562 tempora
1438 491 1703 548 Cerularii
1748 489 1889 547 orbi-

304 588 554 643 rularem
581 581 878 651 aliquando
901 578 1256 636 eucharistici
1288 580 1447 648 panis
1477 578 1709 633 formam
1740 578 1883 649 apud

301 677 641 749 Byzantinos
678 673 884 737 fuisse,
916 673 1021 727 hoc
1050 679 1138 727 est
1171 671 1372 727 saeculo
1413 670 1675 727 Ecclesiae
1713 672 1886 741 septi-

300 785 419 835 mo,
443 767 606 824 modo
638 770 851 822 certum
883 764 955 819 sit
973 769 1030 819 et
1053 762 1442 826 indubitatum,
1469 776 1602 818 voce
1624 762 1685 816 τὸ
1719 779 1888 833 περι-

302 859 493 930 φερές,
527 872 689 929 quam
726 862 956 913 sanctus
1006 851 1280 908 Maximus
1331 851 1620 912 confessor
1656 859 1887 922 usurpat

304 951 398 1006 ubi
428 950 497 1006 de
528 956 759 1005 externa
791 944 1155 1000 Eucharistia‘.
1185 943 1368 1014 specie
1405 945 1670 1015 loquitur,
1695 953 1887 1000 rotun-

298 1041 436 1095 dum
473 1053 691 1110 semper
723 1035 932 1107 aliquid
960 1034 1260 1107 signiﬁcari
1282 1034 1381 1106 (a).

371 1129 539 1185 XLV.
566 1130 651 1185 Ad
690 1128 1003 1184 Orientales
1033 1141 1165 1183 vero
1196 1127 1509 1193 haereticos,
1548 1141 1614 1181 ac
1656 1141 1886 1197 praeser—

298 1223 404 1277 tim
426 1220 708 1277 Jacobitas
738 1219 883 1289 quod
906 1218 1124 1284 attinet,
1152 1218 1297 1279 ultro
1321 1232 1653 1277 concessero
1690 1231 1882 1273 eorum

301 1314 522 1370 hostias
569 1311 870 1383 quadratas
906 1323 1012 1364 non
1059 1323 1206 1375 esse,
1260 1309 1357 1365 sed
1404 1309 1695 1366 rotundas.
1738 1309 1883 1364 Nihil

298 1405 452 1460 enim
479 1403 626 1458 aliud
671 1401 866 1464 eiIerre
901 1400 1035 1455 mihi
1060 1400 1279 1455 videtur
1300 1415 1403 1455 vox
1432 1410 1599 1464 ant:
1624 1388 1686 1456 in
1723 1402 1883 1457 litur-

296 1496 388 1566 εἰει
426 1509 551 1565 quae
592 1493 783 1549 Severi
822 1492 1047 1547 nomine
1076 1492 1419 1559 inscribitur,
1452 1492 1559 1548 nisi
1587 1492 1878 1558 circulum,

299 1596 400 1642 aut
430 1587 682 1656 cujusvis
711 1592 944 1641 monetae
985 1583 1241 1649 formam,
1278 1599 1389 1638 non
1421 1593 1603 1640 autem
1639 1600 1884 1654 segmen-

298 1686 420 1733 tum
449 1679 819 1749 quodcunque
854 1676 944 1732 cui
964 1678 1146 1732 crucis
1168 1677 1387 1747 signum
1418 1677 1747 1747 impressum
1782 1679 1875 1735 sit.

297 1768 608 1839 Liturgiani
639 1768 784 1824 hanc
817 1768 873 1823 in
905 1767 1153 1823 editione
1186 1766 1400 1834 Latina,
1428 1766 1606 1823 Severi
1635 1768 1875 1824 Alexan-

299 1860 449 1913 drini
477 1858 799 1928 patriarchae
840 1858 983 1915 falso
1009 1873 1211 1914 nomen
1240 1857 1502 1929 prmferre
1542 1858 1634 1914 hic
1671 1875 1780 1915 non
1808 1860 1878 1915 ab

296 1966 364 2007 re
394 1950 565 2005 fuerit
606 1950 926 2007 admonere.
978 1948 1100 2006 Non
1159 1951 1306 2005 enim
1344 1951 1401 2005 in
1452 1958 1604 2006 textu
1650 1950 1877 2022 Syriaco

301 2041 661 2097 Alexandrini
729 2041 1059 2098 vocabulum
1136 2041 1365 2111 legitur,
1441 2041 1537 2097 sed
1610 2038 1879 2094 duntaxat

297 2139 377 2188 θῶ
420 2137 652 2189 ama:
686 2139 850 2198 NW1:
884 2138 1082 2189 mmo
1129 2128 1350 2184 Severus
1395 2138 1609 2185 sanctus
1640 2130 1877 2198 patriar-

298 2222 428 2274 cha.
470 2220 625 2276 Adde
653 2221 797 2290 quod
834 2220 1018 2277 nullus
1067 2217 1304 2276 Severus
1349 2220 1493 2275 inter
1537 2220 1879 2290 patriarchas

298 2298 712 2368 Alexandrinos
742 2327 864 2367 cum
906 2311 1245 2367 orthodoxos
1289 2318 1345 2367 et
1391 2310 1679 2368 Melchitas
1713 2310 1877 2383 [XCI]

301 2392 435 2454 tum
460 2398 740 2457 Jacobitas
774 2400 1069 2471 reperitur.
1108 2401 1297 2471 Itaque
1328 2400 1564 2457 Severus
1596 2402 1701 2457 iste
1740 2402 1879 2457 alius

304 2507 421 2546 non
442 2492 604 2548 fuerit
623 2493 690 2548 ab
716 2494 882 2563 impio
905 2493 1000 2557 illo
1021 2493 1420 2564 Acephalorum
1447 2504 1502 2550 et
1527 2492 1879 2565 Monophysi-

303 2590 488 2634 tarum
513 2582 778 2651 principe,
815 2582 906 2653 qui
943 2583 1339 2640 Antiochenam
1370 2586 1553 2641 sedem
1590 2584 1880 2641 Anastasio

301 2672 488 2741 primo
520 2673 849 2746 imperatore
874 2675 1100 2740 invasit,
1128 2690 1195 2730 ac
1234 2676 1455 2732 tandem
1485 2676 1588 2731 sub
1616 2675 1882 2731 Justinia-

300 2779 383 2819 no
409 2764 791 2821 Alexandriam
825 2776 881 2823 et
924 2766 1223 2839 Egyptum
1248 2768 1512 2840 profugus
1556 2770 1733 2839 petiit.
1772 2768 1880 2825 Sed

298 2864 361 2911 et
392 2854 532 2910 hanc
552 2857 799 2912 eamdem
830 2858 1108 2929 liturglam
1136 2874 1245 2914 non
1267 2872 1298 2912 a
1329 2859 1653 2925 Catholicis,
1676 2860 1768 2914 sed
1792 2859 1882 2914 Ja-

298 2945 513 3001 cohitis
545 2956 599 3001 et
645 2947 1065 3018 Theopaschitis
1118 2959 1441 3019 usurpatam
1496 2950 1679 3021 colligi
1728 2951 1880 3007 nullo

300 3034 532 3104 negotio
556 3036 750 3104 possit,
775 3052 841 3092 ex
883 3039 1137 3108 precibus
1169 3054 1291 3109 qua:
1317 3039 1365 3094 ei
1398 3039 1669 3109 adjunctae
1696 3040 1883 3096 visun-

296 3133 425 3177 tur.
466 3124 602 3179 Nam
654 3127 798 3180 inter
847 3127 983 3184 alias
1023 3129 1256 3185 habetur
1316 3128 1598 3200 Trisagius
1646 3130 1880 3202 hymnus

295 3228 436 3267 cum
468 3215 837 3271 additamento
863 3217 1006 3272 Petri
1036 3216 1306 3283 Fullonis,
1340 3220 1407 3273 ad
1432 3220 1578 3274 hunc
1618 3219 1875 3275 modum:

294 3303 639 3373 Gloriﬁcatio
671 3308 975 3378 angelorum
1014 3310 1140 3363 dum
1181 3311 1580 3381 cruciﬁgeretur
1621 3310 1878 3365 Dominus

296 3405 489 3450 noster
520 3412 538 3451 :
572 3398 807 3454 Sanctus
842 3399 1006 3465 Deus,
1040 3409 1264 3457 sanctus
1306 3401 1482 3465 fortis,
1516 3409 1740 3456 sanctus
1772 3401 1877 3454 ime

295 3484 574 3537 mortalis.
609 3484 805 3554 Ioseph
836 3497 886 3540 et
922 3487 1242 3545 Nicodemus
1274 3490 1520 3545 dixerunt
1560 3507 1579 3544 :
1606 3474 1881 3551 11251:qu

291 3558 402 3660 τ’πτ
456 3583 656 3636 amns
716 3561 870 3662 {755:1
927 3578 1033 3645 Qui
1087 3581 1372 3650 cruciﬁxus
1419 3598 1472 3636 es
1529 3598 1626 3651 pro
1688 3581 1875 3646 nobis,

294 3666 553 3719 miserere
613 3666 786 3724 nobis.
836 3667 1113 3725 Nonnulla
1168 3672 1285 3728 haec
1343 3672 1520 3728 obiter
1569 3671 1877 3728 adnotanda

293 3757 462 3820 duxi,
501 3773 621 3828 qua:
668 3774 697 3813 a
728 3761 918 3830 paucis
970 3762 1262 3818 videantur
1313 3764 1679 3833 deprehensa.
1721 3764 1875 3830 Quod

291 3862 442 3903 vero
468 3848 532 3903 ad
563 3849 876 3906 institutum
917 3862 1169 3909 nostrum
1220 3863 1454 3925 spectat,
1511 3855 1645 3911 libet
1678 3855 1770 3910 hic
1809 3856 1877 3909 ad

296 3940 630 3994 memoriam
665 3958 924 3999 revocare
951 3942 1314 4014 Epiplianium
1344 3945 1549 4001 diserte
1580 3946 1872 4000 admodum

296 4028 603 4085 tradidisse
645 4031 1047 4087 eucharisticas
1076 4033 1310 4099 hostias,
1362 4034 1554 4088 saltem
1593 4032 1739 4103 apud
1769 4031 1876 4102 Cy-

292 4114 460 4184 prios
486 4130 635 4180 suos,
658 4125 763 4185 aut
792 4118 956 4172 etiam
1014 4120 1080 4185 in_
1123 4119 1435 4186 Palaestina,
1481 4121 1748 4176 rotundas
1777 4136 1875 4175 sua

295 4214 463 4259 suate
489 4204 659 4261 fuisse
691 4224 705 4260 :
739 4207 813 4261 Τὸ
842 4209 948 4283 γὰρ
984 4212 1460 4283 στρογγυλοειδὲς·
1486 4211 1631 4267 Nam
1659 4213 1713 4267 id
1739 4212 1875 4283 quod

296 4296 592 4350 rotundum
618 4308 717 4364 est,
745 4307 852 4355 etc.
887 4301 1066 4371 inquit
1098 4303 1189 4359 ille
1218 4304 1272 4358 in
1299 4305 1633 4361 Ancliorato.

375 4385 565 4443 XLVI.
603 4391 872 4458 Opuscula
901 4393 1012 4446 alia
1042 4393 1104 4447 de
1130 4395 1331 4465 azymis
1354 4394 1554 4450 Joatmi
1591 4396 1880 4454 Damasce-

292 4495 369 4532 πο
424 4482 715 4548 supposita.
747 4508 815 4521 -—
854 4482 1303 4540 Dissertationem
1354 4486 1497 4542 hanc
1564 4488 1633 4544 de
1675 4491 1882 4561 azymis

295 4572 587 4627 excudere
637 4574 1016 4642 absolvebam,
1044 4563 1267 4647 quando
1317 4578 1483 4633 incidi
1532 4580 1588 4634 in
1635 4582 1878 4637 codiceni

296 4662 557 4717 Graecum
586 4664 929 4721 bibliothecae
949 4667 1327 4735 Coislinianaz,
1354 4684 1409 4722 ιι.
1446 4668 1538 4732 82,
1565 4670 1619 4724 in
1651 4686 1761 4740 quo
1792 4688 1880 4727 re-

292 4752 426 4821 peri
478 4763 770 4809 tractatum
824 4758 1097 4829 integrum
1155 4757 1386 4815 Joannis
1444 4760 1727 4831 Philoponi
1762 4761 1879 4815 Tri-

290 4844 490 4897 theita:
525 4844 597 4898 De
624 4844 881 4902 Pascltate
902 4848 1129 4906 Joannis
1163 4849 1485 4906 Damasceni
1524 4854 1742 4907 nomine
1778 4855 1882 4909 hoc

294 4935 469 4989 modo
509 4935 829 5007 insignitum
866 4956 881 4992 :
927 4939 1168 4994 Ἰωάννου
1205 4940 1298 4994 τοῦ
1340 4943 1695 5013 Δαμασκηνοῦ
1725 4943 1880 5013 λόγος

294 5025 436 5094 περὶ
458 5024 712 5095 ἀζύμων,
742 5025 968 5084 Joannis
1002 5029 1325 5085 Damasceni
1357 5049 1528 5087 sermo
1551 5032 1613 5088 de
1641 5037 1841 5104 azymis
1860 5053 1879 5089 .'

303 5116 607 5186 Ἐζήτηται
633 5119 760 5190 περὶ
781 5120 999 5174 δείπνου
1034 5123 1366 5177 Δεσποτικοῢ
1391 5124 1603 5188 πολλοῖς
1622 5142 1635 5156 ’
1668 5126 1711 5178 Λ
1742 5128 1880 5181 mul-

290 5209 369 5262 tis
399 5212 680 5279 quttsitum
707 5221 783 5265 est
809 5212 872 5267 de
894 5230 1038 5268 creua
1062 5215 1362 5282 Dominica,
1388 5226 1496 5275 etc.
1526 5219 1603 5274 Ex
1629 5237 1737 5290 quo
1760 5229 1881 5275 tan-

290 5297 423 5350 dem
459 5300 668 5369 conjeci
705 5299 846 5355 unde
875 5299 1078 5357 factum
1104 5305 1196 5370 sit,
1235 5313 1293 5359 ut
1328 5306 1437 5360 duo
1474 5307 1550 5362 illi
1578 5309 1645 5364 de
1674 5312 1880 5380 azymis

290 5391 581 5442 tractatuli
605 5406 746 5459 quos
770 5391 936 5457 edidi,
972 5404 1025 5447 et
1055 5395 1258 5464 quibus
1289 5398 1342 5451 in
1376 5413 1585 5454 summa
1618 5402 1881 5470 perstrin-

293 5490 511 5549 guntur
542 5484 722 5537 omnia
769 5483 1057 5541 Tritheita:
1098 5487 1165 5543 de
1201 5500 1476 5559 postremo
1520 5492 1725 5549 Christi
1764 5491 1871 5548 Pa-

290 5571 492 5628 schate
550 5586 844 5643 rmnnenta,
880 5576 1109 5636 Joannis
1164 5579 1492 5641 Damasceni
1554 5600 1754 5641 nomen
1814 5587 1869 5643 in

368 5749 449 5822 (ο)
485 5748 622 5806 Dial.
655 5769 711 5807 ιιι
763 5754 1005 5811 Cmsarii.
1031 5764 1225 5827 quaest.
1264 5757 1383 5817 l69.

1636 374 2142 439 DISSERTATIO
2177 378 2275 439 VI.

1990 488 2325 557 quibusdam
2383 490 2672 551 codicibus
2702 504 2789 550 sat
2847 498 3165 554 recentibus
3222 500 3562 569 praeferrent.

1989 580 2164 646 Quam
2201 582 2391 651 procul
2428 583 2797 642 Damascenus
2825 598 3014 645 noster
3066 590 3328 656 abfuerit,
3366 600 3423 645 ut
3446 607 3564 647 cre-

1987 670 2143 727 deret
2166 672 2450 728 Christum
2484 689 2609 727 cum
2647 675 2934 747 discipulis
2969 679 3253 735 Iudaicum
3295 682 3566 753 typieum-

1988 776 2096 832 que
2124 762 2336 819 Pascha
2360 765 2539 834 pridie
2569 782 2734 837 quam
2763 779 3074 825 moreretur
3102 788 3209 827 non
3232 774 3561 837 comedisse,

1987 853 2205 909 duobus
2235 857 2601 924 genuinorum
2638 858 2763 927 ejus
2782 874 3011 930 Operum
3052 863 3191 916 locis
3214 866 3565 933 comprobavi

1986 942 2398 1001 dissertationis
2432 946 2599 1016 hujus
2650 949 2835 1005 initio.
2886 951 3099 1016 Quibus
3148 970 3297 1009 nunc
3340 959 3561 1011 tertium

1987 1034 2185 1088 addam
2221 1051 2287 1090 ex
2312 1036 2435 1105 ejus
2487 1040 2738 1096 oratione
2783 1044 3029 1097 secunda
3086 1044 3140 1096 in
3175 1047 3561 1103 dormitionem

1984 1122 2157 1179 beata:
2187 1123 2430 1195 Virginis
2460 1144 2473 1181 :
2510 1127 2651 1181 Σιὼν
2697 1131 2958 1200 φημὶ,....
2995 1133 3053 1184 ἐν
3157 1132 3218 1184 τὸ
3268 1134 3457 1204 Πάσχα
3505 1139 3565 1189 τὸ

1984 1214 2209 1271 τυπικὸν
2233 1216 2261 1267 6
2294 1218 2585 1288 νομοδότης
2604 1220 2839 1290 Χριστὸς
2858 1222 3194 1289 ἐκτετέλεκε,
3244 1225 3339 1277 καὶ
3374 1226 3565 1296 Πάσχα

1983 1305 2044 1358 τὸ
2067 1305 2265 1377 ἀληθὲς
2290 1311 2318 1361 6
2340 1309 2583 1373 Παλαιᾶς
2604 1312 2697 1364 καὶ
2738 1312 2885 1376 Νέας
2915 1314 3191 1385 Διαθήκης
3219 1316 3351 1379 Θεὸς
3387 1333 3568 1386 παρα-

1982 1394 2241 1449 δέδωκεν·
2276 1396 2428 1461 Sion,
2452 1399 2734 1468 inquam...
2772 1402 2826 1455 in
2863 1418 2966 1471 qua
2999 1403 3274 1472 legislator
3319 1404 3563 1459 Christus

1982 1488 2212 1556 typicum
2251 1488 2462 1543 Pascha
2506 1494 2724 1561 peregit,
2767 1509 2830 1547 ac
2878 1496 3061 1548 veteris
3102 1496 3210 1564 ipse
3243 1497 3460 1566 novique
3489 1507 3564 1549 te-

1981 1580 2231 1633 stamenti
2255 1579 2397 1634 Deus
2419 1598 2597 1636 verum
2627 1582 2846 1636 Pascha
2889 1586 3132 1640 tradidit.
3175 1585 3561 1655 Fragmentum

1981 1668 2110 1723 item
2144 1669 2296 1724 aliud
2321 1672 2373 1725 in
2401 1672 2592 1727 eodem
2618 1673 2812 1730 codice
2846 1684 3027 1730 exstat
3060 1678 3304 1746 ejusdem
3334 1676 3562 1733 Joannis

1978 1752 2325 1815 Damasceni.
2355 1763 2579 1818 nomine
2636 1765 2868 1833 perinde
2922 1768 3272 1838 inscriptum,
3345 1769 3400 1822 in
3453 1784 3562 1838 quo

1978 1850 2167 1916 etiam,
2196 1852 2306 1905 alio
2336 1852 2497 1909 modo
2518 1861 2684 1924 atque
2717 1856 2771 1910 in
2804 1858 3093 1928 opusculis
3116 1875 3237 1929 quae
3267 1860 3559 1925 edidimus,

1977 1941 2047 1996 de
2069 1943 2303 2013 azymis,
2341 1946 2699 2004 schismatico
2739 1964 2915 2015 more,
2968 1968 3157 2017 sensu,
3195 1962 3359 2022 atque
3385 1968 3561 2023 nuga-

1979 2034 2146 2090 citate
2191 2035 2530 2108 disputatur,
2580 2043 2775 2112 sicque
2840 2043 3047 2099 habet:
3110 2044 3216 2098 Τοῦ
3270 2046 3327 2097 ὲν
3386 2045 3561 2113 ἁγίοις

1991 2124 2236 2179 Ἰωάννου
2290 2127 2385 2181 τοῦ
2424 2131 2786 2203 Δαμασκηνοῦ
2810 2150 2825 2166 ·
2874 2132 3061 2189 Sancti
3080 2134 3308 2189 Joannis
3360 2134 3561 2189 Dama-

1978 2220 2140 2276 sceni.
2186 2220 2273 2273 Ἐν
2309 2223 2488 2291 τρισὶν
2517 2221 2671 2286 ὕλαις
2712 2225 2930 2279 ἐτέλουν
2968 2227 3017 2278 ot
3069 2226 3310 2279 Ἰουδαῖοι
3345 2226 3406 2279 τὸ
3449 2226 3561 2279 Πά-

1980 2328 2106 2382 σχα,
2140 2311 2236 2366 καὶ
2267 2313 2326 2366 ἐν
2356 2315 2505 2385 τρισὶ
2533 2315 2838 2386 μάρτυρσιν
2868 2317 3011 2370 κατά
3038 2318 3141 2387 τὴν
3159 2317 3316 2382 τάξιν
3348 2316 3444 2369 τοῦ
3471 2317 3560 2371 νό-

1984 2416 2085 2470 μου
2104 2418 2117 2432 ο
2146 2400 2241 2454 καὶ
2260 2403 2316 2455 αἱ
2348 2402 2447 2472 μὲν
2470 2406 2621 2473 τρεῖς
2648 2403 2770 2457 ὕλαι
2790 2407 2819 2457 6
2838 2405 3008 2475 ἀμνὸς
3038 2400 3203 2475 ἦσαν,
3238 2406 3300 2457 τὸ
3327 2405 3558 2474 ἄζυμον,

1980 2492 2075 2546 καὶ
2114 2493 2147 2562 ἡ
2198 2493 2418 2564 πικρίς⁸
2456 2495 2513 2546 αἱ
2545 2494 2603 2547 δὲ
2630 2498 2783 2565 τρεῖς
2825 2496 3043 2566 ἀρεταὶ,
3102 2496 3555 2566 περιεζωσμένοι,

1981 2582 2075 2635 καὶ
2103 2582 2356 2653 ὑπόδημα
2381 2584 2460 2647 είς
2477 2584 2605 2646 τοὺς
2633 2583 2821 2648 πόδας,
2847 2585 2940 2637 καὶ
2964 2586 3020 2638 αἱ
3049 2584 3339 2654 βακτηρίαι
3364 2586 3422 2637 ἐν
3440 2587 3560 2647 ταῖς

1980 2671 2185 2743 χερσίν.
2218 2675 2281 2725 Οἱ
2308 2673 2363 2725 δέ
2411 2674 2709 2744 μάρτυρες,
2760 2678 2907 2745 τρεῖς
2963 2674 3091 2745 περὶ
3138 2675 3236 2744 τὴν
3278 2673 3560 2744 τράπεζαν

1981 2761 2236 2826 ἑστῶτες,
2277 2763 2372 2815 καὶ
2402 2762 2647 2833 ἀκριϐῶς
2681 2762 3043 2831 γινώσκοντες
3079 2763 3176 2835 τὴν
3198 2762 3291 2816 τοῦ
3319 2764 3561 2831 φέγγους

1983 2854 2146 2924 (fort.
2181 2853 2482 2922 φθέγγους)
2522 2853 2674 2924 ὥραν
2706 2854 2795 2908 διὰ
2841 2854 3105 2925 ποτηρίου
3152 2854 3300 2916 τινὸς
3338 2854 3559 2907 σαλευο-

1987 2943 2171 3013 μένου,
2197 2942 2292 2996 καὶ
2322 2942 2750 3013 σημαινομένου,
2775 2943 2871 2997 καὶ
2901 2944 3252 3008 σαλπίζοντος
3279 2944 3440 3007 εὐθὺς
3464 2943 3557 2997 τοῦ

1984 3034 2173 3103 ἱερέως
2205 3035 2288 3087 ὅτι
2328 3034 2521 3105 Πάσχα
2546 3035 2664 3087 ἐστὶ
2694 3035 2924 3106 Κυρίου,
2958 3035 3055 3088 καὶ
3107 3032 3291 3089 λοιπὸν
3337 3036 3474 3106 μετά
3500 3036 3561 3090 τὸ

1981 3126 2209 3179 ἀκοῦσαι
2228 3126 2327 3194 τῆς
2348 3126 2531 3194 φωνῆς
2547 3127 2645 3196 τῆς
2670 3125 2989 3195 σάλπιγγος,
3012 3127 3229 3178 ἐποίουν
3254 3126 3351 3197 τὴν
3380 3126 3559 3199 ζύμην

1982 3217 2128 3287 (lego
2150 3218 2248 3288 τῆς
2281 3217 2494 3288 ζύμης)
2539 3218 2665 3271 ἄνευ
2693 3218 2857 3287 ἄρτον
2886 3218 3104 3287 ἡμέρας
3158 3218 3327 3271 ἐπτά’
3364 3219 3470 3288 πρὸ
3501 3220 3559 3272 δὲ

1980 3309 2075 3361 τοῦ
2118 3308 2348 3379 σημείου
2388 3308 2485 3361 τοῦ
2525 3309 2789 3381 ποτηρίου
2829 3310 2924 3362 καὶ
2979 3310 3080 3379 τῆς
3132 3309 3433 3379 σάλπιγγος
3460 3312 3559 3365 οὐκ

1980 3396 2125 3471 εῑχον
2173 3401 2426 3465 ἐξουσίαν
2469 3402 2787 3473 εὐτρεπίσαι
2820 3402 2912 3455 τὸν
2944 3403 3137 3472 ἀμνὸν,
3182 3403 3213 3472 ἢ
3261 3402 3488 3472 ἄζυμον,
3522 3403 3555 3474 ἢ

1979 3493 2257 3562 πικρίδας.
2280 3493 2468 3557 Οὕτως
2493 3494 2602 3564 γάρ
2626 3510 2791 3563 φησιν
2813 3494 2908 3546 καὶ
2938 3493 2965 3544 6
2996 3494 3136 3556 θεῖος
3166 3494 3329 3546 Δαείδ
3354 3510 3367 3523 ·
3387 3514 3404 3543 ι
3426 3494 3560 3547 Σαλ-

1976 3586 2178 3639 πίσατε
2210 3587 2267 3637 ἐν
2302 3585 2565 3655 νεομηνία
2598 3585 2880 3652 σάλπιγγι.
2921 3602 2939 3634 ι
2982 3584 3041 3636 '0
3079 3584 3136 3636 δὲ
3176 3583 3377 3653 Κύριος
3402 3584 3558 3653 ἡμῶν

1991 3674 2196 3746 Ἰησοῦς
2249 3676 2486 3745 Χριστὸς
2515 3676 2574 3727 ἐν
2606 3677 2674 3744 τῇ
2724 3674 2953 3743 πέμπτῃ
3003 3675 3187 3744 ἡμέρᾳ
3216 3674 3470 3742 ἐποίησεν
3499 3674 3561 3728 τὸ

1976 3767 2188 3820 δεῖπνον
2216 3766 2279 3818 τὸ
2315 3766 2577 3836 μυστικὸν
2599 3802 2613 3825 ,
2649 3765 2744 3817 καὶ
2785 3766 2882 3835 τὴν
2912 3765 3018 3818 τῶν
3055 3766 3215 3819 Θείων
3241 3765 3563 3837 μυστηρίων

1978 3858 2296 3928 παράδοσιν,
2349 3856 2469 3927 ὥρᾳ
2500 3856 2696 3919 νυκτὸς
2757 3856 2913 3926 ἕκτη.
2966 3856 3030 3909 ’Π
3064 3856 3119 3908 δὲ
3175 3857 3282 3909 τῶν
3334 3856 3559 3926 ἀζύμων

1978 3950 2178 4015 εἴσοδος
2196 3948 2418 4017 ἐγένετο
2442 3950 2509 4018 τῇ
2548 3950 2873 4018 παρασκευῇ
2913 3948 3154 4019 ἑσπέρας
3195 3947 3333 4018 μετὰ
3370 3948 3430 4000 τὸ
3462 3965 3557 4001 τα-

1979 4043 2145 4111 φῆναι
2178 4042 2269 4097 τὸν
2300 4040 2525 4112 Κύριον.
2563 4039 2660 4093 Διά
2702 4038 2863 4091 τοῦτο
2891 4039 2939 4091 οἱ
2972 4039 3237 4109 τέσσαρες
3274 4036 3560 4105 εὐαγγελι-

1978 4131 2102 4184 σταὶ
2132 4130 2296 4200 ἄρτον
2326 4128 2533 4182 τέλειον
2564 4128 2817 4197 λέγουσιν
2850 4128 3186 4199 παραδοῦναι
3222 4132 3279 4181 ἐν
3305 4131 3416 4191 τοῖς
3459 4145 3560 4199 μυ-

1986 4223 2253 4294 στηρίοις,
2287 4224 2382 4276 καὶ
2423 4224 2525 4276 οὐκ
2567 4222 2803 4291 ἄζυμον,
2834 4222 2929 4274 καὶ
2980 4222 3067 4273 ἵνα
3101 4218 3444 4290 πιστώσηται
3476 4220 3558 4273 ὅτι

1983 4314 2186 4367 τέλειον
2209 4314 2300 4368 τὸν
2326 4313 2612 4383 ἄνθρωπον
2642 4312 3008 4382 προσελάϐετο
3032 4314 3097 4365 ἐκ
3119 4311 3216 4380 τῆς
3238 4311 3399 4378 ἁγίας
3418 4311 3561 4377 [lap-

1983 4406 2137 4460 θένου
2164 4423 2177 4437 ο
2209 4406 2353 4474 λέγω
2396 4404 2460 4476 δὴ
2495 4404 2741 4475 ἔμψυχον
2784 4405 2878 4458 καὶ
2923 4403 3130 4468 ἔννουν,
3167 4403 3261 4455 καὶ
3309 4403 3408 4471 οὐχ
3432 4402 3506 4465 ὡς
3532 4403 3561 4454 6

1980 4500 2276 4563 Λαοδικεὺς
2348 4498 2718 4569 Ἀπολινάριος
2784 4498 2999 4561 ἀσεϐῶς
3044 4497 3420 4567 ἐδογμάτισεν,
3476 4496 3559 4549 ὅτι

1982 4590 2140 4660 σῶμα
2175 4590 2335 4660 μόνον
2385 4590 2549 4644 άνουν
2603 4590 2695 4643 καὶ
2726 4588 2965 4660 ἄψυχονσ
3023 4590 3119 4643 καὶ
3159 4591 3321 4658 ἄρτον
3355 4588 3560 4641 τέλειόν

1981 4697 2185 4751 φαμεν,
2215 4680 2308 4734 τὸν
2338 4680 2405 4733 δι’
2439 4679 2671 4752 ἀλεύρου
2722 4680 2819 4734 καὶ
2859 4679 3038 4750 ζύμης
3080 4680 3174 4731 καὶ
3205 4678 3399 4739 ἀλατος
3433 4695 3560 4730 συν-

1981 4769 2269 4840 εστηκότα,
2291 4768 2541 4841 καθάπερ
2576 4768 2791 4840 σώματι
2812 4768 2959 4838 ψυχὴ
2982 4767 3076 4821 καὶ
3097 4766 3239 4830 νοῦς.
3265 4767 3432 4836 Σῶμα
3453 4766 3559 4835 γὰρ

1981 4861 2151 4931 χωρὶς
2177 4861 2380 4931 ψυχῆς,
2417 4861 2630 4933 νεκρόν.
2669 4860 2782 4916 Καὶ
2808 4861 2867 4913 τὸ
2890 4860 3097 4929 ἄζυμον
3126 4857 3215 4911 διά
3248 4858 3308 4911 τὸ
3332 4856 3558 4926 ἐστερῆ-

1983 4951 2107 5004 σθαι
2130 4952 2226 5022 τῆς
2250 4951 2450 5022 ζύμης,
2482 4952 2675 5022 νεκρόν
2701 4953 2870 5016 ἐστιν,
2904 4952 2999 5004 καὶ
3032 4951 3090 5002 ού
3122 4948 3352 5012 ζωτικὺς
3374 4948 3553 5019 ἄρτος·

1979 5041 2168 5112 ἐπειδὴ
2195 5044 2228 5112 ἡ
2253 5041 2397 5111 ζύμη
2424 5041 2568 5112 ζωὴν
2590 5042 2777 5095 δίδωσι
2800 5041 2877 5111 τῷ
2904 5040 3189 5111 φυράματι
3217 5041 3311 5094 καὶ
3340 5039 3555 5101 ἕνωσιν,

1980 5133 2233 5203 καθάπερ
2261 5133 2322 5185 τὸ
2354 5133 2570 5202 πνεῦμα
2605 5133 2685 5200 τῷ
2717 5133 2929 5203 σώματι
2966 5133 3078 5203 (hic
3113 5132 3271 5187 deest
3302 5127 3556 5198 aliquid),

1981 5225 2163 5279 καὶτὸ
2197 5225 2331 5287 ἆλας
2376 5224 2453 5294 τῷ
2489 5224 2563 5294 νῷ
2616 5224 2710 5277 καὶ
2756 5225 2845 5277 διὰ
2879 5223 3040 5277 τοῦτο
3089 5219 3443 5289 ἐπιτελοῦμεν
3489 5217 3558 5271 τά

1980 5316 2102 5370 Θεία
2142 5318 2417 5388 μυστήρια
2479 5318 2568 5371 διὰ
2605 5316 2699 5369 τοῦ
2761 5316 2970 5368 τελείου
3015 5315 3204 5385 ἄρτου,
3239 5312 3324 5365 ἵνα
3380 5310 3454 5381 μὴ
3487 5312 3553 5380 τῇ

1978 5407 2268 5477 δυσσεϐείᾳ.
2317 5406 2414 5459 τοῦ
2471 5406 2696 5476 βεϐήλου
2760 5404 3140 5474 Ἀπολιναρίου
3202 5400 3553 5472 ἐμπέσωμεν.

1979 5498 2199 5552 Γίνεται
2228 5493 2320 5551 οὖν
2346 5499 2379 5568 ἡ
2406 5501 2503 5569 τῆς
2543 5497 2770 5568 σελήνης
2809 5495 3077 5565 ἀπόχυσις
3103 5496 3161 5546 ἐν
3184 5493 3419 5564 ἡμέραις
3441 5490 3553 5545 τέσο

1984 5606 2143 5661 σαρσι
2182 5590 2368 5662 ἡμίσει
2397 5590 2491 5644 καὶ
2508 5588 2678 5660 ὥραις
2708 5584 2887 5659 τρισίν
2914 5603 2925 5617 ·
2957 5587 3034 5653 είς
3062 5586 3119 5640 δὲ
3148 5584 3207 5640 τὸ
3262 5583 3433 5649 πάθος
3464 5585 3559 5640 τοῦ
