3974 6338
402 429 614 504 Κυριου
642 430 802 502 ἡμῶν
843 428 1019 502 Ἰησοῦ
1047 428 1286 502 Χριστοῦ
1308 429 1555 502 ὑπερέϐη
1589 432 1670 495 εἰς
1698 429 1870 500 ἕκτην
1893 429 1991 483 καὶ

401 521 641 590 δεκάτην
669 519 909 590 ἡμέραν,
941 521 1029 574 ἵνα
1070 521 1396 594 μαρτυρήσῃ
1447 519 1540 574 τὸν
1576 518 1988 590 σταυρωθέντα,

402 613 486 665 ὅτι
519 609 772 681 ἀληθινὸς
801 611 936 675 Oed;
983 612 1121 675 ἐστι,
1177 611 1272 664 καὶ
1305 611 1421 683 ζωὴ
1467 609 1726 674 αἰώνιοςο
1769 609 1990 678 Triplici

403 703 632 756 materia
662 700 845 757 Iudici
881 702 1089 756 Pascha
1131 701 1478 774 peragebant,
1515 702 1786 772 tribusque
1841 700 1993 756 testi-

405 793 524 856 bus,
553 793 718 862 juxta
751 809 816 846 ac
861 793 972 863 lege
1020 795 1371 848 constitutum
1403 801 1542 848 erat.
1572 791 1809 848 dicteria
1832 807 1992 862 porro

406 885 604 954 triplex
631 893 772 949 erat,
805 900 997 954 agnus,
1049 885 1208 952 panis
1267 884 1484 939 minime
1526 883 1896 953 fermentatus,
1941 893 1992 938 et

407 991 608 1030 amarat
628 975 802 1030 herbae
821 992 841 1029 .'
873 981 978 1029 tres
1010 991 1133 1030 vero
1163 975 1384 1028 virtutes
1406 983 1581 1038 erant,
1605 983 1665 1026 ut
1693 987 1876 1041 nempe
1895 987 1992 1026 ac-

407 1066 570 1120 cincti
591 1076 788 1132 essent,
815 1076 875 1121 ut
898 1068 1148 1123 calceatis
1169 1067 1412 1137 pedibus,
1441 1075 1501 1121 ut
1547 1065 1765 1122 buculos
1815 1065 1993 1121 mani-

411 1160 506 1212 bus
535 1166 789 1216 tenerent.
823 1159 1000 1214 Testes
1021 1169 1200 1214 autem
1228 1159 1300 1213 ad
1322 1173 1556 1213 mensam
1577 1166 1775 1213 stantes
1799 1157 1890 1227 qui
1915 1156 1997 1211 di-

409 1247 629 1319 ligenter
653 1251 987 1304 observarent
1020 1259 1222 1318 tempus
1252 1249 1488 1320 fulgoris
1526 1263 1620 1317 per
1649 1248 1871 1303 calicem
1903 1248 1996 1319 qui

409 1339 738 1403 movebatur,
766 1350 816 1396 ct
846 1343 1056 1410 signum
1076 1341 1242 1395 dabat
1265 1379 1283 1406 ,
1311 1339 1584 1400 sacerdote
1605 1339 1732 1394 tuba
1753 1348 1993 1405 canente,

413 1429 624 1484 Pascha
677 1430 890 1486 Domini
942 1449 1076 1488 esse.
1124 1432 1381 1503 Deinceps
1404 1433 1602 1502 itaque,
1659 1431 1850 1486 audita
1875 1446 1996 1487 voce

415 1522 577 1587 tubw,
611 1538 800 1590 panem
829 1525 1024 1594 absque
1048 1525 1307 1594 fermento
1337 1523 1682 1594 conficiebant
1704 1522 1886 1579 diebus
1911 1539 1996 1579 se-

413 1622 575 1682 ptem.
598 1612 861 1669 Ctrterum
901 1627 1023 1670 ante
1068 1617 1278 1686 signum
1313 1615 1500 1670 colicis
1534 1623 1584 1669 et
1627 1617 1769 1669 tuba:
1797 1630 1994 1685 nequa-

415 1721 578 1774 quam
603 1705 812 1760 licitum
841 1707 918 1761 eis
948 1715 1086 1770 erat,
1109 1722 1272 1777 neque
1312 1721 1530 1776 agnum,
1559 1720 1723 1775 neque
1753 1720 2002 1775 azymum

416 1811 608 1864 panem
639 1813 834 1865 parare
859 1837 873 1858 ,
912 1813 1076 1866 neque
1103 1797 1293 1852 herbas
1320 1812 1560 1851 amaras.
1584 1794 1675 1851 Sic
1701 1796 1841 1850 enim
1865 1796 2002 1851 divi-

422 1905 523 1944 nus
574 1889 745 1943 Dauid
780 1891 856 1944 ait
885 1906 903 1944 :
942 1908 962 1941 ι
996 1890 1287 1945 Buccinate
1317 1891 1370 1944 in
1401 1889 1674 1944 neontenia
1717 1889 1841 1942 tuba
1871 1888 1938 1942 ⁷⁸.
1978 1905 1998 1941 s

421 1983 588 2052 Atqui
630 1982 890 2038 Dominus
937 1991 1117 2038 noster
1147 1982 1305 2038 Jesus
1344 1979 1590 2038 Christus
1641 1981 1780 2049 feria
1819 1982 2006 2051 quinta

420 2074 702 2142 mysticam
724 2089 924 2127 caenam
975 2075 1103 2144 egit,
1150 2075 1432 2144 divinaque
1461 2074 1713 2142 mysteria
1739 2073 2004 2139 tradidit,

419 2163 552 2217 hora
583 2165 734 2220 nobis
763 2175 936 2221 sexta.
978 2167 1301 2236 Azgmorum
1340 2174 1517 2218 autem
1555 2165 1770 2219 initium
1813 2166 1914 2234 fuit
1945 2165 2000 2220 in

423 2244 716 2310 Parasceoe
746 2257 816 2310 ad
851 2272 1144 2326 uesperam,
1179 2271 1299 2310 cum
1347 2253 1606 2310 Dominus
1621 2255 1742 2324 jam
1765 2255 2003 2326 sepultus

493 2429 543 2462 ⁷³
572 2428 718 2484 Psal.
745 2445 911 2498 una,
945 2431 1002 2485 4.

1482 2625 2080 2642 .————-—b——-——

1460 309 2113 378 DISSERTATIONES
2166 308 2730 374 DAMASCENINE.

3558 314 3674 384 ltili

2098 435 2255 483 esset.
2289 426 2554 494 Quocirca
2579 428 2911 500 evangelista:
2947 436 3182 500 quatuor
3213 430 3368 486 aiunt
3409 445 3528 487 eum
3570 451 3658 504 pa-

2093 533 2211 573 nem
2233 517 2522 586 perfectum
2545 519 2602 572 in
2631 519 2898 588 mysteriis
2923 519 3152 587 dedisse,
3180 537 3244 576 ac
3269 537 3373 576 non
3396 539 3668 594 azgmum,

2093 616 2152 663 ut
2181 607 2342 678 fidem
2378 623 2583 678 quoque
2609 607 2835 676 faceret,
2865 626 2922 664 se
2967 611 3257 679 perfectum
3301 611 3561 672 hominem
3581 631 3682 670 as-

2091 700 2384 770 sumpsisse
2405 715 2472 755 ea:
2499 709 2686 754 sancta
2713 700 2945 771 Virgine,
2967 703 3171 769 anima,
3198 704 3440 773 inquam,
3459 713 3512 758 et
3529 721 3683 759 men-

2095 800 2145 846 te
2186 790 2492 860 pratditum,
2525 807 2589 844 ac
2618 805 2722 845 non
2746 799 2804 844 ut
2823 790 3156 848 Laodicenus
3177 793 3542 862 Apollinarius
3569 797 3675 849 im-

2092 882 2176 951 pie
2203 881 2405 949 docuit,
2451 896 2642 950 corpus
2689 880 2956 936 duntaxat
3023 883 3138 938 sine
3177 893 3346 940 mente
3373 894 3425 940 et
3468 885 3672 940 anima.

2093 975 2295 1030 Panem
2316 974 2494 1046 itaque
2511 973 2800 1044 perfectum
2827 974 3076 1041 dicimus,
3105 977 3197 1047 qui
3217 976 3420 1046 farina,
3450 976 3678 1047 fermen-

2095 1075 2170 1131 to,
2193 1075 2245 1122 et
2271 1067 2386 1122 sale
2410 1075 2644 1131 constat,
2667 1066 2749 1120 uti
2777 1067 2988 1136 corpori
3024 1068 3208 1122 anima
3235 1083 3483 1141 mensque
3509 1084 3675 1137 copu-

2092 1158 2221 1215 latae
2247 1165 2392 1214 sunt.
2419 1156 2565 1213 Nam
2593 1174 2788 1229 corpus
2807 1157 2948 1228 quod
2977 1159 3160 1213 anima
3203 1168 3371 1222 caret,
3404 1168 3678 1214 mortuum

2091 1257 2194 1305 est.
2231 1249 2400 1320 Atque
2423 1264 2698 1320 asymum,
2740 1248 2868 1320 quia
2906 1249 3151 1318 fermenti
3193 1259 3273 1305 est
3299 1265 3504 1318 expers,
3536 1267 3682 1305 mor-

2095 1350 2246 1394 tuum
2273 1349 2376 1405 est,
2401 1356 2466 1395 ac
2488 1355 2592 1395 non
2623 1339 2780 1409 panis
2811 1339 3050 1405 vividus;
3083 1341 3270 1410 quippe
3291 1357 3412 1396 cum
3462 1341 3683 1411 fermen-

2097 1440 2208 1488 tum
2237 1432 2403 1488 vitam
2431 1447 2625 1488 massa
2649 1431 2848 1486 tribuat
2875 1441 2926 1486 et
2948 1432 3217 1498 unionem,
3234 1433 3680 1503 quemadmodum

2097 1525 2320 1594 spiritus
2355 1525 2586 1595 corpori,
2610 1534 2662 1580 et
2686 1524 2771 1580 sal
2792 1524 2976 1580 menti.
3007 1522 3080 1578 Et
3116 1523 3317 1580 idcirco
3346 1526 3530 1579 diuina
3563 1539 3682 1595 mg-

2098 1616 2265 1672 steria
2298 1615 2532 1686 perfecto
2577 1631 2716 1686 pane
2762 1615 3096 1685 conﬁcimus,
3130 1631 3196 1670 ne
3245 1615 3301 1670 in
3354 1616 3687 1684 impietatem

2095 1708 2311 1778 profani
2351 1707 2679 1777 Apollinarii
2720 1707 3042 1762 incidamus.
3089 1704 3220 1761 Fuit
3261 1715 3438 1761 autem
3493 1707 3685 1776 effusio

2097 1800 2241 1854 lunas
2269 1799 2672 1870 quatuordecim
2702 1797 2888 1854 diebus
2909 1813 3029 1853 cum
3057 1795 3305 1863 dimidio,
3335 1807 3387 1852 et
3408 1798 3557 1852 horis
3585 1799 3660 1851 tri
3669 1827 3687 1839 -

2102 1890 2220 1946 bus.
2257 1889 2326 1945 In
2362 1890 2613 1959 passione
2664 1905 2785 1945 vero
2842 1888 3058 1944 Domini
3103 1889 3277 1943 nostri
3319 1885 3451 1942 Iesu
3483 1885 3690 1943 Christi

2101 1979 2366 2035 decimam
2397 1989 2606 2034 sextam
2638 1995 2824 2034 curam
2851 1977 3143 2048 superauit,
3171 1986 3232 2030 ut
3255 1993 3375 2031 eum
3397 1977 3487 2047 qui
3514 1979 3689 2031 cruci-

2105 2072 2247 2142 fixus
2267 2078 2406 2136 erat,
2426 2087 2605 2126 verum
2635 2069 2804 2126 Deum
2838 2079 2888 2125 et
2913 2070 3078 2124 vitam
3120 2078 3375 2123 aeternam
3393 2083 3506 2122 esse
3538 2067 3694 2123 testi-

2106 2165 2379 2234 ficaretur.
2411 2162 2521 2218 Has
2551 2161 2760 2216 naeuius
2789 2161 3078 2217 confutare
3099 2175 3208 2214 non
3247 2166 3430 2224 vacat,
3455 2165 3515 2220 et
3556 2173 3696 2230 pro-

2110 2254 2278 2310 lixam
2319 2253 2457 2310 satis
2481 2251 2934 2310 dissertationem
2959 2249 3179 2322 longius
3202 2247 3527 2320 producere.

2091 2611 3656 2644 MM».

1305 2800 1632 2886 DISSE
1661 2795 2100 2889 BTATIO
2238 2794 2802 2885 SEPTIMA.

944 2991 1032 3051 De
1059 2987 1446 3052 Christianis
1483 2985 1864 3060 Nazarenis,
1913 2992 1971 3046 et
2001 3001 2216 3047 eorum
2251 2985 2396 3064 ﬁde,
2419 3003 2661 3048 necnon
2691 2985 2764 3049 de
2794 2984 3141 3050 Ebionitis.

509 3349 696 3425 [XCII]
725 3351 768 3407 l.
798 3350 938 3405 Cum
965 3348 1020 3404 in
1052 3347 1503 3404 adnotationibus
1541 3345 1610 3402 ad
1658 3345 1863 3400 librum
1892 3357 2021 3400 san-

434 3442 513 3497 cti
544 3439 778 3498 Joannis
803 3438 1126 3494 Damasceni
1166 3438 1240 3492 De
1267 3438 1554 3492 Iunresibus
1582 3452 1756 3508 pauca
1784 3436 2018 3492 strictim

435 3535 507 3592 de
539 3537 645 3592 fide
698 3543 754 3591 et
808 3533 1058 3590 moribus
1109 3531 1551 3588 Christianorum
1610 3528 2021 3585 Nazarenorum

437 3627 697 3691 dixerim,
722 3626 881 3696 plura
911 3639 1034 3695 quas
1064 3622 1134 3678 de
1165 3623 1272 3678 hoc
1312 3628 1636 3693 argumento
1666 3619 2020 3677 edisserenda

442 3725 823 3788 suppeterent,
851 3716 1146 3787 operosius
1197 3729 1264 3770 ac
1315 3713 1584 3784 singulari
1635 3713 2025 3770 dissertatione

441 3822 704 3881 enarrare
734 3807 865 3862 mihi
893 3807 1202 3876 iniunctum
1234 3813 1318 3862 est
1355 3822 1386 3860 a
1417 3805 1571 3872 viris,
1602 3820 1711 3876 qua
1744 3804 2022 3871 doctrina,

445 3915 556 3970 qua
590 3900 876 3970 religionis
911 3900 1197 3955 catholicae
1219 3900 1403 3956 studio
1428 3898 1873 3970 spectatissimis,
1891 3913 2028 3969 quo-

445 4007 568 4044 rum
593 3989 847 4046 consiliis
877 4005 940 4046 ac
974 3992 1202 4047 nutibus
1243 4006 1555 4061 repugnare
1587 3989 1746 4046 nefas
1768 3989 1988 4045 fuisset.

519 4077 584 4133 ll.
612 4078 790 4133 Prisci
809 4078 873 4133 de
897 4077 1093 4135 Judtea
1121 4079 1420 4135 Christiani
1446 4077 1720 4140 Nazareni
1749 4078 2024 4148 appellati.

444 4168 883 4240 -—Epiphanius
933 4170 990 4224 in
1041 4171 1202 4226 libris
1251 4169 1330 4224 De
1374 4169 1662 4224 hteresibus
1713 4170 2029 4227 Nassarceos

446 4262 699 4318 consulto
733 4261 976 4317 secernit
1004 4276 1032 4314 a
1056 4259 1332 4316 Nazarreis
1366 4275 1467 4316 seu
1518 4259 1816 4318 Nazarenis
1836 4303 1850 4328 ,
1892 4276 2030 4332 quo-

446 4371 569 4409 rum
611 4354 686 4408 illi
721 4353 843 4423 puri
876 4355 994 4423 puti
1034 4352 1204 4407 Judaii
1243 4351 1472 4420 fuerint,
1524 4368 1590 4409 ac
1617 4353 1828 4410 Christi
1863 4351 2028 4409 forsi-

444 4453 544 4500 tan
582 4451 746 4500 mtate
779 4446 1134 4510 vetustiores,
1191 4445 1286 4500 alii
1320 4461 1388 4500 ex
1438 4443 1643 4501 Judaais
1698 4444 2026 4501 Christiani.

449 4534 626 4591 Prisci
657 4534 930 4606 siquidem
957 4535 1024 4591 de
1041 4533 1230 4590 Iudaea
1251 4533 1574 4602 Christiani,
1599 4535 1692 4605 qui
1723 4535 1789 4590 ad
1817 4545 2030 4606 aposto-

450 4626 628 4682 lorum
687 4627 1134 4698 praedicationem
1204 4627 1430 4684 Christo
1489 4642 1688 4684 nomen
1739 4627 2032 4695 dederunt,

452 4717 727 4774 Nazareni
772 4721 1014 4790 primum
1070 4735 1101 4774 a
1157 4720 1568 4776 contribulibus
1603 4719 1722 4776 suis
1777 4719 2036 4791 appellati

452 4818 604 4876 sunt,
650 4811 782 4882 quia
829 4810 1095 4868 Dominus
1110 4811 1350 4869 Jesusin
1375 4813 1576 4883 oppido
1605 4811 1883 4867 Nazareth
1914 4821 2036 4868 erat

451 4901 754 4965 enutritus,
800 4917 1169 4974 magnamque
1215 4904 1343 4959 vitae
1393 4913 1606 4975 partem
1665 4911 2030 4973 transegerat,

451 4988 603 5044 unde
657 4998 714 5043 et
765 4989 1083 5048 Nazarenus
1119 4993 1544 5064 cognominatus
1584 4992 1704 5048 fuit.
1756 4992 2026 5060 Quocirca

450 5076 738 5136 Tertullus
769 5078 1087 5136 Judaaorum
1126 5091 1317 5138 orator
1362 5089 1418 5138 et
1464 5081 1789 5144 advocatus,
1843 5095 2025 5136 coram

453 5170 637 5228 Felice
657 5169 860 5228 ludam
889 5173 1122 5244 prmside
1153 5176 1318 5231 verba
1351 5175 1619 5231 adversus
1651 5173 1876 5228 Paulum
1900 5187 2030 5242 apo-

453 5264 656 5320 stolum
701 5263 970 5333 facturus,
1017 5281 1142 5322 eum
1171 5282 1293 5322 esse
1318 5267 1536 5322 dicebat
1581 5275 1852 5321 auctorem
1889 5264 2031 5320 sedi-

455 5356 616 5412 tionis
654 5365 810 5413 sectat
838 5355 1252 5414 Nazarenorum
1283 5359 1356 5413 ⁷³.
1391 5357 1502 5416 Hos
1533 5359 1883 5414 Christianos
1920 5357 2034 5413 Mo-

459 5447 622 5502 saica:
645 5448 783 5520 legis
809 5450 1156 5506 carremoniis
1204 5447 1378 5507 fuisse
1413 5450 1823 5506 addictissimos
1856 5464 2057 5506 sacrae.

458 5538 692 5596 Actuum
727 5541 1101 5610 apostolorum
1124 5540 1334 5613 paginae
1357 5541 1675 5612 perhibent;
1709 5555 1814 5596 non
1849 5539 2027 5596 solum

571 5679 746 5752 "Act.
771 5711 921 5764 χχιι,
953 5697 1007 5752 5.

2122 3355 2248 3414 cap.
2273 3356 2370 3407 xv,
2405 3342 2440 3412 7
2521 3341 2574 3409 ι,
2603 3342 2700 3399 ubi
2755 3349 3018 3400 narratur
3065 3340 3334 3414 quosdam
3361 3354 3551 3396 eorum
3574 3353 3702 3396 eum

2121 3430 2472 3488 Antiochiam
2529 3431 2812 3502 venissent
2839 3474 2856 3500 ,
2906 3430 3246 3504 persuadere
3301 3437 3532 3484 conatos
3575 3443 3703 3485 esse

2122 3521 2258 3588 illis,
2295 3520 2392 3591 qui
2431 3535 2500 3577 ex
2536 3522 2794 3592 gentibus
2827 3521 2883 3576 in
2917 3521 3198 3576 Christum
3259 3519 3570 3582 crederent,
3609 3532 3700 3574 sa-

2122 3613 2294 3668 lutem
2327 3612 2566 3669 obtineri
2625 3628 2737 3668 non
2783 3627 2948 3682 posse
2989 3611 3197 3667 omissa
3249 3611 3556 3682 prazsertim
3591 3609 3702 3664 cir—

2123 3701 2504 3768 cumcisione;
2538 3701 2636 3759 sed
2684 3703 2742 3758 in
2784 3702 2982 3772 primis
3022 3700 3188 3757 etiam
3223 3714 3347 3771 cap.
3375 3715 3517 3766 -ιιι,
3543 3699 3578 3768 ᾗ
3632 3699 3708 3754 20

2123 3806 2304 3864 seqq.,
2341 3792 2435 3848 ubi
2463 3793 2696 3866 legimus
2719 3791 2988 3848 Iacobum
3043 3789 3258 3846 Domini
3294 3791 3544 3854 fratrem,
3575 3788 3706 3845 Ilie-

2123 3885 2527 3956 rosolymorum
2557 3885 2886 3948 antistitem,
2929 3898 3147 3939 necnon
3172 3882 3420 3938 seniores
3446 3882 3707 3938 Ecclesiae

2126 3976 2210 4033 sic
2235 3975 2466 4032 Paulum
2506 3990 2630 4033 esse
2651 3975 2926 4032 allocutos
2954 3992 2970 4030 :
3013 3974 3191 4040 Vides,
3221 3976 3412 4043 frater,
3440 3985 3565 4042 quot
3591 3975 3705 4028 mil-

2129 4067 2203 4123 lia
2231 4077 2354 4122 sunt
2383 4071 2436 4124 in
2459 4066 2691 4134 Iudicis,
2725 4053 2817 4137 qui
2849 4065 3183 4122 crediderunt
3219 4075 3269 4120 et
3293 4081 3469 4118 omnes
3493 4066 3710 4119 comula-

2130 4168 2268 4212 tores
2293 4167 2414 4212 sunt
2445 4155 2596 4227 legis.
2627 4156 2926 4211 Audierunt
2961 4165 3137 4210 autem
3169 4154 3233 4208 de
3260 4165 3327 4217 te,
3360 4155 3486 4224 quia
3509 4155 3708 4208 disces-

2128 4248 2328 4303 sionem
2378 4248 2568 4300 doceas
2619 4261 2653 4300 a
2683 4243 2868 4315 Moyse
2913 4259 3095 4300 eorum
3136 4244 3228 4314 qui
3255 4259 3348 4312 per
3376 4253 3554 4313 gentes
3581 4255 3709 4298 sunt

2127 4339 2463 4404 J'udatorum,
2489 4337 2690 4402 dicens,
2715 4353 2821 4392 non
2847 4336 3032 4392 debere
3057 4351 3146 4391 eos
3165 4323 3539 4390 circumcidere
3564 4337 3711 4404 ﬁlios

2130 4448 2278 4495 suos,
2315 4446 2476 4502 neque
2525 4427 2813 4485 secundum
2851 4425 3284 4483 consuetudinem
3314 4426 3445 4496 legis
3477 4427 3708 4494 ingredi.

2133 4522 2276 4590 Quid
2307 4537 2428 4592 ergo
2455 4521 2575 4576 est?
2626 4519 2805 4588 utique
2853 4524 3059 4585 oportet
3113 4516 3385 4570 convenire
3420 4516 3715 4569 multitudi-

2137 4629 2298 4668 nem:
2345 4611 2561 4664 audient
2612 4610 2753 4664 enim
2793 4618 2841 4662 te
2873 4605 3252 4675 supervenisse.
3304 4605 3418 4660 Hoc
3468 4622 3592 4676 ergo
3621 4605 3714 4674 fac

2134 4705 2274 4772 quod
2328 4704 2423 4758 tibi
2453 4703 2704 4756 dicimus.
2760 4699 2896 4755 Sunt
2926 4697 3076 4752 nobis
3109 4697 3209 4750 ciri
3261 4706 3492 4767 quatuor
3531 4705 3715 4750 votum

2135 4797 2381 4852 habentes
2414 4809 2569 4864 super
2601 4808 2657 4848 se
2688 4808 2708 4848 :
2743 4792 2826 4845 his
2855 4789 3168 4859 assumptis,
3200 4787 3480 4856 sanctifica
3519 4797 3567 4841 te
3589 4803 3717 4840 cum

2131 4889 2264 4956 illis,
2295 4899 2346 4942 et
2392 4884 2632 4956 impende
2677 4885 2730 4938 in
2758 4883 2866 4937 illis
2923 4891 2982 4936 ut
3021 4880 3218 4935 radant
3261 4880 3440 4947 capita
3473 4894 3604 4933 sua:
3662 4895 3720 4936 cs

2134 4982 2299 5035 scient
2335 4992 2514 5032 omnes
2547 4976 2673 5046 quia
2700 4989 2816 5046 quae
2841 4971 2906 5028 de
2939 4981 2986 5026 te
3017 4971 3326 5034 audierunt,
3357 4969 3501 5038 falsa
3525 4967 3659 5021 sunt
3695 4989 3709 5027 ;

2129 5074 2222 5130 sed
2253 5071 2493 5136 ambulas
2522 5079 2570 5123 et
2592 5069 2702 5138 ipse
2727 5064 3034 5120 custodiens
3062 5063 3243 5133 legem.
3269 5059 3392 5114 Mox
3422 5072 3552 5112 vero
3575 5057 3716 5112 sub-

2127 5166 2391 5236 iungunt,
2419 5176 2540 5232 qum
2567 5159 2656 5214 hic
2678 5157 2874 5212 aﬁ‘erre
2907 5170 3018 5211 non
3046 5154 3229 5226 pigeat
3257 5169 3270 5206 :
3307 5149 3386 5204 De
3414 5148 3495 5203 his
3533 5159 3716 5203 autem

2131 5258 2222 5329 qui
2248 5255 2580 5311 crediderunt
2605 5266 2670 5308 eo:
2690 5249 2952 5322 gentibus,
2985 5262 3080 5300 nos
3129 5243 3444 5312 scripsimus
3467 5239 3726 5310 judican-

2135 5358 2232 5418 tes,
2263 5358 2320 5403 ut
2341 5347 2637 5402 abstineant
2664 5359 2720 5398 se
2759 5342 2824 5396 ab
2856 5339 3017 5393 idolis
3052 5334 3354 5401 immolato,
3397 5343 3449 5388 et
3493 5333 3719 5401 sangui-

2138 5456 2221 5504 ne,
2249 5446 2299 5494 et
2319 5437 2601 5506 suﬁ‘ocato,
2626 5442 2674 5487 et
2705 5428 3078 5500 fornicatione.

2209 5530 2292 5588 Ill.
2324 5529 2492 5584 Trans
2535 5523 2825 5581 Iordanem
2879 5531 2999 5576 ante
3055 5514 3547 5586 Hierosolymorum
3570 5509 3720 5567 obsi-
