3974 6338
256 453 465 508 diouem
501 455 851 505 secesserunt.
888 477 959 487 —-
989 446 1072 501 Illi
1107 459 1278 516 porro
1308 460 1502 503 omnes
1542 462 1615 502 es»
1641 445 1844 501 ludatis

255 541 576 605 Christiani,
612 553 741 593 cum
791 539 985 594 urbem
1047 548 1297 593 sanctam
1339 539 1408 594 ab
1441 540 1686 596 exemita
1730 538 1843 593 Ro-

254 644 544 689 manorqu
591 632 1002 702 quamprimum
1065 631 1307 685 cinctutu
1341 639 1507 701 atque
1554 631 1842 687 obsessum

254 722 322 776 iri
346 733 503 775 certo
536 719 932 790 intelligerent,
957 733 1024 772 ex
1053 716 1265 781 Iudaea,
1287 718 1366 772 uti
1401 719 1708 789 ιιι-ωηιοηίιί
1736 717 1847 789 pri-

252 815 376 867 dem
400 826 431 866 a
464 811 700 866 Domino
728 810 950 865 fuerant
985 809 1054 874 ",
1087 809 1156 863 ad
1188 816 1405 865 montes
1434 808 1714 879 fugerunt,
1743 824 1840 865 seu

251 903 495 959 Iordane
518 905 769 973 trajecta,
791 902 845 956 in
875 901 1210 971 Decapolim,
1245 915 1309 957 ac
1334 900 1538 957 Pellam
1565 902 1619 955 iu
1646 902 1842 972 primis

250 994 681 1057 contenderunt,
714 991 808 1046 ubi
837 991 1125 1061 tranquilli
1148 998 1402 1061 egerunt,
1432 1002 1487 1046 et
1514 992 1784 1051 immunes
1808 1005 1842 1046 a

249 1084 662 1138 calamitatibus
691 1083 896 1152 quibus
918 1080 1091 1138 Iudaei
1116 1081 1298 1136 caeteri
1333 1082 1585 1150 occupati
1625 1081 1842 1136 alllieti-

250 1190 360 1243 que
382 1183 532 1228 sunt.
572 1174 728 1228 'I‘unc
755 1188 923 1244 porro
970 1173 1361 1229 sanctissimus
1398 1171 1639 1228 Iacobus
1695 1189 1842 1227 mar-

253 1266 456 1334 tyrium
484 1264 718 1326 obierat,
748 1264 894 1333 quod
928 1263 1097 1318 relert
1120 1260 1421 1332 Iosephus,
1459 1262 1626 1331 inque
1657 1263 1837 1317 locum

248 1353 373 1421 ejus
395 1351 621 1407 Simeou
646 1352 903 1422 Cleophis
954 1351 1128 1416 ﬁlius,
1163 1350 1491 1421 Dominique
1518 1352 1710 1407 itidem
1742 1366 1840 1407 co-

248 1452 451 1515 gnatus
482 1444 821 1515 subrogatus
858 1451 999 1498 erat.
1036 1443 1685 1509 Quorum'successores
1725 1452 1826 1502 tre-

246 1536 433 1590 decim
466 1536 661 1599 luisse,
695 1549 763 1589 ea:
792 1535 1197 1590 circumcisione
1229 1552 1433 1601 omnes,
1464 1538 1528 1589 ὲκ
1550 1537 1651 1607 τῆς
1676 1554 1836 1608 περι-

242 1627 449 1696 τομῆς.
482 1633 733 1687 narrant,
764 1639 832 1679 ex
875 1623 1184 1695 Ilegesippo
1205 1664 1219 1689 ,
1255 1624 1308 1679 ui
1341 1624 1526 1690 fallor,
1568 1624 1837 1681 Eusebius

240 1718 636 1780 Cusricnsis,
680 1715 921 1787 Cyrillus
979 1714 1537 1787 Hierosolymttauus,
1594 1716 1835 1787 Epipha-

247 1810 401 1873 nius,
420 1818 476 1863 et
506 1808 620 1862 alii.
655 1807 924 1864 Caterum
949 1806 1317 1877 Epiphanius,
1343 1807 1538 1864 haeresi
1570 1808 1661 1872 66,
1710 1824 1835 1879 qua:

236 1910 331 1956 est
351 1900 801 1961 Ianichteorutn,
834 1898 1244 1955 successionem
1302 1898 1463 1954 istaut
1519 1898 1832 1955 Iudaeorum

231 1990 631 2060 episcoporum
654 1989 722 2045 ad
750 2003 955 2044 annum
994 1990 1269 2045 decimum
1305 1991 1572 2046 Antonini
1602 1992 1682 2046 Pii
1709 2008 1832 2062 per-

245 2094 538 2135 severasse
567 2079 759 2134 tradit.
816 2080 1090 2136 Eusebius
1123 2097 1253 2138 vero
1281 2096 1403 2137 eam
1434 2085 1576 2137 ultra
1600 2083 1831 2139 Adriani

240 2172 498 2234 tempora
550 2182 661 2221 non
710 2168 992 2234 extendit;
1053 2170 1199 2239 quod
1252 2172 1413 2239 plane
1470 2173 1656 2228 verius
1707 2189 1831 2230 esse

236 2256 507 2313 existimo
553 2275 569 2312 :
620 2267 680 2313 ut
720 2275 916 2330 nempe
969 2259 1470 2333 Hierosolymitana
1507 2264 1598 2319 illa
1642 2266 1830 2322 Eccle-

244 2350 333 2402 sia
386 2364 453 2401 es
504 2350 639 2405 solis
693 2348 896 2408 Iudaeis
918 2353 1254 2418 constiterit,
1296 2355 1560 2424 usquead
1600 2356 1826 2422 bellum,

245 2441 416 2509 quod
465 2443 809 2499 contribules
872 2458 1106 2507 eorum,
1164 2446 1245 2499 uti
1307 2445 1568 2513 Christo,
1637 2448 1709 2502 ita
1774 2458 1830 2504 et

240 2531 563 2600 imperatori
595 2534 929 2604 perduelles,
987 2534 1374 2591 Barehocbeba
1425 2552 1528 2592 suo
1568 2538 1711 2594 duce
1734 2538 1832 2595 ad-

240 2636 447 2679 versus
489 2622 767 2681 Romanos
812 2636 1126 2695 gesserunt.
1167 2627 1291 2694 Quo
1349 2636 1570 2698 patrato
1632 2630 1830 2685 Adria-

242 2730 384 2777 nus,
429 2715 673 2785 expulsis
724 2718 904 2787 patrio
937 2718 1057 2773 solo
1109 2718 1536 2788 quibuscunque
1602 2718 1827 2786 Iudaeis,

238 2808 494 2863 colonias
521 2809 575 2863 in
602 2809 792 2864 urbem
827 2825 1047 2876 novam,
1076 2824 1239 2880 quam
1273 2810 1340 2865 do
1370 2825 1472 2866 suo
1497 2811 1829 2881 praenomine

236 2899 454 2954 lilium
503 2902 898 2970 appellaverat,
945 2902 1196 2957 deduxit.
1221 2901 1342 2968 Quo
1377 2902 1582 2957 factum
1625 2913 1731 2969 est,
1771 2911 1829 2958 ut

234 2993 488 3061 episcopi
524 2991 1012 3063 Ilierosolymitani
1039 2993 1303 3062 deinceps
1332 3007 1397 3047 es
1433 2993 1731 3063 gentilibus
1760 3009 1825 3049 ac

234 3082 452 3137 Graecis
478 3083 569 3151 qui
600 3082 805 3137 Christi
855 3082 1015 3138 fidem
1069 3083 1307 3151 amplexi
1348 3092 1532 3145 erant,
1567 3091 1622 3139 et
1669 3099 1824 3138 nova:

237 3173 488 3229 civitatis
523 3173 825 3230 Ecclesiam
879 3172 1225 3237 conﬂabant,
1270 3174 1544 3245 assumpti
1592 3173 1822 3241 fuerint,

232 3280 353 3321 nec
380 3266 494 3335 jam
518 3266 756 3335 amplius
786 3281 854 3321 ex
885 3266 1337 3322 circumcisione.

345 3358 435 3412 IV.
473 3358 754 3426 Epiphanii
782 3360 848 3413 de
876 3359 1181 3413 instaurata
1218 3357 1706 3428 Hierosolymorum
1740 3375 1824 3413 ec-

231 3453 409 3508 clesia
438 3454 697 3507 narratio.
723 3482 794 3493 —-
820 3451 1166 3522 Epiphanius
1191 3452 1249 3506 in
1280 3451 1423 3505 libro
1457 3450 1536 3506 De
1575 3452 1823 3520 ponderi-

232 3543 345 3597 bus
388 3553 439 3596 et
479 3543 760 3607 mensuris,
797 3542 994 3598 scribit
1041 3542 1270 3612 insuper
1310 3541 1656 3599 Christianos
1699 3543 1823 3599 illos

236 3634 624 3705 apostolorum
657 3649 721 3688 es
745 3632 953 3688 Iudaeis
982 3633 1305 3702 discipulos,
1330 3632 1399 3688 ad
1434 3643 1638 3689 sanctae
1673 3634 1823 3689 urbis

236 3727 434 3781 ruinas
463 3735 518 3780 et
546 3726 742 3780 rudera
777 3740 1057 3789 reversos,
1087 3724 1358 3780 cmnaculi
1389 3725 1558 3790 illius,
1590 3724 1644 3779 ir.
1675 3726 1822 3795 quod

232 3818 487 3888 apostoli
534 3816 810 3887 quondam
861 3824 988 3884 post
1021 3814 1398 3872 ascensimiem
1424 3816 1642 3871 Domini
1691 3832 1823 3871 con-

237 3915 533 3971 venerant,
565 3905 867 3976 parietinas
895 3914 949 3961 et
980 3906 1203 3976 tuguria
1235 3906 1291 3959 in
1335 3914 1519 3961 monte
1567 3906 1698 3960 Sion
1728 3921 1822 3962 oc-

234 4015 521 4070 cupasse,
581 3999 846 4067 illieque.
906 4006 1191 4053 exstructa
1251 3995 1502 4052 ecclesiae
1555 3996 1821 4062 aedicula,

230 4092 453 4146 Christi
493 4091 655 4146 fidem
700 4090 929 4159 perinde
970 4097 1135 4160 atque
1188 4097 1350 4144 antea
1385 4088 1664 4144 docuisse.
1726 4088 1822 4146 Ve-

238 4198 393 4247 rum,
443 4190 503 4237 ut
566 4182 759 4237 huicce
791 4181 1096 4236 narrationi
1129 4194 1352 4251 parcam
1393 4195 1517 4251 quae
1549 4181 1685 4238 viris
1719 4181 1821 4236 do-

234 4275 512 4331 ctissimis
544 4274 613 4327 ad
647 4272 858 4328 fabulas
882 4270 1232 4327 amandanda
1254 4270 1370 4326 visa
1395 4278 1498 4334 est,
1525 4271 1816 4326 maximam

232 4373 454 4434 partem
507 4365 727 4418 illorum
764 4377 831 4417 ex
878 4364 1106 4419 Hebraea
1152 4370 1313 4432 gente
1350 4362 1818 4428 Christianorum,

234 4458 386 4510 ultra
423 4453 715 4510 Iordanem
770 4454 826 4509 in
887 4453 1144 4523 Decapoli
1175 4461 1231 4509 et
1292 4452 1633 4516 Basaoitide,
1686 4453 1821 4522 quin

228 4548 409 4603 etiam
456 4546 510 4601 in
561 4544 880 4616 leesyrias
934 4543 1163 4614 oppidis
1223 4544 1552 4614 quibusdam
1595 4541 1824 4600 haesisse

233 4647 485 4694 testatur
514 4637 747 4707 ipsemet
770 4635 1133 4707 Epiphanius,
1162 4635 1357 4691 haeresi
1378 4634 1471 4690 29.

312 4727 376 4783 ν.
440 4727 695 4782 Thebutes
744 4726 1239 4798 Hierosolymorum
1275 4724 1573 4783 Ecclesium
1611 4726 1825 4797 inﬁcere

233 4831 429 4877 tentet.
455 4849 525 4861 —
551 4820 770 4876 Interim
801 4836 953 4882 vero.
982 4820 1240 4877 Simeoae
1263 4827 1388 4891 post
1409 4818 1604 4875 Jacobi
1633 4835 1821 4877 necem

229 4914 618 4982 episcopatum
650 4920 893 4981 gerente,
922 4910 1206 4968 Thebutes
1240 4910 1428 4966 nescio
1456 4908 1584 4978 quis
1629 4908 1824 4966 Eccle-

233 5004 375 5059 siata
402 5002 591 5067 istam,
617 5017 739 5073 qua:
764 5018 892 5057 cum
924 5003 1074 5059 nulla
1105 5016 1373 5073 perversae
1406 5000 1674 5057 doctrinae
1701 5001 1822 5056 labe

233 5100 502 5163 corrupta
553 5101 719 5157 esset,
759 5090 925 5162 Virgo
960 5090 1409 5163 nuncupabatur,
1458 5091 1512 5145 in
1557 5091 1823 5162 petitione

234 5184 596 5253 episcopatus
652 5183 926 5252 repulsam
974 5197 1196 5253 passus,
1248 5182 1535 5237 erroribus
1594 5182 1817 5237 inlicere

234 5280 476 5327 conatus
511 5279 617 5328 est.
652 5271 723 5339 Is,
780 5271 1091 5343 Hegesippo
1148 5272 1291 5342 apud
1327 5271 1620 5327 Eusebium
1659 5280 1819 5333 teste,

234 5364 400 5419 alteri
449 5377 481 5417 e
524 5374 734 5432 septem
792 5365 961 5420 sectis
1012 5379 1137 5434 quae
1195 5364 1249 5419 in
1299 5362 1483 5418 Iudaea
1542 5365 1823 5420 seminata:

233 5462 423 5518 erant,
456 5469 654 5508 nomen
681 5453 865 5521 dedit;
902 5454 1349 5510 Simonianorum
1398 5452 1630 5519 scilidct,
1662 5454 1822 5508 Cleo-

234 5544 555 5605 bianorum,
597 5542 1099 5610 Dositheanorum,
1151 5552 1204 5600 et
1251 5545 1484 5599 aliorum
1530 5558 1594 5600 ex
1623 5543 1821 5613 quibus

306 5717 357 5750 ⁷⁵
380 5715 575 5771 Matth.
603 5731 753 5783 utr,
785 5716 871 5771 ιθ.

1607 340 2112 402 DISSERTATIO
2137 342 2271 403 VII.

3415 347 3519 413 418

1952 444 2363 510 uenandrtani,
2406 444 2757 515 Saturniani,
2783 448 3226 521 Carpocratiani,
3274 453 3519 514 Valenti-

1953 533 2102 589 niani
2181 544 2238 590 et
2292 534 2613 591 Basilidiani
2690 542 2944 610 prognati
2997 551 3148 597 sunt.
3213 545 3518 604 'I‘hcbutetn

1951 624 2117 679 Istum
2150 625 2404 681 eumdem
2444 624 2617 681 fuisse
2659 641 2723 682 ac
2755 630 3016 686 Ebionem
3052 649 3082 687 a
3114 651 3222 703 quo
3252 636 3521 694 Ebionitas

1951 728 2150 769 nomen
2206 722 2517 781 traxerunt,
2555 716 2835 772 affirmare
2884 734 2989 773 non
3023 723 3221 777 ausim.
3247 724 3517 781 Cancrum

1951 804 2238 863 Ebionitas
2279 807 2666 863 Gnosticorum
2734 810 2934 879 placita
2984 815 3233 882 quaedam
3274 819 3519 875 tenuisse

1949 896 2181 954 inferius
2214 898 2417 953 dicam.
2449 898 2711 967 Quinimo
2756 899 3007 958 Justinus
3050 913 3278 976 martyr,
3310 909 3364 961 iu
3404 909 3517 963 fra-

1949 990 2188 1057 gmentis
2228 991 2413 1059 operis
2448 993 2532 1045 sui
2576 991 2652 1046 De
2682 995 3066 1048 resurrectione
3091 1036 3106 1061 ,
3139 1012 3261 1065 qua:
3293 1007 3441 1053 tomo
3476 1000 3518 1055 II

1947 1076 2145 1131 damus
2181 1093 2246 1132 ex
2292 1077 2580 1135 Parallelis
2630 1082 3110 1151 Ilupcfucaldinis,
3147 1086 3516 1155 locupletissi-

1947 1181 2069 1221 mus
2099 1165 2309 1239 [XCIII]
2370 1171 2529 1226 testis
2579 1182 2663 1226 est
2706 1173 2971 1241 pristinos
3022 1174 3327 1244 hatreticos,
3366 1181 3517 1248 quia

1948 1259 2054 1315 ﬁde
2072 1261 2343 1315 catholica
2379 1262 2721 1330 deiecerunt,
2757 1280 2866 1319 non
2911 1282 2978 1321 ex
3032 1266 3398 1324 Samaritanis
3430 1287 3519 1326 so-

1946 1351 2082 1415 lum,
2129 1353 2207 1405 uti
2254 1352 2592 1421 Simoniani,
2641 1356 2997 1424 Dositheani,
3046 1359 3421 1417 Menandriani
3464 1373 3518 1418 et

1946 1441 2337 1509 Ssturnitiani,
2373 1446 2675 1516 prodiisse,
2728 1450 2825 1504 sed
2862 1453 3165 1519 przesertim
3208 1469 3274 1508 es
3318 1452 3519 1509 Iudaeis

1944 1532 2038 1601 qui
2066 1531 2370 1588 Christiani
2400 1535 2742 1593 audiebant:
2792 1539 2849 1593 ’Θ
2891 1541 2994 1611 τῆς
3034 1544 3303 1615 πονηρίας
3334 1545 3519 1616 ἄρχων

1941 1624 2102 1691 tam
2112 1625 2216 1695 μψε
2229 1627 2357 1691 τοὺς
2368 1629 2698 1693 ἀποστόλους
2711 1632 2873 1685 αὐτοῦ
2888 1636 3111 1699 κακοὺς,
3129 1638 3221 1689 καὶ
3235 1636 3314 1689 λοι
3321 1638 3516 1707 μώδεις

1934 1714 2286 1782 διδασκαλίας
2306 1719 2648 1787 εἰσάγοντας,
2679 1722 3038 1794 ἐκλεξάμενος
3054 1727 3254 1792 αὐτοὺς
3278 1730 3342 1783 ὲκ
3359 1729 3513 1803 [τῶν]

1938 1808 2377 1892 σταυτκοσάντων
2407 1810 2500 1862 τὸν
2548 1811 2781 1882 Σωτῆρα
2829 1816 3010 1883 ἡμῶν,
3063 1818 3281 1883 οἵτινες,
3322 1820 3383 1873 τὸ
3414 1822 3513 1892 μὲν

1932 1896 2103 1968 ὄνομα
2124 1890 2220 1952 ’έοῦ
2243 1900 2491 1971 Σωτῆρος
2511 1901 2725 1972 ἔφερον,
2742 1903 2811 1956 τὰ
2835 1905 2892 1957 δὲ
2917 1904 3057 1975 ἔργα
3077 1908 3169 1961 τοῦ
3196 1890 3511 1981 πέμψανλιος

1932 1989 2133 2052 αὐτοὺς
2165 1991 2388 2045 ἐποίουν
2414 2008 2426 2020 ·
2465 1991 2730 2061 Nequitia:
2750 1996 2993 2065 princeps
3030 2000 3205 2053 emisit
3244 2001 3512 2069 improbos

1932 2096 2057 2134 suos
2109 2083 2397 2149 apostolos,
2436 2093 2486 2137 et
2533 2087 2823 2152 pestilentis
2875 2089 3133 2145 doctrina:
3190 2092 3511 2159 inductores,

1931 2171 2125 2226 electos
2155 2188 2221 2228 ea:
2251 2174 2319 2229 iis
2351 2176 2441 2243 qui
2469 2176 2801 2233 Saloatorem
2842 2191 3080 2235 nostrum
3110 2185 3513 2254 cruci/ﬁxerunt,

1930 2262 2023 2330 qui
2049 2280 2233 2319 nomen
2249 2266 2458 2334 quidem
2479 2266 2777 2325 Saluatoris
2800 2271 3057 2340 ferebant,
3086 2290 3245 2343 opera
3266 2293 3383 2330 vero
3399 2279 3513 2347 ejus

1930 2355 2024 2421 qui
2054 2354 2196 2423 ipsos
2246 2356 2485 2420 miserat,
2522 2358 2811 2426 faciebant.
2871 2364 3035 2433 Atqui
3089 2366 3414 2423 Cerinthum
3458 2379 3515 2426 et

1932 2444 2197 2500 Ebionem
2222 2462 2289 2501 ex
2318 2448 2404 2503 his
2443 2448 2614 2505 fuisse
2644 2466 2752 2505 non
2790 2452 2906 2507 iero
2930 2453 3168 2511 inficias.

2002 2533 2091 2591 VI.
2119 2536 2385 2592 Ebionita:
2425 2556 2459 2593 a
2483 2557 2713 2609 quonam
2745 2543 2840 2597 hoc
2881 2560 3069 2600 nomen
3099 2545 3403 2605 habuerint.
3436 2578 3511 2592 -

1929 2623 2192 2696 Origenes
2228 2628 2348 2683 libri
2379 2630 2602 2684 secundi
2643 2641 2839 2687 contra
2860 2633 3084 2689 Celsum
3111 2637 3270 2692 initio
3309 2639 3503 2697 obser-

1928 2726 2019 2772 vat
2056 2732 2255 2773 nomen
2326 2719 2497 2775 Ebion
2564 2722 2807 2780 Hebraeis
2868 2726 3012 2781 idem
3074 2743 3277 2785 sonare
3344 2740 3512 2803 atque

1927 2825 2209 2879 pauperem
2239 2820 2289 2865 et
2318 2829 2557 2883 egenum,
2597 2824 2655 2870 et
2691 2816 2817 2873 illos
2859 2832 2927 2873 ex
2967 2816 3173 2875 Iudmis
3195 2824 3286 2892 qui
3317 2822 3509 2879 Iesum

1932 2906 2191 2968 tanquam
2240 2902 2519 2958 Christum
2580 2906 2944 2975 recepissent,
2985 2907 3274 2967 Ebionitas
3312 2928 3340 2965 a
3371 2928 3508 2967 cou-

1928 2989 2223 3046 tribnlibus
2285 2994 2404 3048 suis
2441 2995 2710 3052 vocitatus
2754 3012 2880 3053 esse
2913 3014 2926 3051 :
2962 3000 3091 3069 quia
3127 3002 3511 3074 nintirum,,ut

1925 3081 2031 3135 viri
2063 3082 2285 3150 quidam
2316 3100 2425 3139 non
2461 3102 2687 3156 prorsus
2716 3089 2920 3145 indocti
2972 3092 3278 3161 conjecere,
3313 3110 3508 3152 secun-

1924 3171 2056 3226 dum
2093 3173 2262 3228 divini
2317 3180 2670 3248 praeceptoris
2727 3183 2813 3236 sui
2865 3182 3139 3249 instituta,
3192 3184 3507 3241 facultatum

1924 3278 2149 3319 suarum
2205 3267 2421 3338 abjecto
2489 3270 2758 3335 dominio,
2794 3282 3174 3342 paupertatem
3231 3276 3507 3346 inprimis

1924 3356 2186 3414 colerent.
2213 3357 2287 3413 Ex
2324 3375 2435 3429 quo
2470 3362 2745 3431 suspicari
2777 3363 3054 3433 quispiam
3092 3366 3265 3434 possit
3304 3382 3506 3425 nomen

1924 3446 2097 3502 Ebion
2146 3451 2428 3518 preprium
2471 3453 2574 3507 viri
2630 3453 2917 3522 cujusdam
2978 3472 3088 3510 non
3149 3456 3342 3524 fuisse,
3409 3460 3505 3515 sed

1923 3550 2224 3606 cegnomen
2286 3549 2341 3593 et
2392 3542 2715 3611 cpitbetum.
2762 3542 2817 3597 Id
2849 3545 2994 3612 quod
3031 3555 3210 3602 tamen
3241 3545 3506 3618 Origenes

1926 3642 2042 3683 non
2077 3630 2212 3684 satis
2252 3632 2476 3699 innuit;
2533 3633 2629 3688 sed
2689 3633 2958 3688 duntaxat
3015 3636 3158 3699 illos,
3211 3639 3330 3707 qui,
3376 3655 3502 3695 cum

1922 3719 2203 3775 Christum
2235 3736 2297 3777 se
2325 3725 2609 3801 suscipere
2640 3723 2910 3791 dicerent,
2936 3727 3296 3786 nihilominus
3326 3746 3470 3788 capre
3490 3762 3502 3774 -

1923 3812 2234 3868 moniarum
2268 3814 2400 3885 legis
2433 3815 2794 3871 observantes
2828 3828 3037 3885 essent,
3084 3820 3155 3874 ob
3191 3837 3388 3879 sensus
3414 3825 3501 3881 sui

1924 3902 2282 3973 pusillitatem
2345 3914 2400 3959 et
2456 3906 2721 3975 inopiam,
2788 3919 3155 3968 consentanee
3186 3930 3416 3984 prorsus
3446 3924 3503 3973 et

1923 3996 2177 4064 apposite
2211 3995 2505 4052 Ebionitas
2550 4009 2644 4053 aut
2678 3998 2966 4057 Ebionaros
3007 4003 3176 4059 fuisse
3210 4009 3497 4066 vocitatas.

1927 4080 2050 4137 Non
2104 4084 2361 4139 intellexit
2413 4086 2622 4152 Celsus,
2676 4087 2877 4158 inquit,
2903 4092 3041 4158 quod
3092 4091 3271 4147 Judrci
3308 4097 3400 4164 qui
3443 4097 3501 4151 in

1925 4171 2193 4228 Christum
2220 4175 2575 4243 crediderunt,
2610 4194 2714 4233 non
2767 4179 3076 4234 desciverint
3117 4198 3150 4235 a
3188 4185 3380 4251 patriis
3427 4185 3503 4240 Ic-

1925 4265 2078 4335 gibus
2106 4281 2127 4320 :
2158 4267 2341 4322 Βιοῦσι
2364 4268 2472 4341 γὰρ
2506 4270 2629 4323 κατ’
2665 4270 2862 4335 αὐτὸν,
2899 4271 3176 4345 ἐπώνυμοι
3225 4275 3326 4347 τῆς
3360 4277 3500 4332 κατὰ

1924 4356 2026 4427 τὴν
2089 4359 2317 4430 ἐκδοχὴν
2375 4361 2649 4432 πτωχείας
2716 4362 2813 4417 τοῦ
2882 4364 3049 4435 νόμου
3120 4368 3495 4438 γεγενημένοι.

1936 4446 2130 4502 Ἐὁιὼν
2175 4465 2237 4501 τι
2277 4450 2387 4520 γὰρ
2423 4452 2452 4504 ὁ
2487 4450 2701 4521 πτωχὸς
2730 4451 2881 4523 παρὰ
2924 4452 3198 4518 Ἰουδαίοις
3221 4455 3496 4511 καλεῖται·

1932 4532 2118 4588 Vivont
2179 4538 2319 4590 enim
2377 4553 2443 4593 ea:
2500 4555 2683 4594 eorum
2730 4541 3065 4609 pra'scripto,
3108 4558 3142 4595 a
3187 4553 3503 4614 paupertate

1922 4626 2050 4695 legis
2098 4643 2382 4698 cognomen
2435 4645 2527 4698 per
2571 4631 2955 4685 successionem
3018 4631 3301 4687 trahentes.
3355 4632 3500 4690 Nam

1922 4715 2097 4774 Ebioa
2115 4718 2345 4773 Iudaica
2370 4720 2553 4792 lingua
2586 4720 2793 4793 paup'er
2827 4723 3156 4791 nominatur,
3182 4735 3229 4780 et
3262 4722 3501 4782 Ebionazs

1920 4810 2170 4865 dicuntur
2196 4829 2227 4864 a
2256 4814 2461 4867 ueteris
2489 4812 2716 4877 Juda'is,
2748 4823 2807 4867 ut
2835 4816 2925 4884 qui
2944 4814 3123 4869 Iesum
3162 4832 3258 4883 pro
3287 4815 3499 4873 Christo

1926 4905 2239 4972 receperint.
2270 4902 2646 4961 Tertullianus
2688 4921 2817 4961 vero
2847 4915 2903 4961 et
2945 4918 3137 4963 auctor
3166 4910 3501 4980 Appendicis

1923 4993 1990 5047 ad
2009 4993 2128 5063 ejus
2150 4995 2348 5049 librum
2368 4994 2446 5050 De
2465 4997 2973 5066 proscriptionibus,
2990 4999 3330 5071 Epiphanius
3346 5002 3498 5066 item,

1924 5086 2312 5158 Hieronymus,
2350 5086 2749 5155 Theodoretus,
2782 5100 2836 5146 et
2865 5092 2957 5147 alii
3015 5093 3277 5148 Ebionem
3306 5105 3499 5160 quem-

1925 5175 2049 5229 dam
2077 5175 2452 5231 Ebionitarum
2516 5187 2682 5232 sectae
2742 5178 2911 5233 fuisse
2961 5188 3240 5248 parentem
3285 5183 3497 5232 tenent.

1994 5266 2107 5323 VII.
2144 5268 2383 5339 Duplicis
2411 5270 2613 5339 generis
2637 5268 2916 5324 Ebionittc.
2935 5270 3179 5339 -—Atqui
3213 5269 3498 5323 Ebionaeos

1924 5362 2091 5415 duum
2119 5376 2377 5432 generum
2400 5376 2521 5417 esse
2545 5375 2763 5415 rursum
2792 5361 2988 5415 scribit
3017 5360 3307 5429 Origenes,
3338 5360 3434 5413 lib.
3464 5374 3498 5414 ν

1926 5452 2126 5507 Contra
2177 5451 2412 5516 Celsum,
2471 5467 2705 5523 quorum
2763 5452 2857 5505 alii
2914 5450 3100 5506 Iesum
3160 5451 3229 5506 de
3280 5450 3501 5522 Virgine

1927 5549 2115 5595 natum
2158 5540 2487 5607 faterentur,
2525 5549 2788 5609 negarent
2814 5540 2904 5594 alii
2947 5558 2960 5596 :
2994 5534 3153 5595 Οὗτοι
3184 5540 3240 5594 δέ
3281 5541 3419 5594 εἰσιν
3446 5543 3499 5596 ol
