3974 6338
453 406 555 473 419

452 522 617 577 διττοὶ
646 518 969 582 Ἐϐιωναῖοι,
1004 515 1124 584 ἦτοι
1152 512 1202 564 οἱ
1226 509 1291 562 ἐκ
1328 504 1608 576 Παρθένου
1652 498 2036 572 ὁμολογοῦντες

453 611 657 684 ὁμοίως
680 612 812 680 ἡμῖν
841 607 933 661 τὸν
976 603 1186 675 Ἰησοῦν
1202 617 1216 631 ⁸
1242 600 1292 653 οἱ
1313 599 1368 652 δὲ
1394 598 1494 666 οὐχ
1522 595 1666 648 οὕτω
1684 590 2033 663 γεγενῆσθαι.

451 704 512 758 In
545 702 654 757 line
680 702 903 754 demum
924 696 1169 767 ejusdem
1202 692 1326 747 libri
1375 686 1583 753 subdit,
1627 685 1901 753 utriusque
1950 694 2035 751 ge-

453 795 594 848 neris
623 792 909 845 Ebionitas
966 785 1239 856 Epistolas
1268 780 1430 835 Pauli
1464 779 1679 849 perinde
1730 786 1884 844 atque
1927 772 2035 827 En-

453 886 678 939 cratitas
712 880 988 950 repudiare
1020 894 1037 931 :
1064 878 1186 930 Εἰσὶ
1228 864 1338 944 γὰρ
1371 870 1616 942 αἱρέσεις
1671 869 1770 930 τὰς
1821 864 2036 935 Παύλου

454 974 743 1037 ἐπιστολὰς
792 971 888 1025 τοῦ
942 967 1242 1025 ἀποστόλου
1306 965 1381 1035 μὴ
1424 960 1795 1033 προσιέμενοι,
1850 956 2039 1026 ὥσπερ

467 1067 769 1121 Ἐϐιωναῖοι
787 1063 1089 1133 ἀμφότεροι
1111 1058 1277 1112 καὶ.λοί
1292 1054 1460 1109 καλου
1469 1070 1618 1124 μενοι
1647 1046 2042 1120 Ἐγκρατηταίκ

457 1161 629 1225 Quem
660 1156 915 1226 Origenis
969 1155 1149 1207 locum
1207 1146 1503 1216 exscripsit
1548 1141 1822 1197 Eusebius
1854 1139 2041 1194 Casa-

459 1250 659 1306 riensis
687 1247 787 1316 (a),
816 1255 874 1300 et
906 1244 1029 1298 fuse
1066 1241 1255 1296 multis
1285 1236 1600 1293 edisseruit.
1640 1233 1805 1287 Plane
1832 1230 2043 1286 utrius-

457 1358 566 1412 que
605 1339 824 1411 generis
866 1336 1159 1390 Ebionaros
1221 1329 1528 1401 apostolum
1579 1325 1829 1379 Paulum
1868 1322 2043 1378 veluti

461 1433 762 1504 patriarum
818 1430 998 1499 legum
1059 1425 1399 1479 desertorem
1460 1415 1776 1484 ἀποστάτην
1841 1413 2045 1469 exhor-

459 1525 663 1588 ruisse,
692 1523 949 1582 lrenaeus,
1006 1514 1366 1586 Epiphanius,
1414 1509 1817 1572 Theodoretus,
1862 1513 1917 1560 ct
1953 1504 2049 1559 alii

458 1619 687 1692 perinde
716 1621 1122 1670 asseverarunt.
1146 1608 1375 1664 Addunt
1405 1607 1633 1674 insuper
1658 1616 1755 1656 eos
1803 1602 1859 1654 in
1910 1614 2045 1654 con-

459 1688 716 1764 ventibus
746 1705 862 1758 suis
885 1702 1065 1755 solum
1094 1696 1333 1751 Mattlnei
1383 1693 1741 1762 Evangelium
1779 1688 2044 1745 ilebraice

462 1798 727 1865 scriptum
762 1793 1011 1849 lectitare
1041 1788 1257 1850 solitos,
1281 1786 1377 1840 sed
1419 1784 1731 1838 mutilatum
1763 1780 2041 1834 vitiatum-

462 1883 1017 1959 que,'ea~praesertim
1086 1890 1237 1950 parte
1280 1892 1386 1947 qua
1446 1876 1655 1930 Christi
1704 1874 1771 1927 de
1823 1871 2045 1941 Virgine

464 1982 726 2036 nativitas
757 1978 1099 2031 enuntiatur.
1151 1970 1233 2025 Ad
1266 1971 1377 2023 haec
1430 1967 1767 2037 Epiphanius
1816 1973 2048 2019 testatur

466 2073 755 2127 Ebionaaos
782 2083 975 2123 omnes
1001 2062 1338 2118 Pharisaicis
1365 2060 1689 2122 lotionibus,
1718 2056 2052 2111 mersitatioo

466 2164 763 2233 nibusque,
794 2175 858 2215 ac
891 2157 1121 2229 proinde
1148 2152 1561 2208 traditiunculis
1588 2149 1764 2204 fuisse
1797 2148 2059 2202 addictis-

472 2259 669 2313 simos.
737 2254 984 2308 Tandem
1044 2248 1233 2303 multis
1292 2248 1348 2300 in
1414 2245 1552 2298 locis
1595 2242 1796 2297 asserit
1837 2240 1962 2294 illos
1993 2239 2062 2293 ad

470 2350 745 2404 Elcesmos
775 2348 1117 2400 Samsaeosve
1172 2338 1461 2393 haereticos
1526 2333 1874 2391 transivisse.
1912 2340 1972 2384 ut
2006 2332 2062 2384 in

473 2456 637 2495 unam
662 2448 868 2496 sectam
888 2450 1078 2490 omnes
1094 2431 1419 2488 coaluerint.
1441 2428 1612 2497 Cujus
1638 2426 1716 2481 rei
1748 2433 2068 2495 argumento

471 2535 564 2599 sit,
596 2532 739 2602 quod
762 2531 827 2584 ad
863 2525 1289 2589 Eucharistiam,
1310 2536 1502 2591 panem
1526 2518 1746 2588 quidem
1780 2530 2057 2587 azymum,

471 2639 671 2695 aquam
710 2637 846 2678 vero
896 2620 1125 2682 nudam,
1178 2615 1586 2670 Encratitarum
1621 2623 1793 2673 more,
1828 2606 2059 2661 adhibe-

474 2723 617 2772 rent.

547 2808 776 2864 Samscei
803 2803 1036 2858 Ita'retici
1060 2818 1092 2853 a
1116 2799 1231 2853 ioco
1251 2794 1445 2851 Samsa
1469 2792 1736 2847 uocati.—
1754 2787 1855 2843 Ubi
1883 2786 2062 2842 obiter

476 2899 839 2959 commonebo
870 2910 978 2957 me,
1021 2894 1153 2946 dum
1196 2889 1584 2943 adnotationes
1639 2884 1695 2937 in
1727 2882 1929 2934 librum
1984 2878 2061 2931 De

476 2989 765 3047 naresibus
829 2982 1164 3046 scriberem,
1224 2993 1333 3032 non
1398 2982 1745 3046 perspectum
1799 2968 2060 3024 habuisse

481 3083 755 3139 undenam
809 3076 1170 3131 Samueorum
1210 3069 1540 3124 vocabulum
1581 3070 1866 3133 acceptum
1913 3066 2061 3116 esset

481 3185 574 3230 aut
606 3171 944 3240 impositum.
984 3164 1224 3220 Posthac
1248 3175 1466 3216 veroex
1509 3173 1631 3227 cap.
1670 3156 1722 3221 1,
1747 3155 1804 3220 2,
1861 3160 1916 3209 et
1959 3151 2062 3206 170

487 3260 638 3319 Preti
661 3258 961 3331 spirituatis
987 3254 1221 3311 Joannis
1248 3250 1459 3307 Moschi
1510 3247 1765 3302 Eucratis
1797 3243 2061 3313 comperi,

483 3354 541 3408 in
562 3353 787 3422 regione
817 3357 973 3403 trans
997 3345 1298 3402 Jordanem
1370 3341 1495 3405 sita,
1548 3339 1605 3392 in
1662 3336 1792 3406 quia
1833 3332 2063 3388 Samsaei

483 3446 861 3510 morabantur,
912 3441 1086 3495 fuisse
1136 3438 1320 3492 locum
1374 3433 1462 3489 cui
1499 3445 1699 3486 nomen
1724 3426 1932 3495 Sapsie,
1965 3440 2063 3481 seu

487 3539 690 3594 Samae
717 3541 889 3598 esset,
920 3549 948 3586 a
980 3545 1092 3602 quo
1117 3526 1369 3599 proinde,
1395 3539 1503 3579 non
1537 3538 1567 3577 a
1596 3522 1713 3577 sole
1743 3520 1835 3590 qui
1871 3518 2065 3572 Samsa

485 3629 710 3701 Syriace
765 3625 1005 3688 dicitur,
1054 3618 1283 3676 Samstei
1336 3614 1602 3672 nominati
1638 3622 1839 3669 erunt:
1878 3610 2065 3661 Ἔστιν

483 3725 539 3777 δὲ
565 3725 593 3777 ὁ
625 3722 790 3783 τόπος
812 3720 841 3773 ὁ
860 3715 1249 3785 ἐπιλεγόμενος
1284 3710 1488 3779 Σάφας.
1514 3706 1720 3761 Τούτου
1758 3704 1817 3758 δὲ
1866 3703 1926 3767 ἐξ
1980 3702 2069 3755 st)-

492 3814 726 3883 ωνύμων
751 3808 1195 3882 προπαράκειται
1228 3804 1257 3855 ὁ
1321 3800 1620 3871 χείμαῤῥος
1648 3794 1868 3867 Χωρὰθ,
1904 3794 1983 3855 εἰς
2009 3791 2070 3845 ὃν

486 3905 765 3973 ἀπεστάλη
808 3903 992 3963 Ἠλίας
1016 3900 1043 3952 ὁ
1075 3896 1345 3965 Θεσὸιτης
1381 3895 1440 3946 ὲν
1470 3889 1647 3961 καιρῷ
1672 3888 1770 3957 τῆς
1803 3884 2070 3973 ἀϐροχίας

488 3997 581 4048 ἐπὶ
612 3972 906 4064 προσέρπον
938 3988 1033 4043 τοῦ
1078 3985 1341 4058 Ἰορδάνου
1368 3998 1382 4013 ο
1414 3980 1728 4051 Appellatur
1770 3985 1948 4029 autem
1992 3972 2072 4025 ιο-

490 4104 580 4142 cus
604 4087 711 4154 ipse
742 4084 961 4139 Samsas
997 4098 1013 4135 :
1052 4089 1172 4134 ante
1198 4092 1349 4147 quem
1379 4074 1447 4128 ad
1479 4074 1666 4127 lateam
1694 4068 1837 4137 jacet
1868 4076 2070 4119 torrens

491 4176 743 4242 Choratlt,
770 4176 838 4229 ad
852 4191 1003 4245 quem
1032 4172 1223 4225 missus
1247 4176 1325 4220 est
1357 4164 1511 4218 Elias
1543 4159 1812 4215 Tltesbites
1845 4166 2074 4245 tempore

491 4270 773 4333 siccitatis,
807 4236 993 4321 contra
1047 4260 1363 4315 Iordanem.
1419 4254 1752 4309 Torrentem
1797 4236 2067 4311 Chorat'h,

490 4376 588 4416 seu
628 4358 883 4420 Charith,
935 4363 994 4409 ut
1041 4354 1096 4407 in
1142 4349 1375 4420 Vulgata
1413 4361 1479 4403 ex
1542 4343 1775 4398 Hebraeo
1818 4339 2069 4409 legimus,

494 4452 637 4505 ultra
667 4447 962 4502 Iordanem
1017 4444 1193 4499 fuisse
1215 4448 1384 4497 testes
1425 4443 1558 4492 sunt
1598 4436 1761 4489 etiam
1799 4428 2073 4486 Eusebius

490 4551 547 4599 et
573 4539 962 4610 Hieronymus,
1007 4547 1066 4591 ut
1110 4535 1309 4589 mirum
1338 4532 1412 4588 sit
1439 4527 1772 4585 recentiores
1805 4522 2072 4594 quosdam

494 4633 833 4709 geographos
885 4631 953 4685 ab
1020 4628 1104 4684 his
1156 4625 1513 4682 dissensisse.
1572 4618 1649 4674 Eo
1702 4618 1879 4687 magis
1920 4616 2073 4684 quod

494 4707 654 4798 longe
713 4722 1071 4781 verisimilius
1132 4720 1205 4776 sit
1268 4716 1595 4789 prophetam
1662 4712 1717 4765 in
1770 4707 2074 4778 asperrima

495 4822 720 4891 regione
744 4825 901 4872 trans
931 4812 1227 4870 Iordanem
1289 4809 1541 4864 latitasse
1577 4805 1645 4871 ⁷⁸,
1686 4801 1848 4871 cuius
1877 4814 2073 4869 magna

497 4921 612 4967 tum
647 4926 775 4981 pars
833 4924 865 4963 a
922 4908 1152 4978 regibus
1195 4902 1368 4974 Syriae
1396 4905 1665 4967 occupata
1705 4900 1877 4958 esset,
1909 4905 2073 4961 quam

498 5005 554 5060 in
580 5002 909 5066 Chananaea,
941 4999 1052 5052 imo
1083 4997 1137 5050 in
1176 4995 1410 5064 ipsamet
1436 4990 1585 5044 tribu
1621 4986 1901 5057 Ephraim,
1929 4983 2076 5037 haud

498 5094 692 5169 procul
718 5091 991 5157 Samaria,
1023 5090 1113 5143 ubi
1144 5085 1346 5144 eruditi
1399 5084 1477 5138 illi
1500 5088 1820 5136 “torrentem
1850 5074 2077 5131 Charith

499 5190 791 5246 collocant.
850 5182 961 5239 Sed
1018 5182 1085 5237 de
1124 5180 1211 5236 his
1257 5176 1440 5235 satis:
1475 5173 1543 5228 ad
1593 5171 1937 5243 propositum
1994 5182 2079 5222 re-

499 5293 709 5338 VCHOI'.

575 5371 707 5427 Vill.
747 5368 1113 5425 Ebionitarum
1152 5364 1347 5434 dogma
1389 5360 1733 5429 prwcipuum.
1771 5386 1839 5395 —
1880 5352 2080 5408 Praeci-

502 5485 669 5540 puum
702 5466 1079 5519 Ebionitnrum
1138 5458 1402 5511 doctrina:
1443 5470 1537 5508 seu
1586 5448 1882 5520 impietatis
1918 5454 2081 5515 caput

507 5639 552 5672 "
578 5643 642 5697 Ill
676 5642 807 5710 Reg.
854 5656 988 5700 xvn,
1015 5639 1069 5691 5.

578 5802 650 5877 (α)
678 5797 823 5852 "ist.
849 5795 1024 5861 Eccl.,
1053 5794 1151 5849 lib.
1179 5806 1260 5859 Ill,
1295 5802 1414 5857 cap.
1437 5784 1526 5837 27.

1513 382 2167 449 DISSERTATIONES
2206 383 2773 445 DAMASCENIC/E.

2143 501 2273 566 fuit,
2321 499 2609 555 Dominum
2665 497 2852 554 Jesum
2910 504 3036 551 ante
3104 495 3329 550 Mariam
3387 507 3500 549 non
3542 493 3720 547 exsti-

2139 594 2292 659 tisse,
2319 609 2422 649 nec
2448 592 2681 663 proinde
2712 606 2901 647 verum
2928 604 3051 647 esse
3081 587 3274 651 Deum,
3299 587 3396 643 sed
3435 587 3719 641 hominem

2137 688 2406 742 duntaxat
2439 683 2726 741 eximium.
2779 681 3149 749 Quamobrem
3180 686 3368 735 nostra
3412 686 3573 733 aetate
3611 675 3723 731 So-

2138 780 2345 836 ciniani
2378 786 2434 834 et
2465 775 2863 833 Antitrinitarii
2904 775 3028 829 illos
3078 781 3337 842 tanquam
3372 768 3722 841 patriarchas

2140 888 2271 929 suos
2303 870 2530 934 habent,
2555 868 2760 939 quibus
2789 866 3105 922 Nazarenos
3147 864 3451 934 adiungere
3482 876 3593 916 non
3617 859 3724 913 duc-

2141 967 2404 1021 bitarunt.
2432 963 2574 1033 Ipsis
2624 977 2791 1032 porro
2821 960 2924 1015 hac
2958 962 3014 1013 in
3050 965 3205 1029 parte
3255 956 3513 1011 faverunt
3562 952 3721 1022 Hugo

2141 1054 2659 1122 Grotius,Joannes‘
2691 1052 2971 1109 Gerardus
3029 1050 3284 1109 Vossius.
3340 1048 3543 1117 aliique
3583 1045 3723 1098 Pro-

2144 1147 2509 1210 testantium,
2584 1160 2695 1199 non
2751 1144 2886 1200 satis
2944 1142 3350 1198 reluctantibus
3427 1135 3723 1193 catholicis

2143 1237 2532 1307 scriptoribus,
2605 1234 2654 1289 si
2723 1250 2894 1289 unum
2959 1233 3242 1302 exceperis
3277 1229 3723 1286 illustrissimum

2143 1344 2383 1399 vereque
2404 1328 2784 1382 doctissimum
2833 1327 3125 1396 praesulem
3185 1321 3570 1379 Abricensium
3616 1318 3730 1371 Da-

2145 1423 2345 1479 nielem
2378 1421 2662 1487 lluetium,
2693 1419 2787 1491 qui
2820 1420 2876 1474 in
2908 1419 3026 1475 suis
3055 1419 3185 1473 olim
3221 1414 3567 1485 ad‘Origenis
3600 1427 3729 1481 quae

2145 1516 2334 1572 Graece
2355 1513 2659 1583 Latineque
2683 1512 2854 1568 edidit
2903 1525 3071 1581 opera
3105 1507 3578 1572 adnotationibus,
3611 1503 3727 1558 Na-

2147 1623 2377 1665 zarenos
2404 1615 2459 1663 et
2496 1605 2783 1661 Ebionitas
2842 1605 2899 1657 in
2949 1603 3055 1657 hoc
3115 1599 3464 1657 solummodo
3488 1611 3730 1653 consen-

2150 1702 2292 1758 sisse
2322 1699 2556 1764 monuit,
2609 1697 2757 1768 quod
2824 1696 3081 1750 Mosaicae
3138 1693 3273 1765 legis
3324 1699 3729 1762 praeceptorum

2151 1794 2510 1850 observantes
2558 1801 2767 1853 essent,
2808 1804 2918 1843 non
2960 1797 3142 1842 autem
3182 1786 3235 1840 in
3264 1784 3519 1853 negando
3536 1791 3729 1836 veram

2157 1885 2372 1939 Domini
2400 1883 2576 1937 nostri
2607 1880 2738 1936 Jesu
2772 1878 2979 1935 Christi
3014 1878 3295 1933 deitatem.

2228 1976 2319 2030 IX.
2345 1975 2754 2029 Nazarenorum
2775 1974 2905 2041 fides
2932 1986 3004 2040 ea;
3030 1969 3078 2022 Η
3087 1971 3356 2036 ieronymo
3370 1962 3643 2018 discenda.
3663 1989 3735 2000 ———

2156 2068 2423 2125 Nazareni
2454 2068 2661 2136 itaque,
2699 2065 2780 2119 uti
2809 2061 3297 2119 circumcisionem
3325 2058 3572 2123 aliosque
3598 2067 3734 2122 geu-

2155 2159 2228 2213 tis
2249 2172 2363 2212 sua
2389 2171 2573 2211 mores
2602 2156 2813 2225 aliquot
2852 2153 3226 2212 retinuerunt,
3267 2145 3734 2219 quemadmodum

2158 2251 2434 2325 indultum
2462 2251 2543 2306 eis
2580 2249 2711 2303 olim
2746 2247 2929 2302 fuerat
2964 2246 3033 2300 ab
3072 2244 3361 2314 apostolis,
3392 2242 3474 2296 sic
3514 2251 3741 2309 quoque

2158 2351 2362 2398 rectam
2388 2340 2618 2394 Domino
2640 2339 2769 2394 Jesu
2823 2337 2978 2392 ﬁdem
3007 2349 3168 2404 quam
3220 2334 3290 2387 ab
3344 2330 3481 2401 ipsis
3507 2340 3741 2395 accepe-

2161 2440 2306 2488 rant.
2337 2432 2395 2486 ld
2420 2430 2569 2502 quod
2605 2437 2758 2486 certe
2788 2428 2939 2483 nullo
2966 2427 3191 2482 meliore
3223 2432 3364 2478 teste
3392 2428 3740 2488 compertum

2165 2524 2281 2578 ﬁeri
2318 2518 2521 2593 potest,
2554 2536 2720 2591 quam
2751 2520 3110 2590 Hieronymo,
3139 2516 3233 2586 qui
3266 2515 3377 2569 illis
3415 2508 3743 2566 familiaris-

2158 2616 2300 2669 sime
2326 2628 2465 2669 usus
2502 2623 2609 2677 est,
2633 2612 2896 2682 ipsosque
2946 2608 3014 2664 de
3052 2607 3331 2662 variorum
3360 2602 3560 2658 divina:
3587 2600 3744 2655 Seri-

2159 2717 2331 2778 ptura:
2357 2707 2603 2762 locorum
2633 2720 2798 2761 sensu
2831 2702 3130 2759 consuluit.
3160 2697 3370 2771 [XCiV]
3400 2696 3473 2749 Ex
3503 2694 3742 2764 quihus-

2161 2799 2285 2852 dam
2308 2799 2497 2866 itaque
2553 2794 3023 2856 enarrationibus,
3047 2805 3185 2861 quas
3228 2798 3465 2844 sanctus
3485 2780 3678 2840 doctar-
3704 2798 3745 2837 a

2160 2889 2463 2945 Nazarenis
2493 2896 2753 2957 acceptas
2802 2885 2972 2942 rel‘ert
3017 2885 3070 2938 in
3108 2882 3226 2939 suis
3252 2882 3306 2935 in
3339 2879 3537 2935 Isaiam
3578 2891 3745 2932 com-

2163 2982 2473 3044 mentariis,
2509 2980 2781 3035 discimus
2834 2977 3094 3049 primum,
3139 2976 3283 3037 illos,
3336 2980 3528 3027 contra
3573 2976 3751 3039 atquo

2160 3074 2429 3129 Ebionitis
2447 3074 2706 3143 placeret,
2733 3069 2979 3125 novellas
2993 3068 3394 3122 Pharisaeorum
3415 3062 3750 3118 traditiones

2163 3166 2390 3236 spretim
2432 3163 2698 3219 habuisse
2730 3175 2795 3216 ac
2841 3162 2895 3215 in
2930 3167 3105 3214 totum
3141 3157 3439 3227 respuisse.
3497 3156 3753 3225 Itemque

2163 3269 2291 3326 erga
2344 3254 2654 3324 apostolum
2712 3250 2938 3306 Paulum
3005 3251 3209 3320 optime
3258 3247 3483 3303 affectos
3530 3246 3747 3311 fuisse,

2165 3359 2375 3401 necnon
2408 3360 2536 3414 erga
2560 3343 2802 3413 gentium
2820 3351 3144 3396 caeterarum
3178 3338 3553 3405 Christianos;
3580 3346 3752 3408 atque

2166 3438 2301 3491 adeo
2333 3444 2447 3491 toto
2476 3435 2619 3491 coelo
2653 3433 2966 3489 Nazarenos
2989 3431 3058 3487 ab
3074 3430 3347 3486 Ebionitis
3377 3430 3752 3498 discrepssse.

2164 3529 2322 3596 Quod
2378 3528 2472 3584 ubi
2531 3528 3002 3591 demonstravero,
3063 3532 3119 3580 et
3170 3523 3304 3579 illud
3341 3522 3613 3589 evincam,
3646 3536 3750 3577 ne-

2166 3636 2444 3692 quaquam
2503 3636 2534 3674 a
2584 3618 2884 3674 Nazarenis
2932 3627 3180 3673 vocatam
3228 3618 3282 3671 in
3313 3615 3539 3671 dubium
3574 3614 3752 3670 fuisse

2168 3712 2454 3768 catholicae
2482 3711 2745 3766 Ecclesiae
2770 3708 3080 3765 doctrinam
3112 3708 3182 3764 de
3232 3722 3360 3762 vera
3406 3705 3751 3761 substantia-

2170 3805 2320 3874 lique
2349 3802 2567 3858 Domini
2609 3802 2783 3858 nostri
2821 3798 2952 3857 Jesu
2987 3801 3197 3855 Christi
3231 3798 3541 3854 divinitate.

2240 3896 2306 3951 X.
2328 3895 2638 3951 Scribarum
2670 3894 3046 3949 traditionibus
3069 3891 3262 3959 infensi
3281 3899 3452 3945 erant.
3470 3920 3540 3929 ——
3555 3889 3754 3945 Hiero—

2172 4003 2369 4060 nymus
2395 3987 2639 4058 igiturin
2666 4002 2788 4057 cap.
2825 4001 2918 4039 Vlll
2979 3984 3155 4048 Isaiae,
3189 3984 3222 4051 Ῡ
3252 3981 3308 4047 9,
3341 3981 3407 4037 ad
3458 3979 3574 4034 haec
3604 3995 3753 4050 pro-

2171 4081 2349 4151 pheta:
2378 4080 2565 4143 verba,
2596 4077 2665 4131 Et
2700 4092 2819 4130 cum
2847 4075 3078 4130 dixerint
3107 4074 3175 4128 ad
3220 4090 3330 4136 vos,
3367 4073 3753 4144 quwrite,etc.,

2181 4171 2558 4236 explanationi
2584 4184 2697 4224 suae
2728 4169 2868 4222 hanc
2898 4166 3199 4237 subiungit,
3238 4174 3499 4234 tanquam
3532 4164 3602 4217 ab
3636 4164 3750 4219 illis

2174 4272 2493 4332 acceptum:
2528 4259 2789 4317 therum
2817 4257 3073 4313 Nazara'i
3108 4258 3279 4313 locum
3308 4257 3469 4309 istum
3504 4256 3583 4308 ita
3608 4257 3755 4309 edis-

2174 4364 2403 4407 serunt:
2444 4350 2577 4407 Cum
2616 4351 2849 4405 dixerint
2900 4348 2967 4403 ad
2995 4365 3082 4403 vos
3121 4347 3317 4403 Scribte
3354 4357 3403 4400 et
3454 4345 3752 4406 Pharisaei,

2175 4454 2233 4498 ut
2257 4460 2346 4499 eos
2368 4442 2627 4505 audiatis,
2660 4442 2912 4512 quoniam
2940 4441 3135 4495 ventris
3170 4455 3335 4493 causa
3368 4439 3594 4506 faciunt,
3620 4446 3670 4491 et
3694 4440 3755 4491 in

2175 4549 2371 4588 morem
2402 4547 2673 4602 magorum
2709 4530 2940 4585 stridunt
2967 4528 3414 4583 incantationibus
3444 4528 3755 4591 suis,utvo;

2175 4626 2460 4694 decipiant,
2496 4624 2593 4678 hoc
2626 4624 2701 4677 eis
2729 4622 3038 4691 respondere
3070 4620 3302 4674 debetis:
3325 4618 3446 4673 Non
3478 4620 3675 4672 mirum
3705 4622 3758 4674 si

2176 4727 2376 4771 vestras
2410 4714 2722 4767 traditiones
2755 4712 3070 4781 sequamini,
3098 4712 3217 4763 cum
3268 4724 3590 4778 unaqquue
3623 4723 3756 4777 gens

2178 4822 2276 4860 sua
2307 4806 2549 4860 consulat
2570 4804 2747 4858 idola.
2774 4801 2914 4872 Ergo
2943 4818 3036 4854 nos
3062 4817 3094 4853 a
3124 4798 3267 4853 vobis
3299 4799 3524 4851 mortuis
3566 4796 3632 4849 de
3682 4800 3761 4850 oi-

2177 4898 2414 4952 ventibus
2444 4896 2716 4950 consulere
2737 4910 2839 4948 non
2892 4892 3156 4947 debemus.
3196 4890 3370 4959 Magis
3428 4888 3563 4942 Deus
3604 4888 3761 4942 nobis

2180 4989 2339 5059 legem
2391 4987 2555 5049 dedit,
2609 4993 2660 5038 et
2706 4984 3008 5037 testimonia
3066 4980 3485 5046 Scripturarum,
3543 4989 3663 5043 qua
3710 4978 3761 5028 si

2180 5080 2328 5148 sequi
2362 5077 2661 5137 nolueritis,
2709 5092 2814 5128 non
2873 5071 3130 5127 habebitis
3163 5070 3353 5132 lucem,
3412 5066 3504 5120 sed
3554 5078 3764 5131 semper

2181 5169 2351 5238 caligo
2373 5183 2461 5221 vos
2485 5167 2763 5235 opprimet,
2791 5178 2907 5234 qua:
2931 5158 3177 5215 transibit
3200 5174 3290 5228 per
3308 5167 3503 5210 terram
3530 5162 3765 5207 uestram

2093 5279 2101 5284 ·
2184 5269 2336 5328 atque
2360 5259 2659 5312 doctrinam
2679 5273 2695 5310 :
2715 5266 2772 5309 ut
2810 5272 2930 5309 cum
2956 5252 3154 5323 decepti
3180 5267 3213 5304 a
3245 5249 3387 5304 vobis
3413 5263 3469 5302 se
3489 5248 3542 5299 in
3583 5259 3769 5298 errore

2182 5354 2563 5421 perspexerant,
2589 5359 2637 5403 et
2670 5349 2933 5402 sustinere
2962 5344 3155 5414 {autem
3184 5341 3449 5403 veritatis,
3481 5346 3606 5389 tunc
3637 5350 3767 5387 con-

2187 5444 2486 5507 tristentur,
2513 5443 2620 5496 sire
2650 5442 2954 5495 irascantur
2976 5435 3118 5492 vobis
3163 5450 3291 5505 quos
3304 5430 3458 5503 quasi
3479 5428 3605 5482 deos
3639 5441 3738 5480 suo
