3974 6338
413 291 628 391 ’423

521 528 751 584 Hebrer
779 543 874 582 seu
904 525 1137 597 Syriaco
1178 528 1438 582 idiomate
1476 527 1530 580 in
1566 526 1824 580 Latinum
1857 534 2106 581 transtu-

519 620 685 683 lerat,
729 619 782 671 in
816 618 1008 672 eodem
1039 617 1439 672 commentario
1466 618 1524 672 in
1547 626 1713 688 caput
1745 633 1800 670 xi
1835 617 1994 672 Isaia:
2020 631 2104 670 re-

518 711 654 765 citat
689 711 744 764 in
764 710 915 764 hunc
949 711 1174 764 modum
1205 728 1218 764 :
1252 709 1482 764 Factum
1505 719 1606 774 est,
1636 726 1754 763 cum
1785 707 2106 762 ascendisset

521 799 780 855 Dominus
831 801 894 856 de
942 817 1102 871 aqua,
1147 799 1411 855 descendit
1466 801 1588 870 fons
1655 800 1826 854 omnis
1868 797 2104 868 Spiritus

516 892 728 952 sancti,
761 901 810 944 et
853 891 1102 959 requievit
1153 905 1309 958 super
1357 907 1498 956 eum,
1549 899 1599 944 et
1640 888 1781 943 dixit
1835 888 1961 942 illi:
1997 885 2108 940 Fili

520 983 613 1046 mi,
647 982 700 1034 in
727 981 971 1034 omnibus
1006 981 1278 1049 prophetis
1318 979 1691 1049 exspectabam
1714 990 1766 1032 te
1796 987 1854 1033 ut
1885 979 2107 1041 venires,

516 1086 566 1128 et
591 1074 966 1142 requiescerent
999 1073 1051 1126 in
1087 1081 1155 1125 te.
1187 1071 1265 1125 Tu
1295 1089 1350 1126 es
1378 1073 1515 1126 enim
1539 1072 1744 1141 requies
1770 1088 1907 1126 mea.
1940 1069 2019 1123 Tu
2053 1085 2108 1123 es

521 1164 568 1216 Ε
571 1165 696 1217 ilius
734 1180 876 1217 meus
908 1164 1323 1232 primogenitus,
1368 1165 1457 1229 qui
1504 1179 1690 1232 regnas
1736 1163 1791 1215 in
1833 1161 2110 1229 sempiter—

516 1273 661 1309 num.
702 1253 1018 1308 Secundum
1058 1256 1250 1308 tritam
1294 1255 1349 1308 in
1399 1254 1707 1324 Scripturis
1742 1262 1798 1307 et
1837 1252 1980 1322 apud
2011 1253 2109 1306 Ju-

514 1347 661 1402 dueos
713 1346 974 1416 loquendi
1028 1361 1307 1411 normam,
1352 1346 1624 1416 ejusmodi
1680 1345 1966 1409 clausulae,
2017 1344 2108 1413 qui

515 1455 700 1508 regnas
731 1439 785 1490 in
819 1439 1216 1505 sempiternum,
1249 1439 1340 1508 qui
1369 1454 1422 1492 es
1477 1437 1776 1491 benedictus
1802 1438 1856 1490 in
1885 1436 2105 1502 sarcula,

514 1531 618 1584 soli
653 1529 764 1583 Deo
800 1545 950 1592 vero,
991 1544 1094 1583 nec
1131 1529 1230 1583 ulli
1284 1537 1486 1584 creata:
1535 1529 1864 1584 substantia:
1898 1543 2106 1583 conve-

513 1621 695 1674 niunt.
754 1619 908 1675 Unde
957 1622 1012 1674 iu
1053 1621 1246 1674 eodem
1295 1619 1598 1691 Evangelio
1635 1629 1694 1674 ut
1727 1621 1799 1674 ab
1831 1620 2108 1678 Ebionitis

517 1713 828 1783 legebatur,
866 1713 1004 1767 nihil
1041 1715 1149 1768 tale
1180 1713 1275 1768 illo
1307 1714 1412 1767 loci
1443 1713 1844 1782 reperiebatur,
1872 1722 1930 1767 ut
1959 1729 2110 1768 com-

512 1815 729 1876 pertum
763 1806 821 1860 lit
851 1821 915 1860 ex
935 1817 1198 1877 excerpto
1219 1806 1364 1877 quod
1396 1805 1737 1877 Epiphanius
1765 1807 1960 1860 recitat
1993 1806 2108 1860 ha:-

513 1900 625 1955 resi
660 1898 730 1952 so
764 1898 791 1969 ς
831 1900 921 1953 15.
975 1945 982 1951 .

580 1989 706 2044 XV.
748 1989 831 2044 Ea:
854 1991 980 2044 aliis
1021 1991 1144 2044 item
1182 1989 1420 2057 ipsorum
1455 1989 1896 2059 expositionibus.
1925 2017 1993 2028 —
2026 1986 2105 2041 Ad

513 2085 654 2149 haec,
713 2082 858 2138 idem
920 2081 1291 2153 Ilieronymus
1339 2083 1394 2136 in
1441 2092 1613 2152 caput
1662 2097 1760 2136 xm
1817 2080 2104 2139 Habacuc,

512 2174 809 2231 verberum
876 2175 1130 2238 istorum,
1184 2171 1325 2226 Deus
1371 2173 1436 2226 ab
1491 2182 1675 2226 austro
1731 2171 1917 2235 veniet,
1972 2178 2104 2231 etc.,

511 2267 922 2338 expositionem
975 2265 1157 2328 all‘ert,
1210 2279 1377 2334 quam
1412 2279 1472 2319 se
1504 2263 1576 2318 ab
1608 2262 1860 2328 Hebrazo,
1912 2261 2106 2330 utique

511 2359 819 2425 Nazarene,
877 2373 985 2414 non
1043 2371 1182 2428 puro
1247 2365 1380 2426 puto
1423 2355 1616 2411 Iudaeo
1673 2365 1729 2411 et
1777 2355 2108 2410 Christianae

513 2451 644 2506 lidei
678 2450 917 2514 infenso,
956 2449 1243 2520 accepisse
1273 2456 1536 2515 testatur,
1570 2463 1680 2517 qua
1715 2446 1923 2502 Christi
1958 2448 2104 2503 divi-

511 2543 660 2598 nitas
709 2540 1064 2611 apertissime
1116 2541 1465 2605 enuntiatur,
1530 2539 1766 2609 ejusque
1806 2545 2104 2609 antequam

510 2648 680 2690 carne
699 2641 1051 2698 nasceretur,
1077 2631 1407 2686 exsisteutia
1425 2648 1440 2685 :
1461 2631 1654 2684 Audiri
1683 2646 1776 2701 ego
1799 2628 2104 2696 Hebrwum,

510 2724 713 2794 inquit,
743 2725 906 2779 istum
948 2725 1122 2777 locum
1162 2723 1240 2777 ita
1291 2721 1622 2776 edisserere:
1670 2721 1810 2791 quod
1839 2719 2105 2776 Bethleem

511 2817 619 2869 sita
648 2817 720 2870 sit
756 2815 824 2869 ad
859 2825 1148 2877 austrum,
1185 2814 1240 2868 in
1270 2829 1376 2883 qua
1418 2824 1578 2867 natus
1616 2821 1697 2868 est
1752 2812 2012 2868 Dominus
2053 2822 2104 2867 et

513 2906 787 2970 Salvator,
820 2915 869 2961 et
905 2907 1083 2975 ipsum
1112 2920 1227 2958 esse
1261 2902 1327 2958 de
1358 2919 1461 2974 quo
1501 2919 1643 2958 nunc
1670 2903 1904 2958 dicitur:
1940 2924 1959 2956 ι
1989 2904 2102 2960 Do-

513 2997 688 3051 minus
715 2998 779 3051 ab
814 3006 1000 3052 austro
1037 2996 1238 3063 veniet;
1267 3013 1286 3049 ι
1306 2994 1404 3049 hoc
1435 3006 1537 3059 est,
1570 3002 1823 3049 nascetur
1852 2995 1907 3048 in
1940 2993 2103 3050 Beth-

516 3092 670 3153 leem,
705 3101 752 3145 et
786 3090 907 3144 inde
964 3099 1244 3160 consurget
1279 3107 1293 3144 :
1324 3099 1374 3144 et
1405 3089 1532 3158 quia
1564 3089 1672 3156 ipse
1704 3088 1796 3158 qui
1837 3096 1994 3142 natus
2025 3099 2104 3143 est

513 3182 570 3234 in
608 3180 897 3242 Bethleem,
945 3180 1110 3248 legent
1154 3179 1423 3250 quondam
1447 3178 1590 3232 dedit
1625 3179 1678 3232 in
1713 3188 1891 3233 monte
1923 3176 2101 3246 Sinai,

511 3274 625 3340 ipse
653 3283 732 3326 est
759 3281 978 3324 sanctus
1009 3271 1098 3341 qui
1130 3273 1266 3325 venit
1294 3271 1358 3325 de
1393 3279 1569 3324 monte
1609 3269 1849 3324 l’haran.
1877 3269 2100 3325 Pharon

510 3363 700 3432 quippe
726 3373 806 3417 est
833 3366 979 3415 locus
1013 3363 1207 3416 montis
1241 3360 1398 3416 Sina.
1430 3358 1635 3426 Plane,
1673 3368 1732 3415 ut
1771 3360 2103 3431 interpreta—

511 3454 588 3506 tio
635 3454 808 3522 prima
851 3451 995 3506 initii
1024 3451 1223 3522 capitis
1269 3467 1322 3506 Ix
1358 3451 1533 3515 Isaiae,
1567 3466 1689 3521 qua:
1737 3451 1808 3507 ab
1859 3451 2102 3507 Hebraeis

511 3551 736 3612 accepta
763 3541 990 3608 dicitur,
1026 3540 1440 3597 Nazarenorum
1477 3549 1564 3598 est
1597 3543 1691 3612 qui
1725 3543 1780 3598 in
1812 3543 2099 3598 Christum

509 3632 842 3698 crederent;
899 3649 1236 3703 rursumque
1285 3634 1380 3688 ubi
1443 3631 1814 3705 Hieronymus
1869 3633 1969 3699 ait,
2045 3635 2102 3688 in

511 3741 632 3796 cap.
665 3742 742 3792 xl,
777 3726 1018 3780 eruditos
1055 3724 1426 3792 Hebraeorum,
1448 3726 1582 3780 illud
1607 3726 1753 3796 quod
1787 3727 1841 3782 in
1862 3726 2101 3781 Μαιηιωὶ

511 3817 809 3887 Evangelio
836 3817 1104 3888 scriptum
1136 3825 1241 3882 est,
1292 3819 1421 3888 quia
1465 3815 1772 3872 Nazarazus
1801 3817 2098 3884 vocabitur,

510 3921 580 3961 ex
618 3907 775 3961 initio
805 3907 968 3962 istius
994 3908 1196 3978 capitis
1219 3918 1568 3978 assumptum
1608 3919 1820 3977 putare,
1851 3908 1967 3962 illic
1994 3903 2103 3960 Na-

513 4013 747 4054 zarcnos
794 3999 1137 4071 signiﬁcatos
1181 4001 1398 4067 voluit;
1432 4002 1514 4057 sic
1561 4016 1788 4071 quoque
1837 3999 2103 4055 Hebraeus

512 4089 604 4145 ille
649 4090 745 4160 qui
794 4106 858 4146 ex
905 4089 1166 4147 llabacuc
1207 4091 1394 4148 verbis
1423 4091 1566 4146 Deus
1593 4092 1660 4145 ab
1695 4101 1882 4146 austro
1912 4091 2102 4154 veniet,

513 4197 829 4252 supremam
848 4181 1057 4238 Christi
1083 4182 1346 4236 deitatem
1369 4180 1729 4251 praedicabat,
1753 4196 1784 4236 e
1804 4179 2106 4237 Nazarenis

514 4273 688 4330 fuisse
715 4275 943 4329 omnino
972 4275 1287 4330 censendus
1317 4282 1426 4339 est,
1455 4289 1485 4327 a
1511 4289 1751 4345 quorum
1781 4273 2103 4346 Scripturas

513 4363 920 4434 interpretandi
961 4364 1225 4420 methodo
1258 4366 1582 4422 nullatenus
1619 4365 2000 4437 discreparet,
2040 4376 2104 4423 ut

512 4470 581 4510 ex
609 4455 904 4510 collatione
935 4457 1292 4526 perspicuum
1323 4457 1434 4514 llet.
1462 4457 1640 4528 Hujus
1672 4458 1840 4513 etiam
1877 4459 2101 4530 generis

512 4553 671 4602 erant
695 4545 911 4602 Hebraei
934 4546 1034 4614 illi,
1060 4563 1297 4618 quorum
1323 4549 1724 4619 expositionem
1752 4549 2101 4622 septuaginta

514 4635 919 4692 hebdomadum
947 4635 1191 4693 Danielis
1229 4637 1620 4695 sanctissimus
1654 4637 1798 4694 idem
1831 4638 2100 4694 librorum

513 4740 800 4784 sacrorum
845 4725 1122 4797 interpres
1148 4725 1308 4784 affert
1338 4728 1395 4783 in
1433 4742 1558 4800 cap.
1587 4743 1645 4784 ix
1671 4727 1838 4799 hujus
1871 4729 2102 4786 alterius

515 4817 818 4888 prophetae.
861 4817 928 4872 Hi
972 4819 1123 4874 enim
1169 4818 1476 4876 Christiani
1506 4828 1690 4889 erant,
1729 4833 1837 4877 non
1868 4818 2102 4876 Domino

517 4905 645 4963 Jesu
683 4907 905 4964 Christo
935 4907 1166 4965 infensi.
1727 4921 1734 4928 '
1956 4919 1958 4921 ’

587 4996 730 5053 XVI.
766 4998 848 5052 Ea:
892 5000 1000 5054 alio
1031 5000 1344 5072 Hieronymi
1375 5001 1510 5056 loco.
1549 5031 1618 5043 —
1652 5001 1917 5072 Denique,
1964 5018 2091 5059 cum

513 5087 889 5161 Hieronymus
911 5091 1003 5147 ubi
1032 5093 1100 5147 de
1128 5092 1400 5149 Ebionitis
1423 5094 1692 5164 loquitur,
1729 5094 1892 5166 vulgo
1923 5096 2098 5152 soleat

517 5183 866 5254 iuterjicere,
897 5199 994 5240 eos
1026 5185 1309 5242 Christum
1372 5183 1542 5240 Maria
1596 5186 1930 5239 anteriorem
1985 5201 2097 5241 non

516 5289 834 5345 agnoscere,
882 5290 1158 5345 nusquam
1191 5276 1295 5330 hoe
1327 5277 1392 5331 de
1436 5273 1739 5329 Nazarenis
1771 5273 2095 5343 insinuavit,

515 5365 608 5420 sed
658 5379 755 5421 eos
803 5366 1031 5422 credere
1077 5365 1266 5422 Iesum
1317 5380 1442 5421 esse
1494 5363 1696 5419 Filium
1733 5363 1872 5420 Dei:
1926 5368 2000 5420 ita
2040 5378 2101 5421 ut

515 5455 654 5509 alios
684 5456 754 5511 de
798 5465 960 5528 gente
993 5472 1093 5512 sua
1141 5457 1280 5511 dure
1312 5455 1748 5527 perstringerent
1769 5495 1784 5520 ,
1819 5456 1965 5526 quod
2004 5455 2097 5512 Dei

516 5543 717 5600 Filium
753 5546 1144 5618 denegassent,
1172 5549 1322 5602 velut
1347 5563 1414 5604 ex
1440 5549 1688 5620 ipsorum
1733 5547 2100 5603 adnotationi-

515 5635 621 5688 bus
651 5651 790 5704 quas
819 5650 948 5693 ante
979 5640 1241 5707 recitavi,
1278 5651 1622 5712 compertum
1677 5641 1734 5697 lit
1762 5661 1776 5697 :
1836 5642 2098 5712 huncque

517 5725 786 5782 duntaxat
843 5747 1052 5786 naevum
1112 5735 1166 5788 in
1223 5735 1304 5792 eis
1355 5735 1740 5806 reprehendit,
1775 5735 1922 5806 quod
1963 5751 2090 5792 cum

1581 322 2234 386 DISSERTATIONES
2265 323 2846 388 DAMASCENICIE.
2905 290 2914 295 ’

520 448 600 502 ιο,
644 436 790 507 quod
846 435 1252 507 Hieronymus,
1303 435 1398 505 qui
1451 434 1805 506 Euangelium
1863 435 1999 490 illud
2033 450 2116 490 ex.

3687 325 3788 389 42’»

2213 436 2504 492 crederent
2534 438 2590 492 in
2641 437 2950 502 Christum,
3011 437 3143 507 legis
3197 450 3559 502 caeremonias
3612 438 3782 500 nihilo

2207 527 2392 582 secius
2437 529 2768 583 retinerent.
2801 527 3006 582 Horum
3051 544 3216 600 porro
3249 529 3315 583 de
3347 529 3571 584 Christo
3624 532 3788 585 tidem

2207 617 2290 672 sic
2324 632 2546 673 rursum
2573 619 2769 689 paucis
2805 619 3060 674 enuntiat
3084 619 3251 690 epist.
3286 620 3380 682 80,
3425 636 3549 690 qua:
3591 631 3676 677 est
3716 624 3789 677 ad

2203 707 2598 778 Augustinum,
2665 719 2958 782 postquam
3017 711 3086 767 de
3143 710 3415 768 Ebionitis
3461 713 3623 778 dixit,
3689 722 3789 778 qui

2205 798 2558 856 Christianos
2603 817 2727 857 esse
2760 817 2822 857 se
2855 803 3207 867 simularent,
3241 803 3310 858 de
3347 803 3651 860 Nazarenis
3684 809 3782 862 ad-

2200 890 2324 960 jicit
2358 909 2372 946 :
2407 889 2580 962 Usque
2616 894 2772 948 hodie
2800 910 2894 964 per
2949 903 3090 950 totas
3121 896 3354 950 Orientis
3373 914 3671 968 synagogas
3701 900 3790 954 in-

2207 992 2287 1038 ter
2315 983 2533 1040 Judteos
2575 985 2791 1042 hteresis
2855 1003 2976 1058 qua:
3008 989 3210 1042 dicitur
3260 988 3620 1053 linteorum,
3669 1001 3717 1046 et
3752 1010 3790 1046 α

2207 1072 2504 1128 Pharisazis
2524 1083 2626 1138 est,
2651 1091 2818 1146 usque
2845 1093 2984 1131 nunc
3005 1078 3314 1142 damnatur,
3341 1096 3472 1149 quos
3498 1080 3649 1149 uulgo
3678 1079 3791 1136 Να-

2208 1181 2411 1221 zarwos
2445 1177 2772 1244 nuncupant,
2807 1169 2899 1238 qui
2937 1171 3157 1224 credunt
3187 1171 3241 1225 in
3272 1169 3545 1226 Christum
3581 1171 3788 1227 Filium

2209 1257 2329 1323 Dei,
2355 1267 2541 1312 natum
2573 1257 2639 1314 de
2683 1259 2890 1330 Virgine
2927 1259 3128 1326 Maria,
3167 1271 3217 1316 et
3248 1279 3369 1317 eum
3422 1279 3536 1318 esse
3580 1263 3789 1329 dicunt,

2212 1351 2304 1420 qui
2342 1351 2439 1404 sub
2491 1350 2691 1406 Pontio
2747 1352 2928 1408 Pilato
2947 1369 3140 1421 passus
3174 1365 3277 1418 est,
3308 1365 3360 1410 et
3393 1358 3708 1422 resurrexit,
3731 1359 3791 1412 in

2204 1457 2354 1510 quem
2382 1451 2434 1496 et
2455 1457 2549 1496 nos
2583 1443 2850 1497 credimus
2878 1457 2897 1496 :
2933 1443 3026 1498 sed
3045 1443 3172 1497 dum
3199 1447 3383 1498 colunt
3409 1454 3458 1498 et
3479 1443 3659 1499 ,ιιιάωὶ
3675 1460 3793 1499 esse

2203 1541 2252 1584 et
2293 1529 2606 1596 Christiani,
2635 1549 2729 1588 nec
2761 1532 2939 1589 Judtei
2981 1545 3123 1601 sunt,
3169 1552 3262 1590 nec
3292 1535 3626 1601 Christiani;
3659 1551 3790 1607 pro-

2205 1630 2328 1690 pter
2379 1623 2866 1678 circumcisionem
2927 1623 3140 1680 scilicet
3199 1633 3256 1680 et
3319 1623 3586 1682 Iudaicos
3649 1629 3793 1684 ritus

2206 1709 2470 1780 quosdam
2511 1712 2718 1782 quibus
2771 1713 2897 1782 plus
2927 1729 3084 1784 aequo
3114 1713 3587 1771 adhaerescerent.
3620 1717 3792 1788 Atqui

2205 1802 2515 1857 secundum
2569 1804 2966 1874 simpliciorem
3018 1803 3470 1862 Christianorum
3535 1818 3790 1866 veterum

2208 1893 2330 1948 lldei
2367 1893 2792 1964 professionem,
2831 1913 2996 1968 quam
3051 1897 3347 1965 Nazareni,
3386 1914 3510 1954 cum
3546 1899 3615 1954 ab
3663 1901 3793 1958 aliis

2204 1980 2562 2051 Christianis,
2597 1996 2712 2043 tum
2734 1989 2978 2060 regione,
3005 1999 3124 2044 tum
3153 1991 3402 2048 moribus
3429 2007 3790 2064 segregaren-

2205 2085 2316 2142 tur,
2341 2077 2410 2132 ab
2439 2079 2708 2148 apostolis
2733 2087 3018 2150 acceptam
3054 2081 3197 2148 apud
3231 2095 3292 2137 se
3321 2076 3706 2147 servaverant,
3732 2092 3792 2140 et

2202 2170 2422 2241 qualem
2454 2171 2779 2242 Symbolum
2804 2172 3172 2243 apostolicum
3202 2172 3448 2239 exhibet,
3478 2173 3706 2230 credere
3731 2175 3794 2231 in

2201 2260 2486 2316 Christum
2513 2260 2610 2317 Dei
2643 2261 2866 2328 Filium,
2896 2262 3040 2319 idem
3067 2278 3298 2334 prorsus
3319 2273 3460 2329 erat,
3483 2264 3795 2321 accredere

2203 2352 2485 2407 Christum
2517 2369 2649 2409 vere
2680 2361 2734 2409 et
2763 2355 2985 2426 proprie
3017 2353 3185 2410 Deum
3219 2369 3365 2422 esse,
3396 2369 3462 2410 ex
3489 2354 3598 2410 Deo
3626 2352 3796 2412 Patre

2202 2445 2468 2515 genitum.
2497 2444 2659 2501 Unde
2692 2443 3061 2518 Hieronymus
3089 2446 3302 2514 subdit,
3330 2448 3386 2500 in
3419 2463 3572 2518 quem
3601 2455 3651 2502 et
3684 2463 3788 2502 nos

2203 2535 2492 2600 credimus,
2525 2545 2586 2590 ut
2619 2536 2891 2608 signiticet
2924 2537 3174 2593 eamdem
3213 2552 3342 2594 esse
3372 2537 3789 2595 Nazareuorum

2204 2643 2270 2682 ac
2333 2638 2652 2683 nostrorum
2705 2627 3125 2684 Catholicorunt
3179 2629 3344 2686 ﬁdem
3373 2649 3388 2686 :
3421 2645 3488 2686 eo
3551 2631 3794 2686 maxime

2203 2720 2373 2790 quod,
2401 2729 2463 2774 ut
2497 2727 2623 2774 ante
2647 2733 2715 2774 ex
2745 2719 2981 2789 ipsemet
3013 2727 3211 2775 sancto
3242 2719 3472 2774 doctore
3492 2718 3792 2776 recitatum

2201 2818 2309 2878 est,
2359 2808 2631 2865 Nazareni
2687 2808 2849 2865 tidem
2881 2810 3150 2882 gentium,
3193 2825 3224 2864 a
3277 2810 3481 2881 quibus
3525 2810 3791 2867 Christus

2201 2901 2280 2957 uti
2311 2916 2474 2957 verus
2498 2901 2642 2958 Deus
2671 2901 2878 2957 colitur
2905 2908 2962 2958 et
3000 2901 3285 2970 adoretur,
3310 2902 3496 2974 dignis
3525 2901 3792 2959 laudibus

2201 3003 2464 3065 tanquam
2485 2993 2555 3050 ab
2587 2992 2913 3049 idololatria:
2931 2993 3166 3049 crimine
3189 2992 3488 3050 immunem
3503 3007 3792 3050 cometen-

2201 3087 2416 3142 darent.

2271 3190 2440 3248 XVH.
2478 3195 2522 3246 A
2550 3191 2863 3247 Judworum
2885 3193 3172 3263 sgnagogis
3203 3193 3370 3247 alieni
3401 3200 3555 3246 nant
3589 3190 3788 3249 Naza-

2199 3285 2330 3341 reni.
2363 3315 2434 3324 —
2466 3283 2764 3348 Caeterum,
2823 3283 2969 3352 quod
3026 3281 3396 3355 Hieronymus
3443 3284 3498 3337 in
3546 3285 3790 3355 epistola

2200 3375 2266 3430 ad
2297 3376 2670 3447 Augustinum
2713 3376 2779 3430 de
2819 3375 3120 3432 Nazarenis
3153 3359 3360 3432 nostris
3386 3377 3661 3441 dicturus,
3695 3379 3790 3436 bis

2200 3466 2383 3522 verbis
2409 3483 2640 3523 exorsus
2664 3467 2737 3522 sit
2766 3483 2780 3520 :
2824 3463 2996 3536 Usque
3023 3465 3177 3520 hodie
3201 3482 3294 3534 per
3327 3467 3489 3521 totius
3533 3466 3783 3526 Orientis

2202 3576 2498 3631 synagogas
2519 3561 2660 3615 inter
2687 3557 2906 3615 Judazos
2951 3557 3167 3614 hazrcsis
3189 3567 3268 3612 est
3287 3574 3406 3629 qua:
3428 3560 3630 3614 dicitur
3673 3560 3788 3616 Mi-

2203 3669 2462 3720 nworum,
2486 3662 2621 3717 etc.,
2657 3666 3008 3722 nequaquam
3042 3649 3358 3722 signiﬁcare
3391 3653 3638 3710 voluisse
3678 3667 3788 3724 pu-

2199 3742 2402 3798 tandus
2454 3749 2542 3798 est
2589 3742 2908 3820 Nazarenos
2942 3756 3068 3796 cum
3116 3740 3326 3799 Iudaeis
3368 3743 3444 3812 in)
3473 3760 3788 3817 synagogas

2200 3833 2499 3890 convenire
2549 3833 2762 3901 solitos,
2817 3848 3036 3904 unaque
3064 3848 3192 3888 cum
3224 3835 3451 3905 perﬁdis
3485 3836 3789 3906 permistos

2200 3918 2394 3986 fuisse,
2448 3919 2522 3974 ita
2577 3929 2634 3975 ut
2665 3921 2733 3975 ab
2761 3921 2844 3978 eis
2872 3936 2996 3977 sese
3035 3935 3146 3977 non
3179 3922 3551 3992 sejunxerlut,
3587 3939 3786 3996 quem-

2199 4011 2494 4069 admodum
2512 4013 2849 4070 receutiores
2870 4013 3092 4086 quidam
3120 4013 3436 4088 Hieronymi
3467 4016 3675 4072 dictum
3700 4019 3788 4074 in-

2201 4105 2533 4160 tellexerunt
2569 4121 2584 4159 :
2608 4103 2703 4160 sed
2730 4104 2906 4160 sancti
2925 4104 3170 4161 doctoris
3193 4120 3493 4177 germanus
3517 4107 3790 4178 solusque

2201 4209 2397 4250 sensus
2423 4195 2530 4251 iste
2559 4202 2667 4260 est,
2698 4193 3017 4251 Nazarenos
3047 4210 3146 4266 per
3177 4193 3424 4253 Orientis
3474 4211 3791 4269 synagogas

2201 4301 2233 4341 a
2264 4283 2476 4342 Scribis
2500 4293 2554 4341 et
2585 4283 2884 4342 Pharisaeis
2924 4300 2990 4342 ac
3026 4285 3256 4354 reliquis
3299 4285 3504 4344 Judaeis
3535 4291 3787 4346 censitos

2201 4377 2376 4435 fuisse
2426 4379 2672 4448 adeoque
2703 4377 3050 4448 proscriptos
3084 4384 3352 4449 tanquam
3401 4379 3696 4437 haereticos
3730 4392 3789 4438 et
3895 4437 3897 4447 ,

2201 4469 2448 4526 Minatus.
2481 4477 2607 4557 par.
2635 4467 2813 4524 Minin
2839 4468 2986 4524 enim
3016 4467 3161 4525 idem
3206 4467 3352 4540 apud
3393 4469 3662 4528 rabbinos
3692 4486 3790 4528 so-
3893 4501 3895 4533 ξ

2201 4571 2320 4629 nat,
2351 4563 2499 4634 quod
2531 4561 2766 4618 heretici
2801 4559 3008 4617 Graecis
3038 4575 3103 4616 ac
3127 4559 3364 4616 Latinis.
3386 4559 3624 4628 Quinam
3653 4577 3795 4634 pro-

2202 4659 2347 4716 lecto
2369 4657 2638 4715 Nazareni
2664 4658 2719 4714 in
2750 4671 3056 4730 synagogas
3087 4657 3153 4713 ad
3190 4671 3382 4728 preces
3415 4673 3542 4713 cum
3569 4655 3792 4716 Iudaeis
3887 4645 3891 4734 Ii

2201 4752 2328 4809 aliis
2351 4752 2762 4815 convenissent,
2794 4763 2937 4820 quos
2967 4757 3227 4820 tanquam
3259 4747 3474 4804 Domini
3501 4765 3568 4805 ac
3587 4749 3794 4808 Salva-

2202 4840 2342 4896 toris
2373 4839 2460 4895 sui
2493 4837 2700 4894 Christi
2749 4836 3164 4895 infensissimos
3196 4838 3384 4895 hostes
3412 4851 3793 4911 agnoscerent

2199 4937 2256 4983 et
2287 4927 2686 5004 exhorrcrent?
2717 4926 2823 4994 Qui
2854 4942 3075 4982 rursum
3113 4928 3233 4985 ﬁeri
3263 4930 3558 5000 potuisset,
3593 4940 3656 4986 ut
3689 4932 3794 4990 Ju-

2201 5019 2346 5075 daaos
2374 5019 2516 5073 inter
2537 5026 2590 5074 et
2609 5018 2917 5074 Nazarenos
2940 5021 3331 5075 commercium
3358 5022 3552 5084 ullum,
3580 5023 3791 5080 saltem
3881 5039 3883 5043 ‘

2199 5108 2384 5178 quoad
2436 5124 2551 5163 rem
2609 5108 2851 5164 divinam
2902 5125 2967 5165 ac
3012 5111 3381 5181 religionem,
3431 5123 3597 5175 esset,
3653 5131 3790 5170 cum

2199 5199 2372 5254 Judaai
2445 5198 2824 5272 Pharisaaique
2901 5203 3136 5270 ipsemet
3201 5199 3789 5272 Hieronymo'teste,

2203 5289 2414 5364 [XCVI]
2450 5292 2575 5346 illos
2603 5299 2864 5361 tanquam
2906 5292 3198 5348 luercticos
3235 5302 3289 5347 et
3327 5292 3589 5362 profanos
3618 5293 3788 5350 dam-

2200 5391 2397 5437 narent
2447 5390 2503 5437 et
2552 5383 3013 5438 exsecrarentur?
3070 5381 3244 5452 Usque
3281 5382 3457 5447 hodie,
3507 5384 3700 5452 inquit
3733 5386 3790 5439 in

2199 5488 2319 5542 cap.
2359 5487 2392 5527 v
2433 5469 2612 5537 Isaiae,
2657 5472 2839 5528 Judwi
2876 5483 3206 5540 perseverant
3242 5474 3296 5526 in
3330 5473 3705 5541 blasphemiis,
3738 5486 3789 5529 et
3867 5481 3871 5542 1

2201 5571 2278 5615 ter
2317 5575 2408 5629 per
2445 5562 2682 5632 singulos
2721 5563 2833 5617 dies
2863 5564 2918 5616 in
2949 5562 3193 5617 omnibus
3232 5563 3520 5633 sgnagogis
3543 5563 3646 5616 sub
3685 5581 3792 5618 no-
3865 5569 3869 5633 1

2197 5654 2338 5708 mine
2369 5653 2771 5709 Nazare'norum
2795 5655 3254 5708 anathematizant
3280 5654 3593 5708 uocabulum
3623 5653 3791 5710 Chri-

2171 5725 2460 5796 stianum.
2506 5738 2662 5808 Quod
2704 5742 2756 5796 in
2808 5757 2930 5815 cap.
2965 5758 3036 5798 ιιι
3105 5742 3304 5798 iterum
3355 5749 3593 5799 testatur
3623 5761 3638 5804 :
3671 5745 3790 5804 Sub

3877 5183 3879 5215 |

3873 5347 3875 5385 1

3867 5409 3873 5496 1

3867 5507 3871 5574 1

3865 5577 3869 5641 1

3863 5649 3867 5725 1

3863 5729 3865 5811 1

3877 5183 3879 5215 Ι

3873 5347 3875 5385 l

3867 5409 3873 5496 J

3867 5507 3871 5574 1

3865 5577 3869 5641 1

3863 5649 3867 5725 1

3863 5729 3865 5811 1

3857 6029 3859 6067 l

3855 6095 3857 6153 1

3852 6243 3853 6277 1
