3974 6338
242 225 349 291 425

244 338 479 400 nomine,
504 344 561 391 ut
595 352 734 407 strpe
774 335 910 401 dixi,
958 338 1358 390 Nazarenorum
1380 374 1395 399 ,
1430 344 1507 388 ter
1548 335 1601 386 in
1649 334 1733 386 die
1768 334 1822 385 in

245 428 582 483 Christianos
612 438 899 499 congerunt
933 427 1240 481 maledicta.
1274 425 1614 497 Epiphanius
1661 426 1824 477 etiam

246 517 565 574 Nazarenos
617 517 1012 572 inimicissimos
1060 516 1374 572 Judworum
1425 517 1593 587 fuisse
1639 517 1824 587 perhi-

246 609 341 664 bet
366 628 379 663 :
416 610 558 661 πάνυ
582 607 639 661 δὲ
655 604 800 663 οὗτοι
824 608 1011 679 ἐχθροὶ
1035 609 1146 672 τοῖς
1162 608 1433 671 Ἰουδαίοις
1454 608 1790 677 ὑπάρχουσιν
1810 626 1825 663 :

250 702 330 754 ita
354 709 413 753 ut
444 700 530 753 illi
562 716 718 754 mane
739 700 866 752 dum
897 708 1208 770 surgerent,
1234 699 1454 752 meridie
1501 715 1562 753 ac
1598 716 1826 767 vespere,

248 793 341 845 ὅτε
382 791 547 861 εὐχὰς
594 789 938 845 ἐπιτελοῦσιν
981 792 1038 843 ἐν
1069 793 1189 855 ταῖς
1243 789 1418 844 αὐτῶν
1462 794 1827 859 συναγωγαῖς,

248 881 464 953 quando
486 898 662 950 preces
687 883 741 936 in
768 882 1051 952 synagogis
1094 883 1422 951 persolvunt,
1460 882 1747 936 maledicta
1774 882 1830 936 in

248 991 340 1029 eos
405 975 715 1040 conficiant.
773 973 930 1039 Quod
982 974 1301 1030 certissimo
1362 984 1689 1045 argumento
1746 984 1831 1032 est

250 1066 572 1122 Nazarenos
604 1081 731 1121 cum
777 1065 984 1122 Iudaeis
1020 1065 1086 1119 ad
1120 1066 1388 1122 orandum
1423 1083 1531 1121 una
1562 1083 1667 1121 non
1700 1084 1832 1123 con—

251 1172 497 1211 venisse.

324 1246 513 1301 XVIII.
555 1246 904 1302 Theodoretus
938 1245 1250 1301 Nazarenos
1278 1262 1381 1299 non
1405 1246 1538 1301 satis
1560 1245 1835 1314 dispunxit

253 1340 325 1393 ab
380 1338 661 1394 Ebionitis.
700 1372 766 1383 —
805 1339 883 1394 Ex
928 1339 1013 1395 his
1058 1338 1314 1394 omnibus
1360 1338 1599 1393 solutum
1654 1347 1836 1395 manet

255 1434 551 1504 Epiphanii
598 1432 849 1499 dubium,
897 1434 991 1503 qui
1042 1431 1149 1488 sibi
1202 1431 1605 1501 incompertum
1664 1430 1837 1489 fuisse

254 1526 580 1595 scripserat,
609 1539 738 1578 num
765 1522 1065 1579 Christiani
1100 1519 1373 1577 Nazareni
1431 1522 1722 1576 Dominum
1751 1523 1837 1578 Je-

257 1630 384 1670 Stnu
423 1630 519 1685 pro
541 1628 694 1681 vero,
721 1614 968 1685 proprio,
992 1614 1343 1682 naturalique
1376 1613 1468 1669 Dei
1501 1611 1645 1667 Filio
1672 1613 1837 1669 liabe-

259 1712 410 1759 rent.
442 1703 506 1757 Et
536 1720 665 1759 eum
708 1702 1087 1760 Thcodoretus
1119 1703 1244 1759 illos
1276 1703 1579 1768 Christum,
1613 1704 1690 1758 uti
1741 1704 1837 1773 ju-

262 1805 413 1851 stum
445 1796 710 1849 duntaxat
746 1795 1022 1851 hominem
1053 1803 1347 1853 veneratos
1378 1810 1499 1851 esse
1524 1795 1836 1868 scripserit,

263 1894 493 1956 apparet
540 1902 663 1942 eum
717 1886 1013 1943 Nazareuis
1065 1887 1337 1958 ejusmodi
1392 1902 1609 1943 errores
1659 1888 1838 1958 impu-

267 1985 441 2039 tasse,
472 1976 564 2044 qui
598 1973 976 2029 Ebionitarum
1009 1976 1359 2031 solummodo
1394 1977 1605 2046 proprii
1626 1984 1836 2031 essent.

263 2068 346 2119 Ac
395 2078 541 2121 certe
590 2067 741 2136 ipse,
787 2068 871 2121 vir
923 2068 1059 2124 alias
1110 2067 1504 2134 doctissimus,
1555 2067 1842 2139 subjungit

263 2156 579 2212 Nazareuos
615 2160 969 2230 Evangelium
1000 2159 1149 2216 Petri
1186 2160 1367 2232 legere
1397 2161 1616 2218 solitos.
1640 2218 1649 2221 _
1673 2161 1839 2233 Atqui

263 2262 334 2301 ex
370 2247 674 2317 fragmento
723 2248 1011 2318 cujusdam
1050 2250 1299 2320 epistolas
1351 2246 1673 2323 Serapitmis
1726 2252 1840 2306 An-

267 2340 509 2395 tiocheni
559 2340 702 2411 quod
752 2340 923 2396 refert
968 2342 1264 2409 Eusebius,
1315 2343 1414 2400 lib.
1460 2359 1536 2411 vt,
1574 2359 1697 2415 cap.
1749 2326 1871 2411 12,‘

264 2432 536 2487 discimus
585 2432 937 2504 Evangelium
994 2432 1139 2490 Petri
1195 2442 1519 2506 usurpatum
1575 2437 1747 2492 fuisse
1785 2436 1842 2491 in

268 2522 434 2593 Syria
461 2539 489 2577 a
522 2526 801 2580 nonnullis
834 2527 928 2597 qui
960 2525 1293 2581 Docetarum
1338 2528 1612 2599 dogmatis
1647 2528 1842 2584 imbuti

265 2622 449 2667 erant.
487 2611 700 2668 Docetae
733 2628 899 2683 porro
925 2614 1304 2685 jungebantur
1342 2615 1665 2683 Encratitis,
1700 2634 1840 2689 quo-

269 2719 393 2755 rum
422 2718 597 2759 mores
630 2704 893 2760 Ebionilas
919 2706 1333 2772 aemulabantur,
1370 2708 1608 2763 maxime
1639 2723 1706 2763 ex
1733 2723 1842 2780 quo

265 2794 339 2848 ad
370 2794 608 2851 Elxaitas
656 2795 996 2854 Samszeosve
1041 2798 1398 2856 transierant.
1437 2800 1574 2856 Sunt
1621 2802 1715 2872 qui
1748 2818 1841 2872 ρη-

266 2894 391 2940 tant
425 2886 771 2958 Evangelium
813 2888 960 2944 istud
992 2889 1133 2945 idem
1172 2889 1345 2946 fuisse
1376 2905 1438 2947 ac
1471 2892 1616 2962 quod
1652 2909 1839 2947 secun-

264 2977 397 3030 dum
438 2976 681 3031 Hebraeos
712 2977 1039 3046 dicebatur;
1070 2995 1179 3049 quo
1212 2996 1425 3051 nempe,
1464 2992 1521 3037 ut
1550 2981 1661 3052 jam
1692 2997 1722 3036 a
1756 2997 1843 3039 me

264 3069 480 3123 dictum
512 3080 615 3137 est,
650 3069 919 3126 Ebionitae
943 3072 1254 3137 utebantur,
1285 3073 1381 3128 sed
1415 3089 1474 3128 ea
1529 3073 1644 3145 ipsa
1692 3084 1841 3144 parte

264 3159 521 3213 mutilato
544 3175 662 3229 qua:
692 3160 746 3214 in
781 3160 1154 3216 Mouotessaro
1185 3160 1403 3216 Tatiani
1436 3161 1841 3217 Encratitarum

264 3250 617 3321 antesignani
669 3251 877 3306 omissa
916 3258 1055 3305 erat.
1088 3250 1193 3305 Alii
1224 3268 1468 3319 rursum,
1505 3254 1707 3323 quibus
1756 3261 1841 3307 ta-

264 3356 397 3396 men
422 3344 511 3395 vix
550 3344 846 3407 assentior,
903 3342 1044 3398 idem
1082 3357 1204 3398 esse
1234 3357 1299 3397 ac
1328 3344 1605 3416 Κήρυγμα
1636 3344 1841 3414 Πέτρου

264 3432 708 3487 Prtedicationem
752 3433 937 3501 Petri,
982 3447 1105 3503 quae
1151 3432 1379 3503 perinde
1431 3434 1501 3488 ab
1547 3434 1841 3497 Ebionitis,

264 3523 359 3575 vel
395 3524 648 3586 conﬁcta,
674 3523 759 3578 vel
790 3532 1048 3593 corrupta
1089 3523 1216 3591 fuit,
1260 3532 1322 3579 ut
1350 3525 1456 3579 viri
1480 3525 1843 3581 eruditissimi

267 3612 583 3665 intulerunt
612 3627 675 3667 ex
710 3611 947 3680 quodam
973 3612 1095 3681 ejus
1126 3612 1273 3679 loco,
1306 3627 1472 3683 quem
1508 3622 1702 3668 auctor
1732 3624 1844 3668 tra-

265 3712 455 3758 rtatus
488 3704 563 3757 De
588 3704 845 3773 baptismo
889 3706 1031 3760 inter
1077 3720 1243 3776 opera
1278 3703 1536 3777 Cypriani
1570 3707 1799 3777 protulit
1827 3725 1840 3761 :

264 3794 343 3848 In
364 3812 466 3864 quo
496 3795 650 3859 libro,
683 3795 882 3865 inquit,
922 3802 1108 3849 contra
1141 3812 1320 3852 omnes
1348 3794 1672 3864 Scripturas,
1700 3805 1751 3850 et
1782 3796 1846 3849 de

263 3899 487 3957 peccato
520 3889 731 3957 proprio
760 3888 1100 3957 confitentem
1142 3889 1374 3943 inuenies
1423 3887 1714 3954 Christum,
1756 3890 1846 3957 qui

266 3980 420 4035 solus
436 3980 646 4033 omnino
678 3978 808 4031 nihil
833 3978 1072 4047 deliquit,
1102 3986 1153 4031 et
1182 3977 1253 4031 ad
1283 3976 1646 4045 accipiendum
1676 3975 1847 4029 Joan-

265 4072 357 4125 nis
383 4070 643 4137 baptisma
671 4086 795 4138 pene
826 4070 1048 4123 invitum
1077 4085 1110 4123 a
1135 4078 1304 4123 matre
1328 4084 1426 4122 sua
1457 4084 1570 4123 esse
1608 4064 1845 4137 compul—

266 4175 431 4217 sam:
461 4160 585 4214 item
632 4176 751 4213 cum
792 4159 1174 4229 baptizaretur,
1215 4160 1389 4229 ignem
1442 4174 1600 4228 super
1654 4174 1847 4229 aquam

264 4256 385 4306 esse
438 4252 625 4306 uisum.
680 4250 811 4316 Quae
868 4264 1095 4318 pravum
1148 4248 1533 4305 Ebionilarum
1588 4251 1655 4306 de
1713 4250 1847 4306 Jesu

264 4332 495 4397 Christo
528 4356 773 4406 sensum,
806 4356 915 4396 non
948 4338 1358 4395 Nazarenorum
1388 4340 1660 4395 indicant.
1700 4339 1844 4394 Idem

265 4440 473 4489 auctor
499 4435 686 4489 eadem
722 4433 1112 4504 praedicatione
1155 4431 1459 4502 subiungit,
1514 4430 1649 4484 Post
1696 4438 1849 4485 tanta

264 4536 511 4593 tempora
534 4524 749 4579 Petrum
770 4534 819 4579 et
846 4524 1098 4589 Paulum,
1134 4533 1250 4592 post
1283 4522 1624 4577 collationem
1664 4522 1847 4577 Evan-

258 4620 392 4690 gelii
425 4619 482 4670 in
513 4618 831 4683 Jerusalem,
861 4626 911 4671 et
940 4625 1179 4670 mutuam
1210 4616 1629 4679 altercationem,
1665 4626 1717 4670 et
1759 4633 1845 4671 re—

258 4728 389 4766 rum
446 4710 764 4779 agendarum
818 4710 1235 4777 dispositionem,
1296 4716 1562 4777 postremo
1607 4709 1664 4761 in
1720 4708 1848 4764 urbe

258 4801 486 4874 (Roma)
510 4802 663 4872 quasi
685 4810 794 4854 tum
820 4803 1047 4869 primum
1072 4800 1291 4854 invicem
1318 4800 1418 4854 sibi
1445 4816 1559 4854 esse
1585 4802 1843 4871 cognitos,

257 4905 317 4948 et
348 4892 587 4963 quasdam
618 4893 725 4945 alia
755 4891 1120 4961 hujuscemodi
1137 4890 1364 4945 absurde
1392 4900 1441 4945 et
1475 4893 1698 4959 turpiter
1721 4909 1847 4946 con-

258 4987 421 5054 ficta,
458 4983 759 5038 secundum
793 4990 1054 5047 mentem,
1086 4993 1145 5036 ut
1172 4991 1417 5054 apparet,
1445 4982 1843 5038 Ebionitarum.

260 5076 616 5147 Epiphanius
655 5091 785 5130 vero
818 5076 1046 5145 perinde
1088 5082 1283 5129 narrat
1328 5074 1614 5130 Ebionitas
1664 5075 1846 5145 magni

261 5168 471 5223 fecisse
512 5167 712 5220 librum
747 5168 835 5221 cui
881 5167 1076 5222 titulus
1115 5174 1263 5222 esset
1296 5167 1569 5237 Περιόδων
1618 5167 1844 5235 Πέτρου,

261 5260 658 5313 Circuitionum
698 5258 866 5323 Petri,
910 5259 1027 5313 sive
1085 5258 1433 5312 Itinerarium
1486 5257 1654 5326 Petri,
1699 5261 1843 5328 quod

260 5344 545 5413 hodieque
592 5347 826 5411 exsistit,
879 5356 934 5401 et
983 5347 1053 5400 ab
1098 5346 1373 5403 Ebionitis
1408 5348 1492 5400 vel
1546 5349 1835 5415 scriptum,

260 5436 352 5490 vel
388 5434 777 5490 labefactatum
825 5451 949 5492 esse
999 5452 1109 5492 una
1155 5453 1280 5493 cum
1323 5436 1713 5494 Pseudo-Petri
1768 5439 1835 5493 ad

336 5611 415 5681 (α’)
456 5609 574 5665 Lib.
604 5626 619 5662 ι
651 5610 817 5673 Hist.,
858 5627 907 5663 c.
944 5611 993 5662 7.

591 5702 858 5764 PATROL.
895 5705 1005 5764 Gn.
1029 5704 1229 5764 XCIV.

1550 218 2043 281 DISSERTATIO
2075 219 2207 280 VII.

3390 207 3495 269 49.6

1928 331 2191 386 Jacobum
2219 329 2449 399 epistola
2486 329 2588 384 viri
2633 327 2780 382 docti
2825 322 3054 396 perinde
3097 320 3495 376 animadverte-

1930 431 2077 477 runt.
2133 422 2249 487 Qua
2280 421 2346 476 de
2376 438 2435 476 re
2469 414 2523 476 i'n
2576 421 2768 492 primis
2799 416 3030 487 legenda
3076 420 3204 468 sunt
3247 426 3366 481 qua:
3411 412 3497 464 vir

1928 514 2342 570 eruditissimus
2376 515 2591 583 meique
2622 512 3029 566 amantissimus
3061 506 3143 560 Cl.
3173 508 3234 560 D.
3259 501 3498 558 Joannes

1932 603 2197 659 Ernestus
2227 602 2408 659 Grabe
2438 602 2659 673 scripsit
2685 602 2740 654 in
2774 598 3068 669 Spicilegio
3085 595 3308 649 Patrum
3337 593 3495 663 primi

1932 695 2138 758 saeculi,
2170 710 2293 766 pag.
2324 695 2412 750 60.
2449 693 2528 747 Ad
2562 695 2693 753 lnee,
2730 705 2854 745 eum
2904 687 3283 741 Thendoretus
3334 684 3498 737 addat

1934 788 2171 843 haereses
2227 786 2602 841 Ebionitarum
2636 793 2690 839 et
2720 781 3099 837 Nazarmorum
3124 817 3139 843 ,
3187 779 3253 832 de
3294 775 3497 845 quibus

1932 880 2149 934 locutus
2197 887 2303 946 est,
2340 887 2559 934 exortas
2610 892 2754 941 esse,
2784 874 3095 928 Domitiano
3143 872 3494 939 imperatore.

1932 974 2109 1043 deque
2159 972 2267 1027 illis
2315 971 2607 1041 scripsisse
2652 967 2948 1022 Eusebium
3000 958 3415 1025 Cresaricnsem,
3445 969 3500 1017 et

1932 1063 2250 1116 confutatas
2299 1062 2476 1117 fuisse
2540 1074 2568 1111 a
2621 1057 2839 1112 Justino
2886 1054 3145 1125 Martyre,
3204 1052 3408 1107 Ircnmo
3446 1060 3502 1106 et

1934 1153 2189 1224 Origene.
2244 1153 2381 1208 satis
2431 1165 2703 1221 superque
2740 1148 3032 1218 Signiﬁcat,
3062 1159 3121 1199 se
3155 1156 3500 1212 nequaquam

1934 1242 2269 1299 discrevisse
2314 1241 2631 1295 Nazarenos
2664 1239 2733 1294 ab
2762 1235 3035 1292 Ebionitis
3065 1253 3079 1291 :
3110 1233 3384 1305 quamvis,
3447 1241 3506 1285 ut

1938 1335 2062 1388 luce
2103 1333 2309 1389 clarius
2343 1348 2427 1388 me
2456 1331 2765 1387 ostendisse
2806 1329 3069 1395 arbitror,
3103 1335 3217 1381 toto
3248 1326 3387 1379 caelo
3437 1323 3505 1379 ab

1938 1425 2170 1479 invicem
2196 1424 2595 1494 discreparent.

2009 1513 2152 1571 XIX.
2196 1514 2478 1585 Dispunxit
2529 1514 2809 1569 Eusebius.
2852 1543 2922 1555 -—-
2954 1510 3226 1568 Eusebius
3283 1508 3504 1580 quidem

1935 1602 2251 1660 Nazarcnos
2290 1603 2533 1660 indicare
2558 1605 2797 1667 videtur,
2831 1603 2925 1659 ubi
2962 1602 3209 1672 disputat
3239 1599 3306 1653 de
3340 1614 3508 1653 eran-

1935 1695 2255 1767 gelistarum
2284 1694 2518 1750 Matthaei
2551 1706 2602 1749 et
2632 1695 2795 1749 Lucre
2820 1694 2873 1748 in
2904 1692 3210 1747 enarranda
3241 1689 3411 1758 stirpe
3445 1703 3509 1740 ae

1937 1801 2136 1857 genere
2169 1785 2471 1843 Salvatoris
2505 1787 2849 1843 dissensione
2890 1786 2992 1857 (a),
3020 1794 3181 1855 atque
3208 1800 3273 1839 ex
3314 1798 3504 1838 eorum

1937 1877 2203 1932 relatione
2252 1885 2307 1933 et
2351 1879 2664 1934 testimonio
2709 1878 3018 1945 contirmat,
3067 1876 3268 1947 Joseph
3337 1875 3505 1929 lilium

1940 1964 2112 2023 fuisse
2163 1968 2471 2023 naturalem
2523 1956 2826 2037 Nathanis,
2861 1978 2915 2025 et
2960 1969 3262 2024 secundum
3310 1967 3505 2037 legem.

1939 2058 2082 2114 Heli.
2111 2059 2309 2114 Subdit
2334 2059 2532 2116 deinde
2562 2060 2666 2115 hoc
2704 2077 2761 2117 se
2795 2061 3065 2118 didicisse
3107 2059 3290 2115 abhis
3319 2060 3409 2129 qui
3446 2058 3508 2111 ob

1937 2153 2381 2224 propinquitatem
2424 2155 2646 2225 generis,
2704 2172 2807 2226 qua
2860 2172 2978 2209 cum
3038 2156 3262 2210 Domino
3327 2166 3510 2210 nostro

1941 2243 2210 2314 conjuncti
2265 2253 2434 2302 erant.
2483 2246 2804 2301 δεσπόσυνοι
2856 2247 3258 2316 appellabantur
3282 2248 3377 2319 (ὁ),
3423 2249 3511 2316 qui

1944 2333 2181 2389 Nazaris
2239 2334 2402 2405 (forte
2443 2345 2529 2394 est
2578 2337 2873 2409 Nazaretlt)
2906 2350 2956 2394 et
3006 2339 3251 2394 Coc/laba
3304 2338 3511 2393 Judth

1943 2427 2091 2491 uicis,
2127 2427 2183 2480 in
2217 2427 2474 2499 reliquam
2504 2430 2765 2500 regionem
2794 2431 3055 2501 dispersi,
3105 2446 3268 2499 supra
3314 2431 3512 2485 dictam

1941 2519 2146 2589 generis
2164 2522 2350 2574 seriem
2371 2536 2435 2575 ea:
2458 2520 2860 2590 Epltemeridum
2883 2522 3016 2577 libro
3037 2540 3191 2592 quam
3210 2522 3515 2590 ﬁdelissime

1948 2620 2347 2681 exposuerunt:
2373 2613 2491 2666 διπᾶ
2523 2631 2583 2666 τε
2615 2613 2884 2685 Ναζάρων
2914 2616 3007 2669 καὶ
3044 2615 3282 2687 Κωχαϐᾰ
3326 2616 3516 2686 κομῶν

1957 2702 2269 2758 Ἰουδαϊκῶν
2312 2706 2377 2777 τῇ
2425 2704 2587 2775 λοιπῇ
2637 2709 2708 2776 γῇ
2757 2707 3228 2777 ὲπιφοιτήσαντες,
3280 2707 3373 2758 καὶ
3414 2706 3517 2775 τὴν

1943 2794 2348 2866 προειρημένην
2388 2796 2735 2865 γενεαλογίαν
2786 2796 2849 2849 ἐκ
2901 2814 2963 2849 τε
3019 2797 3116 2867 τῆς
3175 2796 3356 2869 βώλου
3407 2796 3518 2850 τῶν

1942 2886 2163 2957 ἡμερῶν
2198 2887 2279 2950 εἰς
2311 2886 2434 2941 ὅσον
2455 2887 2769 2956 ἐφικνοῦντο
2792 2887 3211 2959 ἐξηγησάμενοι.
3234 2889 3299 2941 ili
3334 2896 3513 2943 autem

1942 2976 2213 3031 Ebionitte
2244 2993 2357 3031 non
2411 2988 2590 3041 erant,
2635 2979 2726 3049 qui
2762 2995 2896 3035 sane
2943 2978 3302 3049 Evangelium
3353 2979 3516 3033 Lucae

1942 3067 2202 3140 discipuli
2233 3068 2384 3125 Pauli
2437 3071 2572 3125 nihil
2624 3078 2911 3127 curassent
2945 3079 3005 3125 ut
3046 3073 3224 3141 ipsum
3254 3073 3516 3125 concilia-

1943 3166 2065 3213 rent
2088 3175 2214 3214 cum
2244 3159 2483 3216 Μαιωιωί
2517 3161 2662 3232 quod
2698 3162 2947 3234 legebant
2977 3160 3295 3233 Evangelia.
3328 3160 3514 3216 Memi-

1943 3251 2023 3303 nit
2054 3252 2217 3305 etiam
2257 3250 2526 3308 Eusebius
2579 3268 2768 3307 eorum
2813 3268 2937 3322 quae
2976 3252 3317 3324 llegesippus
3370 3252 3516 3307 acci-

1945 3341 2091 3397 disse
2130 3344 2391 3398 narrabat
2422 3344 2750 3415 propinquis
2781 3354 2835 3399 et
2865 3347 3300 3416 consanguineis
3329 3343 3519 3400 Salva-

1945 3434 2082 3489 toris
2107 3435 2279 3490 nostri
2316 3437 2419 3491 sub
2454 3436 2766 3492 Domitiano
2797 3446 2851 3491 ct
2882 3435 3123 3505 Trajauo
3164 3437 3513 3506 imperatore.

1944 3541 2089 3596 quas
2134 3527 2363 3596 proinde
2394 3526 2709 3583 Nazarenos
2760 3527 2930 3583 fuisse
2962 3527 3186 3581 dubium
3223 3542 3331 3581 non
3381 3537 3466 3582 est
3501 3546 3513 3581 :

1945 3626 2150 3670 rectam
2192 3632 2320 3671 vero
2374 3618 2532 3672 Iidem
2585 3617 2809 3672 Christo
2859 3632 3109 3672 servasse
3148 3617 3515 3672 certissimum
3554 3678 3569 3701 κ

1946 3715 2027 3763 est
2053 3723 2116 3761 ex
2153 3708 2342 3763 eodem
2371 3707 2697 3779 Hegesippo.
2729 3707 3014 3779 Nusquam
3048 3709 3184 3764 alias
3222 3710 3516 3773 Eusebius,

1946 3814 2215 3868 nusquam
2245 3814 2473 3869 prorsus
2524 3799 2786 3865 lrenmus,
2822 3814 3091 3868 nusquam
3127 3800 3384 3871 Origenes
3411 3801 3519 3855 Na-

1949 3902 2267 3944 zarenorum
2300 3889 2636 3945 meminere:
2673 3890 2782 3945 imo
2832 3906 3103 3960 nusquam
3151 3890 3423 3954 Justinus,
3459 3903 3518 3947 ut

1947 3997 2013 4036 ex
2043 3996 2230 4036 eorum
2264 3996 2385 4050 quae
2432 3991 2754 4052 supersunt,
2802 3990 2857 4037 et
2899 3983 3130 4037 aliorum
3186 3985 3514 4054 scriptorum

1950 4071 2254 4143 Epiphanio
2305 4074 2680 4143 antiquiorum
2737 4075 2893 4131 libris
2937 4075 3113 4130 audax
3163 4075 3357 4129 infero.
3409 4077 3519 4130 Nee.

1950 4163 2058 4217 alio
2088 4163 2317 4233 proinde
2342 4162 2504 4219 modo
2522 4172 2735 4219 veteres
2756 4163 2845 4219 isti
2866 4163 3178 4221 Nazarenos
3204 4164 3520 4219 continuasse

1950 4254 2083 4309 dicti
2129 4262 2256 4310 sunt
2289 4269 2319 4309 a
2351 4253 2734 4321 Theodoreto,
2782 4255 2893 4313 nisi
2926 4263 3200 4326 quatenus
3236 4255 3520 4311 Ebionitas

1949 4356 2169 4416 propter
2197 4345 2455 4402 Judaicas
2485 4346 2901 4402 observationes
2932 4356 3317 4418 coarguerunt.

2019 4432 2137 4486 XX.
2176 4433 2436 4488 Ebionita:
2493 4434 2909 4506 Symmacltiani.
2969 4465 3041 4476 —
3091 4434 3292 4490 Eodem
3354 4435 3517 4487 etiam

1950 4541 2059 4597 quo
2092 4525 2474 4583 Theodoretus
2523 4544 2717 4583 errore
2769 4529 3079 4584 Nazarenos
3130 4528 3198 4581 ab
3250 4526 3519 4581 Ebionitis

1950 4634 2059 4674 non
2088 4618 2496 4689 dispungebant
2528 4622 2628 4686 illi,
2666 4620 2757 4690 qui
2795 4636 2912 4683 eos,
2946 4619 3253 4690 Augustino
3286 4627 3422 4674 teste
3456 4619 3520 4671 li-

1950 4711 2051 4765 bro
2082 4726 2098 4764 ι
2134 4710 2335 4765 Contra
2382 4709 2744 4777 Cresc/miunt,
2789 4728 2909 4781 cap.
2940 4712 3029 4779 51,
3083 4709 3518 4779 Symmacltianos

1950 4801 2363 4871 appellitabanl,
2420 4819 2451 4855 a
2517 4800 2853 4873 Symmacho,
2916 4804 2973 4857 ni
3030 4802 3213 4866 fallor,
3268 4799 3519 4855 Ebionita

1952 4892 2366 4962 Scripturarum
2417 4896 2736 4964 interprete.
2793 4894 3060 4950 Cmterum
3113 4892 3521 4965 Symmachiani

1949 4985 2040 5039 alii
2074 4985 2205 5039 dicti
2240 4992 2368 5039 sunt
2400 5000 2428 5039 a
2459 4986 2792 5057 Symmacho
2823 4988 3060 5058 quodam
3103 4989 3315 5058 patricii
3354 4989 3523 5040 lucere-

1948 5076 2041 5129 tici
2078 5075 2521 5130 Priscillianista:
2574 5077 2685 5130 lilio
2738 5096 2752 5131 :
2806 5078 2898 5133 sed
2950 5094 3073 5133 cum
3121 5078 3173 5131 hi
3224 5076 3344 5145 puri
3406 5075 3519 5142 puti

1948 5166 2194 5223 Gnostici
2242 5179 2448 5236 essent,
2480 5184 2831 5239 nequaquam
2882 5170 3014 5239 legis
3048 5170 3245 5222 ritibus
3288 5181 3519 5235 serupu-

1948 5256 2088 5319 losa,
2119 5264 2179 5309 ut
2211 5256 2495 5317 Ebionitre.
2526 5258 2921 5325 superstitione
2951 5257 3427 5325 obtemperabant.

2016 5347 2156 5402 XXI.
2194 5349 2318 5402 Alia
2353 5357 2521 5401 mente
2572 5346 2864 5411 Nazareni,
2913 5350 3025 5401 alia
3081 5347 3341 5400 Ebionin
3386 5349 3523 5401 ritus

1949 5439 2071 5507 legis
2105 5440 2291 5493 sectati
2324 5448 2464 5491 sunt.
2498 5468 2568 5476 —
2618 5436 2686 5489 At.
2716 5453 2844 5491 vero
2879 5437 2984 5491 alia
3040 5448 3218 5491 mente
3262 5438 3527 5494 liliiouita:

2027 5608 2099 5677 lb)
2134 5607 2335 5664 Confer
2364 5623 2486 5663 cum
2514 5607 2707 5679 Ερίριι.
2740 5610 2871 5666 Ιιων.
2908 5610 2995 5674 29,
3030 5626 3083 5662 η.
3120 5610 3170 5663 7.

3015 5701 3086 5764 14

2972 5918 3003 5941 Ι
