3974 6338
434 425 686 481 Mosaiea:
718 422 852 494 legis
883 419 1242 478 caeremonias
1271 421 1651 486 sectabantur,
1684 421 1791 475 alia
1838 419 2018 474 Naza-

437 517 574 570 reni.
611 514 689 569 Illi
722 511 991 582 siquidem
1033 526 1224 566 earum
1277 509 1717 565 observationem
1757 524 2019 564 necessa-

438 607 574 661 riam
631 603 888 659 omnibus
947 600 1016 655 ad
1063 601 1298 657 salutem
1360 597 1768 669 adipiscendam
1823 611 2015 653 cense-

437 700 590 760 bant,
622 699 693 751 ita
724 705 782 750 ut
803 693 1158 766 Apostolum,
1187 691 1282 762 qui
1313 691 1546 762 gentiles
1573 690 1922 744 Christianos
1949 686 2020 742 ab

439 791 543 846 hoc
568 790 700 860 jugo
739 785 1062 844 eximendos
1109 783 1394 847 docuerat,
1428 783 1577 836 velut
1610 779 1923 850 ἀποστάτην
1965 785 2020 832 et

444 880 777 953 perduellem
832 884 1307 934 exsecrarentur:
1359 871 1627 928 Nazareni
1681 885 1832 935 vero,
1892 883 2018 924 cum

444 971 695 1029 eumdem
754 969 984 1024 Paulum
1019 967 1199 1037 magni
1254 963 1530 1020 faciebant
1577 971 1632 1018 et
1669 959 2019 1018 commenda-

443 1065 596 1130 bant,
627 1071 741 1116 tum
793 1061 1047 1132 gentiles,
1078 1059 1172 1130 qui
1223 1072 1422 1112 nomen
1471 1055 1690 1110 Christo
1728 1053 2014 1115 dederant,

441 1158 659 1212 sincero
693 1169 881 1209 amore
909 1151 1442 1222 complectebantur,
1476 1145 1696 1202 tametsi
1723 1144 2016 1201 circumcio

438 1249 649 1304 sionem
686 1245 871 1301 carnis
909 1243 1127 1313 aliaque
1165 1241 1300 1310 legis
1334 1236 1568 1312 [XCVII]
1600 1240 1886 1309 ‘praaccpta
1937 1235 2017 1290 illi

438 1353 549 1393 non
597 1335 972 1391 admitterent.
1019 1331 1385 1400 Quamobrem
1434 1341 1776 1400 nequaquam
1826 1340 2016 1381 eorum

439 1427 794 1483 observantes
833 1430 989 1479 erant
1040 1420 1331 1486 Nazareni,
1360 1435 1459 1475 ceu
1491 1417 1610 1474 sine
1647 1416 1754 1472 illis
1782 1414 2017 1470 obtineri

441 1520 592 1576 salus
625 1533 734 1572 non
761 1523 984 1586 posset;
1033 1513 1128 1570 sed
1156 1513 1358 1582 quibus
1390 1509 1783 1581 proﬁterentur
1807 1521 1867 1563 se
1895 1520 2019 1562 esse

440 1610 510 1666 de
545 1605 841 1663 Abrahami
878 1603 1159 1676 progenie.
1199 1602 1448 1672 adeoque
1483 1599 1700 1656 Domini
1731 1595 1862 1654 Jesu
1901 1594 2016 1651 Ira-

441 1714 558 1760 tres
589 1714 644 1757 et
677 1705 945 1770 cognatos
987 1695 1290 1753 secundum
1326 1708 1571 1750 carnem.

512 1792 678 1848 XXII.
710 1791 914 1845 Justini
943 1787 1007 1843 de
1035 1788 1449 1843 circumcisionis
1480 1796 1529 1841 et
1569 1783 1768 1839 rituum
1816 1780 2022 1837 Mosai-

441 1903 623 1943 corum
680 1883 1040 1940 observatione
1093 1881 1373 1938 sententia.
1424 1909 1496 1920 —
1538 1877 1702 1947 Atqui
1753 1872 2022 1946 ejusmodi

442 1981 827 2034 observatores
859 1977 1070 2031 rituum
1104 1973 1467 2029 Mosaicorum
1515 1969 1768 2025 Justinus
1817 1975 2028 2038 martyr

443 2069 602 2126 venia
635 2069 835 2140 dignos
864 2053 1144 2121 existimat
1176 2065 1230 2119 in
1261 2063 1478 2132 dialogo
1509 2077 1635 2116 cum
1675 2059 1864 2115 Judteo
1885 2057 2026 2130 Try-

446 2158 626 2229 phone
679 2158 844 2228 paulo
892 2163 1023 2210 ante
1072 2153 1331 2208 medium.
1411 2150 1689 2221 Tryphoni
1738 2147 2026 2218 quaerenti,

445 2265 601 2313 num,
637 2250 682 2304 si
713 2248 838 2318 quis
868 2248 921 2303 in
953 2244 1235 2301 Christum
1276 2242 1486 2305 credat,
1513 2257 1729 2313 unaque
1759 2249 2028 2312 praecepta

446 2339 583 2410 legis
599 2339 868 2402 observet,
888 2338 1074 2393 salvus
1092 2351 1212 2391 esse
1231 2331 1456 2404 possit,J
1468 2333 1684 2389 ustinus
1700 2331 2026 2402 respondet:

448 2428 623 2497 Κάγὼ
646 2471 660 2494 ,
694 2430 769 2493 ὡς
817 2429 940 2500 ἐμοὶ
973 2429 1162 2494 δοκεῖ,
1193 2421 1238 2480 ὦ
1271 2425 1521 2496 Τρύφον,
1555 2425 1702 2495 λέγω
1739 2426 1821 2478 ὅτι
1852 2424 2030 2494 σωθή-

451 2537 605 2575 σεται
647 2522 675 2573 ὁ
716 2520 979 2583 τοιοῦτος,
1027 2520 1123 2573 ἐὰν
1157 2519 1233 2590 μὴ
1274 2520 1398 2582 τοὺς
1443 2518 1636 2581 ἄλλους
1685 2515 2028 2587 ἀνθρώπους,

446 2613 592 2681 λέγω
629 2611 694 2684 δὴ
726 2611 851 2676 τοὺς
892 2611 1001 2665 ἀπὸ
1028 2611 1137 2664 τῶν
1181 2610 1348 2663 ἐθνῶν
1386 2609 1473 2664 διὰ
1517 2606 1759 2678 Χριστοῦ
1793 2606 1901 2661 ἀπὸ
1933 2605 2032 2677 τῆς

448 2706 656 2776 πλάνης
697 2703 1159 2775 περιτμηθέντας,
1196 2703 1260 2754 ὲκ
1288 2701 1491 2766 παντὸς
1523 2700 1734 2753 πείθειν
1762 2697 2036 2769 ἀγωνίζη-

449 2815 539 2850 ται
587 2795 760 2850 ταῦτα
789 2796 972 2858 αὐτοῖς
1007 2793 1324 2862 φυλάσσειν,
1357 2792 1532 2860 λέγων
1567 2791 1628 2844 ού
1670 2788 2030 2859 σωθήσεσθαι,

449 2889 546 2942 ἐὰν
583 2887 657 2958 μὴ
696 2885 1006 2955 φυλάξωσιν
1028 2901 1042 2916 ο
1081 2885 1264 2938 ὁποῖον
1313 2883 1408 2937 καὶ
1458 2885 1515 2937 ὲν
1550 2884 1692 2953 ἀρχῇ
1718 2881 1829 2935 τῶν
1856 2880 2030 2950 λόγων

450 2979 545 3032 καὶ
578 2978 643 3029 σὺ
674 2977 960 3047 ἔπραττες,
995 2973 1432 3044 ἀποφαινόμενος
1462 2973 1523 3026 οὺ
1567 2971 1910 3044 σωθήσεσθαί
1939 2989 2029 3042 με,

451 3066 546 3120 ἐὰν
589 3066 663 3137 μὴ
699 3064 871 3119 ταῦτα
897 3063 1120 3134 φυλάξω
1145 3080 1159 3094 ο
1197 3061 1264 3117 Ut
1295 3063 1422 3115 mihi
1444 3063 1668 3125 videtur,
1699 3062 1770 3115 mi
1806 3061 2030 3131 Trypho,

453 3160 538 3214 aio
567 3158 678 3228 fore
707 3167 764 3211 ut
797 3165 1031 3212 servetur
1053 3157 1288 3226 quisquis
1319 3155 1443 3208 talis
1482 3164 1593 3220 est;
1641 3153 1794 3209 modo
1840 3171 1902 3208 ne
1931 3171 2035 3208 ca:-

455 3252 602 3315 teris,
633 3253 728 3304 hoc
759 3259 838 3306 est
870 3249 977 3304 illis
1003 3249 1096 3319 qui
1121 3265 1212 3319 per
1239 3247 1509 3304 Christum
1540 3264 1572 3301 a
1593 3249 1824 3318 gentium
1860 3263 2036 3301 errore

455 3343 757 3398 circumcisi
777 3351 919 3404 sunt,
947 3341 1158 3396 omnino
1179 3338 1496 3410 persuadere
1515 3338 1810 3403 contendat,
1834 3339 2035 3392 nullam

456 3435 685 3490 salutem
719 3431 1035 3504 sperandam
1069 3432 1173 3486 ista
1199 3449 1301 3486 non
1332 3430 1726 3486 observantibus
1765 3445 1784 3485 :
1815 3429 1954 3501 quod
1981 3438 2038 3483 tu

457 3526 733 3581 conaberis
766 3525 918 3578 initio
953 3523 1124 3596 nostri
1155 3522 1426 3594 colloquii,
1455 3539 1742 3594 pernegaris
1789 3540 1870 3578 me
1900 3523 2041 3578 salu-

461 3629 565 3672 tem
594 3625 981 3682 assecuturum,
1011 3616 1064 3670 ni
1091 3616 1196 3670 ista
1224 3632 1515 3671 servavero.
1545 3615 1666 3671 Mox
1697 3614 1916 3688 Trypho
1951 3632 2038 3671 rc-

456 3725 680 3766 sumens
709 3709 853 3780 quod
897 3706 1152 3780 Justinus
1183 3708 1415 3775 dixerat,
1461 3709 1570 3764 sibi
1605 3708 1778 3764 videri
1827 3709 2037 3766 salvum

455 3800 576 3860 fore
604 3802 777 3864 illum,
811 3801 1063 3871 quisquis
1095 3801 1265 3872 legem
1299 3800 1668 3860 custodiendo
1697 3802 1771 3855 ita
1806 3801 2038 3856 allectus

457 3903 625 3959 esset,
657 3902 717 3948 ut
747 3909 842 3949 eos
875 3909 985 3948 non
1036 3894 1446 3959 criminaretur,
1481 3892 1576 3963 qui
1627 3893 1776 3948 illam
1823 3895 2045 3948 omitte-

463 3991 602 4047 rent,
637 3981 868 4052 rogavit,
920 3993 1052 4037 num
1094 3989 1280 4036 essent
1317 3995 1380 4035 ex
1418 3980 1578 4036 nobis
1613 3982 1710 4052 qui
1744 3981 1880 4036 tales
1929 3982 2042 4037 sal-

463 4075 670 4131 vaudos
695 4081 977 4144 negarent.
997 4072 1250 4128 Justinus
1270 4072 1336 4126 ad
1353 4071 1487 4138 huic,
1520 4070 1676 4138 Sunt,
1705 4072 1806 4139 ait,
1821 4075 1892 4126 mi
1911 4073 2045 4144 Try-

463 4166 562 4235 pho
585 4181 603 4219 :
635 4165 809 4229 Εἰσὶν,
834 4158 878 4218 ὦ
901 4161 1138 4236 Τρύφον,
1165 4163 1260 4215 καὶ
1287 4160 1422 4232 μηδὲ
1450 4165 1724 4215 κοινωνεῖν
1755 4162 1970 4232 ὁμιλίας
1999 4163 2033 4233 ἢ

465 4257 648 4319 ἑστίας
671 4257 783 4318 τοῖς
826 4251 1089 4316 τοιούτοις
1119 4249 1429 4320 τολμῶντες
1451 4264 1466 4280 ο
1503 4243 1588 4313 οἷς
1618 4248 1728 4319 ἐγὼ
1753 4249 1815 4303 οὐ
1852 4249 2037 4304 σύναι-

464 4347 554 4409 νός
583 4347 701 4416 είμι
733 4361 746 4372 ·
775 4342 892 4397 ἀλλ’
913 4341 1008 4396 ἐὰν
1033 4335 1177 4396 οὗτοι
1201 4338 1293 4395 διὰ
1324 4339 1386 4393 τὸ
1415 4338 1641 4404 ἀσθενὲς
1666 4340 1766 4412 τῆς
1787 4339 2032 4412 γνώμης,

465 4437 560 4491 καὶ
585 4434 655 4488 τὰ
691 4434 794 4488 ὅσα
823 4432 1078 4488 δύνανται
1111 4431 1209 4487 νῦν
1253 4431 1319 4484 ὲκ
1363 4429 1471 4484 τῶν
1497 4430 1760 4496 Μωσέως,
1794 4431 1831 4486 ὃ.
1861 4432 1948 4486 διὰ
1976 4433 2038 4487 τὸ

467 4528 892 4603 σκληροκάρδιον
936 4526 1030 4582 τοῦ
1059 4525 1190 4580 λαοῦ
1221 4525 1449 4597 νοοῦμεν
1491 4525 1861 4597 διατετάχθαι,
1900 4527 2038 4596 μετὰ

464 4623 560 4678 τοῦ
599 4625 691 4678 ἐπὶ
727 4621 915 4678 τοῦτον
947 4621 1041 4676 τὸν
1069 4619 1304 4692 Χριστὸν
1333 4618 1605 4684 ἐλπίζειν,
1642 4618 1864 4683 καὶτὰς
1901 4622 2036 4673 αἰω-

467 4716 613 4779 νίους
639 4715 734 4768 καὶ⁷
771 4712 930 4784 φύσει
957 4710 1371 4784 δικαιοπραξίας
1405 4708 1498 4763 καὶ
1529 4707 1813 4772 εὐσεϐείας
1840 4709 2040 4778 φυλάσ-

470 4825 584 4861 σειν
615 4804 946 4877 βούλωνται,
975 4803 1072 4858 καὶ
1106 4802 1372 4874 αἱρῶνται
1421 4797 1590 4871 συζῇν
1630 4801 1744 4861 τοῖς
1779 4800 2040 4871 Χριστια-

467 4900 578 4961 νοῖς
604 4898 699 4951 καὶ
723 4899 955 4961 πιστοῖς,
982 4895 1057 4960 ὡς
1086 4894 1404 4965 προσεῖπον,
1438 4891 1514 4962 μὴ
1538 4889 1817 4954 πείθοντες
1842 4891 2038 4956 αὐτοὺς

472 4987 614 5058 μήτε
655 4985 1104 5058 περιτέμνεσθαι,
1151 4986 1291 5056 μήτε
1325 4981 1696 5049 σαϐϐατίζειν,
1729 4983 1866 5054 μήτε
1904 4983 2039 5037 ἄλλα

467 5081 570 5134 ὅσα
596 5077 824 5132 τοιαῦτά
849 5079 964 5130 ἐστι
998 5078 1209 5149 τηρεῖν,
1245 5075 1344 5130 καὶ
1374 5072 1915 5146 προσλαμϐάνεσθαι,
1945 5077 2040 5129 καὶ

469 5173 768 5237 κοινωνεῖν,
799 5169 1057 5224 ἁπάντων
1091 5168 1167 5234 ὡς
1197 5165 1636 5239 ὁμοσπλάγχνοις
1659 5164 1906 5236 ἀδελφοῖς
1931 5165 2042 5220 δεῖν

469 5245 887 5336 ἀποφαίνεσθαι.
924 5261 1049 5316 Ἐὰν
1083 5261 1140 5315 δὲ
1166 5261 1217 5314 οῖ
1253 5259 1362 5316 ἀπὸ
1387 5259 1480 5313 τοῦ
1506 5258 1696 5327 γένους
1721 5258 1816 5311 τοῦ
1847 5255 2048 5328 ὑμετέ-

475 5375 588 5428 ρου,
621 5356 900 5411 πιστεύειν
927 5355 1180 5424 λέγοντες
1223 5353 1318 5408 ἐπὶ
1360 5350 1551 5406 τοῦτον
1579 5349 1673 5404 τδν
1704 5347 1959 5421 Χριστὸν,
1995 5343 2041 5402 ὦ

471 5449 712 5522 Τρύφον,
740 5450 946 5519 ἔλεγον,
981 5450 1044 5502 ὲκ
1077 5447 1280 5510 παντὸς
1328 5445 1470 5500 κατὰ
1503 5443 1595 5498 τὸν
1636 5443 1723 5497 διὰ
1765 5442 2041 5508 Μωῦσέως

473 5543 830 5614 διαταχθέντα
859 5542 1024 5613 νόμον
1065 5535 1419 5607 ἀναγκάζωσι
1471 5533 1572 5606 ζῇν
1615 5534 1742 5597 τοὺς
1787 5532 1846 5599 ἐξ
1875 5533 2043 5590 ἐθνῶν

539 5719 617 5793 (αὶ
655 5718 877 5775 Ilicron.
919 5720 971 5774 in
1004 5737 1121 5790 t'ap.
1155 5720 1378 5776 tlsaitc.

979 5967 1036 6007 δ

1420 305 2071 368 DISSER'I‘ATIONES
2119 305 2684 368 DAMASCENICE.

3586 305 3690 369 4‘28

2122 415 2482 481 πιστεύοντας
2519 418 2610 470 ἐπὶ
2635 416 2825 472 τοῦτον
2850 416 2943 471 τὸν
2971 417 3226 491 Χριστὸν,
3254 419 3286 490 ἢ
3314 417 3387 491 μὴ
3417 419 3694 472 κοινωνεῖν

2119 511 2302 575 αὐτοῖς
2367 511 2468 579 τῆς
2513 509 2770 582 τοιαύτης
2815 510 2918 581 τῆς
2981 512 3353 580 ωνδιαγωγῆς
3407 511 3695 583 αἱρῶνται,

2118 600 2316 671 ὁμοίως
2346 600 2439 652 καὶ
2466 598 2687 664 τούτους
2721 601 2822 655 οὐκ
2868 600 3222 673 ἀποδέχομαι.
3282 601 3415 656 Sunt
3447 603 3537 672 qui
3573 603 3700 658 tali-

2121 691 2236 756 bus,
2275 706 2433 759 neque
2482 691 2758 752 consortii.
2797 706 2959 760 neque
3008 691 3230 761 hospitii
3281 691 3698 746 communionem

2118 780 2307 834 habere
2359 780 2659 847 voluerunt,
2698 797 2828 852 quos
2871 796 2963 850 ego
3005 783 3312 851 neutiquam
3356 781 3522 852 probo
3559 797 3577 835 :
3609 783 3700 836 sed

2120 874 2166 928 si
2195 874 2296 941 ipsi
2325 883 2535 941 propter
2565 875 2732 927 animi
2769 873 3159 943 inﬁrmitatem,
3191 883 3450 944 quantum
3480 884 3699 943 possunt

2118 981 2183 1020 ea:
2241 963 2495 1020 Mosaicis
2537 965 2811 1034 prtcceptis
2863 965 3141 1032 servando,
3173 981 3291 1035 quis
3344 981 3438 1020 nos
3490 976 3705 1035 propter

2119 1055 2368 1110 duritiem
2399 1054 2573 1110 cordis
2629 1043 2820 1124 populo
2868 1056 2999 1110 data
3045 1055 3410 1126 intelligimus,
3441 1057 3617 1110 volunt
3647 1057 3702 1109 in

2121 1145 2389 1204 Christum
2422 1147 2652 1211 credere,
2697 1147 3173 1216 sempiternumque
3213 1147 3350 1202 illud
3380 1158 3585 1203 natura:
3609 1148 3702 1217 jus

2117 1241 2466 1311 pietatemque
2490 1238 2778 1305 custodire,
2801 1255 2893 1294 nec
2923 1239 3206 1309 fastidiunt
3239 1257 3358 1294 cum
3381 1239 3702 1295 Christianis

2117 1345 2164 1387 et
2194 1332 2435 1403 ﬁdelibus
2465 1332 2913 1395 consuetudinem,
2960 1347 3066 1385 non
3099 1331 3568 1394 circumcisionem,
3600 1348 3704 1385 non

2121 1424 2382 1489 Sabbata,
2429 1433 2478 1479 et
2510 1424 2710 1479 similes
2764 1425 3154 1480 observationes
3190 1423 3256 1478 ab
3295 1425 3371 1478 eis
3414 1424 3704 1494 exigendo;

2121 1519 2254 1570 tales
2292 1531 2474 1570 censeo
2527 1513 2965 1584 complectendus,
2999 1524 3050 1570 et
3098 1514 3390 1570 exhibenda
3433 1515 3543 1570 illis
3591 1531 3702 1570 esse

2121 1610 2300 1664 omnia
2345 1610 2698 1665 humanitatis
2729 1610 2936 1679 ofﬁcia,
2964 1620 3217 1682 tanquam
3244 1612 3464 1665 uterinis
3495 1627 3703 1681 germa-

2123 1703 2306 1773 nisque
2337 1702 2621 1772 fratribus.
2655 1703 2810 1770 Quod
2842 1703 2890 1758 si
2937 1703 3027 1773 qui
3054 1701 3118 1759 de
3158 1719 3342 1774 genere
3390 1713 3556 1758 vestro
3598 1704 3704 1757 sint

2124 1792 2262 1847 hunc
2316 1810 2429 1849 esse
2480 1792 2752 1849 Christum
2797 1794 3138 1862 confessi,.ea:
3174 1795 3411 1865 gentibus
3445 1794 3514 1848 ad
3549 1795 3707 1863 ﬁdem

2125 1882 2289 1949 ipsius
2327 1898 2600 1937 conversos
2635 1891 2822 1954 cogant
2850 1883 3126 1938 observare
3167 1881 3420 1953 quidquid
3445 1873 3448 1876 ’
3471 1881 3708 1936 Jlosaira

2127 1971 2212 2025 lea:
2235 1971 2495 2041 praecipit,
2522 1980 2615 2024 aut
2639 1971 2703 2024 ab
2727 1971 2792 2026 iis
2818 1971 2907 2040 qui
2936 1971 2992 2024 id
3019 1981 3275 2040 prazstare
3307 1981 3572 2034 recusant,
3600 1985 3710 2024 sese

2129 2061 2450 2126 abalienent,
2479 2072 2526 2116 et
2562 2063 2701 2130 ipsos
2733 2064 2936 2133 pariter
2963 2063 3221 2133 improbo.

2197 2151 2387 2207 XXIII.
2445 2153 2562 2208 Hoc
2617 2154 2674 2209 in
2733 2154 2856 2210 loco
2922 2153 3200 2219 Justinus,
3256 2153 3311 2208 ni
3364 2151 3548 2216 fallor,
3594 2163 3706 2207 tum

2105 2243 2419 2326 .Ehionitas
2473 2245 2722 2316 gentium
2762 2261 3052 2318 perosores
3103 2244 3334 2310 indicat,
3385 2252 3498 2298 tum
3547 2245 3709 2299 etiam

2129 2331 2464 2400 Nazarenos,
2501 2335 2595 2405 qui
2625 2349 2750 2390 cum
2787 2350 2895 2390 non
2935 2335 3079 2390 malo
3116 2348 3347 2405 prorsus
3381 2334 3586 2397 animo,
3617 2333 3710 2387 sed

2131 2423 2331 2494 pusillo
2368 2423 2573 2494 potius,
2627 2423 2765 2496 legis
2806 2423 3226 2480 observationes
3277 2423 3597 2487 retinerent,
3631 2425 3714 2476 ui-

2135 2514 2429 2570 liilominus
2469 2516 2539 2571 ab
2568 2515 2693 2571 aliis
2741 2515 3074 2573 Christianis
3116 2531 3226 2570 non
3270 2516 3709 2570 admitterentur.

2133 2605 2191 2660 Id
2219 2606 2366 2678 quod
2406 2607 2521 2662 ﬁeri
2569 2607 2804 2679 coepisse
2838 2607 3098 2664 existimo
3128 2608 3246 2678 ipsa
3278 2606 3498 2663 ,Justini
3533 2616 3712 2670 tctatc,

2137 2708 2261 2768 post
2328 2699 2644 2755 conlectum
2695 2716 2724 2755 a
2772 2701 3038 2757 [tertianis
3077 2701 3304 2766 bellum,
3358 2700 3502 2770 quod
3541 2699 3713 2754 Judaei

2133 2786 2516 2844 Barchocbcba
2546 2806 2648 2845 suo
2693 2790 2831 2847 duce
2859 2803 3047 2848 contra
3087 2793 3235 2861 ipsos
3280 2801 3587 2848 moverant.
3630 2792 3716 2846 Ah

2133 2883 2261 2940 hinc
2292 2885 2463 2951 enim,
2489 2903 2616 2942 cum
2648 2887 3153 2962 Hierosolymorum
3187 2888 3461 2952 Ecclesia,
3486 2890 3598 2942 imo
3629 2895 3714 2937 ln-

2133 2975 2244 3032 tius
2262 2974 2582 3042 Palaestinae,
2613 2994 2679 3034 ex
2713 2980 3016 3050 gentilibus
3049 2987 3163 3034 tota
3190 2965 3495 3040 constaret,
3517 2977 3718 3047 priscis

2135 3067 2244 3123 illis
2279 3067 2614 3125 Christianis
2655 3069 2750 3140 qui
2800 3086 2868 3127 es
2917 3070 3341 3126 circumcisione
3386 3076 3564 3130 erant.
3609 3068 3720 3122 cir-

2135 3160 2649 3231 cumcisionemque
2682 3159 2977 3218 admittere
3026 3162 3345 3232 pergebant,
3377 3160 3564 3230 rejecti
3601 3159 3722 3215 lue—

2136 3260 2285 3316 runt,
2316 3267 2418 3308 nec
2464 3252 2708 3322 ipsorum
2742 3253 3135 3310 communione
3179 3251 3330 3322 digni
3375 3251 3568 3307 habiti.
3606 3250 3719 3306 llos

2137 3358 2302 3414 porro
2341 3345 2472 3414 quia
2507 3344 2663 3402 [idem
2713 3344 2922 3401 Christi
2975 3354 3175 3401 rectam
3238 3352 3506 3408 tenerent,
3559 3344 3718 3398 venia

2136 3435 2332 3503 dignos
2371 3442 2558 3492 censet
2605 3435 2880 3502 Justinus,
2929 3437 3105 3492 multo
3154 3435 3338 3490 minus
3386 3434 3713 3506 redarguit:

2139 3541 2238 3580 nec
2286 3527 2482 3582 salutis
2511 3536 2758 3583 extorres
2809 3526 3026 3584 futuros
3073 3528 3394 3593 arbitratur,
3432 3525 3538 3581 nisi
3569 3525 3716 3591 illos,

2139 3619 2231 3688 qui
2267 3617 2643 3673 Ebionitarum
2679 3633 2832 3674 more
2861 3621 3089 3690 gentiles
3118 3618 3440 3676 circumcidi
3469 3627 3525 3675 et
3579 3619 3718 3689 legis

2140 3709 2425 3779 prmccptis
2455 3710 2684 3782 astringi
2719 3711 2942 3766 vellent.

2213 3798 2403 3856 XXIV.
2437 3801 2680 3856 Tandem
2716 3809 2778 3857 ut
2823 3802 3063 3858 inculcet
3096 3803 3331 3873 amplius
3360 3818 3482 3873 quae
3514 3803 3582 3858 de
3611 3802 3721 3858 isto

2142 3893 2326 3960 capite
2400 3890 2669 3950 hactenus
2735 3901 3043 3960 statuerat,
3101 3894 3300 3949 iterum
3365 3894 3647 3966 subiungit
3701 3909 3717 3946 :

2143 3982 2282 4046 Τοὺς
2323 3981 2382 4035 δὲ
2413 3983 2770 4055 πειθομένους
2810 3985 2994 4050 αὐτοῖς
3039 3985 3134 4039 ἰπὶ
3166 3985 3267 4057 τὴν
3298 3985 3520 4057 ἔννομον
3567 3985 3724 4040 πολι-

2143 4073 2313 4141 τείαν,
2359 4073 2503 4145 μετὰ
2528 4073 2623 4129 τοῦ
2653 4076 2984 4147 φυλάσσσειν
3010 4077 3109 4148 τὴν
3137 4080 3218 4142 si;
3241 4078 3332 4132 τὸν
3359 4079 3594 4149 Χριστὸν
3625 4077 3719 4132 τοῦ

2144 4164 2280 4219 Θεοῦ
2310 4165 2624 4236 ὁμολογίαν,
2654 4169 2747 4223 καὶ
2772 4169 3118 4241 σωθήσεσθαι
3148 4170 3279 4233 ἴσως
3329 4171 3722 4241 ὑπολαμϐάνω.

2145 4254 2408 4312 Caeterum
2435 4257 2580 4324 illos,
2622 4261 2714 4331 qui
2741 4261 2820 4318 sic
2851 4262 2961 4316 illis
3002 4263 3376 4332 obsequuntur,
3405 4273 3464 4318 ut
3495 4279 3562 4318 es:
3592 4263 3722 4332 legis

2141 4349 2451 4418 prtescripto
2478 4349 2601 4405 vita
2627 4351 2886 4406 rationem
2915 4351 3267 4418 instituentes,
3293 4351 3493 4408 Christi
3529 4352 3725 4406 nihilo-

2144 4441 2320 4495 minus
2369 4442 2754 4512 confessionem
2783 4445 2946 4500 simul
2988 4455 3307 4511 conservent,
3353 4447 3446 4502 hos
3494 4448 3724 4502 salutem

2146 4532 2430 4601 adepturus
2459 4533 2726 4588 existimo.
2758 4534 2800 4590 Δ
2833 4550 2940 4606 qua
2971 4551 3166 4609 nempe
3209 4553 3307 4595 eos
3337 4537 3590 4594 excidere
3623 4553 3726 4608 pu-

2146 4633 2245 4688 tat,
2300 4626 2417 4695 qui,
2471 4641 2596 4682 cum
2646 4625 2924 4683 Christum
2979 4630 3326 4702 agnoverint,
3372 4629 3728 4701 confessique

2145 4717 2279 4784 sint,
2308 4717 2678 4790 qualicunque
2709 4718 2930 4774 demum
2983 4735 3051 4776 es
3091 4735 3258 4779 causa
3294 4721 3362 4778 ad
3399 4722 3572 4794 legem
3605 4721 3726 4777 Mo—

2146 4808 2374 4873 saicam,
2403 4807 2549 4864 hunc
2592 4823 2716 4866 esse
2767 4808 3048 4869 Christum
3083 4813 3438 4884 abnegantes,
3472 4813 3727 4869 descive-

2146 4898 2281 4964 rint,
2311 4899 2418 4956 nisi
2449 4914 2545 4957 eos
2572 4910 2701 4958 ante
2732 4913 2966 4961 mortem
3001 4905 3286 4976 paeniteat.
3320 4907 3450 4962 Mox
3481 4905 3730 4961 declarat

2146 4987 2387 5054 Judaaos,
2438 4989 2738 5059 quamlibet
2793 5007 2863 5047 ex
2909 4992 3184 5048 Abraham
3230 4992 3440 5049 semine
3472 4992 3730 5063 prognati

2148 5081 2281 5149 sint,
2334 5096 2400 5138 ac
2449 5082 2754 5138 secundum
2818 5085 2957 5156 legis
3016 5092 3284 5157 praecepta
3315 5085 3484 5139 vitam
3537 5092 3732 5154 agant,

2147 5182 2352 5230 aeterna
2379 5175 2560 5231 salute
2586 5191 2870 5246 nunquam
2903 5178 3192 5248 potituros,
3222 5176 3326 5232 nisi
3353 5175 3410 5231 in
3443 5174 3732 5230 Christum

2151 5263 2378 5320 credant
2410 5282 2424 5319 :
2460 5263 2564 5320 Sed
2591 5265 2713 5320 illos
2751 5267 2806 5320 in
2852 5267 3038 5335 primis
3072 5267 3163 5336 qui
3203 5267 3259 5320 in
3291 5264 3571 5337 sgnagogis
3613 5263 3733 5317 suis

2149 5352 2418 5408 Christum
2460 5354 2560 5410 Dei
2605 5356 2738 5411 diris
2775 5356 3106 5423 devoverant,
3157 5373 3221 5411 ac
3278 5355 3523 5410 devovent
3568 5368 3590 5408 :
3632 5354 3737 5406 καὶ

2153 5444 2388 5515 μάλιστα
2459 5447 2585 5512 τοὺς
2657 5448 2716 5501 ἐν
2769 5451 2890 5513 ταῖς
2951 5450 3296 5518 συναγωγαῖς
3348 5443 3744 5511 καταναθεμα-

2150 5536 2408 5602 τίσαντας
2491 5539 2584 5594 καὶ
2632 5539 3237 5613 καταναθεματίζοντας
3283 5539 3372 5593 ἐπ’
3425 5535 3590 5594 αὑτὸν
3637 5533 3736 5588 τδν
