3974 6338
389 374 482 438 431

1442 367 1615 427 νιΤΑ
1655 368 1717 427 S.
1755 365 2080 427 JOA‘NNIS
2118 365 2571 427 DAMASCENI.

3528 367 3636 432 432

381 491 590 552 Stiunt,
619 485 815 541 horttm
847 496 1044 536 manus
1072 479 1331 550 opulenta
1380 479 1438 533 in
1493 479 1956 550 magniﬁcentiam

2087 477 2316 532 vrsiilisv
2359 478 2718 548 ἀφοσιοῦσθαι
2762 481 2873 545 τοῖς
2915 479 3093 548 ἁγίοις
3139 454 3399 551 οἰόμενοι.
3442 478 3505 534 Ei
3544 475 3637 534 οὖν

394 578 674 650 proclivis,
709 572 1119 646 pranstantiores
1149 571 1408 626 materias
1453 571 1694 637 adhibet,
1749 572 1806 626 in
1838 571 1961 642 qui-

395 673 496 726 bus
530 669 750 723 illorum
785 665 1102 736 insculpant
1135 663 1424 735 imagines,
1479 677 1604 718 cum
1656 678 1716 720 se
1755 663 1963 734 majore

391 774 520 830 erga
551 759 702 817 viros
735 763 960 813 sanctos
997 756 1208 810 honore
1241 755 1346 810 hoc
1371 753 1536 810 modo
1562 753 1785 825 defungi
1817 755 1965 809 arbi-

393 860 629 908 trentur.
659 848 894 916 Quando
921 849 1108 918 itaque
1131 847 1210 902 illi
1237 846 1292 901 in
1323 861 1514 902 eorum
1546 845 1739 902 formis
1781 845 1964 915 expri-

393 939 607 994 mendis
631 940 716 998 ita
749 953 811 993 se
843 936 1168 1007 magnificos
1231 944 1286 992 et
1326 936 1640 1007 splendidos
1699 934 1962 1005 praebent,

395 1031 642 1102 nunquid
675 1045 894 1100 aequum
928 1028 1114 1095 fuerit,
1151 1035 1208 1082 ut
1235 1029 1292 1083 in
1328 1028 1620 1083 narrandis
1642 1028 1804 1083 rebus
1827 1044 1965 1099 quas

397 1129 712 1194 gesserunt,
743 1120 986 1176 incultos
1013 1121 1274 1190 omnique
1302 1127 1498 1173 ornatu
1521 1133 1726 1173 vacuos
1755 1132 1968 1172 sermo-

397 1229 495 1269 nes
536 1211 959 1284 relinquamus?
999 1209 1351 1280 Nequaquam
1420 1223 1570 1264 sane.
1630 1207 1968 1264 Rusticiores

397 1303 670 1375 siquidem
701 1302 862 1358 venia
895 1301 1047 1372 digni
1073 1309 1226 1365 sunt,
1250 1315 1373 1355 cum
1404 1314 1504 1370 pro
1543 1314 1606 1353 ea
1631 1314 1737 1369 qua
1766 1299 1970 1368 pollent

399 1395 683 1459 facultate,
725 1393 847 1447 rudi
882 1392 1024 1463 stylo
1049 1392 1283 1446 recitant
1323 1405 1413 1444 res
1447 1397 1634 1459 gestas
1661 1403 1850 1443 eorum
1873 1387 1970 1458 qui

401 1485 621 1542 Christo
655 1485 911 1555 placuere
936 1501 948 1536 :
978 1483 1048 1537 iis
1087 1497 1220 1537 vero
1246 1480 1340 1550 qui
1370 1479 1696 1549 eloquentia:
1728 1478 1971 1533 studium

404 1594 564 1634 suum
593 1576 863 1631 dederunt
900 1574 1126 1628 minime
1155 1570 1578 1627 condonandum
1606 1570 1733 1634 erit,
1764 1570 1855 1624 ubi
1889 1577 1973 1624 tu-

407 1670 702 1725 multuaria
749 1675 1031 1738 utcunque
1082 1679 1252 1736 opera
1307 1670 1626 1718 sanctorum
1657 1663 1796 1717 vitas
1839 1677 1972 1717 con-

406 1759 752 1832 scripserint,
791 1773 856 1814 ac
886 1756 1190 1828 prmsertim
1214 1755 1464 1810 virorum
1494 1769 1727 1824 quorum
1749 1753 1974 1823 spiritus

2065 568 2193 640 περὶ
2244 569 2343 641 τὴν
2391 572 2616 624 ἐκείνων
2663 570 2880 642 μορφὴν
2923 570 3067 626 οὕτω
3114 572 3177 625 τὸ
3208 571 3462 643 λαμπρὸν
3517 573 3636 625 ἐπι-

2065 661 2392 726 σπεύδουσι,
2441 661 2496 714 τί
2543 661 2653 734 ἄρα
2700 662 2820 716 δέον
2855 662 2988 734 περὶ
3037 662 3141 733 τῆς
3183 662 3426 735 ἱστορίας
3457 662 3638 726 αὐτοῖς

2063 751 2174 805 τῶν
2221 752 2477 824 πράξεων
2526 753 2907 825 ἠμελημένως
2956 755 3053 826 ἐᾷν
3102 753 3233 819 τοὺς
3298 753 3493 822 λόγους
3547 757 3642 808 καὶ

2064 846 2358 912 ἁκαλλεῖς;
2404 847 2704 917 Ούμενοῦν.
2755 847 2882 911 Τοῖς
2916 839 3026 920 γὰρ
3062 847 3473 920 ἀγροικοτέροις
3507 863 3640 914 συγ-

2066 938 2282 1007 γνώμη,
2325 937 2401 1001 ὡς
2436 937 2642 1008 έχουσι,
2695 936 3036 1009 σχεδιάζουσι
3061 937 3256 1007 λόγους
3287 936 3386 1000 τὰς
3413 936 3640 1008 πράξεις

2067 1027 2482 1099 ἐξιστορούντας
2512 1030 2618 1082 τῶν
2653 1029 3144 1102 εὐαρεστησάντων
3178 1027 3433 1100 Χριστῷ⁹
3467 1021 3549 1090 οἷς
3584 1027 3643 1079 δὲ

2069 1119 2228 1187 λόγος
2271 1120 2334 1174 τὸ
2364 1120 2805 1193 σπουδαζόμενον
2830 1121 3055 1191 γέγονεν
3079 1161 3094 1186 ,
3131 1121 3192 1174 ού
3242 1119 3641 1189 συγγνωστέον,

2073 1213 2220 1283 βίους
2283 1215 2456 1286 άγίων
2534 1217 2987 1289 παρεωραμένυις
3052 1216 3501 1288 ἐσχεδιασμένους
3570 1216 3644 1278 ὡς

2071 1301 2230 1372 ἔτυχε
2250 1341 2265 1366 ,
2308 1304 2404 1358 καὶ
2438 1304 2639 1374 μᾶλλον
2683 1305 2892 1377 ἀνδρῶν
2937 1305 3198 1359 τοιούτων
3222 1344 3238 1372 ,
3272 1300 3357 1369 οἷς
3387 1304 3525 1375 πνοὴ
3555 1304 3650 1356 καὶ

2073 1389 2187 1467 ζωὴ
2220 1396 2282 1451 τὸ
2321 1397 2504 1466 λόγοις
2540 1399 2914 1470 ἐπαγρυπνεῖν
2943 1397 3280 1470 ἐχρημάτισε
3301 1438 3316 1464 ,
3363 1397 3460 1451 καὶ
3507 1395 3650 1465 λόγῳ

2073 1487 2503 1559 καθῃραμένοις,
2541 1490 2634 1543 τὸν
2665 1489 2791 1544 νοῦν
2822 1490 2924 1560 μέν
2965 1489 3025 1555 ἐξ
3063 1488 3290 1558 ἀγνοίας
3325 1487 3421 1540 καὶ
3458 1485 3648 1558 λήθης.

2074 1579 2174 1650 τὴν
2203 1579 2260 1633 δὲ
2305 1580 2485 1652 ψυχὴν
2531 1580 2590 1648 ἐξ
2638 1580 2920 1652 ἐμπαθοῦς
2963 1581 3184 1652 ἁπάσης
3219 1581 3508 1651 κινήσεως.
3541 1579 3652 1631 Καὶ

2075 1674 2206 1744 παρ’
2239 1665 2313 1726 ὧν
2352 1673 2839 1744 κατακεκόσμηται
2887 1674 2950 1728 τδ
2987 1674 3267 1746 περίγειον
3293 1713 3308 1738 ,
3362 1671 3458 1726 καὶ
3506 1671 3653 1732 ἅπας

2075 1764 2511 1833 διαπεφώτισται
2540 1763 2687 1829 νοῦς,
2720 1764 2922 1834 λόγοις,
2968 1765 3050 1830 είς
3085 1763 3181 1828 οὓς
3211 1765 3407 1817 ἐκεῖνοι
3453 1762 3651 1830 ἐπόνη-

409 1854 499 1908 hic
522 1825 582 1908 et
602 1852 710 1905 vita
741 1850 863 1917 l‘uit,
879 1825 937 1904 ut
953 1848 1154 1903 litteris
1180 1845 1585 1910 incumberent,
1609 1843 1972 1914 subindeque,

2087 1873 2201 1922 σαν,
2228 1825 2290 1910 ού
2326 1856 2426 1926 τῆς
2459 1825 2694 1928 θύραθεν
2721 1825 2918 1926 σοφίας
2937 1869 2965 1898 ι
2996 1825 3057 1910 ab
3091 1825 3282 1927 χαρίεν
3313 1854 3473 1924 μόνον
3498 1825 3656 1924 ἐχού-

407 1959 533 1999 cum
564 1950 802 1998 mentem
835 1942 906 1996 ab
940 1938 1250 2010 ignorantia
1281 1945 1335 1994 et
1369 1937 1671 2001 oblivione,
1707 1944 1823 1991 tum
1850 1936 1974 1990 ani.

407 2053 555 2091 mum
583 2036 652 2090 ab
683 2034 831 2090 omni
860 2031 1179 2089 turbulento
1220 2036 1372 2086 motu
1403 2035 1771 2102 expurgarent
1797 2047 1812 2097 ;
1849 2030 1974 2086 illo-

2080 1962 2187 2011 σιν,
2220 1944 2358 2000 ἀλλὰ
2391 1945 2487 2002 καὶ
2513 1947 2573 2000 τὺ
2609 1946 2704 2000 τοῦ
2737 1946 3090 2019 παρακλήτου
3121 1946 3236 2018 φῶς
3264 1943 3486 2016 δαψιλὲς
3519 1946 3656 2000 ἀπο-

2080 2037 2416 2108 πέμπουσιν.

409 2145 552 2192 rum,
584 2129 836 2199 inquam,
879 2127 1148 2190 virorum,
1191 2139 1223 2178 a
1272 2122 1478 2195 quibus
1527 2131 1801 2179 terrarum
1837 2125 1991 2182 orbis
2055 2129 2381 2188 honestatus
2441 2139 2549 2197 est,
2599 2137 2652 2186 et
2703 2144 2937 2201 quorum
2985 2129 3114 2184 libri
3156 2141 3372 2186 mentes
3415 2127 3656 2186 omnium

409 2220 824 2284 eollustrarunt,
855 2232 966 2272 non
993 2216 1141 2272 nuda
1163 2222 1438 2271 extraneae
1467 2210 1558 2286 [ll]
1593 2215 1874 2285 sapientia:
1901 2215 2200 2290 elegantia,
2229 2223 2323 2280 sed
2361 2223 2546 2294 etiam
2615 2221 2886 2278 Paracleti
2949 2220 3136 2277 lumen
3173 2222 3395 2293 copiose
3454 2219 3657 2277 affatim

408 2309 728 2368 omittendo.

479 2445 542 2500 ll.
564 2445 800 2500 Joannes
833 2444 1192 2497 Damasceuus
1210 2442 1346 2496 inter
1369 2443 1567 2511 primos
1604 2441 1853 2498 Ecclesia:
1884 2442 1984 2498 do-

409 2548 580 2594 ctores
621 2534 930 2590 censendus.
955 2531 1167 2587 Floruil
1201 2549 1320 2586 cum
1361 2536 1576 2592 Itan-esis
1621 2533 1986 2589 Iconoclasla—

409 2646 531 2684 rum
579 2634 877 2699 emergeret.
913 2624 1018 2680 Leo
1084 2625 1356 2680 Isauricus
1421 2625 1636 2681 haeresis
1691 2635 1987 2681 auctor.—

415 2721 570 2777 Unus
595 2735 785 2774 eorum
809 2727 863 2773 et
893 2717 1116 2788 quidem
1157 2718 1302 2772 inter
1331 2716 1542 2786 primos
1571 2717 1880 2772 censendus
1903 2723 1989 2772 est

416 2827 650 2883 magnus
683 2820 738 2866 ct
773 2810 1012 2881 inclytus
1042 2807 1306 2875 Joannes,
1336 2809 1431 2879 qui
1463 2823 1493 2862 a
1523 2807 1792 2863 Damasco
1837 2818 1990 2878 patre

415 2920 517 2961 suo
541 2911 964 2973 cognomentum
1001 2901 1215 2958 habuit.
1249 2900 1300 2955 ls
1347 2899 1492 2954 enim
1549 2899 1694 2955 haud
1730 2901 1988 2970 exiguum

418 2995 678 3054 Ecclesiae
721 2993 1054 3050 ﬁrmamenti
1086 2993 1240 3048 sidus
1269 2991 1504 3058 exstitit,
1553 2992 1648 3047 sed
1690 2993 1989 3046 maximum

417 3089 577 3159 plane
603 3093 659 3141 et
689 3085 1182 3160 fulgentissimum,
1223 3092 1284 3139 ut
1312 3084 1457 3154 quod
1490 3097 1599 3138 non
1639 3083 1803 3138 modo
1835 3084 1990 3138 luxe-

417 3180 513 3247 rit,
542 3175 766 3250 quando
797 3177 1028 3232 hatresis
1058 3177 1265 3248 ubique
1304 3176 1509 3247 passim
1544 3175 1801 3231 tenebras
1833 3189 1989 3245 spar-

419 3273 597 3342 gebat,
620 3285 809 3325 verum
847 3275 903 3326 et
932 3284 1153 3324 omnem
1187 3284 1461 3338 perversa:
1479 3268 1747 3323 doctrina:
1770 3274 1987 3322 noctem

2155 2447 2232 2501 B'.
2270 2445 2488 2499 Τούτων
2535 2441 2617 2510 εῒς
2650 2446 2745 2500 καὶ
2773 2445 2883 2498 τῶν
2925 2445 2984 2498 ἐν
3030 2443 3270 2516 πρώτοις
3308 2444 3661 2514 τεταγμένων

2083 2537 2232 2592 ἐστὶν
2275 2539 2304 2591 ὁ
2351 2537 2520 2601 πολὺς
2578 2535 2904 2609 Ἰωάννης),
2951 2529 2996 2605 ᾧ
3028 2535 3091 2589 τὸ
3129 2535 3420 2606 ἐπώνυμον
3467 2538 3533 2590 ἐκ
3561 2535 3658 2606 τῆς

2085 2629 2346 2702 πατρίδος
2373 2628 2472 2700 τῆς
2515 2628 2808 2700 Δαμασκοῦ
2857 2627 3068 2693 πόλεως
3095 2627 3466 2699 ἐπισυνῆπται
3499 2645 3663 2699 περι-

2088 2721 2292 2792 φανῶς.
2338 2715 2504 2785 Οὗτος
2528 2721 2638 2792 γάρ
2669 2719 2770 2774 οὑκ
2802 2719 3045 2774 ἐλάσσων
3074 2719 3300 2790 φωστὴρ
3336 2718 3433 2772 τοῦ
3463 2719 3664 2788 ἐκκλη-

2091 2811 2372 2867 σιαστικοῦ
2451 2811 2830 2884 περεὼματος
2898 2811 3273 2883 ἐχρημάτισεν
3299 2849 3316 2876 ,
3371 2810 3508 2865 ἀλλὰ
3571 2813 3665 2865 καὶ

2092 2903 2394 2974 πάμμεγας
2437 2902 2532 2958 καὶ
2575 2903 2987 2975 λαμπρότατος·
3025 2903 3126 2956 οὐκ
3169 2905 3226 2957 ἐν
3261 2902 3416 2957 νυκτὶ
3456 2902 3665 2972 φαίνων

2095 2994 2254 3065 μόνον
2303 2992 2568 3065 αἱρέσεως
2610 2993 3069 3065 διεσκεδασμένης
3118 2991 3470 3063 ἁπανταχοῦ,
3528 2992 3688 3046 mar

2094 3088 2189 3141 καὶ
2215 3085 2357 3140 λύων
2395 3087 2576 3139 πᾶσαν
2618 3084 2790 3140 νύκτα
2838 3083 3129 3148 κακόδοξον
3149 3125 3164 3152 ,
3195 3086 3318 3148 ταῖς
3347 3083 3458 3137 τῶν
3490 3083 3673 3153 λόγων

2095 3177 2391 3242 ἐπιτολαϊς.
2431 3177 2546 3244 Νὺξ
2600 3177 2698 3249 μὲν
2736 3176 2846 3248 γάρ
2890 3175 3235 3230 διεσκέδαστο
3259 3176 3334 3247 (Ι)
3386 3176 3666 3248 πανταχοῦ

2095 3270 2194 3340 τῆς
2228 3267 2557 3340 οἰκουμένης
2579 3309 2594 3335 ,
2641 3267 2967 3340 ἀμαυροῦσα
3003 3269 3129 3332 τοὺς
3172 3267 3459 3340 λαμπροὺς
3491 3286 3668 3341 χαρα-

419 3361 862 3417 lucubrationum
903 3373 1128 3415 suarum
1157 3357 1432 3414 emicante
1461 3359 1714 3414 claritate
1742 3358 1983 3429 dispule-

2097 3359 2306 3429 κτῆρας
2353 3358 2463 3412 τῶν
2511 3357 2828 3430 σεϐασμίων
2875 3357 3132 3423 εἰκόνων,
3180 3358 3276 3413 καὶ
3311 3358 3499 3429 βαθεῖα
3526 3355 3595 3431 ἦν
3631 3363 3668 3431 ἡ

422 3453 512 3508 rit.
541 3451 674 3506 Nam
708 3465 819 3507 nox
854 3450 1072 3521 quidem
1108 3450 1372 3506 universo
1406 3449 1526 3506 orbi
1553 3447 1852 3513 insederat,
1884 3461 1983 3520 qua

2097 3422 2430 3518 σκότόμαινα
2450 3465 2463 3482 ο
2489 3450 2519 3503 ὁ
2539 3448 2596 3502 δὲ
2623 3422 2828 3520 ταύτην
2855 3448 3088 3520 διαχέων
3114 3422 3175 3503 τε
3197 3451 3294 3504 καὶ
3311 3422 3668 3522 ποιούμενος,

422 3544 697 3616 praeclara
716 3539 1154 3598 venerandarum
1187 3538 1486 3609 imaginum
1521 3539 1707 3608 ﬁgurat
1733 3536 1997 3592 obscura-

421 3639 644 3702 bantur,
670 3632 1052 3707 prol'undaque
1085 3645 1318 3703 prorsus
1349 3631 1525 3701 caligo
1557 3640 1714 3686 erat:
1751 3629 1844 3686 ille
1866 3642 1996 3686 vero

426 3730 518 3801 qui
560 3743 682 3784 eam
708 3726 1046 3789 etTuudebat,
1097 3723 1558 3796 Operabaturquc,
1593 3736 1703 3777 non
1740 3720 1808 3776 de
1834 3721 1997 3789 vulgo

423 3819 703 3893 quispiam
735 3819 902 3873 homo
929 3823 1072 3883 erat,
1125 3816 1216 3888 qui
1251 3816 1305 3870 iu
1360 3816 1544 3886 aliqua
1601 3823 1758 3886 parte
1791 3813 1995 3868 malum

425 3921 660 3980 sereret,
695 3911 790 3968 sed
825 3911 917 3983 qui
957 3911 1098 3976 suis,
1131 3919 1190 3964 ut
1225 3910 1303 3964 ita
1344 3909 1559 3979 loquar,
1597 3906 1874 3972 manibus,
1904 3920 1998 3961 or-

425 4007 511 4063 bis
543 4014 819 4061 terrarum
873 4003 1011 4058 ﬁnes
1051 4002 1332 4073 capiebat:
1395 4002 1600 4072 quippe
1653 3999 1746 4070 qui
1788 4003 1999 4054 teneret

427 4103 705 4166 sceptrum
738 4093 953 4165 imperii
982 4091 1245 4147 Romani.
1287 4090 1407 4157 Quo
1440 4089 1624 4155 ﬁebat,
1665 4098 1726 4142 ut
1778 4100 2000 4158 quoquo

427 4203 645 4244 versum
681 4187 926 4258 spirans,
975 4199 1100 4240 cum
1137 4183 1347 4254 ingenti
1407 4183 1613 4251 impetu
1656 4179 1999 4235 venerandas

428 4281 696 4352 imagines
721 4278 1064 4343 deturbaret,
1089 4289 1281 4331 eorum
1317 4273 1573 4344 aquibus
1612 4271 1720 4326 illa;
1751 4270 2000 4325 coleren-

428 4387 539 4438 tur,
572 4373 712 4427 alios
733 4370 977 4442 quidem,
1020 4376 1079 4423 ut
1104 4376 1222 4424 erat
1249 4366 1473 4422 nomine
1511 4371 1678 4434 atque
1718 4361 1884 4417 animi
1914 4360 2000 4416 in-

426 4465 686 4522 ductione
716 4462 848 4527 Lco,
885 4463 1030 4518 sicut
1078 4461 1164 4515 leo
1197 4459 1421 4529 rapiens
1464 4463 1518 4511 et
1563 4453 1789 4525 rugiens
1828 4453 2000 4508 dcvoo

425 4563 594 4619 ιιι-ει,
628 4555 769 4610 alios
799 4568 930 4609 vero
949 4553 1042 4624 qui
1069 4557 1233 4608 rectae
1256 4548 1378 4605 lidei
1410 4556 1631 4603 tenaces
1659 4551 1865 4612 essent,
1896 4543 2002 4599 alio

427 4658 591 4717 atque
629 4645 740 4700 alio
770 4641 1112 4715 dispergeret
1139 4638 1606 4710 compelleretque
1636 4637 1690 4690 in
1717 4635 2002 4692 subterra-

2094 3540 2193 3610 οὐχ
2227 3541 2256 3594 ό
2297 3539 2478 3610 τυχὼν
2522 3539 2822 3611 ἐτύγχανεν
2876 3542 3193 3614 ἄνθρωπος,
3239 3543 3328 3598 ῐνα
3373 3545 3470 3598 καὶ
3517 3547 3673 3616 παρὰ

2097 3631 2269 3703 μέρος
2317 3632 2418 3702 τῆς
2453 3633 2783 3706 οίκουμένης
2831 3633 3122 3706 διασπείρῃ
3177 3634 3240 3689 τὸ
3293 3636 3500 3703 κακὸν,
3553 3639 3674 3694 ἀλλ’

2093 3723 2239 3794 ἀνὴρ
2279 3723 2488 3788 ἐκεῖνος
2533 3724 2593 3777 ἐν
2631 3727 2777 3796 χειρὶ
2823 3726 3108 3797 κατέχων,
3149 3728 3238 3781 ἵνα
3282 3727 3457 3792 οὕτως
3510 3731 3674 3795 εἴπω,

2095 3816 2198 3885 τῆς
2220 3814 2546 3885 οἰκουμένης
2572 3815 2642 3870 τά
2669 3815 2906 3888 πέρατα,
2937 3817 3024 3871 διὰ
3051 3818 3111 3873 τὸ
3136 3818 3236 3890 τὴν
3263 3823 3676 3893 σκηπτρουχίαν

2097 3904 2317 3976 ἐπέχειν
2368 3905 2469 3976 τῆς
2511 3905 2623 3961 τῶν
2665 3907 2953 3979 Ῥωμαίων
3006 3910 3204 3981 ἀρχῆς.
3262 3913 3542 3968 Ἐντεῦθεν
3579 3916 3679 3969 καὶ

2097 3996 2268 4060 πολὺς
2311 3991 2382 4068 ἦν
2435 3999 2464 4051 ό
2512 3997 2690 4054 πνέων
2747 4000 3062 4073 πανταχοῦ,
3110 4005 3206 4058 καὶ
3253 4005 3344 4078 βίᾳ
3393 4007 3561 4080 πολλῇ
3606 4011 3681 4062 τὰ

2102 4085 2377 4157 σεϐάσμια
2450 4086 2888 4160 καθαιρούμενος
2938 4093 3354 4166 ἐκτυπώματα,
3409 4097 3506 4150 καὶ
3566 4098 3684 4151 τῶν

2103 4175 2414 4248 σεϐομένων
2452 4179 2624 4246 αὐτὰ,
2658 4181 2752 4246 οὓς
2797 4182 2897 4253 μὲν
2931 4185 3273 4257 κατάὸρωμα
3315 4188 3613 4262 ἐποιήσατο
3651 4193 3685 4244 ό

2099 4267 2475 4340 λεοντώνυμός
2513 4287 2573 4324 τε
2620 4272 2717 4326 καὶ
2748 4273 3185 4346 λεοντόγνωμος,
3219 4277 3296 4342 ὡς
3329 4279 3468 4333 λέων
3497 4281 3683 4352 ἁρπά-

2101 4359 2209 4426 ζων
2240 4359 2336 4414 καὶ
2369 4363 2718 4435 ὠρυόμενος,
2758 4364 2851 4429 οὓς
2889 4366 2946 4420 δὲ
2997 4367 3104 4422 τῶν
3146 4369 3476 4442 όρθοδόξων,
3517 4372 3685 4428 ἄλλον

2101 4449 2366 4523 ἅλλαχόσε
2413 4453 2688 4526 διέσπειρε
2735 4457 2809 4526 τῷ
2856 4457 3198 4530 βρυχήματι,
3243 4463 3338 4517 καὶ
3393 4465 3684 4533 ύπογαίοις

2106 4546 2301 4615 μυχοῖς
2353 4545 2608 4600 ἀνέπεισε
2663 4549 3022 4619 κρύπτεσθαι.
3093 4552 3207 4607 Καὶ
3257 4552 3443 4608 πολλοὶ
3499 4547 3687 4608 λέουσι

2106 4636 2374 4688 συνοικεῖν
2411 4636 2507 4690 καὶ
2566 4636 2860 4708 δράκουσιν
2915 4640 3274 4711 ῂρετίσαντο,
3324 4642 3358 4714 ἢ
3416 4643 3515 4713 τὴν
3553 4659 3689 4694 συν-

426 4737 544 4792 ueis
573 4734 886 4790 recessibus
938 4730 1227 4788 occultari.
1271 4728 1348 4782 Ac
1387 4727 1543 4780 multi
1594 4725 1814 4796 quidem
1870 4738 1983 4779 curr

2105 4724 2298 4778 αυλίαν
2357 4727 2628 4782 ποιεῖσθαι
2688 4729 2804 4800 μετ’
2857 4731 3067 4786 ἐκείνου
3141 4731 3237 4788 καὶ
3300 4733 3411 4787 τῶν
3468 4733 3688 4788 ἐκείνου

427 4827 674 4881 leunilitts
726 4834 781 4879 et
834 4822 1193 4884 draconibus,
1230 4833 1391 4889 quam
1426 4832 1548 4871 cum
1587 4816 1706 4885 ipso
1765 4815 1983 4884 ejusque

2105 4815 2494 4887 θεραπευτῶν·
2551 4821 2698 4874 ἄλλοι
2753 4821 2830 4893 τῷ
2862 4823 3013 4894 φόΰῳ
3061 4825 3142 4888 εις
3192 4825 3261 4879 τά
3323 4827 3537 4898 μακρὰν
3579 4828 3693 4896 τῆς

427 4917 692 4972 ministris
722 4913 1050 4971 commorari
1120 4913 1470 4966 maluerunt:
1516 4908 1605 4962 alii
1639 4917 1821 4961 autem
1877 4921 1983 4976 quo

2096 4911 2425 4980 οἰκουμένης
2443 4913 2748 4982 ἁπέτρεχον
2773 4914 3019 4986 τέρματα
3042 4930 3058 4945 ο
3085 4916 3225 4969 λέων
3248 4917 3357 4986 γὰρ
3385 4917 3690 4988 ἐρεύξεται

1627 5083 1862 5139 ΥΛΒΙᾹε]
1901 5082 2316 5141 LECTIONES.

505 5242 529 5269 ει
572 5225 712 5282 Edit.
744 5224 843 5297 τὴν
871 5225 1029 5294 χάριν
1091 5223 1278 5294 μόνην.
1357 5218 1386 5257 δ
1419 5215 1483 5270 Β.
1505 5210 1579 5270 ὧν
1605 5210 1705 5280 εἷς.

1894 5368 2126 5424 NOTAE.

494 5547 567 5618 (ί)
606 5544 734 5608 Νύξ
755 5541 872 5613 μὲν
898 5533 1542 5618 τὰρ-ςδςιεσκέδαστοῃκ.
1573 5547 1626 5584 τ.
1668 5546 1718 5582 ε.
1754 5527 1830 5582 Ex
1874 5535 1992 5618 toto
2093 5525 2612 5618 junioreNostrulm
2645 5525 2915 5607 claruisse
2945 5526 3295 5618 somniat-unt
3320 5540 3538 5618 grauem
3581 5533 3693 5618 ta-

425 5595 842 5684 ῇδιῖᾊιῖρἶξιιι
873 5595 938 5666 οὶ
961 5595 1100 5684 giliis
1133 5602 1507 5684 monumentis
1551 5615 1670 5669 qua:
1701 5599 1983 5684 congessit
2087 5595 2213 5684 'in'eu
2253 5598 2350 5679 alii
2375 5597 2660 5684 emendari
2695 5612 2860 5665 posse
2896 5599 3274 5684 putarunttsi
3321 5595 3688 5656 Theodosius

422 5665 659 5743 Χιϊςιιὶιῐξ
682 5665 734 5736 in
751 5665 923 5750 'opere
945 5677 1030 5750 De
1051 5675 1083 5750 ,1
1091 5691 1256 5750 σφωε
1285 5665 1631 5750 (iantascen'o,
1656 5665 1978 5750 proﬂigatur
2087 5667 2152 5722 Ill
2187 5667 2385 5724 Leonis
2411 5665 2584 5722 Isauri
2610 5667 2871 5724 decessor
2896 5665 3314 5738 intelligeretur.

425 5741 582 5816 error
613 5741 826 5819 eorum,
863 5749 957 5820 qui
991 5749 1092 5804 sub
1127 5745 1437 5801 Theodosio
1461 5756 1557 5798 seu
1601 5741 1840 5806 seniore,
1891 5753 1987 5794 seu
