3974 6338
262 394 369 459 43')

1334 391 1509 452 VITA
1543 393 1602 452 S.
1644 392 1962 454 JOANNIS
1998 393 2445 454 DAMASCENI‘.

3407 391 3511 455 434

260 509 361 561 καὶ
388 506 472 569 τίς
514 504 576 558 ού
626 503 1037 574 φοὸτιθήσεταί,
1092 502 1186 556 καὶ
1218 502 1383 557 αὑτοῦ
1425 494 1740 574 ἀπέφευγον
1771 504 1847 566 ὼς

1978 503 2187 558 iercul‘si
2216 504 2409 559 timore
2463 513 2639 569 erant,
2682 506 2747 560 ad
2796 509 3115 561 remotiorcs
3171 502 3322 558 orbis
3355 511 3514 557 terra:

261 600 333 652 ἐκ
361 597 661 670 προσώπου
693 597 893 666 ὄφεως.

345 863 422 917 Γ¹.
468 862 533 917 '0
574 862 633 916 δὲ
682 862 1064 934 χαριτώνυμος
1111 857 1268 927 οὗτος
1314 863 1458 934 ἀνὴρ
1507 862 1603 917 καὶ
1635 863 1850 934 πλήρης

268 953 657 1023 πνευματικῆς
702 954 927 1025 χάριτος
947 994 963 1019 ,
1006 952 1086 1024 τῷ
1128 953 1293 1025 θυμῷ
1322 953 1489 1018 ζέσας
1516 952 1659 1009 κατὰ
1688 954 1850 1024 μόνου

267 1044 369 1096 τοῦ
403 1044 583 1111 ὄφεως
608 1060 623 1076 ’
668 1043 757 1097 ἵνα
784 1044 889 1098 καὶ
931 1042 1096 1116 ζῆλος
1126 1044 1213 1116 εῐη
1260 1044 1354 1098 καὶ
1384 1045 1556 1117 ἀρετὴ
1590 1046 1620 1098 ό
1647 1044 1847 1115 θυμός·

267 1134 335 1186 οὐ
390 1134 491 1203 τὴν
525 1133 748 1204 Θρᾴκην
809 1133 931 1186 τότε
973 1133 1174 1199 οἰκῶν,
1227 1135 1310 1198 είς
1338 1135 1699 1205 Σαυρομάτας
1746 1135 1854 1189 ἅπ-

269 1226 524 1297 έτρεχεν,
557 1226 668 1280 οὐδ’
696 1227 771 1280 ὲκ»
808 1225 1080 1291 Βύζαντος
1100 1226 1178 1297 (2)
1208 1229 1289 1291 είς
1328 1226 1686 1297 Ἡρακλείους
1722 1229 1853 1299 στή-

271 1318 376 1380 λας
401 1316 735 1385 ἀπέφευγεν,
763 1315 888 1371 οὔτε
918 1317 1026 1388 μὴν
1064 1317 1122 1384 ἐξ
1149 1316 1467 1389 ἀνακτόρων
1508 1317 1589 1381 είς
1616 1318 1856 1389 ἐρήμους

274 1407 521 1460 διέϐαινε
563 1407 654 1461 διὰ
700 1408 794 1464 τὸν
830 1409 927 1462 τοῦ
973 1408 1188 1472 λέοντος
1234 1408 1580 1480 βρυχηθμὸν,
1628 1409 1748 1463 ἀλλ’
1797 1409 1856 1463 ὲν

274 1498 565 1570 Δαμασκῷ
599 1499 662 1554 τὸ
688 1500 955 1571 πρότερον
973 1512 1022 1567 ο,
1071 1501 1131 1555 ὲν
1159 1499 1495 1573 Παλαιστίνῃ
1542 1500 1599 1553 δὲ
1631 1498 1858 1571 ὕστερον

280 1589 610 1660 ποιούμενος
663 1590 765 1655 τὰς
809 1592 1131 1663 διατριϐὰς,
1191 1592 1287 1646 καὶ
1339 1593 1399 1646 ὲν
1460 1593 1653 1664 ἐρήμῳ
1708 1591 1860 1662 τόπῳ

277 1678 655 1748 ἀσκούμενος,
698 1680 1122 1752 ἀντεπαλαμᾶτο
1165 1680 1301 1752 πρὸς
1354 1680 1447 1735 τὸν
1484 1680 1689 1735 Λέοντα
1737 1697 1860 1749 γεν-

279 1771 575 1835 ναιότατα,
620 1766 713 1823 καὶ
760 1770 861 1842 τὴν
906 1772 1136 1842 καρδίαν
1186 1772 1401 1827 ἐκείνου
1431 1774 1497 1826 ἐκ
1536 1772 1859 1843 τηλικούτου

1950 596 2085 649 lines
2114 593 2517 650 contenderunt
2544 595 2649 664 (leo
2671 596 2814 651 enim
2859 596 3055 667 rugict,
3114 601 3169 649 et
3225 592 3350 663 quis
3403 606 3513 646 non

1948 685 2173 755 pavebit
2199 685 2281 757 ⁸2)
2315 693 2481 755 atque
2512 686 2579 741 ab
2627 701 2692 742 eo
2723 694 2979 758 tanquam
3021 701 3050 739 a
3105 682 3247 740 facie
3302 682 3514 738 colubri

1951 777 2334 848 profugerunt.

2023 867 2111 922 lll.
2147 867 2376 923 Joannis
2404 884 2590 922 nomen
2622 866 2874 922 Hebraice
2904 881 3106 922 cuit-ru
3137 881 3226 920 DEI
3261 864 3517 933 exprimi-

1957 970 2063 1016 tur.
2095 959 2221 1015 Vita
2244 963 2414 1016 sancti
2442 958 2671 1014 Joannis
2706 959 3023 1013 Dumasceni
3053 957 3262 1010 arabice
3292 957 3517 1025 primum

1958 1053 2179 1122 scripta.
2208 1082 2276 1095 -
2309 1052 2378 1107 At
2406 1066 2533 1109 vero
2582 1051 2669 1106 vir
2722 1052 2846 1116 iste,
2896 1049 3192 1121 spirituali,
3225 1047 3385 1114 cuius
3418 1061 3521 1100 no-

1954 1157 2081 1197 men
2115 1142 2357 1212 gerebat,
2390 1142 2569 1212 gratia
2597 1139 2880 1210 perfusus,
2912 1154 3036 1195 cum
3087 1136 3354 1191 adversus
3409 1149 3523 1189 ser-

1955 1238 2173 1300 pentem
2208 1229 2386 1284 solum
2449 1229 2529 1283 ira
2555 1227 2958 1293 eﬂ'erveseerct,
3007 1226 3083 1282 ita
3138 1231 3197 1279 ut
3252 1220 3527 1277 irascendi

1959 1318 2187 1374 affectus
2220 1318 2273 1373 in
2310 1319 2476 1373 animi
2503 1320 2633 1373 boni
2670 1319 2911 1376 studium
2943 1329 2997 1372 et
3029 1317 3285 1372 virtutem
3317 1312 3528 1368 evasis-

1959 1420 2065 1475 set,
2098 1422 2210 1464 non
2236 1424 2266 1463 e
2293 1408 2529 1463 Thracia
2559 1424 2725 1480 quam
2759 1409 2878 1480 ipse
2910 1417 3043 1462 tunc
3071 1404 3336 1476 temporis
3373 1404 3529 1456 ineo-

1959 1501 2121 1567 leret,
2149 1502 2217 1555 ad
2250 1498 2532 1556 Sarmatas
2560 1500 2774 1571 aufugit
2802 1517 2816 1565 ;
2848 1515 2958 1554 non
2984 1497 3248 1570 Byzantio
3280 1493 3356 1549 ad
3379 1493 3532 1548 colu-

1960 1606 2119 1647 mnas
2150 1590 2446 1647 Herculeas
2478 1592 2719 1647 tutandae
2757 1592 2952 1649 salutis
2998 1605 3165 1647 causa
3228 1604 3289 1644 se
3341 1586 3532 1658 praeri-

1962 1685 2123 1757 puit;
2155 1699 2265 1740 non
2297 1684 2535 1755 denique
2560 1691 2783 1756 propter
2809 1685 3046 1755 rugitum
3073 1682 3273 1738 Leonis
3310 1696 3378 1735 ex
3406 1678 3533 1731 aula

1963 1776 2022 1831 in
2064 1776 2421 1832 solitudinem
2453 1776 2771 1832 concessit:
2810 1775 2928 1841 sed,
2958 1789 3084 1829 cum
3117 1771 3372 1828 Damasci
3419 1769 3533 1841 prio

278 1860 654 1931 διαστήματος
674 1860 851 1931 λόγοις
881 1861 1229 1933 χαλκευθείσι
1259 1862 1337 1934 τῷ
1378 1861 1473 1917 τοῦ
1500 1842 1856 1935 παρακλήτου

1978 1884 2136 1934 num,
2165 1876 2282 1922 tum
2314 1867 2510 1923 deinde
2530 1867 2597 1922 .in
2644 1866 2933 1922 Palaestina
2977 1867 3223 1937 degeret,
3256 1871 3421 1931 atque
3477 1859 3531 1913 in

282 1953 425 2022 πυρὶ
470 1953 563 2005 καὶ
610 1952 959 2024 στομωθεῖσι
1001 1953 1079 2024 τῷ
1128 1954 1325 2026 ζωηρῷ
1375 1952 1560 2021 ὕδατι,
1611 1954 1687 2019 ὡς
1740 1971 1851 2025 τριο

283 2042 506 2112 λόγχοις
527 2041 763 2112 δόρασιν,
788 2043 814 2094 ὀ
841 2042 973 2112 ἐμὸς
993 2042 1233 2113 διέπειρε
1264 2042 1665 2114 τρισαριστεύς.
1700 2041 1862 2096 Ἀλλὰ

284 2135 467 2188 ταῦτα
502 2133 602 2204 μὲν
645 2134 704 2185 ὲν
746 2133 824 2204 τῷ
865 2133 1160 2205 καθήκοντι
1212 2135 1362 2205 τόπῳ
1408 2135 1788 2206 λαμπρότερον
1833 2135 1863 2187 ό

286 2226 451 2293 λόγος
480 2222 828 2294 ὲμπλατυνεϊ,
855 2224 1059 2278 Τούτου
1086 2224 1265 2279 τοίνυν
1285 2224 1376 2278 τὸν
1398 2224 1531 2297 βίον,
1555 2225 1628 2288 ὡς
1654 2224 1864 2295 ἔτυχεν,

292 2314 713 2385 ἐσχεδιασμένον
746 2314 1057 2387 ἁγροῖκιστὶ
1077 2355 1092 2382 ,
1127 2317 1467 2387 παρορατέον
1490 2356 1506 2382 ,
1539 2317 1633 2369 καὶ
1669 2315 1872 2386 μᾶλλον

298 2406 464 2475 μόνον
514 2404 778 2476 διαλέκτῳ
838 2406 935 2459 καὶ
994 2406 1288 2478 γράμμασι
1335 2408 1447 2470 τοῖς
1514 2406 1869 2477 ’Δραϐικοῖς;

290 2496 579 2570 οὐμενοῦν.
629 2496 719 2551 Διὸ
759 2496 1046 2568 διηγητέον
1077 2497 1194 2562 οἵας
1241 2497 1399 2569 ῥίζης
1437 2497 1693 2566 εὐγενοῦς
1719 2501 1747 2551 ὁ
1779 2496 1873 2551 εύ-

296 2589 630 2653 θαλέστατος
656 2588 885 2661 βλαστὸς
912 2590 1233 2662 ἀνατέθηλε,
1264 2590 1357 2645 καὶ
1382 2591 1469 2644 οἶα
1492 2590 1690 2664 πατρὶς
1713 2590 1876 2647 αὐτὸν

299 2682 592 2736 ἀναδοῦναι
622 2681 798 2753 αὐχεῖ.
1244 2698 1247 2701 ‘

1966 1960 2264 2018 solitudine
2286 1960 2654 2017 monasticam
2683 1959 2853 2014 vitam
2878 1966 3089 2029 ageret,
3115 1956 3385 2011 adversus
3404 1951 3538 2006 Leo-

1968 2067 2093 2108 nem
2143 2059 2379 2109 strenue
2440 2051 2738 2106 admodum
2795 2049 3150 2121 depugnavit.
3210 2047 3533 2114 Quanquam

1967 2144 2115 2201 enim
2138 2144 2347 2215 ingenti
2365 2144 2615 2199 locorum
2646 2142 2943 2199 intervallo
2966 2150 3051 2198 ter
3080 2139 3241 2196 fortis
3269 2139 3359 2193 hic
3380 2151 3536 2192 meus

1971 2236 2177 2291 athleta
2204 2236 2273 2291 ab
2303 2236 2396 2291 illo
2428 2236 2688 2300 distabat,
2716 2235 2873 2290 libris
2901 2242 3087 2289 tamen
3119 2234 3241 2304 igne
3271 2226 3538 2285 Paracleti

1971 2325 2279 2392 fabricatis,
2311 2335 2365 2383 et
2389 2326 2542 2382 vitali
2565 2326 2713 2383 unda
2744 2326 3084 2395 temperatis,
3112 2323 3535 2391 obduratisquc,

1972 2415 2145 2471 veluti
2168 2415 2373 2486 triplici
2410 2416 2603 2473 lancea
2651 2432 2750 2472 cor
2779 2417 2900 2487 ejus
2935 2415 3293 2470 translodit'.
3327 2410 3530 2467 Verum

1976 2508 2092 2563 hac
2146 2517 2251 2565 Suo
2288 2508 2412 2565 loco
2472 2508 2809 2565 iuculentius
2864 2509 3043 2562 oratio
3099 2503 3422 2559 declarabit.
3461 2502 3544 2554 Au

1976 2596 2146 2667 igitur
2177 2596 2234 2652 in
2274 2611 2390 2653 rem
2417 2604 2663 2669 nostram
2689 2596 2797 2653 erit
2846 2597 2979 2651 tanti
3021 2595 3125 2651 viri
3164 2594 3333 2648 vitam
3374 2591 3545 2645 rusti-
3578 2586 3583 2589 ⁴

1975 2700 2117 2742 cano
2157 2703 2331 2755 more,
2379 2688 2490 2744 imo
2543 2688 2731 2759 lingua
2778 2695 2835 2743 et
2866 2687 3069 2741 litteris
3118 2683 3377 2739 Arabicis
3412 2695 3547 2733 con-

301 2777 587 2845 scriptam,
610 2777 820 2832 idcirco
874 2776 1228 2847 contemptim
1256 2776 1581 2848 negligere?
1645 2776 1764 2832 Non
1837 2777 2106 2847 profecto.
2178 2781 2451 2849 Quocirca
2510 2782 2880 2838 enarrandum
2936 2780 3099 2837 modo
3142 2786 3249 2842 est,
3303 2792 3375 2831 ea»
3443 2789 3567 2844 qua,

300 2879 583 2937 quamque
615 2867 787 2923 nobili
822 2867 1009 2925 radice
1038 2867 1490 2924 ﬂorentissimum
1521 2869 1625 2925 hoc
1646 2883 1868 2942 germen
1902 2872 2188 2943 prodierit,
2218 2891 2340 2946 qua:
2371 2874 2561 2946 patria'
2576 2876 2736 2932 tellus
2758 2874 2893 2930 illud
2959 2889 3021 2929 se
3081 2872 3375 2944 protulisse
3436 2867 3555 2937 310»

239 2988 252 2997 -
303 2961 504 3018 rietur.

374 3053 454 3111 Δ’.
506 3056 797 3126 Δαμασκὺς
847 3056 1002 3120 πόλις
1050 3054 1191 3128 αὕτη
1244 3055 1429 3111 ἐστίν’
1491 3056 1570 3120 ὡς
1625 3056 1733 3128 γὰρ
1784 3056 1877 3109 ἰπὶ

306 3142 526 3199 Παύλου
587 3146 728 3217 μέγα
797 3149 1025 3217 φρονεῖ,
1079 3146 1272 3218 πρώτη
1331 3147 1425 3201 τὸν
1477 3147 1878 3221 ούρανοδρόμον

309 3236 497 3289 ἰδοῦσα
535 3235 904 3308 μεταθέμενον
938 3237 1038 3309 τὴν
1059 3237 1397 3304 δυσσέϐειαν,
1438 3239 1533 3307 καὶ
1559 3239 1682 3293 ἀντὶ
1720 3256 1879 3309 μισο-

308 3328 534 3398 χρίστου
566 3329 828 3398 γεγονότα
858 3327 1231 3400 φιλόχριστον,
1253 3327 1398 3383 οὕτω
1444 3330 1582 3384 κάπὶ
1609 3330 1686 3401 τῷ
1728 3330 1885 3401 ἀνδρὶ

310 3421 488 3489 τούτῳ
513 3421 787 3493 ἀγερωχεῖ
813 3421 1043 3493 κόσμιόν
1068 3438 1123 3475 τι
1157 3421 1254 3476 καὶ
1286 3421 1487 3493 σεμνὸν
1511 3458 1526 3486 ,
1554 3422 1655 3476 οὐκ
1683 3420 1744 3487 ἐξ
1768 3422 1888 3475 ἐτέ-

315 3510 491 3581 ρωθεν
508 3511 722 3581 ἥκοντι,
749 3511 858 3591 ούδ⁹
891 3511 951 3577 ἐξ
978 3510 1173 3582 ἐτέρας
1198 3509 1499 3582 θρησκείας
1532 3510 1890 3584 μεταθεμένῳ

313 3603 396 3667 είς
424 3602 525 3675 τὴν
550 3603 885 3675 όρθότομον,
923 3602 1039 3659 ἀλλ’
1086 3602 1164 3667 ὡς
1210 3601 1348 3673 αὐτὴ
1395 3600 1585 3659 τοῦτον
1630 3619 1890 3674 προενεγ-

316 3695 494 3749 κοῦσα
537 3695 768 3765 ῥιζόθεν,
802 3695 898 3751 καὶ
926 3692 1238 3766 μαιεύσασα
1273 3692 1437 3748 πλέον
1466 3691 1533 3747 τὰ
1559 3692 1699 3763 πρὸς
1729 3692 1889 3746 εὐσέ-

317 3785 507 3852 ϐειαν,
544 3788 578 3859 ἢ
608 3786 708 3860 τὴν
745 3785 1065 3859 σωματικὴν
1103 3784 1339 3857 ὕπαρξιν
1361 3823 1375 3850 ,
1425 3784 1522 3839 καὶ
1557 3786 1671 3848 τοῖς
1712 3783 1892 3852 λόγοις

318 3878 671 3950 ἐκθρέψαι-ιι.Ἱ
726 3877 869 3949 μέγα
894 3874 1167 3949 κομπάζει
1207 3876 1300 3931 ἐπὶ
1323 3875 1401 3948 τῷ
1432 3874 1617 3946 οἰκείῳ
1650 3875 1889 3947 βλαστᾷ).

322 3968 653 4039 Βρενθύεταί
680 3985 743 4025 τε
775 3969 881 4025 καὶ
918 3968 1125 4038 γέγηθε
1169 3967 1334 4023 πλέον
1373 3968 1462 4021 ἐπ’
1503 3965 1655 4037 αὐτῷ
1679 4008 1692 4030 ,
1734 3965 1767 4036 ἢ
1804 3967 1888 4035 ἐφ’

318 4055 403 4123 οἷς
459 4060 644 4123 ἄλλοις
685 4059 800 4130 εχει
845 4060 1121 4132 λαμπροῖς
1156 4059 1296 4131 πρὸς
1346 4058 1707 4130 περιφάνειαν
1732 4097 1747 4123 ,
1786 4059 1892 4113 κᾶν

321 4151 484 4223 ὡρῶν
540 4152 840 4223 εὐκρασίας
875 4153 1061 4225 ἐρεῖς,
1104 4152 1207 4209 κᾶν
1251 4152 1459 4210 ὑδάτων
1503 4152 1749 4223 γλυκέων
1800 4153 1893 4208 καὶ⁵

320 4243 537 4298 ὃιειόὦν
581 4243 906 4316 ἐπιρροίας,
951 4238 1036 4309 οἷς
1080 4244 1296 4311 πολλοῖς
1341 4244 1762 4310 κατακλύζεται.
1815 4245 1891 4299 Οὐ

324 4336 560 4404 καρπῶν
597 4335 835 4404 εὐγενῶν
861 4335 1109 4407 δαψίλεια
1135 4337 1235 4408 τὴν
1262 4336 1421 4391 πόλιν
1445 4335 1650 4407 ταύτην
1680 4336 1897 4407 ἐπαίρει

319 4429 419 4481 καὶ
446 4429 661 4499 ἀνυψοῖ,
702 4427 778 4492 ὡς
822 4428 883 4483 τὸ
929 4429 996 4483 ὲκ
1034 4428 1239 4501 ταύτης
1267 4427 1606 4499 ἅναθηλῆσαι
1637 4428 1699 4482 τὺ
1730 4426 1896 4483 καλὸν

320 4520 490 4576 τοῦτο
528 4520 749 4591 δένδρον
798 4520 896 4576 καὶ
936 4520 1188 4590 εὐγενὲς,
1236 4520 1299 4575 τὸ
1330 4520 1480 4591 παρὰ
1507 4520 1604 4583 τὰς
1631 4519 1897 4585 διεξόδους

400 4697 419 4728 ⁸
450 4697 621 4753 Amos
661 4713 744 4766 in,
770 4695 827 4752 8.
903 4697 924 4729 '
947 4691 992 4746 ll
1024 4691 1158 4764 Reg.
1193 4703 1343 4749 xviii,
1372 4689 1457 4743 li.

2052 3055 2144 3115 IV.
2177 3055 2494 3113 Damascus.
2524 3086 2593 3098 ——
2618 3055 2696 3112 Ea
2730 3056 2850 3127 ipsa
2894 3062 2977 3112 est
3008 3054 3307 3109 Damascus
3336 3053 3554 3110 civitas.

1982 3151 2118 3208 Nam
2174 3149 2289 3223 [Ill]
2366 3148 2825 3221 quemadmodum
2884 3148 3003 3219 ipsa
3049 3146 3217 3201 Paulo
3270 3146 3558 3217 magniﬁce

1986 3242 2239 3307 eliertur,
2279 3241 2428 3312 quod
2465 3254 2665 3310 nempe
2697 3240 2875 3310 prima
2924 3238 3232 3306 cmlipetam
3283 3235 3435 3289 illum
3475 3236 3558 3288 vi-

1986 3334 2150 3398 derit,
2184 3347 2309 3389 cum
2341 3330 2674 3402 impietatem
2705 3329 2798 3385 ille
2831 3328 3143 3398 abiecisset,
3175 3332 3229 3381 et
3260 3340 3325 3380 ex
3351 3325 3556 3380 Christi

1988 3423 2210 3480 inimico
2240 3423 2452 3495 amicus
2490 3420 2696 3477 Christi
2742 3419 2921 3475 factus
2967 3425 3145 3482 esset,
3195 3416 3276 3470 sic
3309 3415 3379 3470 ob
3415 3415 3560 3470 hunc

1988 3531 2208 3589 quoque
2233 3516 2415 3571 virum
2444 3514 2674 3570 honeste
2702 3520 2759 3568 ct
2784 3511 3025 3583 graviter
3055 3506 3410 3571 intumescit;
3449 3520 3556 3560 non

1987 3608 2150 3679 quasi
2201 3607 2250 3662 is
2298 3605 2522 3661 aliunde
2567 3606 2813 3668 venerit,
2863 3610 2959 3657 aut
2993 3617 3056 3657 ex
3089 3602 3260 3654 altera
3294 3599 3560 3668 religione

1990 3699 2245 3771 quapiam
2274 3698 2343 3754 ad
2386 3705 2594 3753 rectam
2628 3693 2931 3761 transierit,
2968 3693 3064 3749 sed
3106 3694 3365 3763 quoniam
3408 3691 3561 3744 illum

1990 3807 2057 3848 ex
2086 3791 2264 3863 prima
2303 3788 2492 3846 radice
2531 3789 2793 3860 protulit,
2831 3794 2886 3843 et
2924 3786 3127 3856 pietate
3167 3783 3365 3853 magis,
3397 3796 3560 3850 quam

1989 3881 2231 3937 editione
2280 3878 2534 3949 corporis
2583 3877 2769 3934 emisit
2828 3876 2886 3932 in
2936 3875 3148 3940 lucem,
3205 3872 3565 3941 docendoque

1990 3970 2243 4036 nutrivit,
2282 3971 2354 4026 ob
2394 3970 2499 4025 hoc
2528 3983 2751 4041 germen
2781 3982 2944 4024 suum
2976 3965 3269 4020 admodum
3299 3963 3566 4034 gloriatur

1990 4071 2045 4118 et
2068 4062 2253 4133 gestit,
2301 4069 2357 4116 et
2408 4060 2677 4131 majorem
2710 4075 2779 4114 ex
2822 4073 2887 4113 eo
2931 4057 3269 4126 voluptatem
3312 4054 3565 4123 percipit,

1994 4168 2163 4225 quam
2210 4168 2278 4209 ex
2323 4152 2448 4208 aliis
2504 4150 2847 4207 ornamentis
2899 4162 3020 4218 quae
3061 4145 3409 4217 splendorem
3461 4144 3562 4213 ipsi

1997 4244 2326 4311 conciliant,
2372 4243 2490 4300 sive
2530 4248 2956 4313 temperaturam
2992 4240 3122 4294 anni
3161 4237 3401 4301 dixeris,
3452 4234 3567 4290 sive

2005 4334 2362 4406 praedulcium
2395 4332 2904 4405 pellucidarumque
2924 4344 3186 4402 aquarum
3220 4327 3423 4382 ﬂuenta
3454 4324 3572 4394 pln-

2002 4428 2140 4482 rima
2176 4425 2380 4496 quibus
2418 4426 2702 4497 irrigatur.
2750 4422 2895 4490 Quin
2938 4437 3039 4479 nec
3077 4406 3408 4493 optimorum
3453 4416 3569 4476 fru-

2005 4527 2193 4574 ctuum
2224 4517 2379 4587 copia
2416 4515 2613 4573 buicce
2641 4515 2763 4571 urbi
2790 4520 3006 4570 tantum
3037 4511 3304 4568 claritatis
3358 4507 3566 4578 adjicit,

1628 4842 1863 4901 VARIE
1908 4844 2315 4906 LECTIONES.

400 4987 425 5015 ε
458 4973 601 5030 Εάἱι.
638 4974 699 5029 τδ
742 4975 1011 5045 δεύτερον.

1842 5128 2075 5186 ΝΟΤᾹΒ.

404 5227 495 5296 (9.)
531 5225 673 5281 Οὐδ’
710 5224 778 5278 ἐκ
802 5223 1115 5296 Βύᾰιντος,
1149 5241 1206 5279 κ.
1245 5241 1299 5281 τ.
1349 5242 1400 5280 ε.
1444 5225 1732 5296 Contraria
1766 5223 1899 5296 haec

330 5293 467 5351 sunt
491 5296 601 5350 illis
631 5311 752 5365 qua:
781 5295 951 5350 refert
991 5301 1186 5349 auctor
1221 5296 1495 5365 sermonis
1540 5293 1616 5349 De
1644 5293 1899 5365 ίρΙιὶιοεο-

331 5364 679 5435 sinis,quetu
718 5380 844 5419 mox
902 5364 1285 5433 subjicietnus,
1340 5364 1431 5435 ubi
1485 5368 1580 5432 ait,
1632 5364 1901 5435 Joannem

334 5434 590 5491 nostrum
640 5434 1554 5504 ConstantinOpolitanumrfuisse.
1624 5442 1680 5489 ct
1725 5434 1900 5503 patria

337 5508 581 5577 pulsum,
613 5504 939 5577 Damascum
972 5503 1291 5577 secessisse.
1326 5503 1770 5577 llune_Damasci
1804 5519 1904 5577 na-_

336 5572 458 5629 tum
500 5575 706 5630 evincit
754 5590 1055 5642 cognomen
1094 5574 1396 5629 Arabicum
1454 5573 1702 5637 Mansur,
1759 5572 1906 5641 quod

334 5647 466 5713 ejus
496 5645 940 5716 progenitoribus
972 5660 1035 5698 ac
1068 5646 1167 5716 toti
1199 5643 1413 5716 familiae
1448 5645 1753 5716 proprium
1781 5644 1905 5707 fuit,

337 5712 631 5769 παππικὸν
652 5716 846 5784 δνομα,
880 5715 1056 5785 inquit
1084 5712 1471 5785 Theophanes}
1501 5713 1586 5785 iEt
1648 5712 1904 5776 Syuaxa-

339 5786 490 5842 rium
522 5784 710 5842 Basilii
737 5780 793 5841 in
816 5780 1007 5841 codice
1039 5780 1332 5853 Sirletaito,
1360 5784 1423 5839 Β.
1482 5784 1743 5850 Joannes,
1793 5792 1913 5837 ante
2022 5780 2130 5835 chii

2006 5220 2065 5278 Μ
2070 5235 2234 5275 amur
2261 5214 2556 5286 appellatus
2579 5228 2601 5270 :
2620 5231 2722 5284 quo
2758 5215 3013 5271 vocabam
3037 5222 3087 5267 et
3131 5213 3310 5286 ipsius
3336 5221 3578 5286 parentes

2007 5282 2433 5362 appellabantur.
2470 5282 2974 5362 Daina'sci,_utpote
2994 5298 3135 5362 _t_1u_:e
3185 5282 3401 5362 Arabia:
3446 5297 3579 5335 con~

2008 5350 2241 5418 termina
2270 5366 2410 5421 erat,
2461 5365 2516 5410 et
2557 5350 2953 5416 Clialinharum
2994 5350 3574 5406 Molimnmedanorum

2010 5432 2192 5493 sedes,
2228 5429 2410 5496 lingua
2434 5424 2665 5496 Arabica
2698 5423 3041 5496 familiaris_a
3069 5421 3249 5491 prisca
3270 5429 3429 5496 aetate
3454 5423 3577 5496 fuit.

2009 5503 2089 5557 Ex
2116 5492 2943 5565 eadem'gente#Mansurorum
2993 5494 3215 5565 fuerunt
3255 5492 3582 5565 patriarchae

2012 5572 2144 5631 duo,
2177 5559 2402 5638 Sergius
2427 5576 2482 5621 et
2516 5563 2685 5638 Elias,
2722 5576 2959 5638 quorum
2985 5562 3210 5638 primus
3257 5559 3360 5638 sub
3403 5559 3582 5638 Theo-

2013 5641 2164 5718 philo
2186 5630 2534 5718 imperatore,
2572 5635 2710 5718 alter
2741 5630 2846 5687 Sub
2876 5632 3085 5718 Dasilio
3101 5630 3582 5718 Mil'CﬁtliilllhnHEC'

2020 5698 2431 5772 rosolymitana:
2486 5703 2742 5759 Ecclesia:
2776 5702 3135 5772 praefuerunt,
3167 5715 3224 5756 ut
3291 5703 3395 5756 [ert
3423 5698 3587 5769 Euty-

2225 5774 2515 5835 cxandrini
2544 5774 2940 5845 Chronologia.
