3974 6338
447 401 553 466 639

1505 395 1682 456 γιΤΑ
1718 395 1780 455 S.
1813 392 2130 456 IOANNIS
2158 396 2616 462 DAMASCENI.

3591 389 3696 454 440

448 504 793 562 Palaestinam
817 501 986 557 multa
1007 499 1346 572 possidebat,
1377 499 1494 557 hac
1529 503 1831 572 redemptis
1859 502 2018 558 Chri—

2131 507 2224 560 καὶ
2248 506 2348 580 τὴν
2389 507 2486 562 τοῦ
2517 507 2636 578 βίου
2664 502 2994 574 αὐτάρκειαν
3028 504 3176 570 τοῖς,
3207 503 3324 557 ὅσοι
3351 503 3458 558 τῶν
3493 504 3698 576 ἐξωνη-

447 597 644 653 stianis
673 595 767 663 qui
793 595 860 650 iis
901 595 1038 650 locis
1071 593 1255 650 sedem
1281 593 1388 650 sibi
1438 593 1789 665 delegissent,
1821 593 1890 648 ad
1931 607 2019 648 rc-

443 691 630 759 quiem
667 694 720 742 et
748 685 1023 743 suliiciens
1073 685 1198 742 vita:
1250 685 1564 742 subsidium
1622 686 2013 756 elargiebatur,

444 785 562 832 tum
601 777 726 832 aliis
760 779 865 833 sub
895 778 1036 832 coelo
1072 775 1266 841 libero,
1291 786 1345 832 et
1373 775 1510 847 pede
1532 776 1734 842 soluto,
1767 790 2019 846 quocun-

445 884 552 940 que
594 867 812 923 luberet
863 867 1143 938 proﬁcisci
1180 867 1555 937 permittebat.
1591 865 1666 921 Ea
1694 876 1814 922 erat
1850 865 2016 936 hujus

449 960 548 1015 viri
597 960 775 1015 virtus
822 969 877 1016 et
912 961 1247 1015 humanitas.
1283 959 1375 1015 Sic
1421 959 1564 1016 enim
1603 959 1773 1013 multa
1824 957 2016 1013 habuit

451 1057 708 1120 tanquam
739 1041 835 1120 qui
876 1051 1186 1121 possideret
1221 1050 1381 1116 nihil,
1436 1048 1532 1106 sed
1563 1064 1694 1105 suas
1724 1063 1859 1120 opes
1903 1047 2016 1104 Deo

443 1148 609 1197 noctu
637 1141 844 1214 diuque
874 1143 1218 1212 rependeret.

514 1229 627 1286 νιι.
657 1229 892 1288 Joannes
918 1234 1155 1287 nascitur
1169 1244 1216 1288 et
1247 1231 1570 1303 baptizatur.
1597 1233 1730 1304 Ejus
1748 1233 2014 1288 educatio.

441 1323 634 1379 —Hic
657 1323 785 1380 talis
809 1340 932 1380 cum
961 1333 1134 1391 esset,
1171 1341 1280 1381 non
1311 1325 1728 1396 hospitalitatis,
1756 1334 1815 1380 ut
1847 1325 2020 1381 Abra-

446 1415 595 1482 ham,
629 1416 724 1471 sed
749 1415 1114 1474 humanitatis
1147 1418 1453 1474 mercedem
1476 1419 1708 1490 accepit,
1741 1417 2019 1473 admiran-

441 1509 565 1564 dam
600 1507 790 1579 utique
810 1509 1043 1580 prolem,
1078 1510 1240 1565 sinon
1263 1527 1324 1565 ex
1347 1510 1737 1581 promissione,
1765 1517 1917 1579 certe
1948 1524 2016 1564 ex

442 1599 874 1670 praecognitione
907 1609 961 1654 et
1012 1599 1379 1670 praelinitione
1424 1599 1632 1655 divina.
1663 1600 2020 1654 Pranoverat

441 1691 709 1762 siquidem
774 1691 920 1748 Deus
975 1692 1159 1764 qualis
1220 1701 1369 1748 esset
1426 1689 1669 1747 Joannes
1722 1706 2016 1756 evasurus,

440 1799 677 1854 eumque
708 1799 776 1840 ex
806 1790 965 1840 tanto
992 1784 1114 1840 viro
1150 1782 1552 1854 procreandum
1573 1781 1666 1857 [ν]
1684 1784 2015 1854 przestituit;

440 1887 551 1942 quo
572 1887 766 1944 nempe
795 1887 894 1942 pro
921 1871 1283 1937 humanitate,
1319 1887 1484 1942 quam
1515 1873 1569 1927 in
1603 1887 1702 1928 eos
1735 1873 1827 1943 qui
1850 1872 2020 1927 liber-

442 1970 608 2018 tatem
655 1978 781 2019 cum
831 1964 968 2019 dura
1025 1965 1344 2035 captivitate
1389 1974 1830 2028 commutarant,
1874 1965 2020 2020 istud

441 2055 652 2125 praemii
685 2054 936 2112 referret.
975 2055 1236 2113 Nascitur
1267 2057 1456 2128 itaque
1498 2058 1548 2113 ei
1587 2073 1726 2128 puer
1757 2059 1844 2113 hic
1869 2074 2021 2130 egre-

441 2144 586 2215 gius,
613 2160 849 2217 eumque
881 2161 1008 2202 cum
1044 2154 1235 2204 tenero
1271 2149 1450 2204 adhuc
1477 2149 1806 2222 corpusculo
1851 2158 2020 2216 esset,

444 2250 540 2306 per
567 2235 879 2308 spiritualis
925 2240 1121 2296 matris
1167 2241 1642 2311 regenerationem
1675 2241 1815 2297 lucis
1847 2241 2020 2296 lilium

445 2324 611 2384 facit:
668 2341 781 2384 rem
819 2338 1120 2385 exsecutus
1169 2337 1302 2384 tunc
1343 2345 1476 2387 sane
1527 2317 1635 2386 non
1686 2330 1933 2397 facilem,
1967 2339 2022 2386 et

443 2434 605 2488 quam
639 2421 798 2476 multi
845 2421 994 2476 inter
1031 2421 1243 2478 medias
1297 2423 1420 2479 illas
1464 2435 1655 2495 gentes
1708 2425 1797 2481 vix
1830 2423 2020 2480 ausuri

445 2510 702 2568 fuissent.
735 2510 1007 2585 Deinceps
1035 2514 1089 2568 in
1121 2529 1240 2571 eam
1281 2514 1348 2570 de
1393 2531 1566 2586 puero
1626 2527 1778 2587 pater
1829 2532 2018 2570 utram

445 2601 714 2669 incubuit,
770 2617 878 2659 non
916 2613 975 2659 ut
1024 2605 1234 2675 agitare
1273 2619 1448 2676 equos
1489 2609 1861 2674 condisceret,
1911 2623 2018 2663 non

443 2690 668 2748 dextere
707 2691 924 2749 hastam
954 2693 1209 2758 vibrare,
1246 2709 1358 2750 non
1390 2711 1521 2751 arcu
1570 2698 1825 2768 sagittam
1861 2699 2018 2753 colli-

387 2826 389 2828 .
444 2783 658 2840 neando
689 2785 928 2853 mittere,
963 2802 1074 2841 non
1099 2801 1346 2858 pugnare
1374 2803 1498 2842 cum
1527 2787 1680 2855 feris,
1704 2797 1759 2843 et
1793 2797 2019 2844 natura-

445 2874 548 2930 lem
611 2875 1092 2932 mansuetudinem
1155 2877 1211 2932 in
1271 2877 1571 2933 belluinam
1634 2881 2018 2936 crudelitatem

443 2957 761 3029 immutare,
791 2981 892 3022 ceu
931 2967 1118 3022 multis
1145 2967 1436 3040 contingit,
1467 2969 1562 3038 qui
1598 2969 1915 3040 frequenter
1937 2971 2019 3027 ira

443 3057 858 3125 perturbantur,
883 3066 937 3113 et
977 3057 1247 3113 furiosum
1287 3058 1578 3129 quemdam
1613 3060 2018 3132 immanemque

2123 600 2301 672 μένων
2347 595 2756 672 Χριστιανῶνὶ,
2805 597 2904 668 τὴν
2959 597 3018 650 ἐν
3069 595 3301 659 ἐκείνοις
3345 597 3459 658 τοῖς
3510 595 3696 659 τόποις

2119 689 2428 762 προῄρηντο
2485 688 2832 760 κατοίκησιν,
2876 687 3006 750 τοὺς
3053 685 3100 740 δ’
3129 684 3326 750 ἄλλους
3352 727 3370 754 ,
3427 685 3695 758 ἐλευθέρῳ

2119 783 2261 852 φωτὶ
2282 783 2378 836 καὶ
2405 781 2547 848 ποδὶ,
2567 781 2677 850 ὅπη
2703 778 3000 850 βούλοιντο,
3020 777 3318 848 συνεχώρει
3341 778 3690 849 πορεύεσθαι.

2119 870 2356 944 Τοιαύτη
2401 871 2497 925 τοῦ
2548 869 2746 940 ἀνδρὸς
2799 871 2832 940 ἡ
2877 868 3262 939 φιλάνθρωπος
3293 869 3485 938 ἀρετή.
3517 868 3693 921 Πολλά

2116 963 2228 1034 γὰρ
2268 962 2448 1033 ἔχων,
2489 961 2566 1025 ὡς
2599 960 2768 1032 μηδὲν
2810 959 2950 1030 ἔχων
2993 958 3293 1029 ἐτύγχανε,
3336 958 3552 1030 νύκτωρ
3598 960 3694 1014 καὶ

2121 1054 2242 1128 μεθ’
2273 1055 2489 1127 ἡμέραν
2521 1053 2592 1108 τὰ
2622 1053 2896 1124 προσόντα
2928 1050 3048 1123 Θεῷ
3077 1048 3487 1122 άποκτώμενος.

2189 1235 2264 1288 Z'.
2301 1231 2489 1295 Οὕτως
2519 1229 2679 1303 ἔχων,
2707 1229 2770 1283 οὐ
2801 1225 3130 1299 φιλοξενίας,
3158 1225 3234 1290 ὡς
3259 1223 3533 1297 Ἀϐραάμ,
3556 1223 3715 1278 dilui

2119 1327 2534 1402 φιλανθρωπίας
2565 1324 2834 1398 λαμϐάνει
2880 1322 3071 1396 μισθδν
3095 1365 3110 1390 ,
3159 1321 3323 1375 τόκον
3357 1319 3692 1391 θαυμαστὸν,

2117 1424 2168 1476 εί
2202 1421 2298 1477 καὶ
2326 1421 2401 1492 μὴ
2445 1419 2506 1484 ἐξ
2537 1416 2873 1487 ἐπαγγελίας
2896 1457 2912 1482 ,
2950 1414 3089 1470 ἀλλὰ
3137 1411 3287 1477 θείας
3331 1409 3695 1482 προγνώσεως

2117 1516 2216 1570 καὶ
2252 1511 2611 1587 προορίσεως.
2647 1508 2906 1581 Προέγνω
2935 1505 3043 1578 γὰρ
3076 1506 3106 1560 δ
3147 1503 3280 1568 Θεδς
3307 1503 3398 1557 τὸν
3437 1502 3696 1572 Ἰωάννην

2117 1609 2299 1672 ὁποῖος
2344 1605 2526 1672 ἔσται,
2581 1602 2679 1657 καὶ
2710 1598 2990 1673 προώρισε
3037 1595 3226 1651 τοῦτον
3258 1598 3323 1650 ἐκ
3353 1594 3504 1649 τοῦδε
3537 1595 3697 1666 γενή-

2121 1700 2312 1756 σεσθαι
2333 1697 2427 1752 τοῦ
2467 1695 2681 1767 ἀνδρὸς,
2726 1694 2807 1760 είς
2863 1690 3056 1780 μισθὸν
3084 1689 3253 1761 αύτῷ,
3285 1684 3354 1761 ἦς
3385 1687 3696 1760 φιλανθρω-

2119 1791 2251 1854 πίας
2275 1791 2446 1844 ποιεῖν
2479 1785 2767 1852 ἐνείθιστο,
2798 1785 2880 1848 εἰς
2910 1779 3041 1849 τοὺς
3066 1784 3165 1854 τῆς
3199 1780 3518 1852 ἐλευθερίας
3547 1779 3698 1834 am.

2123 1880 2581 1954 κληρωσαμένους
2632 1871 3012 1950 αἰχμαλωσίαν
3059 1875 3263 1946 δεινήν.
3296 1874 3557 1928 Τίκτεται
3602 1868 3696 1927 οὖν

2123 1972 2270 2044 αὐτῷ
2309 1973 2438 2035 παῖς
2470 1961 2626 2033 οὗτος
2645 1968 2722 2039 (4)
2767 1968 2797 2022 δ
2827 1965 3102 2038 λαμπρὸς,
3131 1965 3227 2021 καὶ
3256 1962 3452 2033 ἁπαλῷ
3483 1963 3562 2033 τῷ
3587 1961 3696 2016 σὼο

2125 2084 2260 2138 ματι
2283 2064 2383 2130 ἔτι,
2423 2066 2490 2136 τῇ
2520 2061 2607 2118 διὰ
2639 2061 2740 2132 τῆς
2764 2057 3140 2130 πνευματικῆς
3166 2055 3372 2129 μητρὸς
3399 2055 3698 2125 ἀναγεννή-

2123 2175 2228 2223 σει,
2268 2156 2456 2210 τέκνον
2502 2153 2679 2225 φωτὸς
2729 2153 2757 2206 δ
2786 2149 2968 2223 πατὴρ
3005 2148 3098 2202 τδν
3131 2147 3247 2200 υίδν
3298 2145 3695 2218 ἀπεργάζεται,

2123 2247 2358 2319 πρᾶγμα
2387 2243 2582 2310 ποιῶν,
2609 2242 2668 2296 ού
2690 2242 2814 2296 τότε
2847 2241 3000 2313 ῥᾷον,
3030 2237 3141 2293 οὐδ’
3163 2239 3221 2292 ἐν
3251 2234 3438 2309 μέσοις
3464 2233 3697 2296 ἐκείνοις

2120 2339 2235 2401 τοῖς
2286 2336 2498 2390 ἔθνεσιν
2550 2330 3029 2402 εὐκατατόλμητον
3080 2331 3197 2392 τοῖς
3263 2326 3500 2389 πολλοῖς.
3561 2320 3696 2377 Εἶτα

2123 2428 2346 2500 φροντὶς
2389 2426 2470 2496 τῷ
2500 2423 2670 2496 πατρὶ
2702 2421 2799 2477 τοῦ
2831 2420 3021 2484 παιδος
3043 2463 3058 2486 ,
3089 2419 3150 2473 ού
3195 2416 3502 2488 κελητίζειν
3532 2415 3696 2471 αὐτὸν

2125 2521 2345 2595 μαθεῖν,
2369 2519 2491 2573 ούδέ
2507 2518 2634 2589 δόρυ
2663 2517 2836 2570 κινεῖν
2856 2512 3066 2579 δεξιῶς,
3087 2511 3186 2564 οὐκ
3213 2509 3278 2563 ἐκ
3303 2507 3456 2576 τόξου
3481 2507 3697 2578 βάλλειν

2120 2613 2302 2668 όῖστδν
2343 2608 2744 2680 εύστοχώτατα,
2795 2607 2830 2678 ἢ
2873 2603 3082 2676 θηρίοις
3115 2601 3404 2673 μάχεσθαι,
3440 2597 3536 2651 καὶ
3571 2615 3698 2650 συν-

2120 2705 2372 2778 αμείϐειν
2408 2702 2507 2775 τὴν
2531 2697 2768 2772 φυσικὴν
2797 2695 3117 2768 ἡμερότητα
3154 2693 3236 2756 είς
3261 2687 3502 2761 θηριώδη
3547 2687 3696 2758 ὠμός

2119 2815 2290 2870 τητα,
2325 2792 2413 2850 οἷα
2441 2795 2653 2865 γίνεται
2681 2793 2798 2854 τοῖς
2834 2787 3050 2853 πολλοῖς
3086 2785 3178 2839 τὸν
3227 2783 3398 2852 θυμὸν
3426 2797 3698 2853 ταρασσο-

2123 2890 2306 2963 μένοις
2337 2884 2585 2959 ωχνῶς,
2619 2883 2714 2936 καὶ
2759 2879 3027 2952 μανιῶδες
3065 2875 3288 2948 ᾄττουσι
3313 2917 3329 2942 ,
3370 2873 3466 2928 καὶ
3515 2871 3696 2958 παρά.-

2120 2981 2364 3052 πληκτον
2390 2994 2406 3009 ο
2461 2976 2548 3048 ἐφ’
2589 2969 2672 3040 οἷς
2737 2974 2839 3026 οὐκ
2882 2971 3129 3042 ἐζητεῖτο
3188 2965 3266 3039 τῷ
3306 2965 3401 3020 τοῦ
3449 2963 3696 3019 Ἰωάννου

2120 3073 2294 3145 πατρὶ
2329 3065 2750 3142 Χείρων’άλλος
2781 3082 2866 3130 τις
2903 3063 3276 3136 ὀρεσίτροφος,
3319 3057 3535 3129 μυελοῖς
3568 3054 3696 3108 ἐλά-

443 3145 498 3199 in
530 3145 748 3200 modum
777 3147 1042 3202 exsiliunt
1079 3166 1094 3203 :
1127 3147 1195 3202 ad
1230 3147 1329 3202 has
1359 3157 1506 3202 artes
1536 3159 1645 3203 non
1675 3154 2018 3220 quaerebatur

2124 3183 2238 3237 ιρων
2268 3162 2559 3236 ἐκτρέφειν
2587 3159 2677 3213 τὸν
2721 3155 3125 3226 διδασκόμενον,
3151 3151 3265 3207 ἀλλ’
3297 3149 3436 3222 ἀνὴρ
3466 3149 3698 3218 άνηρευ-

441 3251 471 3290 a
499 3245 652 3308 patre
681 3235 908 3295 Joannis
921 3237 1126 3294 Chiron
1151 3239 1310 3306 alter,
1337 3239 1393 3294 in
1418 3239 1695 3297 montibus
1721 3243 2017 3312 enutritus,

441 3329 536 3398 qui
564 3343 855 3385 cervorum
898 3330 1154 3387 medullis
1177 3331 1507 3401 discipulum
1549 3332 1719 3389 aleret
1749 3352 1763 3389 :
1806 3335 1904 3392 sed
1935 3337 2021 3392 vir

442 3421 885 3493 investigabatur
923 3423 1073 3478 nulla
1109 3437 1220 3478 non
1257 3424 1575 3481 eruditione
1615 3427 1892 3493 excultus,
1923 3429 2018 3500 qui

441 3512 591 3567 omni
621 3527 820 3586 genere
849 3513 1116 3569 doctrinm
1142 3522 1196 3570 et
1227 3515 1473 3571 scientia:
1516 3516 1729 3586 peritus
1766 3526 1934 3586 esset,
1963 3527 2019 3576 et

441 3620 506 3660 ex
539 3606 706 3660 animi
733 3607 901 3664 corde
928 3606 1157 3662 verbum
1193 3607 1395 3664 bonum
1437 3615 1740 3678 eructat-et,
1768 3621 1827 3667 ut
1854 3626 2018 3668 suum

445 3713 663 3771 quoque
690 3699 860 3754 filium
907 3701 1115 3756 talibus
1163 3700 1304 3757 cibis
1333 3710 1387 3756 et
1419 3701 1786 3759 condimentis
1823 3705 2016 3763 aleret.

445 3791 558 3848 l'loe
577 3807 740 3862 porro
766 3801 875 3847 tam
902 3801 1156 3848 sanctum
1181 3792 1515 3849 desiderium
1541 3793 1684 3851 Deus
1714 3796 1819 3867 ipsi
1836 3796 2022 3868 exple-

446 3884 544 3952 vit,
576 3893 630 3940 et
677 3899 707 3938 a
749 3893 1030 3955 quaerente
1080 3896 1332 3956 repertus
1370 3895 1455 3942 est
1504 3888 1599 3958 qui
1647 3889 2018 3960 quaerebatur.

447 3975 637 4031 Modus
662 3990 792 4032 vero
822 3991 932 4046 quo
983 3977 1031 4032 is
1081 3977 1431 4049 quzerebatur
1462 3979 1720 4037 inventus
1747 3990 1856 4049 est,
1891 3982 2018 4037 talis

444 4065 570 4122 fuit.

519 4157 656 4215 γιιι.
696 4158 916 4217 Cosmus
938 4163 1114 4217 senior
1138 4159 1374 4230 captivus
1388 4161 1711 4218 Damascum
1735 4163 2018 4222 adductus.

445 4250 706 4306 Sacerdos
753 4259 803 4304 et
835 4250 1127 4306 monachus
1167 4259 1304 4305 erat.
1333 4280 1408 4291 —
1431 4251 1660 4309 Barbari
1692 4251 2018 4310 Damasceni

444 4341 611 4410 facta,
649 4350 708 4396 ut
739 4341 1077 4406 assolebant,
1119 4343 1449 4399 excursione
1475 4343 1546 4398 ad
1603 4344 1773 4400 maris
1803 4345 2018 4415 littora,

445 4435 671 4488 multam
694 4431 1132 4489 Christianorum
1169 4433 1451 4490 hominum
1477 4436 1715 4507 praedam
1755 4438 2018 4508 tulerant,

2121 3258 2253 3311 νᾶτο
2294 3255 2478 3308 πᾶσαν
2529 3248 2775 3304 παιδείαν
2827 3245 3242 3317 ἐξησκημένος,
3297 3243 3356 3296 ἐν
3413 3241 3696 3310 ἐπιστήμῃ

2119 3350 2406 3422 τυγχάνων
2453 3347 2614 3415 λόγου
2663 3339 2918 3398 παντοίου
2945 3383 2961 3410 ,
2989 3339 3086 3395 καὶ
3111 3339 3304 3407 λόγους
3333 3336 3571 3407 ἀγαθοὺς
3595 3338 3696 3406 τῆς

2117 3443 2353 3515 ψυχικῆς
2387 3439 2620 3511 καρδίας
2659 3433 3105 3508 ἐξερευγόμενος,
3149 3431 3238 3485 ἵνα
3275 3431 3369 3484 καὶ
3403 3429 3496 3483 τὸν
3527 3428 3695 3482 αὑτοῦ

2119 3534 2285 3590 παῖδα
2317 3531 2587 3594 τοιούτοις
2620 3526 2864 3600 ἐκθρέψῃ
2913 3526 3026 3590 τοῖς
3075 3523 3360 3594 ἐδωδίμοις
3387 3523 3484 3577 καὶ
3516 3539 3693 3592 καρυ-

2119 3626 2396 3702 κεύμασιο
2451 3623 2545 3679 καὶ
2596 3619 2697 3692 τὴν
2748 3617 2902 3692 ἱερὰν
2951 3614 3248 3688 ἐπιθυμίαν
3297 3616 3327 3668 ό
3374 3614 3507 3679 Θεὸς
3560 3615 3698 3666 ἁπο-

2120 3721 2323 3793 πληροῖ
2352 3718 2431 3788 τῷ
2472 3715 2629 3787 ἀνδρὶ
2653 3755 2668 3780 ,
2700 3713 2794 3768 καὶ
2825 3709 2904 3782 τῷ
2932 3707 3183 3781 ζητοῦντι
3211 3706 3436 3779 εὓρηται
3458 3706 3486 3758 ό
3508 3703 3701 3775 ζητού-

2123 3828 2306 3884 μενος.
2349 3809 2408 3863 '0
2444 3806 2502 3862 δὲ
2533 3805 2736 3878 τρόπος
2780 3801 2884 3874 τῆς
2913 3798 3007 3854 τοῦ
3052 3797 3386 3872 ζητουμένου
3417 3796 3697 3869 εύρήσεως

2120 3901 2316 3959 τοιοσδί
2339 3901 2387 3955 ιι.

2192 4165 2275 4218 H’.
2306 4163 2370 4219 0i
2409 4163 2474 4216 ἐκ
2514 4154 2806 4230 Δαμασκοῦ
2855 4152 3124 4228 βάρϐαροι
3157 4151 3258 4222 (5),
3298 4149 3398 4222 τὴν
3425 4139 3568 4204 κατὰ
3595 4147 3695 4202 θά-

2121 4255 2328 4309 λασσαν
2355 4251 2671 4322 ποιούμενοι
2707 4247 2895 4317 ἔφοδον
2928 4245 3005 4309 ὡς
3050 4244 3238 4308 αὐτοῖς
3283 4241 3518 4306 εἴθιστο,
3557 4241 3693 4293 πολ-

2121 4348 2249 4412 λοὺς
2291 4345 2413 4400 τότε
2451 4340 2812 4414 Χριστιανοὺς
2855 4339 3176 4411 ἐληΐσαντο,
3209 4335 3308 4391 καὶ
3351 4332 3697 4396 καταϐάντες

2124 4441 2207 4504 είς
2239 4438 2522 4492 θάλασσαν
2547 4437 2606 4490 ἐν
2638 4431 2848 4497 πλοίοις
2868 4471 2884 4497 ,
2937 4428 3369 4502 ῂχμαλώτευσαν
3412 4425 3695 4497 αίχμαλω-

443 4522 953 4592 descendentesqne
984 4537 1132 4579 mare
1165 4523 1222 4578 in
1263 4524 1520 4592 navibus,
1561 4527 1810 4595 captivos
1848 4529 2018 4600 pluri-

2127 4534 2248 4588 σίαν
2279 4528 2505 4601 πολλὴν,
2551 4526 2649 4581 καὶ
2684 4528 2768 4592 είς
2798 4526 2898 4598 τὴν
2931 4524 3087 4578 πόλιν
3115 4521 3298 4576 αὐτῶν
3335 4518 3694 4589 ἀγαγόμενοι,

445 4630 564 4670 mos
596 4614 964 4682 adduxerunt,
1023 4615 1400 4686 adductosque
1437 4615 1495 4672 in
1547 4617 1758 4686 urbem,
1817 4621 2017 4691 partim

445 4705 664 4762 venales
715 4705 1059 4777 emptoribus
1115 4707 1524 4777 proponebant,
1579 4710 1776 4778 partim
1836 4713 2020 4784 gladio

444 4799 802 4855 trucidandos
836 4799 1222 4855 reservabant.
1273 4797 1482 4855 Horum
1534 4802 1702 4859 sortis
1743 4806 2019 4877 particeps

2124 4625 2220 4690 οὓς
2245 4624 2343 4696 μέν
2372 4624 2490 4686 τοῖς
2510 4619 2842 4691 ὠνουμένοις
2867 4615 3179 4688 προέθεντο,
3209 4612 3305 4677 οὓς
3330 4611 3389 4666 δὲ
3419 4608 3697 4682 μαχαίρας

2121 4711 2305 4770 εἷλκον
2348 4709 2679 4784 ποιήσασθαι
2710 4709 2993 4778 ἀνάλωμα.
3029 4703 3260 4768 Τούτοις
3301 4700 3396 4757 καί
3427 4715 3514 4763 τις
3566 4714 3696 4751 συν-

2122 4801 2491 4875 απεκληρώθη
2542 4799 2684 4870 ἀνὴρ
2731 4799 2920 4870 σχῆμα
2967 4792 3344 4871 ἠμφιεσμένος
3369 4787 3698 4863 -μοναδικὸν,

1782 4934 2014 4994 VAle
2054 4935 2348 4996 LECTION
2357 4930 2460 4989 ES.

519 5062 694 5134 lReg.
719 5063 838 5119 τῶν
857 5066 1060 5133 ἔξωθεν
1085 5068 1277 5138 ὅντων,
1304 5071 1397 5142 qui
1421 5086 1488 5127 ατ
1507 5073 1812 5145 regionibus
1847 5075 1980 5144 aliis,
2001 5083 2371 5132 adventarent.
2449 5070 2474 5112 Ιι
2493 5070 2560 5155 ιι.
2591 5067 2912 5134 τοιουτοςδί.

1943 5228 2176 5286 ΝΟΤΛΕ.

512 5335 591 5404 (4)
633 5336 897 5391 Τίκτεται
923 5332 1042 5392 οὖν
1065 5335 1234 5402 αὐτῷ
1255 5339 1290 5393 ό
1312 5337 1456 5404 παῖς
1483 5333 1684 5405 οὗτος.
1715 5339 1838 5405 Quo
1865 5355 2013 5396 anno

438 5402 681 5476 Joannes
736 5405 1108 5464 Damascenus
1153 5415 1319 5465 natus
1362 5402 1456 5471 sit,
1496 5402 1674 5476 quove
1727 5402 1872 5464 anno
1913 5411 2012 5465 ob-

443 5474 590 5535 ierit.
631 5477 933 5550 obscurum
990 5493 1224 5550 prorsus
1261 5488 1370 5542 est,
1397 5474 1545 5549 quod
1575 5479 1666 5550 vel
1693 5481 2010 5550 conjectura

444 5545 662 5614 assequi
692 5549 874 5602 nullus
901 5545 1094 5617 possit.
1119 5549 1340 5604 Certum
1371 5545 1555 5602 tamen
1580 5545 2010 5604 videtur'natum

443 5629 568 5686 eum
608 5630 730 5669 esse
759 5619 1121 5686 auteiexitum
1147 5619 1335 5672 saeculi
1358 5619 1600 5686 septimi.
1629 5617 1763 5672 Nam
1800 5621 1846 5676 si
1877 5618 2010 5674 Vitae

444 5683 566 5752 ejus
600 5687 811 5757 auctori
841 5685 976 5742 ﬁdes
1015 5687 1322 5757 adhibenda
1345 5683 1452 5749 est,
1485 5697 1612 5742 ante
1643 5703 1846 5744 annum
1880 5689 2006 5752 750,

441 5766 508 5807 ea
538 5760 701 5829 aetate
747 5763 904 5829 erat,
957 5764 1017 5808 ut
1056 5756 1707 5829 publica_Saracenorum
1740 5759 2009 5829 principis

445 5822 664 5894 negotia
701 5822 1140 5892 administraret,
1183 5836 1239 5882 et
1267 5827 1335 5882 de
1367 5826 1474 5882 ﬁde
1507 5822 1780 5884 adversus
1797 5822 2012 5884 haereti-

2119 5357 2216 5397 eos
2251 5339 2540 5397 scriberet.
2590 5333 2873 5408 Quinimo,
2911 5330 3078 5401 paulo
3127 5337 3258 5408 post
3287 5327 3342 5382 in
3371 5323 3696 5408 adnotatio-

2119 5413 2287 5465 nibus
2320 5410 2442 5464 istis
2470 5407 2778 5468 ostendam,
2811 5419 2937 5458 eunt
2982 5403 3298 5455 monasticae
3333 5403 3463 5450 vitae
3497 5408 3695 5448 nomen

2119 5480 2380 5542 dedisse,
2455 5485 2620 5545 atque
2694 5475 2751 5528 in
2814 5472 3046 5545 elerum
3127 5468 3696 5545 Hierosolymitanuni

2118 5533 2466 5604 accensit'nm
2514 5533 2706 5608 fuisse,
2744 5542 2848 5599 sub
2870 5540 3065 5612 primis
3095 5533 3442 5610 temporibus
3491 5533 3695 5588 Leonis

2117 5619 2294 5676 Isauri
2328 5617 2701 5686 imperatoris.

2187 5687 2265 5758 (5)
2301 5690 2366 5741 Ol
2407 5672 2483 5758 ’ἐκ
2533 5684 2639 5740 τοῦ
2688 5680 3013 5758 Δαμασκοῦ
3050 5673 3518 5758 ﬁdp6apot.nlloc
3550 5672 3700 5758 forte

2116 5742 2350 5828 contigit
2392 5757 2540 5811 circa
2576 5772 2665 5809 an.
2706 5742 2833 5817 69.9,
2883 5767 2996 5828 quo
3040 5742 3268 5828 {Ara-bes,
3301 5746 3506 5828 Africa
3560 5742 3697 5799 sub-

2119 5821 2759 5896 acta,'blediterraueum
2794 5821 2947 5880 mare
2979 5821 3338 5878 infestarunt.
