3974 6338
218 332 325 398 441

1293 339 1470 401 VITA
1510 342 1572 401 S.
1618 340 1938 403 JOANNIS
1970 344 2423 409 DAMASCENI.

3390 346 3498 411 442

222 450 284 517 ἐξ
333 449 572 513 Ἰταλίας
610 448 937 521 ὁρμώμενος
954 448 1068 520 (6),
1104 450 1332 523 κόσμιος
1372 453 1472 526 τὴν
1519 454 1681 525 ὄψιν,
1728 473 1816 510 χοε

1921 466 1976 515 et
2002 458 2191 516 socius
2214 460 2320 515 fuit
2348 461 2431 515 vir
2452 461 2704 517 monachi
2728 470 2931 520 vestem
2956 465 3207 527 indutus,
3225 464 3498 527 oriundus

224 539 533 612 σμιώτερος
561 538 663 609 τὴν
688 539 869 610 ψυχὴν
890 582 906 606 ,
952 539 1048 593 καὶ
1093 540 1193 613 τὴν
1223 542 1416 613 κλῆσιν
1457 546 1687 615 Κοσμᾶς
1709 545 1807 616 (7).

223 632 335 687 Καί
383 649 478 695 τις.
523 630 791 703 σεμνότης
842 631 1009 685 αὐτοῦ
1064 632 1143 702 τῷ
1197 634 1477 706 προσώπῳ
1529 636 1812 708 ἐπέπρεπε

224 718 660 792 καταμηνύουσα
689 722 790 790 τὴν
827 721 980 784 ὲντὸς
1010 721 1371 780 κατάστασιν.
1404 724 1611 779 Τούτου
1641 744 1813 798 προσ-

228 817 460 869 ἔπιπτον
502 817 616 878 τοῖς
648 816 806 868 ποσὶν
843 816 902 868 οι
928 814 1208 887 ἑλκόμενοι
1257 817 1396 889 πρὸς
1422 818 1673 891 σφαγὴν,
1702 820 1813 873 ἑλι-

228 909 446 978 πάρουν
478 906 639 960 ἵλεων
666 907 852 970 αὐτοῖς
879 907 972 962 τὸν
1000 907 1133 962 Θεὸν
1160 909 1519 980 ποιήσασθαι,
1546 914 1642 965 καὶ
1668 911 1811 982 ὑπὲρ

226 992 301 1053 ὧν
340 998 777 1070 ἡμαρτήκασιν,
830 997 1026 1067 ἄφεσιν
1076 999 1258 1070 εὑρεῖν
1312 1000 1391 1071 τῷ
1443 999 1813 1073 φιλανθρώπῳ

226 1087 584 1159 ἐπεύχεσθαι.
622 1089 684 1140 Οἱ
708 1081 802 1141 οὖν
835 1086 1105 1160 βάρϐαροι
1133 1089 1231 1161 τὴν
1273 1089 1383 1143 τῶν
1403 1090 1812 1161 τεθνηξομένων

227 1181 458 1236 ἐκείνων
512 1179 793 1233 δυσωπίαν
825 1179 1100 1251 ὁρῶντες,
1130 1178 1199 1252 ἢν
1234 1180 1514 1235 ἐποιοῦντο
1548 1181 1686 1252 πρὸς
1720 1181 1813 1237 τὸν

231 1274 514 1345 σεμνοήθη
558 1274 786 1340 ἐκεῖνον,
825 1274 1146 1345 προσιόντες
1194 1273 1557 1329 ἐπυνθάνοντο
1593 1274 1689 1328 τού
1719 1275 1815 1328 ἀν-

226 1368 377 1439 δρὸς,
406 1367 494 1429 τίς
529 1383 589 1420 τε
625 1366 709 1437 εἴη
740 1366 839 1436 τὴν
880 1366 937 1419 ὲν
971 1365 1051 1437 τῷ
1095 1365 1286 1438 κόσμῳ
1327 1365 1504 1433 ἀξίαν,
1534 1367 1630 1419 καὶ
1661 1368 1814 1431 ποῖος

227 1459 330 1530 τὴν
369 1458 732 1529 περιφάνειαν
772 1458 830 1511 ὲν
860 1457 1229 1525 Χριστιανοῖς.
1276 1459 1337 1511 '0
1365 1457 1422 1511 δὲ
1454 1457 1810 1529 ἀπεκρίνατο,

230 1551 426 1606 εἰπών·
452 1549 679 1610 Οὐδενὸς
704 1548 1019 1620 ἀξιώματος
1040 1548 1201 1603 ἄλλου
1224 1548 1333 1603 τῶν
1362 1550 1506 1604 κατὰ
1537 1551 1741 1620 κόσμον
1766 1549 1810 1618 ι,

233 1643 517 1713 ἱερατικὸν
594 1642 652 1695 δὲ
737 1644 947 1713 χρῖσμα
1036 1642 1428 1714 περικείμενον
1505 1642 1809 1714 κέκτημαι.

234 1740 492 1808 Ἀχρειος
529 1734 586 1789 δέ
613 1735 698 1798 τίς
736 1737 890 1805 ειμι,
946 1736 1315 1806 μονότροπος,
1351 1736 1447 1789 καὶ
1491 1736 1811 1806 φιλοσοφίαν

1913 566 1978 605 ex
2016 550 2194 616 Italia,
2251 562 2522 611 venustus
2569 554 2747 622 facie,
2798 558 2894 611 sed
2933 557 3239 613 venustiori
3287 557 3497 621 animo,

1912 641 2145 699 Cosmas
2171 651 2226 699 et
2253 645 2369 714 ipse
2401 646 2646 711 nomine,
2680 646 2733 701 in
2757 646 2921 717 cujus
2951 662 3045 702 ore
3065 651 3311 719 gravitas
3347 664 3497 717 quae~

1913 733 2039 789 dam
2057 734 2332 802 elucebat,
2364 750 2487 805 quae
2512 735 2827 791 interiorem
2869 737 3108 791 hominis
3139 740 3499 808 compositio-

1914 838 2041 878 nem
2064 823 2356 880 indicaret.
2384 823 2463 877 Ad
2493 825 2659 895 pedes
2679 825 2801 895 ejus
2833 826 2910 880 illi
2934 841 2993 880 se
3016 826 3381 895 projiciebant
3406 834 3500 901 qui

1913 913 2276 969 trahebantur
2298 914 2365 969 ad
2393 931 2579 971 necem
2606 934 2618 969 :
2640 916 2818 987 ipsum
2838 915 3223 981 obsecrabant,
3242 926 3302 972 ut
3328 917 3499 974 Deum

1914 1005 2020 1063 sibi
2048 1007 2338 1078 propitium
2373 1008 2649 1074 redderet,
2680 1016 2735 1064 et
2767 1008 3039 1065 scelerum
3073 1009 3289 1063 veniam
3325 1011 3504 1068 enixis

1915 1097 2175 1169 precibus
2217 1097 2285 1153 ah
2321 1097 2443 1167 ejus
2487 1113 2617 1168 erga
2653 1098 2907 1155 homines
2944 1113 3224 1169 propensa
3255 1098 3507 1156 bonitate

1913 1186 2051 1258 ipsis
2086 1186 2426 1258 impetraret.
2455 1188 2728 1254 Quocirca
2762 1188 3007 1252 barbari,
3032 1188 3319 1245 observata
3349 1205 3505 1245 reve—

1915 1280 2093 1335 rentia
2124 1295 2232 1351 qua
2256 1295 2378 1336 sese
2409 1281 2485 1335 illi
2508 1279 2736 1351 jamjam
2765 1282 3020 1337 morituri
3054 1281 3123 1336 ad
3149 1283 3325 1337 virum
3351 1288 3502 1335 tanta

1916 1385 2132 1425 morum
2166 1371 2437 1442 gravitate
2470 1380 2728 1427 ornatum
2786 1373 3221 1439 convertebant,
3269 1373 3336 1427 ad
3369 1389 3497 1429 eum

1917 1460 2247 1517 accedentes
2270 1461 2713 1531 sciscitabantur,
2743 1479 2909 1534 quam
2937 1464 2991 1518 in
3019 1463 3226 1520 mundo
3256 1464 3499 1537 dignita-

1916 1560 2025 1607 tem
2045 1565 2277 1623 gereret,
2310 1568 2490 1623 quove
2523 1554 2666 1610 inter
2695 1555 3043 1612 Christianos
3066 1556 3280 1612 honore
3313 1558 3505 1626 splen.

1915 1642 2187 1700 desceret.
2240 1642 2337 1700 Ille
2382 1660 2513 1701 vero
2558 1647 2903 1717 respondens
2937 1649 3054 1705 ait:
3087 1646 3248 1703 Nulla
3278 1649 3499 1718 quidem

1917 1736 2025 1790 alia
2055 1735 2357 1800 mundana,
2377 1738 2705 1793 sacerdotali
2734 1746 2914 1795 autem
2941 1738 3210 1794 duntaxat
3235 1738 3502 1810 dignitate

231 1827 590 1898 ἐξησκηκὼς,
637 1828 697 1879 οὐ
737 1825 897 1896 μόνον
930 1825 1028 1897 τὴν
1068 1826 1190 1880 καθ’
1222 1828 1371 1896 ἡμᾶς
1408 1827 1504 1880 καὶ
1539 1827 1807 1896 φιλόθεον,

1920 1825 2115 1896 polleo.
2150 1825 2367 1897 Alioqui
2401 1826 2613 1883 inutilis
2642 1828 2863 1897 quidam
2896 1831 3205 1885 monachus
3227 1844 3371 1897 sum,
3405 1829 3500 1899 qui

232 1921 354 1973 ἀλλ’
383 1920 452 1990 ἢν
506 1918 602 1971 καὶ
649 1920 700 1971 οἱ
746 1917 989 1990 θύραθεν,
1031 1919 1185 1988 σοφοὶ
1227 1918 1578 1986 διετάξαντο,
1628 1919 1703 1983 ὡς
1754 1917 1813 1971 δὲ

232 2009 412 2063 ταῦτα
473 2008 676 2079 ἔφησε,
732 2007 985 2079 δακρύων
1040 2008 1365 2081 ὑπεπλήσθη
1431 2008 1559 2073 τοὺς
1612 2008 1814 2078 ὀφθαλ-

236 2121 397 2173 μους.

307 2283 382 2336 Θν.
422 2282 496 2335 Ού
528 2278 744 2353 μακρὰν
774 2279 831 2332 δὲ
862 2281 890 2333 6
920 2279 1012 2334 τοῦ
1046 2279 1299 2334 Ἰωάννου
1332 2280 1515 2353 πατὴρ
1544 2280 1812 2352 ἑστηκὼς,

236 2375 335 2428 καὶ
371 2373 546 2436 οὕτως
600 2372 867 2442 ἔνδακρυν
913 2372 1006 2425 τὸν
1048 2371 1218 2443 ἀνδρα
1259 2370 1545 2441 ἑωρακὼς,
1579 2360 1823 2445 προσῄεί

235 2465 643 2538 παρακαλέσων
669 2466 767 2536 τῆς
798 2464 1105 2534 συμφορᾶς,
1147 2462 1242 2517 καί
1273 2480 1440 2534 φησιν
1467 2480 1481 2494 ·
1519 2482 1539 2516 ‹
1578 2464 1697 2518 ’Ὶνα
1736 2465 1814 2530 τί,

236 2555 282 2614 ὦ
316 2560 573 2630 ἄνθρωπε
624 2556 718 2610 τοῦ
772 2554 908 2610 Θεοῦ
938 2597 954 2624 ,
1003 2555 1103 2626 τὴν
1149 2553 1242 2610 τοῦ
1298 2554 1509 2627 κόσμου
1557 2555 1815 2627 στέρησιν

1915 1915 2281 1987 philosophiae
2325 1932 2547 1988 operam
2592 1918 2753 1984 dedi,
2812 1935 2922 1974 non
2963 1927 3168 1976 nostra:
3203 1921 3404 1987 solum,
3437 1935 3502 1974 ac

1915 2023 2038 2080 quae
2068 2009 2305 2065 amando
2335 2009 2449 2066 Deo
2476 2019 2657 2076 vacet,
2682 2027 2872 2068 verum
2904 2020 2957 2068 et
2988 2011 3065 2067 illi
3086 2028 3209 2084 quae
3239 2021 3501 2069 externos

1914 2099 2190 2168 sapientes
2234 2100 2398 2155 habet
2442 2111 2719 2158 auctores.
2787 2100 2914 2158 Haec
2956 2103 3052 2158 ubi
3089 2104 3495 2174 pronuntiavit,

1915 2189 2127 2245 obortis
2162 2190 2424 2265 lacrymis
2462 2193 2609 2247 oculi
2640 2194 2761 2263 ejus
2790 2193 3000 2265 perfusi
3036 2203 3190 2250 sunt.

1991 2279 2107 2354 [Vl]
2152 2281 2243 2337 IX.
2285 2279 2440 2338 Haud
2502 2285 2697 2354 procul
2730 2283 2857 2341 inde
2896 2286 3226 2341 constiterat
3272 2284 3507 2344 Joannis

1915 2374 2094 2429 nostri
2135 2389 2359 2444 parens,
2387 2375 2483 2445 qui
2511 2376 2692 2430 virum
2728 2377 3167 2449 illacrymantem
3196 2380 3505 2445 contuitus,

1917 2467 2175 2533 accessit,
2211 2468 2424 2523 tristem
2458 2467 2581 2538 ejus
2610 2482 2803 2524 casum
2848 2470 3129 2527 solaturus
3165 2489 3179 2524 :
3221 2489 3241 2522 ι
3294 2470 3506 2541 Ecquid

1919 2558 2136 2623 tandem
2163 2575 2345 2615 causa:
2374 2568 2476 2626 est,
2503 2560 2666 2617 homo
2700 2560 2818 2628 Dei,
2855 2562 3054 2633 inquit,
3092 2577 3194 2617 cur
3228 2570 3287 2618 tu
3312 2562 3506 2618 mundi

237 2650 633 2726 προσκλαίεις,
681 2650 711 2702 6
753 2649 923 2702 πάλαι
982 2646 1158 2718 τούτῳ
1213 2648 1624 2719 ἀποταξάμενος
1651 2691 1666 2716 ,
1723 2648 1816 2703 καὶ

1920 2650 2185 2719 iacturam
2218 2649 2369 2715 ﬂeas,
2403 2651 2494 2706 cui
2527 2650 2859 2721 jampridem
2911 2651 3169 2706 nuntium
3202 2651 3506 2717 remiseris,

235 2742 570 2817 vexpweslg,
604 2741 680 2806 ὡς
712 2740 823 2813 ὁρῶ
859 2741 924 2794 ὲκ
965 2739 1060 2793 τοῦ
1116 2740 1436 2811 σχήματος;
1468 2758 1489 2792 ι
1523 2741 1633 2794 Καὶ
1658 2742 1687 2793 ὁ
1717 2758 1818 2812 μο-

237 2837 407 2910 ναχὺς
435 2834 800 2904 ἀπεκρίνατο·
834 2850 853 2884 ι
887 2830 964 2887 Οὐ
1000 2830 1205 2903 ταύτης
1248 2831 1351 2901 τῆς
1392 2830 1540 2902 ζωῆς
1568 2832 1667 2902 τὴν
1698 2831 1820 2885 στέ-

238 2946 403 3003 ρησιν
430 2926 780 2996 ἀποδύρομαι
801 2940 815 2955 ·
840 2922 953 2992 ἐγὼ
974 2922 1105 2995 γὰρ,
1133 2922 1209 2986 ὡς
1235 2921 1491 2993 εἴρηκας,
1521 2923 1599 2994 τῷ
1631 2924 1821 2995 κόσμῳ

234 3020 603 3092 νενέκρωμαι.
660 3016 831 3070 Τοῦτο
878 3015 934 3069 δέ
968 3031 1035 3084 με
1081 3015 1227 3085 ἀνιᾷ,
1261 3014 1342 3067 ὅτι
1376 3016 1557 3070 πᾶσαν
1599 3014 1820 3085 μετῄειν

236 3111 591 3183 ἀνθρωπίνην
626 3107 852 3178 σοφίαν,
900 3106 997 3161 καὶ
1037 3106 1138 3178 τὴν
1186 3105 1478 3175 ἐγκύκλιον
1513 3106 1820 3177 προῦπεθὲ-

239 3224 354 3279 μην
398 3204 591 3276 ὥσπερ
649 3202 922 3273 θεμέλιον.
977 3201 1055 3273 Τῇ
1113 3202 1377 3272 ῥητορικῇ
1424 3200 1525 3272 τὴν
1570 3200 1822 3270 γλῶσσαν

236 3299 593 3368 ἑξήσκημαν
639 3298 760 3357 ταῖς
810 3293 1175 3357 διαλικτικαῖς
1213 3291 1457 3362 μεθόδοις
1487 3292 1581 3347 καὶ
1613 3293 1829 3347 ἀποδεί-

238 3387 359 3455 ξεσι
387 3388 481 3442 τὸν
539 3387 697 3456 λόγον
745 3385 1159 3455 πεπαίδευμαιο
1196 3383 1296 3455 τὴν
1350 3384 1551 3455 ἠθικὴν
1603 3386 1827 3457 μετῄειν

136 3472 139 3475 ’
235 3481 373 3551 ὅσην
416 3482 445 3533 6
490 3475 878 3548 Σταγειρίτης,
916 3475 1011 3528 καὶ
1039 3474 1171 3545 ὅσην
1195 3474 1225 3527 ό
1261 3473 1356 3528 τοῦ
1396 3474 1722 3545 Ἀρίστωνος
1745 3475 1823 3547 (8)

236 3568 599 3641 παραδέδωκε
619 3583 634 3597 ·
665 3566 735 3619 τά
758 3566 887 3637 περί
917 3564 1015 3637 τὴν
1048 3564 1288 3636 φυσικὴν
1313 3564 1548 3637 θεωρίαν
1579 3566 1821 3633 ἃπασαν,

233 3661 312 3724 ώς
353 3657 542 3712 ἱκανὸν
576 3656 852 3728 ἀνθρώπῳ
893 3654 1312 3727 ὲντεθεώρηκασ
1363 3656 1739 3728 ἀριθμητικῆς
1767 3657 1827 3712 δὲ

232 3754 365 3817 τοὺς
414 3749 610 3818 λόγους
650 3747 947 3820 μεμάθηκα
974 3765 989 3779 ’
1024 3746 1372 3819 γεωμετρίαν
1411 3749 1491 3812 είς
1537 3748 1709 3820 ἀκρον
1738 3748 1825 3814 ἐξ·

234 3844 495 3914 ήσκημαι
521 3856 536 3872 ο
576 3838 911 3910 ἀρμολογίας
971 3837 1028 3893 δὲ
1073 3837 1345 3910 μουσικῆς
1392 3838 1487 3893 καὶ
1528 3838 1824 3908 ἀναλογίας

236 3934 540 3994 εὐτάκτους
578 3929 977 4002 σεμνοπρεπῶς
1024 3928 1406 4001 κατώρθωκαο
1459 3930 1561 3984 ὅσα
1591 3947 1652 3983 τε
1694 3928 1823 4002 περὶ

236 4025 338 4095 τὴν
368 4022 624 4092 οὐράνιον
668 4021 919 4092 κίνησιν,
952 4020 1052 4093 τὴν
1081 4019 1194 4074 τῶν
1221 4019 1471 4093 ἀστέρων
1512 4020 1819 4092 περιφορὰν

239 4117 301 4169 οὐ
352 4114 689 4185 παρέλιπον,
729 4114 795 4168 ἵν’
837 4115 902 4168 ἐκ
953 4113 1225 4184 μεγέθους
1269 4113 1366 4168 καὶ
1399 4112 1669 4185 καλλονῆς
1709 4112 1820 4167 τῶν

242 4209 561 4280 κτισμάτων
610 4206 888 4275 ἀναλόγως
940 4208 1007 4277 τῇ
1044 4205 1176 4277 περὶ
1222 4204 1430 4260 τούτων
1462 4223 1564 4276 μου
1598 4206 1817 4275 γνώσει,

240 4299 338 4356 καὶ
364 4298 462 4360 τὴν
503 4298 633 4368 περὶ
672 4296 766 4351 τοῦ
815 4295 1030 4350 κτίστου
1063 4293 1295 4367 θεωρίαν
1323 4294 1583 4366 ἀνάλογον
1614 4296 1818 4367 ἕξοιμι.

1920 2751 2105 2813 atque,
2137 2750 2196 2797 ut
2218 2758 2286 2798 ex
2319 2742 2421 2797 hac
2447 2750 2600 2797 veste
2624 2740 2883 2813 conjicio,
2907 2740 3233 2812 jamdudum
3257 2750 3507 2797 mortuus

1920 2833 2078 2889 sis?»
2112 2831 2252 2888 Tum
2282 2848 2411 2889 vero
2439 2833 2747 2901 monachus
2777 2851 2792 2889 :
2826 2850 2845 2885 ι
2880 2830 3165 2888 Jacturam
3191 2830 3359 2902 hujus
3384 2833 3510 2888 vita

1920 2940 2271 2995 nequaquam
2301 2926 2481 2996 lugeo.
2518 2926 2629 2996 Ego
2673 2924 2972 2995 siquidem,
3010 2932 3071 2978 ut
3098 2923 3265 2979 modo
3295 2924 3506 2992 aiebas,

1920 3029 2173 3073 mortuus
2213 3033 2334 3073 sum
2399 3018 2627 3073 mundo.
2683 3015 2797 3074 Hoc
2855 3016 3034 3073 solum
3080 3016 3312 3072 moleste
3365 3014 3505 3083 fero,

1924 3107 2073 3179 quod
2126 3122 2344 3163 omnem
2400 3107 2729 3178 sapientiam
2794 3106 3094 3162 humanam
3146 3105 3353 3162 frustra
3402 3107 3507 3162 sim

1925 3210 2274 3274 persecutus,
2322 3200 2641 3256 substructo
2690 3199 2771 3255 eis
2799 3197 2968 3254 veluti
3022 3197 3381 3253 fundamento
3412 3196 3509 3252 illo

1921 3294 2153 3362 circulo,
2179 3308 2343 3364 quem
2373 3300 2597 3357 vocant,
2630 3291 3012 3347 scientiarum.
3053 3289 3351 3346 Rhetorica
3404 3289 3511 3343 lin-

1920 3401 2081 3458 gnam
2105 3384 2363 3451 exercui;
2398 3382 2710 3439 dialecticis
2752 3382 3043 3453 praeceptis
3082 3369 3509 3438 demonstratid-

1920 3478 2196 3548 nibusque
2230 3477 2505 3532 rationem
2532 3474 2787 3541 excolui;
2824 3471 3089 3545 quidquid
3120 3472 3188 3527 ad
3217 3472 3505 3527 scientiam

1926 3585 2142 3625 morum
2177 3570 2439 3640 pertinet,
2470 3583 2568 3624 seu
2604 3580 2637 3621 a
2683 3565 2969 3638 Stagirite,
2999 3580 3097 3622 seu
3129 3562 3199 3618 ab
3231 3561 3508 3617 Aristonis

1927 3662 2039 3717 ﬁlio
2075 3662 2336 3716 traditum
2368 3660 2464 3727 sit,
2512 3660 2569 3715 id
2596 3668 2856 3716 accurate
2882 3656 3289 3729 pervestigavi;
3323 3668 3507 3709 rerum

1925 3763 2177 3809 naturam
2200 3751 2539 3818 universam,
2567 3756 2838 3823 quantum
2872 3746 3084 3804 homini
3118 3746 3370 3818 pervium
3398 3755 3507 3809 est,

1923 3839 2171 3912 inspexi;
2215 3838 2582 3895 arithmeticae
2610 3837 2858 3894 rationes
2902 3834 3103 3904 didici;
3154 3833 3508 3907 geometriam

1926 3929 2268 3988 adamussim
2327 3938 2515 3998 teneo;
2567 3928 2806 3985 musices
2858 3934 3164 3983 concentus
3198 3922 3509 3996 proportio-

1925 4036 2133 4092 nesque
2161 4020 2334 4093 probe
2366 4020 2505 4077 satis
2530 4035 2654 4077 sum
2680 4012 2970 4075 assecutus
3004 4034 3019 4069 :
3052 4016 3122 4072 ad
3148 4015 3275 4071 coeli
3299 4022 3507 4068 motum

1926 4120 1981 4169 et
2019 4115 2437 4170 conversionem
2469 4112 2713 4169 siderum
2744 4124 3089 4181 quaecunque
3116 4107 3371 4170 attinent,
3398 4118 3507 4158 non

1925 4192 2276 4277 przctermisi,
2333 4213 2394 4260 ut
2438 4220 2505 4261 ex
2561 4201 2944 4276 magnitudine
2997 4209 3050 4257 et
3099 4195 3509 4272 pulchritudine

1932 4313 2114 4352 rerum
2145 4304 2484 4364 creatarum,
2522 4312 2711 4371 parem
2756 4295 2919 4364 juxta
2948 4309 3013 4351 ac
3040 4307 3236 4365 capere
3266 4302 3505 4362 possem.

1548 4475 1785 4531 VAllUE
1826 4475 2230 4534 LECTIONES.

320 4556 335 4587 ¹
372 4549 519 4606 Edit.
553 4547 858 4619 ἀξιώματος
890 4545 1167 4617 ἱερατικοῦ
1204 4546 1434 4618 χρίσμα.

1759 4697 1998 4755 NOTAE.

313 4843 397 4912 (6)
448 4842 547 4907 Ἐξ
594 4839 1249 4912 Ἰταλίαςίόρμῴμενοᾳ
1286 4839 1365 4893 Ex
1420 4839 1714 4912 Calabria,
1769 4838 1824 4893 ni

246 4910 433 4978 fallor,
486 4928 610 4983 qua:
661 4911 945 4983 monachis
982 4910 1190 4983 (graecis
1248 4912 1590 4983 plena_e_rat.
1643 4910 1828 4983 Theo-

242 4979 554 5055 phanesad
603 4997 807 5055 an_nu_m
874 4979 1311 5055 2:2_Con_stant_is
1375 4980 1448 5055 _|I‘
1480 4980 1827 5055 imperatoris

245 5048 359 5110 haec
404 5053 570 5108 habet
602 5070 617 5107 :
649 5050 834 5118 Τούτῳ
861 5049 938 5120 τῷ
963 5048 1072 5103 ἔτει
1098 5049 1507 5171 ῂχμαλωτίσθτδ
1533 5048 1698 5120 μέρος
1726 5050 1826 5119 τῆς

245 5124 499 5171 Σικελίας
524 5163 540 5171 -
584 5122 679 5171 καὶ
712 5120 1028 5171 ὠκίσθησαν
1060 5120 1117 5171 ὲν
1160 5119 1438 5171 Δαμασκῶ
1514 5119 1696 5171 ελήσει
1727 5121 1826 5171 αὐ-

241 5124 499 5185 Σικελίας
524 5163 540 5188 ,
584 5122 679 5175 καὶ
712 5119 1029 5191 ᾠκίσθησαν
1060 5120 1117 5173 ὲν
1140 5119 1438 5190 Δαμασκῷ
1478 5119 1696 5191 θελήσει
1727 5121 1827 5173 αύ-

242 5195 374 5249 τῶν.
428 5192 544 5246 Hoc
584 5188 739 5247 anno
766 5189 967 5245 Sicilia:
1013 5188 1148 5244 bona
1193 5188 1319 5257 pars
1382 5188 1686 5259 captivitate
1728 5205 1822 5256 op-

241 5281 429 5333 pressa
455 5272 558 5326 est,
586 5277 648 5315 ac
671 5262 808 5315 ciues
829 5261 963 5333 [gina
1004 5259 1249 5333 adducti,
1283 5270 1463 5333 sponte
1494 5258 1828 5333 δυσ-ρωπο-

242 5328 321 5388 sci
346 5334 524 5389 sedem
550 5333 803 5399 fixerunt.
829 5328 968 5384 Hinc
1005 5331 1245 5399 proclive
1278 5329 1551 5384 Arabibus
1593 5330 1716 5391 fuit,
1762 5338 1822 5384 ut

246 5405 416 5458 Italiae
452 5404 663 5458 vicinas
700 5401 972 5471 regiones,
1011 5400 1324 5458 Calabriam
1350 5400 1588 5464 scilicet,
1624 5400 1822 5455 identi-

241 5488 366 5529 ’.τέω
401 5475 816 5543 popularentur.

315 5538 539 5611 (ἹΥΚὶιὶ
588 5542 705 5607 τὴν
746 5541 974 5608 κλῆσιν
1021 5539 1286 5609 Κοσμᾶς.
1338 5538 1546 5594 lienam
1591 5543 1823 5611 addunt,

243 5609 589 5679 cogitatione
630 5614 956 5682 Asyncrites
985 5612 1187 5681 (inquit
1218 5609 1631 5681 chschenius)
1654 5612 1821 5682 idest

244 5685 554 5752 indiﬂ'erens
580 5724 595 5747 ,
644 5680 799 5735 niliil‘
829 5680 1133 5752 dijudicans
1164 5724 1178 5747 ,
1231 5682 1314 5737 vel
1344 5680 1819 5752 iijncomparabilis,

246 5750 475 5827 propter
506 5754 772 5810 doctrina:
818 5750 1217 5810 excellentiam.
1252 5753 1311 5809 ln
1341 5750 1563 5809 Menaeis
1598 5751 1820 5825 quidem

1857 4797 1905 4857 ι)

1931 4837 2095 4893 editis
2150 4837 2386 4906 legitur,
2444 4836 2541 4890 καὶ
2586 4833 2926 4906 ἀσυγκρίτης
2978 4829 3365 4906 ὲπιλεγομένου
3399 4848 3413 4886 :
3450 4841 3507 4886 ut

1930 4925 2061 4963 vero
2117 4904 2423 4963 doctissimi
2481 4904 2813 4963 Uensclienii
2869 4904 3254 4973 interpretatio
3307 4910 3500 4965 staret,

1929 4979 2284 5033 scribendum
2319 4978 2548 5041 luisset,
2579 4977 2674 5031 καὶ
2715 4972 3049 5045 ἀσυγκρίτου
3092 4972 3504 5045 ἐπιλεγομένου,

1928 5051 1998 5104 At
2053 5049 2311 5103 mendum
2362 5044 3056 5118 typographicutn_cdrrigi
3101 5045 3189 5118 sic
3222 5044 3392 5118 uellet
3438 5057 3501 5118 es

1930 5118 2213 5175 codicibus
2249 5110 2402 5172 mssf
2422 5110 2565 5185 quos
2597 5110 2785 5170 'etiam
2815 5110 3185 5172 Combéﬁsius
3222 5112 3371 5185 legit,
3404 5110 3503 5163 καὶ

1929 5189 2279 5259 ἀσυγκρίτως
2327 5182 2740 5259 ὲπιλεγομένου,
2787 5186 2977 5259 quique
3008 5186 3144 5259 citra
3187 5182 3356 5259 ullum
3385 5196 3502 5259 cuin

1928 5251 2301 5328 quouis'altero
2326 5251 2779 5325 comparationem
2800 5251 3032 5328 auem
3057 5253 3185 5328 [κει.
3209 5252 3335 5328 Sive
3355 5251 3500 5328 quod

1926 5321 2156 5385 Joannis
2189 5321 2512 5382 Damasceni
2541 5334 2695 5395 pater
2721 5325 3090 5395 sapentiorem
3119 5322 3287 5395 alium
3323 5321 3505 5387 inqui.

1927 5399 2159 5455 rendum
2183 5399 2290 5454 sibi
2327 5413 2440 5452 non
2478 5390 2707 5466 putarit,
2736 5390 2852 5449 sive
2874 5393 3020 5464 quod
3055 5408 3120 5446 ea
3159 5390 3505 5466 incompara-

1927 5471 2023 5525 bili
2056 5469 2311 5524 doctriua
2341 5459 2606 5539 praeditus
2651 5479 2775 5521 esse
2821 5459 2907 5520 ex"
2941 5476 3141 5519 eventu
3177 5459 3502 5533 comproba-

1926 5548 2018 5596 tus
2056 5542 2148 5595 sit.

1997 5610 2077 5676 (8)
2111 5610 2439 5666 Aristoteles
2496 5606 2796 5670 nimirum,
2853 5618 2882 5659 a
2929 5604 3143 5672 Stagira
3188 5600 3403 5673 patria,
3451 5608 3505 5657 et

1928 5679 2105 5751 Plato,
2145 5681 2427 5739 Aristonis
2456 5680 2622 5745 lilius,
2647 5676 2959 5736 Academia:
2983 5676 3267 5747 princeps.
