3974 6338
464 360 572 423 443
1511 358 1690 421 VITA
1729 359 1789 420 S.
1812 357 2133 421 JOANNIS
2174 356 2627 419 DAMASCENI.
3613 349 3719 414 4M

459 472 740 530 Creatoris
795 472 1025 528 subinde
1092 471 1610 544 contemplationem
1674 471 2035 543 adipiscerer.

2151 472 2210 525 '0
2249 470 2358 541 γὰρ
2409 465 2743 541 τρανοτέραν
2787 467 2888 541 τὴν
2937 466 3045 520 τῶν
3092 466 3411 538 κτισμάτων
3466 464 3719 536 ἐσχηκὼς

465 565 598 620 Nam
626 564 877 635 quisquis
909 564 1254 619 conditarum
1283 580 1467 621 rerum
1497 564 1841 635 perspicuam
1865 564 2041 634 magis

2145 562 2341 632 γνῶσιν
2362 603 2376 627 ,
2411 559 2738 633 τρανότερόν
2768 577 2829 613 τε
2870 560 3157 624 κατανοεῖ,
3194 557 3289 611 καὶ
3320 556 3410 612 διὰ
3441 556 3721 628 θαύματος

465 659 831 729 cognitionem
886 658 1245 729 comparavit,
1281 658 1327 714 is
1360 658 1681 713 earumdem
1730 662 2038 716 auctorem,

2145 659 2378 711 ποιεῖται
2412 654 2659 719 πλείονος
2704 653 2795 707 τδν
2827 652 2999 706 ταῦτα
3038 649 3548 722 δημιουργήσαντα.
3596 649 3717 704 Ἐν-

464 756 518 802 ct
539 749 821 818 cognoscit
850 749 1075 813 clarius,
1115 758 1168 803 ct
1197 749 1433 818 amplius
1456 747 1781 801 admiratur.
1808 743 1938 799 inde
1971 743 2039 797 ad

2145 747 2332 802 τεῦθεν
2375 748 2456 809 είς
2506 744 2577 799 τά
2606 746 2705 816 τῆς
2736 737 3016 811 θεολογίας
3049 739 3285 813 μετέϐην
3322 741 3620 812 μυστήρια.
3649 739 3719 808 ἣν

466 857 665 897 arcana
696 841 983 912 theologia:
1008 857 1335 912 progressus
1358 855 1503 905 sum,
1536 846 1646 894 tam
1698 838 1846 894 illius
1875 846 2039 907 quam

2145 856 2201 892 τε
2227 837 2415 901 παῖδες
2452 834 2723 908 Ἐλλήνων
2749 832 3093 904 παρέδωκαν,
3127 830 3222 885 καὶ
3248 830 3313 902 ἣν
3341 830 3392 884 οί
3423 830 3546 883 καθ’
3568 831 3603 901 ή
3613 831 3720 900 μᾶς

466 932 640 988 Graeci
681 947 776 988 seu
827 932 1059 1002 gentiles
1116 933 1413 996 tradidere,
1461 947 1628 1003 quam
1674 931 1796 1001 ejus
1851 945 1973 998 quae
2012 944 2042 983 a

467 1024 675 1080 nostris
711 1024 982 1095 theologis
1034 1024 1341 1080 certissima
1378 1025 1591 1079 ratione
1629 1029 1714 1079 est
1747 1022 2037 1092 explicata.

468 1117 565 1171 llis
589 1132 718 1187 ergo
752 1116 1001 1172 scientiis
1035 1118 1251 1186 plenus,
1280 1116 1578 1170 utilitatem
1610 1132 1731 1185 quae
1753 1114 1885 1168 hinc
1915 1129 2040 1184 per-

467 1208 691 1277 cipitur,
743 1210 983 1263 nondum
1036 1210 1294 1279 cuiquam
1351 1207 1648 1278 impertivi,
1711 1222 1886 1276 neque
1945 1221 2044 1276 per

466 1294 871 1363 philosophiam
940 1296 1108 1352 [ilium
1162 1296 1376 1366 parenti
1447 1294 1678 1351 similem
1736 1293 2041 1364 procreavi.

466 1385 627 1450 Nam,
662 1386 1123 1457 quemadmodum
1174 1386 1425 1456 plerique
1466 1386 1711 1457 gestiunt
1759 1386 2043 1441 naturales

468 1478 673 1533 liberos
724 1480 1047 1550 suscipere,
1116 1494 1227 1548 quo
1283 1494 1443 1533 suum
1505 1495 1677 1548 genus
1742 1492 2046 1549 propagare

467 1578 707 1638 queant,
771 1573 851 1625 sic
902 1573 993 1640 qui
1049 1571 1411 1641 philosophiae
1464 1585 1684 1641 operam
1743 1569 2043 1633 dederunt,

466 1661 715 1715 doctrina
750 1669 803 1717 et
851 1678 1051 1717 arcana
1102 1663 1454 1718 institutione
1502 1662 1725 1735 gignere
1751 1660 1891 1717 filios
1925 1677 2046 1715 am-

468 1750 645 1815 biunt,
702 1759 763 1804 ut
808 1765 1034 1805 aureum
1073 1750 1527 1823 pliilOSOphorum
1585 1767 1759 1823 genus
1818 1751 1871 1805 in
1904 1751 2045 1805 vivis

467 1848 730 1911 perpetuo
752 1851 1112 1898 conservetur
1142 1859 1155 1894 :
1191 1843 1284 1898 sed
1313 1853 1368 1899 et
1391 1844 1482 1914 qui
1508 1843 1851 1898 admirabilis
1882 1843 2043 1898 istius

466 1932 673 1988 sobolis
696 1942 953 1988 auctores
986 1935 1322 2002 exstiterint,
1348 1935 1715 1990 immortalem
1754 1935 1955 1989 famam
1990 1942 2046 1989 et

466 2022 680 2076 laudem
708 2024 1041 2078 sortiuntur.
1072 2022 1308 2094 insuper
1341 2024 1608 2079 bonitatis
1643 2025 1743 2078 hoc
1763 2022 2043 2094 proprium

464 2124 591 2178 est,.
631 2122 690 2168 ut
747 2114 1002 2183 quisquis
1039 2114 1199 2169 bonis
1234 2114 1499 2180 abundat,
1546 2129 1608 2169 ea
1659 2130 1883 2185 quoque
1920 2113 2045 2169 aliis

463 2202 787 2270 elargialur.
822 2202 1056 2258 Proinde
1094 2200 1187 2273 qui
1220 2218 1327 2258 non
1359 2204 1440 2261 sic
1474 2206 1658 2259 animo
1683 2213 1736 2259 et
1766 2205 2047 2259 voluntate

463 2302 815 2361 comparatus
851 2301 957 2358 est,
994 2309 1341 2365 nequaquam
1371 2294 1427 2350 in
1458 2295 1605 2350 bono
1642 2303 1915 2359 versatur,
1949 2294 2044 2349 scd

464 2382 519 2435 in
555 2382 723 2446 malo,
750 2390 938 2452 utpote
964 2384 1222 2453 superbia
1255 2383 1449 2453 plenus
1475 2392 1530 2439 et
1553 2383 1879 2448 invidentia,
1923 2383 2048 2453 qui-

464 2470 567 2526 bus
614 2471 692 2535 fit,
724 2479 783 2526 ut
812 2489 936 2528 cum
973 2475 1097 2529 aliis
1146 2474 1285 2529 nolit
1338 2475 1779 2540 communicare,
1833 2475 1879 2530 si
1914 2472 2047 2545 quid

462 2562 589 2617 boni
626 2563 896 2620 beneficio
917 2566 1161 2623 numinis
1190 2576 1526 2623 consecutus
1565 2575 1671 2622 est.
1704 2566 2048 2638 Quapropter

462 2663 517 2709 et
548 2654 601 2709 id
646 2656 793 2724 quod
834 2658 936 2712 sibi
990 2657 1211 2713 videtur
1249 2658 1474 2723 habere,
1510 2659 1793 2714 auferetur
1839 2660 1908 2714 ab
1955 2674 2043 2724 eo,

464 2747 541 2800 uti
569 2748 800 2817 Contigit
830 2764 990 2805 servo
1025 2750 1119 2820 qui
1147 2750 1415 2806 talentum
1439 2757 1721 2820 acceptum
1742 2767 1851 2805 non
1877 2751 2048 2807 collo-

463 2844 612 2890 carat
659 2838 802 2907 apud
842 2839 1250 2895 nummularios
1281 2840 1347 2894 ¹⁰.
1377 2841 1478 2896 Ast
1536 2857 1638 2912 ego
1696 2843 1789 2911 qui
1843 2842 2045 2898 bonam

466 2935 673 2994 partem
696 2929 858 2999 elegi,
884 2931 1237 2987 vehementer
1267 2932 1551 2987 volueram
1575 2933 1884 2988 doctrinam
1909 2933 2045 2988 mihi

464 3027 838 3091 comparatam
882 3021 1008 3077 aliis
1043 3023 1374 3079 contradere
1408 3043 1421 3080 :
1456 3026 1679 3095 quando
1720 3041 1853 3081 vero
1886 3036 2044 3082 voto-

465 3125 586 3164 rum
620 3126 845 3182 compos
875 3128 987 3167 non
1035 3111 1133 3179 fui,
1170 3126 1229 3169 ut
1272 3114 1415 3170 inter
1446 3114 1633 3171 ﬁdeles
1682 3132 1905 3179 servos,
1950 3117 2041 3186 qui

465 3210 691 3271 accepta
733 3205 935 3259 talenta
969 3205 1108 3275 apud
1145 3206 1285 3263 alios
1320 3207 1714 3263 committendo
1755 3208 2041 3279 condupli-

464 3301 684 3356 carunt,
727 3309 1006 3361 censerer,
1045 3311 1222 3366 neque
1246 3312 1342 3367 per
1367 3297 1765 3367 philosophiam
1797 3298 2042 3353 sobolem

467 3383 632 3437 ullam
667 3386 871 3455 peperi,
903 3386 1020 3453 sed,
1056 3395 1115 3441 ut
1146 3387 1220 3442 ita
1252 3388 1469 3458 loquar,
1502 3390 1624 3445 sine
1651 3388 1841 3446 liberis
1879 3390 2041 3455 vado,

467 3475 672 3530 idcirco
720 3477 967 3535 misellus
1021 3495 1121 3550 ego
1164 3482 1402 3546 vultum,
1456 3488 1515 3536 ut
1568 3482 1743 3548 vides,
1785 3482 2045 3555 lacrymis

468 3566 759 3639 perfunde,
789 3572 1055 3642 gravique
1096 3574 1324 3629 tristitia
1362 3573 1615 3644 dejicior.
1656 3593 1683 3627 ι

536 3662 604 3717 Χ.
659 3662 787 3718 Haec
836 3666 1004 3720 verba
1061 3681 1185 3721 cum
1242 3666 1334 3722 ille
1398 3666 1664 3733 audisset,
1722 3668 1818 3740 qui
1874 3667 2043 3723 talem

468 3754 790 3810 thesaurum
815 3757 1099 3827 cupiebat,
1123 3758 1430 3829 respondit:
1453 3779 1472 3813 ι
1498 3759 1719 3827 Desine,
1746 3759 1835 3815 vir
1862 3758 2042 3827 beate,

470 3830 829 3901 animumque
865 3841 1020 3888 tuum
1066 3838 1254 3894 attolle
1284 3842 1555 3912 tantisper
1583 3861 1597 3898 :
1630 3843 1773 3918 [Vit]
1803 3845 2058 3902 fortassis

468 3922 619 3976 enim
657 3921 927 3980 Dominus
970 3926 1122 3983 dabit
1166 3930 1267 3985 tibi
1312 3933 1608 4002 petitiones
1654 3937 1841 3993 cordis
1885 3937 1989 3994 tui.
2032 3954 2053 3991 ι

471 4013 599 4069 llaec
629 4015 707 4069 ait
731 4014 964 4075 Joannis
987 4029 1163 4091 pater,
1190 4037 1319 4079 mox
1343 4036 1549 4096 quanta
1581 4032 1760 4100 potuit
1777 4031 2059 4087 celeritate

469 4108 539 4163 ad
577 4107 982 4167 Saracenorum
1009 4113 1315 4186 principem
1350 4118 1618 4184 cucurrit,
1641 4120 1873 4192 ejusque
1903 4122 2057 4193 pedi-

467 4201 572 4258 bus
609 4204 929 4271 advolutus,
954 4208 1375 4264 ornatissimum
1403 4211 1661 4267 Cosmam
1692 4214 1795 4268 sibi
1822 4215 1941 4269 dari
1964 4229 2060 4285 po-

469 4298 667 4367 poscit.
698 4297 889 4369 Neque
916 4301 1201 4371 repulsam
1244 4303 1435 4357 retulit
1470 4305 1790 4375 petitionis;
1831 4307 1926 4363 sed
1962 4308 2061 4363 do-

467 4406 600 4450 num
628 4390 837 4457 rotulit,
877 4390 1117 4463 ingentis
1147 4393 1310 4464 pretii
1342 4393 1521 4451 virum
1553 4396 1808 4455 Cosmam
1845 4399 2055 4471 utique,

2145 928 2390 997 θεολόγοι
2420 926 2763 996 διεσάφησαν
2791 922 3198 978 ἀπλανέστατα.
3232 919 3452 973 Τούτων
3484 915 3579 973 οὖν
3619 935 3719 991 με·

2144 1019 2269 1083 στὺς
2301 1017 2542 1088 γεγονὼς
2563 1058 2578 1082 ,
2643 1014 2798 1070 οῠπω
2844 1013 2939 1071 καὶ
2974 1012 3120 1084 ἄλλῳ
3176 1010 3502 1089 μεταδοῦναι
3531 1009 3629 1081 τῆς
3659 1010 3725 1074 ἐξ

2143 1109 2325 1166 αὐτῶν
2370 1106 2639 1177 ὠφελείας
2697 1104 2991 1175 πέφθακα,
3033 1102 3158 1156 οὐδὲ
3208 1102 3373 1155 παῖδα
3413 1104 3593 1154 τεκεῖν
3631 1100 3725 1155 διὰ

2146 1199 2470 1270 φιλοσοφίας
2532 1197 2889 1270 πατρόμοιον.
2943 1193 3163 1249 Φιλοῦσι
3218 1193 3368 1271 γὰρ,
3419 1192 3611 1263 ὥσπερ
3669 1194 3723 1247 οἱ

2145 1293 2350 1358 πολλοὶ,
2391 1290 2656 1361 φυσικοὺς
2711 1289 2908 1352 παῖδας
2958 1287 3173 1351 τεκεῖν,
3208 1283 3458 1339 ἐντεῦθεν
3501 1283 3599 1356 τὴν
3625 1282 3725 1338 τοῦ

2144 1384 2337 1454 γένους
2369 1380 2623 1451 διαδοχὴν
2668 1378 2949 1448 διαμένειν
3010 1376 3285 1445 οῑομενοι·
3334 1372 3478 1427 οὕτω
3529 1374 3623 1428 καὶ
3671 1377 3726 1427 οί

2146 1474 2468 1545 φιλοσοφίαν
2521 1471 3037 1543 ἐκμελετήσαντες,
3101 1466 3269 1521 τέκνα
3322 1466 3589 1520 δια-τεκεῖν
3635 1466 3726 1519 διὰ

2145 1564 2495 1629 διδασκαλίας
2546 1564 2642 1616 καὶ
2674 1563 2926 1634 μυήσεως
2974 1557 3273 1622 ποθοῦσιν,
3334 1556 3422 1610 ἵνα
3467 1554 3530 1609 τὸ
3580 1554 3727 1609 κατά

2146 1656 2466 1727 φιλοσοφίαν
2492 1654 2648 1724 γένος
2681 1652 2917 1725 χρυσοῦν
2947 1652 3005 1706 ἐν
3040 1649 3141 1721 βίῳ
3179 1649 3344 1721 μέχρι
3374 1647 3576 1711 παντὸς
3604 1647 3725 1700 δια-

2147 1748 2419 1820 σώζηται’
2454 1748 2501 1801 οἱ
2547 1746 2606 1799 δὲ
2645 1745 2739 1800 τοῦ
2780 1744 2943 1798 τόκου
2992 1742 3183 1797 τούτου
3240 1740 3546 1812 θαυμασίου
3580 1755 3727 1809 παρσ-

2146 1842 2343 1909 αίτιοι,
2380 1839 2651 1895 ἀθάνατον
2679 1835 3009 1909 κληροῦνται
3058 1835 3158 1905 τὴν
3203 1832 3477 1887 εὔκλειαν.
3513 1831 3728 1895 ’Δλλως

2145 1951 2205 1988 τε
2233 1932 2393 1986 τοῦτο
2420 1932 2522 2003 τῆς
2551 1928 2891 1999 ἀγαθότητος
2941 1927 3072 1982 ἴδιον
3094 1966 3110 1993 ,
3147 1926 3209 1979 τὸ
3257 1924 3598 1996 μεταδιδόναι
3630 1924 3728 1978 καὶ

2146 2025 2370 2091 ἄλλοις,
2411 2016 2487 2078 ὧν
2528 2019 2878 2091 πεπλούτηκέ
2928 2037 3015 2083 τις
3061 2018 3339 2091 χρηστῶν.
3394 2018 3454 2071 ‘0
3484 2015 3615 2085 γοῦν
3649 2015 3726 2087 μὴ

2145 2114 2320 2178 οὕτως
2346 2112 2487 2185 ἔχων
2507 2152 2523 2179 ,
2564 2111 2688 2184 μηδ’
2722 2109 2898 2174 οὕτως
2924 2108 3125 2163 ἐθέλων
3149 2151 3165 2177 ,
3215 2108 3318 2161 οὐκ
3345 2108 3403 2160 ὲν
3429 2106 3508 2178 τῷ
3534 2105 3728 2176 ἁγαθῷ

2147 2209 2327 2261 κεῖται
2350 2246 2364 2273 ,
2414 2205 2530 2260 ἀλλ’
2562 2207 2621 2258 ἐν
2667 2203 2746 2275 τῷ
2790 2202 3044 2274 πονηρῷ,
3081 2202 3157 2266 ὡς
3205 2200 3586 2273 ὑπερηφανίας
3631 2202 3728 2254 καὶ

2147 2297 2345 2368 φθόνου
2386 2295 2585 2368 μεστὸς
2607 2336 2623 2363 ,
2674 2293 2760 2365 ἐφ’
2799 2288 2883 2358 οἷς
2935 2294 3003 2347 ἂν
3051 2292 3231 2357 ἄλλοις
3274 2291 3598 2362 μεταδοῦναι
3649 2291 3728 2363 μὴ

2149 2386 2434 2458 βούλεται,
2469 2386 2523 2441 et
2561 2402 2705 2448 τινος
2756 2382 3087 2455 εύμοίρησεν
3135 2380 3369 2450 ἀγαθοῦ.
3423 2382 3517 2436 Διδ
3565 2383 3659 2436 καὶ
3697 2382 3731 2436 ὃ

2108 2474 2294 2527 ’δοκεῖ
2325 2474 2491 2545 ἔχειν,
2533 2474 2749 2544 ατρεται
2793 2473 2889 2527 ἀπ’
2933 2470 3123 2537 αὑτοῦ,
3155 2471 3231 2536 ὡς
3277 2470 3371 2525 ἐπὶ
3412 2472 3507 2525 τοῦ
3536 2471 3729 2527 δούλου

2146 2566 2357 2619 ἐκείνου
2376 2606 2391 2632 ,
2424 2564 2519 2619 τοῦ
2562 2565 2639 2638 μὴ
2669 2565 3074 2629 καταϐαλόντος
3105 2567 3218 2629 τοῖς
3258 2562 3616 2636 τραπεζίταις
3664 2563 3728 2617 τὸ

2146 2658 2428 2712 τάλαντον.
2474 2656 2616 2725 Ἐγὼ
2658 2655 2716 2711 δὲ
2745 2655 2849 2728 τὴν
2884 2655 3094 2729 ἀγαθὴν
3128 2655 3321 2727 μερίδα
3372 2654 3727 2725 ὲκλέλεγμαι,

2146 2752 2243 2804 καὶ
2293 2748 2500 2822 σφόδρα
2544 2748 2800 2821 ᾑρούμην
2853 2750 2953 2819 τῆς
3009 2747 3322 2819 προσούσης
3386 2764 3476 2819 μοι
3533 2748 3728 2816 σοφίας

2146 2842 2327 2907 ἄλλοις
2367 2841 2625 2911 γενέσθαι
2677 2840 3049 2912 μεταδοτικός.
3094 2840 3247 2894 Ἐπεὶ
3284 2839 3342 2892 δὲ
3385 2839 3486 2893 οὐκ
3534 2837 3733 2909 ἔτυχον

2143 2934 2238 2988 τοῦ
2266 2933 2633 3003 ’ποθουμένου
2656 2973 2673 2999 ,
2721 2931 2809 2985 ἵνα
2841 2933 2957 2996 τοῖς
2988 2933 3202 2995 πιστοῖς
3252 2929 3486 2993 ἐκείνοις
3516 2928 3729 2991 δούλοις

2149 3024 2455 3096 συνταχθῶ,
2497 3027 2611 3089 τοῖς
2636 3022 2877 3078 τάλαντα
2904 3021 3295 3093 ποιησαμένοις
3339 3022 3399 3073 ὲν
3438 3018 3610 3089 διπλῷ
3635 3017 3731 3072 διὰ

2144 3120 2245 3191 τῆς
2275 3117 2411 3191 πρὸς
2470 3115 2696 3189 ἐτέρους
2729 3115 3017 3188 χρήσεως,
3077 3113 3201 3167 οὔτε
3254 3112 3361 3183 μὴν
3404 3112 3593 3165 τέκνον
3638 3110 3731 3164 διὰ

2147 3210 2466 3280 φιλοσοφίας
2497 3207 2768 3263 ἀπέτεκον
2789 3249 2803 3273 ,
2838 3207 2936 3259 καί⁵
2962 3207 3157 3276 ἄπειμι
3180 3246 3195 3271 ,
3233 3205 3309 3267 ὡς
3338 3205 3404 3259 ἄν
3440 3221 3525 3267 τις
3556 3205 3729 3267 εἴποι,

2143 3302 2331 3367 ἄπαις,
2348 3302 2441 3354 καὶ
2467 3300 2671 3365 ἄθλιος,
2696 3300 2772 3363 ὼς
2787 3300 2940 3371 ὁρᾷς,
2970 3298 3306 3371 κατονοῦμαι
3328 3298 3387 3352 τὸ
3409 3296 3731 3371 πρόσωπον,

2144 3392 2239 3447 καὶ
2267 3393 2643 3463 σκυθρωπάζω
2676 3390 2884 3455 δεινῶς.
2927 3409 2948 3444 ι

2216 3666 2273 3723 ῐ’.
2306 3661 2526 3723 Τούτων
2545 3665 2804 3740 ἀκηκοὼς
2829 3665 2939 3722 τῶν
2968 3667 3251 3740 ῥημάτων,
3289 3667 3319 3721 ὁ
3348 3665 3490 3738 ἐρῶν
3518 3663 3727 3717 τοιοῦδε

2148 3754 2450 3830 θησαυροῦ,
2474 3758 2810 3830 ἀπεκρίνατο
2834 3773 2849 3789 ο
2886 3776 2907 3809 ι
2940 3757 3069 3825 Ἔα,
3105 3750 3151 3811 ὦ
3179 3756 3417 3827 μακάριε
3446 3755 3728 3825 ἄνθρωπε,

2148 3850 2245 3904 καὶ
2290 3850 2391 3921 τὴν
2416 3849 2595 3923 ψυχὴν
2647 3850 3075 3922 παρηγόρησονο
3126 3848 3258 3912 ἴσως
3309 3848 3419 3919 γὰρ
3476 3846 3584 3917 δῴη
3639 3862 3726 3899 σοι

2148 3941 2354 4014 Κύριος
2391 3938 2464 3993 τά
2505 3938 2787 4009 αίτήματα
2820 3938 2923 4009 τῆς
2952 3938 3184 4009 καρδίας
3216 3955 3329 3993 σου.
3374 3956 3393 3988 δ
3425 3937 3610 3991 Ταῦτα
3640 3937 3725 3990 εί-

2146 4031 2264 4087 πὼν
2287 4034 2316 4086 ὁ
2347 4029 2441 4085 τοῦ
2480 4030 2729 4086 Ἰωάννου
2764 4030 2971 4101 πατὴρ,
3015 4030 3091 4093 ὡς
3137 4024 3251 4100 εἶχε
3283 4029 3478 4094 ποδῶν,
3522 4032 3603 4094 εἰς
3630 4028 3729 4083 τὸν

2146 4122 2256 4177 τῶν
2303 4119 2640 4193 Σαρακηνῶν
2686 4121 2991 4191 ἀπέτρεχεν
3033 4121 3274 4192 ἄρχοντα
3296 4120 3392 4190 (9),
3441 4121 3537 4173 καὶ
3566 4120 3726 4173 ποσὶν

2147 4212 2360 4267 ἐκείνου
2398 4212 2773 4285 προσέπιπτε,
2820 4210 2914 4268 τὸν
2959 4214 3185 4282 κόσμιον
3218 4215 3446 4284 Κοσμᾶν
3478 4213 3725 4278 ἐξαιτού-

2150 4321 2328 4377 μενος,
2359 4306 2455 4359 κα)⁸
2478 4304 2581 4376 τῆς
2609 4305 2879 4378 αἰτήσεως
2931 4306 3034 4359 οὐκ
3062 4306 3389 4361 ἑκπὲπτωκε
3414 4322 3427 4336 °
3455 4305 3726 4376 λαμϐάνει

2148 4397 2206 4452 δὲ
2245 4398 2417 4471 δῶρον
2470 4399 2563 4453 τὸν
2619 4397 2816 4453 πολλοῦ
2865 4397 3036 4462 δντως
3073 4398 3247 4466 ἄξιον,
3296 4400 3391 4453 καὶ
3417 4397 3724 4467 ἀπαγαγὼν

467 4493 628 4547 quem
655 4478 708 4533 in
743 4494 873 4536 suas
902 4482 1050 4539 aedes
1076 4483 1372 4541 adductum
1398 4486 1707 4553 solabatur,
1730 4487 2044 4548 diuturnis-

2149 4491 2229 4554 είς
2262 4490 2353 4544 τὸν
2383 4491 2514 4545 ῐδιον
2548 4485 2719 4557 οἷκον,
2761 4494 3068 4565 παρηγόρει
3107 4492 3203 4546 τὸν
3249 4491 3421 4560 ἄνδρα
3446 4531 3462 4557 ,
3496 4491 3593 4545 καὶ⁸
3620 4491 3726 4562 τῆς

468 4583 575 4637 que
604 4572 864 4628 arumnis
888 4574 1200 4630 confectum
1227 4579 1531 4635 recreabat.
1585 4579 1723 4635 Tum
1780 4590 1835 4636 et
1882 4582 2035 4651 ejus-

468 4660 616 4716 tnodi
657 4664 906 4732 quaedam
955 4667 1243 4738 adjiciens,
1296 4688 1314 4722 ι
1360 4669 1479 4726 Νοη
1513 4673 1697 4737 modo,
1752 4674 1951 4745 inquit,
1985 4677 2037 4730 in

468 4760 750 4822 posterum
776 4757 914 4815 liber
936 4775 1018 4827 es,
1038 4760 1134 4818 sed
1156 4769 1211 4817 et
1239 4762 1436 4821 domus
1469 4780 1602 4821 meae
1623 4774 1674 4821 te
1700 4776 2037 4835 consortem,

545 4929 591 4971 “
626 4933 817 4993 Matth.
847 4953 980 5007 xxv,
1018 4939 1110 4997 28.

2144 4582 2361 4653 μακρᾶς
2400 4580 2777 4645 κακοπαθείας
2813 4582 3051 4653 ἀνέψυχε
3076 4623 3092 4649 ,
3148 4583 3245 4637 καὶ
3285 4583 3512 4637 τοιαῦτα
3542 4582 3725 4650 λέγων

2146 4673 2474 4742 προσέθετο’
2523 4692 2543 4727 ι
2576 4674 2692 4727 Ούκ
2737 4670 2788 4727 εί
2826 4676 2987 4746 μόνον
3038 4676 3325 4745 ἐλεύθερος
3373 4675 3469 4729 τοῦ
3504 4673 3722 4738 λοιποῦ,

2144 4764 2283 4819 ἀλλά
2329 4767 2426 4821 καὶ
2474 4768 2733 4823 κοινωνόν
2781 4785 2842 4822 σε
2888 4767 2984 4821 τοῦ
3019 4768 3172 4823 οἴκου
3205 4785 3309 4840 μου
3354 4767 3545 4839 τίθημι
3568 4805 3587 4833 ,
3623 4765 3725 4821 καὶ

1974 5099 2209 5158 NOTAE.

539 5184 617 5257 (9)
650 5185 757 5253 Εις
788 5183 1317 5270 ξᾶμκΣαρσκῃνῷν
1356 5188 2036 5270 dpzorza._'_|‘lte0phaltes

468 5256 775 5330 ad'annum
810 5256 874 5311 18
905 5256 1223 5315 Constantis
1269 5256 1404 5330 imp.
1434 5256 1615 5316 refert
1655 5256 1885 5317 Maviain
1930 5262 2035 5315 Da-

468 5329 643 5398 masci
685 5342 890 5396 regiam
943 5343 1099 5383 suam
1154 5329 1413 5386 statuisse
1446 5333 1722 5387 exstincto
1769 5332 1852 5385 Ali
1879 5332 2039 5398 ,qui-

468 5397 685 5472 cumde
697 5398 941 5472 imperio
954 5401 1337 5472 contenderat.
1349 5402 1758 5472 Μονοκρατορεῖ
1773 5402 1802 5454 ὁ
1818 5397 2037 5463 Manta;

470 5467 763 5542 βασιλικῶς
793 5467 1125 5542 κατοικήσας
1162 5472 1227 5542 ἐν
1254 5467 1552 5541 Δαμασκῷ,
1585 5467 1893 5542 θησαυροὺς
1922 5474 2038 5525 ἐκεῖ

468 5536 805 5612 ἀποθέμενος
845 5536 1167 5612 χρημάτων.
1196 5541 1262 5612 Ais
1306 5536 1444 5612 vero
1493 5536 1785 5610 princeps,
1825 5542 1893 5597 de
1927 5558 2038 5612 quo

468 5607 808 5694 patriarcha.
845 5607 1377 5694 ilie’riosolymitanus
1434 5607 1737 5694 loquiturgh
1768 5607 2036 5694 quantum

468 5678 663 5755 rapio,
719 5684 815 5758 aut
865 5678 1268 5733 Abdelmelicus
1311 5689 1465 5745 erat,
1505 5678 1616 5735 ‘aut
1668 5678 1811 5740 ﬁlius
1864 5685 2039 5752 ipsius

469 5734 670 5810 Waltd,
710 5761 805 5817 qut
842 5746 1101 5804 defuncto
1140 5759 1313 5820 patre,
1345 5753 1592 5822 regnavit
1639 5767 1808 5823 usque
1841 5756 1906 5809 ad
1944 5771 2040 5808 an-

2138 5206 2268 5246 num
2297 5190 2511 5261 ilegira:
2559 5192 2649 5258 96,
2691 5193 2896 5250 Christi
2952 5193 3075 5250 τη.
3123 5193 3345 5251 Walido
3384 5204 3566 5251 autem
3610 5196 3726 5255 So-

2139 5262 2334 5336 lyman
2362 5264 2527 5318 frater
2560 5265 2682 5336 ejus
2738 5267 3027 5336 successit,
3089 5266 3360 5336 annisque
3404 5266 3619 5322 duobus
3654 5283 3722 5324 ac

2138 5332 2423 5405 mensibus
2453 5332 2601 5389 octo
2625 5335 2933 5405 imperavit.
2980 5334 3110 5405 Post
3145 5332 3469 5391 eum’Omar
3516 5337 3725 5390 Abdal-

2140 5402 2293 5455 haziz
2322 5406 2483 5459 annis
2506 5402 2740 5470 duobus,
2772 5405 2971 5460 deinde
3000 5404 3150 5460 Jezid
3177 5406 3322 5462 filius
3343 5406 3718 5473 Abdolmelec,

2139 5487 2204 5526 ac
2259 5473 2479 5546 tandem
2540 5475 2779 5546 Hostiam
2843 5476 2985 5530 filius
3046 5476 3295 5546 ejusdem
3359 5476 3723 5546 Abdolmelec

2141 5558 2317 5612 usque
2357 5545 2424 5598 ad
2456 5559 2658 5599 annum
2692 5545 2898 5601 Christi
2931 5545 3206 5613 742;sub
3247 5546 3352 5601 hoc
3384 5545 3620 5600 liesham
3656 5563 3724 5601 ac

2141 5611 2400 5671 deinceps
2430 5614 2697 5671 claruisse
2724 5615 3120 5671 Damascenutn
3162 5625 3411 5671 nostrum
3442 5615 3720 5670 dicemus.

2144 5627 2400 5679 deinceps
2430 5627 2697 5671 elarutsso
2724 5627 3120 5672 Damasccnum
3162 5627 3411 5683 nostrum
3442 5627 3720 5670 dicemus.

2144 5682 2258 5736 Sub
2315 5681 2532 5741 Walido
2598 5694 2778 5743 autem
2856 5686 3148 5744 Sarrazeni
3208 5685 3504 5758 llispanias
3561 5686 3726 5740 iuva.

2149 5763 2361 5806 serunt.

2149 5769 2361 5808 διτιίιηι.
