3974 6338
162 298 271 365 445

1236 308 1415 369 VITA
1455 308 1517 367 s.
1557 280 1883 368 JOANNIS
1924 307 2380 368 DAMASCENI.

3339 302 3448 367 446

164 419 551 485 συνδέσποτον,
576 420 696 474 κατ’
723 420 848 491 ἐμὲ,
880 422 1225 494 συμμέτοχόν
1250 442 1343 495 μοι
1364 424 1543 498 πάσης
1576 427 1749 497 χαρᾶς

1858 432 1914 480 et
1951 440 2062 481 una
2087 439 2302 482 mecum
2335 437 2402 478 et
2433 435 2593 493 aequo
2621 420 2908 477 dominum
2941 418 3245 485 constituo,
3280 434 3450 475 mea:-

164 530 222 567 τε
249 514 351 567 καὶ
386 512 642 583 θλίψεως.
678 512 853 567 Τοῦτο
886 513 947 567 δὲ
992 515 1156 586 μόνον
1191 518 1329 590 πρὸς
1356 520 1457 591 τῆς
1491 520 1591 590 σῆς
1621 520 1760 574 αἰτῶ

163 607 520 679 τιμιότητος,
550 608 639 661 ἵνα
664 606 857 663 τοῦτον
892 608 957 680 δή
1010 626 1101 681 μοι
1143 611 1238 666 τὸν
1283 614 1351 667 ὲκ
1388 612 1601 683 φύσεως
1643 613 1759 668 υἱδν

176 699 469 772 .Ιωάννην,
514 701 611 754 καὶ
662 700 853 756 τοῦτον
897 702 1036 775 δῇτα
1065 703 1158 759 τὸν
1191 704 1380 776 ἕτερον
1416 705 1511 761 τὸν
1544 707 1759 777 ὁμωνυ-

165 790 378 859 μοῦντά
413 807 531 855 σοι,
565 790 627 844 ὃν
654 790 751 845 καὶ
796 793 880 857 είς
909 793 1024 848 υἱὸν
1056 795 1408 869 ἐποιησάμην
1447 813 1756 867 πνευματι-

163 879 292 944 κὸν,
335 879 397 948 ἐξ
439 880 831 954 Ἱεροσολύμων
868 882 1227 956 ὁρμώμενον,
1263 886 1358 941 καὶ
1400 889 1497 957 ἀφ’
1529 888 1758 944 ἁπαλῶν

162 972 646 1043 ἀπορφανισθέντα
671 973 751 1046 τῷ
786 973 1020 1048 σώματι,
1056 978 1262 1045 πᾶσαν,
1299 978 1368 1051 ἢν
1411 975 1581 1047 οἶδας,
1623 997 1755 1034 παι-

160 1063 316 1118 δείαν
341 1064 441 1118 καὶ
466 1065 812 1136 φιλοσοφίαν,
838 1066 939 1140 τὴν
972 1068 1234 1140 θύραθεν,
1270 1072 1366 1126 καὶ
1400 1073 1434 1143 ή
1457 1072 1551 1127 τοῦ
1588 1072 1757 1128 πνεύ-

162 1173 337 1226 ματος
368 1158 531 1227 χάρις
555 1158 685 1223 τοὺς
713 1159 902 1227 ἀξίους
930 1161 1427 1236 ὲμυσταγώγησεν,
1456 1165 1752 1220 ἑκπαιδεύ-

160 1265 261 1321 σῃς
306 1252 407 1305 καὶ
435 1251 654 1323 διδάξῃς
687 1253 1120 1323 ἐπιμελέστατα.
1166 1274 1186 1309 ι
1232 1256 1292 1310 Ὀ
1334 1256 1393 1309 δὲ
1437 1256 1751 1327 φιλόσοφος,

157 1342 301 1413 πρὸς
329 1342 478 1415 ἅπερ
506 1345 767 1417 ἀκήκοεν,
791 1348 959 1413 ἵππος
985 1343 1056 1420 ἦν
1077 1349 1244 1414 εὐθὺς
1272 1349 1472 1421 δεσμὸν
1499 1351 1752 1423 ἀπορῤή·

157 1434 284 1501 ξας,
319 1436 418 1490 καὶ
457 1438 728 1510 κροαίνων
766 1442 909 1495 κατὰ
958 1442 1142 1496 πεδίου
1166 1457 1181 1473 ο
1230 1442 1266 1516 ἢ
1308 1443 1508 1513 ελαφός
1555 1461 1641 1508 τις
1673 1444 1753 1500 δι-

155 1526 345 1596 φῶτα,
376 1530 638 1601 καὶπρὸς
676 1533 860 1604 πηγὰς
891 1534 1104 1589 ὑδάτων
1130 1535 1551 1610 ἐκπεμπομένη.
1580 1532 1753 1603 Εἷπες

158 1621 225 1674 ἂν
285 1621 456 1678 αὐτδν
520 1617 633 1678 οἷόν
690 1642 813 1680 τινα
863 1628 1040 1682 Μίδαν
1092 1629 1354 1699 μεγάλοις
1404 1629 1750 1700 ὲντετυχὲναι

160 1712 463 1785 θησαυροῖς
503 1715 599 1769 τοῦ
632 1716 857 1789 χρυσοῦ.
893 1720 1151 1775 Τοιοῦτον
1174 1720 1314 1793 ἔχων
1344 1720 1482 1793 πρὸς
1514 1722 1577 1776 τὸ
1602 1723 1748 1794 πρᾶ-

157 1822 278 1875 γμα
306 1805 368 1859 τὸ
412 1807 698 1880 πρόθυμον
720 1848 737 1874 ,
771 1811 899 1876 τοὺς
927 1812 1082 1878 νέους
1121 1813 1566 1886 ἀναλαμϐάνεται
1589 1854 1607 1883 ,
1652 1813 1749 1869 καὶ

160 1896 493 1952 καθίσταται
521 1899 737 1956 τούτοιν
763 1901 1104 1969 διδάσκαλος.

226 2074 334 2132 IA'.
382 2076 441 2132 Ὀ
469 2077 527 2132 δὲ
563 2078 821 2153 Ἰωάννης
860 2080 1023 2147 ἀετὸς
1054 2078 1124 2155 ἦν
1149 2081 1291 2156 ἀέρα
1317 2083 1743 2158 διαπετὼμενος,

156 2168 232 2232 ὡς
263 2169 501 2241 πτέρυξι
545 2170 831 2244 χρώμενος
853 2216 869 2240 ,
900 2174 1104 2248 εὐφυία
1130 2175 1349 2247 φύσεως
1398 2177 1494 2233 καὶ
1542 2181 1745 2253 σπουδῇ

155 2260 559 2332 προαιρέσεως.
609 2261 667 2321 Ὀ
706 2262 764 2317 δὲ
810 2264 954 2320 κατὰ
1003 2266 1228 2339 πνεῦμα
1278 2266 1472 2323 τούτου
1517 2270 1748 2341 ἀδελφὸς

153 2354 247 2405 καὶ
293 2352 628 2427 συμμύστης
674 2355 840 2411 αὑτοῦ
888 2359 1123 2430 Κοσμᾶς
1147 2376 1210 2427 ιι,
1264 2359 1399 2425 ναῦς
1434 2357 1504 2434 ἦν
1555 2363 1747 2429 ἱστίοις

152 2446 575 2518 πτερυσσομένη
600 2448 712 2517 (10)
738 2488 754 2514 ,
799 2450 894 2503 καὶ
923 2452 1115 2523 φορτὶς
1146 2454 1425 2528 φερομένη
1465 2456 1589 2510 καθ’
1622 2457 1747 2512 ὑδά-

150 2556 280 2603 των,
320 2538 400 2609 τῷ
446 2538 721 2611 πνεύματι
766 2539 1022 2615 ὲξουρίας
1065 2544 1218 2616 αὐτῷ
1257 2564 1318 2600 τε
1360 2548 1599 2614 πνέοντι,
1652 2553 1747 2607 καὶ

151 2631 467 2702 ζεφυρῶδες
525 2632 635 2687 ἀπὸ
685 2634 946 2708 πρύμνης
1020 2638 1285 2707 φυσῶντι.
1345 2641 1538 2707 Οὕτως
1587 2645 1746 2716 τάχει

150 2722 369 2791 φύσεως
403 2724 500 2778 καὶ
542 2726 782 2797 σπουδῆς
813 2730 1070 2802 συντονίᾳ
1096 2730 1183 2787 διὰ
1210 2733 1461 2806 βραχέων
1483 2736 1743 2811 συνελέγη

147 2811 363 2879 τούτοις
388 2813 540 2868 ἇπαν
576 2817 1002 2877 σπουδαιότατον
1036 2823 1292 2897 μάθημα,
1324 2827 1449 2881 ὅσον
1483 2845 1748 2901 γραμμα-

147 2902 331 2973 τικῆς,
369 2904 498 2959 ὅσον
545 2905 897 2981 διαλεκτικῆς
932 2930 995 2967 τε
1046 2913 1143 2969 καὶ
1195 2916 1607 2993 ἀποδεικτικῆς.
1662 2923 1743 2995 Τῇ

147 2995 202 3047 δὲ
233 2994 407 3067 ἡθικῇ
439 2996 734 3072 φιλοσοφίᾳ
769 3000 832 3055 οὗ
871 3003 964 3058 τὸν
991 3005 1119 3060 νοῦν
1155 3007 1321 3078 μόνον
1355 3010 1631 3083 ἐκόσμουν
1655 2994 1744 3069 διά

1861 530 1969 586 que
2005 522 2122 572 tum
2156 514 2361 571 laetitiae
2396 523 2513 570 tum
2554 512 2915 568 alllictionum
2948 512 3292 583 participem.
3329 509 3447 567 Hoc

1860 618 2043 666 autem
2080 624 2251 665 unum
2286 616 2343 665 te
2395 622 2553 679 rogo,
2599 606 2684 662 vir
2740 607 3083 673 honorande,
3146 614 3207 662 ut
3261 620 3444 661 meum

1858 701 2009 757 hunc
2066 717 2234 774 quem
2292 716 2323 757 a
2386 709 2586 756 natura
2647 698 2865 768 suscepi
2918 698 3110 765 filium,
3166 700 3448 768 istumque

1857 795 2116 859 alterum,
2166 793 2257 851 cui
2300 794 2447 850 idem
2503 807 2571 848 ac
2628 792 2724 848 tibi
2784 806 2983 847 nomen
3045 799 3131 847 est
3176 808 3449 862 quemque

1856 885 2258 959 Hierosolymis
2317 884 2641 950 oriundum,
2699 891 2756 940 et
2786 892 2976 939 tenera
3038 882 3223 937 adhuc
3284 890 3447 937 aetate

1855 980 2185 1052 parentibus
2202 979 2486 1047 orbatum,
2512 979 2570 1034 in
2603 976 2774 1032 tilium
2797 976 3144 1052 spiritualem
3164 974 3448 1044 adoptavi,

1854 1040 2009 1129 omni
2038 1080 2152 1128 tam
2189 1040 2504 1145 peregrina,
2536 1086 2703 1144 quam
2729 1086 2792 1127 ea
2822 1040 2934 1142 qua
2983 1040 3227 1140 gpiritus
3270 1040 3448 1122 sancti

1854 1169 2031 1239 gratia
2080 1167 2279 1239 dignos
2324 1166 2549 1226 imbuit.
2609 1163 2927 1221 eruditione
2978 1161 3128 1215 omni
3163 1166 3219 1214 et
3268 1157 3450 1228 philo-

1854 1258 2074 1327 sophia,
2109 1258 2273 1329 cujus
2314 1258 2607 1314 scientiam
2637 1266 2818 1319 tenes,
2851 1268 3121 1324 perquam
3156 1251 3450 1322 diligenter

1852 1348 2134 1406 instituas.
2182 1369 2201 1402 ι
2243 1348 2340 1405 His
2371 1348 2603 1415 auditis,
2652 1346 3023 1418 philosophus
3074 1342 3262 1400 statim
3302 1355 3449 1411 equo

1852 1459 1951 1514 per
1975 1459 2231 1517 campum
2258 1444 2496 1500 vinculis
2542 1440 2849 1498 confractis
2873 1438 3146 1502 currenti,
3170 1445 3264 1491 aut
3284 1449 3447 1491 cervo

1851 1537 2085 1606 sitienti,
2121 1546 2175 1595 et
2220 1538 2288 1594 ad
2328 1537 2509 1594 fontes
2556 1550 2830 1607 aquarum
2868 1533 2950 1588 ire
3003 1530 3277 1602 permisso
3307 1543 3446 1583 con—

1851 1631 2053 1688 similis
2084 1638 2228 1705 erat.
2264 1630 2516 1689 Dixisses
2565 1643 2692 1685 eum
2719 1627 2899 1683 instar
2943 1623 3108 1679 Midae
3157 1621 3443 1693 cujusdam

1853 1721 1909 1777 in
1964 1738 2194 1794 magnos
2263 1724 2383 1779 auri
2421 1723 2717 1778 thesauros
2785 1716 3073 1773 incidisse.
3102 1714 3221 1781 Qua
3279 1714 3448 1785 igitur

1851 1812 2023 1868 animi
2056 1813 2344 1869 alacritate
2398 1811 2469 1867 ad
2504 1826 2645 1882 opus
2679 1804 3110 1880 aggrediendum
3143 1803 3444 1871 ferebatur,

1850 1914 1966 1960 tum
1997 1905 2387 1964 adolescentes
2430 1904 2687 1976 suscipit,
2747 1910 2802 1958 et
2853 1900 3145 1955 amborum
3182 1898 3448 1969 magister

1846 1998 2169 2070 praeficitur.

1916 2090 2013 2145 XI.
2045 2090 2273 2147 Joannis
2303 2098 2353 2146 et
2403 2088 2612 2147 Cosam
2675 2085 2918 2143 Junioris
2981 2083 3272 2157 ingenium,
3316 2096 3446 2151 pro—

1845 2199 2075 2253 gressus,
2109 2184 2387 2256 theologitr
2412 2182 2627 2254 peritia.
2656 2211 2726 2224 --
2750 2180 2993 2237 Joannes
3021 2192 3193 2250 porro
3224 2175 3444 2248 egregia

1848 2290 1950 2332 sua
2007 2275 2216 2342 indole,
2269 2289 2487 2331 necnon
2545 2280 2815 2344 promptae
2877 2271 3184 2328 voluntatis
3235 2268 3446 2335 studio;

1847 2384 1950 2425 ceu
1970 2369 2168 2440 pennis
2197 2375 2253 2425 et
2286 2369 2391 2426 alis
2421 2367 2756 2438 quibusdam
2789 2366 3131 2429 instructus,
3170 2363 3237 2417 ad
3263 2363 3444 2418 instar

1849 2462 2049 2534 aquila:
2086 2461 2290 2517 coelum
2350 2458 2678 2531 pervolabat
2714 2474 2729 2524 ;
2768 2458 2999 2515 Cosmas
3057 2462 3241 2510 autem
3290 2453 3447 2509 illius

1847 2553 2150 2611 secundum
2175 2552 2431 2624 spiritum
2455 2550 2628 2607 frater
2660 2558 2719 2607 et
2764 2545 3187 2618 condiscipulus
3246 2559 3442 2600 navem

1846 2648 2125 2706 referebat
2152 2647 2335 2718 passis
2366 2644 2614 2715 undique
2654 2643 2795 2699 velis
2827 2642 3056 2707 alatam,
3116 2644 3213 2692 aut
3249 2649 3449 2692 onera-

1845 2737 1988 2793 riam
2022 2737 2289 2808 aliquam,
2334 2750 2459 2806 qua:
2490 2733 2754 2791 secundis
2792 2732 2947 2787 auris
2980 2727 3361 2801 aspirantibus
3388 2736 3448 2782 et

1846 2830 2105 2902 zephyris
2133 2842 2165 2884 a
2195 2828 2366 2900 puppi
2413 2826 2701 2890 flantibus,
2767 2840 2867 2896 per
2922 2822 3102 2879 undas
3163 2827 3446 2893 ageretur.

1848 2922 2008 2979 Unde
2045 2921 2250 2978 factum
2300 2926 2409 2986 est,
2446 2926 2510 2974 ut
2561 2917 2771 2990 ingenii
2824 2916 3156 2988 pernicitate
3191 2921 3247 2968 et
3304 2927 3446 2967 con-

1845 3014 2095 3070 tentione
2141 3011 2313 3069 studii
2348 3009 2502 3066 brevi
2555 3016 2801 3079 tempore
2862 3007 3155 3064 collectum
3216 3004 3288 3061 ab
3336 3003 3449 3059 illis

147 3090 246 3157 τῆς
275 3088 424 3185 ica—td
457 3089 661 3185 ταύτην
704 3093 1020 3165 μαθήσεως,
1052 3098 1191 3154 ἀλλὰ
1230 3101 1327 3156 καὶ
1353 3103 1414 3157 τὸ
1436 3104 1539 3176 τῆς
1565 3106 1745 3177 ψυχῆς

1852 3103 2037 3173 fuerit,
2065 3102 2338 3175 quidquid
2365 3103 2422 3158 in
2461 3099 2823 3174 grammatica
2858 3106 2913 3155 et
2944 3096 3242 3154 dialectica
3270 3101 3443 3166 atque

145 3180 467 3253 ταραχῶδες
509 3183 885 3241 κατέστελλον.
926 3189 1041 3242 Καὶ
1079 3189 1158 3256 ὡς
1209 3193 1370 3259 ἀετὸς
1420 3195 1479 3249 δὲ
1530 3196 1748 3268 βλέπων

1854 3198 1910 3253 ἱη
1949 3198 2069 3266 ipsa
2103 3194 2519 3255 demonstrandi
2549 3202 2669 3249 arte
2692 3193 3009 3249 continetur
3045 3209 3058 3247 :
3090 3189 3285 3246 morali
3315 3203 3448 3244 vero

144 3273 265 3340 ὀξὺ,
314 3271 496 3337 οὕτως
550 3269 693 3347 ἦσαν
748 3278 950 3335 ἐκεῖνοι
996 3280 1138 3353 πρὸς
1187 3283 1316 3349 τοὺς
1365 3284 1474 3340 τῶν
1533 3287 1748 3357 φύσεων

142 3366 344 3435 λόγους
386 3368 772 3442 ἀσκαρδαμυτὶ
799 3373 1163 3442 ἀτενίζοντες.
1213 3378 1531 3449 Ἀναλογίας
1560 3381 1619 3436 δὲ
1651 3383 1750 3437 καὶ

144 3461 529 3534 ἀριθμητικὰς
579 3463 755 3530 οὕτως
801 3467 1179 3541 ὶξησκὴκασιν
1210 3471 1462 3542 εὐφυῶς,
1510 3473 1587 3539 ὡς
1634 3476 1748 3528 Πυ-

146 3552 384 3623 θαγόραι
410 3552 442 3623 ἦ
469 3553 760 3624 Διοφάνται
779 3555 1284 3632 (Η).Γεωμετρίας
1308 3562 1367 3617 δὲ
1393 3562 1492 3635 τὴν
1522 3564 1746 3619 ἀπόδει-

145 3647 229 3711 ξιν
251 3645 435 3711 οὕτως
469 3647 965 3721 ὲξεπαιδεύθησαν,
990 3652 1067 3715 ὡς
1100 3652 1400 3720 Εὐκλείδας
1428 3655 1586 3721 τινὰς
1617 3658 1747 3712 τοῦ·

145 3757 276 3804 τους
313 3741 495 3795 δοκεῖν
519 3782 535 3807 ,
575 3743 673 3798 καὶ
698 3742 900 3808 οἵτινες
943 3744 1094 3800 ἄλλοι
1139 3747 1454 3819 παρόμοιοι.
1503 3752 1643 3823 Περὶ
1688 3751 1749 3807 δὲ

36 3850 39 3857 ’
144 3832 243 3902 τὴν
281 3834 594 3905 ἁρμονικὴν
612 3834 728 3906 (l2)
772 3836 1009 3892 τοιοῦτοι
1037 3839 1364 3909 γεγόνασιν,
1413 3842 1591 3897 ὁποῖοι
1638 3844 1749 3917 ἄρα

147 3922 208 3988 ἐξ
260 3918 338 3978 ὧν
394 3926 931 3999 ὲμουσουργήσασαν
996 3929 1160 3985 θείων
1230 3932 1586 4005 μελισμάτων
1636 3937 1750 4002 τοῖς

154 4020 398 4085 συνετοῖς
432 4020 883 4092 καταφαίνονται.
926 4022 1065 4097 Περὶ
1108 4023 1167 4079 δὲ
1212 4024 1582 4099 ἀστρονομίας
1602 4027 1743 4100 (f3),

1847 3290 2143 3360 disciplina
2192 3290 2276 3346 sic
2332 3298 2571 3345 mentem
2601 3286 2950 3353 excolebant,
2979 3294 3040 3340 ut
3092 3283 3447 3339 turbulentos

1847 3382 2014 3438 etiam
2046 3381 2219 3438 animi
2254 3388 2447 3437 motus
2475 3384 2920 3451 compescerent,
2948 3383 3003 3433 et
3028 3390 3194 3448 quam
3250 3381 3446 3431 acutos

1848 3474 1905 3529 in
1930 3474 2102 3530 solem
2163 3474 2376 3545 aquila,
2406 3480 2518 3527 tam
2545 3472 2625 3527 illi
2657 3473 2949 3528 irretortos
2981 3470 3037 3525 in
3059 3483 3246 3525 rerum
3280 3476 3446 3522 natu-

1848 3565 2052 3622 ralium
2076 3566 2325 3621 rationes
2385 3566 2580 3621 oculos
2618 3563 2952 3637 deligebam.
3006 3561 3089 3617 Ad
3141 3560 3259 3615 haec
3315 3573 3448 3629 pro—

1847 3658 2133 3727 portiones
2182 3657 2561 3714 arithmeticas
2614 3670 2728 3712 non
2781 3652 2986 3710 minori
3020 3651 3359 3710 dexteritate
3392 3658 3449 3705 et

1848 3750 2137 3824 diligentia
2175 3750 2587 3814 discusserunt,
2638 3755 2805 3820 atque
2860 3746 3189 3820 Pythagorae
3220 3751 3276 3801 et
3316 3742 3448 3798 Dio-

1848 3843 2463 3918 phanli..6eometriam
2517 3849 2700 3899 autem
2762 3840 2839 3899 ita
2892 3837 3333 3910 perdidicerunt,
3387 3841 3449 3888 ut

1849 3937 1980 3995 novi
2018 3936 2242 4009 quidam
2291 3934 2537 3992 Euclida:
2566 3934 2912 4000 viderentur,
2959 3939 3055 3986 aut
3089 3930 3137 3986 si
3198 3927 3293 4001 qui
3353 3925 3444 3980 alii

1850 4031 2063 4088 similes
2092 4031 2214 4103 ejus
2239 4029 2487 4090 fuerunt.
2523 4028 2581 4087 In
2612 4027 2937 4089 harmonice
2962 4025 3101 4085 tales
3125 4027 3443 4088 evaserunt.

1447 4164 1682 4222 νΑΒῐΑΞ
1724 4166 2131 4229 LECTIONES.

233 4253 277 4279 ³·
304 4245 517 4306 Desunt
539 4250 660 4307 haec
701 4250 761 4307 in
809 4250 973 4318 edit.,
1001 4251 1282 4310 habentur
1307 4253 1364 4312 in
1404 4255 1473 4313 Il.

1687 4411 1923 4474 NOTAE.

155 4588 420 4659 Κοσμέἰς.
452 4589 709 4659 Cosmam
742 4589 934 4654 istum,
966 4585 1128 4657 quem
1154 4585 1327 4643 Graeci
1363 4603 1394 4643 a
1424 4585 1742 4647 divinorum

155 4664 243 4731 qui
280 4658 287 4659 7
317 4662 391 4731 in
429 4658 693 4731 ecclesiis
750 4660 996 4731 ipsorum
1074 4669 1383 4731 canuntur;
1412 4660 1743 4731 hymnorum

153 4728 555 4802 rompositione
592 4729 843 4802 Μελῳδδν
887 4736 1106 4793 vocant,
1143 4728 1532 4802 adoptatitium
1564 4732 1742 4789 fuisse

151 4798 377 4857 Joannis
410 4801 732 4853 Damascem
784 4798 1010 4854 fratrem
1039 4840 1053 4863 ,
1086 4799 1316 4868 perinde
1368 4810 1561 4856 narrat
1599 4802 1749 4859 (Βοηιι

153 4875 434 4928 stantinus
485 4869 840 4939 Acropolita,
897 4868 951 4923 in
1012 4870 1431 4939 paraphrastico
1481 4887 1747 4929 sermone

152 4961 251 4997 suo
280 4964 294 4998 :
324 4942 441 4997 Καὶ
470 4942 502 5013 δ
541 4942 647 5010 πρὸ
681 4939 847 5013 αὐτοῦ
881 4939 1063 5013 τεθεὶς
1093 4940 1175 5013 είς
1189 4940 1323 5013 bibi)
1359 4944 1586 5013 γνησίου
1617 4960 1746 4997 στε-

156 5016 308 5092 ρήσει
321 5009 702 5092 χεννῂματος,
733 5012 762 5065 ὁ
791 5009 1093 5092 θαυμάσιος
1116 5009 1312 5092 κλῆσίν
1338 5028 1398 5092 τε
1425 5009 1519 5067 καὶ
1542 5013 1746 5085 τρόπον

154 5080 402 5155 Koma;
452 5080 525 5135 At
563 5096 696 5136 vero
741 5080 1095 5155 sanctissimo
1121 5081 1367 5155 “doctori
1397 5080 1742 5155 _gernianum

158 5150 340 5220 postea
380 5163 575 5223 natum
606 5165 729 5207 esse
770 5152 995 5223 fratrem
1050 5150 1251 5223 colligo
1280 5167 1358 5223 ex
1396 5150 1518 5209 Vita
1564 5155 1744 5223 sancti

157 5226 422 5293 Stephani
465 5222 723 5279 Sabaitzc.
754 5223 846 5292 qui
883 5221 1048 5293 hujus
1077 5221 1233 5293 filius
1264 5222 1439 5280 fuisse
1469 5221 1669 5280 fertur.

226 5290 337 5367 (lt)
390 5294 494 5360 Ὠς
534 5290 872 5367 Πυθαγόραι
907 5291 1007 5367 καὶ
1042 5290 1393 5367 Αιοφάντᾳι.
1428 5293 1742 5366 Legendnm

154 5361 351 5438 melius
396 5371 564 5438 puto,
589 5361 914 5438 Amedwoc.
959 5361 1184 5418 Suidas.
1224 5361 1532 5438 ΔΔιόφαντος
1571 5367 1747 5438 ὄνομα

154 5437 343 5507 κόριον
369 5432 772 5507 “Disp/tantus
813 5432 1367 5507 nomrn‘proprium,
1406 5450 1533 5491 cum
1587 5432 1743 5491 multi

151 5503 271 5575 ejus
329 5506 574 5561 nominis
620 5505 972 5569 exstiterint,
1002 5503 1079 5575 _iu
1136 5504 1330 5574 primis
1381 5507 1745 5564 arithmetica:

154 5572 404 5634 scientia:
471 5575 633 5632 laude
696 5576 955 5630 inclaruit
1002 5572 1347 5644 Diophautus
1411 5576 1743 5633 Alexandri-

156 5665 280 5710 nus,
338 5647 506 5717 cujus
558 5662 652 5702 sex
702 5646 780 5717 De
830 5645 1183 5717 arithmetica
1212 5646 1336 5701 libri
1364 5646 1496 5702 editi
1538 5658 1665 5703 sunt
1712 5665 1743 5703 a

154 5720 369 5775 Joanne
413 5715 683 5787 'Gaspare
752 5715 994 5770 Bacheto
1050 5715 1346 5771 Maziriaco
1413 5719 1740 5782 Sebusiano,

162 5791 343 5846 Paris.
400 5786 561 5845 1621.
622 5786 906 5843 Tredccim
953 5802 1083 5843 vero
1140 5790 1415 5842 asservari
1468 5790 1621 5845 aiunt
1686 5791 1741 5846 iu

415 4518 492 4603 'Q
538 4517 609 4571 δέ
676 4518 829 4603 mf?
885 4515 1123 4586 πνεῦμα
1157 4516 1401 4603 ητοῦιζου
1441 4519 1742 4603 ηάᾇεολςοὸς
1777 4509 1822 4563 D
1851 4529 2185 4587 bibliotheca
2206 4530 2498 4590 Vaticana.
2526 4531 2627 4589 Hic
2650 4548 2771 4590 eam
2792 4533 3173 4591 arithmetices
3203 4543 3451 4603 partem...

1850 4617 1973 4675 qua:
2023 4603 2258 4675 Arabica
2307 4620 2443 4660 voce
2495 4604 2726 4675 Algebra
2771 4605 2939 4662 hodie
2998 4605 3450 4675 vocitatur,ada

1850 4672 2083 4754 invenit,
2146 4682 2276 4731 ante
2329 4672 2595 4754 saeculum
2654 4675 2942 4754 Ecc_l_csia3_
2976 4678 3266 4754 quintum._
3305 4674 3448 4733 Nam

1849 4745 1966 4818 ipse
1996 4753 2223 4818 putatur
2252 4760 2376 4818 esse
2400 4785 2414 4807 ,
2463 4746 2517 4799 in
2550 4762 2714 4816 quem
2746 4745 3169 4818 Hy'patia"virgo
3205 4745 3449 4818 Alex_an«

1847 4814 2003 4939 griua
2044 4817 2245 4871 eximie
2283 4816 2470 4882 docta,
2501 4814 2934 4873 commentarios
2977 4814 3274 4888 scripsisse
3315 4814 3440 4871 Suir

1887 4899 1947 4939 as
1978 4896 2193 4939 narrat.

1887 4899 1947 4940 38
1978 4896 2193 4941 narrat.

1920 4955 2037 5027 (12)
2092 4957 2232 5025 Περὶ
2282 4956 2353 5011 δὲ
2404 4956 2521 5025 τὴν
2559 4957 2913 5028 ἀρμονικήν.
2962 4957 3211 5014 Eximios
3270 4957 3451 5013 fuisse

1847 5034 2041 5095 poetas
2076 5036 2130 5082 et
2161 5028 2411 5084 musicos
2443 5030 2700 5095 Cosmam
2742 5036 2797 5084 et
2847 5029 3117 5086 Joannem
3164 5036 3443 5084 testantur

1848 5111 1970 5165 qua:
2000 5107 2295 5169 supersunt
2324 5098 2507 5169 hodie,
2540 5113 2700 5155 sacra
2729 5098 2975 5168 ipsorum
3019 5100 3290 5160 carmina,
3317 5113 3445 5166 qua)

1847 5168 2102 5240 canones
2130 5168 2361 5224 vocitari
2406 5169 2608 5233 solent,
2644 5184 2878 5240 quaque
2919 5168 3119 5225 Suidas
3145 5168 3223 5221 ait
3276 5174 3447 5221 tautze

1847 5238 2138 5310 elegantia:
2166 5255 2345 5310 esse.
2369 5247 2429 5295 ut
2477 5255 2602 5294 cum
2634 5240 2704 5295 iis
2738 5238 2888 5310 nulla
2922 5241 3094 5294 altera
3126 5242 3444 5308 comparari

1851 5308 2080 5381 queant,
2110 5311 2252 5381 ὥστε
2286 5308 2578 5381 σύγκρισιν
2604 5310 2709 5363 οὑκ
2738 5309 3010 5381 ἐδέξαντο.

1919 5380 2035 5445 (l5)
2093 5380 2234 5449 Περὶ
2289 5377 2374 5435 δὲ
2424 5377 2851 5449 ἆστρυνομίας.
2915 5378 2993 5433 De
3054 5377 3442 5434 astronomicis

1845 5449 2046 5507 Noster
2076 5453 2189 5522 agit
2220 5451 2315 5507 lib.
2353 5467 2391 5506 ιι
2430 5451 2520 5522 οε
2546 5450 2652 5517 ﬁde
2694 5449 2993 5505 orthodoxa
3017 5463 3187 5522 ,_cap_.
3242 5449 3295 5522 '_7,
3350 5450 3445 5506 ubi

1847 5524 1914 5576 de
1952 5520 2205 5578 cmlo‘et
2253 5523 2445 5579 astris.
2501 5520 2767 5591 Superest
2812 5522 2977 5577 etiam
3040 5520 3206 5577 hodie
3244 5520 3441 5576 Later—

1846 5593 2009 5649 culus
2036 5594 2348 5650 inveniendi
2382 5592 2667 5663 Paschatis
2706 5599 2793 5647 sat
2831 5597 3086 5663 exactus,
3126 5606 3293 5663 quem
3326 5591 3443 5661 ipsc

1847 5667 2180 5736 composuit,
2214 5666 2456 5736 itemque
2486 5662 2855 5734 fragmentum
2883 5662 3204 5736 prolixioris
3231 5664 3449 5736 operis,

1851 5734 1905 5790 iu
1947 5752 2055 5807 quo
2091 5736 2159 5792 de
2189 5733 2746 5807 cursu—planetarum
2786 5733 3086 5791 tractabat.
