3974 6338
487 407 589 474 ω

1535 405 1713 467 VITA
1753 406 1814 467 S.
1845 403 2164 469 JOANNIS
2193 404 2646 468 DAMASCENI.

3636 395 3746 459 4-5-8

489 521 681 592 quales
715 533 746 572 a
775 516 911 573 viris
947 514 1143 586 peritis
1178 513 1393 584 probati
1446 513 1600 570 fuere
1629 532 1693 570 ex
1729 517 2070 572 carminibus

2191 520 2296 570 ὅσον
2319 518 2378 569 ἐν
2400 503 2734 584 διαστήμασι
2761 509 2857 566 καὶ
2879 510 3280 581 σχηματισμοῖς
3308 507 3405 562 καὶ
3433 505 3748 575 ἁναλογίαις

489 620 544 667 et
565 610 797 664 canticis
841 623 963 679 quae
1021 607 1291 664 modulati
1323 617 1474 664 sunt.
1537 606 1720 679 [VIII]
1771 607 1879 663 Sed
1914 607 2063 678 quod

2191 610 2275 662 τῶν
2299 607 2675 661 ’ἀποστάσεων
2699 644 2714 670 ,
2763 603 2868 658 κάν
2904 602 3078 676 μικρά
3124 601 3369 672 διεξῆλθε
3409 600 3538 672 περὶ
3566 600 3750 654 αὐτῶν

490 698 686 752 attinet
712 697 779 751 ad
802 698 1220 763 astronomiam,
1247 713 1562 771 quanquam
1596 711 1770 767 pauca
1809 697 1875 751 de
1899 697 2068 752 inter-

490 789 669 851 vallis,
699 789 909 857 ﬁguris,
957 796 1013 845 et
1056 805 1372 845 recessuum
1431 788 1684 860 aequabili
1742 789 1952 843 ratione
1997 787 2068 842 ad

491 879 714 933 brevem
747 879 1036 934 rudiornm
1061 881 1426 936 eruditionem
1461 880 1796 937 cdisseruit:
1828 889 2070 950 quantus

493 981 676 1025 tamen
718 970 774 1025 in
815 986 882 1026 ea
913 971 1156 1028 Joannes
1189 972 1482 1036 exstiterit,
1532 973 1651 1042 ejus
1686 971 1890 1041 scripta
1936 971 2074 1025 satis

493 1079 771 1134 superque
829 1063 1166 1134 signiﬁcant.
1217 1063 1368 1120 Talis
1435 1064 1689 1134 equidem
1743 1073 1800 1120 et
1844 1062 2074 1118 Cosmas

2168 701 2250 762 είς
2281 697 2541 769 βραχεῖαν
2569 695 2678 749 τῶν
2711 694 2936 750 ίδιωτῶν
2971 694 3180 765 εἴδησιν
3202 733 3217 759 ,
3263 690 3376 756 οἷος
3423 694 3452 747 ό
3491 692 3749 762 Ἰωάννης

2173 791 2233 856 ἐξ
2255 785 2329 844 ὧν
2356 790 2606 860 γέγραφε
2648 789 3044 858 καταφαίνεται
3072 802 3089 820 ν
3138 785 3383 850 τοιοῦτος
3419 785 3484 856 δὴ
3532 784 3749 847 πάντως

2175 879 2270 934 καὶ
2311 879 2342 930 ό
2381 879 2628 948 Κοσμᾶς.
2673 875 2816 929 ’Δλλ’
2857 876 2888 928 ό
2922 874 3052 947 περὶ
3101 873 3293 928 τούτου
3335 872 3490 942 λόγος
3541 870 3754 940 ἑτέροις

2177 969 2380 1024 κείσθω
2405 986 2420 1000 ·
2458 970 2486 1021 ὁ
2525 969 2781 1038 Ἰωάννης
2819 966 2927 1038 γὰρ
2963 967 3101 1038 ἡμῖν
3143 965 3256 1020 τῶν
3301 962 3596 1034 ἐγκωμίων
3623 961 3752 1015 ὑπό-

2181 1061 2352 1124 θεσις.

494 1162 612 1208 erat
645 1173 658 1207 :
697 1153 796 1208 sed
849 1153 919 1210 de
969 1154 1224 1210 laudibus
1275 1154 1398 1224 ejus
1432 1170 1744 1212 sermonem
1795 1154 2072 1223 relinquo.
2106 1151 2221 1209 Hoc
2247 1153 2392 1209 enim
2421 1151 2554 1208 mihi
2602 1150 2947 1224 propositum
2981 1158 3070 1206 est
3139 1157 3201 1204 ut
3246 1146 3478 1203 Joannis
3561 1145 3751 1200 laudes

497 1253 810 1302 contexam.

568 1342 687 1397 Xll.
745 1342 1076 1414 Tlteolagicis
1133 1347 1431 1415 prwsertim
1487 1345 1721 1400 student.
1776 1342 2072 1398 ﬂrtmilitas

497 1433 958 1502 Joannis.—-—Quis
979 1453 1145 1507 porro
1177 1447 1429 1494 exactam
1463 1439 1610 1494 illius
1642 1438 2073 1508 theologieorum

501 1528 829 1597 placitorum
887 1530 1176 1585 scientiam
1205 1541 1258 1586 et
1291 1532 1695 1586 aceurationem
1744 1545 1856 1585 non
1900 1544 2070 1600 agno-

503 1627 621 1673 seat
643 1629 695 1673 et
723 1621 1027 1677 admiretur
1051 1638 1115 1677 ex
1151 1623 1473 1679 elementari
1503 1624 1645 1694 ejus,
1673 1624 1779 1690 vel,
1801 1631 1858 1677 ut
1884 1622 2078 1678 melius

2249 1338 2349 1393 IB'.
2397 1335 2472 1389 Τδ
2508 1336 2566 1390 δὲ
2614 1336 2673 1389 ἐν
2726 1334 3030 1404 θεολογίαις
3075 1331 3240 1387 αὑτοῦ
3294 1331 3391 1386 καὶ
3444 1331 3752 1403 ἀκριϐείαις

2173 1431 2459 1502 δογμάτων
2478 1432 2569 1493 τίς
2613 1429 2715 1483 οὐκ
2753 1426 3121 1496 ἐπιγνώσεται
3163 1426 3258 1480 καὶ
3286 1425 3652 1496 θαυμάζεται,
3687 1426 3754 1478 ἐκ

2175 1522 2277 1592 τῆς
2347 1521 2759 1592 στοιχειωτικῆς
2811 1518 2977 1573 αὑτοῦ
3039 1518 3224 1589 βίϐλου
3245 1517 3390 1587 (14),
3450 1517 3650 1588 μᾶλλον
3696 1517 3756 1570 δέ

2178 1611 2494 1666 παντελείου
2544 1612 2601 1664 ἐν
2651 1610 2945 1681 δόγμασιν,
2977 1609 3043 1681 ἥν
3095 1609 3160 1664 ἀν
3203 1625 3286 1672 τις
3345 1609 3552 1672 παντὸς
3596 1609 3758 1677 λόγου

503 1712 703 1776 dicam,
727 1713 1140 1771 absolutissima
1163 1717 1219 1771 in
1258 1717 1587 1788 dogmaticis
1640 1718 1800 1782 libro,
1825 1731 1989 1787 quem
2029 1714 2077 1770 si

2191 1703 2338 1773 59006
2384 1701 2704 1773 νομοθεσίας
2733 1703 2876 1773 ἐρεῖ,
2909 1701 3004 1754 καὶ
3035 1699 3251 1764 πλάκας
3293 1699 3622 1765 Μωσαῖκάς,
3656 1701 3760 1752 οὐκ

504 1807 632 1875 quis
679 1809 846 1864 totius
881 1820 1043 1864 recta:
1071 1810 1338 1866 doctrinae
1354 1813 1696 1867 sanctionem
1731 1819 1785 1868 et
1809 1810 2080 1866 Mosaicas

2191 1794 2492 1865 Ξμαρτήσει
2537 1792 2632 1845 τοῦ
2678 1789 2912 1860 ἀληθοῦς
2938 1808 2951 1854 ;
3009 1788 3147 1843 Ἀλλ’
3174 1784 3292 1843 οῖδα
3319 1788 3396 1852 ὼς
3439 1791 3497 1842 ἐν
3526 1791 3636 1852 τοῖς
3662 1789 3762 1859 ἐμ-

505 1896 724 1951 tabulas
767 1899 1021 1968 appellet,
1072 1915 1103 1955 a
1157 1916 1287 1957 vero
1342 1903 1660 1973 neutiquam
1721 1901 2078 1958 aberraverit.

507 1985 826 2057 Quanquam
864 2003 973 2042 non
1006 1990 1220 2059 ignoro,
1252 1991 1382 2046 olim
1414 2007 1500 2047 me
1542 1991 1772 2062 hujusce
1800 1991 1925 2047 libri
1953 1991 2082 2044 lau-

505 2079 649 2143 dem,
676 2095 782 2134 non
821 2081 924 2135 hoc
956 2082 1011 2134 in
1044 2082 1186 2149 loco,
1218 2092 1403 2140 texere
1423 2084 1678 2140 debuisse
1709 2099 1936 2139 :verum
1969 2085 2085 2138 [nec

506 2186 569 2224 ea
599 2171 666 2224 de
695 2187 862 2228 causa
902 2176 1355 2242 commemoravi,
1387 2185 1448 2231 ut
1499 2193 1603 2248 qua
1633 2178 1887 2233 doctrina
1924 2177 2084 2233 insti-

509 2270 662 2319 tutus
689 2263 876 2332 fuerit,
916 2267 1096 2336 palam
1134 2267 1305 2333 ﬁeret,
1361 2278 1416 2325 et
1464 2279 1666 2340 quanta
1696 2269 2007 2326 eruditione
2032 2277 2088 2324 et

508 2353 794 2424 diligentia
829 2357 1144 2414 universam
1191 2359 1336 2414 hanc
1391 2362 1464 2418 sit
1522 2367 1893 2417 consectatus.
1947 2359 2086 2415 illud

510 2453 694 2500 autem
733 2445 1096 2504 admiratione
1159 2449 1410 2520 dignum,
1447 2459 1507 2506 ut
1540 2452 1662 2522 ejus
1696 2452 1918 2508 animus
1950 2451 2088 2506 nihil

508 2550 540 2592 a
565 2537 797 2592 scientia
821 2537 1041 2594 inﬂatus
1073 2541 1187 2609 sit;
1213 2542 1346 2612 quin
1372 2541 1576 2612 potius,
1619 2543 2087 2614 quemadmodum

509 2631 758 2698 generosi
795 2631 1009 2688 arboris
1035 2634 1175 2688 rami
1219 2635 1546 2691 exuberanti
1599 2637 1879 2692 fructuum
1931 2637 2089 2708 copia

511 2723 857 2792 prmgravati,
915 2724 1174 2782 deorsum
1237 2726 1294 2780 in
1327 2734 1529 2782 terram
1588 2737 1845 2795 vergunt,
1899 2732 1980 2785 sic
2037 2737 2091 2786 et

510 2814 750 2886 inclytus
792 2815 1058 2881 Joannes,
1087 2832 1213 2871 cum
1238 2817 1317 2872 illi
1363 2818 1648 2888 multiplex
1684 2818 1990 2875 litterarum
2038 2831 2092 2876 et

513 2905 778 2962 doctrinae
799 2906 825 2959 Γ
825 2914 1010 2962 ructus
1028 2907 1382 2973 secrevisset,
1409 2909 1780 2981 propendebat
1799 2910 2089 2967 deorsum:

514 3010 623 3050 non
648 2996 722 3050 ita
749 2996 970 3066 quidem
1002 3004 1062 3051 ut
1091 2996 1144 3052 in
1171 3007 1375 3053 terram
1401 2998 1594 3056 deﬁxis
1619 3001 1800 3057 oculis
1833 3001 2089 3070 haereret,

515 3089 610 3144 sed
641 3089 813 3158 magis
843 3089 897 3144 in
923 3089 1256 3144 altissimum
1298 3089 1660 3162 philosophiae
1689 3093 1916 3164 pelagus
1955 3110 2089 3150 con-
2118 3121 2161 3179 ο

514 3187 782 3244 tueretur,
814 3194 912 3250 per
950 3180 1095 3250 quod
1129 3195 1256 3235 cum
1288 3181 1542 3238 humanis
1571 3183 1754 3238 adhuc
1777 3183 2088 3250 affectibus,

515 3285 614 3324 ceu
639 3270 762 3324 navi
798 3269 1034 3340 quadam
1066 3269 1324 3339 ferretur,
1367 3274 1596 3344 optabat
1627 3284 1811 3331 tamen
1851 3285 1906 3332 et
1934 3277 2092 3332 navi-

516 3359 662 3428 gium
714 3360 893 3430 ipsum
923 3360 1126 3415 mundo
1155 3360 1261 3417 hoc
1300 3377 1626 3432 exonerare,
1674 3372 1731 3420 et
1784 3367 2092 3436 corporalis

515 3449 818 3507 alfectiouis
847 3451 1194 3508 vestimentis
1223 3453 1466 3524 penitus,
1488 3453 1641 3510 nuda
1663 3465 1847 3512 mente
1867 3458 2092 3529 pelagus

516 3549 826 3612 peruatare,
877 3542 1221 3615 fundumque
1267 3545 1474 3611 subire,
1513 3555 1575 3602 ut
1625 3548 1906 3605 conditam
1954 3550 2092 3608 inibi

519 3636 698 3706 magni
728 3635 888 3706 pretii
919 3639 1270 3708 margaritam
1291 3638 1581 3694 inveniret.
1615 3639 1731 3698 Hoc
1763 3641 1933 3712 igitur
1961 3659 2088 3700 cum

520 3727 599 3782 illi
655 3728 710 3781 in
773 3727 920 3784 votis
961 3736 1126 3796 esset,
1168 3728 1413 3799 illudque
1459 3739 1758 3801 spectaret,
1820 3734 1889 3790 ad
1924 3734 2095 3791 imum

521 3835 694 3890 usque
723 3822 994 3892 gurgitem
1025 3821 1415 3890 descendebat,
1441 3839 1620 3894 neque
1660 3841 1761 3881 sua
1791 3827 1882 3882 illa
1912 3829 2101 3886 erudi-

522 3914 670 3969 tione
689 3914 980 3983 superbius
996 3915 1350 3980 ell'crebatur,
1367 3916 1462 3972 sed
1484 3919 1792 3977 arcanioris
1811 3921 2098 3992 cujusdam

523 4008 804 4077 sapientia:
850 4008 1128 4066 desiderio
1162 4011 1458 4067 demissior
1487 4019 1628 4068 erat.
1662 4011 1755 4067 Sic
1787 4014 1958 4084 igitur
1979 4015 2098 4085 ejus

521 4099 691 4154 animi
746 4100 970 4158 lucerna
1035 4103 1426 4160 intellectualis
1481 4105 1772 4162 mundana:
1814 4106 2100 4177 sapientiae

522 4193 643 4247 oleo
664 4193 998 4262 abundabat,
1024 4205 1082 4249 ut
1107 4195 1176 4249 ad
1201 4195 1347 4250 illius
1377 4197 1580 4265 pariter
1603 4197 1895 4266 lampadis,
1932 4212 2096 4268 quam

2181 1885 2420 1958 προσθεν
2455 1883 2565 1938 ἔδει
2619 1899 2689 1953 με
2731 1881 2805 1936 τά
2839 1883 2938 1952 τῆς
2991 1881 3175 1952 βίϐλου
3223 1881 3439 1951 ἐκείνης
3491 1881 3763 1934 ποιεῖσθαι

2180 1977 2474 2050 ἐγκώμια,
2523 1976 2618 2031 καὶ
2663 1977 2764 2030 οὐκ
2810 1976 2868 2028 ἐν
2917 1976 3030 2038 τοῖς
3083 1973 3204 2030 νῦν,
3247 1972 3411 2027 Ἀλλά
3457 1974 3764 2044 εἰρήκαμεν

2181 2072 2358 2128 ταῦτα
2397 2071 2535 2144 πρὸς
2578 2069 2854 2135 ἀπόδειξιν
2898 2063 2968 2141 ἦς
3002 2067 3298 2139 ἐπαιδεύθη
3330 2066 3615 2132 παιδείας,
3673 2068 3766 2123 καὶ

2183 2166 2330 2230 ὅπως
2372 2165 2578 2237 ταύτην
2630 2162 2822 2235 μετῄει
2873 2161 3096 2217 ἃπασαν
3149 2163 3266 2232 μετ’
3315 2151 3649 2232 ἐπιστήμηξ
3669 2163 3768 2214 καὶ

2184 2261 2475 2333 ἀκριϐείας
2501 2277 2515 2291 ο
2549 2259 2645 2314 καὶ
2671 2259 2730 2313 τὸ
2762 2258 3089 2329 θαυμάσιον,
3135 2258 3218 2311 ὅτι
3245 2255 3346 2310 οὐκ
3376 2255 3652 2328 ὲφυσιὼθη
3699 2260 3768 2328 τῇ

2185 2356 2409 2425 γνώσει,
2445 2356 2562 2410 ἀλλ’
2610 2355 2801 2427 ὥσπερ
2851 2354 2920 2409 τά
2947 2354 3056 2408 τῶν
3085 2352 3268 2424 φυτῶν
3311 2352 3512 2423 εὐγενῆ
3542 2351 3776 2425 βλαστή-

2193 2466 2360 2520 ματα,
2413 2447 2838 2519 ἐπιπληθύνοντι
2865 2446 2943 2518 τῷ
2975 2445 3176 2519 καρπῷ
3209 2446 3574 2518 βαρυνόμενα,
3617 2445 3774 2500 κάτω

2187 2545 2335 2598 νεύει
2369 2543 2507 2616 πρὸς
2538 2541 2639 2614 τὴν
2667 2541 2794 2611 γῆν,
2823 2538 2966 2594 οὕτω
2998 2539 3064 2610 δὴ
3103 2539 3200 2592 καλ⁸
3221 2540 3252 2592 ὁ
3281 2538 3451 2602 πολὺς
3492 2536 3770 2608 Ἰωάννης,

2188 2634 2702 2708 ἐπιπληθυνομένης
2738 2633 2890 2705 αὐτῷ
2914 2632 3015 2700 τῆς
3043 2631 3155 2686 τῶν
3193 2631 3370 2700 λόγων
3409 2631 3772 2701 ἐπικαρπίας.

2189 2729 2341 2782 κάτω
2367 2727 2538 2782 νεύων
2571 2725 2871 2798 ἐτύγχανεν
2893 2741 2908 2756 ·
2947 2725 3010 2777 ού
3051 2722 3190 2796 πρὸς
3213 2722 3319 2793 γῆν
3348 2722 3429 2790 δέ,
3469 2722 3605 2778 ἀλλά
3633 2723 3774 2794 πρὸς

2188 2820 2250 2872 τὸ
2281 2817 2610 2890 βυθιώτερον
2656 2817 2751 2871 τοῦ
2797 2815 2938 2870 κατά
2975 2815 3292 2889 φιλοσοφίαν
3339 2815 3610 2885 πελάγους
3638 2816 3778 2869 ἀπο-

2193 2911 2437 2976 σκοπῶν,
2467 2911 2548 2964 ἔτι
2581 2909 2856 2964 ἐπιπλέων
2900 2907 3074 2980 αὐτῷ,
3106 2907 3184 2972 ὡς
3231 2907 3371 2978 μετά
3407 2924 3554 2972 τινος
3580 2907 3776 2960 πλοίου

2191 3003 2290 3073 τῆς
2345 3000 2622 3070 κοσμικῆς
2691 2996 3096 3071 προσπαθείας.
3173 2991 3392 3051 Ἐπόθει
3446 2994 3502 3047 δὲ
3557 2993 3654 3047 καὶ
3715 2993 3779 3046 τὸ

2193 3095 2378 3148 πλοῖον
2411 3092 2505 3146 τοῦ
2539 3091 2750 3163 κόσμου
2779 3089 2974 3144 τούτου
3023 3087 3546 3154 ἀποσκευάσασθαι,
3584 3087 3682 3140 καὶ
3711 3087 3781 3138 τά

2195 3185 2389 3257 ἱμάτια
2417 3184 2518 3255 τῆς
2558 3183 2878 3254 σωματικῆς
2907 3179 3288 3254 προσπαθείας
3310 3178 3499 3234 τέλεον
3533 3178 3780 3233 ἀπεκδύ-

2196 3273 2414 3338 σασθαι,
2445 3275 2542 3328 καὶ⁵
2580 3272 2726 3327 οὕτω
2748 3271 2942 3344 γυμνῷ
2980 3271 3059 3343 τῷ
3088 3272 3171 3326 νοῒ
3201 3270 3264 3325 τὸ
3307 3270 3546 3340 πέλαγος
3584 3269 3780 3340 διανή-

2195 3365 2410 3434 ξασθαι,
2457 3366 2553 3421 καὶ
2602 3363 2843 3419 εἰσδῦναι
2892 3363 3035 3418 κατά
3077 3362 3265 3435 βυθοῦ,
3328 3362 3395 3418 ἵν’
3429 3363 3638 3434 εύρήσῃ
3686 3361 3782 3415 τὸν

2195 3456 2557 3530 ἀποκείμενον
2577 3458 2696 3512 ἐκεῖ
2726 3455 3078 3530 μαργαρίτην
3097 3455 3190 3510 τὸν
3215 3454 3512 3524 πολύτιμον
3528 3462 3578 3508 ³.
3604 3452 3783 3506 Τοῦτο

2194 3553 2376 3606 τοίνυν
2434 3550 2615 3606 ποθῶν
2639 3591 2655 3618 ,
2704 3551 2801 3605 καὶ
2852 3551 2990 3622 πρὸς
3044 3549 3204 3605 τοῦτο
3251 3546 3779 3619 ἀποσκοπούμενος,

2193 3643 2332 3715 πρὸς
2363 3641 2456 3697 τὸν
2491 3642 2742 3714 πυθμένα
2787 3639 2884 3696 τοῦ
2929 3641 3128 3712 βάθους
3172 3640 3592 3712 ύποκλινόμενος
3615 3655 3641 3680 ο
3673 3635 3768 3712 ἦν,

2195 3737 2310 3792 Καὶ
2335 3736 2438 3790 οὐκ
2475 3733 2767 3806 ὲφυσιοῦτο
2806 3737 2875 3805 τῇ
2906 3735 3128 3803 γνώσει,
3159 3734 3278 3790 ἀλλ’
3311 3733 3664 3788 ἐταπεινοῦτο
3705 3733 3784 3803 τῷ

2199 3830 2365 3902 ἔρωτι
2391 3830 2492 3900 τῆς
2521 3827 2938 3900 μυπικωτέρας
2966 3827 3180 3898 σοφίας.
3217 3826 3403 3892 Οὕτως
3431 3822 3527 3882 οῦν
3563 3827 3784 3898 πλήρης

2201 3918 2271 3995 ἦν
2299 3921 2450 3992 αὐτῷ
2469 3921 2504 3992 ἡ
2531 3920 2699 3991 νοητὴ
2722 3919 2948 3990 λαμπάς
2974 3920 3075 3992 τῆς
3101 3920 3302 3992 ψυχῆς,
3334 3920 3428 3975 τοῦ
3453 3921 3558 3990 τῆς
3585 3937 3783 3990 κοσμι-

2206 4015 2311 4085 κῆς
2356 4015 2552 4084 σοφίας
2574 4024 2602 4064 P
2629 4013 2810 4068 ἐλαίου
2832 4053 2847 4079 ,
2879 4013 2968 4069 ἵνα
3010 4014 3109 4069 καὶ
3135 4015 3200 4068 τὸ
3229 4015 3392 4069 ἄῦλον
3423 4014 3540 4084 φῶς
3569 4013 3784 4066 ἀνωθεν

2205 4107 2491 4164 καταπτάν
2521 4107 2618 4160 ἐπὶ
2661 4106 2762 4178 τὴν
2817 4104 3080 4178 λαμπάδα
3128 4105 3333 4178 ταύτην
3379 4106 3646 4179 ὑφάψῃει,
3692 4105 3784 4158 καὶ

2205 4198 2531 4272 πυρσοειδὴς
2569 4199 2599 4252 ό
2648 4199 2904 4270 Ἰωάννης
2933 4201 3206 4271 ἀναφανῇ.

523 4284 809 4352 corporale
855 4285 1117 4353 pabulum
1166 4301 1278 4340 non
1331 4285 1446 4352 alit,
1505 4301 1800 4344 accensum
1857 4302 2096 4358 superne
2133 4287 2319 4348 lumen
2345 4307 2466 4348 eam
2506 4292 2844 4359 admoveret,
2875 4289 3308 4364 totusquel‘aeis
3397 4291 3571 4348 instar
3639 4285 3784 4359 igni-

523 4381 614 4428 tus
646 4373 885 4432 Joannes
913 4376 1211 4432 videretur.

593 4466 736 4521 XIII.
774 4467 927 4522 Patri
958 4473 1308 4528 restituuntur
1340 4493 1374 4529 a
1406 4477 1659 4546 magistro
1690 4479 1778 4549 qui
1825 4479 1880 4534 in
1910 4497 2088 4537 mona-

2275 4475 2378 4530 ll".
2433 4474 2557 4528 Ἐπὶ
2595 4472 2844 4540 τούτοις,
2893 4475 2922 4528 ό
2963 4473 3157 4528 τούτου
3187 4473 3527 4542 διδάσκαλος,
3575 4477 3642 4529 ἐκ
3691 4475 3788 4530 τοῦ

523 4560 742 4615 Nerium
767 4563 979 4618 secedit.
1013 4562 1248 4620 Joannes
1281 4568 1341 4637 [it
1371 4569 1818 4640 protosymbulus.
1849 4599 1918 4611 --
1948 4569 2096 4628 Tan-

525 4653 646 4707 dem
679 4655 940 4725 magister
997 4656 1139 4726 ejus,
1175 4671 1205 4712 a
1237 4657 1506 4730 discipulo
1535 4668 1595 4716 ut
1640 4661 1940 4719 verisimile
1989 4672 2096 4728 est,

526 4736 581 4792 iu
639 4738 746 4793 hoc
795 4739 1132 4797 desiderium
1201 4742 1480 4811 inductus,
1543 4745 1611 4802 ad
1666 4746 1822 4816 pueri
1883 4753 2097 4818 patrem

2207 4568 2490 4641 μαθητοῦ,
2534 4567 2610 4632 ὡς
2650 4568 2867 4634 ἔοικεν,
2925 4566 3214 4639 ὁδηγηθεὶς
3267 4567 3402 4638 πρὸς
3453 4567 3643 4622 τοῦτον
3697 4567 3789 4623 τὸν

2203 4660 2406 4732 ἔρωτα,
2439 4659 2692 4730 πρόσεισι
2733 4657 2814 4730 τῷ
2853 4658 3026 4730 πατρὶ
3062 4655 3156 4712 τοῦ
3193 4657 3405 4724 παιδὸς,
3456 4657 3549 4712 καί
3577 4673 3787 4729 φησιν’

2209 4771 2228 4804 ι
2274 4751 2405 4805 Ἰδού
2460 4768 2544 4805 σοι
2579 4750 2648 4805 τὰ
2698 4752 2798 4821 τῆς
2841 4749 3142 4819 ἐπιθυμίας
3192 4749 3540 4816 τετέλεσται,
3602 4749 3703 4804 καὶ
3739 4749 3789 4802 οί

1838 4924 2068 4981 νΑιιιΑξ
2101 4923 2504 4982 LECTIONES.

599 5020 627 5050 ⁸³
653 5011 782 5068 Mss.
814 5011 881 5068 Β.
911 5014 1298 5087 πολυτίμητον.
1376 5023 1403 5054 ο
1425 5015 1572 5076 Edit.
1613 5017 1940 5090 ἀποκλινόμ.
2015 5027 2043 5069 Ρ
2070 5018 2138 5071 li.
2163 5016 2348 5072 ἐλαίου
2375 5018 2588 5088 σοφίας.

2679 5025 2709 5067 ι»
2752 5013 2885 5072 Mss.
2907 5014 2975 5073 ιι.
3009 5015 3220 5088 ἐφάψῃ.

2031 5174 2259 5233 NOTAE.

605 5263 718 5335 (ιι)
776 5263 879 5319 Ἕκ
927 5264 1040 5334 τῆς
1071 5263 1556 5338 κστοιχειωτικῆς
1609 5269 1800 5323 αὑτοῦ
1857 5270 2104 5334 βίϐλου.

534 5336 810 5408 Incertum
835 5344 941 5401 est,
971 5352 1040 5391 an
1063 5336 1241 5408 hujus
1258 5338 1392 5394 Vita:
1419 5341 1680 5408 scriptor,
1713 5339 2100 5395 Elementarem

531 5407 916 5479 institutionem
943 5407 1011 5462 ad
1042 5406 1302 5464 Joannem
1333 5406 1608 5464 Laodicea:
1631 5411 1948 5479 episcopum.
1979 5425 2104 5466 cum

532 5478 602 5533 iis
631 5477 832 5546 quibus
866 5479 1214 5548 praemittitur
1255 5481 1580 5536 tractatibus
1611 5477 1878 5537 adversus
1906 5481 2107 5536 Nesto-

534 5548 756 5620 rianos,
811 5547 1116 5620 Acephalos
1156 5558 1238 5620 et
1291 5549 1727 5614 Monotheletas,
1792 5551 2106 5620 signiﬁcare

534 5619 775 5690 voluerit
804 5636 818 5672 :
847 5633 915 5690 an
951 5619 1288 5690 tripartitum
1323 5635 1463 5690 opus
1485 5621 1552 5674 de
1584 5619 1896 5689 dialectica,
1933 5621 2108 5676 luere-

535 5687 726 5760 sibus,
769 5689 932 5760 et_de
971 5688 1077 5742 (ide
1127 5687 1431 5744 orthodoxa
1484 5709 1498 5744 :
1547 5691 1603 5744 in
1656 5687 2103 5760 qnibns'nempe

539 5758 794 5812 omnibus
833 5757 1205 5814 Damascenus
1250 5769 1439 5815 noster
1477 5760 1544 5814 de
1575 5757 1738 5816 rebus
1773 5761 1973 5816 divinis
2003 5757 2102 5815 de-

539 5829 655 5887 dita
685 5841 850 5898 Opera
922 5837 1177 5886 accurate
1232 5830 1368 5887 satis
1410 5831 1668 5901 disputat.
1708 5831 1786 5888 De
1832 5832 2106 5904 parallelis

2207 5281 2520 5325 sermonem
2583 5281 2737 5336 esse
2771 5263 3058 5336 existimat
3106 5263 3490 5323 Henschenius
3526 5281 3543 5320 :
3583 5264 3794 5336 quippe

2206 5353 2328 5410 qua:
2360 5337 2662 5410 secundum
2693 5334 2969 5410 alphabeti
3012 5335 3284 5410 elementa
3324 5334 3614 5410 litterasve
3636 5334 3792 5407 dige-

2207 5406 2291 5464 sta
2331 5409 2441 5464 sint
2476 5425 2490 5463 :
2519 5423 2694 5480 pauca
2719 5406 2908 5480 tamen
2932 5406 2985 5462 in
3016 5406 3098 5464 eis
3127 5406 3434 5478 theologica
3459 5406 3792 5480 occurrunt,

2209 5481 2480 5550 pleraque
2497 5477 2563 5535 de
2592 5477 2842 5550 moribus
2873 5493 2888 5530 :
2924 5491 3026 5533 nec
3053 5484 3164 5550 ta_m
3201 5492 3300 5532 sua
3328 5477 3588 5550 protulit,
3624 5491 3792 5548 quam

2209 5546 2412 5613 aliena,
2443 5547 2678 5619 Patrum
2719 5547 2929 5619 scilicet
2987 5555 3042 5602 et
3097 5546 3398 5619 Scriptura:
3455 5546 3795 5619 locafcon-

2207 5618 2604 5690 gessital'lane
2641 5618 2787 5688 quod
2825 5625 3021 5690 auctor
3063 5618 3163 5682 ait,
3217 5617 3693 5690 duginataiontnia
3729 5631 3798 5670 eo

2210 5687 2350 5743 libro
2411 5688 2583 5744 fuisse
2637 5687 3034 5756 comprehensa
3064 5726 3080 5751 ,
3119 5687 3436 5742 παντελείου
3476 5689 3535 5740 ὲν
3579 5688 3791 5755 δόγμα-

2212 5776 2316 5825 σιν,
2358 5759 2554 5813 librmn
2606 5758 2682 5812 De
2723 5756 3017 5813 orthodoxa
3065 5756 3171 5824 ﬁde
3224 5757 3602 5814 indubitanter
3659 5757 3794 5811 Iniiti

2213 5830 2428 5887 videtur
2461 5829 2729 5886 iudicare.
