3974 6338
537 328 648 397 455

1601 327 1777 390 VITA
1809 327 1869 387 S.
1905 323 2226 386 JOANNIS
2266 324 2721 388 DAMASCENI.

3684 315 3790 382 456

538 459 668 500 rosa
719 459 905 509 manu,
941 458 1064 512 qua:
1114 442 1224 497 alio
1271 458 1498 514 pergere
1547 443 1789 508 simulet,
1839 443 2112 497 civitatem

2221 439 2356 494 νιτί·
2391 441 2453 493 οὐ
2497 441 2733 512 μετρίως
2766 437 2918 511 γάρκ
2955 437 3109 507 κάγὼ
3139 434 3276 508 πρὸς
3309 434 3502 488 τοῦτον
3529 433 3786 506 συναροῦ-

539 536 694 590 nullo
720 535 904 592 labore
926 535 1249 605 occupabis.
1287 534 1369 590 Ad
1418 535 1562 590 hanc
1607 534 1757 589 enim
1811 533 2118 604 expeditio—

542 642 664 682 nem
690 641 790 698 ego
821 641 1045 697 quoque
1081 641 1302 696 operam
1337 641 1514 680 meam
1553 626 1857 687 conferam,
1895 625 2116 694 quando

541 726 653 773 tota
685 719 835 790 regio
873 719 1116 788 urbsque
1147 719 1266 787 ipsa
1298 733 1431 772 mea:
1472 716 1730 787 potestati
1783 715 2028 771 subest.»

609 806 751 861 XVI.
790 805 1032 876 Epistola
1062 806 1249 861 Leonis
1289 806 1357 860 ad
1385 807 1668 875 calipltam.
1703 835 1773 848 —-
1832 806 2118 861 Adornata

539 898 644 954 hac
672 900 923 968 epistola,
960 900 1188 954 alteram
1231 899 1432 968 impius
1468 899 1560 954 ille
1604 899 1724 970 pari
1775 898 2120 967 malignitate

543 989 739 1043 scribit
771 989 836 1043 ad
868 990 1393 1056 Saracenorum,qui
1424 989 1748 1044 Damascum
1774 989 2116 1053 obtinebant,

543 1079 873 1150 principem,
923 1083 976 1134 in
1044 1081 1192 1135 hunc
1262 1095 1484 1135 sensum
1521 1098 1534 1134 :
1570 1098 1589 1131 ι
1649 1078 2117 1146 Quemadmodum

544 1171 678 1224 nihil
710 1186 845 1241 pace
875 1171 1102 1226 beatius
1126 1170 1253 1225 novi
1282 1209 1297 1234 ,
1334 1170 1580 1239 nihilque
1611 1168 1946 1224 fortunatius
1980 1169 2118 1222 ami-

543 1257 694 1322 citia,
727 1259 807 1313 sic
837 1259 986 1327 pacis
1021 1257 1227 1313 frndera
1255 1273 1495 1321 servare,
1529 1272 1654 1312 cum
1685 1258 1844 1312 laude
1869 1257 2114 1327 dignum,

543 1359 657 1414 tum
714 1350 823 1405 Deo
875 1360 1090 1420 gratum
1162 1365 1380 1406 censeo.
1448 1349 1748 1420 EaprOpter
1799 1349 1935 1404 nihil
1985 1348 2118 1403 mihi

540 1439 724 1509 potius
755 1449 810 1494 et
844 1439 1124 1508 antiquius
1169 1449 1275 1506 est,
1313 1453 1479 1509 quam
1510 1445 1569 1494 ut
1603 1455 1725 1510 quae
1764 1438 1940 1508 pepigi
1991 1453 2118 1492 cum

544 1542 637 1586 tua
671 1533 966 1588 serenitate
1018 1533 1170 1600 pacis
1226 1515 1517 1597 conventa,
1581 1532 1881 1586 inviolenta
1936 1538 2110 1595 tuear,

540 1621 760 1676 tametsi
797 1621 860 1674 ad
887 1635 951 1675 ea
985 1620 1326 1676 clandestine
1371 1620 1630 1676 solvenda
1685 1628 1739 1675 et
1764 1626 1940 1676 astute
1967 1617 2119 1672 fran-

541 1710 770 1779 gendam
819 1710 976 1764 fidem
1036 1726 1066 1764 a
1113 1711 1350 1781 quodam
1399 1727 1429 1766 e
1477 1709 1806 1766 Christianis
1856 1710 1951 1780 qui
2011 1707 2113 1765 sub

543 1801 771 1871 imperio
804 1810 896 1855 tuo
937 1800 1160 1871 degunt,
1195 1801 1402 1856 crebris
1435 1801 1632 1855 litteris
1663 1799 1882 1860 inciter,
1911 1798 2110 1868 quibus

543 1888 632 1942 ille
671 1896 821 1942 certo
868 1885 1123 1951 affirmat,
1171 1888 1402 1941 multam
1453 1902 1514 1942 se
1544 1885 1679 1940 mihi
1713 1901 1868 1956 opem
1901 1884 2118 1955 praesti-

543 1989 748 2046 turum,
779 1994 890 2050 quo
919 1987 1066 2034 tuam
1101 1981 1289 2036 urbem
1318 1993 1607 2050 occupem.
1635 1978 1798 2034 modo
1828 1977 2114 2047 c0piosum

541 2071 845 2125 exercitum
881 2072 1011 2127 illuc
1064 2072 1286 2126 misero.
1317 2071 1662 2142 Quapropter
1693 2085 1859 2125 unam
1897 2085 1964 2125 ex
1996 2069 2118 2139 ejus

542 2163 791 2232 epistolis
835 2179 973 2234 quas
1013 2164 1080 2218 ad
1131 2180 1216 2219 me
1251 2164 1473 2234 scripsit
1509 2164 1608 2218 tibi
1662 2163 1876 2229 remisi,
1905 2177 2028 2233 qum
2052 2160 2120 2215 ﬁ-

543 2253 665 2308 dem
701 2253 950 2309 adstruat
983 2255 1050 2308 iis
1073 2255 1139 2308 de.
1169 2255 1369 2324 quibus
1406 2254 1470 2308 ad
1503 2261 1555 2308 te
1597 2252 1799 2317 scribo,
1846 2251 2118 2320 simulque

543 2348 603 2395 ut
645 2342 919 2412 intelligas
946 2344 1070 2413 quis
1117 2345 1218 2398 sim
1251 2359 1372 2414 ego,
1411 2358 1572 2413 quam
1607 2342 1661 2397 in
1695 2341 1948 2398 tenendis
1978 2339 2120 2395 ami-

542 2436 688 2490 ciliis
713 2452 876 2492 verax
927 2446 1089 2507 atque
1133 2438 1360 2509 integer.
1409 2439 1639 2510 insuper
1667 2446 1722 2494 et
1747 2421 1868 2510 eius
1895 2439 1989 2508 qui
2019 2453 2119 2495 au-

542 2541 640 2581 sus
664 2533 750 2580 est
783 2527 896 2581 haec
923 2527 988 2580 ad
1020 2543 1104 2582 me
1127 2529 1390 2595 scribere,
1419 2528 1858 2586 malevolentiam
1887 2527 2119 2586 fraudu-

542 2618 875 2688 lentiamque
908 2627 1254 2690 perspectam
1292 2621 1516 2679 habeas.
1555 2641 1574 2675 ι

613 2707 775 2764 XVII.
812 2709 1042 2764 Dextera
1071 2709 1277 2765 Joanni
1308 2729 1497 2766 manus
1523 2722 1853 2784 amputatur.
1884 2745 1954 2755 —
1985 2715 2116 2770 Am-

541 2799 643 2854 bas
677 2799 942 2868 epistolas
991 2800 1127 2854 istas
1157 2801 1248 2870 qui
1302 2800 1410 2857 Leo
1446 2803 1674 2871 perinde
1704 2805 2113 2872 nominabatur,

539 2907 605 2946 ac
637 2890 876 2946 versutia
911 2889 1228 2960 serpentiua
1280 2892 1586 2948 instructus
1617 2901 1756 2957 erat,
1791 2909 1887 2964 per
1921 2910 2115 2966 quem-

539 2985 664 3038 dam
697 2997 727 3038 e
767 2980 882 3036 suis
911 2982 979 3036 ad
1017 2981 1311 3037 barbarum
1351 2983 1541 3038 mittit.
1583 2983 1794 3051 Quibus
1824 2986 1912 3042 hic
1960 3001 2117 3043 acce-

2223 529 2320 599 μαί
2351 546 2434 582 σοι
2459 531 2550 583 τὸν
2585 529 2807 594 σκοπὸν,
2848 529 2929 582 ὅτι
2961 527 3056 580 καὶ
3086 525 3192 580 ὑπὸ
3222 527 3381 596 χεῖρα
3410 523 3551 596 ἐμὴν
3579 523 3729 578 πᾶσα
3755 526 3791 594 ὴ

2219 620 2372 693 χώρα
2393 631 2444 688 γ,
2476 623 2570 676 καὶ
2603 623 2637 694 ἡ
2666 621 2818 685 πόλις
2849 619 3103 674 ἐπιτελεῖ.
3563 617 3568 624 ’

2289 803 2408 870 ις’.
2435 801 2636 855 Τούτου
2671 797 2963 869 γενομένου
3018 797 3110 850 τοῦ
3155 796 3481 867 γράμματος
3503 833 3517 860 ,
3557 791 3792 866 γράμμα

2219 895 2407 964 ἓτερον
2461 893 2810 963 διαχαράττει
2857 892 2922 944 ἐκ
2964 889 3066 959 τῆς
3117 887 3286 942 αὐτοῦ
3343 885 3723 956 δυσμενείαςῐ
3763 885 3794 937 ὁ

2218 986 2484 1056 δυσσεϐὴς
2515 985 2652 1056 πρὸς
2680 986 2771 1037 τδν
2800 983 3038 1054 ἄρχοντα
3058 981 3168 1034 τῶν
3199 981 3258 1033 έν
3289 978 3569 1048 Δαμασκῷ
3613 979 3795 1046 Σαρα-

2219 1074 2618 1146 κηνῶν,οῦτως
2677 1074 2815 1144 ἔχων
2875 1073 2968 1127 τοῦ
3011 1070 3254 1126 σκοποῦ’
3314 1090 3333 1123 ι
3379 1071 3468 1134 Ὠς
3497 1070 3648 1123 οὐδὲν
3675 1065 3796 1122 οῖδα

2218 1170 2318 1238 τῆς
2339 1169 2563 1239 εἰρήνης
2591 1165 3026 1237 μακαριώτερον,
3059 1164 3181 1217 οὐδὲ
3210 1163 3307 1232 τῆς
3334 1162 3517 1232 φιλίας
3537 1162 3794 1229 εὐδαιμο-

2218 1257 2490 1329 νέστερον,
2524 1257 2620 1311 καὶ
2636 1256 2698 1309 τὸ
2717 1257 2900 1326 τηρεῖν
2919 1255 3020 1316 τὰς
3039 1254 3319 1325 εἰρηνικάς
3346 1252 3617 1322 συνθήκας
3642 1253 3798 1304 ἐπαι-

2219 1349 2368 1404 νετὸν
2398 1348 2493 1402 καὶ
2520 1346 2786 1415 φιλόθεον,
2815 1345 2904 1398 διά
2951 1344 3124 1398 ταῦτα
3163 1343 3363 1405 παντὸς
3411 1343 3571 1394 ἄλλου
3613 1340 3799 1411 προτί-

2221 1440 2406 1510 θεμαι,
2437 1437 2760 1500 ἀδιαλύτους
2799 1435 3110 1506 φυλάττειν,
3133 1433 3199 1498 ἃς
3225 1432 3487 1502 διεθέμην
3510 1431 3796 1502 είρηνικάς

2220 1519 2404 1601 φιλίας
2425 1530 2562 1601 πρὸς
2577 1529 2673 1600 τὴν
2694 1528 2793 1598 σὴν
2809 1526 3088 1597 εὐγένειαν
3109 1535 3131 1563 κ
3149 1541 3162 1555 ⁸
3182 1524 3361 1578 καίτοι
3381 1524 3514 1594 πρὸς
3524 1523 3582 1576 τὸ
3595 1522 3799 1584 ταύτας

2218 1621 2464 1676 διαλύσαι
2487 1619 2755 1692 κρυφίως,
2779 1618 2875 1672 καὶ
2915 1615 3369 1687 παρασπονδῆσαι
3399 1613 3651 1682 δολερῶς,
3689 1613 3799 1666 ὑπό

2219 1730 2360 1776 τινος
2383 1711 2492 1766 τῶν
2522 1711 2628 1764 ὑπὸ
2653 1709 2714 1762 σὲ
2736 1708 3028 1763 τελούντων
3063 1707 3404 1777 Χριστιανῶν
3427 1704 3686 1766 πολλάκις
3702 1705 3797 1756 ὲκ-

2220 1803 2556 1874 καλούμενος
2569 1803 2661 1857 διὰ
2674 1801 3020 1874 γραμμάτων
3033 1799 3198 1854 αὑτοῦ
3218 1797 3448 1861 πολλῶν,
3462 1796 3772 1850 διαϐεϐαιου
3787 1827 3801 1834 -

2221 1896 2397 1968 μένων
2412 1894 2691 1965 ἀσφαλῶς,
2705 1895 2802 1948 καὶ
2831 1892 3058 1947 πλεῖστά
3077 1909 3167 1962 μοι
3190 1888 3561 1961 συμϐαλέσθαι
3581 1888 3716 1958 πρὸς
3736 1887 3802 1938 τὸ

2217 1989 2316 2061 τὴν
2337 1989 2442 2043 ὑπὸ
2460 1988 2522 2042 σὲ
2536 1986 2902 2059 χειρώσασθαι
2931 1973 3106 2048 πόλιν,
3141 1983 3206 2038 ἂν
3237 1980 3575 2050 πολυπληθὲς
3595 1980 3800 2047 ἀφήσω

2217 2080 2339 2133 κατ’
2369 2078 2540 2150 αὐτῆς
2567 2090 2592 2119 ι
2619 2077 2953 2148 στράτευμα.
2983 2075 3175 2128 Ἔνθεν
3197 2091 3280 2128 τοι
3298 2073 3392 2127 καὶ
3414 2072 3543 2143 μίαν
3568 2071 3676 2124 τῶν
3701 2069 3796 2122 ὑπ’

2217 2171 2426 2225 ἐκείνου
2467 2187 2559 2242 μοι
2589 2169 2955 2241 πεμπομένων
2989 2166 3288 2221 ἐπιστολῶν
3335 2163 3802 2232 ἀντεξαπέστειλά

2222 2281 2326 2328 σοι,
2355 2261 2554 2334 βέϐαια
2612 2260 2917 2333 παριστῶν,
2967 2259 3108 2330 άπερ
3147 2276 3228 2311 σοι
3265 2256 3500 2328 ἔγραψα,
3537 2256 3624 2308 ἵνα
3652 2255 3802 2324 γνῷς

2218 2348 2330 2418 οἷος
2363 2353 2474 2422 ἐγὼ
2497 2353 2625 2420 περὶ
2655 2353 2755 2415 τὰς
2785 2351 2966 2422 φιλίας
2988 2350 3194 2421 ἀληθής
3215 2367 3274 2402 τε
3300 2350 3396 2402 καὶ
3439 2347 3802 2418 ἀπαράσπον-

2219 2443 2329 2509 δος,
2354 2443 2636 2516 ἐπιγνοίης
2665 2444 2722 2498 δὲ
2767 2444 2862 2497 καὶ
2905 2442 2968 2496 τὸ
3024 2440 3248 2494 δυσνοῦν
3298 2441 3392 2494 καὶ
3445 2438 3662 2510 δολερὸν
3704 2437 3805 2490 τοῦ

2217 2537 2392 2594 ταῦτα
2417 2537 2625 2610 γράψαι
2660 2537 2796 2610 πρός
2828 2555 2895 2609 με
2921 2536 3311 2608 τολμήσαντος.

2291 2717 2390 2772 IZ'.
2425 2715 2610 2771 Ταῦτα
2639 2711 2733 2770 οὖν
2754 2713 2922 2786 ἄμφω
2952 2712 3021 2768 τὰ
3046 2713 3350 2784 γράμματα
3370 2711 3398 2764 ὁ
3427 2707 3804 2776 λεοντὼνυμος

2219 2808 2314 2863 καὶ
2365 2806 2722 2878 ὀφιογνώμων
2770 2805 2860 2859 τὸν
2905 2803 3073 2868 δόλον,
3126 2803 3214 2857 διά
3261 2819 3408 2865 τινος
3441 2797 3800 2866 ἐξαπέστειλε

2219 2896 2354 2970 πρὸς
2374 2897 2464 2950 τὸν
2497 2896 2791 2968 βάρϐαρον.
2825 2895 2885 2948 '0
2914 2894 2970 2948 δὲ
3003 2893 3174 2948 ταῦτα
3195 2892 3486 2962 δεξάμενος
3515 2888 3566 2954 δ,
3600 2891 3806 2942 ἐπικα-

2217 2991 2392 3043 λεῖται
2415 2990 2505 3042 τὸν
2541 2988 2794 3059 Ἰωάννην
2823 2986 3006 3041 καὶτὸ
3049 2985 3262 3056 δολερὸν
3304 2985 3478 3036 έκεῖνο
3525 2982 3806 3053 γραμμά-

540 3076 670 3144 ptis,
703 3074 766 3128 ad
801 3089 860 3128 se
890 3073 1154 3128 Joannem
1206 3083 1385 3140 vocat,
1428 3075 1717 3132 confictam
1763 3078 1890 3133 dolo
1916 3080 1964 3134 ei
1995 3079 2112 3149 epi-

2221 3099 2332 3136 τιον
2351 3080 2498 3152 αὐτῷ
2515 3080 2912 3135 ὑποδείκνυσιν.
2936 3079 2996 3132 '0
3011 3078 3068 3131 δὲ
3107 3077 3353 3146 Ἰωάννης
3374 3073 3530 3128 τοῦτο
3555 3073 3804 3138 διεξιὼν,

540 3166 737 3220 stolam
766 3164 999 3236 porrigit
1028 3183 1041 3218 :
1085 3181 1245 3236 quam
1284 3164 1524 3223 Joannes
1557 3183 1682 3224 cum
1730 3171 2108 3241 percurrisset,

540 3253 850 3306 litterarum
901 3250 1119 3322 quidem
1166 3261 1324 3324 typos
1375 3261 1430 3308 et
1469 3253 1674 3312 formas
1714 3257 1832 3331 suis
1879 3271 2002 3313 esse
2031 3257 2110 3314 si-

540 3343 697 3397 miles
727 3341 910 3398 fassus
961 3351 1064 3407 est,
1102 3358 1222 3412 quae
1268 3359 1400 3400 vero
1445 3345 1512 3400 iis
1545 3348 1991 3416 continerentur,
2047 3365 2111 3404 ea

539 3448 599 3488 se
631 3449 857 3504 prorsus
909 3435 1144 3500 nescire,
1186 3448 1286 3490 nec
1337 3435 1440 3489 sibi
1493 3445 1732 3505 unquam
1770 3439 1825 3493 in
1867 3447 2106 3495 mentem

537 3525 776 3581 venisse.
831 3524 1182 3595 Nequaquam
1233 3541 1364 3582 vero
1416 3529 1705 3598 epistolam
1757 3530 1978 3601 legenti,
2027 3531 2111 3584 la-

539 3625 690 3673 tuere
715 3617 825 3672 doli
860 3628 913 3673 et
945 3618 1156 3674 insidim
1203 3633 1326 3688 qum
1367 3620 1470 3675 sibi
1513 3629 1855 3677 struerentur
1903 3625 1970 3679 ah
2011 3625 2115 3679 im-

537 3716 808 3774 peratore.
867 3705 936 3760 At
978 3705 1230 3776 princ‘cps
1289 3705 1398 3772 ille,
1429 3722 1550 3762 eum
1595 3707 1804 3763 Christi
1853 3710 2110 3771 inimicus

536 3806 703 3858 esset,
738 3796 803 3849 ad
845 3811 908 3850 ea
963 3811 1084 3866 qnze
1125 3812 1154 3851 a
1188 3796 1396 3853 Joanne
1448 3798 1840 3864 alferebantur,
1877 3806 2110 3874 perinde

538 3903 618 3950 se,
654 3895 712 3941 ut
741 3887 844 3942 fert
874 3887 1148 3958 adagium,
1179 3889 1437 3957 habebat,
1479 3901 1641 3964 atque
1688 3894 1880 3950 asinus
1928 3898 1993 3951 ad
2028 3901 2111 3972 ly-

539 3995 696 4036 ram:
738 3982 887 4036 siluit
913 3997 942 4034 a
973 3982 1135 4038 bouis
1176 3983 1436 4054 verisque
1487 3988 1882 4055 sermonibus;
1918 4001 1974 4046 at
1999 4008 2108 4050 non

538 4071 664 4126 item
707 4071 1002 4140 obmutuit,
1043 4074 1173 4144 quin
1229 4074 1477 4144 iniquum
1527 4076 1742 4133 facinus
1789 4080 2105 4152 imperaret,

540 4161 634 4217 sed
664 4177 695 4217 e
742 4164 968 4235 vestigio
1017 4163 1296 4219 dexteram
1327 4163 1554 4220 Joannis
1607 4167 1762 4236 jubet
1813 4177 2104 4241 amputari.

535 4254 780 4324 Cumque
811 4259 857 4311 Is
888 4258 1052 4310 breve
1096 4262 1312 4325 tempus
1362 4255 1582 4325 aliquod
1632 4260 1862 4316 concedi
1893 4264 1998 4319 sibi
2019 4283 2108 4322 ro-

535 4356 708 4416 garet,
742 4345 808 4400 ad
855 4361 915 4401 se
946 4346 1317 4417 purgandum,
1352 4348 1847 4421 exponendumque
1885 4356 2103 4414 nefandi

2217 3176 2346 3239 τοὺς
2379 3173 2488 3228 τῶν
2513 3172 2856 3246 γραμμάτων
2892 3171 3096 3234 τύπους
3142 3172 3256 3234 τοῖς
3304 3167 3497 3222 ἑαυτοῦ
3522 3167 3806 3237 παρεικά-

2218 3265 2410 3332 ζεσθαι
2443 3263 2839 3331 συγκατέθετοο
2879 3262 2949 3314 τά
2983 3261 3039 3314 δὲ
3084 3261 3267 3324 αὐτοῖς
3307 3257 3679 3330 έμφερόμενα,
3724 3257 3808 3328 μὴ

2216 3355 2556 3426 τοπαράπαν
2577 3353 2794 3416 εἰδέναι,
2824 3351 3012 3422 μηδεὶς
3035 3352 3114 3414 εἱς
3145 3349 3269 3403 νοῦν
3313 3347 3570 3420 βαλέσθαι
3605 3359 3628 3385 ο
3663 3348 3804 3400 ποτε

2217 3445 2532 3518 προσέθετο.
2584 3445 2698 3498 Οὐκ
2753 3443 2987 3513 ἠγνόησε
3035 3441 3091 3495 δὲ
3133 3441 3223 3494 τὸν
3248 3440 3415 3502 δόλον,
3451 3441 3546 3492 καὶ
3568 3439 3670 3510 τὴν
3699 3439 3802 3492 τοῦ

2219 3537 2485 3608 βασιλέως
2513 3533 2832 3606 ἐπιϐουλὴν,
2887 3531 3176 3602 ἀναγνούς.
3221 3531 3360 3584 Ἀλλ’
3381 3533 3409 3584 ὁ
3441 3530 3805 3602 μισόχριστος

2217 3632 2423 3692 ἐκεῖνος
2442 3629 2626 3700 ἄρχων
2657 3627 2794 3698 πρὸς
2821 3627 2891 3681 τά
2922 3625 3028 3680 ὑπὸ
3079 3624 3174 3679 τοῦ
3214 3625 3462 3678 Ἰωάννου
3495 3623 3800 3693 λεγόμενα,

2215 3723 2332 3785 ὄνος
2356 3719 2425 3793 ἦν
2452 3720 2623 3793 λύρας
2673 3718 2908 3784 ἀκούων,
2933 3718 3091 3772 τοῦτο
3121 3716 3184 3789 δὴ
3216 3717 3378 3784 φάναι
3407 3715 3467 3768 τὸ
3515 3715 3616 3785 τῆς
3650 3732 3802 3787 παρ-

2215 3813 2398 3883 οιμίας
2424 3828 2438 3843 θ
2475 3812 2570 3865 καὶ
2619 3809 2888 3880 ὲκωφώοη
2921 3809 3020 3880 μὲν
3057 3808 3116 3876 ἐξ
3164 3803 3384 3876 ἀγαθῶν
3413 3807 3682 3876 ῥημάτων
3701 3807 3806 3860 καὶ

2215 3903 2449 3975 ἀληθῶν.
2477 3903 2591 3956 Οὐκ
2611 3902 2832 3972 ἐσίγησε
2848 3900 2904 3954 δὲ
2926 3900 3019 3953 τοῦ
3045 3899 3119 3971 μὴ
3140 3899 3323 3954 ἄδικον
3340 3897 3805 3966 ἀποφθέγξασθαι

2215 3995 2568 4067 πρόσταγμα,
2602 3993 2715 4046 ἀλλ’
2746 3993 2907 4056 εὐθὺς
2937 3991 3148 4045 κελεύει
3194 3991 3292 4064 τὴν
3339 3989 3520 4055 δεξιάν
3555 3991 3806 4060 κοπῆναι

2213 4085 2308 4140 τοῦ
2369 4086 2636 4140 Ἰωάννου.
2667 4083 2778 4138 Καὶ
2819 4083 3074 4154 δεομένου
3111 4083 3316 4154 βραχὺν
3340 4083 3532 4152 χρόνον
3564 4081 3803 4152 δοθῆναι

2212 4177 2262 4228 οἱ
2287 4175 2423 4246 πρὸς
2469 4174 2764 4242 ἀπολογίαν
2797 4191 2856 4226 τε
2899 4173 2994 4226 καὶ¹
3029 4173 3304 4242 ἀφήγησιν
3329 4172 3426 4240 τῆς
3467 4171 3588 4224 κατ’
3617 4170 3802 4223 αὐτοῦ

2216 4267 2412 4338 μανίας
2430 4263 2524 4319 τοῦ
2558 4264 2854 4328 δυσσεϐοῦς
2881 4263 2934 4326 ἀ,
2969 4264 3069 4316 οὐκ
3101 4264 3321 4333 ἀνῆκεν,
3350 4262 3471 4315 οὐδὲ
3500 4262 3799 4331 ἠνέσχετο,

2211 4357 2329 4420 ὅλος
2351 4356 2455 4409 ὑπὸ
2511 4355 2609 4421 τῆς
2666 4357 2860 4426 μανίας
2921 4353 3121 4416 ὲκστάς
3161 4352 3190 4406 ό
3237 4351 3530 4424 βάρϐαρος.
3577 4353 3700 4406 Καὶ
3732 4351 3803 4421 δὴ

536 4434 883 4504 imperatoris
939 4436 1228 4492 adversum
1261 4451 1320 4492 se
1369 4436 1632 4504 furorem,
1665 4440 1857 4497 abnuit
1915 4447 2110 4504 barba-

2221 4448 2548 4502 ἐκκέκοπται
2578 4446 2747 4512 δεξιά,
2793 4448 2827 4515 ἡ
2872 4446 3144 4517 ποιήσασα
3175 4444 3402 4514 δύναμιν
3427 4447 3538 4507 τοῖς
3569 4444 3803 4514 690066-

536 4542 651 4592 rus,
681 4542 780 4581 nec
810 4528 1079 4596 permisit,
1129 4528 1328 4598 quippe
1364 4531 1456 4600 qui
1497 4532 1737 4600 percitus
1767 4533 1844 4588 ira
1879 4539 1962 4592 sui
1992 4539 2104 4612 jam

2211 4542 2320 4608 ξοις
2343 4541 2400 4591 ὲν
2428 4537 2566 4608 Θεῷ,
2595 4537 2662 4590 δι’
2691 4530 2766 4590 ὧν
2801 4537 3076 4606 γέγραφεν
3101 4548 3124 4576 θ
3152 4552 3168 4567 ·
3209 4536 3540 4589 ἐκκέκοπται
3589 4535 3759 4602 δεξιὰ
3787 4580 3802 4600 ,

537 4628 758 4682 compos
789 4630 897 4669 non
932 4625 1070 4669 erat.
1112 4614 1348 4672 Prtecisa
1389 4618 1554 4688 igitur
1596 4620 1676 4673 illi
1733 4623 1959 4682 dextera
1995 4638 2105 4694 est,

2221 4632 2566 4703 ῆὲλέγχουσα
2622 4630 2746 4693 τοὺς
2802 4627 3092 4702 μισοῦντας
3136 4628 3225 4680 τὸν
3264 4626 3490 4698 Κύριον,
3537 4629 3633 4679 καὶ
3670 4629 3807 4680 ἀντὶ

535 4719 657 4772 quae
684 4705 932 4762 homines
966 4708 1092 4762 odio
1143 4707 1431 4763 Dominum
1475 4709 1739 4767 habentes
1772 4715 2104 4787 incessebat,

2211 4724 2439 4794 μέλανος
2485 4717 2529 4790 ᾧ
2577 4721 2846 4775 ἐϐάπτετο
2899 4721 3164 4792 πρότερον
3212 4719 3633 4792 λογογραφοῦσα
3691 4724 3806 4792 τὴν

534 4804 588 4851 et
617 4813 714 4867 pro
766 4806 1072 4854 atramento
1105 4816 1214 4871 quo
1243 4809 1370 4856 ante
1413 4803 1584 4857 tincta
1633 4803 1834 4874 fuerat,
1882 4813 2105 4880 quando

2221 4816 2316 4868 τῶν
2339 4813 2560 4867 εἰκόνων
2614 4812 3010 4882 προσκύνησιν,
3040 4812 3226 4881 οἰκείῳ
3273 4811 3465 4880 αἵματι
3493 4811 3804 4881 βάπτεται.

537 4890 744 4943 cultum
806 4891 1104 4963 imaginum
1166 4893 1369 4948 litteris
1429 4899 1828 4968 prOpugnabat,
1888 4905 2106 4975 proprio

536 4993 733 5034 cruore
780 4983 1026 5052 tingitur.
1075 4983 1238 5052 Atqui
1291 4985 1532 5041 excisam
1583 4987 1723 5042 hanc
1775 4990 2010 5059 Domini,
2062 4997 2109 5051 si

536 5067 611 5122 ita
656 5067 805 5138 loqui
836 5069 920 5126 fas
953 5080 1058 5137 est,
1101 5073 1378 5128 dexteram
1427 5076 1482 5130 in
1521 5076 1640 5132 foro
1683 5083 2109 5150 suspemlerunt.

604 5157 794 5215 XVIII.
828 5193 894 5203 -
934 5162 1246 5220 Obsecratio
1295 5167 1527 5230 Joannis
1591 5169 1660 5223 ad
1716 5183 1954 5226 sanctam
2016 5175 2110 5230 Dei

536 5248 847 5308 Genitricem
875 5263 931 5309 ut
961 5273 1147 5311 manus
1178 5257 1279 5312 sibi
1317 5227 1661 5327 restituatur,
1699 5263 1930 5318 versibus
1966 5267 2105 5320 Aua-

2219 4907 2582 4962 Ἐκκοπεῖσαν
2627 4905 2805 4959 τοίνυν
2847 4904 3062 4974 ἐκείνην
3122 4904 3223 4974 τὴν
3262 4903 3444 4970 δεξιὰν
3479 4904 3702 4974 Κυρίου
3753 4906 3802 4968 τ,

2212 4997 2277 5050 ἵν’
2299 4998 2473 5062 οὕτως
2495 5000 2655 5062 εἴπω,
2689 4997 2779 5050 ἐπὶ
2818 4999 2915 5066 τῆς
2941 4998 3145 5068 ἀγορᾶς
3170 4995 3539 5068 ἐμετεώρισαν
3571 4998 3620 5050 ε.

2279 5176 2389 5227 III'.
2451 5175 2717 5244 Ἐσπέρας
2751 5172 2842 5230 οῦν
2889 5175 3320 5246 καταλαϐούσης,
3350 5177 3445 5228 καὶ
3489 5175 3566 5236 είς
3607 5178 3811 5247 πέρας

2211 5266 2370 5337 λῆξαι
2409 5268 2535 5331 τοὺς
2584 5267 2791 5338 θυμοὺς
2824 5268 2916 5322 τοῦ
2947 5268 3212 5340 τυράννου
3276 5269 3302 5307 ιι
3355 5265 3728 5332 ύποτοπάσας
3759 5268 3815 5323 ,ὁ

1914 5401 2149 5459 νΑῐῖῐίΕ
2179 5404 2583 5462 LECTIONES.

604 5508 820 5586 ijJditz
833 5513 1069 5586 μετρίως
1094 5514 1223 5586 γάρ.
1243 5583 1255 5586 _
1293 5524 1334 5586 ἶ
1365 5515 1497 5572 Mss.
1527 5515 1595 5572 R.
1627 5517 1896 5581 δυσνοίας.

533 5585 562 5617 ε
797 5576 1116 5650 βάλ).εσθαι.’
1170 5576 1182 5586 ’
1231 5583 1258 5622 δ
1287 5585 1422 5659 MSS.
1469 5586 1548 5659 II.
1595 5576 1937 5659 δυσωνύμου.

1977 5531 1999 5558 ι
2021 5521 2162 5576 Edit.
2190 5523 2495 5579 εὐσέϐειαν.
2574 5537 2600 5566 tl
2636 5525 2778 5581 Edit.
2810 5525 2995 5580 αὐτοῦ.

2065 5603 2087 5665 _¢
2124 5591 2254 5665 Illas.
2306 5593 2368 5648 Il.
2404 5595 2662 5665 ἔγραφεν.

3101 5525 3131 5565 b
3162 5524 3293 5580 Mss.
3327 5524 3395 5579 R.
3427 5522 3815 5593 δεδεγμένος.

2797 5595 2945 5650 ίΜε.
3007 5595 3337 5661 llenscheuii
3394 5608 3586 5648 vocem
3643 5597 3814 5651 hanc

534 5648 1132 5735 omisit,quam'auetor
1153 5656 1347 5735 annuit
1376 5657 1535 5735 satis,
1565 5659 1656 5712 ubi
1676 5648 1983 5735 subjungit,
2007 5661 2078 5735 ίνξ
2110 5662 2281 5735 οὕτως
2305 5648 2566 5728 εἵπω’,ἰιι’
2587 5648 2666 5718 ita
2697 5648 3083 5719 dicamedita
3108 5648 3268 5730 male,
3303 5648 3411 5718 υπὸ
3434 5662 3529 5716 τοῦ
3557 5648 3814 5735 κυρίου,

534 5731 694 5787 quam
716 5727 898 5774 tamen
922 5722 1216 5780 lectionem
1248 5725 1340 5778 alii
1362 5728 1536 5783 secuti
1588 5737 1738 5783 sunt.

1842 5733 1866 5769 ε
1893 5731 2022 5787 Mss.
2053 5731 2284 5804 άπῃὼρη
2295 5750 2412 5789 σαν.

2520 5735 2548 5775 ιι
2575 5735 2717 5791 Edit.
2743 5735 2854 5789 τῶν
2884 5735 3180 5808 τυράννων.
