3974 6338
556 382 667 446 459

1617 379 1796 441 VITA
1835 379 1894 440 S.
1935 377 2256 440 JOANNIS
2291 379 2748 442 DAMASCENI.

3709 386 3818 452 460

551 492 736 561 itaque
765 489 880 544 dies
933 487 1008 542 illi
1059 491 1200 553 erat,
1249 496 1303 541 et
1359 485 1681 541 nullatenus
1741 502 1894 553 nox;
1948 486 2112 541 lumer

2237 486 2357 558 μεθ’
2381 487 2724 559 ύπαλλαγῆς,
2760 484 2892 560 ῆχος
2918 485 2986 561 ἦν
3018 492 3136 546 ἐκεῖ
3163 493 3402 566 καθαρὸς
3426 495 3817 567 ἑορταζόντων,

551 582 736 651 plane,
761 587 816 634 et
854 591 961 636 uon
997 576 1237 632 tenebrat
1270 576 1338 643 “,
1372 587 1449 643 et,
1501 585 1562 632 ut
1611 578 1992 648 propheticam
2031 592 2127 632 vo-

2235 578 2328 632 καὶ
2353 579 2508 650 φωνὴ
2545 579 2921 648 ἀγαλλιάσεως
2953 586 3011 636 ἐν
3052 588 3228 656 σκηνῇ
3247 586 3460 641 δικαίου
3484 588 3698 658 ἀνδρός.

550 685 668 726 cem
724 683 821 740 per
864 668 1176 738 hypallages
1227 667 1454 739 ﬁguram
1503 685 1800 741 usurpem,
1851 685 2026 740 purus
2083 667 2161 722 illi
2235 679 2356 725 erat
2411 671 2754 741 epulantium
2812 688 3004 741 sonus,
3060 683 3116 730 et
3173 691 3277 731 vox
3327 679 3711 735 exsultationis
3760 683 3815 736 in

549 763 901 818 tabernaculo
931 764 1035 820 viri
1062 763 1198 834 justi
1227 762 1294 816 ".

619 888 744 945 llaec
775 905 883 945 non
917 891 1150 956 occulte,
1183 906 1358 962 neque
1386 890 1605 947 silentio
1648 896 1802 961 gesta
1849 899 2000 955 sunt,
2033 904 2124 944 ve-

545 997 667 1036 rum
721 982 1061 1038 admirabilis
1113 982 1204 1038 ille
1255 996 1424 1038 sonus
1483 983 1868 1052 concinnaque
1920 980 2126 1050 jubila—

546 1072 624 1126 tio
668 1072 736 1126 ad
781 1079 948 1127 totam
988 1075 1196 1129 circum
1238 1073 1495 1127 viciniam
1533 1071 1961 1127 ditl'undebatur.
1999 1071 2123 1126 Mox

543 1175 576 1215 e
609 1159 898 1218 Saracenis
943 1162 1149 1219 Christi
1207 1162 1458 1218 hostibus
1513 1162 1764 1216 nonnulli
1813 1162 2120 1232 principem

546 1267 706 1308 suum
746 1255 972 1320 adeunt,
1031 1254 1368 1310 atlirmantes
1406 1251 1603 1308 Joanni
1665 1253 1947 1309 dexteram
2013 1254 2118 1308 mi-

2335 888 2522 944 Ταῦτα
2563 891 2664 944 οὐκ
2714 891 2773 944 ἐν
2816 891 3071 968 κρυπτῷ,
3117 892 3226 948 οὐδ’
3270 895 3444 968 ἡσυχῆ
3499 900 3802 967 τετέλεστο,

2230 979 2368 1034 ἀλλὰ
2414 980 2682 1034 διέϐαινεν
2737 983 2766 1036 6
2827 982 3132 1053 θαυμάσιος
3187 987 3393 1051 ἐκεῖνος
3432 988 3668 1059 φθόγγος
3714 996 3811 1048 καὶ

2232 1073 2553 1143 ἐναρμόνιος
2569 1073 2885 1146 ἀλαλαγμὸς
2917 1077 2999 1139 εἰς
3030 1078 3158 1141 τοὺς
3184 1079 3250 1132 ἐκ
3270 1079 3546 1147 γειτόνων,
3585 1084 3677 1137 καὶ
3706 1103 3810 1138 κυο

2227 1162 2407 1216 κλόσε.
2441 1163 2553 1217 Καὶ
2605 1164 2768 1228 εὐθὺς
2821 1166 3068 1237 ἀπῄεσάν
3118 1185 3262 1232 τινες
3288 1169 3399 1223 τῶν
3448 1173 3811 1244 μισοχρίστων

2226 1254 2560 1325 Σαρακηνῶν
2575 1257 2725 1327 παρὰ
2746 1258 2838 1310 τὸν
2858 1259 3058 1312 οίκεϊον
3086 1259 3343 1329 ἄρχοντα,
3367 1260 3442 1332 μὴ
3469 1263 3809 1334 ἐκκεκόφθαι

543 1340 690 1395 nime
736 1349 1074 1411 amputatam
1126 1341 1318 1408 fuisse,
1373 1341 1471 1399 sed
1525 1341 1682 1396 alteri
1729 1341 1990 1412 cuipiam,
2056 1349 2112 1395 ut

2221 1343 2300 1413 τῷ
2353 1345 2578 1416 Ἰωάννῃ
2627 1345 2728 1416 τὴν
2779 1346 2959 1412 δεξιάν
3017 1347 3288 1416 λέγοντες,
3354 1352 3516 1406 ἀλλου
3554 1353 3612 1406 δέ
3641 1373 3810 1423 τινος,

541 1440 673 1500 puta
707 1446 866 1486 servo
899 1439 995 1485 aut
1027 1432 1404 1486 ministrorum
1436 1431 1558 1502 ejus
1591 1431 1781 1496 alicui,
1820 1431 1986 1504 [XIII]
2021 1435 2112 1502 qui

2221 1433 2409 1488 δούλου
2462 1435 2645 1504 τυχὸν,
2690 1437 2724 1508 ἢ
2778 1437 2954 1502 ἀλλως
3004 1439 3448 1511 ύπηρετουμένου
3478 1445 3667 1511 αὑτοῦ,
3711 1448 3810 1501 καὶ

541 1533 602 1573 se
632 1533 735 1588 pro
768 1534 866 1573 sua
905 1534 1032 1589 erga
1067 1519 1358 1574 Dominum
1386 1521 1766 1576 benevolentia
1797 1520 2070 1593 dediderit
2097 1538 2112 1587 ;

2218 1525 2286 1580 δι’
2315 1527 2530 1581 εὔνοιαν
2579 1528 2977 1599 προδεδωκότος
3021 1531 3213 1585 ἑαυτὸν
3268 1534 3387 1588 ἀντὶ
3418 1535 3513 1588 τοῦ
3545 1536 3809 1594 δεσπότου

541 1623 606 1662 ac
633 1624 729 1664 eos
775 1610 976 1680 quibus
1005 1612 1294 1682 prmsectio
1337 1627 1537 1667 manus
1571 1612 1838 1682 imperata
1869 1619 1988 1668 erat
2021 1626 2112 1682 pe-

2221 1617 2406 1672 αύτοῦ.
2440 1619 2579 1683 Τοὺς
2629 1619 2685 1672 δὲ
2723 1618 2820 1690 τὴν
2878 1621 3121 1692 ἐκκοπὴν
3153 1625 3618 1696 προσταχθέντας,
3665 1631 3806 1699 χρή-

539 1700 722 1755 cuniis
748 1714 964 1769 poenam
994 1713 1388 1765 commutasse,
1417 1700 1660 1758 Joannes
1694 1703 1864 1767 enim,
1899 1703 2112 1759 aiebant

2227 1725 2390 1778 μασιν
2415 1709 2848 1777 ἀνταλλάξασθαι
2899 1712 2999 1784 τὴν
3033 1716 3246 1785 ποινήν.
3289 1716 3348 1770 '0
3397 1718 3506 1788 γὰρ
3548 1720 3808 1791 Ἰωάννης

540 1788 640 1854 illi,
675 1788 822 1845 domi
867 1790 1164 1846 considens
1209 1792 1438 1860 perinde
1486 1793 1639 1847 canit
1681 1801 1737 1847 et
1786 1792 2114 1858 oblectatur,

540 1889 602 1935 ut
645 1898 770 1938 eum
805 1883 1045 1953 nuptiale
1072 1883 1270 1939 festum
1306 1894 1529 1954 putares
1575 1884 1872 1949 celebrare,
1900 1889 1954 1938 et
1999 1882 2118 1953 epi-

2221 1800 2362 1853 οίκοι
2393 1801 2725 1873 καθήμενος,
2773 1801 2947 1865 οὕτως
2989 1803 3107 1875 ᾄδει
3155 1807 3250 1860 καὶ
3277 1807 3562 1878 τέρπεται,
3592 1809 3669 1873 ὡς
3702 1826 3807 1879 γα-

2226 1892 2393 1962 μήλια
2428 1893 2603 1956 εἴποις
2628 1893 3022 1964 πανηγυρίζειν
3050 1894 3232 1959 αὐτὸν,
3263 1898 3358 1950 καὶ
3388 1898 3752 1969 ἐπιθαλάμιον
3783 1898 3802 1939 ι

540 1975 790 2029 thalamii
837 1975 1114 2030 canticum
1171 1976 1390 2046 aliquod
1437 1977 1622 2031 edere.
1665 1975 1808 2041 Quid
1860 1974 2004 2046 quod
2059 1983 2112 2031 et

2219 1980 2492 2035 ποιεῖσθαι
2519 1981 2628 2034 τῶν
2651 1963 2923 2052 ὑμεναίων
2945 1982 3116 2052 ἠχὴν·
3152 1983 3350 2055 μᾶλλον
3371 1985 3425 2038 δὲ
3451 1985 3593 2056 ὑπὲρ
3619 1963 3805 2041 ἐκεῖνα

539 2066 808 2136 ejusmodi
841 2067 1045 2121 laetitiis
1074 2067 1193 2136 ejus
1223 2068 1519 2122 exsultatio
1557 2067 1776 2122 videtur
1809 2067 2005 2138 major.

621 2196 742 2250 XX.
775 2197 832 2250 Μ
837 2198 1097 2252 iraculum
1126 2200 1364 2269 agnoscit
1393 2198 1670 2254 barbarus.
1702 2228 1767 2238 —
1794 2195 1892 2254 His
1911 2214 2115 2254 renun-

540 2287 712 2353 tiatis,
741 2285 982 2343 Joannes
1006 2288 1349 2354 accersitur;
1386 2289 1479 2358 qui
1512 2304 1638 2342 eum
1671 2288 1934 2352 venisset,
1974 2288 2118 2344 refe-

536 2389 680 2434 ctam
712 2392 932 2433 manum
953 2379 1182 2449 jubetur
1207 2379 1470 2449 proferre.
1503 2378 1655 2434 lianc
1694 2394 1823 2434 cum
1857 2379 2116 2435 ostende-

537 2479 638 2531 ret,
656 2467 850 2523 lineola
877 2470 1144 2538 quaedam,
1171 2467 1262 2523 Dei
1286 2478 1458 2525 matre
1481 2471 1554 2524 ita
1579 2478 1952 2539 comparante,
1986 2470 2118 2525 sub-

536 2559 844 2629 apparebat,
880 2575 1000 2630 qua:
1037 2559 1388 2614 manifestum
1436 2570 1582 2616 esset
1629 2559 1930 2616 verissimae.
1958 2559 2108 2616 exci-

535 2650 709 2706 sionis
752 2651 1034 2706 indicium.
1075 2649 1344 2717 Quocirca
1386 2651 1656 2706 barbarus
1702 2669 1716 2704 :
1763 2669 1782 2704 ι
1818 2650 2022 2721 Ecquis
2062 2659 2116 2706 te

537 2738 804 2805 medicus,
828 2737 1090 2805 Joannes,
1123 2741 1336 2794 sanavit
1357 2740 1406 2793 ⁸3»
1440 2739 1636 2809 inquit.
1676 2755 1694 2790 ι
1725 2739 1857 2806 Quae
1873 2739 2116 2795 adhibita

535 2829 748 2886 vulneri
782 2829 1214 2884 medicamenta?
1249 2848 1268 2881 ›
1301 2827 1440 2882 Tum
1473 2829 1563 2884 ille
1589 2829 1740 2884 clara
1761 2836 1815 2883 et
1837 2829 1944 2884 alta
1977 2844 2110 2886 voce

539 2920 866 2974 miraculum
901 2919 1240 2990 praédicare:
1279 2938 1297 2971 ι
1333 2918 1506 2984 Meus,
1543 2920 1638 2986 ait,
1673 2919 1956 2986 Dominus,
1995 2936 2113 2975 om-

537 3011 1012 3082 nipotentissimus
1045 3011 1310 3078 medicus,
1335 3011 1499 3081 cujus
1525 3012 1607 3068 vis
1638 3020 1692 3067 et
1722 3014 1965 3082 potentia
1996 3014 2114 3085 pari

537 3103 707 3175 gradu
759 3104 1095 3158 voluntatem
1135 3104 1446 3159 comitatur.
1476 3123 1494 3156 ι
1535 3104 1615 3158 Ad
1646 3105 1764 3161 lucc
1802 3107 2111 3164 barbarus:

531 3211 565 3246 ηε
593 3194 866 3260 Quantum
894 3193 1059 3264 igitur
1085 3193 1343 3264 eonjicio,
1364 3209 1398 3250 o
1424 3194 1612 3260 homo,
1644 3195 1699 3250 id
1730 3198 1875 3266 quod
1905 3211 1964 3252 es
1989 3213 2114 3267 pas-

2218 2076 2252 2146 ὴ
2285 2074 2478 2129 τούτου
2507 2073 2687 2128 ἔοικεν
2713 2073 3057 2143 ἀγαλλίασις.

2287 2212 2375 2265 Κ’.
2405 2209 2625 2264 Τούτων
2664 2207 2810 2263 οὕτω
2851 2208 3364 2280 προαγγελθέντων,
3410 2210 3807 2282 προσεκαλεῖτο

2217 2303 2311 2356 καὶ
2335 2305 2364 2356 6
2403 2302 2658 2372 Ἰωάννης
2678 2318 2691 2333 ’
2713 2304 2741 2354 6
2764 2300 2822 2354 δέ
2867 2299 3195 2372 ἀφικόμενος
3223 2301 3508 2355 ἐκελεύετο
3533 2301 3806 2356 δεικνύειν

2216 2395 2315 2466 τὴν
2372 2395 2704 2446 ἐκκοπεῖσαν
2754 2390 2958 2458 δεξιὰν,
2991 2387 3060 2464 ἦς
3094 2391 3522 2462 ἐμφανισθείσης
3569 2393 3808 2462 ὑπεφαί-

2216 2502 2338 2540 νετο
2363 2494 2402 2521 ω
2439 2483 2533 2538 καί
2561 2501 2645 2546 τις
2689 2484 2924 2554 γραμμὴ
2947 2483 3046 2553 τῆς
3073 2483 3360 2552 διακοπῆς,
3388 2483 3550 2536 τοῦτο
3580 2486 3801 2538 οἰκονο-

2219 2578 2426 2650 μούσης
2454 2578 2554 2648 τῆς
2579 2577 2945 2648 Θεομήτορος,
2971 2577 3071 2647 τὴν
3097 2576 3339 2646 ἐκκοπὴν
3389 2575 3805 2648 ἀψευδεστάτην

2217 2668 2668 2740 καταμηνύουσα.
2702 2666 2821 2736 Ἐφ’
2866 2661 2948 2730 οἷς
2969 2667 2998 2720 6
3027 2666 3302 2740 βάρϐαρος
3351 2666 3520 2736 ἔφησε
3544 2683 3556 2696 ⁸
3593 2685 3611 2718 ι
3640 2668 3742 2730 Τίς
3775 2669 3805 2720 6

2215 2760 2572 2831 ἐξιασάμενός
2600 2776 2659 2812 σε
2687 2757 2889 2828 ἰατρὸς,
2937 2759 3178 2828 Ἰωάννη,
3213 2757 3308 2812 καὶ
3353 2758 3477 2812 τίνα
3513 2758 3582 2812 τά
3612 2760 3803 2813 ἐπιτε-

2217 2853 2380 2906 θέντα
2426 2869 2510 2904 σοι
2551 2852 2868 2921 φάρμακα;
2903 2869 2922 2902 ι
2965 2850 3024 2902 Ὀ
3051 2849 3107 2902 δέ
3132 2849 3362 2921 λαμπρᾷ
3386 2853 3451 2920 τῇ
3495 2853 3644 2920 φωνῇ
3704 2852 3804 2904 καὶ

2218 2943 2434 3016 μεγάλῃ
2457 2943 2632 3013 κήρυξ
2651 2940 2747 2995 τοῦ
2777 2937 3056 3012 θαύματος
3082 2939 3319 3009 γίνεται·
3352 2958 3371 2990 ι
3397 2941 3508 2994 Kal
3529 2941 3558 2994 6
3584 2938 3801 3011 Κύριός

2219 3053 2344 3104 μου,
2378 3035 2543 3105 φησὶν
2562 3073 2576 3098 ,
2601 3035 2630 3086 6
2656 3032 3204 3094 παντοδυνατὼτατος
3239 3030 3444 3102 ἰατρὸς,
3480 3030 3538 3094 ὃς
3570 3032 3670 3084 καὶ
3699 3031 3801 3100 οὐχ

2222 3127 2609 3198 ὑστερίζουσαν
2636 3125 2750 3196 ἔχει
2771 3126 2870 3195 τὴν
2899 3125 3127 3194 δύναμιν
3155 3123 3291 3194 πρὸς
3320 3122 3418 3194 τὴν
3452 3121 3676 3190 θέλησιν
3695 3129 3746 3174 ιι.
3774 3139 3794 3173 ι

2222 3217 2335 3269 Καὶ
2358 3216 2385 3267 6
2416 3215 2694 3286 βάρϐαρος
2729 3214 3065 3286 ἀπεκρίνατο
3096 3228 3113 3246 ⁸
3154 3229 3173 3265 t
3202 3213 3290 3277 Ὠς
3333 3212 3596 3280 εἴκασμαι
3621 3253 3638 3277 ,
3699 3212 3800 3264 ἄν.

535 3300 654 3348 sus,
683 3284 834 3339 nullo
864 3295 956 3338 tuo
979 3284 1209 3340 crimine
1232 3301 1430 3355 passus
1459 3301 1540 3342 cs.
1565 3287 1831 3342 (laterum
1855 3288 2109 3359 ignoscas

2218 3303 2396 3375 θρωπε
2417 3341 2432 3368 ,
2457 3284 2544 3356 ἐπ’
2575 3284 2891 3367 ἀνευθύνοις
2921 3303 2950 3355 6
2987 3301 3282 3365 πέπονθας,
3344 3300 3642 3364 πέπονθας.
3688 3301 3801 3355 Καὶ

535 3374 714 3438 nobis,
737 3373 882 3444 quod
913 3373 1224 3430 inconsulta
1257 3375 1635 3445 praecipitique
1670 3379 1943 3432 sententia
1975 3394 2109 3450 sup-

519 3465 754 3536 plicium
816 3464 1168 3521 intulerimus
1227 3467 1346 3521 tibi.
1409 3465 1568 3523 Modo
1623 3483 1756 3524 vero
1814 3469 2111 3540 pristinum

533 3572 734 3611 munus
767 3554 1026 3626 deinceps
1069 3556 1505 3622 administrahis,
1542 3568 1598 3614 et
1624 3559 1932 3630 principem
1969 3561 2113 3617 inter

533 3647 879 3701 consiliarios
909 3655 1126 3701 nostros
1155 3646 1332 3702 locum
1356 3649 1586 3705 tenebis.
1609 3649 1754 3706 Nihil
1781 3652 1926 3707 enim
1952 3653 2111 3724 quid-

515 3753 696 3807 quam
731 3739 960 3806 posthac
995 3738 1099 3793 nisi
1132 3738 1200 3795 de
1228 3739 1462 3796 consilio
1494 3749 1588 3797 tuo
1620 3751 1674 3798 et
1711 3744 1984 3799 sententia
2015 3759 2111 3800 su-

537 3843 658 3882 mus
682 3825 900 3881 facturi.
935 3846 954 3880 ι

595 3972 744 4033 XXI.
775 3977 1011 4034 Joannes
1047 3980 1360 4050 facultatem
1400 3999 1536 4054 αντε
1581 3984 1781 4040 obtinet
1829 3987 2107 4044 secedendi

525 4069 590 4120 'tn
630 4071 1036 4124 monasterium.
1069 4073 1144 4108 '——
1188 4066 1430 4125 Joannes
1467 4085 1596 4125 vero
1645 4071 1796 4127 humi
1823 4073 2109 4142 procidens

534 4159 800 4224 adoravit,
843 4175 1156 4230 pronusque
1188 4159 1376 4228 perdiu
1394 4160 1588 4230 jacens
1622 4161 2022 4230 obtestabatur,
2049 4174 2110 4221 ut

534 4250 750 4320 cOpiam
797 4250 904 4304 sibi
953 4250 1218 4318 princeps
1283 4247 1485 4304 Iaceret
1534 4250 1676 4304 viam
1735 4251 1894 4306 aliam
1937 4253 2108 4307 multo

531 4340 907 4412 optabiliorem
949 4337 1193 4402 ineundi,
1221 4345 1276 4394 et
1302 4338 1562 4409 sequendi
1605 4341 1755 4395 illum
1794 4343 1888 4413 qui
1917 4343 2058 4398 dixit
2089 4363 2102 4400 :

533 4431 645 4503 Ego
670 4449 786 4486 sum
821 4433 902 4486 via
941 4431 1005 4486 ¹⁸.
1041 4429 1320 4486 Barbarus
1367 4441 1557 4486 contra
1599 4432 1910 4489 facultatem
1951 4449 2105 4490 sece-

529 4523 694 4578 dendi
746 4521 1044 4587 abnuebat,
1096 4532 1322 4594 eratque
1385 4523 1571 4578 videre
1635 4523 1842 4590 duello,
1901 4533 1963 4580 ut
2024 4528 2107 4582 sic

2213 3392 2400 3446 λοιπὸν
2441 3394 2574 3464 ἡμῖν
2639 3391 2948 3462 σύγγνωθι,
2980 3392 3066 3460 ἐφ’
3099 3388 3180 3456 οἷς
3221 3392 3654 3462 ἀπερισκέπτοις
3699 3394 3798 3446 καὶ

2212 3483 2518 3554 ἀλογίστοις
2557 3485 2681 3546 ταῖς
2734 3481 3075 3551 ἀποφάσεσιν
3130 3480 3517 3552 ἐπηνέγκαμέν
3565 3497 3653 3533 σοι
3695 3483 3797 3551 τὴν

2210 3574 2503 3646 τιμωρίαν.
2537 3572 2642 3626 ¹Ἰθι
2670 3574 2849 3627 τοίνυν
2873 3573 2969 3641 τὴν
2996 3573 3274 3644 προτέραν
3324 3572 3544 3640 ἐφέπων
3575 3572 3791 3643 ἀρχὴν⁹

2211 3667 2307 3720 καὶ
2345 3665 2560 3736 πρῶτος
2602 3665 2700 3736 ἔσῃ
2730 3666 2788 3718 ἐν
2815 3667 2928 3728 τοῖς
2983 3665 3276 3734 ἡμετέροις
3331 3662 3680 3732 συμϐούλοις.
3717 3665 3794 3718 Οὐ

2211 3757 2321 3828 γὰρ
2375 3754 2685 3827 πράξαιμέν
2730 3771 2796 3806 τι·
2829 3753 3048 3807 πώποτε
3100 3753 3195 3806 τοῦ
3246 3752 3436 3806 λοιποῦ
3489 3752 3622 3806 ἀνευ
3690 3752 3794 3820 σῆς

2211 3845 2585 3918 παραινέσεώς
2608 3855 2633 3883 ο
2667 3863 2726 3898 τε
2762 3847 2856 3900 καὶ
2885 3844 3216 3916 συμϐουλῆς.
3243 3863 3262 3896 ι

2280 3985 2410 4038 KA'.
2451 3983 2510 4036 '0
2537 3983 2594 4036 δὲ
2622 3981 2806 4036 πεσὼν
2838 3981 3033 4051 χαμαὶ,
3077 3978 3452 4050 προσεκύνησε
3471 3994 3484 4007 '
3509 3979 3609 4032 καὶ
3645 3994 3792 4048 πρη-

2209 4072 2306 4144 νὴς
2325 4073 2577 4143 κείμενος
2607 4073 2784 4126 ἐδέετο
2805 4072 3016 4126 ἐκείνου
3046 4070 3130 4139 ἐφ’
3150 4071 3300 4140 ὥραν
3331 4068 3540 4139 ἱκανὴν,
3572 4085 3795 4138 συγχω-

2213 4163 2444 4236 ρηθῆναί
2473 4166 2547 4227 οἱ,
2575 4163 2672 4218 καὶ
2729 4163 2898 4232 ἀλλην
2949 4162 3109 4214 ἐάσαι
3153 4160 3341 4215 τοῦτον
3374 4160 3492 4213 ὁδὸν
3523 4160 3627 4230 τὴν
3659 4161 3792 4230 ἐρα-

2212 4256 2524 4326 σμιωτέραν
2576 4254 2818 4319 όδεῦσαι,
2870 4255 2964 4308 καὶ
3021 4251 3383 4321 ἀκολουθῆσαι
3411 4249 3489 4320 τῷ
3534 4249 3792 4318 λέγοντι·

2221 4347 2370 4417 Ἐγώ
2393 4349 2512 4416 ειμι
2545 4347 2584 4414 ἠ
2614 4345 2774 4412 ὁδός.
2819 4346 2878 4398 '0
2901 4345 2957 4397 δέ
2985 4343 3262 4414 βάρϐαρος
3303 4341 3406 4394 οὐκ
3462 4339 3640 4393 ἐδίδου
3693 4341 3794 4410 τὴν

2207 4436 2578 4506 συγχώρησιν.
2635 4435 2746 4489 Καὶ
2772 4430 2840 4506 ἦν
2880 4434 3008 4488 ίδεῖν
3069 4431 3434 4504 μονομάχους,
3490 4430 3566 4492 ὼς
3597 4430 3670 4484 ἄν
3711 4447 3798 4492 τις

2207 4526 2372 4590 εἴποι,
2406 4525 2497 4578 τὸν
2531 4523 2827 4595 βάρϐαρον,
2857 4524 2952 4577 καὶ
2978 4522 3070 4576 τὸν
3095 4522 3324 4576 δίκαιον.
3357 4520 3420 4573 '0
3451 4519 3548 4589 μὲν
3571 4519 3800 4580 πολλοῖς

533 4615 746 4684 loquar,
797 4621 1068 4670 certantes
1111 4616 1333 4681 ambos,
1381 4615 1676 4670 barbarum
1721 4616 1864 4671 hunc
1911 4624 1967 4671 et
2012 4616 2104 4687 ju-

2218 4612 2505 4684 ἡγωνίζετο
2532 4615 2750 4686 ἐπέχειν
2771 4613 2864 4667 τδν
2894 4612 3149 4683 Ἰωάννην
3189 4613 3302 4676 τοῖς
3337 4608 3432 4663 τοῦ
3457 4609 3677 4679 κόσμου
3708 4609 3801 4663 δε-

530 4713 673 4760 stum
701 4706 869 4760 illum.
898 4705 996 4760 Hic
1020 4705 1167 4760 enim
1205 4705 1390 4760 multis
1423 4706 1770 4771 contendere,
1797 4721 1908 4776 quo
1931 4703 2102 4762 Joan-

529 4813 651 4852 nem
700 4798 884 4852 mundi
920 4797 1147 4852 funibus
1201 4797 1438 4853 irretiret
1479 4811 1546 4852 ac
1594 4798 1854 4853 retineret
1889 4815 1904 4852 :
1954 4798 2041 4852 ille
2072 4813 2104 4854 e

530 4887 810 4942 contrario
831 4887 946 4941 vim
976 4901 1194 4941 omnem
1225 4895 1280 4941 et
1314 4895 1572 4942 conatum
1609 4888 1892 4953 adhibere,
1921 4895 1981 4942 ut
2006 4899 2104 4943 eos

532 4984 810 5043 rumperet
858 4984 913 5030 et
965 4975 1229 5046 angelicis
1276 4975 1378 5031 alis
1431 4975 1693 5032 avolaret.
1737 4975 1930 5046 Ingens
1974 4985 2106 5031 tunc

532 5082 760 5136 campus
807 5067 1042 5137 patebat,
1083 5067 1147 5120 'in
1182 5082 1290 5137 quo
1342 5081 1469 5122 cum
1521 5067 1842 5123 certaminis
1897 5067 2105 5122 arbiter

531 5159 786 5214 Christus
844 5157 1088 5222 sedebat,
1140 5168 1253 5213 tum
1310 5159 1488 5228 angeli
1539 5166 1878 5230 spectatores
1920 5166 2099 5212 erant.

532 5247 675 5313 Quin
708 5263 807 5304 nec
837 5247 1109 5304 immerito
1139 5248 1412 5319 quispiam
1446 5247 1667 5312 dixerit,
1708 5249 1881 5303 malos
1907 5262 1937 5302 a
1976 5248 2105 5304 sini-

532 5347 653 5394 stro
687 5339 864 5397 latere
899 5340 1128 5410 spiritus
1171 5339 1391 5396 barbari
1425 5339 1667 5394 animum
1695 5339 2019 5395 obﬁrmasse
2047 5349 2101 5396 et

612 5512 655 5543 ιδ
688 5512 854 5568 Amos
882 5529 933 5573 v,
981 5515 1064 5568 l8.
1145 5514 1187 5544 "
1224 5511 1369 5568 Psal.
1410 5529 1521 5580 xu,
1563 5514 1616 5570 5.
1694 5514 1736 5544 ³⁸
1763 5512 1915 5568 Joan.
1953 5530 2065 5578 xiv,
2091 5514 2142 5568 6.

2207 4704 2399 4772 σμοῖςο
2436 4703 2464 4756 6
2505 4701 2561 4756 δὲ
2593 4703 2770 4773 βίαιός
2816 4719 2902 4766 τις
2953 4697 3023 4772 ἦν
3067 4700 3238 4754 ταῦτα
3285 4696 3600 4771 ἀπορρῆξαι
3659 4700 3801 4770 μετὰ

2205 4793 2464 4864 σπουδῆς,
2491 4793 2588 4847 καὶ
2607 4793 2932 4862 ἀγγελικαῖς
2979 4793 3214 4848 πετάσαι
3248 4795 3361 4856 τοῖς
3396 4790 3656 4861 πτέρυξι.
3691 4792 3801 4845 Καὶ

2205 4884 2419 4938 στάδιον
2451 4885 2572 4938 τότε
2600 4885 2948 4956 ἠνεῳγμένον
2976 4885 3120 4955 μέγα
3158 4883 3476 4953 ἐτύγχανεν,
3510 4883 3800 4951 ἀγωνοθέ-

2202 4991 2302 5046 της
2326 4974 2382 5027 δέ
2409 4974 2644 5045 Χριστὸς
2660 4973 3026 5046 προεκάθητο,
3056 4975 3152 5029 καὶ
3177 4975 3238 5028 τὸ
3255 4973 3482 5044 θέατρον
3499 4983 3525 5022 Ρ
3545 4975 3599 5026 ot
3631 4972 3802 5041 ἀγγε-

2203 5057 2310 5115 λοι.
2357 5061 2508 5134 Ἐρεῖ
2534 5063 2592 5117 δέ
2627 5081 2712 5128 τις
2735 5064 2982 5129 δικαίως,
3011 5066 3108 5118 καὶ
3135 5065 3261 5126 τοὺς
3284 5063 3555 5134 πονηροὺς
3581 5063 3651 5127 ἐξ
3675 5065 3800 5133 ἀρι-

2209 5152 2416 5223 στερῶν
2441 5154 2884 5227 παραθαρρύνειν
2911 5157 3002 5208 τὸν
3035 5155 3332 5226 βάρϐαρον,
3357 5155 3452 5207 καὶ
3467 5153 3800 5220 ἐπαλείφειν

2208 5246 2344 5316 πρὸς
2375 5247 2758 5318 πιθανότητας.
2789 5248 2935 5320 Νικᾷ
2956 5249 3010 5301 δὲ
3039 5247 3178 5318 μετά
3201 5247 3400 5317 πολλῆς
3425 5247 3798 5318 ἀναρρήσεως

2209 5338 2237 5390 6
2267 5339 2398 5408 ἐμὸς
2429 5343 2752 5410 μονομάχος,
2791 5339 2886 5394 καὶ
2917 5339 3120 5394 πιθανά
3153 5339 3332 5396 πάντα
3358 5336 3452 5392 τοῦ
3483 5337 3796 5393 ἀντιπάλου

1805 5666 2038 5724 νΑιιιλΕ
2078 5666 2482 5726 LELTIONES.

605 5776 623 5818 Ι
657 5777 1047 5851 ἐπιθαλαμίων.
1123 5790 1160 5819 ⁸η
1196 5783 1534 5851 ἐπεφαίνετο.
1614 5792 1639 5820 ι’
1668 5781 1812 5839 Edit.
1837 5783 2039 5855 δέησιν.

2149 5800 2170 5824 ο
2197 5785 2342 5841 Edit.
2377 5782 2771 5858 παραινέσεως.
2861 5804 2888 5844 ι)
2921 5791 2987 5846 Β.
3018 5789 3169 5846 deest
3196 5788 3263 5842 οἵ.
