3974 6338
300 325 397 394 461

1370 308 1546 385 VITA
1587 326 1646 385 s.
1687 321 2007 386 JOANNIS
2046 320 2504 384 DAMASCEMI.

3463 314 3571 384 462

292 439 371 500 ὡς
394 437 524 507 βέλη
547 436 757 507 νηπίων
774 434 1105 505 λελόγισται.
1130 434 1239 489 Καὶ
1262 435 1491 506 νικητὴς
1512 435 1731 490 ἄπεισιν
1751 435 1886 507 (20),

1993 435 2325 492 instruxisse
2389 433 2456 488 ad
2506 424 2926 489 demulcendum
2974 430 3265 489 Joannem.
3295 428 3441 489 Vicit
3486 442 3570 489 ta-

294 528 687 598 ἀναδεδεμένος
741 529 842 599 τὴν
901 528 1149 600 κεφαλὴν
1186 528 1371 597 ταινίᾳ
1422 530 1736 598 περιφανεῖ,
1785 528 1881 581 καλ⁸

293 618 389 670 τόν
441 612 589 670 οἶκον
640 617 838 671 εἴσεισι
891 617 1281 689 φαιδρωπὸς,ό
1308 616 1439 686 πρὶν
1498 614 1659 680 ἐξιὼν
1717 616 1881 671 αὐτὸν

292 711 643 783 σκυθρωπός.

261 960 273 1042 .1
371 995 501 1047 KB'.
544 990 655 1046 Καὶ
674 990 788 1049 ,δύο
818 986 1195 1062 προκειμένων
1221 984 1373 1060 αὖτῷ
1398 982 1506 1043 τῶν
1538 989 1883 1045 Δεσποτικῶν

295 1085 650 1153 ἁποᾳάσεων.
689 1085 791 1154 τῆς
852 1082 973 1154 μὲν,
1032 1081 1231 1136 πωλεῖν
1271 1081 1341 1135 τὰ
1387 1079 1702 1153 ὑπάρχοντα
1723 1123 1738 1149 ,
1791 1087 1885 1138 καὶ

298 1177 530 1244 πένησιν
557 1173 837 1243 διανέμειν
887 1168 1209 1242 ὁριζομένης
1238 1186 1255 1203 ο
1280 1170 1378 1241 τῆς
1409 1169 1465 1224 δὲ
1486 1210 1501 1237 ,
1536 1171 1888 1243 καταλιμπά-

296 1286 355 1321 νε
366 1287 412 1319 ιν
436 1266 632 1331 οίκίας,
665 1265 760 1318 καὶ
784 1262 1006 1333 ἀγροὺς,
1030 1261 1127 1316 καὶ
1146 1260 1317 1315 τᾶλλα
1345 1262 1548 1326 πάντα,
1568 1261 1758 1317 ἕνεκεν
1788 1262 1884 1316 τοῦ

296 1359 567 1425 ὀνόματος
619 1355 716 1408 τοῦ
771 1353 1046 1407 Δεσπότου
1070 1393 1085 1417 ,
1121 1352 1246 1407 οὔτε
1288 1353 1422 1424 περὶ
1462 1352 1562 1423 τὴν
1612 1353 1885 1425 προτέραν

297 1449 539 1498 ποιεῖται
582 1446 683 1514 τὴν
713 1442 943 1513 σχολὴν,
976 1441 1043 1495 ἵν’
1072 1442 1202 1505 ἴσως
1244 1441 1321 1513 μὴ
1363 1440 1678 1514 ὲμΰραδύνῃ
1716 1460 1730 1473 ο
1759 1441 1883 1495 οὔτε

298 1538 441 1591 κατὰ
461 1541 559 1606 τὴν
587 1536 843 1607 δευτέραν
867 1535 1032 1599 ποιεῖ,
1062 1534 1143 1589 ἵνα
1172 1531 1250 1597 ὡς
1274 1532 1434 1605 ἔτυχε
1474 1532 1653 1589 ταῦτα
1700 1534 1885 1589 εἰακό-

297 1647 389 1690 τος
409 1638 438 1679 (ι
457 1671 471 1692 ,
504 1626 678 1697 ἔριδες
727 1626 1018 1697 προϐαῖεν,
1078 1625 1175 1697 καὶ
1218 1623 1484 1696 διαμάχαι
1529 1622 1727 1678 πολλαὶ
1775 1624 1885 1679 τῶν

300 1722 426 1776 καθ’
448 1715 588 1791 αἷμα
610 1719 975 1791 ᾠκειωμένων
998 1718 1169 1790 αύτῷ,
1194 1717 1374 1774 ἄλλων
1415 1716 1545 1773 ἄλλο
1574 1718 1885 1792 προϐεϐληρ

302 1813 485 1885 μένων
512 1784 605 1867 τοῦ
627 1784 983 1884 κληρονομεῖν
1013 1784 1240 1874 δίκαιον,
1269 1810 1407 1865 ἀλλὰ
1440 1784 1887 1883 μέσος-ἀμφότέ·-
1918 1784 1961 1840 Β

302 1924 415 1977 ρων
435 1908 627 1977 χωρεῖ,
654 1905 751 1959 καὶ
778 1905 851 1968 ὡς
877 1898 993 1974 εἷχε
1021 1903 1091 1956 τὰ
1125 1902 1441 1973 ὑπάρχοντα
1467 1903 1889 1975 διανειμάμενος

298 2000 553 2070 πένησιν,
580 1997 968 2069 αἰχμαλώτοις,
1002 1996 1212 2062 δούλοις
1268 1999 1379 2060 τοῖς
1437 1994 1631 2049 ἑαυτοῦ
1658 2011 1672 2027 ο
1699 1994 1793 2061 οὓς
1824 1996 1888 2067 δὴ

298 2092 399 2146 καὶ
428 2090 744 2162 ἐλευθερίας
789 2089 992 2161 ἠξίωσε
1026 2108 1040 2121 ·
1077 2087 1367 2159 συγγενέσι
1407 2087 1501 2141 καὶ
1550 2089 1664 2152 τοῖς
1721 2087 1888 2152 θείοις

296 2181 645 2253 καθιερώσας
671 2183 817 2245 ναοῖς
837 2197 852 2212 ’
876 2180 950 2245 ὡς
980 2180 1173 2251 ἐξῆλθε
1197 2178 1407 2249 γυμνὸς
1434 2178 1500 2232 ὲκ
1522 2177 1731 2244 κοιλίας
1782 2196 1886 2251 μη-

294 2274 430 2347 τρὸς
450 2273 638 2341 αὑτοῦ,
652 2272 796 2326 οὕτω
814 2272 1020 2344 γυμνὸς
1043 2270 1235 2342 ἐξῆλθε
1258 2269 1349 2324 τοῦ
1363 2269 1595 2340 κόσμου,
1615 2269 1754 2342 πλὴν
1780 2270 1888 2324 τῶν

307 2362 632 2431 ἀναγκαίων
657 2361 855 2432 ὲπιδλη
864 2362 1071 2433 μάτων,
1094 2363 1190 2415 καὶ
1211 2359 1391 2415 ἀπιὼν
1412 2360 1491 2424 είς
1516 2360 1779 2431 Ἰεροσόλυ
1788 2379 1883 2433 μα,

297 2453 397 2507 καὶ
424 2452 525 2523 τὴν
572 2452 961 2523 προσήκουσαν
1012 2450 1387 2524 προσκύνησιν
1422 2451 1790 2524 ποιησάμενος
1817 2453 1875 2506 ὲν

296 2544 487 2608 τόποις
509 2541 718 2605 τούτοις
741 2543 855 2604 τοῖς
872 2540 1213 2611 σεϐασμίοις,
1235 2540 1312 2605 ὼς
1335 2540 1531 2612 ἔλαφος
1555 2537 1768 2611 διψῶσα
1792 2540 1882 2595 τὸν

293 2635 455 2699 Θεὸν,
481 2634 559 2698 είς
588 2632 689 2704 τὴν
726 2632 934 2704 ἔρημον
962 2631 1153 2699 ἔξεισι,
1191 2634 1286 2686 καὶ
1317 2632 1417 2704 τὴν
1460 2631 1556 2686 τοῦ
1609 2631 1872 2702 θεοφόρου

297 2726 450 2781 Σάδα
498 2724 704 2795 λαύραν
752 2722 1166 2793 καταλαμϐάνει
1212 2723 1513 2795 (21),ἐχων
1569 2722 1792 2790 ὀπαδὸν,
1825 2724 1885 2777 ού

294 2819 401 2889 τῆς
422 2817 544 2872 ὀδοῦ
574 2818 759 2889 μόνον,
789 2816 926 2871 ἀλλὰ
959 2818 1055 2871 καὶ
1106 2817 1201 2871 τοῦ
1234 2818 1442 2872 σκοποῦ
1475 2818 1752 2887 κοινωνὸν,
1781 2819 1890 2873 Κο-

298 2912 453 2982 σμᾶν
483 2910 601 2982 (22)
629 2910 723 2965 τὸν
774 2909 924 2982 αὐτῷ
958 2910 1415 2982 συμμετασχόντα
1462 2911 1558 2965 καὶ
1596 2904 1888 2982 ἀναγωγῆς

293 3001 395 3056 καὶ
413 3000 724 3055 παιδεύσεω
736 3019 775 3064 ;.
797 2997 967 3065 Εἷπες
995 3002 1063 3055 ἂν
1094 3000 1294 3064 αὐτοὺς
1320 3001 1516 3071 ζεῦγος
1545 3004 1692 3074 ἱερὸν
1716 2998 1885 3066 εἶναι,

1986 536 2111 583 men
2154 528 2321 583 multa
2344 540 2470 582 cum
2518 525 2677 580 laude
2722 525 2991 581 duellator
3036 539 3215 594 meus,
3261 530 3572 597 cunctaque

1986 604 2294 677 adversarii
2346 619 2414 673 ad
2468 617 2910 689 persuadendum
2971 626 3246 673 momenta
3300 626 3569 688 tanquam

1986 712 2195 783 sagitta:
2217 708 2574 780 parvulorum
2611 707 2798 762 habita
2824 716 2954 763 sunt
2986 708 3049 761 ¹⁷.
3079 707 3269 764 Victor
3312 709 3571 766 discessit

1991 802 2190 858 illustri
2224 802 2356 856 vitta
2389 799 2675 856 redimitus
2696 807 2879 870 caput,
2903 800 3134 855 ethllari
3164 802 3316 857 vultu
3348 803 3571 859 domum

1986 891 2319 964 ingreditur,
2348 891 2441 962 qui
2474 900 2703 947 mmstus
2735 899 2861 945 ante
2898 897 2951 945 et
2991 890 3168 948 tristis
3204 891 3435 947 exierat.

2058 978 2225 1038 XXII.
2264 981 2574 1038 Facultates
2610 992 2659 1037 et
2694 984 2830 1037 bona
2866 980 3167 1038 distribuit.
3200 1013 3271 1023 —
3300 982 3572 1040 Cmterum

1987 1090 2111 1132 cum
2144 1075 2266 1131 duae
2310 1075 2528 1131 Domini
2580 1074 2862 1131 sententiae
2896 1074 2997 1145 ipsi
3032 1073 3329 1145 propositae
3360 1071 3568 1138 essent,

1987 1168 2159 1223 altera
2187 1182 2294 1238 qua
2327 1166 2616 1223 facultates
2655 1178 2784 1222 suas
2812 1167 3047 1222 vendere
3071 1169 3125 1221 et
3155 1164 3289 1220 dare
3316 1161 3573 1236 pauperi-

1992 1257 2095 1314 bus
2132 1256 2348 1327 jussum
2400 1263 2485 1312 est
2536 1255 2619 1323 “',
2673 1255 2842 1311 altera
2886 1261 3009 1325 quae
3055 1252 3249 1311 doi‘nos
3293 1254 3349 1308 et
3389 1268 3572 1324 agros,

1987 1361 2290 1423 caeteraque
2316 1351 2498 1407 omnia
2529 1362 2751 1422 propter
2775 1350 3060 1406 Dominum
3099 1349 3411 1419 relinquere
3439 1363 3577 1419 prae-

1988 1444 2187 1501 scribit
2236 1444 2316 1510 ",
2358 1444 2505 1499 circa
2568 1442 2802 1514 primam
2854 1443 3066 1499 nullum
3111 1451 3325 1513 tempus
3372 1441 3577 1497 contri-

1988 1537 2086 1603 vit,
2108 1534 2181 1591 ne
2209 1533 2350 1590 forte
2384 1534 2734 1590 diuturniore
2777 1549 2928 1589 mora
2976 1532 3408 1601 distraheretur;
3440 1533 3579 1589 allec

1988 1628 2105 1683 rius
2136 1640 2265 1682 vero
2316 1624 2696 1697 praescriptum
2741 1640 2851 1680 non
2894 1624 2969 1679 ita
3007 1624 3200 1695 gessit,
3251 1634 3332 1691 ut,
3374 1624 3579 1680 relictis

1990 1728 2195 1774 temere
2219 1717 2695 1790 possessionibus,
2730 1718 2875 1773 inter
2914 1732 3009 1773 eos
3039 1718 3132 1788 q'ui
3158 1716 3263 1772 sibi
3293 1716 3574 1788 conjuncti

1991 1816 2201 1873 essent,
2265 1810 2390 1865 lites
2449 1806 2731 1864 orirentur
2787 1814 2843 1864 et
2894 1807 3080 1879 jurgia
3139 1807 3397 1879 plurima,
3455 1809 3578 1865 aliis

1991 1901 2138 1958 aliud
2172 1898 2266 1972 jus
2312 1900 2578 1957 adeunda:
2608 1900 2943 1957 haereditatis
2979 1893 3408 1956 obtendentibus
3443 1919 3457 1955 :
3488 1904 3581 1956 ve-

1991 2010 2112 2048 rum
2133 1994 2502 2051 mediusinter
2518 2002 2809 2065 utrumque
2825 1993 3104 2063 incedens,
3128 1982 3293 2066 [XIV]
3316 1993 3456 2048 bona
3479 1991 3578 2049 sua

1991 2087 2226 2158 partitus
2257 2096 2343 2143 est
2381 2088 2436 2143 in
2468 2101 2737 2159 pauperes
2777 2095 2834 2143 et
2876 2086 3145 2156 captivos,
3195 2086 3361 2157 inque
3388 2099 3579 2141 servos

1991 2193 2133 2249 quos
2153 2178 2405 2236 libertate
2426 2178 2673 2245 donavit,
2702 2191 2768 2234 ac
2788 2180 3005 2235 tandem
3029 2178 3084 2233 in
3109 2179 3575 2250 consanguineos,

1991 2272 2066 2326 ita
2098 2279 2282 2328 tamen
2323 2276 2384 2327 ut
2422 2286 2551 2343 pars
2584 2286 2807 2344 quoque
2846 2286 2945 2326 sua
2992 2270 3211 2341 templis
3254 2264 3579 2326 consecrata
3674 2298 3677 2301 <

1991 2374 2157 2423 esset.
2184 2364 2655 2432 Quemadmodum
2702 2359 2884 2419 nudus
2922 2378 2953 2418 e
2997 2371 3248 2417 materno
3289 2366 3449 2417 utero
3480 2378 3580 2416 ex-

1994 2456 2155 2523 ierat,
2198 2458 2281 2513 sic
2340 2455 2575 2512 excessit
2605 2471 2637 2511 e
2672 2455 2899 2521 mundo,
2936 2453 3268 2511 necessariis
3312 2455 3581 2509 duntaxat

1991 2545 2237 2603 vestibus
2270 2545 2515 2601 retentis.
2566 2542 2719 2600 Talis
2771 2543 3213 2615 Hierosolymam
3253 2544 3431 2615 petiit,
3482 2536 3579 2599 ubi

1995 2639 2247 2706 adorata,
2291 2653 2403 2710 quo
2446 2646 2547 2710 par
2588 2644 2708 2696 erat
2744 2638 2933 2705 cultu,
2966 2642 3157 2694 eorum
3189 2638 3433 2694 lacerum
3463 2646 3582 2692 ma-

1988 2726 2210 2796 jestate,
2256 2726 2425 2783 Deum
2479 2727 2659 2797 ipsum
2715 2721 2782 2781 ad
2834 2727 3022 2806 instar.
3050 2729 3196 2783 cervi
3248 2726 3462 2794 sitiens,
3522 2727 3579 2780 in

1991 2815 2341 2873 solitudinem
2375 2815 2678 2885 contendit,
2710 2825 2763 2873 et
2795 2816 2965 2872 divini
2995 2814 3151 2872 Sabre
3181 2816 3391 2873 lauram
3426 2831 3581 2874 asse-

1992 2907 2199 2979 quitur,
2240 2908 2495 2965 comitem
2535 2912 2591 2964 et
2637 2908 2851 2965 socium
2898 2907 3112 2965 habens
3161 2924 3288 2965 cum
3341 2908 3579 2975 itineris,

1990 3008 2105 3053 tum
2130 2998 2419 3070 propositi,
2462 2997 2718 3056 Cosmum
2764 2994 2940 3063 illum,
2976 3004 3138 3070 quem
3169 2993 3417 3071 ejusdem
3445 3002 3582 3055 edu-

292 3093 394 3146 ιιαὶ
428 3091 535 3147 ὑπὸ
570 3102 593 3131 ι’
618 3093 712 3146 τὸν
760 3091 924 3161 ζυγὸν
967 3090 1180 3164 τρέχειν
1235 3093 1330 3146 τοῦ
1384 3093 1625 3165 Χριστοῦ
1648 3136 1663 3161 ,
1721 3094 1797 3158 ὡς
1823 3093 1886 3149 ἂν

1994 3088 2232 3145 cationis
2302 3103 2367 3145 ac
2442 3088 2811 3147 institutionis
2888 3090 3158 3147 habuerat
3227 3092 3578 3163 participem.

292 3184 540 3255 ἄρωνται
569 3183 733 3239 αὐτὸν
766 3182 1107 3253 ἐπαυχένιον.

366 3362 505 3420 ΚΓ.
546 3364 607 3419 '0
636 3363 770 3434 γοῦν
804 3363 1076 3436 Ἰωάννης,
1103 3364 1160 3429 ὃς
1195 3363 1290 3419 τοῦ
1322 3364 1486 3433 λόγου
1520 3365 1667 3419 ἐστὶν
1691 3366 1890 3421 ὑπόθε-

294 3474 408 3521 σις,
438 3457 541 3528 τὴν
567 3455 722 3510 θείαν
748 3455 962 3527 ἐκείνην
994 3456 1236 3527 μάνδραν
1267 3457 1473 3523 εἰσιὼν,
1506 3457 1601 3511 τοῦ
1628 3459 1887 3530 ποιμένος

294 3548 499 3602 πίπτει
521 3545 677 3618 παρὰ
698 3546 827 3609 τοὺς
856 3545 1047 3610 πόδας,
1070 3544 1316 3617 λιπαρῶς
1366 3545 1775 3616 ἐξαιτούμενος,
1810 3546 1886 3611 ὡς

292 3640 358 3694 ἓν
379 3638 492 3693 τῶν
534 3639 653 3691 ἐκεῖ
709 3637 1002 3709 προϐάτων
1058 3640 1316 3709 ταγῆναι,
1348 3638 1630 3703 ἀπολωλὸς
1693 3638 1884 3693 ἑαυτὸν

296 3731 508 3797 καλῶν,
534 3730 626 3785 καὶ
643 3730 704 3797 ἐξ
728 3731 951 3802 ἐρήμων
971 3729 1143 3802 ὀρέων
1161 3729 1288 3801 ἄρτι
1316 3730 1718 3802 ἐπιστρέφοντα
1747 3731 1882 3803 πρὸς

377 3912 422 3945 ³⁷
454 3908 601 3966 Psal.
632 3924 791 3974 cxttt,
824 3908 880 3964 9.
960 3904 1217 3963 “Matth.
1255 3923 1371 3972 an,
1406 3907 1512 3977 21;
1546 3905 1682 3963 Luc.
1725 3922 1878 3978 xvru,
1907 3909 2000 3967 22.

2000 3178 2247 3238 Dixisses
2294 3196 2391 3238 eos
2439 3192 2541 3254 par
2588 3186 2809 3239 sacrum
2866 3192 3012 3246 esse,
3067 3183 3213 3254 quod
3259 3174 3329 3239 ad
3375 3178 3579 3239 Christi

1993 3271 2187 3343 iugum
2228 3284 2336 3328 una
2368 3283 2639 3341 curreret,
2667 3281 2729 3330 ut
2761 3274 2837 3330 illi
2871 3274 3011 3330 colla
3048 3275 3456 3330 submitterent.

2067 3360 2259 3419 XXIII.
2282 3361 2519 3421 Joannes
2545 3382 2577 3420 a
2600 3373 2816 3435 pastore
2844 3366 3157 3421 monasterii
3196 3369 3478 3436 excipitur.
3512 3392 3582 3407 --

1992 3453 2231 3514 Joannes
2252 3458 2455 3529 itaque,
2469 3458 2565 3530 qui
2589 3474 2734 3516 unus
2762 3460 3101 3515 narrationis
3130 3475 3264 3515 mea:
3291 3462 3582 3531 arguch

1994 3558 2110 3605 tum
2156 3557 2263 3616 est,
2304 3551 2552 3606 divinum
2604 3550 2738 3607 illud
2792 3549 2936 3607 Ovile
2982 3550 3302 3621 ingressus,
3344 3548 3582 3621 pedibus

1992 3639 2231 3710 pastoris
2279 3639 2630 3704 advolvitur,
2687 3640 2850 3696 enixe
2901 3654 3105 3711 rogans
3154 3648 3215 3696 ut
3262 3641 3406 3697 inter
3449 3646 3580 3698 oves

1991 3745 2113 3801 quae
2138 3730 2252 3786 illic
2300 3731 2704 3797 versabantur,
2759 3732 3179 3803 admitteretur;
3238 3744 3396 3790 ovem
3458 3748 3578 3792 sese

2097 3911 2142 3943 "
2181 3900 2370 3968 Matth.
2399 3925 2513 3976 xix,
2553 3907 2647 3968 29.
2702 3994 2705 3995 ν

1555 4095 1787 4153 VARIAS
1821 4094 2223 4153 LECTIONES.
2318 4124 2339 4143 κ

373 4221 403 4262 ς
435 4209 681 4268 Edit.'t'va
708 4212 784 4285 μὴ
812 4212 885 4277 ὡς
906 4212 1061 4285 ἔτυχε
1088 4212 1264 4270 ταῦτα
1280 4216 1482 4273 abdicat.
1561 4226 1581 4252 τ
1626 4214 1871 4272 Α18.ὲπί.

1992 4218 2224 4286 eolamp.
2257 4212 2326 4267 ad
2361 4212 2566 4269 Christi
2584 4210 2775 4284 jugum
2810 4204 3113 4268 transtulit.

1841 4370 2079 4427 NOTAE.

372 4482 604 4555 (20)Kal
622 4481 878 4556 νικηζὴς
889 4480 1158 4556 dicemur.
1175 4477 1477 4556 Postquam
1494 4476 1736 4539 Joannes
1767 4483 1883 4556 pri-
1915 4468 1959 4524 ί)
1988 4485 2173 4540 Laura
2210 4482 2270 4540 S.
2303 4484 2461 4540 Saba:
2483 4525 2499 4550 ,
2535 4495 2585 4540 et
2620 4486 2769 4541 illius
2820 4487 3146 4556 sepulcrum.
3180 4468 3577 4556 Honesta-ium

297 4552 478 4611 marii'
507 4552 812 4625 consiliarii
847 4552 1171 4625 dignitatem
1219 4552 1440 4625 aliaque
1472 4568 1723 4625 munera,
1757 4552 1885 4625 qui-

298 4627 413 4680 bus
434 4623 577 4692 apud
617 4620 876 4692 ebalil‘am
915 4620 1278 4692 iungebatur.
1311 4620 1557 4692 reliquit,
1588 4620 1885 4689 suﬂecius,

297 4696 357 4750 ni
400 4690 561 4748 fallor
610 4693 665 4747 in
694 4691 817 4758 ejus
858 4690 1051 4747 locum
1078 4690 1199 4754 fuit,
1259 4690 1562 4748 Theodorus
1616 4693 1884 4758 Mansuri,

295 4766 439 4835 ejus
463 4762 855 4835 verosimiliter
894 4762 1161 4835 patruelis
1191 4780 1205 4829 ;
1240 4763 1482 4835 barbaro
1515 4765 1655 4835 hanc
1690 4764 1885 4835 saltem

336 4832 536 4888 ratiam
587 4833 772 4887 facere
833 4832 1078 4895 volente,
1130 4842 1190 4887 ut
1235 4834 1289 4887 in
1342 4832 1735 4889 honestissima
1794 4834 1887 4887 illa

336 4850 536 4888 rallam
587 4850 772 4887 tacere
833 4850 1078 4895 vorente,
1130 4850 1190 4887 ιιι
1235 4850 1289 4887 111
1342 4850 1735 4889 noncsussmta
1794 4850 1881 4887 Illa

294 4850 513 4974 familia
558 4903 975 4974 continuaretur
1011 4902 1242 4974 dimissa
1270 4903 1337 4958 ab
1364 4902 1575 4974 Joanne
1614 4903 1881 4974 dignitas.

296 4972 415 5030 Sed
464 4973 666 5043 minus
688 4972 817 5027 felix
857 4972 963 5043 iste
1009 4972 1115 5026 fuit
1146 4991 1159 5027 :
1194 4973 1466 5043 siquidem
1517 4972 1886 5043 Theophanes

295 5045 400 5105 ait,
440 5058 566 5098 eum
615 5039 682 5097 {8
737 5056 884 5097 anno
932 5042 1129 5106 Isauri,
1171 5043 1222 5097 id
1262 5039 1344 5098 est
1398 5039 1727 5098 Christianae
1765 5058 1888 5098 serae

298 5126 454 5185 anno
518 5112 661 5175 736,
696 5112 773 5185 ad
823 5113 1016 5185 deserti
1070 5115 1335 5185 regionem
1392 5129 1521 5185 esse
1552 5112 1881 5184 relegatum:

295 5183 451 5255 quod
479 5185 658 5255 ipsum
688 5182 1049 5255 forte_Leonis
1066 5179 1473 5255 machinatione
1504 5179 1709 5239 factum
1734 5198 1884 5247 esse,

298 5251 472 5309 etiam
505 5251 750 5309 ’amicos
820 5251 1050 5309 Joannis
1129 5254 1510 5324 persequentis
1539 5292 1555 5318 ,
1608 5255 1887 5310 ominatur

300 5324 710 5379 Ilenscbenius.

372 5395 497 5465 (2i)
533 5390 642 5447 Kal
666 5391 903 5465 τὴντοῦ
930 5392 1225 5465 θεοφόρᾳυ
1257 5392 1419 5447 Σάὸα
1443 5394 1681 5463 λαύραν
1707 5412 1884 5451 κατα·

296 5462 614 5533 λαμϐάνει.
649 5462 730 5535 Ad
752 5475 916 5533 quam
943 5478 1137 5535 nempe
1158 5463 1390 5535 Cosmas
1424 5462 1730 5535 praeceptor
1750 5478 1887 5522 suus

297 5532 650 5603 confugerat.
698 5532 1015 5603 Anonymus
1058 5532 1583 5589 Graeco-barbarus
1608 5532 1624 5599 ζ
1652 5537 1715 5590 de
1756 5538 1885 5590 locis

297 5604 832 5675 llierosolymitanis,
855 5604 924 5675 ab
944 5604 1145 5675 Allatio
1175 5604 1527 5675 editusinter
1550 5603 1875 5675 Symmicta,

295 5675 415 5728 haec
441 5672 607 5747 habet
636 5672 730 5747 ubi
777 5672 848 5729 de
873 5673 1067 5747 ALaura
1115 5673 1307 5747 Sancti
1355 5674 1513 5730 Saba!
1547 5672 1883 5747 :Supraque.

297 5759 478 5799 tersus
512 5742 835 5811 Jerusalem,
865 5744 1005 5801 inter
1037 5745 1221 5811 colles,
1252 5754 1330 5802 est
1374 5742 1752 5802 monasterium
1776 5742 1883 5802 seu

1988 4556 2380 4625 extedi/icatum
2411 4542 2498 4611 est,
2531 4557 2695 4625 juxta
2749 4542 3028 4612 torrentes.
3089 4542 3199 4610 Sub
3254 4554 3578 4625 monasterio

1989 4628 2110 4695 fons
2156 4624 2407 4691 scaturit,
2447 4624 2600 4693 quem
2625 4627 2716 4681 ille
2743 4628 2985 4695 precibus
3010 4644 3042 4679 a
3073 4625 3180 4679 Deo
3238 4624 3563 4695 impetravit.

1992 4693 2267 4768 Templum
2325 4696 2494 4768 trulla
2539 4693 2796 4768 erigitur,
2828 4714 2990 4768 eaque
3040 4693 3528 4768 caeruleoAimbuta
3549 4708 3578 4768 _:

1990 4760 2170 4821 Αὐτοῦ
2214 4760 2352 4837 εἶναι
2382 4767 2485 4837 καὶ,
2513 4767 2573 4820 τὸ
2595 4760 2795 4837 κ’έλλην
2838 4760 2937 4822 τοῦ
2985 4766 3142 4835 ἁγίου
3185 4766 3436 4837 ξΙωάννου
3480 4762 3577 4837 τοῦ

1988 4836 2388 4909 Δαμασκηνοῦ
2429 4836 2595 4909 αὐτοῦ
2647 4832 2885 4909 ἐγρὰψεν
2917 4837 3012 4909 εδ,
3035 4832 3071 4887 ἐ
3107 4832 3472 4909 Ἀξιόνίὲσῖιν
3495 4833 3579 4909 5b;

1988 4902 2227 4979 ἀλήθῶς,
2246 4902 2273 4959 ἰ
2309 4906 2402 4960 καὶ
2424 4908 2523 4978 τὴν
2552 4902 2879 4979 Ὀκτῶηχοψ
2910 4902 3183 4979 Prope_est
3226 4906 3361 4961 cella
3394 4902 3451 4957 S.
3477 4902 3578 4979 {o-

1989 4973 2145 5031 amiis
2179 4973 2519 5045 Damasceni,
2540 4979 2595 5033 in
2610 4992 2715 5049 qua
2743 4973 3035 5049 composuit
3070 4976 3413 5049 Troparium,
3433 4973 3577 5049 _c_Di-

1988 5062 2150 5117 gnum
2213 5057 2460 5117 estrere
2497 5041 2514 5113 ζ
2558 5067 2576 5100 ι
2622 5041 2711 5103 ἐι
2775 5041 3117 5105 Octoecltum.
3178 5041 3356 5102 Porro
3433 5041 3575 5117 ΤΨ-

1989 5112 2203 5186 parium
2258 5116 2406 5172 istud
2431 5158 2447 5181 ,
2483 5112 2667 5185 Ἀξιόν
2733 5120 2880 5174 ἐστιν
2914 5120 2989 5181 ὡς
3016 5117 3235 5186 ἀληθῶς
3261 5160 3275 5183 ,
3316 5112 3570 5186 quotidie

1991 5182 2133 5256 apud
2157 5186 2383 5242 (ἕτερον
2416 5188 2469 5242 in
2492 5182 2755 5242 honorem
2784 5188 2876 5243 Dei
2909 5182 3207 5245 Genitricls
3239 5182 3465 5240 canitur
3494 5182 3577 5236 in-

1990 5255 2073 5313 ter
2094 5270 2255 5330 sacra
2281 5255 2579 5313 Missarum
2613 5259 2910 5326 solemnia,
2943 5269 3069 5328 post
3104 5266 3387 5328 peractam
3430 5266 3592 5330 (ξοη-Δ

1988 5328 2379 5384 secrationem.

1997 5456 2002 5461 ,
2060 5398 2172 5468 (‘22)
2214 5397 2393 5455 Ἀλλὰ
2430 5398 2527 5452 καὶ
2565 5396 2673 5452 τοῦ
2706 5397 2944 5452 σκοποῦ
2984 5398 3274 5451 κοινωνὸν
3305 5390 3571 5468 Κοσμᾶν.

1985 5468 2216 5523 Cosmas
2233 5468 2324 5520 hic
2346 5476 2431 5522 est
2455 5468 2726 5534 melodus,
2761 5482 2854 5522 seu
2888 5482 3163 5522 canonum
3194 5470 3578 5525 carminuva

1986 5538 2498 5608 ecclesiasticorum
2566 5546 2759 5593 auctor
2820 5540 3171 5608 prmeipuus,
3220 5536 3575 5608 Damasceni

1986 5603 2400 5680 condiscipulus
2447 5611 2501 5663 et
2556 5603 2913 5680 adoptatitius
2944 5603 3148 5670 frater,
3198 5607 3266 5664 de
3313 5620 3423 5680 quo
3461 5610 3572 5680 jam

1988 5678 2130 5732 facta
2184 5686 2269 5734 est
2313 5680 2522 5735 mentio
2552 5720 2566 5746 ,
2632 5678 2694 5737 ac
2744 5696 2967 5737 rursum
3018 5680 3257 5741 amplius
3317 5678 3573 5735 inira'dl-

1985 5757 2135 5804 ςειιιι
2151 5789 2166 5806 ο
