3974 6338
364 395 366 398 ν
409 363 518 440 463
1479 354 1657 417 VITA
1695 353 1759 414 S.
1785 349 2010 415 JOANF

2147 347 2605 411 DAMASCENL
3561 347 3672 414 46L

408 473 678 549 perditam
711 468 1011 543 appellans,
1055 480 1178 539 quae
1215 480 1283 522 cx
1319 465 1556 524 desertis
1597 464 1876 521 montibus
1915 459 1984 518 ad

2118 461 2176 514 δν
2225 460 2462 532 ποιμένα
2516 458 2772 533 Χριστόν.
2812 457 2993 531 ἰισθη
3026 459 3206 516 τοίνυν
3231 461 3380 534 ὁτῆς
3433 463 3671 538 ποίμνης

407 565 688 622 C‘hristum
748 569 1026 634 pastorem
1085 560 1307 618 rediret.
1355 558 1592 615 Gavisus
1641 565 1727 614 est
1795 571 1860 611 ea
1923 569 1986 609 re

2115 550 2366 623 προεστὼς
2387 551 2475 605 ἐπ’
2497 552 2669 622 αὐτῷ,
2697 549 2914 622 καὶτῆς
2939 552 3315 623 προαιρέσεως
3340 557 3670 627 ἐμακάριζε.

410 657 551 714 sacri
581 653 760 725 gregis
788 651 1099 723 praefectus,
1121 667 1358 722 eumque
1376 650 1486 705 isto
1508 648 1742 704 consilio
1763 647 1985 703 beatum

2115 643 2196 696 Lai.
2214 641 2375 707 δόξαν
2404 640 2554 714 αὐτῷ
2581 640 2671 696 διὰ
2689 643 2786 695 τοῦ
2809 641 2926 712 βίου
2960 643 3260 716 περιφανὲς
3287 645 3508 718 καὶτῆς
3533 647 3676 716 γνώο

411 741 808 817 pronuntiavit.
859 740 1051 812 Operm
1102 749 1284 794 autem
1339 738 1576 810 pretium
1626 751 1752 794 esse
1807 735 1984 800 duxit,

2090 749 2230 796 σεως
2250 732 2312 786 τὸ
2332 732 2544 804 περιὸν,
2579 734 2661 786 ἐνὶ
2685 733 2795 786 τῶν
2829 733 3086 804 μεγάλων
3113 735 3451 804 παραδοῦναι
3482 739 3676 809 γερόνο

410 835 700 899 novitium,
726 841 843 888 tum
873 833 995 888 vitae
1027 831 1339 904 splendore,
1372 838 1488 888 tum
1521 830 1725 886 eximia
1755 827 1988 884 scientia

2115 842 2198 882 ’ων
2223 825 2314 880 τὸν
2340 825 2555 896 νέηλυν,
2577 824 2654 888 ὡς
2676 825 2743 880 ἂν
2778 826 2870 879 ὑπ’
2893 826 3088 898 ἐκείνῳ
3117 827 3456 899 καθηγεμόνι
3482 833 3676 886 ταττό-

411 929 701 993 illustrem,
729 927 819 981 uni
852 927 1089 996 cuipiam
1121 941 1151 980 e
1183 924 1474 996 praecipuis
1503 922 1816 980 senioribus
1835 934 1989 976 eom-

379 1020 651 1083 ‘v'mittere,
685 1026 745 1072 ut
779 1016 869 1072 ille
905 1016 1007 1071 sub
1043 1023 1196 1069 tanto
1229 1013 1369 1070 duce
1403 1013 1459 1068 in
1491 1013 1602 1066 vita
1631 1011 1725 1068 Dei
1757 1010 1876 1065 sine
1902 1024 1990 1064 er-

410 1110 559 1163 roris
607 1107 848 1175 periculo
889 1108 1232 1177 graderetur.
1272 1102 1444 1170 Quem
1482 1103 1666 1172 itaque
1711 1115 1878 1154 unum
1926 1113 1993 1154 ex

399 1198 651 1253 alumnis
683 1196 1000 1252 monaSterii
1023 1195 1178 1252 omni
1213 1195 1473 1250 virtutum
1507 1207 1706 1265 genere
1726 1191 1994 1246 illustrem

400 1289 742 1355 aestimabat,
792 1289 940 1344 hunc
987 1288 1222 1358 primum
1279 1286 1536 1351 accersit,
1588 1285 1675 1340 cui
1727 1281 1996 1339 Joannem

413 1380 746 1437 concredere
794 1380 1012 1434 nititur.
1065 1377 1267 1433 Verum
1320 1376 1412 1432 ille
1471 1375 1683 1438 abnuit,
1737 1380 1998 1429 causatus

407 1472 838 1542 haudquaquam
889 1485 948 1526 se
983 1485 1169 1540 parem
1218 1484 1341 1524 esse
1377 1476 1532 1522 tanto
1571 1467 1690 1522 viro
1736 1465 1997 1536 regendo,

406 1565 510 1635 qui
558 1578 808 1634 magnam
853 1562 959 1618 sibi
1002 1561 1310 1632 opinionem
1356 1559 1644 1631 sapientiae
1685 1565 1996 1630 paraverat.

413 1657 496 1712 Ec
538 1655 726 1720 misso,
762 1655 990 1709 alterum
1043 1652 1334 1723 praefectus
1376 1661 1554 1708 vocat.
1602 1653 1674 1706 At
1721 1650 2001 1708 secundus

420 1748 508 1802 ille
544 1747 733 1802 eadem
795 1760 917 1816 qua:
966 1745 1118 1814 prior
1160 1745 1380 1799 locutus
1416 1753 1522 1800 est.
1555 1743 1771 1798 Tertius
1805 1742 1999 1799 deinde

419 1844 546 1908 post
575 1836 698 1891 illos
727 1835 998 1890 adductus
1031 1848 1156 1888 eum
1190 1842 1358 1899 esset,
1393 1834 1599 1903 aliique
1635 1849 1856 1888 rursum
1890 1848 1998 1889 non

421 1925 622 1996 pauci;
668 1941 775 1980 una
804 1940 997 1980 omnes
1035 1939 1167 1980 voce
1205 1923 1488 1994 deprecari
1526 1938 1554 1976 a
1609 1938 1668 1979 se
1715 1933 2003 1994 emperunt

419 2016 649 2072 Joannis
679 2015 1004 2072 instituendi
1034 2031 1244 2071 curam.

495 2107 684 2163 XXIV.
719 2107 845 2164 Seni
889 2108 1124 2162 traditur
1169 2108 1548 2162 instituendus.
1586 2135 1647 2148 -—
1697 2106 1827 2164 Post
1862 2107 2005 2162 mul-

423 2210 510 2255 tos
536 2201 754 2254 tandem
798 2215 990 2255 eorum
1022 2201 1190 2256 senex
1223 2199 1365 2254 alius
1399 2199 1722 2267 accersitur,
1758 2199 2008 2255 moribus

424 2292 676 2362 simplex,
703 2289 800 2346 sed
829 2292 1063 2362 plurima
1096 2291 1324 2347 scientia
1353 2297 1604 2357 ornatus,
1629 2289 1720 2360 qui
1757 2298 2008 2361 prompto

423 2381 610 2436 animo
663 2390 974 2452 promptum
1025 2379 1291 2436 Joannem
1335 2379 1648 2451 excipiens,
1701 2381 1757 2435 in
1813 2380 2009 2436 cellam

424 2487 582 2528 suam
612 2487 719 2526 una
748 2487 872 2526 cum
900 2487 966 2526 eo
995 2473 1192 2542 pergit.
1219 2470 1490 2538 Quocirca
1521 2471 1847 2542 praclarum
1874 2472 2009 2527 illud

427 2569 842 2624 fundamentum
867 2567 1160 2633 substruit,
1183 2584 1254 2624 ne
1282 2567 1549 2624 arbitratu
1580 2581 1680 2622 suo
1710 2565 2010 2638 quidquam

429 2668 634 2732 gerat,
716 2669 776 2716 ut
833 2672 1020 2732 partos
1077 2675 1174 2732 per
1232 2659 1544 2714 orationum
1597 2659 2010 2714 contentionem

395 2750 661 2831 sudores
697 2749 933 2806 victima:
981 2749 1158 2805 instar
1191 2747 1303 2803 Deo
1346 2747 1539 2803 offerat
1565 2789 1580 2813 ,
1625 2754 1687 2801 ut
1725 2744 1902 2802 oculis
1931 2745 2013 2799 la-

2094 933 2274 988 μενος,
2327 917 2580 984 ἀπλανῶς
2626 919 3024 990 ἐπιπορεύηται
3066 921 3166 993 τὴν
3216 921 3336 976 ὁδὸν
3359 963 3373 987 ,
3413 923 3550 994 τὴν⁸
3579 925 3673 978 τοῦ

2092 1009 2261 1064 Θεοῦ’
2287 1010 2346 1065 ὂν
2381 1010 2519 1082 ᾤετο
2549 1012 2614 1065 ἐκ
2643 1011 2754 1066 τῶν
2793 1013 2896 1084 τῆς
2955 1013 3125 1084 μονῆς
3173 1015 3425 1086 μοναχῶν
3446 1017 3506 1071 ἐν
3538 1019 3678 1071 πᾶσι

2095 1099 2281 1164 καλοῖς
2301 1100 2573 1172 ἐπίσημον
2602 1102 2937 1158 είσκαλεῖται
2968 1103 3208 1174 πρῶτον,
3229 1107 3325 1160 καὶ
3349 1107 3677 1179 ἐγχειρίζειν

2096 1191 2247 1265 αύτῷ
2287 1193 2676 1266 τὸνῖῐωάννην
2729 1196 3038 1268 ἐπιχειρεῖ·
3070 1198 3099 1250 ὁ
3133 1196 3190 1250 δέ
3243 1198 3678 1269 άπαναινόμενος

2095 1279 2184 1356 ἦν,
2209 1284 2308 1357 οὐχ
2337 1286 2522 1341 ίκανδν
2554 1283 2695 1342 εἶναι
2719 1288 2913 1342 ἐαυτὸν
2944 1289 3171 1359 φάσκων
3197 1291 3278 1354 είς
3307 1293 3679 1363 ποιμαντικὴν

2100 1377 2292 1450 ἀνδρὸς
2329 1379 2594 1448 τοιούτου,
2630 1379 2775 1451 μέγα
2801 1381 2865 1436 τδ
2885 1381 3044 1447 κλέος
3078 1383 3358 1454 ἀραμένου
3402 1384 3498 1437 ἐπὶ
3535 1392 3551 1422 ι
3585 1402 3679 1440 σο-

2101 1470 2222 1544 φίᾳ.
2276 1471 2501 1544 Παρῆκε
2549 1476 2764 1528 τυυτονὶ
2814 1475 2906 1529 τὸν
2947 1475 3181 1548 γέροντα
3209 1479 3238 1531 ὁ
3279 1477 3680 1550 ποιμενάρχης,

2103 1561 2198 1616 καὶ
2221 1562 2340 1632 μετ’
2403 1562 2570 1618 αὐτὸν
2627 1565 2816 1638 ἕτερον
2857 1566 3211 1624 είσκαλεῖται.
3240 1569 3352 1622 Καὶ
3379 1569 3407 1622 ὁ
3426 1568 3682 1640 δεύτερος

2103 1654 2173 1708 τὰ
2201 1657 2367 1726 ὃμοια
2391 1655 2470 1726 τῷ
2498 1655 2753 1728 προτέρῳ
2799 1656 2976 1726 ἔλεγε.
3025 1658 3220 1729 Τρίτος
3277 1659 3396 1729 μετ’
3440 1660 3684 1724 ἐκείνους

2106 1747 2266 1812 ἄλλος
2299 1749 2570 1820 εἰσήγετο,
2619 1749 2758 1820 μετὰ
2787 1749 2844 1803 δὲ
2873 1749 3098 1816 τούτους
3126 1751 3230 1806 οὐκ
3259 1751 3431 1820 ὀλίγοι
3480 1752 3682 1824 ἕτεροι.

2104 1841 2217 1894 Καὶ
2243 1839 2481 1912 ἤρξαντο
2510 1842 2622 1896 ἀπὸ
2665 1844 2800 1912 μιᾶς
2855 1843 3242 1912 παραιτεῖσθαι
3291 1843 3532 1910 ἅπαντες
3584 1845 3686 1918 τὴν

2107 1932 2446 2002 προστασίαν
2471 1933 2563 1986 τοῦ
2600 1933 2871 1989 Ἰωάννου.

2179 2101 2305 2158 ΚΔ’.
2337 2103 2495 2159 Μετὰ
2512 2103 2568 2157 δὲ
2588 2106 2715 2169 τοὺς
2739 2106 2988 2173 πολλοὺς,
3020 2108 3178 2173 ἄλλος
3200 2109 3454 2180 εἰσήγετο
3482 2110 3685 2182 γέρων,
3723 2129 3736 2141 ·

2105 2197 2168 2249 τὸ
2194 2191 2325 2268 ἦθος
2359 2197 2584 2260 ἁπλοῦς.
2626 2198 2723 2271 τὴν
2762 2199 2965 2268 γνῶσιν
3019 2201 3208 2269 πολὺς,
3245 2203 3342 2258 καὶ
3384 2203 3687 2275 πρόθυμος,

2111 2287 2395 2359 πρόθυμον
2423 2288 2516 2342 τὸν
2553 2289 2807 2361 Ἰωάννην
2828 2289 3146 2361 δεξάμενος,
3183 2293 3265 2357 είς
3296 2293 3358 2346 τὸ
3384 2293 3602 2348 κελλίον
3625 2295 3692 2348 τὸ

2109 2379 2241 2433 ἴδιον
2269 2379 2456 2434 ἄπεισι
2483 2381 2581 2434 σὺν
2616 2380 2785 2452 αὐτῷ.
2827 2383 2938 2436 Καὶ
2967 2383 3028 2437 τὸ
3060 2383 3224 2441 καλὸν
3258 2383 3509 2456 θεμέλιον
3539 2386 3694 2456 πρῶ-

2110 2486 2204 2526 τον
2236 2469 2387 2541 αύτῷ
2409 2470 2716 2542 ὑποτίθησι,
2753 2472 2813 2527 τὸ
2859 2473 3028 2545 μηδὲν
3065 2475 3329 2547 πράττειν
3366 2476 3481 2548 ἰδίῳ
3527 2477 3694 2546 θελή-

2117 2579 2272 2632 ματι,
2323 2562 2471 2616 θύειν
2494 2563 2550 2617 δὲ
2580 2562 2699 2636 Θεῷ
2755 2565 3007 2635 ἱδρῶτας,
3038 2568 3096 2621 ἐν
3138 2572 3469 2639 προσευχαῖς
3513 2569 3602 2624 διὰ
3628 2570 3698 2623 τὸ

2113 2654 2318 2708 τούτων
2347 2656 2564 2719 ἐκτενὲς
2591 2656 2687 2709 καὶ
2742 2657 3020 2723 ἐπίπονον,
3047 2660 3143 2713 καὶ
3167 2659 3229 2725 ἐξ
3249 2660 3545 2732 ὀφθαλμῶν
3598 2663 3698 2716 δα·-

2115 2749 2304 2820 κρύειν
2364 2749 2648 2818 ἐφιέμενον
2688 2749 2790 2822 τῆς
2819 2751 2913 2804 ἐπὶ
2939 2751 3017 2823 τῷ
3052 2737 3301 2824 προτέρῳ
3328 2752 3430 2826 βίῳ
3485 2753 3700 2826 καθάρ-

428 2854 648 2911 crymas
705 2840 1011 2911 exprimat,
1075 2838 1278 2908 quibus
1338 2838 1464 2892 vita:
1521 2837 1725 2908 prioris
1784 2836 2010 2892 maculae

2117 2857 2256 2904 σεως
2275 2853 2322 2905 ιι,
2347 2841 2383 2896 ἂ
2411 2841 2573 2896 θυσία
2606 2843 2826 2914 καθαρὰ
2849 2843 3159 2914 λελόγισται
3189 2846 3268 2916 τῷ
3299 2846 3522 2918 Χριστῷ
3554 2847 3701 2919 ὑπὲρ

428 2933 688 2990 cluantur
736 2951 752 2988 :
809 2947 904 2988 eas
970 2931 1172 3002 quippe
1226 2931 1560 2986 sacriﬁcium
1617 2946 1816 3002 purum
1871 2929 2014 3002 apud

431 3026 714 3083 Christum
761 3027 998 3092 censeri,
1050 3024 1200 3081 omni
1250 3025 1357 3082 alio
1399 3025 1712 3082 suﬁimento
1764 3026 2014 3084 suavius.

2118 2936 2226 2988 πᾶν
2245 2933 2374 2990 ἄλλο
2393 2935 2667 3008 θυμίαμα.
2698 2937 2810 2991 Καὶ
2861 2937 3020 2993 τοῦτο
3055 2938 3155 3010 μὲν
3187 2939 3424 3010 πρῶτον,
3460 2940 3599 2994 κατὰ
3626 2941 3703 2995 τὰ

2118 3026 2208 3082 διὰ
2227 3027 2324 3081 τοῦ
2351 3027 2602 3100 σώματος
2621 3029 3014 3102 ἐνεργούμενα·
3039 3034 3118 3096 εἰς
3142 3033 3210 3085 τὰ
3241 3033 3383 3086 κατὰ
3411 3031 3591 3104 ψυχὴν
3613 3033 3700 3096 δὲ,

433 3120 616 3191 Atque
643 3119 748 3176 hoc
783 3119 1019 3190 primum
1051 3117 1120 3172 de
1153 3117 1223 3174 iis
1255 3117 1419 3174 rebus
1447 3118 1497 3174 ei
1529 3126 1862 3189 praeceptum
1904 3126 2010 3186 est,

2123 3117 2397 3190 μηδεμίαν
2423 3117 2737 3191 ζωγραφεῖν
2767 3120 3040 3191 κοσμικὴν
3095 3120 3422 3189 φαντασίαν,
3462 3122 3586 3192 μηδ’
3613 3124 3700 3174 εί-

431 3227 554 3282 qme
600 3212 850 3282 corporis
906 3210 1242 3265 adminiculo
1297 3219 1656 3280 peraguntur.
1711 3209 1872 3266 Circa
1919 3211 2013 3268 illa

432 3321 566 3360 vero
590 3320 716 3374 qua:
743 3303 809 3357 ad
847 3303 1088 3358 animum
1128 3309 1402 3372 spectant,
1435 3301 1636 3358 indixit
1664 3303 1714 3358 ei
1749 3317 1818 3360 ne
1851 3319 2015 3359 mun-

434 3397 631 3452 danam
677 3394 840 3450 ullam
873 3395 1016 3448 intra
1057 3408 1118 3449 se
1159 3393 1408 3466 pingeret
1447 3393 1765 3465 imaginem,
1795 3402 1891 3449 aut
1923 3409 2012 3452 re-

415 3475 558 3546 rum
608 3488 833 3544 minime
867 3487 1311 3544 convenientium
1365 3487 1572 3544 formas
1623 3488 2014 3556 adumbraret;

437 3591 675 3638 mentem
708 3581 776 3635 ab
804 3581 954 3636 omni
993 3595 1138 3636 vano
1169 3590 1384 3637 tumore
1419 3581 1687 3652 integram
1731 3590 2014 3648 servaret;

437 3689 502 3730 ac
534 3690 603 3729 ne
630 3672 995 3744 amplitudine
1032 3671 1295 3728 doctrinae
1327 3671 1640 3739 eﬂerretur,
1676 3674 2019 3730 existimaret

439 3781 501 3822 se
528 3763 672 3838 [XV]
708 3765 952 3820 nondum
998 3765 1422 3836 quibuscunque
1461 3764 1750 3822 studuerat
1789 3781 2019 3823 assecu-

440 3869 589 3924 tum;
609 3857 874 3921 visiones,
895 3871 1196 3913 arcanasve
1219 3855 1693 3914 manifestationes
1719 3874 1824 3914 non
1857 3874 2022 3930 appe-

441 3953 618 4012 teret;
640 3961 705 4002 eo
734 3959 909 4016 usque
930 3961 1036 4000 non
1067 3947 1399 4018 superbiret,
1430 3956 1489 4003 ut
1528 3948 1697 4004 nimia
1735 3948 1941 4005 fiducia
1963 3949 2020 4011 in

442 4039 549 4094 hac
573 4044 820 4093 versetur
840 4038 1120 4108 opinione,
1156 4037 1414 4108 adeptum
1443 4055 1504 4096 se
1542 4041 1812 4109 ejusmodi
1841 4042 2020 4097 scien-

441 4127 596 4193 tiam,
629 4142 752 4198 qua:
781 4128 914 4183 nulli
941 4127 1016 4184 sit
1043 4129 1218 4184 errori
1253 4129 1516 4196 obnoxia,
1543 4129 1722 4186 donec
1757 4132 1955 4188 animae
1989 4147 2020 4186 a

441 4234 675 4290 corpore
699 4219 900 4276 divisio
931 4218 1061 4284 ﬁat;
1107 4218 1202 4275 sed
1235 4227 1428 4274 contra
1477 4228 1689 4290 reputet
1720 4221 1941 4278 timidas
1967 4231 2022 4278 et

442 4311 758 4381 anticipites
806 4310 1173 4380 cogitationes
1239 4325 1401 4378 esse,
1443 4314 1792 4386 ineertasque
1840 4316 2023 4387 provi-

442 4402 660 4458 dentias
703 4409 759 4456 et
801 4401 1042 4457 rationes
1090 4400 1159 4457 ὀ.
1188 4401 1458 4468 Quocirca
1507 4404 1562 4459 in
1606 4405 1658 4460 id
1685 4408 2021 4465 contendere

442 4510 570 4550 eum
622 4492 863 4561 monuit,
896 4509 964 4549 ne
1005 4493 1266 4565 cogitatio
1313 4509 1413 4550 sua
1465 4496 1894 4568 dispergeretur,
1928 4501 2022 4557 sed

441 4595 657 4638 summa
699 4595 834 4637 cura
885 4597 1006 4637 eam
1047 4582 1357 4653 colligeret,
1391 4592 1452 4639 ut
1490 4583 1592 4640 lioc
1634 4596 1794 4656 pacto
1840 4589 2024 4644 divina

439 4673 564 4732 luce
597 4687 756 4750 mens
799 4673 1183 4744 perfundatur,
1219 4683 1484 4746 purgetur
1525 4677 1766 4744 animus,
1805 4687 1862 4736 et
1896 4695 2022 4736 cor-

441 4779 546 4834 pus
597 4765 864 4820 mundum
917 4765 1132 4830 evadat,
1181 4775 1296 4820 tum
1349 4767 1588 4837 denique
1643 4783 1848 4842 corpus
1899 4788 2023 4828 cum

443 4856 624 4910 anima
669 4857 749 4912 sic
793 4872 918 4912 cum
953 4866 1134 4913 mente
1165 4856 1473 4928 copuletur,
1510 4867 1570 4914 ut
1599 4861 1797 4932 triplex
1831 4877 1896 4918 ea
1931 4878 2022 4921 res

439 4954 664 5020 prepter
689 4948 1136 5016 coniunctionem
1163 4963 1286 5003 cum
1316 4949 1730 5019 simplicissima
1757 4950 2023 5011 Trinitate

441 5037 672 5108 simplex
710 5039 958 5109 subinde:
983 5039 1272 5104 efﬁciatur,
1307 5048 1364 5096 et
1401 5039 1566 5098 homo
1604 5059 1716 5100 non
1759 5046 1871 5116 jam
1901 5061 2024 5103 ear-

442 5126 604 5195 nalis,
638 5142 740 5182 nec
771 5129 1046 5195 animalis,
1077 5129 1174 5186 sed
1205 5145 1272 5185 ex
1322 5138 1435 5188 toto
1464 5133 1769 5203 spiritualis
1835 5143 2022 5193 trans-

446 5219 696 5276 formatis
749 5220 1007 5275 nimirum
1065 5221 1362 5279 voluntatis
1422 5224 1742 5282 inductione
1804 5227 2022 5285 duobus

540 5403 586 5434 ’θ
635 5401 764 5474 Sap.
802 5420 879 5469 Ix,
918 5405 1002 5457 Μ.

2118 3204 2353 3270 κονίζειν
2383 3209 2439 3261 ἐν
2471 3208 2608 3280 αὐτῇ
2633 3207 2834 3272 τύπους
2859 3211 3204 3280 πραγμάτων
3231 3210 3292 3264 οὐ
3321 3209 3702 3279 καθηκόντων,

2115 3299 2208 3352 τὸν
2241 3299 2367 3354 νοῦν
2390 3299 2448 3353 δὲ
2482 3300 2592 3352 ἀπὸ
2617 3299 2817 3377 παντὸς
2853 3302 3176 3378 φυσήματος
3231 3301 3484 3355 διακένου
3508 3302 3703 3373 διατη-

2122 3393 2261 3459 ρεῖν·
2294 3391 2433 3462 μήτε
2461 3391 2567 3463 μὴν
2593 3391 2672 3464 τῷ
2703 3392 2812 3446 τῶν
2840 3391 3180 3464 μαθημάτων
3213 3393 3411 3465 πλήθει
3465 3393 3702 3465 ἐπαίρε-

2120 3480 2263 3547 σθαι,
2285 3482 2382 3535 καὶ¹
2412 3483 2470 3536 ἐν
2501 3477 2583 3546 οἷς
2638 3483 2946 3554 μεμάθηκε,
2973 3483 3033 3536 τὸ
3087 3485 3196 3538 πᾶν
3253 3484 3582 3539 καταλαϐεῖν
3619 3489 3703 3558 μὴ

2119 3575 2368 3630 οἴεσθαι·
2405 3576 2543 3646 μήτε
2596 3573 2783 3644 ἔφεσιν
2831 3575 3018 3645 ἐχεινν
3053 3575 3329 3630 ὀπτασιῶν
3382 3593 3575 3642 τινων,
3601 3579 3706 3633 καὶ

2121 3667 2454 3738 ὰποκρύφων
2481 3665 2897 3734 ἀποκαλύψεων,
2917 3666 3044 3738 μήτ’
3073 3667 3520 3739 ἐπαρθήσεσθαίιι
3543 3669 3706 3722 οίτὸν

2121 3757 2246 3813 νοῦν
2277 3775 2290 3790 ο
2325 3757 2504 3828 ἐαυτῷ
2539 3757 2940 3828 τεθαρῤηκέναι
2971 3759 3103 3812 ποτέ
3136 3757 3337 3832 ἢδόξαι
3384 3760 3532 3828 σχεῖν
3565 3759 3709 3827 γνῶο

2124 3868 2207 3905 σιν
2236 3850 2598 3922 άνεπισφαλῆ,
2627 3850 2734 3912 ἕως
2761 3849 2826 3904 ἂν
2847 3850 3158 3921 διχάζηται,
3191 3849 3308 3904 ἀλλ’
3341 3851 3535 3904 εἰδέναι
3591 3849 3707 3906 δειο

2121 3941 2248 4006 λοὺς
2270 3943 2396 4006 τοὺς
2426 3942 2658 4007 οἰκείους
2685 3941 2999 4014 λογισμοὺς,
3030 3941 3244 4007 καὶτὰς
3263 3941 3428 3996 αὑτοῦ
3455 3943 3707 4008 ἐπινοίας

2122 4034 2463 4105 ἐπισφαλεῖς
2493 4034 2744 4088 σπεύδειν
2787 4034 2846 4088 δὲ
2891 4035 2966 4105 μὴ
3031 4036 3130 4106 ἐᾷν
3168 4034 3558 4090 σκεδάννυσθαι
3598 4035 3710 4107 τὴν

2121 4127 2379 4194 διάνοιαν,
2411 4125 2523 4180 ἀλλ’
2554 4125 2871 4194 ἐπείγεσθαι
2907 4123 3112 4195 ταύτην
3142 4125 3396 4194 συνάγειν
3441 4125 3710 4194 ἐπιμελέ-

2126 4237 2315 4284 στατα,
2343 4218 2410 4272 ἶν’
2434 4217 2578 4272 οῦτω
2603 4217 2688 4289 δὴ,
2719 4219 2748 4269 ὁ
2779 4217 2875 4288 μὲν
2903 4217 3026 4279 νοῦς
3055 4215 3203 4287 αὐτῷ
3237 4216 3532 4288 φωτισθείη
3564 4218 3710 4288 πρὸς

2123 4313 2283 4378 Θεοῦ,
2305 4311 2650 4383 καθαρθείηι
2679 4310 2733 4364 δὲ
2763 4312 2797 4382 ἡ
2823 4309 2988 4382 ψυχὴ,
3021 4310 3118 4364 καὶ
3152 4310 3212 4364 τὸ
3253 4310 3412 4381 σῶμα
3440 4311 3710 4379 καθαγνι-

2127 4404 2302 4475 σθείη,
2333 4403 2428 4458 καὶ
2455 4403 2627 4468 τέλος,
2653 4403 2713 4456 τὸ
2741 4402 2899 4470 σῶμα
2921 4404 3015 4455 σὺν
3045 4403 3110 4472 τῇ
3131 4400 3278 4472 ψυχῇ
3308 4401 3712 4472 ἐπισυναφθείη

2056 4468 2103 4537 D-
2127 4497 2206 4570 τῷ
2239 4468 2320 4550 vel
2342 4539 2357 4564 ,
2400 4494 2582 4549 καὶτὸ
2610 4468 2871 4564 τριπλοῦν
2928 4468 3155 4547 ἁπλοῦ-νή
3181 4468 3410 4564 γένηται
3463 4468 3560 4548 διά
3604 4468 3716 4564 τὴν

2125 4587 2262 4658 πρὸς
2289 4587 2389 4654 τὴν
2421 4584 2800 4654 ἁπλουστάτην
2825 4583 3031 4656 Τριάδα
3075 4583 3289 4649 ἓνωσιν,
3337 4583 3430 4636 καὶ
3476 4582 3715 4653 γένηται

2122 4678 2429 4750 ἄνθρωπος,
2477 4677 2537 4730 οὐ
2582 4676 2864 4746 σαρκικὸς,
2907 4675 3026 4730 οὐδὲ
3057 4676 3306 4746 ψυχικὸς.
3339 4675 3472 4730 ἀλλὰ
3498 4675 3559 4727 τὸ
3586 4674 3717 4728 ὅλον

2124 4769 2513 4842 πνευματικὸς,
2545 4767 3145 4842 μεταστοιχειωθέντων
3175 4767 3285 4821 τῶν
3328 4767 3422 4822 δύο
3450 4770 3715 4838 γνωμικῇ

2125 4862 2444 4935 προαιρέσει
2486 4863 2566 4927 είς
2607 4860 2666 4915 τὸ
2699 4861 2882 4932 τρίτον
2929 4861 3025 4915 καὶ
3070 4859 3286 4931 πρῶτον
3316 4876 3330 4891 ο
3357 4857 3500 4926 λέγω
3544 4855 3715 4926 δῆτα,

2128 4955 2219 5008 τὸν
2247 4953 2395 5008 νοῦν.
2449 4952 2606 5007 Οῦτω
2627 4951 2691 5024 δὴ
2716 4953 2746 5005 δ
2773 4950 2959 5022 πατὴρ
2986 4949 3064 5021 τῷ
3108 4949 3290 5014 παιδὶ,
3321 4949 3402 5020 τῷ
3431 4947 3654 5020 μαθητῇ
3685 4950 3716 5000 ὁ

2123 5044 2445 5110 διδάσκαλος
2467 5043 2823 5115 ὑποθέμενος,
2843 5041 3216 5114 προσυπέθετο
3238 5041 3388 5111 αὐτῷ
3411 5040 3504 5093 καὶ
3522 5037 3714 5100 τοῦτο,

2129 5137 2298 5192 εἰπών
2319 5153 2331 5167 ’
2371 5155 2390 5190 ι
2414 5136 2506 5207 Μὴ
2531 5136 2666 5207 πρός
2713 5152 2866 5200 τινας
2901 5133 3211 5206 ἐπιστείλῃς
3271 5130 3582 5202 ἐπιστολήν.
3617 5131 3721 5202 Μὴ

2129 5229 2191 5284 τὸ
2211 5229 2472 5298 παράπαν
2497 5225 2702 5297 φθέγξῃ
2729 5244 2783 5280 τι
2811 5227 2920 5281 τῶν
2948 5225 3051 5296 τῆς
3074 5225 3178 5292 ἔξω
3193 5223 3462 5287 παιδείας.
3487 5222 3720 5292 Σιωπὴν

1716 5498 1952 5556 νΑιιιᾹῑ
1994 5500 2398 5558 LECTIONES.

521 5663 546 5692 ι
589 5651 658 5708 R.
684 5649 984 5721 deestriw.
1063 5651 1080 5685 ί
1117 5647 1185 5721 Ii.
1218 5651 1366 5721 mp},
1399 5653 1560 5708 male.

445 5722 644 5778 ἐλθεῖν.
722 5729 746 5756 π
781 5717 849 5774 Β.
889 5717 1025 5787 μήτε
1048 5717 1424 5788 πειοήσεσθαι.
1539 5732 1567 5770 γ
1599 5725 1664 5778 ιι,
1699 5727 1968 5797 καθαρθῇ,

1639 5666 1667 5694 ιι
1697 5655 1827 5712 Mss.
1860 5655 1926 5710 Π.
1959 5657 2051 5710 ἐπὶ
2082 5657 2150 5712 τὰ
2179 5655 2368 5725 πρόσω
2400 5655 2600 5726 καθάρ.
2681 5665 2704 5694 ν
2742 5653 2888 5710 Edit.
2928 5653 3081 5711 deest
3111 5653 3274 5725 ἔχειν.
3303 5652 3388 5709 Al.
3415 5651 3494 5716 εἰς
3521 5649 3724 5722 ἔφεσιν
