3974 6338
318 395 429 462 465

1376 410 1563 479 ,νΙΤΑ
1602 412 1661 473 S.
1696 414 2018 481 JOANNIS
2061 423 2510 487 DAMASCENI.

3467 430 3576 499 466

320 508 380 559 δὲ
400 505 558 612 ἕρκει
579 504 721 612 μετὰ
743 508 1033 612 συνέσεως·
1049 508 1198 612 οἶδας
1219 514 1500 612 γάρτοῦτο
1519 525 1593 593 μὴ
1618 524 1777 593 μόνον
1794 527 1902 581 τῶν

2009 531 2113 587 illis
2138 534 2415 602 prioribus
2448 538 2505 592 in
2540 539 2758 595 tertium
2790 541 2921 598 illud
2960 550 3014 598 et
3053 540 3394 612 primarium,
3426 557 3581 598 men-

323 584 449 704 in?“
490 597 638 704 ἡμᾶς
686 597 990 704 φιλοσόφων
1021 597 1162 656 εἶναι
1211 584 1602 678 παράγγελμα,
1618 584 1762 668 ’ἀλλά
1813 617 1907 671 καὶ

2068 584 2109 587 __
2138 584 2415 602 παπ---
2541 584 2758 595 mm...
2960 584 3014 598 ν.
3093 584 3394 607 .....-.......,
3426 584 3551 598 ...νη

2009 630 2120 676 tem
2160 625 2393 681 scilicet.
2440 628 2620 700 Atque
2663 632 2795 687 talia
2841 584 3086 704 quidemr
3111 640 3380 704 praecepta
3428 642 3580 703 pater

321 685 652 794 Πυθαγόρας
689 690 955 794 ’ἐκεῖνοςὸ
973 691 1180 793 ξάμιος
1221 698 1334 760 τοῖς
1389 698 1581 754 ἑαυτοῦ
1639 704 1907 774 μαθηταῖς

2009 710 2141 779 lilio,
2178 722 2229 769 et
2265 685 2833 792 magister-discipulo
2848 685 3411 788 jd—edit,sed—etvirlluﬁd

321 775 451 847 ἄρτι
489 779 840 848 μυουμένοις,
860 779 1009 850 αὐτῷ
1038 781 1106 835 τὰ
1131 783 1232 854 τῆς
1262 785 1580 857 φιλοσοφίας
1608 794 1904 866 μυστήρια,

323 866 561 956 πολυετῆ
590 869 939 940 παρήγγελλε
969 868 1068 942 τὴν
1090 874 1272 945 σιγήν.
1304 877 1413 932 Καὶ
1442 878 1516 951 μὴ
1557 880 1719 956 δόξῃς
1740 885 1905 941 καλὸν

321 955 504 1025 εἷναι,
547 959 610 1013 τὸ
646 961 715 1015 τά
758 962 898 1016 καλά
966 965 1118 1036 παρά
1173 968 1368 1040 καιρὸν
1416 955 1785 1043 φθέγγεσθαιο
1823 981 1905 1045 είς

320 1048 486 1103 τοῦτο
540 1050 647 1123 γὰρ
690 1053 720 1106 6
761 1053 925 1107 Δαδὶδ
988 1056 1252 1127 ὀδηγείτω
1301 1077 1359 1113 σε
1385 1099 1401 1125 ,
1463 1062 1523 1127 ὅς
1571 1082 1774 1136 φησιν,
1822 1071 1906 1125 ὅτι

337 1140 636 1235 ἶῌονίτησα
662 1142 733 1210 ἐξ
766 1144 1024 1214 ἀγαθῶν.
1056 1144 1193 1205 Εἶτα
1215 1150 1269 1203 τί
1302 1152 1552 1210 ἐντεῦθεν
1579 1159 1729 1231 αὐτῷ
1769 1179 1906 1235 συμ-

323 1232 554 1304 ϐέϐηκε,
607 1234 858 1304 λέγοντος
912 1237 1169 1294 ἄκουσον.
1218 1241 1583 1316 Ἑθερμάνθη
1621 1250 1661 1319 ἡ
1692 1232 1907 1321 καρδία

319 1341 443 1393 μου
491 1326 665 1392 ἐντός
711 1346 850 1396 μου,
884 1328 961 1400 τῷ
1004 1331 1139 1402 πυρὶ
1192 1334 1409 1399 πάντως
1455 1338 1550 1391 τοῦ
1594 1342 1731 1409 πρὸς
1775 1343 1907 1400 Θεὸν

322 1415 550 1486 ἔρωτος,
574 1417 632 1471 ὲν
655 1420 719 1488 τῇ
757 1418 898 1473 κατά
925 1420 1165 1477 διάνοιαν
1190 1422 1248 1477 δὲ
1282 1425 1482 1499 μελέτῃ
1514 1429 1574 1483 τὸ
1591 1431 1703 1503 πῦρ
1728 1437 1905 1492 ἐκεῖνο

320 1510 407 1580 τῷ
438 1513 692 1585 προφήτῃ
713 1512 947 1585 ἐξήφθη·
966 1534 987 1567 ι

2006 816 2115 872 que
2146 804 2382 878 subjecit
2422 822 2438 863 :
2488 828 2509 863 ι
2553 810 2633 869 Ne
2680 812 2749 867 ad
2794 814 2932 871 ullos
2982 815 3199 871 miseris
3239 816 3574 886 epistolam:

2006 895 2145 951 nihil
2180 912 2412 968 prorsus
2442 910 2794 961 externarum
2826 905 3243 977 disciplinarum
3276 907 3576 979 eloquaris.

2008 986 2299 1047 Silentium
2350 993 2650 1063 prudenter
2718 996 2856 1053 cole.
2911 994 3066 1053 Nosti
3119 997 3389 1068 siquidem
3432 997 3578 1054 istud

2008 1098 2119 1139 non
2162 1097 2478 1145 nostrorum
2532 1092 2695 1148 modo
2745 1092 3200 1165 philosophorum
3250 1102 3579 1167 praeceptum

2006 1188 2183 1233 esse:
2232 1180 2327 1236 sed
2374 1189 2429 1237 et
2475 1182 2817 1257 Pythagoras
2863 1184 3086 1240 Samius
3136 1183 3425 1257 discipulis
3465 1188 3582 1243 suis

2008 1282 2148 1337 quos
2176 1272 2393 1328 arcanis
2430 1274 2791 1345 philosophia:
2819 1276 3111 1337 imbueret,
3142 1275 3440 1331 multorum
3476 1290 3580 1331 an-

2008 1372 2206 1415 norum
2255 1363 2534 1419 silentium
2565 1366 2860 1423 indicebat.
2901 1366 3015 1424 Neu
3059 1368 3343 1425 arbitreris
3375 1368 3582 1423 bonum

2010 1463 2133 1506 esse
2162 1451 2305 1507 bona
2350 1453 2737 1526 intempestive
2783 1460 2969 1529 loqui;
3010 1460 3143 1531 quin
3184 1459 3365 1530 potius
3414 1457 3584 1513 David

2009 1537 2178 1610 hujus
2207 1543 2303 1598 tibi
2345 1545 2661 1604 documenti
2701 1558 2896 1605 auctor
2938 1553 3032 1616 sit,
3080 1551 3173 1606 ubi
3208 1551 3285 1606 ait
3324 1569 3338 1605 :
3378 1549 3518 1606 Silui
3550 1567 3585 1603 a

322 1606 479 1710 bonis
506 1609 762 1718 ’χρειω
803 1620 985 1716 autem
1013 1613 1162 1718 'hinc
1210 1616 1261 1718 ei
1312 1619 1634 1718 contigerit,
1680 1624 1808 1680 audi
1861 1606 2174 1691 narrantem
2217 1657 2231 1694 :
2276 1640 2557 1699 Concaluit
2616 1662 2707 1699 cor
2755 1606 2955 1701 meumr
2985 1606 3127 1701 intra
3182 1664 3262 1701 me
3304 1647 3387 1714 ἰς
3461 1645 3586 1718 igne

321 1700 517 1799 utique
546 1699 717 1799 tﬁvini
759 1703 981 1799 amoris.
1011 1702 1185 1761 Porro
1223 1708 1367 1779 ignis
1401 1712 1622 1766 assidua
1658 1715 2012 1778 meditatione
2036 1724 2087 1779 in
2124 1726 2395 1799 Propheta
2424 1744 2725 1791 succensus
2753 1699 2915 1790 fuit.»

557 1794 1108 1894 Taura-‘rQJU'lwdtvvn
1137 1804 1165 1855 6
1188 1802 1368 1875 γέρων
1395 1805 1507 1877 (25)
1538 1812 1906 1881 παρήγγελλε,

2082 1792 2249 1879 XXV;
2303 1823 2429 1881 Haec
2474 1825 2672 1883 Joanni
2723 1844 2890 1885 senex
2941 1828 3308 1894 denuntians,
3371 1843 3479 1882 non
3527 1820 3595 1881 in'

321 1886 420 1937 καὶ
445 1886 548 1939 οὐκ
574 1882 642 1957 ἦν
670 1888 793 1941 καθ’
832 1889 1038 1945 ὑδάτων
1068 1894 1294 1963 γράφων
1311 1937 1326 1961 ,
1356 1898 1477 1952 οὐδὲ
1522 1906 1663 1955 κατὰ
1691 1905 1911 1976 πετρῶν

324 1976 590 2047 σπείρων,
624 1978 740 2033 ἀλλ’
770 1981 849 2043 είς
878 1982 983 2049 γῆν
1007 1984 1470 2060 ἀγαθήνέΧρόνος
1502 1988 1597 2046 οῦν
1633 1996 1910 2067 παρῆλθεν

325 2069 532 2135 ἱκανὸς,
565 2070 660 2123 καὶ
695 2072 724 2125 6
773 2073 1025 2146 Ἰωάννης
1055 2072 1126 2148 ἦν
1153 2077 1242 2133 διὰ
1274 2081 1458 2153 πάσης
1492 2084 1687 2157 πείρας
1713 2086 1792 2159 τῷ
1818 2089 1912 2159 γέ-

324 2173 479 2250 ροντι
497 2159 1036 2233 παιδοτρισούμενος,
1055 2168 1149 2221 καὶ
1178 2169 1317 2223 κατὰ
1335 2170 1513 2228 πάντα
1536 2175 1635 2245 τήν
1662 2177 1915 2250 ὑπακοήν
1950 2192 1965 2200 ⁵

320 2248 671 2340 ἀνεπισφαλῆ
705 2252 1135 2340 ἕνδεικνύμενος.
1166 2258 1279 2312 Καὶ
1303 2261 1403 2315 οὐκ
1426 2258 1494 2333 ἦν
1524 2264 1799 2336 ἀντιλογία
1831 2248 1910 2340 τῷ

335 2337 563 2427 Ἰωάννῃ
595 2339 654 2392 ὲν
686 2335 767 2403 οῖς
790 2344 1207 2413 προσετάττετο.
1261 2350 1374 2404 Οὐκ
1406 2347 1475 2423 ἦν
1509 2335 1823 2427 γογγυσμὸς
1851 2335 1910 2412 ὲν

323 2426 569 2519 γλῴσσῃ,
602 2429 723 2483 οὐδὲ
747 2431 1095 2504 διαλογισμὸς
1121 2438 1177 2490 ὲν
1198 2440 1412 2511 καρδίᾳ,
1438 2442 1576 2506 ὅλως
1602 2426 1909 2519 ἀνακρίνων

323 2517 686 2593 ἐντὸς,ςᾶπερ
724 2524 756 2575 6
811 2525 1110 2596 ἐπιστάτης
1174 2528 1324 2600 αὑτῷ
1382 2532 1687 2602 διωρίζετο.
1748 2517 1908 2594 Ἆλλά

321 2608 489 2662 τοῦτο
531 2610 691 2681 μόνον
714 2615 772 2666 ὲν
808 2614 949 2688 μέσῃ
993 2617 1201 2691 διανοίᾳ
1230 2621 1709 2695 ἔγκεκολαμμένον
1739 2625 1904 2700 εἶχεν,

323 2700 525 2766 πλαξὶν
544 2703 649 2767 ἕως
674 2703 893 2774 βάθους,
916 2708 1008 2761 ἐπὶ
1029 2709 1232 2775 παντὸς
1253 2711 1416 2783 ἔργου
1442 2715 1533 2768 καὶ
1554 2719 1907 2789 προστάγμα-

319 2809 416 2855 τος
448 2803 494 2858 ι,
532 2794 593 2847 τὸ
622 2799 817 2862 ποιεῖν,
847 2797 922 2863 ὡς
956 2800 1166 2866 Παῦλος
1194 2805 1656 2874 παρακελεύεται,
1690 2809 1752 2862 τὸ
1782 2812 1907 2863 ὲπι·

321 2886 659 2955 τεταγμένον
713 2891 887 2961 χωρὶς
938 2896 1257 2965 γογγυσμοῦ
1290 2897 1386 2950 καὶ¹
1422 2898 1810 2971 διαλογισμῶν.
1840 2900 1905 2956 Τί

319 2976 433 3045 γὰρ
461 2976 653 3046 κέρδος
682 2978 758 3049 τῷ
784 2980 1027 3035 ποιοῦντι
1053 2984 1287 3055 χρηστὸν
1311 2981 1423 3041 οἷον
1448 2987 1670 3067 δήποτε,
1696 2992 1761 3044 ἂν
1789 2992 1907 3045 ἑπι-

321 3067 561 3137 κάθηταί
593 3071 640 3123 ol
668 3074 781 3135 τοῖς
810 3073 1010 3143 χείλεσι
1043 3078 1377 3148 γογγυσμὸς,
1412 3080 1444 3151 ἢ
1474 3084 1540 3152 τῇ
1572 3083 1769 3155 καρδίᾳ
1805 3087 1904 3155 ὲμο

320 3158 583 3226 φωλεύει,
615 3161 691 3226 ὡς
723 3163 865 3231 ὄφις,
902 3165 1253 3238 διαλογισμὸς
1286 3172 1556 3241 πονηρός;
1594 3175 1731 3228 Πότε
1784 3176 1903 3246 βελ-
1930 3155 1973 3215 c

319 3250 655 3321 τιωθήσεται
690 3257 723 3324 ή
753 3254 899 3327 ψυχὴ
932 3257 1009 3328 τῷ
1056 3257 1201 3313 οὔτω
1227 3261 1599 3331 διακονοῦντι;
1636 3266 1773 3319 Πότε
1805 3266 1903 3338 τήν

321 3344 420 3396 ἐπὶ
450 3343 515 3396 τὸ
568 3345 752 3415 πρόσω
774 3348 928 3419 σχοίη
963 3351 1288 3422 προκοπήν;
1320 3354 1421 3407 Διά
1454 3355 1614 3409 τοῦτο
1650 3358 1906 3413 πονοῦσιν

321 3434 394 3507 ιι
422 3436 475 3488 οἱ
504 3436 689 3491 πολλοὶ
719 3440 852 3510 τάχα
876 3440 936 3494 τὸ
955 3441 1153 3509 δοκεῖν,
1180 3446 1308 3516 περὶ
1344 3447 1412 3501 τὰ
1432 3447 1536 3516 τῆς
1561 3450 1781 3520 ἀρετῆς,
1810 3449 1906 3504 καὶ

322 3526 609 3600 πονοῦσιν]
643 3530 770 3602 εἰκῆ
798 3533 935 3603 πρὸς
972 3534 1040 3587 τὰ
1074 3535 1387 3608 ἔμπροσθεν
1427 3539 1489 3592 οὐ
1529 3542 1907 3612 προσκόπτον-

319 3635 441 3682 τες.

392 3714 539 3781 κεῖν.
569 3709 703 3769 Εἶτα
732 3719 843 3778 τοῖς
875 3717 1085 3788 μείζοσι
1123 3720 1225 3789 τῆς
1250 3721 1500 3794 ὑπακοῆς
1526 3723 1908 3795 ἀγωνίσμασιν

320 3809 687 3878 ἑγγυμνάζων
740 3812 769 3864 6
816 3813 992 3883 γέρων
1025 3813 1117 3868 τὸν
1150 3815 1410 3888 ἀθλητὴν,
1455 3819 1509 3872 τί
1563 3822 1902 3890 μηχανᾶται;

320 3898 598 3969 Σπορίδας
625 3901 693 3966 ἃς
736 3898 882 3975 εἶχον
925 3905 1263 3978 ὲργόχειρον,
1302 3909 1506 3974 πολλὰς
1529 3912 1905 3983 συναγηοχὼς,

322 3993 600 4063 πρόφασιν
632 3997 997 4067 προϐάλλεται
1024 4002 1248 4067 τοιανδὶ,
1282 4003 1522 4075 εἰρηκὼς
1566 4004 1644 4076 τῷ
1685 4006 1905 4079 Ἰωάννῃ

320 4082 557 4138 οὑτωσίν
579 4099 594 4114 ο
632 4103 652 4137 ι
700 4088 791 4151 Ὠς
818 4090 1084 4159 ήκουσταί
1135 4109 1249 4163 μοι,
1274 4093 1487 4163 τέκνον,
1521 4095 1580 4150 ὲν
1628 4097 1907 4168 Δαμασκῷ

325 4174 529 4229 πολλοῦ
578 4178 876 4235 πωλεῖσθαι
932 4182 1030 4245 τὰς
1061 4183 1343 4252 σπυρίδας,
1383 4185 1529 4256 ἤπερ
1570 4190 1629 4241 ὲν
1659 4190 1771 4252 τοῖς
1806 4189 1907 4259 τῆς

326 4265 694 4338 Παλαιστίνης
728 4269 914 4343 μέρεσι
936 4306 954 4334 ,
987 4273 1082 4327 καὶ
1112 4274 1332 4345 χρειῶν,
1364 4276 1439 4340 ὼς
1481 4278 1648 4343 οἶδας,
1691 4278 1905 4333 πολλῶν

324 4359 463 4426 ἡμῖν
495 4357 605 4412 δεζ’
642 4360 965 4432 ἀνελόμενος
991 4357 1085 4416 οὖν
1133 4365 1371 4432 ἁπάσας,
1406 4368 1543 4432 ἐκεῖ,
1591 4369 1667 4433 ὡς
1706 4370 1907 4440 τάχους

325 4447 498 4562 ἔχεις,
524 4450 776 4562 πορεῦου,
803 4454 996 4562 statui]
1018 4455 1191 4520 ἄλλως
1221 4456 1423 4524 ταύτας
1442 4460 1699 4534 πωλήσῃς
1721 4502 1736 4528 ,
1769 4461 1904 4533 μηδὲ
1934 4504 1982 4562 D

324 4541 486 4609 παρά
523 4542 738 4614 μικρὸν,
770 4544 818 4597 εί
854 4545 929 4615 μὴ
951 4545 1139 4618 ὥσπερ
1171 4565 1253 4601 σοι
1286 4550 1604 4621 ἐντέλλομαι
1626 4567 1640 4583 ο
1690 4570 1709 4604 ι
1759 4553 1901 4624 ὑπὲρ

322 4630 391 4683 τὸ
416 4631 697 4686 διπλάσιον
726 4634 821 4690 τοῦ
864 4636 1016 4703 ἀξίου
1047 4637 1109 4690 τὸ
1146 4638 1364 4711 τίμημα
1402 4642 1751 4714 ὁρισάμενος.
1787 4642 1905 4699 Οὐκ

324 4723 585 4776 ἀντεῖπεν
616 4724 694 4788 δὲ,
725 4724 845 4779 οὐδὲ
872 4726 964 4782 τὸν
999 4729 1357 4796 ἐπιτάξαντος
1389 4732 1547 4803 λόγον
1595 4734 1900 4807 ἀνέκρινεν,

401 4881 443 4911 ¹¹
478 4880 621 4937 Psal.
657 4898 886 4951 xxxvut,
911 4887 963 4942 5.
1042 4889 1088 4919 ¹¹
1122 4889 1254 4944 ibid.
1291 4891 1344 4945 4.

2010 1914 2168 1982 aquis
2205 1916 2507 1984 scribebat,
2549 1935 2657 1974 non
2704 1935 2868 1991 super
2893 1927 3102 1990 petram
3139 1920 3375 1987 serebat,
3407 1923 3500 1973 sed
3527 1918 3584 1972 in

2012 2012 2155 2060 terra
2195 2005 2359 2064 bona.
2410 2010 2766 2081 Aliquantum
2813 2011 2980 2082 igitur
3032 2011 3296 2080 temporis
3335 2010 3583 2080 elapsum

2009 2104 2125 2163 est,
2168 2114 2291 2153 cum
2328 2098 2570 2157 Joannes
2613 2117 2644 2158 a
2674 2118 2807 2158 sene
2854 2102 3003 2159 omni
3044 2100 3461 2174 periclitationis
3490 2116 3583 2170 ge-

2009 2201 2140 2242 nere
2196 2190 2596 2259 institueretur,
2648 2193 2811 2264 eique
2861 2200 3113 2249 exactam
3174 2193 3229 2247 in
3274 2207 3336 2248 re
3387 2193 3584 2261 quavis

2009 2275 2373 2333 obedientiam
2427 2281 2731 2338 exhiberet.
2764 2282 2921 2337 Nulla
2969 2283 3091 2353 ejus
3118 2289 3237 2338 erat
3288 2282 3357 2337 ad
3398 2283 3585 2353 impe-

2009 2375 2128 2421 rata
2156 2368 2501 2436 detrectatio,
2534 2373 2686 2428 nulla
2719 2374 2773 2428 in
2816 2375 3000 2445 lingua
3046 2374 3435 2439 murmuratio,
3472 2373 3585 2429 dis-

2008 2458 2246 2527 ceptatio
2284 2459 2341 2515 in
2392 2463 2556 2518 corde
2593 2464 2765 2527 nulla,
2808 2480 2913 2535 qua
2958 2464 3203 2533 magistri
3243 2464 3400 2533 jussa
3432 2463 3583 2521 intus

2007 2549 2364 2620 dijudicaret;
2398 2554 2491 2610 sed
2543 2555 2650 2610 hoc
2702 2571 2871 2611 unum
2920 2557 2977 2611 in
3013 2555 3195 2610 media
3229 2562 3412 2610 mente
3460 2562 3582 2610 tan-

2008 2657 2170 2711 quam
2222 2643 2275 2699 in
2330 2645 2531 2700 tabulis
2584 2645 2918 2717 insculptum
2965 2646 3224 2713 habebat,
3266 2657 3327 2701 ut
3380 2662 3583 2703 sccuu-

2008 2732 2137 2786 dum
2177 2732 2332 2788 Pauli
2375 2735 2701 2799 consilium,
2742 2735 3010 2806 quidquid
3052 2744 3234 2806 ageret
3278 2742 3374 2790 aut
3422 2749 3585 2804 agere

2003 2820 2322 2891 iuberetur,
2371 2824 2475 2879 hoc
2522 2825 2642 2881 siue
2690 2825 3032 2895 querimonia
3077 2833 3132 2880 et
3174 2825 3595 2896 disceptationi-r

2006 2917 2106 2971 bus
2134 2915 2439 2985 perﬁceret.
2481 2914 2615 2971 Nam
2650 2916 2783 2988 quid
2821 2917 2974 2972 illum
3010 2915 3166 2986 juvat
3212 2916 3351 2971 bene
3398 2930 3582 2986 agere,

2004 3007 2165 3076 cujus
2187 3007 2243 3061 in
2273 3005 2433 3062 labiis
2464 3006 2697 3063 insideat
2742 3010 3126 3075 murmuratio,
3166 3014 3258 3061 aut
3285 3010 3427 3061 mala
3472 3008 3587 3064 dis-

2006 3098 2189 3154 eussio
2215 3097 2271 3153 in
2295 3098 2461 3154 corde
2498 3101 2652 3170 quasi
2692 3115 2917 3171 serpens
2960 3099 3294 3155 delitescat?
3325 3098 3583 3165 Quando--

2007 3203 2132 3243 nam
2164 3189 2407 3245 futurum
2440 3190 2532 3258 sit,
2566 3199 2626 3246 ut
2671 3191 2868 3247 melior
2903 3190 2998 3246 ﬂat
3046 3191 3265 3247 animus
3296 3190 3444 3247 illius
3489 3191 3580 3263 qui

2007 3281 2086 3337 sic
2139 3283 2500 3352 obsequitur?
2545 3282 2906 3349 Quandonam
2954 3284 3184 3339 ulterius
3233 3284 3303 3338 ad
3356 3284 3584 3343 meliora

2006 3373 2370 3442 provebetur?
2420 3373 2693 3430 Nimirum
2741 3375 2796 3430 id
2840 3376 2895 3430 in
2946 3389 3113 3430 causa
3158 3380 3262 3440 est,
3321 3382 3383 3429 ut
3428 3376 3582 3430 multi

2007 3462 2148 3517 forte
2203 3463 2598 3519 exercitatione
2643 3464 2861 3519 virtutis
2901 3464 3168 3529 laborent,
3207 3477 3271 3518 ac
3304 3463 3584 3518 incassum

2006 3553 2276 3620 laborent,
2336 3556 2471 3609 nihil
2520 3556 2588 3610 ad
2641 3571 2705 3611 ea
2753 3571 2878 3627 quae
2926 3554 3109 3626 priora
3161 3568 3258 3609 seu
3309 3554 3583 3610 anteriora

2008 3656 2160 3713 sunt,
2196 3647 2566 3716 proﬁcientes.

2077 3736 2265 3791 XXVI.
2316 3736 2552 3791 Joannes
2601 3735 2927 3795 Damascum
2969 3735 3198 3789 mittitur
3253 3734 3323 3790 ad
3369 3743 3581 3805 sportas

2007 3824 2320 3878 vendendas.
2344 3852 2418 3865 --
2441 3825 2570 3878 Post
2602 3823 2718 3876 haec
2747 3831 2951 3888 autem,
2976 3837 3100 3877 cum
3134 3837 3299 3877 senex
3342 3821 3577 3893 pugilem

2008 3929 2169 3970 suum
2212 3914 2515 3985 majoribus
2568 3912 2889 3969 obedientiae
2938 3914 3334 3969 certaminibus
3389 3927 3580 3969 assue-

2008 4005 2246 4069 faceret,
2302 4006 2434 4076 quid
2493 4006 2711 4060 tandem
2776 4004 3252 4059 comminiscitur?
3312 4005 3581 4075 Sportas,

2006 4108 2146 4166 quas
2201 4096 2318 4153 suis
2372 4097 2627 4152 manibus
2686 4104 3118 4159 contexuerant,
3177 4097 3378 4153 multas
3424 4097 3582 4151 colli-

2007 4202 2161 4257 gens,
2209 4184 2375 4258 {XVI}
2423 4186 2692 4257 ejusmodi
2742 4196 3000 4256 praetextu
3036 4187 3225 4252 utitur,
3270 4186 3358 4241 his
3399 4186 3581 4242 verbis

2006 4275 2270 4330 Joannem
2296 4277 2578 4346 alloquens
2609 4292 2623 4328 ι
2657 4293 2677 4325 ι
2706 4274 2923 4341 Audivi,
2958 4275 3053 4340 Illi,
3083 4282 3297 4345 sportas
3322 4273 3577 4330 Damasci

2007 4368 2214 4431 carius,
2246 4382 2406 4437 quam
2439 4366 2493 4420 in
2525 4366 2827 4421 Palaestina:
2856 4365 3123 4436 partibus,
3166 4366 3357 4433 vendi;
3392 4364 3581 4419 multis

2009 4473 2195 4529 porro,
2223 4468 2283 4513 ut
2310 4459 2424 4528 ipse
2451 4459 2615 4523 nosti,
2646 4458 2810 4512 rebus
2841 4457 3175 4527 indigemus;
3203 4457 3285 4515 bis
3313 4470 3442 4527 ergo
3464 4469 3581 4509 om-

2008 4551 2172 4606 nibus
2203 4550 2467 4620 acceptis,
2494 4564 2559 4605 eo
2591 4547 2939 4620 proﬁciscere
2969 4563 3134 4618 quam
3166 4547 3448 4602 celerrime
3478 4561 3579 4616 po-

2009 4642 2163 4709 teris,
2198 4658 2374 4713 neque
2408 4642 2489 4697 vel
2538 4641 2750 4696 tantillo
2792 4640 3009 4711 quidem
3045 4654 3210 4711 quam
3240 4639 3337 4693 tibi
3368 4638 3580 4695 consti-

2005 4743 2123 4802 tuo,
2156 4734 2384 4790 minoris
2420 4749 2514 4790 cas
2545 4732 2875 4789 vendideris.
2914 4750 2932 4784 ι
2969 4729 3107 4786 Tum
3148 4731 3312 4787 simul
3347 4729 3582 4801 pretium

1631 4982 1867 5042 VARUE
1920 4985 2213 5041 LECTlON
2220 4984 2321 5039 ES.

437 5077 463 5106 ⁸
494 5067 559 5123 8.
587 5072 978 5143 ἐπιτάγματος.
1081 5086 1107 5115 ι
1128 5075 1338 5131 Desunt
1370 5077 1424 5130 in
1456 5075 1587 5132 edit.

1845 5191 2078 5249 NOTAE.

402 5305 518 5387 £25)
556 5307 745 5361 Ταῦτα
766 5307 847 5374 τῷ
889 5309 1129 5378 Ἰωάννῃ
1152 5313 1424 5387 όχέρων.
1449 5314 1549 5370 llic
1581 5316 1647 5370 ad
1683 5315 1904 5385 longum

327 5375 633 5451 edisserere
659 5393 766 5431 non
792 5389 972 5451 vacat,
993 5375 1158 5451 quam
1193 5375 1407 5440 felicem
1433 5387 1730 5441 virtutibus
1751 5375 1908 5441 εἰσο-

327 5445 511 5525 [endis
546 5460 769 5529 operam
808 5445 1041 5507 dederit.
1073 5454 1317 5518 Quarum
1340 5465 1489 5529 certa
1520 5456 1681 5529 nobis
1728 5455 1907 5525 speci-

328 5530 481 5568 mtna
511 5531 575 5569 ex
608 5525 779 5598 ipsius
807 5535 928 5588 quae
956 5525 1545 5598 supersuntoperibus
1591 5526 1717 5582 licet
1746 5541 1905 5598 erue-

328 5599 391 5639 re
422 5603 435 5637 :
474 5593 784 5666 praesertim
809 5606 941 5666 vero
978 5607 1043 5666 ex
1092 5593 1588 5666 homiliis’quatuor
1630 5597 1906 5658 asceticis,

328 5670 472 5735 quas
503 5656 556 5709 in
588 5656 945 5735 illustrissimi
979 5661 1236 5735 Metensis
1278 5656 1522 5735 episcopi
1565 5656 1906 5721 bibliothecaé

331 5724 524 5807 codice
553 5741 729 5807 nuper
757 5731 957 5800 reperi,
989 5739 1045 5787 et
1072 5732 1125 5807 in
1153 5724 1716 5807 appetidice'bperum
1756 5736 1901 5807 illius

332 5794 521 5853 Graece
558 5794 859 5871 Latineque
905 5794 1047 5870 sum,
1074 5804 1120 5859 si
1151 5794 1296 5864 Deus
1331 5794 1682 5872 concesserit.
1722 5805 1898 5863 editu-

2004 5331 2123 5371 rus.
2150 5313 2263 5370 Hoc
2297 5328 2464 5369 unum
2489 5312 2722 5368 monebo
2753 5327 2819 5366 ex
2844 5310 2930 5366 bis
2955 5307 3297 5365 orationibus
3329 5320 3581 5378 comper~

2009 5394 2124 5459 tum
2156 5385 2290 5459 fore,
2315 5384 2727 5459 sanctissimum
2767 5382 2944 5436 virum
2974 5379 3042 5434 ad
3068 5392 3365 5459 _sutnmum
3395 5378 3584 5459 Iperl'e.

2013 5457 2210 5511 ctionis
2240 5447 2449 5528 apicem
2489 5453 2748 5528 subiisse,
2791 5461 2921 5527 tum_
2962 5448 3234 5528 profunda
3263 5447 3582 5528 subdendu-

2011 5528 2167 5598 sionc
2191 5516 2356 5598 atque
2385 5523 2716 5598 humilitate._
2736 5530 2851 5577 tum
2877 5516 3141 5598 singulari
3183 5531 3314 5587 erga
3334 5516 3580 5598 divinant

2012 5585 2413 5650 Eucharistiam
2455 5593 2756 5649 reverentia
2786 5606 2850 5646 ac
2889 5585 3218 5645 devotione:
3255 5585 3455 5657 quibus
3481 5585 3580 5642 ad-

2012 5665 2249 5720 dendum
2307 5662 2752 5732 ardentissimum
2804 5676 2933 5732 erga
2975 5656 3576 5732 Deiparam’studium,

2010 5735 2157 5808 quod
2185 5737 2242 5792 in
2276 5735 2398 5823 aliis
2431 5735 2633 5806 passim
2667 5727 2908 5790 homiliis
2942 5727 3254 5801 signiﬁcare
3288 5727 3471 5798 gestit.
