1987 3169
184 209 236 241 ιῦἸ

721 210 811 241 VITA
829 210 860 240 S.
881 209 1042 241 JOANNIS
1061 208 1289 240 DAMASCENI.

1773 206 1827 238 468

183 267 268 303 duplo
284 273 365 302 quam
382 273 431 302 par
445 269 505 294 erat
520 267 611 302 majus
624 266 729 295 definit.
752 267 799 295 Ille
815 275 879 295 vero
903 267 977 296 relu-

1030 267 1043 298 ό
1058 266 1139 302 μέχρι
1152 266 1269 294 θανάτου
1285 267 1416 302 ὑπήκοος,
1429 267 1600 303 ἑπωμίζεται
1615 266 1644 294 δὲ
1656 266 1702 293 τὸν
1715 266 1825 301 φόρτον.

184 317 275 343 ctalus
299 319 353 339 non
378 317 431 344 est,
460 320 510 340 nec
539 313 724 348 praecipientis
741 321 896 342 sermonem
921 313 978 341 dis-

184 358 292 391 cussit,
322 366 384 385 cum
418 358 507 387 factus
541 359 673 388 obcdiens
707 365 780 389 esset
817 367 906 396 usque
943 360 979 388 ad

184 407 299 431 mortem
333 404 373 437 ¹³;
405 405 452 432 sed
481 404 637 432 obedientia
669 405 744 434 velut
777 405 829 434 alis
859 405 977 440 quibus-

184 450 246 476 dam
260 449 422 484 instructus,
441 452 549 478 sarcina
568 451 594 478 in
611 452 742 480 humeros
764 451 905 488 imposita,
924 451 977 479 Da-

185 503 309 523 mascum
326 497 404 531 petit,
434 496 546 525 indutus
567 501 696 525 centones
717 497 845 533 squalore
868 502 895 526 et
909 497 978 525 allu-

184 541 228 568 vie
244 541 359 575 obsitos,
378 542 425 577 qui
441 542 516 577 prius
536 543 562 570 in
579 551 611 571 ea
630 544 750 572 illustris
761 542 977 579 splendidusque

184 590 288 622 egerat,
306 586 452 622 forumque
466 589 629 623 peragrabat
641 593 670 616 ut
682 593 790 624 sportas
799 596 864 617 suas
881 588 977 617 diven-

184 632 270 659 dcret.
282 630 350 659 Cum
365 636 455 659 autem
475 633 566 660 carius
581 640 662 668 supra
675 633 785 661 modum
801 640 848 661 eas
858 634 977 661 aestima-

185 679 236 708 ret,
260 675 346 703 risum
367 676 410 703 sui
435 677 577 709 movebat,
601 677 778 713 omniumque
802 677 929 706 eonvitiis
949 684 977 706 et

186 721 359 749 contumeliis
372 722 570 757 exagitabatur.
587 723 709 751 Tandem
726 732 797 753 unus
814 724 926 760 quidam
942 732 975 752 ex

185 766 220 793 iis
230 774 298 801 quos
313 766 446 795 habuerat
461 768 488 795 in
505 768 654 801 famulitio,
673 769 739 798 dum
756 770 850 798 clarus
864 775 937 798 esset
948 771 976 798 in

185 819 216 839 ca
235 812 355 846 civitate,
372 813 445 841 haud
460 815 555 850 procul
577 820 667 849 stans,
688 816 848 853 vultumque
869 817 931 852 ejus
948 817 976 845 in

184 857 307 898 animum
328 867 471 894 revocans,
488 861 578 889 virum
604 861 643 890 ita
666 862 804 898 abjectnm
827 870 859 891 ac
872 869 977 899 panno-

187 910 261 937 sum,
275 905 337 940 quis
350 910 433 938 esset,
449 906 566 942 quisque
579 906 674 936 fuisset
688 907 764 942 olim,
782 908 904 944 agnovit.
915 908 976 942 Mox

1028 313 1043 340 6
1058 313 1198 348 πτερωτὸς
1211 312 1261 347 τὴν
1275 312 1410 348 ὑπακοὴν,
1424 313 1472 340 καὶ
1488 314 1529 344 εἱς
1544 312 1691 348 Δαμασκὸν
1705 311 1826 344 ἄπεισιν,

1028 359 1119 395 όπρὶν
1136 358 1283 394 περίοπτος
1310 358 1342 385 ὲν
1361 359 1443 394 αὐτῇ.
1459 357 1642 394 ρακενδυτῶν,
1670 357 1825 393 αὐχμηρὸς,

1029 405 1077 432 καὶ
1093 404 1198 440 ῥυπῶν.
1215 404 1271 431 Καὶ
1287 404 1398 440 περιῄει
1412 404 1462 440 τὴν
1476 404 1580 439 ἀγορὰν
1594 404 1645 439 τὴν
1658 403 1715 429 τῶν
1728 403 1826 438 σπυρίι

1027 451 1080 478 δων
1093 449 1257 486 ποιούμενος
1273 449 1453 486 διαπώλησιν.
1483 450 1528 482 Ὠς
1542 448 1590 477 οὖν
1605 448 1704 476 πολλοῦ
1721 448 1825 480 ταύτας

1028 498 1149 524 ἐποιεῖτο
1170 497 1338 532 τιμήματος,
1355 495 1465 530 γέλωτα
1490 496 1616 532 παρεῖχε,
1631 495 1680 522 καὶ
1707 494 1741 521 δι’
1755 494 1825 521 ὀνεί-

1027 543 1091 575 δους
1106 542 1154 577 καὶ
1168 541 1274 579 ὕϐρεων
1289 543 1347 574 τοῖς
1362 542 1447 570 πᾶσιν
1460 542 1582 576 ἐγένετο.
1601 538 1649 573 Εἷς
1667 541 1758 568 τοίνυν
1768 540 1823 567 τῶν

1027 588 1292 624 ὲΕυπηρετουμένων
1307 587 1321 608 δ
1329 587 1419 623 αὐτῷ,
1430 588 1475 615 ὅτε
1492 587 1648 624 περιφανὴς
1658 587 1689 613 ἐν
1699 587 1732 622 τῇ
1746 586 1823 612 πόλει

1027 635 1170 671 διέπρεπε,
1185 634 1259 663 κατά
1267 634 1413 670 πρόσωπον
1428 633 1504 667 στὰς,
1516 633 1563 661 καὶ
1573 633 1623 668 τὴν
1637 632 1699 668 ὖψιν
1718 632 1823 659 ἐκείνου

1027 681 1067 713 είς
1083 680 1202 708 διάνοιαν
1226 679 1441 715 ἑμὸαλλόμενος,
1470 679 1604 715 ἐγνώρισε
1621 679 1668 706 τὸν
1681 678 1753 706 οὕτω
1773 687 1822 705 τα-

1027 725 1131 759 πεινὸν,
1146 725 1194 753 τὸν
1208 724 1280 752 οὕτω
1294 725 1453 761 δυσείμονα,
1464 726 1540 757 ὅστις
1550 725 1604 760 εῐη,
1618 725 1666 751 καὶ
1676 723 1732 756 οἷος
1742 723 1824 758 ἐτύγ-

1027 779 1103 807 χανε.
1128 770 1185 798 Καὶ
1212 770 1370 806 συντριϐεὶς
1391 770 1441 807 τὴν
1466 770 1593 807 καρδίαν,
1610 769 1764 806 πρόσεισιν,
1783 768 1822 801 ὡς

1028 815 1112 852 μηδὲν
1127 815 1205 849 εἰδὼς
1222 817 1236 843 ό
1255 816 1346 849 εἰδὼς,
1374 816 1422 843 καὶ
1449 816 1500 851 τὴν
1524 815 1664 852 σπυρίδων
1690 814 1824 850 ὲξώνησιν

1027 861 1186 896 ἐποιήσατο,
1201 860 1264 893 δοὺς
1278 860 1355 896 αὐτῷ
1371 862 1433 889 ὅσον
1446 860 1604 897 ὲπεζητήθη
1615 860 1646 888 τὸ
1657 860 1777 896 τίμημα.
1793 859 1823 885 '0

1026 905 1055 934 δὲ
1070 906 1150 934 τοῦτο
1160 905 1262 939 λαϐὼν,
1276 905 1434 933 παλινοδίαν
1451 906 1569 932 ποιεῖται
1593 904 1663 940 πρὸς
1681 903 1727 931 τὸν
1748 911 1822 930 στει-

186 950 267 977 corde
279 956 462 987 compunctus
482 952 611 988 accessit,
633 957 765 990 tanquam
786 943 849 982 eum
868 954 977 990 ignora-

1030 952 1155 988 λάμενον,
1183 952 1232 979 καὶ
1259 949 1304 983 οἷά
1319 960 1361 984 τις
1373 951 1521 987 νικηφόρος
1541 951 1677 983 ἐπάνεισι,
1689 949 1822 985 γενναίως

185 999 228 1022 ret
252 1002 334 1033 quem
364 998 490 1034 apprime
515 1002 640 1036 noverat,
661 1003 771 1035 sportas
796 999 865 1028 tanti
889 1000 976 1034 emit,

185 1042 282 1084 quanti
307 1044 508 1078 postulabatur.
537 1045 660 1082 Accepto
683 1046 773 1081 pretio
797 1044 917 1074 JOannes
944 1045 979 1074 ad

1030 998 1071 1033 είς
1088 997 1222 1033 τοῦδαφος
1246 997 1410 1026 καταϐαλὼν
1434 997 1481 1025 τὸν
1501 996 1650 1024 ἀντίπαλον
1666 1002 1692 1029 ε,
1707 995 1737 1028 ὃς
1757 993 1794 1031 ἢν
1808 996 1823 1022 ό

1031 1045 1081 1080 τῆς
1093 1044 1176 1080 κενῆς
1188 1044 1268 1080 δόξης
1279 1044 1326 1072 καὶ
1344 1043 1535 1081 ὑπερηφανίας
1549 1043 1702 1079 γεννήτωρ.

185 1095 248 1115 cum
275 1089 322 1132 qui
349 1097 379 1117 se
407 1090 520 1120 miserat
546 1091 710 1128 regreditur,
736 1092 813 1123 humi
837 1096 974 1128 prostrato
997 1090 1106 1120 fortiter
1132 1089 1307 1122 adversario,
1330 1090 1421 1119 inanis
1444 1090 1537 1126 gloriae
1558 1093 1586 1118 et
1612 1088 1749 1125 superbia:
1771 1095 1822 1124 pa-

187 1138 274 1162 rente.

218 1177 332 1209 XXVII.
346 1181 467 1211 Funebre
480 1189 614 1212 canticum
624 1185 700 1213 edere
712 1191 834 1222 rogatur.
847 1200 882 1206 —
896 1185 978 1214 Forte

186 1232 220 1253 ex
235 1225 333 1255 vicinis
350 1228 472 1262 praefecti
487 1229 601 1258 Joannis
621 1232 774 1261 monachus
785 1232 908 1268 quidam,
923 1236 980 1260 ter-

187 1271 267 1300 restri
288 1274 508 1308 peregrlnatione
528 1282 593 1304 cum
616 1277 722 1305 caelesti
742 1277 883 1305 domicilio
900 1285 978 1306 com-

188 1320 304 1350 mutata,
319 1318 352 1345 ad
368 1317 453 1347 Deum
481 1325 666 1349 concesserat.
685 1321 808 1350 Habebat
826 1322 849 1350 is
866 1322 978 1351 fratrem

187 1372 360 1400 germanum,
376 1366 423 1401 qui
439 1367 510 1395 tristi
526 1367 579 1396 hoc
602 1375 670 1396 casu
687 1368 787 1402 victus,
804 1368 918 1397 fraterni
937 1369 980 1396 fu-

187 1409 263 1446 neris
272 1411 450 1441 acerbitatem
465 1413 555 1441 celare
565 1421 736 1449 nequaquam
747 1415 864 1451 valebat.
877 1415 980 1449 Quam-

187 1455 284 1484 obrem
306 1455 428 1487 Joannes
460 1457 486 1486 ei
509 1458 638 1487 solatium
667 1459 766 1491 atl'erre
785 1460 933 1495 nitebatur,
953 1465 981 1489 et

188 1502 289 1540 quibus
313 1503 405 1533 verbis
426 1507 543 1540 poterat,
569 1512 586 1534 a
608 1506 741 1533 maestitia
768 1513 909 1534 revocare.
933 1507 981 1535 llle

188 1555 254 1583 vero
275 1549 356 1578 enixe
377 1557 440 1578 eum
460 1557 558 1586 rogare
580 1551 664 1586 ccepi:
685 1556 715 1580 ut
738 1551 846 1580 levandi
865 1552 979 1586 doloris,

188 1593 329 1631 animique
349 1595 392 1623 sui
419 1595 559 1624 excitandi
582 1597 669 1632 gratia
690 1597 831 1628 modulum
858 1597 978 1633 aliquem

189 1638 329 1671 conderet.
350 1640 386 1668 At
409 1639 528 1676 Joannes
549 1646 714 1678 praceptum
735 1643 810 1672 senis
832 1644 978 1681 reveritus,

1065 1181 1129 1208 KZ'.
1145 1180 1193 1207 Ἐκ
1203 1180 1333 1215 γειτόνων
1342 1179 1370 1207 δὲ
1380 1179 1432 1217 [τῷ
1443 1180 1613 1217 καθηγεμόνι
1627 1179 1641 1200 δ
1651 1178 1661 1217 ]
1671 1180 1719 1207 τοῦ
1729 1178 1822 1208 Ἰωάν-

1029 1235 1088 1261 νου,
1110 1226 1227 1262 μοναχός
1241 1234 1284 1259 τις
1297 1226 1458 1262 ἐτύγχανεν,
1472 1226 1501 1259 ὃς
1513 1226 1563 1262 τὴν
1576 1226 1624 1253 ἐπὶ
1637 1226 1689 1262 γῆς
1707 1227 1822 1254 καταλι-

1032 1273 1092 1301 πὼν
1106 1272 1265 1308 παροικίαν,
1287 1272 1356 1309 πρὸς
1372 1272 1422 1307 τὴν
1444 1272 1570 1308 οὐράνιον
1585 1272 1669 1308 μονὴν
1686 1273 1822 1309 μετηλλά-

1032 1318 1106 1352 ξατο,
1118 1319 1165 1346 καὶ
1177 1318 1246 1355 πρὸς
1256 1318 1322 1346 Θεδν
1332 1318 1511 1354 ὲξεδήμησεν.
1527 1316 1583 1346 Ἶίν
1595 1319 1618 1346 δ’
1631 1318 1730 1355 ἐκείνῳ
1742 1318 1822 1346 ἀδελ-

1031 1364 1082 1399 φδς
1098 1365 1169 1392 κατὰ
1185 1364 1277 1400 σάρκα
1286 1372 1293 1379 ·
1310 1361 1387 1397 οὗτος
1398 1363 1528 1399 ἡττηθεὶς
1537 1364 1587 1400 τῆς
1600 1365 1753 1400 συμφορᾶς,
1765 1364 1821 1392 οὐδ’

1030 1411 1100 1443 όλως
1124 1408 1182 1446 εἶχε
1206 1410 1314 1445 στέγειν
1330 1410 1375 1438 τδν
1400 1410 1544 1444 ἀδελφικὸν
1566 1409 1692 1438 θάνατον.
1712 1410 1743 1437 '0
1755 1410 1822 1445 γοῦν

1037 1456 1164 1492 Ἰωάννης
1189 1454 1343 1492 παρηγόρει
1372 1455 1418 1482 τὸν
1442 1454 1566 1489 ἀδελφὸν,
1590 1455 1637 1482 καὶ
1665 1455 1766 1490 λόγοις,
1783 1456 1822 1488 ὡς

1030 1499 1100 1538 εἶχε,
1116 1502 1164 1537 τοῦ
1185 1501 1298 1533 πένθους
1316 1501 1485 1529 ἀνεκαλεῖτο.
1507 1501 1634 1528 Δυσωπετ
1650 1500 1679 1528 δὲ
1691 1501 1786 1528 τοῦτον
1806 1502 1824 1530 6

1031 1547 1149 1583 πενθῶν,
1177 1540 1266 1576 καί’τι
1279 1547 1355 1583 αύτῷ
1369 1546 1556 1584 μελουργῆσαι
1574 1546 1724 1583 τροπάριον
1747 1547 1823 1575 ἐκλι-

1032 1595 1126 1630 παρεῖ,
1147 1594 1323 1630 παρηγοροῦν
1335 1593 1367 1627 τὰ
1389 1593 1499 1626 πένθος,
1513 1593 1563 1629 τὴν
1575 1592 1665 1630 ψυχὴν
1679 1594 1821 1629 καταψῶν.

1037 1639 1182 1672 Ἐδεδοίκει
1195 1639 1223 1671 δὲ
1238 1640 1252 1667 6
1269 1640 1398 1675 Ἰωάννης
1419 1639 1469 1675 τὴν
1488 1639 1535 1666 τοῦ
1550 1638 1678 1674 γέροντος
1701 1640 1822 1677 ἐντολὴν,

189 1686 263 1721 haud
279 1694 309 1715 se
324 1687 468 1722 postulatis
484 1687 589 1717 facilem
609 1689 736 1725 praebuit.
753 1688 801 1718 llle
814 1694 912 1723 contra
928 1690 978 1718 im-

1031 1685 1160 1722 καὶπρὸς
1173 1685 1223 1721 τὴν
1237 1685 1347 1721 αῐτησιν
1360 1685 1390 1712 οὐ
1406 1684 1561 1712 κατένευεν.
1583 1685 1613 1712 '0
1626 1685 1648 1712 δ’
1662 1686 1823 1722 αἰτούμενος

188 1733 332 1768 portnnior
347 1733 489 1769 ingruens,
505 1735 613 1771 nullum
632 1736 761 1771 precibus
777 1736 858 1766 tinem
875 1737 978 1766 facere.

191 1787 202 1816 ς
221 1778 321 1813 Quidni
331 1780 417 1813 enim,
433 1779 587 1816 inquiebat,
603 1781 725 1812 dolentis
738 1783 823 1811 animi
838 1783 981 1812 miserere?

189 1823 291 1857 Quidni
305 1827 387 1853 tenue
398 1824 439 1853 illi
450 1825 680 1854 medicamentum
691 1827 832 1860 admoves,
844 1828 918 1863 quod
929 1828 979 1856 do-

188 1870 275 1907 lorem
293 1871 406 1899 arceat?
424 1870 454 1899 Si
472 1878 620 1908 corporum
641 1873 766 1906 medicus
780 1881 867 1908 esses,
882 1882 981 1910 meque

189 1916 341 1952 corporalis
355 1916 435 1945 dolor
446 1917 604 1951 conﬁceret,
619 1926 710 1951 annon
728 1920 795 1948 mihi
812 1928 862 1956 pro
873 1921 981 1949 viribus

188 1962 340 1992 remedium
355 1962 487 1991 afferres?
504 1962 558 1992 Sed
571 1969 596 1994 et
611 1965 634 1993 si
651 1965 727 2000 gravi
749 1969 796 1994 aut
810 1965 882 1996 forte
897 1966 980 1996 etiam

190 2008 264 2036 letali
301 2008 399 2037 morbo
427 2009 592 2044 laborarem,
627 2012 753 2047 nunquid
781 2019 836 2040 non
866 2012 982 2048 hujusce

189 2053 331 2090 neglectus
349 2058 378 2083 et
399 2055 514 2085 incuriae
533 2056 588 2085 Deo
608 2064 704 2092 pteuas
725 2057 826 2086 dares?
846 2057 893 2086 Sin
916 2065 981 2086 vero

192 2100 268 2133 senis
282 2105 450 2137 praeceptum
467 2103 582 2134 vereris,
596 2104 666 2130 scito
681 2110 724 2130 me
738 2110 795 2130 rem
808 2103 889 2131 istam
906 2107 982 2132 tanto

192 2151 298 2178 secreto
315 2148 478 2182 celaturum,
494 2152 525 2175 ut
535 2148 568 2176 ad
583 2149 685 2177 nullius
696 2156 778 2177 aures
790 2149 952 2184 perferatur.
968 2159 978 2176 ι

191 2191 325 2223 Flectitur
338 2193 448 2224 demum
468 2193 513 2222 his
533 2194 708 2223 sermonibus
728 2194 856 2229 Joannes,
869 2196 982 2224 concin-

191 2245 312 2273 numque
336 2238 362 2266 ei
393 2238 427 2266 de
452 2241 563 2268 mortuo
590 2239 730 2268 modulum
755 2241 913 2276 componit,
934 2240 982 2276 qui

190 2283 344 2313 etiamnum
366 2283 447 2312 hodie
459 2284 583 2313 omnium
602 2292 650 2313 ore
671 2286 791 2320 canitur,
810 2287 886 2315 illum
905 2287 981 2315 scili-

191 2333 235 2364 cet
247 2336 254 2356 :
270 2329 396 2360 Humana
409 2335 503 2365 cuncta
514 2332 628 2364 anilitas.
639 2335 692 2361 etc.

229 2429 249 2445 "
269 2428 390 2465 Philipp.
411 2438 442 2463 ιι,
463 2430 489 2458 8.

1031 1732 1082 1765 οὑκ
1104 1731 1239 1766 ἀφίστατο
1251 1730 1395 1761 δυσωπῶν.
1413 1738 1423 1756 ι
1443 1730 1497 1759 Καὶ
1518 1730 1561 1757 ἵνα
1572 1730 1610 1764 τί,
1628 1730 1716 1766 ἔλεγε,
1732 1732 1824 1767 ψυχὴν

1030 1776 1198 1813 όδυνωμένου
1210 1777 1261 1805 οὐκ
1277 1776 1375 1809 ἐλεεῖς,
1390 1777 1439 1803 καὶ
1452 1775 1551 1811 μικρὸν
1565 1775 1729 1808 ὲπιπάσσεις
1752 1776 1823 1812 αὐτῇ

1030 1822 1179 1859 φάρμακον
1194 1821 1382 1856 ἀκεσώδυνον;
1401 1822 1449 1849 Ἂν
1468 1822 1560 1858 ἰατρὸς
1572 1819 1645 1858 ἦσθα
1655 1821 1822 1857 σωματικὸς,

1029 1869 1111 1905 όδύνη
1122 1869 1150 1901 δέ
1162 1878 1196 1904 με
1212 1874 1224 1889 ε
1240 1869 1385 1905 σωματικὴ
1399 1869 1587 1905 περιέπειρεν,
1613 1868 1638 1895 εἰ
1651 1868 1688 1903 μὴ
1704 1867 1735 1894 τδ
1750 1867 1824 1895 κατὰ

1030 1915 1147 1952 δύναμιν
1174 1916 1315 1951 προσῆεάς
1335 1924 1382 1952 μοι
1419 1916 1585 1951 φάρμακον;
1610 1913 1698 1949 Κάγὼ
1728 1913 1824 1945 δεινῶς

1031 1961 1162 1997 ἔπασχον,
1177 1961 1224 1989 καὶ
1241 1962 1306 1994 ἴσως
1320 1961 1370 1997 τὴν
1387 1962 1434 1989 ἐπὶ
1450 1961 1576 1994 θάνατον,
1591 1960 1642 1988 οὐκ
1656 1959 1768 1996 ἔμελλες
1783 1959 1825 1989 δίέ

1031 2015 1083 2039 κας
1095 2005 1206 2041 ῥφέεειν
1219 2007 1295 2043 παρά
1306 2007 1366 2043 Θεῷ
1380 2007 1483 2042 ταύτης
1496 2007 1546 2042 τῆς
1557 2006 1753 2042 παροράσεως;
1768 2006 1825 2033 Καὶ

1032 2053 1080 2081 νῦν
1091 2054 1120 2080 ὲν
1135 2053 1240 2089 μείζονι
1257 2053 1339 2081 πάθει
1356 2053 1486 2090 παρορῶν
1506 2062 1540 2089 με
1555 2053 1705 2088 πάσχοντα,
1721 2052 1750 2079 οὺ
1764 2052 1826 2088 μεί-

1032 2099 1096 2132 ζους
1108 2100 1217 2134 ὑφέξεις
1230 2099 1281 2132 τὰς
1294 2100 1388 2134 δίκας;
1402 2099 1434 2127 El
1458 2099 1486 2127 δὲ
1510 2099 1559 2126 καὶ
1579 2099 1685 2134 ὄεδίττῃ
1699 2098 1749 2134 τὴν
1774 2098 1823 2125 τοῦ

1032 2145 1161 2181 γέροντος
1173 2145 1293 2181 ἐντολὴν,
1309 2145 1365 2173 ῐσθι
1387 2145 1417 2174 ἐν
1427 2145 1578 2181 ἀπορρήτῳ
1598 2153 1643 2180 μοι
1669 2144 1776 2171 κεῖσθαι
1789 2143 1825 2171 τὸ

1032 2192 1162 2227 πρᾶγμα,
1178 2191 1227 2218 καὶ
1241 2191 1450 2224 ἀνεξάκοιιστον.
1464 2200 1474 2217 ι
1489 2190 1656 2226 κάμπτεται
1666 2191 1724 2223 τοῖς
1734 2190 1826 2225 λόγοις

1032 2237 1139 2269 τούτοις
1151 2237 1166 2264 6
1182 2237 1321 2273 Ἰωάννης,
1337 2238 1385 2268 καὶ
1397 2237 1545 2273 τροπάριον
1570 2236 1646 2272 αὺτῷ
1668 2236 1716 2263 ἐπὶ
1734 2235 1825 2272 νεκρῷ

1034 2282 1191 2319 συντίθησιν
1212 2283 1386 2320 εὐαρμόνιον,
1409 2282 1424 2309 ὃ
1448 2282 1497 2309 καὶ
1522 2282 1603 2318 μέχρι
1616 2281 1664 2309 τοῦ
1681 2281 1729 2309 νῦν
1748 2280 1826 2316 παρὰ

1031 2329 1090 2361 τοῖς
1122 2329 1232 2358 πάντων
1254 2329 1387 2364 στόμασιν
1404 2327 1497 2364 ᾅδεται
1516 2327 1584 2363 (24),
1600 2326 1631 2355 τὸ
1657 2326 1750 2357 Πάντα
1770 2335 1825 2362 pa.-

997 2378 1024 2409 ι)
1035 2375 1145 2411 ταιότης
1158 2375 1193 2403 τά
1204 2374 1372 2411 ἀνθρώπινα.

558 2524 561 2526 _
819 2488 938 2517 νΑιυιΕ
955 2488 1160 2526 LECTIONES.

226 2534 286 2576 1:1}.
302 2533 552 2576 ἕξξυπηρετούντειξν.
585 2541 604 2576 _e
619 2534 686 2576 Mss.
702 2535 739 2576 R._
745 2536 797 2576 Διιιρν
820 2537 962 2573 πολέμιον.
998 2538 1013 2559 (ι
1027 2538 1067 2567 lta
1081 2538 1150 2576 Reg.
1161 2538 1242 2568 Edita
1260 2547 1315 2568 non
1327 2539 1440 2575 habent,
1452 2547 1503 2569 nec
1518 2539 1619 2576 legisse
1632 2538 1741 2568 videtur
1752 2537 1826 2567 Con-

191 2570 277 2610 stant.
303 2570 435 2606 Acropol.
475 2575 487 2590 °
503 2570 568 2609 Mss.
633 2571 711 2604 εῐτις
728 2571 807 2608 ὀδύνη
820 2580 865 2608 με.

956 2631 1074 2660 ΝΟΤΕ.

227 2675 285 2710 (24)
303 2676 339 2703 Ὃ
363 2676 413 2704 καὶ
434 2677 511 2738 μόχῧ

227 2713 345 2738 duumv-
358 2710 472 2738 ᾶδεταιέ

190 2713 345 2748 στόμασιν
358 2710 479 2748 Meteri
490 2710 651 2748 Damasceni
665 2710 788 2745 carmen,
803 2712 883 2747 cujus
895 2713 984 2748 prima

191 2746 409 2784 verbauloannes
425 2746 703 2784 Hierosolymitanus
718 2747 827 2784 recitat,
838 2746 982 2784 integrum

192 2782 238 2810 hic
252 2781 351 2809 afferre
371 2782 451 2817 juvat
476 2789 511 2810 ex
531 2781 704 2810 constantini
729 2782 896 2819 Acropolitae
906 2781 983 2812 'ser-

191 2823 284 2846 mone.
403 2824 405 2826 ·
485 2822 487 2824 '
632 2822 634 2827 ν
704 2823 708 2829 ·
753 2824 756 2827 ·
813 2828 815 2834 ·
945 2823 947 2827 ⁴

228 2884 330 2912 Πάντα
342 2884 507 2919 ματαιότης
519 2884 557 2911 τὰ
573 2883 754 2919 ἀνθρώπινα,

170 2951 173 2953 _
196 2920 272 2963 ᾭσα
284 2918 348 2956 οὐχ
359 2918 487 2954 ὑπάρχει
496 2921 571 2955 μετὰ
585 2918 725 2948 θάνατον.

513 2685 523 2703 ι
547 2676 601 2704 τοῦ
615 2675 674 2704 νῦν·
689 2676 770 2712 παρὰ
780 2676 844 2710 τοῖς
865 2677 986 2705 πάντων
1039 2679 1081 2706 οὐ
1096 2684 1119 2705 π

1232 2687 1258 2706 ει
1271 2680 1288 2706 d
1303 2678 1445 2711 πλοῦτος,
1456 2678 1492 2705 οὐ
1508 2677 1667 2705 συνοδεύει
1687 2676 1771 2710 δόξα.

1044 2711 1196 2741 Ἐπεί-λθὼᾶ
1207 2713 1262 2748 γὰρ
1272 2715 1290 2741 ὁ
1297 2713 1426 2746 θάνατος
1440 2713 1533 2740 ταῦτα
1542 2712 1641 2740 πάντα
1650 2711 1824 2748 ὲξηφάνισσ-

1037 2749 1086 2775 Διό
1101 2747 1217 2783 Χριστῷ
1231 2747 1272 2782 τῷ
1284 2748 1421 2782 ἀθανάτῳ
1431 2747 1605 2811 garidaru-

1037 2783 1113 2811 Teiu-
1123 2784 1329 2811 μεταστάντας
1347 2783 1383 2811 ἐε
1395 2784 1480 2811 ’ἡμων
1487 2783 1527 2811 ἀν
1547 2789 1605 2811 nan

1037 2783 1113 2817 Τοὺς
1120 2784 1329 2818 μεταστάντας
1347 2783 1383 2815 ἐξ
1395 2783 1480 2818 ἡμῶν
1487 2783 1678 2817 ἀνάπαυσον,

1038 2819 1133 2846 Ἔνθα
1142 2818 1263 2846 πάντων
1274 2818 1360 2846 ἐστὶν
1372 2818 1392 2853 ἠ
1402 2819 1542 2853 σωτηρία.

1036 2877 1141 2905 Horum
1152 2883 1282 2904 versuum
1297 2876 1343 2903 hic
1357 2883 1456 2904 sensus
1467 2878 1509 2905 est
1522 2884 1531 2904 ι

1075 2922 1200 2950 Humana
1215 2921 1304 2950 omnia
1318 2921 1433 2956 vanitas,
