3974 6338
261 304 369 373 ιω

1329 307 1508 369 VITA
1540 307 1601 367 S.
1642 304 1965 369 JOANNIS
2008 307 2472 371 DAMASCENI.

3429 310 3536 374 4³ῑο

334 418 473 473 KH'.
517 415 689 486 ’Δπῆν
716 414 773 468 δέ
818 432 949 469 ποτε
1006 415 1097 469 τοῦ
1130 416 1342 472 κελλίου
1396 418 1426 470 6
1462 417 1557 470 τοῦ
1597 418 1847 473 Ἰωάννου

2025 416 2217 491 [XVII]
2257 417 2493 475 XXVIII.
2532 421 2764 477 Joannes
2810 440 2842 478 a
2894 425 3150 497 magistro
3197 424 3431 494 eiicitur.
3471 452 3541 466 ~—

264 508 713 581 καθηγούμενος·
769 510 798 561 6
827 509 886 562 δὲ
940 509 1093 574 ἐντὸς
1120 510 1221 582 τῆς
1263 510 1462 582 κέλλης
1515 511 1854 583 ἐναρμονίως

263 602 437 673 ύπῇδε
472 600 533 653 τὸ
564 598 860 671 εἰρημένον
912 601 1246 672 τροπάριον,
1282 601 1379 655 καὶ
1418 604 1447 654 6
1478 603 1656 673 γέρων
1698 604 1857 668 ἐκτὸς

199 759 208 765 .
263 691 585 764 πεφθακὼς,
608 692 708 763 τὴν
744 693 1114 765 μελουργικὴν
1149 694 1394 765 φθογγὴν
1425 694 1643 767 ἐκείνην
1667 694 1857 749 ἐνωτί-

262 789 440 852 ζεται,
472 787 571 840 καὶ
604 786 724 856 μετ’
744 786 916 856 ὀργῆς
944 787 1025 840 ὅτι
1055 786 1260 857 πολλῆς
1287 786 1366 857 τῷ
1401 786 1623 859 Ἰωάννῃ
1650 788 1819 858 φησίν
1838 804 1852 818 ·

266 899 285 931 ι
322 880 515 942 Οὕτως
556 877 877 949 ἐπιλέλησαι
905 877 1014 931 τῶν
1061 879 1299 949 άρχῆθέν
1330 897 1423 933 σου
1464 880 1854 952 ὕποσχέσεωνς

259 976 360 1024 καὶ
390 970 523 1027 ἀντὶ
552 968 882 1033 πενθοῦντος
910 970 1007 1023 καί¹
1053 969 1564 1041 σκυθρωπάζοντος,
1603 972 1857 1043 διακεχυ-

265 1064 431 1133 μένος
478 1060 660 1133 κάθῃ,
708 1062 804 1115 καὶ
857 1061 1235 1132 θρυπτόμενος
1284 1065 1401 1128 τοῖς
1437 1063 1789 1135 μελίσμασιν.
1829 1083 1848 1117 ι

272 1156 335 1208 '0
359 1154 420 1208 δὲ
448 1154 549 1225 τὴν
587 1154 770 1209 αἰτίαν
795 1152 980 1218 ἐξεῖπε
1024 1153 1101 1223 τῷ
1130 1153 1369 1226 γέροντι,
1406 1156 1502 1209 καὶ
1525 1154 1588 1209 τὸ
1611 1154 1706 1209 τοῦ
1735 1155 1857 1226 βια-

262 1244 500 1315 ζομένου
527 1243 547 1283 ί
586 1244 785 1307 πένθος
821 1243 1215 1315 προύϐάλλετο,
1259 1245 1353 1299 καὶ
1394 1244 1609 1317 πρηνὴς
1650 1246 1854 1312 πεσὼν,

258 1333 513 1406 ἐξῃτεῖτο
564 1332 921 1406 συγγνώμην.
963 1334 1073 1388 Καὶ
1128 1336 1157 1388 6
1192 1335 1395 1405 γέρων,
1426 1331 1516 1389 οία
1556 1336 1722 1403 λίθος,
1762 1338 1858 1391 καὶ

260 1428 341 1493 ὡς
372 1430 568 1498 ἄκμων
599 1428 805 1492 ἵστατο,
842 1429 967 1501 μηδ’
994 1428 1134 1493 ὅλως
1157 1428 1236 1500 τῷ
1272 1428 1569 1484 ἱκετεύοντι
1599 1429 1854 1496 ἐνδιδοὺς,

261 1522 363 1576 καὶ
395 1522 653 1587 ἐξέϐαλεν
684 1522 847 1576 αύτδν
874 1523 976 1593 τῆς
999 1521 1197 1592 κέλλης
1231 1522 1416 1586 εὐθύς.

338 1615 470 1672 ΚΘ’.
516 1616 576 1669 ’0
623 1615 681 1669 δὲ
721 1614 1037 1685 θαυμαστὸς
1075 1616 1284 1678 ἐκεῖνος
1331 1615 1471 1687 ἀνὴρ
1519 1616 1600 1680 εἰς
1635 1617 1856 1688 μνήμην

261 1703 431 1766 εὐθὺς
463 1706 563 1773 τῆς
594 1704 929 1776 προγονικῆς
952 1705 1241 1775 παρακοῆς
1272 1705 1510 1775 γίνεται,
1546 1706 1765 1778 καὶτῆς
1791 1707 1856 1759 ἐκ

261 1795 362 1849 τοῦ
388 1795 722 1866 παραδείσου
744 1796 832 1849 διά
856 1796 1059 1867 ταύτην
1083 1794 1431 1860 ἐκπτώσεως.
1450 1797 1562 1850 Καὶ
1587 1797 1688 1851 οὐκ
1712 1790 1858 1868 εἶχεν

261 1888 388 1941 ὅποι
416 1888 513 1941 καὶ
562 1888 809 1958 γένηται,
840 1889 873 1962 ἢ
910 1891 1005 1942 ποῖ
1033 1891 1059 1931 5
1088 1890 1393 1961 τράπηται.
1430 1891 1544 1945 Καὶ
1583 1890 1750 1945 πλέον
1788 1886 1858 1961 ἦν

262 1978 488 2035 πενθῶν
541 1981 682 2054 ὑπὲρ
724 1982 817 2035 τὸν
864 1981 1210 2037 ἀποϐαλόντα
1248 1983 1339 2037 τὸν
1373 1984 1634 2054 ἀδελφὸν,
1673 1984 1852 2039 τοιάδε

263 2072 423 2141 ἐλεγε
464 2073 585 2127 καθ’
622 2075 834 2140 ἑαυτὸν,
871 2074 947 2138 ὡς
976 2076 1215 2139 Ἐκεῖνος
1249 2076 1348 2146 μὲν
1390 2076 1625 2146 ἀδελφὺν
1651 2077 1859 2131 ἀπεϐά-

261 2166 413 2232 λετο,
452 2167 566 2235 ἐγὼ
591 2166 649 2220 δὲ
678 2166 777 2239 τὴν
803 2166 943 2238 ἐμὴν
967 2167 1145 2239 ψυχὴν
1174 2167 1262 2222 διὰ
1283 2169 1384 2240 τῆς
1406 2169 1697 2240 παρακοῆς
1746 2171 1855 2223 ὰπ-

262 2257 540 2313 ολώλεκα.
572 2259 737 2324 Τέλος
779 2258 987 2331 ἑτέροις
1028 2260 1252 2331 γέρουσι
1284 2261 1587 2332 πρόσεισιν,
1616 2261 1711 2326 οὓς
1752 2262 1859 2316 τῶν

262 2350 451 2405 ἄλλων
482 2350 597 2421 ᾔδει
647 2351 963 2423 ἐξαιρέτους
1010 2351 1149 2423 πρὸς
1203 2353 1429 2423 ἀρετὴν,
1472 2353 1568 2407 καὶ
1596 2353 1859 2425 πρέσϐεις

267 2444 643 2515 προϐάλλεται
682 2444 819 2515 πρὸς
870 2444 931 2499 τὸ
967 2444 1063 2499 τὸν
1118 2444 1355 2516 γέροντα
1389 2446 1709 2518 δυσωπῆσαι
1764 2447 1860 2501 καί⁵

263 2534 554 2604 δεηθῆναι,
606 2535 687 2598 ὠς
743 2534 811 2589 ἂν
854 2536 1263 2608 παρακληθείη,
1319 2538 1417 2591 καὶ
1470 2538 1733 2611 συγγνοίη
1780 2538 1860 2609 τῷ

276 2626 506 2697 Ἰωάννῃ
555 2626 616 2679 τὸ
677 2624 956 2698 ἔγκλημα.
999 2628 1269 2699 Ἀπῆλθον
1330 2626 1423 2683 οὖν
1470 2630 1697 2694 ἐκεῖνοι,
1767 2630 1860 2684 καὶ

266 2717 635 2788 ὲδυσὼπησαν
662 2736 677 2751 ·
713 2721 742 2773 6
772 2720 827 2773 δὲ
877 2720 979 2774 οὐκ
1018 2721 1278 2789 ἐνεδίδου,
1308 2722 1385 2786 ὡς
1433 2722 1681 2794 ἀνδριὰς,
1735 2722 1858 2775 οὐδὲ

263 2809 585 2882 παρεχώρει
616 2813 644 2852 h
691 2811 771 2883 τῷ
814 2812 1029 2885 μαθητῇ
1085 2814 1187 2885 τῆς
1230 2816 1311 2880 εἰς
1374 2814 1438 2867 τὸ
1486 2813 1698 2871 κελλίον
1744 2816 1861 2868 είσ-

262 2905 416 2960 ὁδου.

336 2998 419 3053 A'.
442 2997 555 3053 Καί
574 3016 660 3060 τις
674 2997 783 3052 τῶν
806 2999 1058 3071 μοναχῶν
1083 2999 1310 3055 ἐκείνων
1325 3001 1763 3073 ἀποκρινάμενος
1783 3001 1864 3054 εἴ·

1958 510 2162 565 Aberat
2202 510 2342 566 forte
2374 526 2404 565 a
2435 511 2573 565 cella
2606 514 2869 584 magister
2897 515 3130 572 Joannis
3153 557 3167 582 ,
3204 517 3296 587 qui
3333 517 3540 571 interea

1958 602 2280 671 prazdictum
2312 617 2537 658 carmen
2573 603 2717 658 intra
2752 607 2943 660 cellam
2958 606 3382 662 adharmoniam
3416 623 3545 663 suc-

1959 694 2214 759 cinebat,
2246 710 2371 749 cum
2401 710 2567 752 senes
2599 696 2735 751 foris
2769 697 3070 753 adveniens
3090 741 3104 766 ,
3138 716 3360 756 suavem
3394 701 3543 756 hunc

1961 798 2159 840 sonum
2195 785 2406 855 excipit
2444 786 2730 855 multaque
2770 785 2853 841 ira
2898 798 3239 853 commotus,
3273 790 3340 844 ad
3373 789 3545 845 Joan-

1960 890 2084 930 nem
2120 875 2235 931 ait:
2262 895 2280 926 ι
2306 874 2458 931 Itane
2487 876 2668 946 prima
2698 876 2970 945 promissa
3008 878 3333 935 exciderunt
3362 896 3391 936 e
3428 897 3546 935 me-

1959 968 2166 1033 moria,
2216 982 2425 1038 proque
2475 968 2631 1023 luctu
2676 983 2742 1023 ac
2793 983 3033 1025 mterore
3079 970 3266 1026 laetitia
3309 973 3544 1030 diffusus

1959 1059 2144 1127 sedes,
2179 1068 2235 1115 et
2265 1060 2497 1117 delicias
2527 1064 2779 1117 canendo
2809 1063 3039 1133 captas?
3072 1083 3091 1117 ι
3122 1062 3264 1119 Tum
3302 1065 3393 1121 ille
3424 1066 3544 1121 seni

1958 1169 2184 1212 causam
2215 1169 2492 1225 exponere
2511 1194 2528 1221 ,
2558 1154 2679 1226 ejus
2711 1169 2742 1208 a
2779 1171 2892 1226 quo
2926 1156 3033 1213 sibi
3063 1157 3146 1214 vis
3176 1165 3324 1213 esset
3354 1158 3503 1211 illata
3526 1197 3541 1219 ,

1961 1249 2170 1305 luctum
2198 1247 2532 1313 obtendere,
2577 1262 2642 1303 ac
2683 1263 2900 1319 pronus
2940 1248 2996 1303 in
3035 1258 3238 1305 terram
3279 1264 3545 1307 corruens

1959 1343 2176 1398 veniam
2205 1340 2523 1412 eﬂlagitare.
2558 1340 2740 1397 Senex
2779 1356 2918 1398 vero
2961 1343 3029 1397 ad
3076 1342 3299 1397 modum
3346 1342 3547 1412 lapidis

1959 1444 2056 1489 aut
2084 1434 2305 1490 incudis
2335 1433 2686 1501 consistens,
2720 1433 2858 1488 nihil
2889 1433 3153 1504 precibus
3187 1434 3309 1504 ejus
3336 1447 3549 1487 annue-

1959 1529 2090 1589 hat,
2131 1524 2385 1599 quinimo
2413 1540 2539 1580 eum
2572 1525 2760 1580 Statim
2793 1525 2929 1580 cella
2956 1524 3137 1594 ejecit.

2032 1613 2223 1669 XXIX.
2262 1614 2545 1670 Continuo
2582 1614 2766 1683 itaque
2809 1613 3121 1669 admirabili
3153 1614 3273 1668 viro
3304 1613 3358 1667 in
3386 1628 3544 1668 men-

1962 1715 2072 1762 tem
2102 1706 2254 1761 venit
2284 1706 2591 1774 primorum
2632 1714 2923 1776 parentum
2961 1705 3339 1762 inobedientia
3375 1704 3421 1737 “
3447 1720 3546 1761 eo-

1962 1814 2194 1869 rumque
2216 1806 2438 1869 propter
2461 1799 2610 1853 illam
2635 1797 2889 1869 expulsio
2914 1814 2944 1852 e
2971 1797 3252 1867 paradiso.
3282 1796 3392 1853 Nec
3415 1798 3545 1867 quid

1960 1901 2149 1965 ageret
2175 1893 2422 1957 sciebat,
2449 1901 2544 1946 aut
2569 1906 2680 1963 quo
2704 1906 2763 1946 se
2788 1899 3059 1947 verteret:
3088 1890 3440 1962 graviorique
3464 1892 3546 1945 lu-

1960 1996 2050 2040 ctu
2078 1984 2452 2055 premebatur,
2476 1998 2642 2055 quam
2671 1983 2765 2054 qui
2792 1982 3015 2038 fratrem
3042 1984 3327 2038 amiserat.
3350 1982 3547 2040 Aiebat

1961 2076 2221 2131 nimirum
2255 2075 2399 2146 apud
2433 2090 2528 2131 se:
2567 2073 2666 2128 llle
2697 2072 2919 2143 quidem
2951 2072 3175 2127 fratrem
3204 2070 3426 2125 amisit:
3460 2080 3548 2126 ast

1960 2183 2063 2239 ego
2094 2183 2193 2239 per
2227 2165 2656 2223 inobedientiam
2690 2165 2933 2219 animam
2970 2179 3147 2220 meam
3180 2164 3421 2233 perdidi.
3454 2164 3548 2219 Dc-

1961 2274 2110 2314 mum
2140 2259 2283 2315 alios
2315 2273 2514 2323 senes,
2557 2273 2699 2329 quos
2746 2256 2955 2311 virtute
3000 2256 3233 2312 eximios
3280 2264 3544 2320 noverat,

1961 2351 2224 2406 convenit
2244 2393 2259 2417 ,
2286 2351 2686 2405 intercessores
2716 2348 2841 2403 illos
2867 2346 3011 2417 apud
3040 2363 3226 2403 senem
3256 2349 3544 2415 adhibens,

1961 2443 2056 2513 qui
2084 2443 2263 2513 ipsum
2294 2442 2538 2512 rogitant
2566 2447 2621 2495 et
2650 2440 3044 2509 deprecentur,
3074 2445 3134 2492 ut
3162 2439 3459 2495 demulceri
3487 2454 3549 2495 se

1961 2536 2205 2608 patiatur
2228 2544 2284 2591 et
2307 2545 2494 2591 reatus
2536 2534 2752 2589 veniam
2779 2533 2976 2592 Joanni
3024 2532 3313 2589 concedat.
3338 2532 3415 2587 llli
3446 2532 3548 2603 igi-

1962 2640 2054 2687 tur
2082 2629 2367 2694 abeuntes,
2403 2626 2570 2683 enixe
2604 2642 2728 2683 eum
2764 2625 3172 2684 obsecrabant:
3207 2624 3297 2679 hic
3329 2640 3462 2681 vero
3490 2625 3549 2679 in

1962 2734 2173 2775 morem
2224 2725 2421 2774 statuae
2469 2716 2734 2773 immotus
2780 2731 3046 2783 manens,
3093 2715 3348 2786 ingressu
3398 2714 3551 2771 cella:

1962 2809 2295 2881 discipulum
2331 2806 2575 2863 arcebat.

2031 2990 2202 3048 XXX.
2244 2989 2515 3058 Quocirca
2548 2989 2947 3044 monachorum
2979 2982 3282 3055 quispiam,
3338 3002 3354 3035 ι
3387 2982 3551 3038 Potes

267 3107 459 3162 ρηκενο
473 3110 493 3143 ι
514 3091 667 3158 Ἐξὸν
687 3091 854 3164 ἄλλην
881 3092 1104 3164 ἐντολὴν
1123 3092 1346 3163 δοθῆναι
1364 3094 1443 3165 τῷ
1457 3095 1681 3166 άμαρτή
1691 3110 1860 3169 σανοιτι1

1973 3087 2024 3144 ei
2056 3086 2150 3158 qui
2184 3084 2473 3156 peccavit,
2508 3081 2726 3152 inquit,
2767 3078 3089 3134 mandatum
3123 3076 3275 3133 aliud
3302 3076 3550 3137 edicere.

263 3184 460 3256 καὶμὴ
479 3184 736 3239 ἐκπεσεῖν
760 3186 858 3257 τῆς
892 3187 1184 3250 συναυλίας
1210 3187 1313 3257 τῆς
1343 3186 1485 3258 μετὰ
1514 3187 1631 3241 σοῦ.
1649 3206 1667 3239 ι
1690 3187 1801 3243 Καὶ
1832 3188 1862 3239 6

264 3278 693 3350 δυσωπούμενος
717 3278 891 3352 ἔφησε
910 3294 926 3308 θ
964 3299 983 3332 ι
1018 3279 1238 3350 Ταύτην
1266 3280 1345 3351 τῷ
1388 3279 1610 3351 Ἰωάννῃ
1641 3279 1863 3351 ἐντολὴν

265 3370 545 3442 ὁρίζομαι,
589 3372 707 3441 εἴγε
740 3372 988 3443 βούλεται
1020 3371 1555 3443 συγγνωμονηθῆναι
1590 3371 1741 3441 αὺτῷ
1764 3372 1864 3444 τὴν

268 3464 584 3534 παρακοὴν,
609 3465 796 3520 πᾶσαν
824 3464 1056 3518 διελθεῖν
1086 3465 1189 3535 τὴν
1215 3464 1317 3533 τῆς
1342 3465 1552 3537 λαύρας
1578 3465 1862 3536 περιοχὴν,

264 3554 367 3606 καὶ
405 3554 477 3608 δι’
522 3554 718 3610 ἑαυτοῦ
766 3554 1079 3629 ἐκκαθᾶραι
1128 3558 1199 3611 τά
1254 3557 1315 3611 ἐν
1342 3560 1464 3621 ταῖς
1491 3557 1714 3622 κέλλαις
1751 3556 1863 3611 τῶν

267 3644 531 3715 μοναχῶν
562 3646 674 3701 τῶν
706 3648 1088 3718 ρυπασμάτων
1110 3646 1333 3702 οἰκίδια.
1364 3668 1385 3701 ι
1420 3649 1484 3702 Οἱ
1513 3647 1570 3701 δὲ
1597 3647 1867 3701 άκούσαν·

264 3751 386 3801 τες,
413 3735 510 3789 ἐπὶ
539 3736 618 3808 τῷ
640 3737 784 3807 λόγῳ
807 3737 1278 3809 ἐγκαλυψάμενοι,
1299 3741 1572 3812 κατηφεῖς
1592 3738 1863 3809 ἀπῄεσαν,

267 3827 370 3880 καὶ
410 3826 472 3880 τὸ
503 3825 601 3881 τοῦ
642 3828 900 3899 γέροντος
943 3830 1226 3885 άνένδοτον
1265 3830 1718 3900 ἐκπληττόμενοι.
1755 3826 1865 3893 Οὓς

268 3920 741 3990 προσυπαντήσας
770 3921 801 3974 6
840 3922 1118 3993 Ἰωάννης,
1158 3922 1256 3976 καὶ
1289 3922 1391 3994 τὴν
1430 3921 1635 3991 συνήθη
1688 3918 1866 3989 βαλὼν

271 4012 587 4081 μετάνοιαν,
626 4012 793 4083 ᾔρετο
828 4014 960 4086 περὶ
1010 4017 1112 4085 τῆς
1143 4014 1420 4086 πατρικῆς
1444 4012 1596 4083 αύτῷ
1647 4012 1867 4081 ἀποφά-

270 4119 441 4167 σεως.
474 4104 540 4156 Οἱ
570 4103 629 4155 δὲ
685 4102 785 4173 τὴν
839 4104 1144 4177 αὐστηρίαν
1185 4102 1283 4157 τοῦ
1325 4103 1583 4174 γέροντος
1624 4102 1867 4173 ἐκπλήτ-

271 4192 469 4248 τεσθαι
524 4196 918 4267 ἀπεκρίναντο,
961 4197 1057 4251 καὶ
1110 4195 1210 4268 τὴν
1267 4196 1545 4265 ἀπόφασιν
1578 4194 1646 4248 δι’
1685 4193 1868 4257 αἰδοῦς

274 4281 424 4355 εἶχον
452 4284 716 4351 ἐξειπεῖν’
758 4288 786 4339 6
815 4287 871 4340 δὲ
902 4288 996 4340 καὶ
1040 4287 1163 4341 λίαν
1191 4287 1388 4349 αὐτοὺς
1424 4284 1868 4355 ἁνακαλύψεσθαι

274 4374 689 4445 προσδυσωπῶν
740 4370 831 4447 ἦν.
894 4376 1220 4442 Πεισθέντες
1277 4374 1374 4432 οὖν
1420 4378 1520 4449 τὴν
1577 4378 1867 4449 ἀσχήμονα

1966 3195 2092 3236 eum
2125 3193 2258 3235 vero
2286 3192 2316 3233 a
2343 3174 2709 3233 contubernio
2736 3182 2834 3229 tuo
2860 3172 2917 3229 in
2948 3178 3122 3230 totum
3147 3169 3421 3240 excidere,
3448 3175 3553 3231 hoc

1965 3271 2178 3328 nullam
2210 3269 2376 3325 habet
2405 3267 2744 3338 aequitatem.
2770 3286 2789 3319 ι
2816 3265 2956 3322 Tum
2979 3266 3072 3322 ille
3101 3265 3322 3322 tandem
3350 3282 3549 3323 exora-

1964 3372 2056 3421 tus
2099 3364 2215 3420 ait:
2247 3383 2267 3416 ι
2295 3365 2411 3419 Hoc
2461 3362 2650 3432 itaque
2687 3358 2890 3416 Joanni
2937 3361 3256 3416 mandatum
3289 3360 3551 3432 impono,

1966 3457 2014 3514 si
2042 3458 2152 3514 sibi
2184 3457 2315 3513 velit
2344 3454 2826 3526 iuobsequentiam
2855 3468 3016 3509 suam
3051 3453 3390 3517 condonari,
3429 3453 3554 3508 uni-

1967 3563 2185 3605 versum
2231 3547 2399 3602 laura:
2446 3544 2716 3601 ambitum
2764 3542 2966 3607 obeat,
3020 3542 3317 3611 omniaque
3360 3555 3553 3596 exere.

1966 3648 2276 3695 mentorum
2318 3646 2373 3693 et
2410 3635 2657 3691 sordium
2690 3634 2810 3688 loca
2840 3631 2960 3688 suis
2988 3632 3107 3701 ipse
3157 3630 3413 3686 manibus
3454 3646 3553 3685 ex-

1966 3739 2186 3805 purget.
2225 3749 2245 3783 ι
2279 3730 2432 3784 Istaec
2491 3726 2586 3783 ubi
2642 3726 2941 3781 audierunt
2997 3722 3286 3790 monachi,
3344 3724 3553 3793 pudore

1967 3820 2195 3885 suffusi,
2240 3818 2506 3888 tristique
2534 3815 2692 3877 vultu
2723 3823 2950 3884 propter
2977 3819 3192 3869 tantum
3225 3814 3376 3870 senis
3404 3812 3553 3883 riga-

1968 3931 2108 3972 rem.
2145 3910 2512 3982 obstupefacti
2569 3905 2927 3963 recedebant.
2996 3904 3312 3961 Occurrens
3368 3914 3552 3961 autem

1967 4004 2248 4072 Joannes,
2282 4000 2428 4056 facta
2459 4013 2562 4071 pro
2592 4012 2751 4054 more
2779 3996 3093 4052 reverentia
3132 3996 3550 4059 sciscitabatur,

1969 4110 2223 4168 quaenam
2267 4110 2300 4149 a
2348 4092 2515 4147 Patre
2559 4090 2669 4144 lata
2721 4097 2871 4145 esset
2905 4087 2974 4142 de
3008 4102 3070 4142 se
3099 4086 3400 4143 sententia.
3450 4087 3553 4142 Cui

1970 4191 2090 4258 illi,
2118 4187 2269 4245 senis
2302 4199 2363 4240 se
2389 4181 2773 4239 austeritatem
2809 4177 3105 4244 admirari,
3138 4176 3297 4247 cujus
3324 4191 3555 4248 respon-

1971 4298 2095 4341 sum
2124 4295 2237 4351 prae
2263 4273 2596 4334 verecundia
2628 4272 2722 4327 vix
2765 4271 3041 4327 auderent
3091 4269 3401 4327 enuntiare.
3454 4268 3555 4323 Hic

1971 4388 2107 4443 vero
2145 4371 2315 4427 etiam
2366 4375 2533 4437 atque
2575 4364 2741 4421 etiam
2788 4362 3093 4435 efﬂagitare
3138 4368 3201 4418 ut
3246 4360 3381 4417 illud
3432 4375 3557 4431 ape-

273 4465 497 4535 ἐκείνην
530 4446 909 4538 ἀνακάθαρσιν
944 4468 1217 4538 λέγουσιν.
1262 4470 1321 4523 '0
1356 4468 1400 4522 δ’
1429 4446 1683 4540 ἀκηκοὼς
1708 4446 1860 4539 νῆσθη

1976 4468 2123 4523 riant
2150 4484 2165 4520 :
2196 4462 2359 4534 cujus
2392 4460 2629 4529 denique
2663 4456 2923 4528 precibus
2955 4455 3092 4510 victi
3121 4468 3379 4525 spurcam
3415 4452 3559 4508 hanc

275 4556 485 4627 μᾶλλον
533 4560 663 4629 παρ’
703 4558 893 4612 ἐλπίδα
931 4562 1114 4616 πᾶσαν
1166 4561 1370 4624 αὐτῶν,
1423 4563 1517 4615 καὶ
1563 4562 1693 4633 ῥᾷον
1729 4558 1869 4613 εἶναί

276 4664 372 4717 μοι
398 4646 557 4700 τοῦτό
593 4666 747 4720 φησι,
778 4652 869 4705 καὶ
896 4653 1033 4723 πρὸς
1064 4653 1259 4726 ἡδονὴν
1284 4653 1538 4724 μάλιστα.
1570 4653 1746 4718 Εὐθὺς
1776 4646 1869 4707 οὖν

272 4740 488 4805 ἄπεισι,
516 4740 612 4795 καὶ
644 4741 715 4796 τὰ
758 4743 859 4813 τῆς
892 4745 1215 4817 καθάρσεως
1264 4745 1524 4816 ἐργαλεῖα
1555 4744 1865 4817 ἐζητηκὼς.

275 4832 377 4885 καὶ
405 4831 587 4886 λαϐὼν
608 4834 869 4907 πρόσεισι
899 4840 967 4909 τῇ
1018 4840 1189 4911 κέλλῃ
1216 4840 1311 4893 τοῦ
1341 4840 1460 4893 ἐκεῖ
1501 4838 1870 4909 γειτονοῦντος

275 4922 358 4994 τῷ
389 4922 632 4995 γέροντι,
678 4928 775 4981 καὶ
824 4930 1011 4984 εἰσιὼν
1060 4932 1118 4985 ἐν
1166 4932 1326 5004 αὐτῇ,
1382 4934 1573 5004 χεῖρας
1620 4930 1870 5003 μολύνειν

352 5077 401 5108 ’⁸
454 5075 593 5132 Gen.
624 5094 707 5145 ιιι,
732 5077 821 5135 25.

1976 4556 2439 4629 expurgationem
2486 4550 2849 4621 eloquuntur.
2909 4545 3065 4613 Quod
3129 4560 3255 4600 cum
3315 4542 3555 4597 Joannes

1978 4651 2253 4714 audisset,
2284 4646 2550 4716 majorem
2600 4642 2657 4697 in
2701 4640 2924 4695 modum
2976 4638 3201 4709 gavisus
3228 4677 3243 4702 ,
3286 4651 3353 4691 ac
3389 4649 3557 4704 supra

1977 4759 2142 4819 quam
2185 4742 2263 4796 illi
2308 4742 2664 4810 sperassent,
2708 4748 2827 4790 rem
2878 4730 3026 4786 factu
3083 4729 3297 4784 facilem
3338 4728 3559 4819 sibique

1980 4816 2380 4907 perjucundam
2409 4823 2665 4882 accidere
2696 4822 2796 4877 ait.
2828 4820 3275 4889 Confestimque,
3309 4816 3557 4887 quaasitis

1979 4921 2370 4984 instrumentis
2421 4918 2491 4974 ad
2546 4913 2821 4987 ejusmodi
2890 4912 3085 4971 sordes
3159 4908 3556 4982 abstergendas

1554 5231 1794 5287 VARIAS
1836 5228 2243 5295 LECTIllNES.

358 5323 377 5361 ΐ
425 5322 490 5378 Il.
526 5324 878 5397 βιασαμένου.
995 5327 1020 5366 ⁸
1050 5323 1117 5382 11.
1147 5326 1176 5379 ὃ
1205 5342 1260 5380 τι
1288 5325 1472 5382 καὶ...
1496 5324 1529 5396 ἢ
1555 5328 1651 5398 πῇ.

1764 5322 1791 5362 ιι
1816 5324 1961 5380 Edit.
1991 5324 2052 5378 οὐ
2081 5340 2287 5394 παραχ.
2388 5322 2411 5327 ”

1806 5482 2017 5541 NOTAE
2030 5522 2043 5537 .

282 5575 419 5641 Qua:
446 5590 548 5627 non
571 5575 835 5629 exsistunt
862 5584 980 5644 post
1016 5586 1255 5639 mortem.

286 5644 411 5714 Ilion
442 5654 651 5699 manent
679 5662 820 5714 opes,
862 5664 963 5700 non
990 5650 1276 5701 comitatur
1305 5645 1500 5714 gloria.

281 5712 550 5789 Ingrucns
582 5712 721 5771 enim
757 5734 896 5773 mors
927 5726 1116 5773 cuncta
1137 5719 1245 5775 Ita'c
1273 5712 1574 5774 evanescere
1604 5717 1755 5787 facit.

1973 5572 2279 5628 Immortali
2311 5570 2473 5639 igitur
2508 5568 2723 5623 Christo
2748 5566 3035 5639 clamcmus
3063 5578 3077 5615 :

1973 5645 2017 5700 Τ
2022 5643 2273 5697 ranslatis
2305 5638 2425 5694 hinc
2454 5648 2651 5706 prtesta
2682 5638 2934 5710 requiem,

1978 5714 2078 5770 Ubi
2099 5714 2333 5770 omnium
2356 5711 2504 5766 salus
2536 5721 2634 5765 cst.
