3974 6338
377 343 474 407 Δῗὶ

1436 354 1611 416 YITA
1646 355 1708 416 S.
1743 355 2067 418 JOANNIS
2091 359 2548 424 DAMASCENI.

3540 362 3646 428 472

380 458 620 526 idoneis,
653 460 832 528 iisque
862 458 1097 527 sumptis
1130 459 1184 512 in
1216 474 1433 524 manus,
1453 461 1521 519 ad
1545 463 1738 517 cellam
1773 464 1957 535 pergit

2071 469 2276 533 ὲκείνας
2309 471 2534 541 ῆρξατο,
2563 473 2636 535 ἃς
2671 471 2890 536 πολλοῖς
2923 472 3192 545 πρότερον
3239 472 3502 540 εὐωδίαξε
3534 478 3650 541 τοῖς

375 552 528 606 illius
553 551 647 624 qui
687 549 807 606 seni
836 549 1054 604 vicinus
1083 557 1238 616 erat,
1296 567 1464 622 quam
1504 568 1631 609 cum
1676 555 1964 626 ingressus

2071 558 2334 629 ἰρώμασι,
2370 559 2466 614 καὶ
2491 559 2592 630 τὴν
2643 559 3173 632 χριστοθεράπευτον
3207 563 3432 628 δεξιὰνο
3461 563 3508 617 ὣ
3547 565 3649 635 τῆς

375 653 562 707 esset,
595 656 795 697 manus
824 641 948 695 illas
974 655 1113 712 quas
1141 642 1333 699 multis
1356 643 1489 698 olim
1517 647 1816 716 unguentis
1841 663 1966 718 per-

2071 648 2258 718 πολλῆς
2280 648 2376 703 τοῦ
2413 649 2610 720 ἀνδρὸς
2650 649 3072 716 ταπεινώσεως·
3120 652 3650 724 κοπροπηλόφυρτον

381 735 596 789 fuderat
615 773 632 796 ,
665 733 958 804 inquinare
986 734 1174 802 cmpit,
1207 735 1520 806 ipsamtnet,
1548 737 1801 808 inquam,
1832 737 1966 794 dex-

376 841 546 888 teram
578 846 801 886 manum
850 830 1025 900 (proh
1069 830 1343 902 ingentem
1382 833 1488 888 viri
1517 833 1884 906 abjectioneln
1909 834 1969 906 l)
2006 849 2170 906 quam
2201 835 2460 893 Christus
2502 844 2833 903 curaverat,

376 927 506 981 dare
538 941 650 980 non
679 923 914 980 dubitat.

446 1016 642 1072 XXXI.
679 1015 872 1074 Senior
897 1016 1249 1072 obedientiam
1277 1027 1327 1073 et
1355 1019 1714 1076 humilitatem
1733 1021 1962 1078 Joannis

377 1113 702 1168 admiratur.
738 1143 809 1153 —
844 1111 1046 1169 Verum
1082 1129 1246 1170 senex
1273 1155 1288 1180 ,
1329 1117 1742 1186 quamprimum
1778 1133 1966 1189 prom-

377 1205 687 1276 ptissimam
719 1204 870 1259 illam
899 1204 1298 1273 obedientiam,
1329 1208 1717 1280 sinceramque
1745 1217 1801 1266 et
1829 1224 1964 1280 pro~

379 1296 643 1362 fundam,
684 1296 797 1351 imo
836 1295 1128 1353 sublimem
1163 1294 1529 1355 humilitatem
1575 1298 1815 1357 Joannis
1862 1316 1963 1356 au-

377 1390 550 1453 divit,
583 1403 915 1455 accurrens,
947 1404 1073 1445 eum
1104 1391 1424 1461 complexus
1467 1401 1588 1459 est,
1631 1408 1802 1463 seque
1839 1393 1962 1464 ejus

379 1481 526 1536 collo
559 1479 866 1550 implicuit,
903 1495 1103 1536 manus
1125 1520 1143 1546 ,
1177 1483 1403 1548 oculos,
1437 1482 1696 1540 humeros
1726 1500 1961 1542 exoscu-

382 1575 523 1628 lans.
553 1590 572 1624 ι
599 1570 644 1627 Ο
673 1577 890 1642 qualem
923 1583 978 1628 et
1012 1581 1283 1644 quantum
1305 1617 1320 1642 ,
1357 1574 1796 1650 aiebat.[XVlll]
1830 1577 1923 1634 ille
1944 1615 1962 1644 ,

381 1665 554 1720 beata:
606 1663 937 1720 obedientia:
992 1664 1257 1720 athletam
1291 1674 1348 1722 et
1400 1669 1638 1739 pugilem
1685 1669 1852 1740 genui
1904 1669 1962 1726 in

2069 738 2242 793 ἔθετο.

2921 849 3082 893 cteno
3123 845 3180 894 et
3226 845 3476 894 stercore
3545 837 3652 892 πω.

2133 1014 2260 1070 AA'.
2297 1013 2613 1086 Πυθόμενος
2635 1013 2681 1067 δ’
2714 1016 2746 1068 ό
2781 1014 2964 1086 γέρων
3009 1016 3110 1089 τὴν
3157 1020 3240 1083 εἰς
3271 1019 3522 1094 ὑπακοὴν
3555 1025 3651 1079 τοῦ

2078 1107 2330 1162 Ἰωάννου
2363 1107 2676 1178 προθυμίαν
2704 1107 2932 1180 πολλὴν,
2962 1109 3057 1164 καὶ
3080 1110 3141 1164 τδ
3167 1112 3266 1183 τῆς
3294 1113 3529 1184 ἀληθοῦς
3557 1119 3655 1174 καὶ

2066 1200 2271 1272 πολλῆς
2328 1200 2538 1254 ἐκείνου
2590 1201 2980 1266 ταπεινώσεως
3036 1203 3202 1274 βάθος
3227 1245 3243 1270 ,
3305 1207 3508 1277 μᾶλλον
3557 1211 3656 1264 καὶ

2066 1290 2269 1362 ὕψωμα
2289 1330 2305 1357 ,
2349 1290 2669 1362 ἐπιδραμὼν
2719 1291 3077 1363 περιέϐαλλεν
3111 1295 3306 1362 αὐτὸν,
3353 1297 3450 1351 καὶ
3497 1317 3656 1372 περι-

2066 1382 2332 1438 επλέκετο
2362 1381 2443 1454 τῷ
2463 1381 2743 1455 τραχήλῳ,
2773 1381 2874 1448 τὰς
2895 1382 2952 1436 δέ
2982 1386 3173 1456 χεῖρας
3196 1387 3652 1458 περιεπτύσσετο,

2065 1473 2137 1528 τὰ
2172 1473 2400 1546 ὄμματα
2446 1474 2873 1546 κατησπάζετο,
2924 1477 3207 1546 κατεφίλει
3270 1481 3400 1543 τοὺς
3445 1481 3652 1553 ὤμους.

2075 1585 2094 1618 ι
2122 1561 2195 1620 Ὦ
2231 1562 2365 1632 οἷον,
2401 1583 2423 1618 ιν
2470 1565 2676 1636 ἔλεγεν,
2713 1585 2734 1619 ι
2771 1566 3014 1639 ἀθλητὴν
3057 1569 3156 1640 τῆς
3209 1572 3489 1643 μακαρίας
3544 1573 3656 1627 ὑπ·

2069 1661 2238 1731 ακοῆς
2274 1657 2386 1728 ἐγὼ
2430 1660 2702 1714 ἀπέτεκον
2750 1662 2812 1715 ἐν
2855 1660 3102 1732 Χριστῷ.
3139 1681 3158 1714 ι
3195 1663 3256 1716 '0
3293 1663 3352 1717 δέ
3401 1664 3657 1738 Ἰωάννης

377 1756 600 1812 Christo
627 1757 640 1810 ι
673 1774 690 1807 ι
718 1757 788 1809 At
817 1754 1060 1813 Joannes
1093 1757 1162 1813 ad
1201 1758 1299 1814 has
1331 1760 1483 1815 senis
1519 1775 1684 1817 voces
1722 1761 1965 1832 amplius

2071 1750 2229 1806 πλέον
2258 1751 2576 1824 αἰδούμενος
2608 1754 2737 1818 τοὺς
2771 1753 2966 1824 λόγους
2995 1754 3092 1808 τοῦ
3127 1755 3408 1827 γέροντος,
3439 1757 3658 1828 πρηνὴς

379 1847 714 1904 erubescens
739 1887 754 1911 ,
786 1861 997 1917 pronus
1023 1847 1078 1903 iu
1111 1856 1315 1905 terram
1347 1865 1612 1908 corruere
1635 1892 1652 1918 ,
1685 1867 1785 1918 ac,
1818 1853 1968 1908 velut

379 1939 447 1994 ad
492 1939 586 1994 Dei
634 1939 805 2009 pedes
857 1955 979 1996 sese
1025 1940 1328 2012 abjiceret,
1375 1943 1745 2015 lacrymarum
1791 1944 1969 2001 imbre

379 2032 750 2101 pavimentum
787 2033 1009 2102 rigare:
1048 2043 1374 2106 tantumque
1405 2037 1562 2094 abeat
1590 2045 1651 2093 ut
1683 2035 1752 2091 ad
1782 2035 1967 2094 Patris

376 2137 660 2178 sermones
691 2123 1002 2190 inllaretur,
1039 2134 1134 2180 aut
1168 2127 1235 2181 ad
1279 2128 1432 2184 senis
1478 2129 1673 2185 laudes
1725 2129 1966 2184 intume-

377 2222 602 2282 sceret;
649 2221 709 2268 ut
755 2216 928 2286 magis
987 2216 1413 2286 deprimeretur,
1467 2219 1700 2291 ejusque
1748 2221 1968 2276 animus

383 2321 546 2374 quam
601 2307 697 2378 qui
752 2309 990 2363 maxime
1043 2318 1446 2368 contereretur.
1495 2312 1572 2368 Ita
1621 2312 1834 2369 scilicet
1881 2313 1964 2367 vi-

379 2414 472 2455 ros
501 2400 776 2470 sapientes
816 2407 872 2456 et
914 2400 1175 2458 cordatus
1217 2404 1344 2459 novi
1388 2413 1778 2475 comparatos,
1809 2411 1867 2458 ut
1895 2403 1968 2458 ad

376 2493 464 2546 sui
517 2492 1056 2549 commendationem
1109 2509 1234 2550 sese
1285 2495 1585 2566 dejiciant,
1634 2505 1802 2566 atque
1847 2496 1969 2548 lau-

380 2583 500 2638 dari
547 2585 780 2642 moleste
827 2583 1047 2648 ferant,
1096 2601 1224 2641 cum
1267 2586 1492 2642 interim
1523 2587 1590 2642 ad
1629 2587 1797 2642 Deum
1846 2601 1970 2642 sese

376 2675 660 2730 attollant.
711 2674 987 2742 Quocirca
1035 2673 1198 2731 Pater
1254 2675 1424 2730 lilium
1473 2677 1682 2746 erigit,
1731 2677 1968 2747 ejusque

378 2755 651 2834 prehensa
681 2781 882 2834 manu,
913 2767 1110 2823 cellam
1143 2768 1302 2824 laetus
1349 2768 1680 2837 ingreditur.
1717 2769 1968 2828 Dixisses

377 2856 578 2926 plane,
635 2858 683 2913 si
739 2855 1010 2913 Joannem
1073 2858 1468 2926 observasses,
1523 2859 1581 2914 in
1641 2862 1965 2929 paradisum

375 2947 528 3004 Eden
568 2948 910 3019 postliminio
949 2963 1077 3004 eum
1119 2949 1368 3005 restitui.
1413 2948 1518 3016 Qui
1569 2952 1716 3006 enim
1766 2953 1966 3009 veteris

377 3039 552 3094 Adam
608 3039 840 3112 ﬁguram
897 3040 1347 3108 transgressione
1392 3043 1549 3112 prius
1582 3051 1964 3113 expresserat,

2071 1843 2293 1912 ἔπιπτε,
2315 1845 2412 1898 καὶ
2435 1845 2498 1898 τδ
2524 1845 2724 1915 Emme;
2736 1848 2850 1910 τοῖς
2869 1845 3132 1919 δάκρυσιν
3157 1847 3403 1920 ἐσρεχεν,
3426 1850 3503 1913 ὡς
3517 1849 3656 1906 Θεοῦ

2069 1937 2430 2008 προσπίπτων
2462 1937 2713 1994 ἐνώπιον.
2744 1939 2820 1994 Οὐ
2859 1938 2968 2010 γὰρ
3003 1939 3285 2012 ἐφυσιώθη
3327 1944 3442 2005 τοῖς
3475 1941 3659 2010 λόγοις

2067 2033 2181 2096 τοῖς
2215 2033 2529 2102 πατρικοῖς,
2563 2031 2686 2086 οὐδὲ
2717 2030 3017 2104 ἐξωγκὼθη
3070 2033 3187 2096 τοῖς
3221 2033 3522 2104 ἐγκωμίοις
3559 2034 3656 2088 τοῦ

2068 2124 2349 2196 γέροντος,
2370 2123 2488 2178 ἀλλ’
2516 2125 2868 2180 ἐταπεινοῦτο
2916 2125 3106 2190 πλέον,
3141 2125 3238 2178 καὶ
3263 2126 3292 2178 ό
3323 2125 3452 2189 νοῦς
3487 2124 3656 2186 αὐτοῦ

2071 2217 2308 2288 μάλιστα
2337 2218 2705 2290 συνετρίϐετο.
2729 2216 2920 2282 Οὕτως
2951 2212 3069 2272 οἶδα
3091 2217 3222 2281 τοὺς
3253 2219 3508 2282 συνετοὺς
3540 2220 3659 2282 τοῖς

2067 2309 2313 2374 ἐπαίνοις
2350 2311 2833 2382 ταπεινουμένους,
2889 2310 2987 2365 καὶ
3033 2309 3494 2382 συντριδομένους
3542 2313 3660 2374 τοῖς

2068 2400 2390 2471 ἐγκωμίοις,
2440 2401 2538 2455 καὶ
2583 2400 2992 2472 ἀνυψουμένους
3031 2400 3172 2473 πρὸς
3207 2401 3301 2455 τὸν
3340 2401 3494 2455 Θεόν.
3532 2401 3659 2455 Ἐπὶ

2067 2491 2278 2557 τούτοις
2310 2493 2596 2564 ἀνίστησιν
2629 2495 2659 2546 ὁ
2686 2495 2878 2565 Πατὴρ
2918 2493 3012 2548 τὸν
3041 2494 3179 2560 υἱὸν,
3216 2493 3311 2546 καὶ
3353 2493 3656 2564 λαϐόμενος

2069 2587 2167 2656 τῆς
2198 2585 2402 2657 χειρὸς,
2441 2587 2524 2649 είς
2552 2584 2614 2639 τὸ
2649 2583 2860 2641 κελλίον
2889 2585 3056 2638 αὑτοῦ
3103 2584 3246 2656 μετὰ
3277 2587 3453 2656 χαρᾶς
3485 2584 3656 2638 εῐσει-

2070 2691 2175 2730 σιν.
2197 2671 2366 2738 Εἷπες
2397 2674 2463 2729 ἂν
2491 2675 2582 2729 τὸν
2614 2675 2872 2746 Ἰωάννην
2909 2672 3054 2740 ίδὼν,
3084 2673 3160 2737 ὡς
3187 2675 3264 2740 είς
3286 2673 3380 2726 τὸν
3407 2674 3467 2726 ἐν
3491 2672 3653 2744 Ἐδὲμ

2071 2766 2399 2838 παράδεισον
2442 2766 2606 2821 πάλιν
2649 2764 3086 2820 ἀποκαθίσταται
3111 2765 3225 2818 νῦν.
3263 2764 3351 2817 Ἐν
3388 2763 3564 2834 ἐαυτῷ
3591 2762 3654 2817 δὲ

2067 2859 2158 2912 τὸν
2195 2857 2429 2913 παλαιὸν
2465 2856 2637 2929 Ἀδὰμ
2681 2856 2772 2912 διὰ
2805 2857 2904 2928 τῆς
2953 2857 3241 2928 παρακοῆς
3291 2854 3551 2918 τυπώσας
3589 2854 3656 2907 τὸ

2067 2951 2359 3022 πρότερον,
2418 2951 2512 3004 τὸν
2559 2949 2681 3004 νέον
2719 2947 2921 3002 ἐτύπου
2955 2947 3212 3020 Χριστὸν,
3253 2948 3349 3002 καὶ
3396 2943 3554 3012 αὖθις
3593 2947 3658 3000 ἐν

2068 3043 2251 3114 ἐαυτῷ
2277 3041 2368 3097 διὰ
2401 3042 2500 3114 τῆς
2527 3042 2707 3114 ἄκρας
2745 3041 2962 3112 ἐκείνης
2990 3041 3260 3112 ὑπακοῆς.

376 3149 580 3190 novum
617 3142 845 3203 postea,
891 3131 1178 3190 Christum
1215 3133 1462 3202 scilicet,
1499 3149 1596 3206 per
1630 3135 1967 3208 singularem
2005 3143 2420 3206 extremamque
2447 3133 2600 3190 illam
2625 3131 3032 3200 obedientiam,
3061 3130 3204 3188 idem
3270 3131 3388 3202 ipse
3448 3129 3662 3187 iterum

377 3224 674 3283 referebat.

448 3333 638 3388 XXXI.
686 3331 879 3389 Senem
907 3349 1002 3404 per
1032 3333 1360 3390 insomnium
1394 3344 1570 3391 monet
1600 3335 1837 3408 Deipara
1860 3379 1874 3403 ,
1906 3347 1966 3392 ut

2145 3329 2274 3387 ΛΚ.
2313 3329 2448 3385 Μετ’
2472 3328 2536 3383 οὐ
2560 3329 2697 3383 πολὺ
2719 3327 2798 3395 δέ,
2833 3327 2970 3398 ὄναρ
3005 3325 3086 3398 τῷ
3109 3327 3326 3399 γέροντι
3363 3328 3656 3397 ἐπιφαίνε-

375 3425 575 3481 Joanm’
601 3424 874 3492 permittat
903 3423 1094 3480 litteris
1122 3439 1336 3494 operam
1359 3425 1706 3484 dare—Non
1730 3429 1966 3485 multum

376 3513 649 3584 temporis
682 3514 1004 3571 intercessit
1026 3553 1044 3579 ,
1077 3529 1206 3570 cum
1235 3515 1408 3572 nullis
1441 3531 1551 3572 non
1585 3517 1843 3576 laudibus
1871 3533 1966 3575 ce-

377 3605 644 3663 lebranda
696 3605 1104 3678 purissimaque
1131 3605 1338 3679 (Virgo
1368 3606 1572 3680 Maria)
1601 3609 1720 3666 seni
1764 3625 1824 3667 se
1869 3625 1969 3684 per

378 3697 720 3755 insomnium
763 3697 944 3755 offert.
974 3717 993 3752 ι
1025 3697 1206 3755 Eccur
1236 3697 1444 3756 fontem
1488 3701 1642 3756 illum
1669 3743 1684 3769 ,
1728 3703 1837 3770 ait,
1869 3701 1967 3774 qui

377 3798 494 3846 tam
527 3805 730 3847 suaves
762 3789 1102 3862 profundere
1145 3791 1371 3858 latices,
1406 3801 1629 3864 tamque
1674 3793 1968 3866 limpidus,

377 3891 492 3938 tam
526 3883 788 3954 copiosos
816 3898 882 3940 ac
913 3898 1146 3954 prorsus
1175 3894 1467 3942 nectareos
1494 3893 1710 3958 potest,
1741 3886 1968 3942 obstru-

377 3971 558 4026 xisti‘l
585 3967 842 4027 daturum
866 4012 883 4040 ,
914 3972 1140 4044 inquam
1163 4014 1178 4040 ,
1213 3990 1388 4046 aquas
1417 3975 1736 4032 recreandis
1764 3976 1968 4034 animis

379 4063 650 4131 idoneas;
679 4077 851 4135 aquas
877 4067 1294 4136 praestantiores
1310 4067 1404 4134 iis,
1421 4082 1544 4137 quae
1567 4081 1711 4123 novo
1728 4077 1780 4124 et
1799 4068 1972 4124 inusi-

377 4162 496 4209 tato
543 4154 708 4212 modo
734 4171 765 4212 e
803 4166 958 4227 petra
983 4157 1262 4214 ﬂuxerunt
1293 4157 1349 4212 in
1389 4158 1731 4214 solitudine:
1767 4174 1963 4230 aquas,

381 4263 619 4318 quarum
650 4249 932 4306 desiderio
959 4261 1155 4320 captus
1196 4248 1302 4305 fuit
1341 4249 1555 4319 David;
1583 4264 1759 4322 aquas
1805 4251 1964 4318 illas,

379 4353 520 4410 quas
553 4339 816 4396 Christus
857 4339 1220 4397 Samaritana:
1259 4341 1480 4398 mulieri
1525 4343 1811 4414 pollicitus
1839 4343 1971 4400 est?

381 4429 514 4486 Sine
531 4427 735 4486 fontem
756 4446 1005 4488 manare.
1022 4431 1266 4489 Manabit
1287 4435 1435 4490 enim
1460 4434 1761 4502 uberrime,
1789 4449 1966 4506 eaque

379 4524 538 4594 copia
569 4524 892 4586 universum
921 4527 1113 4584 orbem
1141 4529 1440 4598 pervadet,
1468 4538 1528 4585 ut
1563 4530 1768 4602 ingenti
1795 4529 1965 4585 iluctu

381 4616 616 4686 ipsamet
638 4617 933 4676 haeresium
959 4622 1132 4676 maria
1182 4633 1406 4694 superet
1439 4623 1796 4695 operiatque,
1827 4631 1882 4679 et
1907 4625 1964 4678 in

2071 3443 2162 3481 ται
2194 3423 2331 3499 (25),
2353 3425 2388 3494 ἡ
2423 3421 2778 3494 πανύμνητος
2806 3420 2906 3476 καὶ
2929 3420 3292 3493 πανάμωμος,
3325 3421 3420 3476 καί
3452 3438 3618 3492 φησιν
3637 3437 3653 3450 ο

2081 3535 2103 3577 ι
2134 3518 2252 3572 Ἵνα
2269 3516 2324 3570 τί
2359 3514 2544 3587 πηγὴν
2590 3512 2919 3586 ἐνέφραξας,
2951 3511 3094 3566 οὕτω
3135 3513 3235 3584 μὲν
3272 3514 3372 3584 ἡδὺ
3403 3514 3466 3568 τὸ
3502 3516 3659 3585 νᾶμα

2071 3593 2328 3681 προγέειν
2360 3606 2611 3678 ἔχουσαν,
2640 3603 2786 3660 οὕτω
2825 3604 2882 3658 δὲ
2912 3604 3127 3669 διειδές,
3161 3603 3306 3658 οὕτω
3336 3605 3396 3658 δὲ
3433 3605 3660 3675 δαψιλές

2069 3720 2131 3757 τε
2151 3701 2249 3756 καὶ
2274 3697 2649 3770 νεκταρῶδεςς
2687 3695 2835 3769 ὕδωρ
2873 3697 3240 3761 ἀναπαύσεως
3271 3697 3382 3750 τῶν
3417 3696 3609 3768 ψυχῶν
3636 3715 3654 3766 ς

2071 3793 2219 3864 ὕδωρ
2249 3790 2391 3862 ὑπὲρ
2426 3789 2488 3844 τὸ
2520 3790 2586 3843 ἐκ
2616 3789 2820 3860 πέτρας
2849 3788 2910 3843 ἐν
2937 3789 3130 3860 ἐρήμῳ
3163 3788 3368 3859 βλύσαν
3399 3787 3660 3860 ξενοπρε-

2071 3884 2226 3950 πῶς;
2259 3882 2426 3954 ὕδωρ,
2455 3874 2517 3936 οὖ
2545 3883 2694 3935 πιεῖν
2726 3880 2894 3935 Δαὸὶδ
2923 3879 3306 3952 ἐπεθύμησενς
3342 3879 3509 3951 ὕδωρ,
3539 3879 3654 3952 aq

2068 3975 2428 4050 Σαμαρείτιδι
2466 3974 2705 4046 Χριστὸς
2732 3974 3138 4044 ἐπηγγείλατο;
3165 3972 3230 4028 ἔα
3257 3973 3522 4044 φέρεσθαι
3555 3973 3660 4044 τὴν

2071 4070 2276 4141 πηγήν.
2313 4068 2614 4138 Δραμεῖται
2651 4065 2846 4138 πολλὴ,
2869 4067 2966 4120 καὶ
2997 4067 3182 4121 πᾶσαν
3197 4066 3533 4120 διελεύσεται
3552 4065 3658 4136 τὴν

2070 4160 2422 4232 οἰκουμένην,
2461 4158 2538 4223 ὡς
2579 4157 2725 4230 ὕδωρ
2770 4159 2906 4214 πολὺ
2950 4159 3339 4229 κατακαλύψαι
3377 4158 3658 4222 θαλάσσας

2069 4252 2352 4324 αἱρέσεων.
2397 4247 2710 4303 Μεταὸαλεῐ
2773 4249 2831 4303 δέ
2883 4249 3089 4315 ταύτας
3142 4251 3281 4324 πρὸς
3340 4249 3658 4321 θαυμασίαν

2069 4343 2408 4414 γλυκύτητα.
2449 4343 2514 4396 Oi
2544 4340 2830 4412 διψῶντες,
2869 4343 2964 4396 ἐπὶ
2993 4343 3055 4397 τὸ
3081 4343 3228 4416 ὕδωρ
3257 4342 3416 4398 τοῦτο
3454 4346 3470 4385 ί
3515 4343 3658 4415 μετὰ

2071 4433 2312 4506 σπουδῆς
2350 4431 2774 4504 πορευέσθωσαν
2795 4447 2808 4462 ⁸
2845 4432 2943 4486 καὶ
2977 4433 3092 4504 ὅσοι
3119 4434 3195 4504 μὴ
3229 4433 3448 4505 ἔχουσιν
3477 4434 3656 4506 ἀργύ-

2070 4525 2337 4598 ριοννβίου
2383 4523 2651 4596 καθαροῦ,
2692 4524 3048 4596 πωλήσαντες
3089 4525 3189 4590 τὰς
3224 4526 3554 4598 ἐμπαθειας,
3587 4529 3657 4582 ἐκ

2069 4617 2164 4674 τοῦ
2211 4616 2458 4671 Ἰωάννου
2496 4614 2930 4687 ὰγορασάτωσαν
2969 4617 3028 4669 ὲν
3071 4616 3308 4687 δόγμασι
3342 4617 3435 4670 καὶ
3471 4616 3657 4688 ἔργοις

378 4708 766 4766 admirabilem
816 4711 1165 4770 dulcedinem
1213 4687 1523 4772 convertat.
1581 4687 1687 4784 Qui
1731 4687 1962 4781 sitiunt,

2071 4709 2349 4782 ἀκραιφνῆ
2413 4707 2786 4780 καθαρότητα.
2830 4701 3000 4772 Οὗτος
3049 4709 3265 4779 εἰλήφει
3294 4709 3396 4781 τὴν
3440 4687 3661 4780 προφη-

380 4800 448 4855 ad
473 4814 668 4872 aquam
692 4801 856 4860 istam
881 4807 993 4862 cito
1020 4822 1214 4879 gressu
1240 4808 1579 4862 conveniant
1597 4848 1612 4871 ,
1637 4815 1692 4862 et
1713 4823 1808 4878 (ιω
1840 4807 1966 4862 vitae

381 4905 538 4960 purae
577 4903 869 4963 argentum
909 4912 1022 4952 non
1064 4897 1268 4952 habent
1294 4898 1378 4963 ",
1428 4896 1807 4954 aﬂ'ectionibus
1849 4898 1967 4955 suis

384 4981 682 5038 divenditis
701 5025 716 5050 ,
751 4995 1068 5044 mercentur
1093 5002 1122 5041 a
1147 4985 1361 5046 Joanne
1388 4987 1654 5046 doctrinae
1712 5003 1967 5060 operum-

451 5157 498 5188 ³³
525 5155 632 5214 lsa.
671 5174 759 5226 ιν,
785 5159 842 5214 2.

2071 4802 2230 4876 τικὴν
2254 4803 2512 4872 κιθάραν,
2545 4801 2642 4854 καὶ
2667 4811 2682 4850 ι
2724 4801 2788 4855 τὸ
2817 4802 3107 4855 Δαυῖτικὸν
3127 4804 3304 4855 ἐκεῖνο
3328 4801 3653 4872 ψαλτήριον,

2071 4895 2168 4950 καὶ
2213 4894 2336 4966 ᾄσει
2385 4893 2607 4965 ᾅσματα
2643 4893 2830 4959 καινὰ,
2873 4893 3100 4966 ᾅσματα
3151 4892 3346 4965 Κυρίῳ
3380 4892 3461 4965 τῷ
3507 4892 3654 4964 Θεῷ.

2082 4988 2508 5062 ’Υπερὸαλεῖται
2554 4987 2654 5057 τὴν
2697 4986 2944 5052 Μωσέως
2990 4987 3134 5060 ᾠδὴν
3188 4989 3302 5050 τοῖς
3347 4986 3659 5058 μελουργή-

1657 5315 1890 5371 νΑιιιΑι
1929 5315 2342 5374 LECTIONES.

492 5405 510 5446 ¹
545 5407 691 5462 Edit.
728 5405 1097 5476 deest,1oi'i'ro.
1202 5409 1297 5462 1R.
1323 5408 1501 5473 deest,
1531 5410 1647 5462 καί.

1908 5524 2138 5583 ΝΟΤᾸΕ.

458 5631 569 5710 (ξεί)
610 5634 763 5710 Meg:
787 5635 860 5688 οὐ
903 5636 1063 5710 πολὺ
1099 5637 1187 5702 δὲ,
1242 5639 1391 5710 ora!)
1427 5639 1508 5706 τῷ
1546 5640 1778 5710 γέροντι
1834 5644 1962 5698 ἐπι·

386 5700 1063 5777 φαίνεταιγὶευῐη-ἱιοο
1111 5700 1193 5762 sic
1248 5700 1434 5766 Medea
1471 5700 1739 5777 recitant,
1797 5727 1863 5769 ac
1913 5715 1958 5770 si

387 5772 604 5829 Cosmte
637 5772 874 5842 pristino
910 5773 1140 5834 Joannis
1179 5778 1486 5837 institutori
1519 5772 1802 5852 acciderit,
1835 5800 1958 5839 cum

2071 5659 2100 5699 e
2139 5645 2423 5716 contrario
2473 5646 2676 5702 seniori
2729 5648 2806 5702 illi
2846 5648 3006 5705 alteri
3045 5649 3396 5706 tribuendum
3432 5648 3528 5716 sit,
3560 5650 3652 5708 cui

2070 5723 2299 5769 sanctus
2350 5713 2594 5772 Joannes
2638 5716 3012 5775 Damascenus
3041 5724 3108 5777 de
3159 5722 3477 5778 monasticae
3513 5713 3652 5778 Vvitur

2075 5784 2289 5855 legibus
2322 5785 2657 5845 erudiendus
2697 5789 2935 5848 traditus
2972 5790 3094 5848 luit.
