3974 6338
182 347 294 411 473

1253 337 1429 398 VITA
1466 337 1527 396 S.
1566 324 1891 397 JOANNIS
1930 320 2382 381 DAMASCENI.

3342 317 3449 385 474

189 476 345 531 μασι,
382 457 479 509 καὶ
517 454 616 525 τήν
649 450 940 523 χοραυλίαν
987 449 1226 519 Μαρίας.
1274 446 1459 508 Μῦθος
1502 443 1764 512 ἐλεγχθή-

1872 450 1977 505 que
2006 435 2276 487 sinceram
2308 428 2622 499 puritatem.
2651 428 2747 484 llic
2776 428 3151 500 propheticam
3179 432 3448 491 citharam

190 567 348 605 σεται
394 549 464 601 τὰ
507 546 601 599 τοῦ
648 542 894 614 Ὀρφέως
941 541 1179 610 ἀνόνητα
1226 538 1612 610 μελῳδήματα.
1655 536 1767 604 Τὴν

186 638 569 713 πνευματικὴν
602 637 699 690 καὶ
723 634 976 706 οὐράνιον
1011 631 1335 703 μελουργίαν
1371 624 1524 693 οὗτος
1553 628 1764 699 ᾅσεται.

188 735 331 794 Τοὺς
375 733 403 771 ι
459 728 832 800 Χερουϐικοὺς
875 725 1077 795 ὒμνους
1111 718 1263 788 οὗτος
1316 723 1637 794 μιμήσεται,
1674 719 1770 773 καὶ⁵

188 826 375 886 πάσας
407 821 505 884 τὰς
538 818 889 890 Ἐκκλησίας,
923 816 1023 879 τὰς
1053 814 1359 884 θυγατέρας
1391 810 1766 883 Ἰερουσαλὴμ,

188 911 357 974 αὐτὸς
400 908 651 970 νεάνιδας
698 905 1137 975 τυμπανιστρίας
1185 904 1492 973 ποιήσεται,
1538 898 1770 972 ᾀδούσας

189 999 345 1073 ᾆσμα
361 998 548 1053 καινὸν
567 996 707 1067 Θεῷ,
726 996 825 1067 τὴν
845 996 1112 1065 νέκρωσιν
1130 992 1368 1062 Χριστοῦ
1387 990 1766 1059 ἀπαγγέλλων,

190 1096 288 1148 καὶ
317 1093 424 1163 τὴν
451 1091 773 1144 ἀνάστασιν.
805 1082 977 1151 Οὗτος
1020 1086 1382 1157 ὀρθοτομήσει
1421 1083 1491 1136 τά
1527 1083 1626 1154 τῆς
1678 1082 1770 1135 πί-

191 1200 366 1245 στεως
395 1183 663 1251 δόγματα,
686 1179 780 1233 καὶ
803 1176 1142 1248 στηλιτεύσει
1166 1176 1348 1244 πάσης
1370 1174 1635 1245 αἱρέσεως
1656 1170 1766 1243 (26)

187 1272 554 1344 διαστροφὴν,
604 1270 700 1324 καὶ
750 1268 1035 1340 λοξότητα.
1072 1268 1183 1321 Καὶ
1216 1269 1279 1320 ὲκ
1327 1264 1559 1336 καρδίας
1604 1263 1769 1317 αὐτοῦ

190 1365 541 1436 ὲξερεύξεται
565 1362 762 1430 λόγους
804 1359 1066 1428 ἀγαθοὺς,
1111 1357 1206 1411 καὶ
1239 1357 1357 1427 ὲρεῐ
1378 1353 1447 1409 τά
1485 1352 1580 1407 τοῦ
1613 1352 1769 1424 βασι-

190 1454 329 1518 λέως
357 1453 500 1523 ἔργα
524 1451 593 1505 τά
620 1450 1078 1522 ὑπερθαύμαστα.
1107 1465 1125 1499 ι

260 1738 390 1792 AB'.
428 1736 566 1805 Περὶ
598 1734 654 1788 δὲ
697 1734 796 1805 τὴν
832 1734 907 1787 ἕω
941 1732 1277 1787 εἰσκαλεῖται
1314 1732 1407 1786 τὸν
1445 1731 1701 1803 Ἰωάννην
1743 1734 1773 1783 ό

191 1824 427 1893 9.011051;
463 1824 531 1876 τά
574 1824 884 1894 ἀπόρρητα,
929 1823 1026 1877 καί
1067 1840 1263 1893 φησιν’
1295 1843 1315 1875 ι
1338 1824 1403 1875 Ὦ
1435 1824 1625 1877 τέκνον
1668 1823 1769 1893 τῆς

187 1919 444 1989 ὑπακοῆς
491 1918 584 1970 τοῦ
635 1916 906 1987 Χριστοῦι
961 1917 1208 1983 Ἀνοιξόν
1252 1934 1344 1969 σου
1386 1916 1447 1971 τὸ
1486 1918 1679 1987 στόμα,
1705 1917 1771 1970 ἶν’

185 2011 425 2083 ἑλκύσῃς
453 2018 514 2063 το
549 2009 800 2080 πνεῦμα·
838 2008 1038 2080 μᾶλλον
1072 2009 1131 2062 δὲ
1159 2009 1188 2062 ὃ
1229 2010 1584 2082 προειλήφεις
1615 2011 1674 2064 ὲν

183 2102 389 2174 καρδίᾳ
416 2117 534 2164 σου,
569 2098 860 2171 ὲξερεύγου
896 2097 986 2152 διὰ
1022 2098 1117 2151 τοῦ
1162 2099 1447 2169 στόματος.
1493 2100 1566 2152 Τὸ
1596 2100 1770 2170 στόμα

185 2212 280 2247 σου
310 2194 426 2262 γὰρ
472 2192 694 2261 λαλήσει
746 2191 960 2261 σοφίαν,
1008 2192 1089 2245 ὅτι
1126 2191 1359 2261 μελέτην
1404 2192 1562 2262 ἔσχες
1596 2195 1669 2251 ὲν
1699 2195 1766 2264 τῇ

183 2286 389 2357 καρδία
418 2285 521 2354 τῆς
551 2284 816 2348 συνέσεως
846 2283 1064 2353 πολλήν.
1090 2284 1334 2350 Ἀνοιξόν
1364 2300 1455 2337 σου
1484 2285 1545 2336 τὸ
1566 2284 1764 2353 στόμα,

181 2378 280 2432 οὐκ
313 2379 375 2430 ἐν
413 2376 771 2448 παραϐολαῖς,
812 2375 926 2428 ἀλλ’
958 2378 1014 2429 ὲν
1041 2376 1338 2446 ἀληθείαις
1373 2377 1474 2429 οὐκ
1502 2376 1560 2428 ὲν
1588 2376 1765 2442 αἰνίγ-

186 2486 378 2539 μασιν,
434 2468 553 2521 ἀλλ’
582 2470 639 2520 ὲν
669 2467 952 2538 δόγμασιν.
988 2467 1239 2536 Λάλησον
1267 2466 1399 2520 εἴσω
1425 2466 1525 2537 τῆς
1552 2466 1765 2538 ὁρώσης

192 2558 555 2629 Ἰερουσαλὴμ
589 2558 725 2611 Θεὸν
760 2556 803 2623 ι,
839 2558 939 2628 τῆς
972 2559 1257 2631 εἰρηνικῆς
1295 2557 1625 2629 Ἐκκλησίας
1664 2558 1764 2611 αὑ-

180 2650 298 2712 τοῦ,
336 2650 401 2703 οὐ
437 2650 630 2718 λόγους
655 2650 800 2721 είκῆ,
838 2650 933 2703 καὶ
965 2651 1047 2713 είς
1073 2649 1212 2721 ἀέρα
1248 2650 1493 2720 ῥέοντας,
1525 2649 1643 2703 ἀλλ’
1672 2649 1764 2715 οὓς

180 2742 393 2814 ἔγραφε
421 2742 485 2794 τὸ
523 2740 748 2811 Πνεῦμα
778 2742 836 2793 ἐν
864 2742 928 2811 τῇ
960 2741 1157 2812 καρδίᾳ
1176 2757 1293 2796 σου.
1335 2740 1592 2812 Ἀνῆλθες
1622 2749 1662 2778 ιη
1684 2743 1765 2805 εἰς

179 2837 240 2888 τὸ
292 2835 427 2905 ὅρος
478 2834 537 2885 τὸ
564 2833 787 2885 Σίναιον
831 2832 940 2885 τῶν
978 2833 1255 2887 όπτασιῶν
1295 2831 1431 2885 Θεοῦ
1471 2833 1568 2885 καὶ
1624 2834 1763 2885 ἀπο-

182 2926 498 2995 καλύψεων,
529 2924 634 2977 κᾶν
678 2925 1047 2988 ὲταπείνωσας
1092 2924 1287 2978 ἑαυτὸν
1325 2923 1429 2987 ἕως
1468 2923 1574 2977 τῶν
1595 2923 1763 2977 ἀϐύσ-

184 3036 291 3071 σων
327 3017 433 3085 τῆς
474 3015 676 3085 πολλῆς
725 3014 1128 3079 ταπεινώσεως.
1170 3014 1285 3069 Νῦν
1335 3015 1523 3070 ἄνελθε
1574 3018 1656 3079 είς
1702 3016 1763 3070 τὸ

1869 524 2205 594 assumpsit,
2242 521 2572 591 Davidisque
2605 521 2923 589 psalterium
2947 561 2963 586 ,
2993 538 3103 593 quo
3131 534 3292 580 cauet
3318 540 3452 582 can-

1868 619 1978 674 tica
2019 631 2195 678 nova,
2230 613 2448 669 cantica
2492 611 2724 666 Domino
2766 610 2877 666 Deo
2907 622 3102 669 nostro
3139 615 3206 669 “.
3244 615 3451 688 Moysis

1868 719 2088 761 carmen
2121 704 2302 757 vincet
2333 701 2563 757 musicis
2590 700 2829 757 modulis
2857 702 2973 756 suis
2995 741 3010 765 ,
3042 703 3222 760 vincet
3247 715 3302 762 et
3335 707 3448 762 Ma-

1869 796 1966 850 riae
1995 794 2303 866 tripudium
2334 793 2403 849 ’⁷.
2456 792 2538 847 Ad
2602 790 2818 846 fabulas
2872 792 3262 863 relegabuntur
3309 813 3448 853 vana

1869 888 2071 959 Orphei
2104 887 2498 942 modulamina.
2548 883 2901 954 Spiritualem
2934 885 3028 938 ille
3058 888 3451 960 cmlestemque

1870 980 2165 1036 melodiam
2192 978 2472 1034 concinet.
2497 975 2741 1047 Hymnos
2763 974 3106 1033 Cherubicos
3127 978 3447 1038 imitabitur.

1872 1072 2148 1128 Ecclesias
2178 1084 2410 1134 omnes,
2463 1068 2610 1123 tilias
2655 1068 2846 1138 utique
2889 1066 3228 1132 Jerusalem.
3267 1070 3451 1128 adole-

1872 1164 2155 1220 scentulas
2182 1176 2306 1217 esse
2343 1159 2766 1231 tympanistrias
2806 1158 2972 1216 faciet
2995 1160 3064 1223 “,
3097 1176 3220 1231 qua:
3249 1172 3453 1229 canant

1872 1270 2075 1310 novum
2101 1254 2211 1309 Deo
2238 1268 2482 1316 carmen,
2506 1251 2845 1305 annuntians
2872 1252 2953 1306 eis
2981 1250 3188 1307 Christi
3216 1262 3447 1310 mortem

1871 1356 1927 1401 et
1981 1344 2476 1403 resurrectionem.
2525 1341 2627 1396 Hic
2687 1342 2945 1412 dogmata
3007 1342 3132 1398 fidei
3185 1359 3449 1414 perquam

1874 1447 2022 1495 recte
2051 1437 2249 1499 tradet,
2274 1436 2567 1506 omnisque
2606 1434 2834 1490 haeresis
2866 1435 3105 1505 conliget
3128 1437 3451 1505 pravitatem

1873 1539 1929 1587 et
1953 1531 2358 1601 obliquitatem.
2395 1527 2686 1584 Eructabit
2718 1542 2781 1581 ex
2818 1541 2914 1581 ore
2945 1541 3047 1581 suo
3079 1527 3244 1582 verba
3276 1528 3449 1595 bona,

1873 1632 1926 1679 ct
1953 1622 2103 1677 dicet
2130 1636 2297 1691 opera
2331 1619 2499 1691 Regis
2528 1621 2573 1653 "
2605 1618 2756 1675 omni
2786 1618 3159 1675 admiratione
3185 1620 3447 1689 majora.»

1948 1733 2161 1789 XXXII.
2205 1735 2381 1790 Senex
2416 1748 2580 1805 porro
2613 1748 2811 1789 arcana
2844 1734 2961 1791 hate
2995 1734 3255 1802 edoctus,
3292 1750 3455 1792 mane

1874 1823 2042 1897 [XIX]
2076 1823 2346 1880 Joannem
2380 1832 2569 1892 vocat,
2603 1825 2798 1894 hisque
2828 1841 2954 1881 eum
2990 1826 3173 1881 verbis
3205 1825 3407 1881 aﬂatur
3435 1844 3450 1882 :

1877 1933 1898 1970 ι
1928 1916 1972 1973 Ο
2006 1917 2081 1972 (lli
2115 1917 2442 1973 obedientia:
2469 1917 2721 1973 Christi!
2756 1915 2832 1972 Os
2865 1925 3020 1972 tuum
3056 1918 3220 1971 modo
3256 1918 3450 1988 aperi,

1870 2021 1931 2065 ut
1953 2012 2199 2065 attrahas
2222 2010 2482 2080 spiritum
2506 2010 2589 2077 ⁸⁰;
2616 2009 2727 2063 imo
2753 2024 2914 2080 quem
2943 2010 2998 2063 in
3024 2009 3193 2064 corde
3222 2018 3318 2066 tuo
3352 2025 3453 2065 ex-

1871 2102 2099 2173 cepisti,
2128 2102 2277 2157 hunc
2301 2116 2398 2157 ore
2427 2109 2641 2156 eructa.
2669 2099 2744 2156 Os
2776 2099 2977 2171 quippe
3007 2110 3165 2156 tuum
3193 2103 3453 2172 loquetur

1869 2194 2130 2263 deinceps
2160 2193 2488 2263 sapientiam
2510 2233 2526 2258 ,
2554 2200 2844 2262 postquam
2878 2193 2933 2247 in
2962 2194 3126 2249 corde
3153 2201 3249 2248 tuo
3282 2194 3454 2252 medi-

1869 2287 2078 2341 tatione
2104 2293 2197 2339 tua
2228 2284 2581 2355 prudentiam
2610 2284 2652 2317 ³¹
2687 2285 2916 2338 multam
2956 2284 3164 2341 fovisti.
3195 2286 3357 2355 Aperi
3388 2301 3452 2341 os

1868 2386 2023 2432 tuum
2045 2416 2060 2441 ,
2089 2392 2200 2432 non
2230 2376 2287 2429 in
2319 2374 2604 2447 parabolis
2631 2376 2698 2439 ",
2731 2374 2827 2429 sed
2855 2376 2913 2429 in
2944 2376 3265 2431 veritatibus
3291 2393 3305 2429 :
3340 2392 3452 2432 non

1868 2472 1925 2526 in
1956 2469 2301 2540 amigmatis,
2338 2467 2433 2523 sed
2468 2468 2522 2521 in
2561 2467 2852 2537 dogmatis.
2889 2466 3139 2536 Loquere
3174 2468 3318 2521 intra
3356 2466 3450 2521 Je-

1866 2564 2145 2626 rusalem,
2184 2577 2306 2632 qua:
2350 2559 2523 2616 Deum
2576 2558 2759 2622 videt,
2814 2557 3097 2628 pacificam
3147 2557 3450 2614 Ecclesium

1864 2653 1990 2707 dico
2009 2692 2023 2717 ,
2050 2653 2216 2707 verba
2246 2666 2356 2707 non
2388 2666 2527 2705 vana
2555 2665 2735 2719 neque
2766 2649 2945 2704 futilia
2968 2691 2984 2715 ,
3013 2665 3135 2720 qua:
3164 2666 3259 2719 per
3285 2665 3454 2708 auras

1864 2744 2148 2806 dillluant,
2182 2743 2279 2797 sed
2315 2757 2439 2813 quae
2477 2741 2720 2811 Spiritus
2753 2742 3004 2797 exaravit
3040 2744 3095 2795 in
3129 2742 3298 2797 corde
3332 2752 3450 2798 tuo.

1864 2834 2251 2891 Conscendisti
2300 2834 2355 2888 in
2410 2841 2651 2887 montem
2703 2832 2890 2899 Sinai,
2924 2833 3018 2888 ubi
3066 2832 3161 2888 Dei
3208 2833 3452 2889 visiones

1866 2926 2345 2994 revelationesque
2376 2924 2694 2993 perciperes
2714 2964 2728 2987 ,
2774 2924 3079 2993 quamlibet
3109 2932 3161 2979 te
3193 2924 3259 2979 ad
3290 2926 3454 2995 abys-

1866 3029 1987 3069 sum
2040 3029 2219 3083 usque
2271 3027 2502 3067 summa:
2551 3012 2882 3066 humilitatis
2936 3012 3247 3069 demiseris.
3294 3012 3453 3069 Nunc

181 3109 278 3177 τῆς
317 3104 657 3176 Ἐκκλησίας
684 3106 831 3178 ὅρος,
868 3106 962 3158 καὶ
1002 3106 1238 3177 κήρυξον
1270 3106 1761 3179 εὐαγγελιζόμενος

1872 3119 1993 3158 vero
2027 3102 2263 3159 ascende
2309 3116 2477 3172 super
2504 3108 2743 3157 montem
2781 3102 3056 3168 Ecclesiae,
3085 3110 3139 3158 et
3180 3103 3445 3173 prmdica,

181 3202 244 3269 τῇ
270 3195 654 3267 Ἰερουσαλὴμ,
686 3196 745 3249 ὲν
781 3195 927 3266 ἰσχύϊ
978 3194 1197 3266 ὖψωσον
1239 3196 1339 3268 τὴν
1379 3197 1583 3265 φωνήν.
1608 3197 1764 3251 Δεδο-

1872 3194 2255 3264 evangelizans
2296 3191 2607 3248 Jerusalem
2636 3209 2648 3245 :
2685 3194 2865 3248 exalta
2900 3194 2956 3248 in
2990 3193 3313 3250 fortitudine
3350 3209 3452 3249 vo-

181 3290 433 3361 ξασμένα
473 3288 582 3358 γάρ
619 3305 710 3358 μοι
747 3286 980 3358 ἐλαλήθη
1007 3287 1137 3357 περὶ
1170 3287 1265 3341 σοῦ
1317 3286 1471 3359 παρά
1499 3289 1598 3359 τῆς
1631 3288 1764 3342 Θεο-

1872 3300 1986 3340 cem
2020 3292 2170 3338 tuam
2203 3284 2268 3336 ³⁸.
2303 3282 2558 3339 Gloriosa
2594 3285 2801 3354 quippe
2844 3284 2993 3340 dicta
3041 3295 3170 3340 sunt
3215 3284 3283 3339 de
3320 3293 3374 3340 te
3417 3299 3451 3340 ιι

186 3385 450 3454 μήτορος.
479 3380 763 3450 Σύγγνωθί
812 3397 901 3451 μοι
931 3381 989 3433 δὲ
1026 3381 1122 3433 καὶ
1149 3381 1250 3435 ὅσα
1287 3397 1370 3435 σοι
1417 3381 1618 3449 γέγονα
1663 3384 1762 3453 ἑμ-

1872 3375 1966 3431 Dei
1996 3374 2300 3431 Genitrice.
2349 3375 2624 3430 Caeterum
2673 3376 2810 3430 illud
2854 3392 3073 3447 quoque
3118 3378 3253 3431 mihi
3294 3377 3451 3446 igno-

183 3471 364 3525 ποδῶν
389 3480 441 3537 υ,
469 3471 529 3535 ἐξ
557 3471 844 3541 ἀγροικίας
875 3487 979 3540 μου
1013 3469 1176 3524 τοῦτο
1204 3471 1597 3541 πραττόμενος.
1629 3490 1647 3524 s

1872 3483 1991 3523 scas
2029 3467 2191 3523 velim
2218 3505 2234 3531 ,
2266 3467 2535 3538 quidquid
2571 3482 2602 3521 a
2631 3483 2717 3523 me
2749 3468 2844 3522 tibi
2877 3467 3451 3538 impedimenti‘obve-

1864 3559 1982 3621 nit,
2012 3572 2139 3613 cum
2171 3557 2478 3613 rusticitate
2509 3572 2629 3613 mea
2665 3558 2771 3614 hoc
2808 3558 2906 3612 tibi
2958 3558 3130 3612 nimia
3177 3557 3451 3628 praestite-

1867 3652 1997 3707 rim.
2036 3669 2055 3704 s

262 3740 380 3795 ΔΓ.
418 3737 509 3803 Ἐξ
534 3739 704 3809 αὐτῆς
726 3733 821 3792 οὖν
843 3739 871 3791 ὁ
899 3737 1153 3810 Ἰωάννης
1174 3737 1283 3793 τῶν
1306 3738 1463 3794 θείων
1493 3741 1763 3813 μελισμά-

1936 3739 2174 3795 XXXIII.
2194 3739 2422 3794 Joannis
2448 3740 2660 3793 cantica
2688 3741 2857 3794 varia.
2878 3736 3177 3793 Sermones.
3202 3737 3354 3792 Liber
3383 3734 3452 3791 de

182 3850 291 3886 των
320 3831 498 3903 ἀρχὴν
520 3830 911 3900 ποιησάμενος,
928 3826 1028 3903 ᾖσε
1055 3830 1124 3884 τὰ
1143 3829 1444 3904 μλίρῤυτα
1464 3831 1708 3903 ᾅσματα,
1725 3832 1762 3888 ἃ

1872 3832 2176 3898 dialectica,
2206 3831 2270 3886 de
2307 3830 2594 3886 Itmesibtts
2624 3840 2674 3885 et
2701 3830 2764 3885 de
2807 3829 2912 3899 [ide
2954 3829 3279 3884 orthodoxa.
3314 3827 3450 3883 Tra-

182 3924 245 3995 δή
274 3923 376 3994 τὴν
402 3920 732 3992 Ἐκκλησίαν
761 3920 1108 3991 ἐφαίδρυναν,
1131 3921 1229 3976 καὶ
1250 3923 1415 3975 τόπον
1433 3924 1638 3993 σκηνῆς
1665 3922 1760 3978 τοῦ

1872 3935 2043 3980 ctatus
2064 3925 2182 3979 alii.
2201 3954 2271 3963 —
2288 3922 2403 3978 Sub
2426 3923 2532 3977 hoc
2556 3931 2804 3993 tempore
2823 3923 2991 3993 igitur
3012 3922 3228 3977 divinos
3245 3930 3447 3976 cantus

183 4013 322 4067 Θεοῦ
361 4014 648 4085 ἐποίησαν,
676 4012 805 4067 ἔνθα
828 4006 964 4085 ἦχος
983 4012 1226 4084 καθαρὸς
1261 4015 1369 4069 τῶν
1395 4015 1769 4086 ἑορταζόντων

1872 4014 2114 4074 Joannes
2144 4016 2484 4086 auspicatus,
2513 4014 2769 4071 melliﬂua
2797 4014 3041 4070 carmina
3066 4014 3301 4079 cecinit,
3326 4031 3449 4085 qua:

254 4192 304 4263 ‘7‘
343 4191 487 4248 Psal.
521 4190 765 4263 απυδ.
799 4260 835 4263 __
875 4189 921 4263 f7
972 4189 1147 4246 Exod.
1176 4207 1265 4258 xv,
1304 4193 1463 4263 il-Ql.
1570 4193 1618 4226 "
1639 4193 1784 4250 Psal.
1809 4210 1978 4263 uvn,
2011 4194 2104 4251 26.

2217 4198 2263 4231 "
2293 4195 2438 4254 Psal.
2472 4212 2618 4262 κων,
2648 4196 2704 4252 2.

188 4265 229 4294 ³⁸
261 4262 407 4318 Psal.
442 4277 633 4328 xsvm,
663 4262 718 4316 4.
794 4260 841 4293 ³’
878 4261 1023 4318 Psal.
1052 4277 1257 4329 Lxxvu,
1292 4262 1349 4318 2.
1424 4264 1471 4296 ³³
1511 4263 1620 4320 lsa.
1648 4280 1738 4331 ιι,
1777 4265 1830 4321 9.

2836 4197 2882 4230 ³⁸
2920 4193 3068 4251 Psal.
3101 4208 3289 4260 cxvtu,
3323 4191 3447 4250 151.

1472 4418 1704 4474 νΑιιιιλΕ
1744 4419 2151 4477 LECTIONES.

252 4511 281 4551 Ιι
312 4510 463 4588 Edit.
481 4508 657 4588 deest,
679 4507 869 4580 ᾄσεται
897 4511 1042 4588 τούς.
1076 4506 1131 4588 ‘1
1170 4510 1691 4588 chsch.__emen‘dal_.
1725 4529 1737 4564 :
1770 4510 2004 4588 λάλησον
2026 4515 2105 4577 εἰς
2137 4507 2250 4566 ὦτα
2278 4512 2632 4588 Ἰερουσαλὴμ
2656 4513 2754 4583 τῆς
2776 4511 2989 4583 ὁρώσης
3012 4511 3166 4566 Θεόν.
3239 4523 3278 4550 ω
3313 4509 3454 4567 \lale

188 4581 429 4639 llenscb.
450 4578 699 4651 ’Δνῆλθε,“
726 4596 780 4633 κ.
816 4595 866 4635 τ.
892 4579 938 4634 ἑ.
1014 4591 1043 4619 ιι
1076 4580 1370 4653 Perperam
1405 4579 1646 4637 llensch.
1675 4578 1956 4651 ἐμπόδιον.

1700 4736 1931 4795 ΝΟΤᾹι.

252 4828 372 4898 (26)
408 4826 533 4899 Kal
563 4842 680 4899 qm
693 4829 949 4884 λιτεύσει
989 4830 1196 4897 πάσης
1224 4829 1532 4899 αἱρέσεως.
1592 4828 1766 4895 Quam
1801 4835 1845 4888 D
1873 4832 2055 4899 λόγοις
2091 4847 2151 4883 τε
2193 4830 2286 4882 καὶ
2304 4829 2590 4899 ῥόγμασιν
2626 4826 2825 4899 ὀρθοῖς,
2859 4821 2904 4881 ὧ
2952 4826 3193 4899 Ἰωάννη,
3222 4827 3446 4899 οὕσπερ

186 4896 426 4954 feliciter
483 4897 536 4951 id
590 4896 833 4954 Joannes
882 4896 1229 4969 praestiterit,
1282 4896 1351 4955 ea
1401 4915 1525 4969 quas
1575 4908 1767 4954 contra
1874 4896 2262 4963 συντέθεικας·
2292 4896 2522 4953 Fervida
2566 4896 2704 4967 slylo
2734 4896 3168 4969 detestandorum
3212 4896 3443 4953 Muneris

185 4969 632 5040 varias_h:ereses
659 4967 1011 5040 monumenta
1035 4978 1353 5040 supersunt.
1376 4967 1764 5040 testificantur.
1862 4973 2214 5040 alumnarum
2233 4969 2606 5040 blasphemam
2634 4969 2954 5035 impietatem
2986 4967 3295 5029 traduxisti.
3326 4984 3445 5040 qua

186 5037 329 5093 lline
360 5037 535 5110 Graeci
572 5038 624 5110 in
653 5039 773 5108 ejus
804 5039 940 5094 festo
969 5037 1179 5095 canunt
1210 5059 1224 5094 :
1267 5040 1359 5108 Τῷ
1390 5039 1537 5110 ζήλῳ
1566 5038 1769 5110 πυρού-
1877 5039 2170 5094 Ecclesiam
2203 5039 2404 5093 Christi
2434 5039 2727 5110 adulterari
2760 5041 3073 5103 conabatur,
3114 5039 3441 5110 sermonibus

375 5149 390 5171 ,
426 5108 538 5182 τῶν
583 5107 867 5182 θεομάχων
910 5111 1178 5182 αἱρέσεων
1219 5107 1453 5182 ἃπασαν
1473 5107 1766 5182 κακόνοιαν
1870 5122 2027 5182 atque
2056 5110 2532 5182 dogmatisrectis,
2574 5107 3034 5182 oJoannes,_qua:
3062 5107 3437 5182 conscripsisti:

1869 5175 2170 5233 Et'rursut'n
2200 5179 2488 5248 εἘλέγξας
2515 5177 2701 5247 σαφῶς
2730 5175 3059 5248 ἐγγράφωςἈ
3077 5179 3314 5248 Ἰωάννη,
3346 5175 3440 5227 τοῦ

1872 5195 1934 5232 nt
1955 5195 2170 5233 rursum
2200 5198 2212 5233 :
2240 5195 2488 5248 ἰιλεγςας
2515 5196 2701 5247 σαφως
2730 5195 3060 5298 εγέραφως,⁸
3079 5195 3314 5260 Ἰωάννη,
3346 5195 3437 5227 του

1872 5248 2324 5320 Νεστορίουητὴν
2367 5248 2671 5320 διαίρεσιν,
2722 5249 2786 5320 Σε
2830 5252 2964 5320 ήρου
3010 5263 3108 5314 την
3149 5260 3437 5320 συγχυσιν,

1867 5315 2256 5390 Μονοθελητῶν
2282 5315 2640 5390 ίπαράνοιαν,
2684 5318 2794 5390 καὶ-
2825 5315 3015 5390 πίστινΔ
3043 5315 3437 5390 Δμονοέργητον,

1868 5383 2491 5466 φθέγγοςςόρθοδοξίας,
2553 5389 2729 5466 ⁸πό”ισιν
2772 5383 3138 5466 ἀπαστράιῐρας
3180 5383 3439 5466 {big—nl-

1869 5453 2060 5530 ρασιν·
2093 5453 2409 5530 Luculenter
2459 5457 2669 5530 scriptis
2717 5453 3058 5530 redarguisti,
3118 5471 3146 5508 ο
3179 5453 3434 5530 Joannes,

1866 5522 2267 5598 diremptionem
2318 5522 2579 5592 Nestorii,
2616 5526 2791 5582 Severi
2820 5522 3203 5598 confusionem,
3240 5522 3436 5598 Mono-

1869 5596 2181 5654 theletarum
2241 5602 2545 5663 amentiam,
2588 5608 2638 5652 et
2680 5598 2836 5667 [idem
2886 5599 2950 5651 de
2980 5596 3148 5667 unica
3201 5596 3435 5667 ejusdem

1866 5671 2185 5737 operatione,
2215 5672 2543 5727 orthodoxia:
2570 5664 2839 5739 splendor,
2869 5665 3065 5738 ﬁnibus
3096 5682 3160 5723 ex
3193 5664 3440 5722 omnibus

1869 5742 2152 5811 refulgens.

188 5178 530 5251 ἀνέστρεψας
569 5180 837 5251 συντόνως
870 5178 1287 5251 συγγράμμασι,
1319 5180 1585 5251 λευκάνας
1623 5181 1765 5251 πᾶσι

185 5243 405 5316 τρανῶς
425 5243 590 5319 πάλαι
618 5248 691 5301 τὰ
726 5243 1000 5318 σποράδην
1018 5243 1147 5313 ’τοῖς
1190 5243 1396 5317 σοφοῖς,
1430 5243 1475 5303 ὦ
1516 5249 1761 5319 Ἰωάννη,

190 5317 663 5389 συγγεγραμμένα
694 5320 888 5389 ἰσχνῶς
907 5338 921 5351 ·
949 5317 1247 5375 Succensus
1279 5320 1392 5375 zelo
1428 5317 1762 5373 adversaria-

186 5405 309 5439 rum
354 5387 463 5442 Deo
504 5387 784 5442 hwresium
836 5393 1126 5459 nequitiam
1172 5407 1377 5445 omnem
1425 5390 1555 5443 data
1604 5404 1761 5457 opera

184 5459 402 5526 scriptis
459 5460 710 5521 erertisti,
760 5461 1005 5516 omnibus
1051 5463 1328 5530 perspicua
1373 5461 1574 5529 faciens
1617 5475 1759 5526 qua:-

188 5544 397 5595 cnnque
430 5530 689 5595 sapientes
718 5530 863 5595 olim,
896 5547 925 5585 ο
955 5530 1213 5597 Joannes,
1238 5530 1501 5585 subtiliter
1522 5531 1759 5584 conscri-

192 5609 430 5672 pserunt.
451 5600 755 5672 lterumque
782 5616 795 5653 :
829 5602 897 5672 Os
908 5603 1060 5672 ρμῶς
1080 5602 1464 5672 ὲστηλίτευσας
1491 5602 1599 5653 τῶν
1631 5600 1760 5672 δυσ-

195 5666 432 5741 Ψνύμων
461 5666 779 5741 ,τροφίμων
812 5666 1092 5741 Μάνὲντος
1136 5666 1234 5741 τὴν
1274 5670 1592 5741 βλάσφημον
1632 5670 1761 5741 dog.

195 5689 432 5734 ωνυμων
494 5689 779 5739 τροφιμων
812 5689 1092 5734 Μανεντος
1136 5690 1164 5724 τ
1206 5689 1234 5724 ν
1274 5689 1592 5741 ΡΑασφημον
1632 5689 1756 5723 acre-

191 5735 365 5805 σειαοθ,
392 5738 645 5793 νοθεῦσαι
668 5740 1007 5809 πειράσασαν
1035 5742 1133 5812 τὴν
1149 5689 1476 5812 ’ἓκκλησίαν
1498 5739 1756 5812 Χριστοῦ,
