3974 6338
579 236 690 301 483

1644 227 1825 289 νΙΤΑ
1862 226 1923 285 S.
1966 224 2286 287 JOANNIS
2318 221 2773 285 DAMASCENI.

3738 216 3846 297 ist

583 347 932 418 presbyteros
980 341 1252 412 religiosze
1322 339 1452 395 vitae
1532 337 1932 393 exercitatione
2000 338 2159 407 duplo

2268 334 2368 407 τὴν
2401 335 2634 405 ἄσκησιν
2668 334 2811 406 ὑπὲρ
2855 332 2953 403 τὴν
2981 332 3140 404 πρίν·
3169 331 3250 398 τὸ,
3281 330 3409 397 τοὺς
3440 330 3847 402 πρεσϐυτέρους

583 451 746 505 quam
777 442 901 487 ante
932 432 1142 501 majore
1185 431 1445 502 perfungi
1475 472 1490 497 ,
1536 428 1780 499 duplicia
1814 429 2157 500 presbyteris

581 523 831 579 obeunda
877 520 1199 586 certamina,
1236 536 1346 575 non
1394 520 1571 575 solum
1610 519 1878 576 adversus
1909 518 2157 575 all‘ectio-

584 627 681 667 nes
738 609 1011 680 corporis,
1074 610 1171 665 sed
1233 610 1398 664 etiam
1427 618 1621 665 contra
1692 609 2042 663 turbulentos
2104 617 2160 663 et

582 699 835 755 occultos
886 699 1057 754 animi
1097 707 1321 762 motus;
1362 700 1459 769 qui
1497 700 1715 770 quidem
1747 700 2000 756 asceticze
2034 699 2160 757 vitae

582 790 798 846 deditos
833 790 985 845 viros
1038 805 1279 861 persaepe
1327 790 1566 859 fugiunt,
1617 790 1725 847 nisi
1767 806 1964 862 magna
2027 807 2162 847 con-

583 882 827 938 tentione
883 882 1249 953 vigilaverint.
1305 880 1384 936 Ex
1422 896 1534 953 quo
1585 880 1665 946 lit,
1704 889 1764 937 ut
1790 882 2041 937 internus
2064 896 2161 937 eo-

581 990 701 1030 rum
735 974 901 1027 homo
939 974 1245 1039 sordescat,
1295 973 1430 1043 ipsis
1490 972 1715 1029 minime
1768 974 2160 1031 sentientibus.

578 1063 746 1133 Atqui
798 1062 1027 1119 aﬂ‘ectus
1095 1062 1367 1134 ejusmodi
1407 1069 1560 1127 sunt,
1601 1062 1783 1129 dolus,
1841 1062 2162 1127 invidentia,

580 1169 718 1209 vana
749 1154 835 1210 sui
881 1154 1087 1223 opinio,
1136 1156 1309 1209 latens
1352 1154 1690 1225 arrogantia,
1737 1156 1923 1210 inanis
1977 1157 2165 1228 gloriae

580 1244 823 1299 studium
854 1244 958 1299 sub
991 1244 1176 1314 specie
1228 1244 1579 1309 humilitatis,
1628 1259 1811 1300 rerum
1860 1246 2163 1303 alienarum

580 1336 799 1391 curiosa
853 1336 1145 1401 scrutatio,
1187 1336 1255 1390 ad
1289 1351 1456 1407 quam
1506 1337 1790 1407 complura
1838 1338 2044 1409 lingua:
2081 1339 2166 1394 vi-

580 1425 654 1479 tia
706 1424 1039 1489 referuntur,
1096 1424 1283 1491 elatio,
1354 1424 1527 1479 animi
1581 1424 1855 1495 evagatio,
1910 1425 2165 1483 vafrities

580 1531 818 1581 morum,
849 1514 1023 1571 fastus
1068 1515 1405 1570 demissione
1430 1515 1680 1585 corporis
1712 1517 1953 1583 lucalus,
1984 1517 2167 1573 conti-

581 1607 763 1662 nentia
793 1619 916 1659 cum
950 1605 1182 1659 mollitie
1215 1612 1269 1659 et
1303 1604 1521 1659 deliciis
1565 1604 1886 1673 conjuncta,
1930 1607 2168 1676 propria;

2257 426 2479 490 διπλοῦς
2515 425 2733 494 ἀγῶνας
2777 423 3171 487 ἐνδείκνυσθαι,
3205 423 3268 476 ού
3288 422 3427 493 πρὸς
3464 422 3534 475 τὰ
3563 420 3712 491 πάθη
3750 424 3845 476 τοῦ

2260 514 2513 585 σώματος
2546 515 2730 585 μόνον,
2761 513 2901 568 ἀλλὰ
2939 514 3035 567 καὶ
3067 513 3204 583 πρὸς
3233 512 3303 565 τὰ
3324 512 3425 582 τῆς
3459 511 3642 582 ψυχῆς
3663 513 3761 566 καὶ
3778 514 3848 565 τὰ

2259 607 2489 676 κρύφια,
2533 606 2569 660 ἃ
2597 605 2938 660 διαλανθάνει
2968 606 3096 669 τοὺς
3148 604 3521 675 ἀσκουμένους
3561 604 3845 668 πολλάκις,

2260 701 2308 753 εί
2342 699 2419 770 μὴ
2446 699 2655 770 σφόδρα
2682 700 2934 770 νήφουσι,
2969 697 3065 751 καὶ
3101 700 3129 751 ό
3157 697 3309 759 ἐντὸς
3354 696 3538 750 αὐτῶν
3571 697 3850 766 μιαίνεται

2260 790 2570 863 ἄνθρωπος,
2598 790 2692 844 καὶ
2716 792 2816 844 οὐκ
2848 788 3296 844 ἐπαισθάυονται.
3315 787 3398 840 Τὰ
3430 788 3488 841 δέ
3511 789 3649 852 ἐστι,
3674 787 3849 851 δόλος,

2263 882 2484 953 φθόνος,
2537 880 2738 951 οἴησις,
2790 879 3079 945 ἀλαζονεία
3144 877 3503 943 λανθάνουσα,
3572 876 3851 941 κενοδοξία

2261 972 2647 1036 ταπεινώσεως
2704 973 2973 1043 σχήματι,
3004 970 3512 1043 πολυπραγμοσύνη
3541 970 3847 1040 ἀλλότριος,

2264 1061 2353 1129 ὑφ’
2401 1062 2463 1132 ἢν
2511 1059 2682 1113 πολλὰ
2728 1061 2796 1114 τὰ
2826 1060 2892 1113 ὲκ
2939 1061 3040 1132 τῆς
3084 1059 3334 1131 γλώττης
3374 1061 3636 1129 ἀνάγεται
3675 1059 3847 1123 κακὰ,

2268 1153 2671 1224 μετεωρισμὸς,
2705 1153 3047 1225 ρεμδασμὸς,
3093 1151 3326 1207 ὓπουλον
3369 1150 3523 1225 ἦθος,
3550 1154 3722 1223 τύφος
3753 1154 3849 1206 ἐπὶ

2263 1243 2592 1297 ταπεινώσει
2614 1243 2709 1297 τοῦ
2733 1244 3009 1313 σώματος,
3036 1245 3157 1317 μεθ’
3179 1244 3507 1316 ἡδυπαθείας
3524 1246 3845 1316 ἐγκράτεια,

2264 1334 2615 1405 ἀντιποίησις
2663 1333 2758 1388 τοῦ
2791 1335 2994 1390 οἰκείου
3038 1335 3364 1406 θελήματος,
3394 1337 3430 1405 ἡ
3459 1336 3517 1389 ὲν
3552 1337 3664 1396 τοῖς
3696 1334 3850 1387 οὐδα·

2270 1428 2447 1497 μινοϊς
2470 1425 2577 1479 τῶν
2603 1426 2905 1497 χρημάτων
2929 1425 3296 1497 προσπάθεια,
3320 1427 3354 1495 ἠ
3393 1424 3545 1496 παρὰ
3571 1424 3700 1487 τοὺς
3728 1440 3846 1476 κει·

2270 1520 2467 1591 μένους
2488 1521 2648 1590 ὄρους
2674 1519 2965 1590 ἀμφίασις,
2998 1519 3058 1584 ἐξ
3079 1513 3145 1590 ἦς
3169 1518 3230 1572 τὸ
3260 1518 3400 1589 πρὸς
3423 1518 3551 1581 τοὺς
3581 1516 3847 1585 ἀδελφοὺς

2268 1610 2543 1682 ἀνόμοιον,
2578 1612 2675 1665 καὶ
2699 1611 2759 1664 τὸ
2787 1610 3012 1682 λεληθὸς
3039 1611 3138 1681 τῆς
3161 1608 3537 1680 ὑπερηφανίας
3566 1608 3783 1678 δέλεαρ.

584 1696 896 1754 voluntatis
980 1698 1306 1763 vindieatio,
1358 1697 1558 1752 vitiosa
1625 1698 1693 1752 ad
1744 1713 1835 1753 res
1884 1699 2089 1754 nullius
2150 1704 2412 1758 momenti
2464 1706 2713 1774 pecunia:
2776 1705 3084 1774 cupiditas,
3142 1704 3313 1760 vestis
3381 1711 3536 1758 extra
3592 1700 3847 1774 prmscri-

582 1799 731 1859 plum
781 1807 992 1848 morem
1036 1794 1323 1863 quaesitus,
1374 1792 1522 1846 unde
1556 1806 1586 1845 a
1632 1789 1906 1846 fratribus
1932 1790 2329 1863 discrepantia,
2366 1803 2421 1851 et
2454 1797 2671 1852 occulta
2699 1798 2968 1871 superbiae
3004 1797 3254 1853 illecebra
3290 1796 3585 1863 nascitur._

655 1904 889 1960 XXXVI.
944 1904 1177 1961 Joannes
1233 1905 1628 1960 lucubrationes
1699 1920 1827 1958 suas
1880 1912 1930 1959 et
1990 1903 2153 1961 libros

2330 1910 2475 1977 Λςο.
2517 1910 2706 1965 Ταῦτα
2737 1913 2767 1966 ὁ
2808 1910 3061 1983 Ἰωάννης
3088 1910 3302 1982 ῥιζόθεν
3341 1908 3586 1963 σπεύδων
3631 1907 3846 1963 ὲκτῖλαι

580 1996 901 2065 recognoscit
947 2007 996 2050 et
1051 1998 1300 2067 castigat.
1328 2026 1398 2036 —
1426 1994 1557 2049 Haec
1613 1993 1854 2049 Joannes
1893 1993 2157 2051 radicitus

558 2102 647 2145 ,ex
686 2088 866 2142 animo
900 2087 1129 2143 evellere
1162 2090 1417 2155 studens,
1459 2086 1675 2142 labores
1717 2085 2001 2140 laboribus
2030 2099 2155 2140 cum

581 2179 773 2249 primis
803 2179 1058 2244 addebat,
1093 2187 1443 2249 mentemque
1474 2180 1646 2251 ipsam
1690 2179 2062 2249 undequaque
2099 2178 2157 2233 in

582 2284 641 2325 se
670 2284 890 2340 cogens,
930 2270 1104 2325 libros
1139 2285 1279 2340 quos
1308 2272 1638 2337 elaborarat,
1689 2269 1953 2325 collectos
2000 2283 2158 2324 reco-

581 2360 884 2428 gnoscebat
904 2397 919 2422 ,
946 2360 1216 2425 ornando,
1242 2360 1729 2431 perpoliendoque,
1761 2367 1813 2414 et
1833 2358 2158 2430 castigando

583 2450 1002 2506 accuratissime
1050 2451 1367 2517 dictionem,
1421 2467 1666 2516 sensum,
1722 2466 2036 2516 numerum,
2104 2460 2160 2507 et

577 2542 1069 2608 constructionem,
1126 2552 1182 2598 et
1243 2542 1418 2599 sicubi
1485 2542 1841 2614 pulchritudo
1910 2542 2158 2599 ﬂosculis

579 2633 904 2696 luxuriaret,
953 2641 1049 2689 aut
1103 2634 1327 2689 modum
1377 2634 1646 2691 excedere
1697 2634 2002 2699 videretur,
2037 2649 2157 2690 eam

578 2724 834 2794 prudenti
867 2724 1081 2794 judicio
1110 2725 1406 2781 reducebat
1433 2726 1499 2779 ad
1544 2725 1892 2796 gravitatem,
1924 2741 1992 2782 ne
2022 2725 2159 2796 quid

581 2829 679 2870 seu
728 2814 1139 2877 ostentationis,
1210 2829 1307 2869 seu
1367 2813 1603 2868 levitatis
1654 2820 1709 2867 et
1760 2812 1989 2868 vilitatis
2035 2813 2160 2868 libri

581 2904 669 2959 sui
725 2918 913 2959 secum
967 2906 1273 2961 traherent.
1329 2903 1475 2960 Sane
1521 2903 1777 2975 quisquis
1808 2904 1865 2959 in
1889 2904 2159 2975 ejusmodi

582 2996 995 3051 lucubrationes
1023 2995 1173 3051 illius
1209 3010 1336 3050 cum
1363 2995 1577 3066 judicio
1616 2996 1864 3051 animum
1908 2998 2159 3054 attende-

580 3089 674 3156 rit,
702 3103 989 3146 sensorum
1039 3089 1388 3146 altitudinem
1439 3099 1491 3146 el
1526 3090 1787 3148 dictionis
1835 3091 2157 3163 elegantiam

2256 2001 2362 2072 τῆς
2415 2002 2627 2066 οἰκείας
2678 2004 2878 2075 ψυχῆς,
2934 2006 3048 2066 τοῖς
3075 2002 3260 2065 πόνοις
3297 2003 3494 2065 πόνους
3521 2000 3843 2071 προσέθετο,

2258 2093 2355 2147 καὶ
2390 2092 2591 2164 μᾶλλον
2620 2093 2915 2164 ψυχικούς”
2943 2094 3038 2147 καὶ¹
3066 2093 3157 2147 τὸν
3182 2091 3304 2147 νοῦν
3326 2091 3609 2156 συστείλας
3639 2107 3847 2144 παντα-

2258 2183 2416 2253 χόθεν
2445 2183 2647 2251 τέλεον,
2704 2185 2740 2240 ἃ
2803 2185 3081 2256 πεπόνηκε
3125 2183 3391 2254 πρότερον
3427 2181 3563 2253 (51),
3618 2182 3846 2235 ἐπισυνι-

2257 2276 2534 2348 αγηοχὼς,
2552 2278 2788 2331 ἐποιεῖτο
2805 2277 3013 2331 τούτων
3033 2276 3339 2347 ἐπίσκεψιν,
3360 2274 3695 2344 ἐπικοσμῶν,
3724 2274 3846 2327 ἑπι-

2259 2369 2559 2436 καλλύνων,
2596 2370 3074 2442 ὲπιδιορθούμενος
3097 2369 3236 2443 πρὸς
3264 2368 3557 2439 ἀκρίϐειαν
3582 2406 3596 2431 ,
3620 2367 3720 2420 καὶ
3751 2365 3841 2417 λέο

2261 2459 2365 2526 ξιν,
2403 2462 2497 2514 καὶ
2524 2459 2672 2528 νοῦν,
2716 2462 2811 2515 καὶ
2838 2462 3068 2534 ῥυθμὸν,
3094 2464 3190 2516 καὶ
3221 2461 3516 2531 συνθήκην.
3563 2459 3674 2514 Καὶ
3705 2459 3841 2512 ὅπου

2257 2552 2320 2605 τὸ
2347 2551 2548 2617 κάλλος
2580 2552 2819 2624 ἀνθηρὸν
2862 2554 3025 2623 ἄγαν,
3065 2554 3161 2607 καὶ
3203 2548 3316 2607 οἷον
3356 2553 3616 2623 ἄμετρον,
3654 2551 3843 2604 ἐπισε-

2264 2643 2479 2713 μνύνων
2501 2644 2589 2698 διὰ
2614 2644 2675 2698 τὸ
2698 2644 2995 2716 σώφρονος,
3033 2646 3119 2699 ἵνα
3147 2645 3389 2715 γένοιντο
3419 2643 3567 2715 αύτῷ
3596 2644 3645 2696 οἱ
3667 2643 3838 2711 λόγοι,

2263 2734 2430 2806 μηδὲν
2474 2735 2841 2791 ἐπιδεικτικὸν
2894 2738 2989 2792 καὶ
3042 2736 3245 2805 φαῦλον
3290 2735 3696 2807 ἐπισυρόμενοι.
3744 2735 3841 2797 Ὃς

2258 2821 2353 2879 οὖν
2380 2826 2762 2897 ἐπιστημόνως
2796 2828 2962 2882 αὑτοῦ
2993 2828 3207 2901 ὲγκύψῃ
3241 2830 3355 2893 τοῖς
3384 2828 3647 2891 τοιούτοις
3672 2828 3843 2894 πονή-

2264 2935 2448 2988 μασιν,
2479 2919 2667 2988 ὄψεται
2692 2921 2801 2975 τῶν
2829 2921 3200 2993 θεωρημάτων
3235 2922 3297 2974 τὸ
3324 2920 3460 2989 ὕψος
3483 2920 3579 2973 καὶ
3606 2917 3669 2971 τδ
3702 2917 3838 2971 κάλ-

2260 3010 2350 3073 λος
2379 3009 2473 3063 τοῦ
2522 3010 2684 3079 λόγου
2733 3012 2873 3083 μετὰ
2933 3011 3285 3085 σεμνότητος.
3321 3013 3425 3066 Τὸν
3468 3011 3525 3065 δὲ
3568 3008 3711 3079 ὑπὲρ
3738 3010 3840 3080 τῆς

2261 3101 2547 3166 εὐσεϐείας
2572 3102 2735 3173 ζῆλον
2760 3104 2974 3171 τούτου,
3003 3105 3088 3167 τίς
3114 3106 3180 3158 ὲκ
3214 3104 3327 3158 τῶν
3354 3103 3529 3173 λόγων
3560 3102 3729 3156 αὐτοῦ
3763 3102 3842 3173 μὴ

580 3197 707 3238 cum
743 3182 1030 3252 majestate
1056 3182 1413 3252 conjunctam
1439 3181 1824 3238 admirabilur.
1860 3183 1996 3250 Quis
2031 3198 2159 3240 vero

2262 3192 2612 3263 ἔκθειάσηται
2637 3204 2667 3245 ιι
2688 3210 2701 3258 ;
2725 3195 2830 3248 Τόν
2857 3212 2917 3249 τε
2944 3197 3043 3268 τῆς
3073 3195 3264 3266 σοφίας
3290 3194 3543 3262 πλοῦτον,
3573 3195 3696 3259 πῶς
3723 3198 3839 3258 τοῖς

580 3272 782 3329 ardens
830 3273 979 3329 illius
1009 3287 1111 3344 pro
1155 3274 1356 3343 pietate
1400 3282 1455 3328 el
1484 3274 1746 3345 religione
1795 3273 2040 3330 studium
2092 3288 2159 3329 ex

2264 3285 2399 3338 πᾶσι
2430 3258 2718 3357 διένειμεν,
2760 3286 2821 3352 ἐξ
2847 3279 2908 3341 οῦ
2938 3258 3125 3359 τδτῆς
3149 3258 3406 3357 γνώσεως
3442 3288 3471 3342 δ
3503 3258 3717 3359 εἰλήφει
3743 3288 3840 3342 τά·

581 3364 737 3420 libris
774 3363 895 3435 ejus
939 3364 1140 3420 divinis
1194 3363 1449 3420 laudibus
1507 3379 1620 3419 non
1671 3365 1939 3420 extollat?
1992 3373 2163 3435 utque

583 3454 862 3525 sapientiae
896 3453 1118 3511 divitias
1176 3453 1233 3508 in
1288 3468 1481 3510 omnes
1527 3454 1893 3523 distribuerit,
1941 3469 2009 3511 ex
2050 3469 2161 3525 quo

581 3544 872 3610 talentum,
927 3545 1076 3614 quod
1117 3552 1425 3615 acceperat,
1485 3560 1595 3599 non
1655 3545 1709 3601 in
1779 3544 2030 3616 duplum,
2061 3546 2160 3601 sed

580 3635 755 3706 magis
784 3635 838 3689 in
870 3634 1161 3706 decuplum
1191 3634 1592 3705 ampliﬁcavit?
1638 3634 1775 3690 Nam
1823 3649 2024 3706 augere
2058 3650 2160 3690 nu-

579 3744 795 3785 merum
838 3743 1053 3795 vereor,
1107 3744 1178 3785 ne
1210 3728 1475 3785 terminos
1523 3728 1869 3800 evangelicos
1933 3736 2160 3799 praeter-

579 3835 805 3891 gressus
843 3821 1161 3887 existimer;
1212 3836 1278 3877 eo
1305 3822 1479 3892 magis
1508 3821 1662 3891 quod
1716 3819 2006 3877 immodica
2037 3834 2157 3875 mo-

580 3918 707 3973 dice
733 3913 1020 3970 enuntiare
1047 3929 1159 3970 non
1182 3915 1252 3971 sit
1282 3914 1622 3985 appositum.

654 4005 920 4063 XXXVII.
975 4006 1270 4079 Stephanus
1313 4006 1511 4062 Junior
1562 4005 1789 4061 Joannis
1835 4006 2160 4062 Damasceni

579 4096 855 4152 laudator.
873 4095 1223 4152 —Joannem
1262 4111 1428 4166 porro
1466 4096 1688 4152 divinus
1715 4097 1866 4154 zelus
1894 4112 1960 4153 eo
1988 4097 2156 4153 etiam

578 4188 810 4259 pepulit,
846 4196 907 4243 ut
952 4202 1051 4258 pro
1079 4186 1176 4242 Dei
1227 4188 1442 4256 legibus
1489 4188 1830 4255 dimicando,
1888 4190 2158 4247 Damasco

577 4281 837 4351 primum,
878 4287 993 4335 tum
1035 4278 1273 4335 subinde
1302 4294 1368 4336 ex
1410 4278 1727 4348 Palaestina,
1783 4297 1880 4341 eos
1917 4283 2015 4356 qui
2064 4298 2156 4340 co-

2258 3373 2472 3441 λαντον,
2504 3378 2605 3430 οὐκ
2637 3379 2718 3442 είς
2765 3378 2989 3434 διπλοῦν
3031 3379 3555 3443 ὲπολλαπλασίασεν,
3615 3379 3736 3434 ἀλλ’
3759 3381 3839 3441 είς

2267 3467 2670 3537 δεκαπλάσιον,;
2698 3470 2952 3541 Φείδομαι
2984 3471 3095 3542 γὰρ
3123 3470 3431 3542 ἐπαυξῆσαι
3463 3471 3554 3525 τὸν
3577 3470 3836 3541 ἀριθμὸν,

2259 3557 2347 3611 ἵνα
2382 3558 2458 3630 μὴ
2482 3558 2698 3632 δόξαιμι
2725 3562 2853 3625 τοὺς
2891 3562 3283 3632 εύαγγελικοὺς
3303 3564 3465 3635 ὄρους
3500 3562 3837 3635 ὑπερϐάλλε-

2259 3650 2383 3705 σθαι
2411 3661 2457 3704 ι.
2489 3653 2564 3706 UO
2607 3653 2716 3726 γὰρ
2763 3653 2927 3709 καλὸν
2969 3654 3157 3719 ἁπλῶς
3187 3655 3256 3710 τὰ
3288 3655 3559 3728 ὑπερόρια
3600 3655 3837 3726 φθέγγεο

2264 3742 2406 3801 σθαι.

2329 4012 2453 4068 ΛΖ’.
2497 4012 2737 4068 Ἐκεῖνον
2767 4021 2789 4051 ³
2817 4011 2875 4065 δὲ
2907 4010 3003 4065 καὶ
3032 4010 3113 4075 είς
3141 4008 3302 4064 τοῦτο
3331 4008 3595 4063 πέπεικεν
3613 4010 3644 4064 ό
3676 4008 3839 4082 ζῆλος

2255 4105 2285 4157 ό
2310 4103 2515 4171 ἔνθεος,
2538 4103 2613 4166 ὡς
2640 4102 2783 4173 ὑπὲρ
2808 4103 2937 4166 τοὺς
2972 4101 3151 4166 θείους
3174 4102 3375 4172 νόμους
3404 4102 3836 4172 ἀγωνισάμενον,

2256 4196 2324 4249 ὲκ
2367 4194 2665 4262 Δαμασκοῦ
2716 4194 2818 4266 μὲν
2850 4193 3139 4266 πρότερον,
3187 4193 3254 4246 ὲκ
3282 4191 3339 4246 δὲ
3371 4191 3743 4262 Παλαιστίνης
3780 4192 3837 4244 τὸ

2257 4287 2515 4360 δεύτερον
2547 4288 2682 4359 (52),
2716 4287 2903 4342 θαλεῖν
2925 4286 3053 4352 τοὺς
3093 4286 3151 4341 ὲν
3185 4285 3764 4341 Κωνσταντινουπόλει
3789 4288 3836 4324 ι’

1889 4481 2121 4538 VARUE
2160 4480 2565 4539 LECTIONES.

644 4591 845 4669 3_Mss.
1004 4596 1373 4669 exemissent.
1433 4596 1693 4669 EdittB.
1751 4597 2098 4668 ἐκθιάσηται.
2157 4597 2281 4654 Bill.
2315 4599 2551 4669 legebat,
2605 4596 2955 4668 ὲκθεάσηται.

581 4671 604 4699 ³
627 4663 769 4720 Edit.
798 4672 852 4721 et
884 4664 1123 4723 Hensch.
1156 4668 1385 4733 ἐκεῖνος.
1503 4672 1551 4703 ι’
1580 4667 1627 4723 R
1649 4663 2082 4722 Κωνσταντίνου.

3070 4605 3092 4632 τ
3120 4595 3220 4651 Ms.
3268 4594 3335 4650 Β.
3374 4591 3835 4665 ὑπερϐάλλεσθαι.

2102 4807 2333 4864 NOTAE.

646 4943 759 5012 ('51)
797 4947 855 4999 Ἀ
891 4947 1196 5015 πεπόνηκε
1226 4948 1533 5015 πρότερον,
1568 4966 1622 5002 κ.
1647 4966 1697 5001 τ.
1728 4949 1774 5003 ὲ.
1796 4947 1951 5014 Quod
1980 4945 2147 5001 Joan-
2181 4934 2226 4989 D
2259 4944 2456 5015 egisse.
2488 4943 2659 5015 idque
2686 4942 2893 5014 duplict
2928 4951 3253 5014 argumento
3292 4942 3546 5015 probant.
3583 4939 3834 5015 Prtmnm

578 5028 899 5088 nemopera
921 5031 1020 5070 sua
1049 5017 1228 5071 denuo
1259 5018 1602 5088 recensuisse
1635 5026 1829 5073 auctor
1858 5018 1978 5088 ejus
2015 5015 2146 5071 Vitae

576 5084 674 5155 ait,
699 5084 752 5136 id
780 5086 960 5155 colligi
987 5093 1165 5154 potest
1196 5103 1262 5141 ex
1288 5087 1539 5141 codicum
1590 5102 1753 5143 manu
1792 5084 2143 5142 exa'ratorum

575 5154 966 5228 discrepantia.
986 5155 1133 5227 quod
1150 5158 1224 5228 ad
1249 5157 1456 5228 aliquot
1482 5173 1549 5212 ex
1579 5158 1702 5226 ejus
1735 5158 1888 5228 libris
1921 5159 2143 5228 attinet;

578 5238 700 5297 nam
733 5223 1078 5280 dialecticam
1113 5227 1233 5297 ejus
1260 5223 1367 5283 alio
1395 5237 1450 5283 et
1488 5228 1594 5282 alio
1610 5223 1813 5289 'modo,
1844 5227 1934 5281 alii
1964 5236 2019 5281 et
2052 5227 2147 5280 alii

574 5293 792 5352 codices
830 5293 1219 5362 exhibentfut
1252 5312 1353 5353 suo
1390 5298 1512 5352 loco
1559 5298 1919 5361 ostendetur,
1965 5299 2148 5352 consi-

572 5363 873 5435 tnilimodo
895 5367 1014 5435 ejus
1041 5369 1320 5422 orationes
1348 5368 1414 5422 de
1448 5368 1800 5435 imaginibus.

629 5432 752 5511 .(52)
797 5437 898 5511 "Ex
923 5432 997 5489 δὲ
1026 5438 1437 5511 Παδαιοντιῖης
1464 5437 1531 5511 τό
1553 5432 1854 5511 δεύτερον.
1882 5436 2148 5511 poetissi-

571 5505 644 5554 tni
676 5506 1086 5561 continuatores
1118 5507 1363 5561 Bollandi
1411 5508 1664 5560 arbitrati
1706 5505 1834 5561 Sunt
1877 5505 2144 5561 Joannem

570 5566 992 5640 Damascenutn,
1025 5576 1254 5631 dimissa
1295 5576 1511 5631 tandem
1566 5578 1718 5631 laura
1764 5577 1952 5631 Sancti
1987 5578 2147 5631 Saba!

566 5645 621 5693 et
652 5636 1289 5717 Palaestina,'extremam
1314 5645 1439 5703 vita:
1467 5655 1675 5717 partem
1700 5662 1927 5719 peregre
1960 5655 2144 5702 trans-

2249 5010 2500 5085 estquod
2526 5010 2890 5085 Menolog'ium
2913 5010 3123 5080 Basilii,
3153 5021 3217 5085 ut
3238 5010 3431 5085 putant
3460 5010 3830 5085 imperatoris,

2248 5081 2437 5138 narret
2478 5081 2858 5139 sanctum'ab
2912 5081 3319 5151 imperatoribus
3377 5081 3637 5136 heretici:
3684 5082 3834 5151 varie

2250 5154 2559 5223 relegatum,
2591 5163 2639 5208 et
2669 5152 2969 5208 carceribus
2992 5150 3276 5221 traditum,
3294 5156 3347 5206 in
3373 5152 3591 5221 pulchra
3617 5150 3831 5223 confes-

2249 5221 2398 5278 sione
2422 5233 2843 5278 consummatum
2878 5236 3011 5285 esse,
3041 5225 3406 5292 sepultumque
3428 5222 3588 5289 fuisse
3609 5236 3642 5273 a
3662 5221 3829 5292 disc}-

2249 5294 2373 5363 pulo
2396 5311 2502 5364 suo"
2525 5313 2544 5351 :
2585 5294 2748 5364 Ὅθεν
2778 5293 2872 5347 καὶ
2903 5288 3179 5364 διαφόρως
3207 5288 3507 5363 ἐξορισθεὶς
3527 5289 3693 5364 παρὰ
3720 5288 3834 5364 τῷν

2250 5359 2546 5437 αἱρετικῶς)
2591 5363 2855 5437 βασιλέων
2902 5359 3330 5437 καὶκγίυλακαῖςΔ
3363 5359 3723 5437 παραδοθεὶς,
3771 5359 3831 5437 ἐν

2249 5427 2386 5503 καλῇ
2417 5427 2678 5503 ὁμολογίᾳ
2719 5427 3063 5501 ἐτελεώθη(
3080 5435 3277 5503 ταφεὶς
3310 5432 3414 5503 ύπρ
3451 5427 3831 5503 μαθητοῦ

2249 5496 2785 5581 αὐτόῦᾞδοοὺημηη)
2816 5512 2918 5581 est,
2948 5496 3095 5571 quod
3129 5500 3399 5581 Palaestini
3431 5496 3666 5581 nihil'de
3706 5496 3830 5566 ejus

2247 5581 2408 5648 aetate
2435 5585 2488 5629 et
2511 5573 2794 5648 sepultura
2822 5573 3120 5648 sciverunt,
3167 5572 3311 5642 quod
3361 5571 3564 5648 indicio
3586 5575 3671 5648 est
3699 5582 3828 5622 eum

2246 5657 2312 5699 ea
2344 5644 2401 5699 in
2447 5638 2671 5715 regione
2702 5642 2817 5699 fato
2847 5638 3111 5699 functum
3131 5638 3241 5698 non
3271 5656 3413 5699 esse.
3469 5638 3551 5695 Ad
3586 5638 3830 5710 primum
