3974 6338
466 281 567 348 491

1520 278 1696 341 VITA
1733 279 1792 338 S.
1833 276 2154 338 JOANNIS
2191 274 2645 339 DAMASCENI.

3623 272 3732 343 £92

465 400 553 458 sui
589 388 832 469 ipsorum
867 396 1033 449 vitam
1069 393 1498 464 compleverunt,
1536 404 1592 449 et
1627 396 1681 449 in
1716 393 1821 449 tlne
1848 407 2051 463 corpus
2081 401 2126 457 Α
2159 391 2425 448 luminum
2449 388 2966 447 adducentem.Non
2984 388 3271 462 pulsemus
3288 398 3467 450 autem
3494 395 3736 467 segniter

470 492 807 548 lastiﬂcantes
838 498 894 543 et
950 487 1417 559 pulchrilicantes,
1478 488 1735 543 miseram
1794 487 2033 541 animam

466 581 909 653 nigriﬂcaverunt
934 586 991 635 et
1019 578 1481 645 obscuraverunt,
1528 588 1585 633 et
1636 593 1665 632 a
1695 577 2034 648 primordiali

381 698 413 709 ο·
465 674 869 745 pulchritudine
887 673 1237 742 expulerunt,
1268 680 1324 728 et
1349 672 1640 728 tormentis
1662 669 2032 733 tradiderunt,

463 779 517 821 et
555 764 901 835 peregrinam
944 778 973 818 a
1009 763 1139 831 Deo,
1168 764 1427 820 miseram
1454 764 1821 833 perfecerunt.
1875 763 2037 831 Papa

463 855 836 926 deceptionisl
877 855 1069 925 quales
1105 855 1282 910 malas
1297 855 1690 910 retributiones
1709 853 2037 926 philocosmi

461 963 528 1001 ex
563 945 751 1001 mundi
773 945 990 1003 deliciis
1013 954 1245 1017 carpunt
1270 946 1294 999 l
1320 945 1441 1001 Non
1478 952 1663 1001 tamen
1691 955 1905 1017 oportet
1940 945 2038 1000 has

462 1050 660 1091 vocare
689 1035 926 1100 lmtitias,
958 1036 1054 1091 sed
1101 1036 1381 1102 tristitiae,
1436 1036 1699 1106 quoniam
1756 1035 2036 1090 dominam

460 1127 698 1181 animam
743 1126 1101 1182 interﬁciunt.
1156 1124 1220 1181 In
1256 1126 1360 1182 hoc
1400 1127 1624 1195 quidem
1686 1124 2035 1197 philocosmi,

463 1217 517 1272 id
567 1224 673 1282 est,
736 1225 1009 1287 amatores
1060 1216 1301 1272 mundi:
1356 1218 1413 1271 in
1458 1216 1788 1287 intelligibili
1851 1223 2038 1271 autem

461 1310 720 1381 paradiso
740 1308 1051 1363 divinarum
1071 1307 1503 1378 Seripturarum,
1530 1309 1795 1378 philothei
1845 1307 1899 1363 id
1930 1316 2036 1373 est,

463 1411 737 1459 amatores
764 1400 881 1468 Dei,
919 1401 1302 1457 exercitationi
1367 1400 1583 1471 seipsos
1628 1399 1933 1462 tradentes,
1984 1406 2041 1453 et

464 1497 521 1550 in
559 1494 746 1550 divina
809 1492 1165 1549 meditatione
1219 1499 1664 1564 perseverantes,
1694 1503 1751 1549 et
1804 1490 2034 1562 vigiliis,

461 1594 515 1643 et
556 1585 903 1641 orationibus
962 1590 1017 1641 et
1065 1583 1329 1656 lacrymis
1384 1582 1494 1639 Deo
1562 1583 2037 1654 approximantes,

461 1676 663 1732 habent
683 1689 785 1747 pro
804 1673 1171 1731 sensibilibus
1211 1673 1505 1730 arboribus
1541 1674 1889 1730 venerabiles
1945 1687 2042 1744 pa-

2144 494 2198 540 et
2223 485 2513 551 inutiliter,
2546 484 2640 539 sed
2674 482 2928 555 prompte
2967 484 3148 556 magis
3180 492 3237 539 et
3267 495 3687 555 perseveranter
3717 506 3734 542 :

2145 590 2320 646 neque
2339 575 2560 645 fatigem
2569 591 2634 629 ur
2650 574 2936 645 pulsantes
2959 592 2972 629 :
2993 575 3075 631 sic
3091 576 3238 631 enim
3256 575 3418 631 nobis
3437 577 3731 646 aperietur.

2146 663 2250 730 Qui
2278 667 2416 720 enim
2450 667 2601 735 petit,
2635 666 2874 735 accipit;
2915 676 2966 721 et
3006 668 3097 737 qui
3147 668 3365 738 quaerit,
3408 669 3625 735 invenit,
3685 682 3735 725 et

2142 756 2378 823 pulsanti
2397 757 2663 826 aperietur
2690 757 2758 811 “.
2787 756 3118 813 Deliciemur
3149 758 3317 829 igitur
3344 759 3734 815 insatiabiliter

2145 845 2200 900 in
2228 844 2434 900 divinis
2460 845 2719 916 eloquiis.
2753 852 2807 900 et
2828 845 3337 915 superdelectemur
3389 848 3445 902 in
3502 849 3614 903 vita
3676 857 3732 904 et

2144 937 2555 995 conversatione
2581 949 2899 994 sanctorum
2929 936 3179 994 Patrum.
3208 936 3451 995 Gratiam
3474 938 3492 1011 [
3519 937 3729 1012 XXVI]

2145 1030 2290 1084 enim
2354 1030 2541 1086 divina
2600 1032 2773 1102 gratia
2828 1030 3373 1101 inconsumptibilem
3434 1031 3726 1101 possidet,

2144 1122 2283 1177 etin
2311 1136 2409 1177 eos
2449 1123 2548 1192 qui
2577 1123 2794 1179 sincere
2832 1123 3008 1193 ipsam
3042 1121 3362 1178 desiderant
3402 1122 3523 1178 sine
3574 1122 3727 1183 dolo.

2146 1214 2474 1286 ingreditur.
2509 1215 2567 1271 Si
2607 1215 2775 1286 igitur
2814 1216 3060 1286 legamus
3094 1215 3265 1271 semel
3296 1222 3351 1269 et
3375 1215 3479 1279 bis,
3531 1223 3585 1269 et
3615 1230 3726 1270 non

2146 1304 2517 1376 intelligamus
2555 1321 2678 1377 qua
2724 1307 2978 1377 legimus,
3014 1320 3126 1361 non
3173 1321 3369 1377 segnes
3400 1305 3724 1373 eﬂiciamur,

2145 1412 2325 1467 neque
2351 1397 2717 1469 negligamus,
2743 1398 2839 1453 sed
2867 1412 3305 1465 perseveremus,
3333 1399 3724 1463 exercitemur,

2146 1488 2572 1560 interrogemus.
2632 1488 2913 1560 Interroga
2960 1489 3110 1545 enim
3169 1499 3373 1557 patrem
3428 1498 3617 1554 tuum,
3674 1501 3726 1544 et

2146 1578 2478 1634 mtauntiabit
2508 1580 2601 1634 tibi
2633 1598 2653 1646 ;
2680 1582 2912 1636 seniores
2938 1588 3081 1645 tuos,
3120 1589 3172 1635 et
3207 1580 3381 1635 dicent
3405 1580 3501 1634 tibi
3515 1580 3581 1634 “.
3604 1578 3726 1637 Non

2144 1669 2293 1723 enim
2327 1668 2573 1723 omnium
2609 1679 2696 1725 est
2739 1670 3006 1740 cognitio.
3059 1668 3396 1725 Hauriamus
3435 1679 3616 1729 autem
3671 1680 3730 1728 et

463 1780 596 1837 tres,
632 1771 777 1827 foliis
797 1778 1044 1825 comatos
1064 1775 1120 1825 et
1138 1767 1397 1825 ﬂorentes
1437 1768 1642 1824 divinis
1694 1767 2037 1824 virtutibus:
2071 1762 2114 1818 Β
2143 1776 2359 1832 semper
2403 1759 2640 1818 ﬂuentes
2696 1776 2892 1833 aquas,
2921 1778 2985 1818 ex
3039 1762 3283 1834 paradisi
3345 1762 3512 1833 hujus
3572 1763 3728 1821 fonte
3808 1816 3813 1823 ,

463 1862 611 1917 hunc
633 1862 855 1932 quidem
890 1869 952 1917 ut
994 1861 1194 1917 olivam
1250 1858 1592 1916 fructiferam
1627 1877 1643 1928 ;
1679 1860 1825 1915 hunc
1856 1866 2040 1914 autem

463 1960 524 2007 ut
544 1952 783 2023 palmam
805 1952 1090 2008 ﬂorentem
1120 1968 1137 2019 ;
1172 1951 1340 2006 alium
1372 1960 1433 2007 ut
1462 1950 1714 2019 cedrum,
1740 1962 1793 2008 et
1813 1952 2044 2008 alterum

463 2053 523 2100 ut
556 2060 874 2118 cypressum
903 2064 917 2100 :
956 2045 1093 2101 alios
1144 2051 1213 2100 ιιι·
1241 2042 1357 2098 lilia
1414 2043 1531 2115 agri
1565 2042 1847 2109 ﬂorentes,
1882 2054 1938 2100 et
1984 2051 2046 2099 ut

464 2138 669 2208 lignum
680 2136 980 2208 plantatum
996 2150 1155 2193 secus
1178 2148 1446 2206 aquarum
1466 2134 1815 2203 decursus“;
1841 2136 2044 2192 alteros

463 2238 519 2285 et
539 2229 759 2286 divinos
815 2229 1008 2286 modos
1047 2229 1314 2301 ipsorum,
1371 2234 1427 2282 et
1464 2226 1741 2284 virtuosas
1770 2242 2046 2285 commen-

462 2321 733 2387 dationes,
766 2328 821 2376 et
848 2319 1388 2376 delectabilissimam
1408 2319 1476 2374 ad
1504 2334 1605 2375 nos
1624 2328 1679 2375 et
1697 2327 2042 2375 mansuetam

462 2410 833 2482 prndagogiam
864 2424 989 2466 eum
1016 2411 1264 2483 diligenti
1310 2410 1522 2477 labore,
1544 2418 1599 2468 et
1625 2420 2045 2483 perseveranter

463 2511 516 2557 et
545 2502 684 2559 bene
715 2512 1047 2574 compuncte
1093 2503 1526 2571 immeditantes,
1575 2503 1721 2559 bono
1770 2502 1941 2560 odore
1989 2509 2046 2560 et

467 2596 609 2650 bona
670 2595 1021 2651 resonatlone
1066 2594 1385 2667 dogmatum
1436 2604 1498 2652 ut
1541 2595 1772 2653 ﬂoribus
1798 2595 2044 2667 pulchri-

462 2686 717 2753 ﬂcantur,
755 2696 811 2742 et
841 2686 1023 2743 divina
1070 2686 1311 2756 eloquia,
1340 2697 1395 2742 et
1437 2686 1688 2743 dulciora
1718 2701 1887 2757 super
1933 2684 2041 2742 mel

462 2780 517 2831 et
555 2774 737 2830 favum
758 2775 825 2839 ”,
853 2780 916 2830 ut
949 2775 1211 2831 arborum
1233 2774 1447 2832 fructus
1479 2775 1856 2846 comedentes,
1893 2785 1947 2834 et
1973 2792 2042 2833 ex

467 2865 896 2934 incoinquinatis
953 2873 1009 2921 et
1049 2881 1216 2937 super
1265 2866 1517 2939 crystalli
1573 2868 1816 2938 speciem
1880 2868 2042 2942 aquis

463 2955 734 3019 bibentes.
763 2954 976 3010 scilicet
1004 2955 1438 3013 charismatibus
1486 2956 1744 3028 spiritus,
1794 2957 1908 3014 Deo
1940 2975 2040 3030 ap-

462 3046 775 3118 proximant
818 3045 1349 3117 irrequiescibiliter,
1399 3055 1455 3103 et
1504 3048 1679 3119 ipsam
1710 3048 1955 3105 laetitiam
1985 3058 2040 3106 et

463 3138 888 3195 exsultationem
918 3138 1383 3195 interminabilem
1409 3140 1717 3209 possident.
1756 3138 1909 3197 Finis
1937 3156 2037 3197 au-

464 3238 573 3285 tem
604 3228 872 3300 ipsorum,
893 3228 1007 3283 vita
1034 3236 1241 3286 eterna
1278 3230 1348 3296 “,
1382 3231 1645 3301 gaudium
1690 3230 2035 3297 indeﬂciens,

462 3320 648 3376 laetitia
686 3319 806 3377 sine
841 3319 1088 3386 tristitia,
1132 3321 1353 3392 requies
1382 3321 1825 3377 interminabilis.
1874 3322 2039 3379 Dere-

462 3411 773 3480 linquentes
822 3410 968 3467 enim
1002 3419 1245 3478 terrena,
1275 3412 1330 3469 in
1366 3414 1539 3470 caelos
1570 3412 1850 3478 abierunt,
1901 3430 2039 3470 con-

460 3503 608 3558 cives
639 3502 958 3574 angelorum
992 3504 1346 3569 exsistentes,
1376 3502 1473 3559 Dei
1525 3505 1703 3576 gloria
1732 3519 1882 3571 vere,
1929 3505 2040 3560 sci-

464 3596 588 3650 licet
619 3594 955 3667 intelligibili
980 3596 1254 3665 paradiso,
1278 3595 1580 3668 digniticati
1606 3605 1774 3654 sunt:
1802 3605 1858 3655 et
1880 3597 2040 3653 bonis

462 3701 582 3755 qua:
597 3687 925 3758 praeparavit
946 3686 1214 3744 Dominus
1237 3688 1599 3759 diligentibus
1623 3690 1826 3761 ipsum,
1856 3688 2038 3746 eﬁ‘ecti

461 3784 591 3832 sunt
621 3776 958 3847 participes:
1022 3778 1171 3849 quod
1226 3787 1411 3835 autem
1473 3781 1664 3851 utique
1712 3779 2037 3849 jucundius,

463 3870 558 3925 ﬂlii
588 3869 685 3926 Dei
719 3878 775 3926 et
808 3872 1050 3929 baaredes
1079 3872 1257 3929 eﬂ'ccti
1322 3884 1474 3939 sunt,
1527 3884 1584 3930 et
1618 3890 1964 3946 nequaquam
2006 3889 2037 3928 a

462 3962 557 4017 Dei
582 3963 755 4034 gloria
776 3966 1199 4035 separabuntur,
1244 3964 1339 4023 sed
1368 3981 1493 4021 cum
1528 3967 1651 4045 ipso
1688 3966 1744 4021 in
1790 3966 2039 4021 intermi-

461 4054 664 4109 nabilia
688 4056 886 4113 smeula
909 4059 1235 4131 regnabunt,
1268 4066 1329 4114 ut
1378 4059 1516 4114 bene
1561 4059 1834 4123 viventes.
1901 4058 2041 4114 bene

459 4159 513 4207 et
541 4149 807 4219 fruentes,
842 4151 1005 4222 digna
1042 4150 1329 4209 laboribus
1359 4149 1659 4207 referentes
1686 4151 1753 4206 “.

1113 4261 1269 4317 CAP.
1309 4260 1376 4317 ll.

745 4354 826 4410 De
847 4354 1236 4410 incendentibus
1262 4354 1554 4425 Scriptura:
1576 4371 1765 4411 sacrm.

529 4442 818 4500 Pulsemus
851 4442 1020 4514 igitur
1044 4451 1099 4500 et
1124 4457 1247 4510 nos,
1282 4442 1653 4510 dilectissimi,
1679 4441 1748 4498 ad
1768 4443 2035 4515 optimum
2069 4436 2115 4493 D

458 4536 773 4607 paradisum
792 4536 1107 4594 divinarum
1140 4535 1579 4608 Scripturarum,
1605 4536 1743 4592 bene
1773 4537 2036 4602 olentem,

457 4628 862 4694 dulcissimum,
876 4630 1372 4701 speciosissimum,
1390 4628 1614 4685 omnino
1631 4629 2036 4696 delectabilem,

458 4731 618 4773 aures
638 4729 856 4781 nostras
882 4720 1379 4778 circumsonantem
1408 4720 1743 4779 omnimodis
1780 4723 2038 4796 intelligi-

460 4808 655 4863 bilium
681 4808 1017 4867 deiferarum
1067 4812 1248 4867 avium
1312 4814 1592 4878 cautibus,
1647 4814 2035 4871 accendentem

460 4895 631 4959 00rd!
681 4906 894 4966 nostra,
929 4908 986 4959 et
1036 4901 1239 4972 gaudio
1292 4910 1504 4958 alterno
1546 4903 1956 4974 adimplentem,
1983 4915 2041 4962 et

460 4989 740 5045 tristatum
799 4991 1022 5062 quidem
1095 4994 1502 5060 consolantem,
1583 4995 1783 5051 iratum
1853 5005 2036 5053 autem

460 5081 866 5152 pacificantem,
909 5094 964 5138 et
994 5081 1177 5141 divino
1217 5085 1416 5140 timore
1446 5084 1751 5143 ﬂrmantcm
1796 5095 1850 5143 et
1888 5105 2041 5145 men-

460 5182 568 5229 tem
589 5180 838 5230 nostram
861 5173 931 5229 ad
953 5186 1085 5230 auro
1099 5173 1334 5232 lucentia
1364 5176 1527 5234 dorsa
1549 5177 1746 5233 divina:
1773 5178 2039 5237 columba:

463 5267 762 5323 ascendere
795 5265 1113 5333 facientem,
1152 5276 1207 5324 et
1236 5266 1700 5327 manifestissimis
1732 5270 1907 5343 ipsius
1933 5272 2037 5330 alis

463 5355 534 5411 ad
581 5359 925 5431 unigenitum
970 5359 1175 5416 'Flllum
1230 5371 1287 5417 et
1343 5362 1613 5418 haeredem
1669 5364 2035 5433 plantatorem

467 5445 828 5520 intelligibilis
858 5450 1033 5507 vinea:
1058 5450 1434 5518 reducentem,
1460 5459 1514 5508 et
1544 5466 1642 5525 per
1673 5453 1850 5524 ipsum
1885 5451 2035 5509 Patri

526 5628 573 5661 ⁸⁸
604 5626 749 5695 Psal.
773 5644 815 5693 ι,
842 5629 894 5682 3.
970 5628 1016 5660 ”
1065 5627 1210 5684 Psal.
1249 5645 1405 5695 xvm,
1440 5630 1528 5684 ll.
1599 5629 1836 5688 “Rom.

2146 1855 2408 1913 salientes
2454 1856 2509 1911 in
2544 1856 2710 1909 vitam
2758 1866 3019 1911 aeternam
3051 1855 3118 1913 ⁸⁸.
3153 1865 3210 1911 et
3258 1858 3454 1912 sordes
3503 1857 3723 1926 quidem

2144 1958 2503 2021 peccatorum
2530 1959 2928 2022 expurgantes,
2960 1960 3017 2007 et
3052 1952 3297 2008 carnalis
3334 1952 3725 2009 delectationis

2144 2043 2293 2098 sitim
2329 2044 2607 2107 sedantes,
2661 2052 2713 2098 et
2772 2043 3168 2100 obtenebratos
3201 2046 3397 2101 oculos
3448 2046 3649 2101 mentis
3693 2061 3724 2099 a

2143 2134 2359 2191 delictis
2387 2136 2595 2192 nostris
2631 2135 2943 2203 abluentes,
2990 2146 3042 2191 et
3072 2136 3217 2207 apud
3269 2135 3513 2192 divinam
3545 2138 3723 2192 lucem

2147 2242 2281 2298 pure
2323 2228 2596 2299 speculari
2644 2237 2960 2298 cperantes,
3006 2236 3063 2283 et
3118 2228 3166 2283 si
3226 2230 3307 2283 sic
3354 2244 3725 2300 prteparemur

2143 2322 2388 2387 omnino,
2422 2330 2474 2376 et
2504 2322 2681 2377 salute
2699 2322 2993 2392 potiemur,
3024 2328 3080 2377 et
3113 2321 3316 2391 gaudio
3342 2323 3464 2378 sine
3496 2321 3723 2378 tristitia

2145 2413 2515 2485 implebimur,
2557 2420 2619 2469 et
2652 2415 2815 2469 vitam
2850 2423 3106 2469 aeternam
3152 2414 3470 2470 sortiemur.

2774 2524 2927 2583 CAP.
2957 2525 3050 2580 lli.

2584 2617 2663 2672 De
2690 2617 2965 2672 divinitate
3014 2615 3330 2672 Saluatoris.

2215 2708 2464 2767 Potentia
2497 2716 2551 2765 et
2586 2709 2965 2766 misericordia
3000 2708 3371 2780 pliilanthropi
3411 2717 3467 2763 et
3502 2709 3723 2764 miseri-

2145 2799 2330 2856 cordis
2354 2798 2451 2856 Dei
2499 2800 2700 2866 nostri,
2746 2800 2841 2871 qui
2905 2807 3131 2871 pr0pter
3184 2807 3430 2854 nostram
3486 2800 3720 2853 salutem

2145 2890 2447 2947 humiliavit
2488 2891 2945 2946 inhumiliabilem
2997 2890 3173 2961 ipsius
3224 2889 3632 2956 celsitudinem,
3666 2898 3724 2944 et

2145 2997 2368 3039 carnem
2400 2983 2688 3038 mortalem
2719 2981 2947 3038 indutus
2975 2991 3081 3047 est,
3113 2989 3165 3037 et
3191 2981 3495 3037 secundum
3533 2983 3721 3037 omnia

2146 3074 2326 3132 factus
2368 3083 2453 3131 est
2488 3075 2650 3131 nobis
2697 3075 2897 3132 similis
2932 3075 3052 3131 sine
3104 3084 3350 3147 peccato,
3410 3078 3553 3148 quod
3610 3093 3719 3132 non

2141 3173 2260 3223 erat
2284 3174 2593 3231 assumens,
2622 3175 2678 3223 et
2707 3168 2851 3237 quod
2883 3175 3002 3223 erat
3036 3183 3145 3222 non
3175 3168 3476 3238 deponens,
3505 3178 3561 3224 et
3593 3179 3718 3224 tan-

2140 3269 2257 3314 tum
2287 3257 2530 3329 seipsum
2557 3266 2816 3315 extrema:
2845 3258 3221 3315 humiliationi
3244 3260 3470 3315 tradidit
3488 3270 3717 3331 propter

2140 3347 2363 3403 nimiam
2397 3348 2571 3417 ipsius
2624 3348 2693 3403 ad
2727 3361 2831 3403 nos
2877 3346 3269 3403 dilectionem:
3313 3347 3485 3419 magis
3532 3356 3717 3402 autem
3776 3366 3789 3379 ·

2139 3438 2504 3510 paedagogium
2526 3439 2668 3509 ejus,
2702 3438 2848 3509 quod
2882 3445 2991 3502 est,
3017 3454 3124 3493 non
3156 3439 3267 3493 alta
3298 3454 3490 3509 sapere
3522 3456 3537 3494 :
3567 3439 3718 3509 quod

2138 3528 2302 3584 etiam
2325 3528 2666 3584 domicilium
2701 3529 2924 3599 aliquod
2957 3530 3064 3584 vile
3088 3544 3198 3584 non
3228 3529 3425 3584 habuit
3455 3530 3522 3583 ad
3559 3529 3716 3583 babi-

2140 3621 2423 3685 tationem,
2461 3630 2521 3675 ut
2574 3622 2691 3692 ipse
2744 3631 2975 3678 testatur
3026 3622 3262 3677 dicens:
3326 3621 3519 3691 Vulpes
3537 3621 3717 3691 foveas

2139 3712 2349 3781 habent,
2379 3724 2427 3767 et
2458 3713 2689 3769 volucres
2728 3714 2844 3769 caeli
2883 3712 3055 3776 nidos,
3093 3711 3272 3767 Filius
3300 3724 3468 3767 autem
3489 3712 3718 3767 hominis

2140 3822 2244 3860 non
2281 3804 2432 3860 habet
2462 3804 2552 3859 ubi
2586 3814 2740 3874 caput
2777 3804 2988 3860 reclinet
3015 3806 3077 3859 ".
3108 3802 3298 3875 Neque
3348 3805 3561 3876 palmus
3593 3820 3717 3858 ara-

2140 3898 2267 3954 bilis
2299 3907 2457 3954 terra:
2495 3906 2616 3955 erat
2658 3899 2786 3971 ipsi,
2841 3915 2952 3954 non
3012 3913 3233 3969 germen
3294 3915 3463 3954 unum
3521 3898 3718 3963 vineae,

2140 4006 2250 4047 non
2274 3992 2459 4046 tunica
2478 3991 2774 4061 superﬂua,
2808 3991 2907 4048 sed
2926 4008 3030 4065 qua
3052 3992 3383 4047 induebatur
3411 3991 3612 4047 solum.
3652 3989 3720 4044 Et

2139 4083 2270 4152 quid
2295 4081 2486 4153 utique
2513 4090 2632 4138 erat
2652 4082 2832 4153 majus
2861 4083 2964 4138 hac
2985 4082 3369 4139 humiliatione
3392 4092 3443 4137 et
3468 4083 3676 4138 vilitate
3696 4083 3722 4136 ?

2141 4173 2213 4230 Ut
2240 4178 2387 4232 enim
2416 4190 2561 4230 unus
2592 4190 2894 4246 pauperum
2921 4175 3222 4231 secundum
3265 4176 3449 4231 omnia
3483 4189 3721 4230 conver-

2142 4276 2297 4324 satus
2321 4274 2427 4334 est,
2463 4276 2517 4324 et
2537 4282 2679 4338 quos
2708 4270 2915 4324 amicos
2948 4274 3003 4323 et
3030 4266 3226 4323 fratres
3262 4278 3530 4337 pauperes
3559 4280 3719 4321 voca-

2141 4358 2242 4426 vit,
2274 4359 2361 4414 his
2386 4365 2443 4414 et
2467 4358 2821 4423 cobabitavit,
2847 4357 3072 4413 humilia
3094 4373 3312 4429 semper
3331 4358 3560 4428 eligens.
3587 4356 3717 4423 Sed,

2140 4467 2174 4508 0
2204 4449 2494 4507 ineﬂ‘abilis
2548 4450 2726 4521 ipsius
2767 4449 3112 4506 sustinentia:
3159 4458 3215 4505 et
3262 4448 3717 4520 longanimitalis,

2141 4541 2320 4614 magis
2374 4551 2556 4597 autem
2612 4541 3060 4611 incomparabilis
3093 4541 3416 4612 sapientiai
3450 4538 3511 4596 In
3566 4542 3723 4611 quali

2139 4635 2287 4689 enim
2309 4633 2607 4690 miserabili
2641 4634 2816 4704 ﬁgura
2838 4632 3092 4689 dolosum
3123 4634 3340 4705 decepit
3365 4634 3388 4688 Υ
3409 4648 3586 4705 neque
3611 4648 3723 4690 una

2138 4727 2433 4782 occasione
2463 4725 2602 4782 dans
2650 4725 2757 4797 ipsi
2784 4726 3217 4782 consolationem
3247 4726 3595 4798 gloriationis
3648 4726 3724 4783 ad

2137 4819 2455 4886 dicendum,
2481 4818 2742 4889 quoniam
2778 4828 2833 4873 et
2880 4833 2912 4874 a
2942 4817 3094 4874 nudo
3114 4818 3338 4875 homine
3366 4818 3547 4875 victus
3571 4833 3721 4881 sum,

2138 4910 2236 4969 sed
2259 4911 2330 4966 ab
2361 4912 2520 4982 inope
2537 4911 2629 4965 vlli
2648 4918 2975 4983 etpaupere.
2994 4911 3302 4971 Ostendere
3331 4913 3503 4986 igitur
3533 4912 3725 4970 volens

2141 5001 2446 5074 perfectum
2480 5001 2603 5072 ejus
2624 5017 2751 5074 qua:
2778 5003 2847 5059 ad
2878 5018 2981 5059 nos
3007 5006 3185 5076 ipsius
3215 5004 3561 5070 dilectionis,
3595 5018 3726 5060 sus-

2142 5096 2305 5153 tinuit
2352 5111 2383 5150 a
2427 5094 2667 5167 propriis
2697 5097 2874 5153 servis
2904 5095 3046 5154 tradi
3077 5104 3132 5152 et
3159 5097 3447 5168 ﬂagellari,
3478 5095 3725 5161 etillmli,

2143 5188 2388 5259 etalapis
2414 5187 2571 5251 caedi,
2598 5196 2653 5243 et
2676 5187 2931 5259 conspui,
2959 5197 3014 5243 et
3042 5196 3103 5243 ut
3123 5187 3450 5247 malefactor
3470 5186 3629 5257 ligari
3653 5185 3724 5240 “.

2143 5279 2401 5353 Ligantes
2437 5280 2585 5338 enim
2638 5279 2769 5337 fune
2824 5295 3023 5337 manus
3085 5281 3258 5352 ipsius
3311 5288 3367 5336 et
3402 5280 3626 5343 collum,
3665 5286 3728 5330 ut

2145 5371 2555 5428 malefactorem
2596 5382 2753 5428 extra
2792 5370 3073 5428 civitatem
3114 5370 3413 5433 duxerunt,
3465 5375 3520 5422 et
3568 5368 3725 5422 cruci

2145 5461 2454 5517 aﬂixerunt.
2486 5461 2605 5533 Ipse
2643 5472 2829 5519 autem
2869 5469 2929 5517 ut
2971 5476 3147 5534 agnus
3208 5461 3498 5526 innocens,
3552 5467 3608 5514 et
3665 5467 3730 5514 ut

1934 5630 1977 5663 “
2010 5630 2179 5704 Rom.
2198 5648 2315 5704 vni,
2349 5632 2561 5704 16.7”.
2638 5633 2684 5667 δ’
2726 5635 2896 5704 Apoc.
2928 5650 3041 5696 xlv,
3074 5634 3160 5689 l3.
3235 5634 3283 5665 ”
3312 5630 3504 5704 llatth.
3538 5627 3724 5704 "1,2,

462 5695 516 5757 8.
594 5694 643 5733 “
662 5694 823 5754 Deut.
873 5711 1047 5766 sxxtt,
1090 5700 1141 5755 7.
1214 5700 1263 5734 θ’
1300 5694 1570 5767 Joau.ax,
1607 5702 1692 5756 lt.
1772 5703 1816 5737 "
1856 5700 1991 5758 Luc.
2028 5719 2103 5771 tv,
2166 5702 2258 5758 68.
2305 5694 2379 5737 ’⁸⁷
2422 5703 2611 5760 Matth.
2665 5694 2814 5772 xxvi,
2864 5713 2920 5761 et
2976 5694 3148 5760 nm.
3231 5704 3293 5747 ⁶³λ
3341 5703 3446 5760 lsa.
3478 5694 3629 5768 tut,
3664 5694 3725 5755 7.
