3974 6338
170 516 259 580 ιςιθ

1212 503 1389 568 VITA
1427 502 1489 564 S.
1516 498 1837 564 JOANNIS
1880 497 2335 562 DAMASCENI.

3307 502 3412 569 494

168 622 273 677 ovis
300 618 467 673 ducta
510 629 698 671 coram
731 611 997 669 tondente
1050 611 1221 681 ipsam
1248 611 1406 677 “,sic
1433 610 1621 665 exibat
1647 611 1733 665 in»
1760 614 1807 673 Α
1836 606 2005 663 Deum
2034 616 2286 663 nostrum
2317 608 2384 661 ιθ.
2437 606 2614 679 Ipsius
2644 615 2826 664 autem
2857 608 3127 668 Moameth
3162 615 3412 671 testimo-

165 716 391 770 clinatus
435 716 623 779 caput,
655 714 713 763 et
771 720 950 776 neque
996 705 1223 760 verbum
1280 718 1521 759 sonans:
1569 717 1734 773 quem
1837 703 1990 756 nium
2040 716 2151 757 non
2189 702 2352 768 dixit,
2393 699 2657 771 quoniam
2689 708 2774 755 est
2804 703 3072 773 pr0pheta
3106 722 3120 759 :
3162 704 3260 761 sed
3303 707 3415 763 alta

167 802 348 857 videns
371 797 726 854 immaculata
760 809 901 867 agna
928 793 1237 850 secundum
1280 792 1493 849 viscera
1538 792 1737 848 vulne-
1837 804 1973 846 voce
2004 790 2225 861 quidem
2257 790 2417 854 dixit,
2473 787 2798 844 testiﬁcatus
2830 797 2934 855 est,
2990 791 3211 848 obscuri
3254 808 3417 865 quem

168 898 275 945 rata
301 898 355 944 et
385 887 618 959 capillos
655 886 958 950 dilanians,
1003 898 1130 939 cum
1181 882 1371 940 alteris
1413 882 1740 941 mulieribus
1840 882 1931 937 isti
1966 880 2161 937 dicunt
2192 882 2211 951 (
2239 880 2356 951 34)
2397 898 2411 936 :
2445 894 2641 953 magna
2699 894 2836 935 voce
2894 890 3097 949 autem,
3157 886 3417 955 quoniam

165 980 441 1049 proprium
488 992 695 1048 agnum
728 982 972 1046 sequens
1013 974 1258 1042 alonge,
1310 980 1481 1044 caput
1526 974 1636 1027 huc
1685 979 1742 1028 et

164 1069 285 1124 illuc
323 1083 574 1132 movens,
612 1066 927 1137 lugubriter
962 1064 1314 1135 loquebatur.

821 1156 980 1210 CAP.
1016 1153 1110 1210 IV.

548 1248 627 1303 De
653 1249 875 1317 planctu
919 1246 987 1301 Β.
1026 1245 1283 1316 Virginis.

227 1343 348 1398 Heu
362 1355 471 1405 me,
489 1338 595 1395 Fili
615 1337 961 1401 dulcissime,
980 1337 1086 1392 beu
1104 1351 1209 1403 me,
1232 1336 1532 1406 peregrina
1552 1336 1745 1392 matris

160 1433 454 1507 peregrine
480 1432 642 1488 unice
669 1431 798 1498 Fili,
828 1438 885 1487 et
932 1430 1079 1485 inter
1109 1429 1434 1499 peregrinos
1492 1435 1554 1483 ut
1594 1442 1748 1498 pere-

159 1526 355 1598 grinus
384 1523 593 1594 injuste
625 1520 914 1577 interiectu
939 1538 952 1574 :
993 1525 1219 1588 propter
1250 1515 1384 1586 quid
1407 1524 1464 1571 et
1491 1531 1594 1587 ego
1623 1522 1752 1572 ante

158 1624 309 1670 tuam
340 1614 653 1684 passionem
681 1626 790 1667 non
831 1616 1053 1665 mortua
1079 1623 1203 1665 sum
1238 1606 1261 1660 ?
1291 1615 1348 1663 et
1376 1621 1487 1661 non
1510 1605 1751 1661 morien-

156 1714 289 1769 tem,
328 1701 467 1774 quid
494 1701 576 1758 sic
610 1708 799 1757 tacens
836 1697 1141 1769 pertransis
1170 1710 1278 1762 me,
1319 1706 1374 1751 et
1420 1711 1598 1766 neque
1626 1709 1752 1749 ver-

156 1799 283 1852 bum
311 1798 366 1852 ei
389 1810 513 1865 quae
542 1794 752 1864 peperit
793 1798 846 1847 te
872 1790 1121 1861 loqueris
1146 1789 1169 1842 Ἰ
1196 1787 1424 1844 Viscera
1454 1802 1577 1842 mea
1606 1787 1753 1841 intra

156 1898 239 1938 me
270 1882 682 1945 dilacerantur,
722 1880 995 1935 videntem
1027 1888 1077 1933 te
1104 1877 1226 1934 sine
1257 1891 1449 1938 causa.
1493 1883 1551 1931 ut
1584 1876 1755 1930 male-

1842 973 2126 1044 aposlolus
2156 972 2254 1029 Dei
2303 981 2409 1029 est.
2441 974 2508 1028 Et
2545 973 2600 1027 in
2657 971 2932 1043 reliquum
2978 973 3047 1031 iis
3079 978 3419 1045 convicians,

1843 1065 2181 1122 descendite
2231 1064 2643 1135 praedicatione,
2707 1066 2860 1121 nullo
2903 1067 3244 1138 intelligente
3276 1071 3425 1139 quod

1844 1157 2004 1214 dixit.
2070 1158 2494 1216 Revertentibus
2550 1166 2732 1217 autem
2779 1159 2918 1231 ipsis
2966 1161 3024 1217 in
3072 1160 3424 1233 Damascum,

1847 1251 2151 1307 honoratus
2180 1259 2266 1306 est
2295 1266 2323 1304 a
2347 1265 2476 1322 rege
2501 1260 2556 1307 et
2584 1266 2614 1306 a
2643 1251 2993 1323 magnatibus
3016 1253 3193 1324 ipsius
3214 1257 3429 1327 magni-

1849 1344 1974 1408 ﬁce,
2006 1344 2154 1399 velut
2200 1343 2503 1413 praedicans
2559 1345 2783 1401 omnino
2823 1346 3193 1417 inquinatum,
3253 1350 3432 1420 magis

1851 1442 2033 1489 autem
2073 1444 2125 1489 et
2148 1450 2432 1491 sermones
2461 1435 2729 1506 plurimos
2759 1453 3040 1508 exponens
3091 1439 3229 1509 ipsis
3283 1442 3433 1510 sapi-

1851 1528 2196 1595 entissimos,
2226 1538 2281 1585 et
2330 1545 2395 1585 ex
2452 1531 2831 1600 grammatica,
2887 1539 2943 1587 et
2990 1532 3329 1598 medicinali,
3380 1542 3437 1589 et

1853 1618 2067 1689 reliqua
2126 1620 2235 1674 alia
2270 1619 2509 1690 simplici
2560 1620 2855 1691 sapientia.
2900 1620 3018 1675 Non
3054 1621 3200 1677 enim
3239 1633 3437 1678 sancta

1854 1710 2086 1767 canibus
2106 1712 2353 1776 tradidit,
2384 1727 2560 1782 neque
2584 1727 2775 1783 puram
2817 1712 2979 1768 ﬁdem
3008 1713 3319 1784 inquinavit
3349 1715 3437 1770 vel

1855 1803 2380 1867 transmutavit,sed
2411 1805 2627 1874 utlapis
2655 1804 2880 1861 adamas
2904 1805 2961 1860 in
2984 1805 3166 1864 medio
3189 1807 3435 1879 lapidum

1859 1896 2278 1951 tenebrosorum
2314 1903 2369 1951 et
2406 1896 2819 1967 inquinatorum
2860 1897 3140 1965 habitans,
3183 1900 3439 1957 substan-

157 1980 431 2040 factorem
460 1970 686 2040 ligatum
718 1976 772 2025 et
801 1966 1150 2024 cruciﬁxum.
1186 1965 1360 2036 Cujus
1389 1965 1566 2038 gratia
1606 1964 1755 2020 velo-

1867 1987 1998 2041 tiam
2032 2002 2139 2041 non
2171 1989 2576 2044 transmutavit.
2612 1987 2733 2044 Non
2780 1990 3014 2046 multum
3073 1999 3257 2047 autem
3314 2000 3440 2063 post

154 2068 294 2122 citcr
317 2077 550 2117 cursum
570 2059 811 2132 perﬁcis,
843 2068 897 2115 et
920 2059 969 2114 ei
1000 2073 1122 2129 qua:
1151 2060 1271 2114 sine
1295 2057 1519 2112 tristitia
1549 2057 1762 2127 peperit

155 2165 228 2217 te.
268 2171 387 2210 non
437 2151 727 2224 loqueris?
758 2150 888 2215 Sed,
922 2165 954 2205 o
988 2166 1121 2205 meae
1177 2150 1443 2204 carentiae
1499 2148 1673 2219 prolis
1705 2163 1764 2213 et

154 2248 383 2303 diﬁicile
436 2244 729 2316 portabilis
781 2243 1023 2314 inopiae!
1060 2240 1193 2296 Mea:
1247 2241 1393 2295 enim
1441 2240 1763 2311 peregrina-

165 2339 348 2394 tionis
381 2335 788 2392 consolatorem
840 2332 1033 2404 perdo,
1063 2340 1117 2387 et
1149 2331 1268 2387 sola
1299 2339 1355 2386 et
1412 2331 1572 2402 inops
1621 2330 1765 2386 inter

155 2430 489 2501 peregrinos
509 2426 885 2497 derelinquor.
937 2422 1067 2491 Sed,
1098 2438 1130 2479 ο
1184 2420 1288 2477 Fili
1315 2430 1369 2478 ct
1408 2421 1555 2477 Deus
1606 2436 1762 2478 meus

166 2537 279 2576 non
318 2518 675 2587 derelinquas
722 2532 831 2573 me.
867 2513 935 2571 Et
974 2517 1082 2571 alia
1134 2514 1302 2572 verba
1361 2514 1480 2584 ipsa
1530 2512 1762 2569 Domina

157 2612 359 2666 dolore
386 2609 554 2681 digna
581 2624 708 2664 cum
746 2609 1007 2680 lacrymis
1037 2610 1294 2677 loquens,
1346 2605 1576 2662 tristitia
1629 2620 1763 2661 cou—

160 2701 475 2755 tinebatur.
506 2698 551 2751 Δ
577 2699 839 2770 sepulcro
863 2707 1044 2753 autem
1068 2697 1388 2754 misericors
1411 2694 1557 2752 Deus
1579 2704 1768 2750 noster

162 2793 334 2847 tertia
367 2792 458 2847 die
493 2806 803 2863 resurgens,
837 2799 890 2846 et
931 2805 1199 2845 manuum
1245 2788 1518 2844 iacturam
1552 2802 1621 2844 ex
1681 2786 1767 2842 in-

166 2883 323 2938 femi
404 2882 648 2938 vinculis
706 2882 966 2948 avellens,
1001 2882 1261 2938 omnibus
1308 2881 1468 2937 nobis
1519 2893 1766 2935 resurre-

164 2977 413 3033 ctionem
441 2975 689 3030 donavit.

840 3065 996 3122 CAP.
1032 3063 1097 3119 ν.

646 3157 728 3213 De
751 3155 965 3211 Joanne
988 3154 1343 3209 Damasceno.

1863 2079 2117 2135 invidens
2158 2079 2264 2149 ipsi
2301 2080 2465 2150 hujus
2507 2079 2858 2154 paedagogus,
2918 2083 3007 2138 cui
3029 2090 3086 2138 et
3138 2083 3437 2149 successit,

1864 2179 2090 2243 propter
2147 2174 2538 2229 transcendere
2591 2174 2774 2244 ipsum
2830 2174 2885 2229 in
2959 2174 3109 2230 omni
3153 2174 3438 2246 sapientia,

1862 2276 1918 2322 et
1951 2280 2061 2320 non
2086 2264 2265 2321 ferens
2294 2267 2567 2337 respicere
2630 2267 2806 2337 ipsum
2858 2266 2913 2322 in
2965 2267 3191 2339 proprio
3247 2269 3443 2325 ordine

1865 2359 2219 2431 proﬁcentem
2247 2366 2303 2414 et
2329 2359 2608 2414 laudatum
2649 2359 2719 2414 ab
2760 2358 3041 2425 omnibus,
3086 2360 3239 2414 misit
3291 2369 3351 2414 ut
3376 2376 3444 2416 ex

1864 2465 2102 2522 persona
2132 2449 2310 2521 ipsius
2364 2449 2431 2504 ad
2472 2449 2706 2505 alterum
2758 2463 2942 2522 regem
2982 2448 3196 2504 litteras
3250 2450 3444 2520 plenas

1867 2543 2136 2601 seandalo
2162 2543 2313 2598 velut
2345 2542 2579 2598 volentis
2610 2542 2829 2598 tradere
2850 2541 3135 2612 proprium
3155 2541 3444 2598 dominum

1866 2632 1934 2687 ad
1959 2630 2196 2705 [XXVII]
2222 2631 2370 2685 illum
2401 2638 2455 2685 et
2479 2630 2653 2701 ipsius
2675 2644 2904 2701 regnum
2931 2628 3231 2686 transferre
3258 2631 3325 2686 ad
3360 2632 3446 2701 ip-

1866 2730 2010 2772 sum.
2028 2714 2430 2786 Legensautem
2452 2714 2664 2771 litteras
2686 2729 2801 2779 rex,
2828 2712 3083 2770 rescribit
3103 2713 3169 2768 ad
3193 2714 3445 2771 Damasci

1866 2821 2046 2880 regem
2068 2806 2322 2862 amicitia:
2344 2806 2543 2877 gratia,
2567 2814 2622 2862 et
2644 2804 3042 2876 vituperativos
3064 2804 3133 2860 ad
3154 2804 3444 2869 Joannem,

1868 2907 1928 2957 ut
1968 2899 2036 2954 ad
2081 2897 2419 2970 proditorem
2476 2904 2532 2952 et
2589 2896 2868 2965 dolosum,
2929 2898 3095 2954 simul
3143 2907 3323 2954 autem
3379 2900 3447 2955 ad

1868 2992 2311 3063 redargutionem
2344 2989 2520 3061 ipsius
2568 2988 2719 3044 misit
2772 2988 2976 3046 missas
3020 2990 3086 3044 ad
3132 2990 3311 3060 ipsum
3359 2992 3450 3045 lit-

1869 3093 2037 3139 teras.
2070 3080 2331 3153 Utigitur
2362 3081 2499 3136 vidit
2532 3080 2630 3136 has
2655 3095 2769 3146 rex,
2800 3089 2855 3137 et
2885 3081 2940 3137 in
2967 3083 3174 3139 exstasi
3198 3081 3447 3150 effectus,

1869 3171 2159 3229 confestim
2186 3172 2416 3227 advocat
2442 3169 2734 3240 Joannem,
2766 3179 2822 3227 et
2862 3174 3102 3230 ostendit
3128 3174 3233 3243 ipsi
3261 3173 3452 3230 dolose

245 3255 393 3312 Hinc
411 3253 583 3326 igitur
605 3249 933 3307 transferam
975 3261 1309 3311 sermonem,
1344 3254 1397 3299 et
1427 3249 1676 3299 revertar
1699 3241 1766 3297 ad

1869 3263 2103 3319 omissas
2128 3264 2393 3318 adversus
2423 3261 2603 3332 ipsum
2631 3263 2867 3327 litteras,
2920 3273 2975 3319 et
3025 3241 3214 3336 legens
3257 3266 3453 3320 obstu-

167 3349 450 3419 optimum
461 3345 743 3400 doctorem
763 3349 1011 3397 nostrum
1035 3346 1091 3395 et
1114 3345 1350 3408 patrem.
1370 3333 1766 3405 etmagistrum

170 3440 334 3495 orbis
380 3446 662 3493 terrarum
692 3430 1051 3502 superutilem
1108 3437 1475 3493 narratorem,
1510 3424 1763 3480 Damasci

170 3528 479 3585 Joannem.
515 3526 583 3581 Et
604 3524 908 3581 secundum
956 3528 1250 3590 angustum
1291 3532 1425 3573 mea:
1463 3517 1666 3574 mentis
1718 3522 1774 3572 et

170 3622 429 3692 inopiam
464 3632 601 3673 meae
649 3616 870 3687 linguae,
900 3612 1101 3683 largita
1156 3610 1290 3665 mihi
1321 3608 1388 3665 de
1417 3608 1558 3677 ipso,
1598 3606 1774 3677 ipsius

173 3709 537 3765 orationibus
562 3704 857 3761 enarrabo.
894 3704 1004 3758 Iste
1024 3708 1147 3757 erat
1185 3699 1412 3770 quidem
1444 3699 1500 3753 in
1547 3696 1775 3752 civitate

171 3796 664 3868 Constantinopoli
680 3795 831 3867 prius
849 3806 1204 3850 conversans.
1228 3787 1580 3846 lnvidebatur
1592 3794 1773 3842 autem

170 3896 230 3950 ei
271 3902 502 3965 propter
548 3902 823 3945 summum
868 3886 1047 3956 ipsius
1094 3896 1345 3937 amorem
1397 3879 1710 3949 disciplinae
1743 3893 1773 3933 a

168 3982 538 4044 concivibus,
592 3980 649 4034 in
687 3976 941 4033 exsilium
995 3972 1225 4029 recessit
1278 3971 1331 4025 in
1392 3967 1774 4023 Damascum:

174 4076 243 4128 in
275 4087 389 4143 qua
444 4079 500 4126 et
546 4068 923 4139 Agarenorum
988 4064 1199 4118 litteras
1261 4060 1495 4117 edoctus
1548 4058 1773 4128 optime,

172 4163 616 4237 propteripsius
652 4160 881 4215 multam
939 4155 1288 4225 disciplinam
1342 4159 1397 4207 et
1454 4148 1779 4206 humilitatis

174 4260 548 4321 electionem,
582 4265 639 4311 et
669 4268 789 4311 eam
826 4266 948 4323 quae
979 4249 1047 4304 ad
1083 4262 1275 4303 omnes
1330 4251 1680 4301 mansuetam
1725 4251 1780 4298 et

174 4352 417 4407 dulcem
445 4347 888 4407 collocutionem,
914 4339 1243 4396 manifestus
1266 4337 1381 4409 regi
1415 4337 1644 4392 eﬁectus
1672 4342 1779 4402 est,

175 4451 256 4500 et
281 4446 490 4497 honore
514 4438 754 4495 maximo
776 4436 844 4490 ab
873 4436 997 4505 ipso
1021 4432 1375 4503 digniﬁcatus
1406 4437 1513 4494 est,
1557 4435 1612 4483 et
1650 4441 1779 4484 cum

176 4537 323 4605 ipso
350 4533 542 4588 abibat
580 4538 641 4585 ut
677 4526 910 4583 dilectus
939 4525 1005 4579 ad
1040 4525 1215 4594 ipsius
1236 4519 1504 4576 Moametb
1545 4519 1779 4584 foveam,

174 4638 268 4681 οι
305 4640 417 4679 non
461 4623 642 4676 dicam
671 4619 1015 4690 sepulcrum.
1050 4614 1113 4669 Et
1142 4613 1327 4669 omnia
1359 4627 1481 4683 quae
1514 4611 1623 4666 illic
1654 4625 1783 4665 con-

170 4715 551 4774 fabulatione
574 4714 734 4782 digna
775 4708 1146 4780 conspiciens,
1184 4713 1236 4761 et
1266 4706 1322 4759 in
1373 4704 1603 4759 nihilum
1628 4716 1785 4772 repu-
1813 4732 1857 4788 υ

162 4820 353 4869 lana.
394 4809 452 4861 in
482 4805 646 4860 corde
684 4803 856 4872 ipsius
890 4798 1249 4854 conservabat
1278 4794 1461 4851 omnia
1493 4794 1558 4848 ad
1590 4794 1780 4849 redar-

1873 3354 1989 3424 puit
2020 3372 2034 3408 :
2068 3355 2263 3409 littera:
2314 3355 2557 3426 quidem,
2586 3355 2796 3420 dicens,
2838 3364 2898 3411 ut
2931 3371 3103 3423 meae;
3164 3371 3453 3415 sermones

1874 3455 2058 3501 autem
2090 3460 2200 3501 non
2230 3448 2361 3503 mei.
2400 3446 2570 3503 Valde
2609 3448 2757 3502 enim
2790 3463 2904 3503 sua:
2931 3454 2986 3503 et
3030 3448 3278 3519 magistri
3309 3449 3453 3504 assi-

1874 3540 2212 3595 milabantur
2239 3540 2453 3595 litterae.
2488 3541 2573 3605 Et,
2610 3549 2671 3595 ut
2696 3541 2938 3597 breviter
2977 3540 3180 3607 dicam,
3227 3549 3455 3613 propter

1873 3643 1994 3684 eam
2025 3644 2148 3698 quae
2176 3630 2323 3699 regis
2361 3637 2415 3684 et
2444 3638 2761 3701 magnatum
2798 3631 2867 3687 ad
2900 3631 3080 3702 ipsum
3100 3630 3455 3687 dilectionem

1876 3726 1933 3775 et
1957 3720 2279 3783 amicitiam,
2332 3721 2593 3791 praecepit
2645 3720 2887 3775 dextera:
2938 3735 3136 3777 manus
3191 3720 3455 3792 pollicem

1879 3809 2112 3866 abscidi.
2144 3809 2264 3877 Quo
2292 3809 2463 3874 Iacto,
2510 3810 2735 3866 tristitia
2768 3814 3006 3867 maxima
3036 3812 3457 3884 comprehendit

1877 3900 2021 3955 inter
2050 3902 2375 3971 peregrinos
2401 3898 2668 3957 Joannem
2705 3918 2721 3956 :
2757 3911 2813 3957 et
2845 3916 3147 3961 accurrens
3171 3905 3357 3962 abibat
3386 3903 3459 3960 ad

1878 3989 2125 4047 Domina:
2156 3991 2451 4063 imaginem
2467 4008 2631 4064 quam
2647 4003 2862 4051 secreto
2887 3996 3229 4067 possidebat,
3250 3999 3459 4056 habens

1879 4099 2065 4141 secum
2118 4084 2423 4141 abscissum
2447 4086 2680 4157 digitum
2717 4103 2731 4141 :
2762 4096 2813 4144 et
2842 4102 3020 4159 genua
3060 4086 3306 4155 ﬂectens,
3360 4091 3460 4147 de-

1880 4179 2208 4250 precabatur
2232 4178 2405 4248 ipsam
2436 4194 2562 4234 cum
2611 4179 2871 4249 Iacrymis
2914 4188 2971 4237 et
3028 4180 3460 4253 proluudissimo

1880 4270 2107 4341 gemitu,
2133 4274 2193 4325 ut
2214 4269 2368 4324 daret
2390 4268 2495 4339 ipsi
2527 4269 2841 4327 sanitatem.
2868 4268 2982 4326 Hoc
3015 4277 3200 4327 autem
3226 4269 3463 4327 faciebat

1883 4374 1978 4432 per
2007 4370 2122 4418 tres
2155 4360 2297 4428 dies,
2334 4360 2556 4433 quando
2575 4361 2726 4418 solus
2752 4362 3128 4433 permanebat.

2521 4500 2674 4558 CAP.
2705 4498 2797 4556 Vl.

2304 4591 2383 4647 De
2413 4592 2747 4647 restitutione
2773 4589 3007 4660 pollicis.

1957 4684 2159 4741 lnﬁexa
2188 4684 2357 4755 igitur
2387 4684 2565 4757 ipsius
2592 4683 3078 4755 deprecationibus
3109 4680 3467 4738 immaculata

1885 4774 2141 4842 Domina,
2190 4775 2437 4832 ﬁdelium
2469 4776 2819 4832 velocissima
2858 4774 3151 4846 protectio,
3188 4772 3469 4829 adhaerere

152 4862 486 4973 éutionem
535 4903 590 4950 et
639 4862 1020 4949 confusionem
1082 4888 1199 4942 hate
1251 4889 1659 4948 venerantium,
1713 4900 1782 4940 ex
1883 4868 2218 4973 ξθοξιίρξίυθ
2245 4867 2476 4973 digitum
2494 4867 2639 4924 unde
2668 4862 3221 4973 abscissusestLetin
3243 4862 3470 4973 nomine

154 4952 412 5063 auibus
448 4996 501 5044 et
525 4989 581 5043 in
610 4985 912 5042 centesima
947 4981 1141 5038 haeresi
1163 4979 1563 5034 lsmaelitarum
1590 4992 1781 5048 parum
1885 4959 2485 5063 ipﬁiufni'ﬁmfmuhfah
2514 4966 2567 5014 θῑ
2598 4974 2661 5015 εκ
2690 4958 2807 5031 ipsa
2838 4956 3009 5063 κεηῖιξ
3037 4952 3471 5063 Ρξξωίηίηηοδίτί

146 5034 510 5142 ἔοειτενὶι.
548 5079 788 5133 Coactus
839 5084 922 5131 est
957 5082 1141 5128 autem
1171 5073 1279 5127 illic
1314 5086 1343 5125 a
1395 5086 1522 5142 rege
1553 5070 1766 5125 adorari

1884 5054 2013 5109 Iesu
2040 5053 2248 5109 Christi
2278 5053 2568 5109 restitutus
2595 5058 2679 5107 cst
2724 5065 2897 5106 sanus
2944 5055 3006 5104 ut
3037 5034 3213 5104 ‘alius.
3252 5048 3472 5117 Cogno-

144 5187 231 5233 el.
286 5174 419 5242 ipse
455 5170 628 5241 ipsius
680 5166 1008 5228 venerabile,
1069 5172 1122 5220 et
1183 5161 1351 5234 lapidi
1402 5136 1689 5225 adclinari,
1730 5176 1766 5216 e1

1887 5159 2049 5201 soens
2079 5154 2261 5201 autem
2292 5145 2409 5202 hac
2442 5159 2555 5209 rex,
2584 5151 2641 5198 ut
2670 5158 2841 5199 sanus
2864 5150 2919 5198 et
2950 5140 3201 5211 gaudens
3219 5136 3469 5203 ρηοδιυς,

140 5231 392 5342 ipsa-In
448 5231 715 5317 bloametli
756 5259 1073 5329 praedicare,
1120 5256 1215 5325 qui
1238 5231 1480 5324 propter
1528 5253 1781 5307 timorem
1891 5240 2199 5309 Quaerebat
2239 5239 2315 5342 Ξῖ)
2360 5240 2480 5342 ipso
2510 5240 2633 5342 quis
2674 5236 2864 5342 utique
2911 5244 3017 5300 est,
3062 5231 3472 5342 ctLquijipstltm

143 5321 411 5418 Ehe,
438 5354 612 5423 magis
652 5321 833 5405 autem
866 5356 1089 5419 propter
1122 5321 1454 5401 desiderium
1488 5342 1786 5413 enarrandi
1891 5340 2203 5389 “ﬂaverat-
2235 5330 2392 5398 QUOd
2425 5329 2754 5423 θφνγάίθςθηε
2789 5321 3477 5423 abutgpescsbnldetlo-

134 5412 675 5514 Lgbisquae‘illic,
705 5412 937 5510 lapidem
966 5412 1241 5492 inclinans
1283 5435 1559 5505 conspuit,
1586 5442 1644 5489 et
1706 5431 1790 5488 Io-
1891 5426 2043 5481 rioso
2090 5431 2146 5500 et
2197 5422 2518 5494 inopinabili
2566 5419 2869 5514 miraculo.
2918 5416 3206 5514 Posterius
3249 5412 3475 5514 quidem

130 5502 368 5601 ;;a_m
405 5502 517 5591 non
534 5502 802 5595 adoravit,
833 5541 889 5587 et
916 5530 981 5585 ad
1002 5502 1443 5600 praedicationem
1463 5527 1787 5583 ascendens:
1893 5533 2087 5590 parum
2126 5516 2368 5582 discens,
2408 5513 2669 5584 quoniam
2719 5510 2887 5582 hujus
2922 5507 3255 5582 paedagogus
3289 5502 3474 5601 dolum

129 5596 450 5705 il—agnus
480 5627 737 5682 Dominus
775 5625 843 5690 “,
868 5596 1028 5687 dixit,
1064 5629 1119 5677 et
1142 5636 1252 5676 non
1290 5629 1377 5676 est
1404 5618 1550 5676 Deus
1595 5626 1787 5689 praeter
1895 5613 2162 5670 adversus
2196 5626 2320 5668 eum
2352 5608 2700 5667 machinatus
2729 5612 2837 5673 est,
2868 5602 3109 5675 pessime
3138 5614 3263 5656 cum
3298 5596 3477 5669 pannis

228 5750 303 5784 ιο
362 5742 518 5801 Psal.
556 5742 610 5797 ὅ.
695 5740 740 5773 ’θ
769 5738 916 5796 Psal.
950 5754 1083 5803 xvn,
1125 5736 1214 5792 $2.
1724 5799 1936 5858 NOTAE

232 5905 407 5985 (34)
444 5901 580 5975 Reg.
619 5901 744 5959 cod.
772 5899 990 5956 obscure
1020 5909 1195 5953 autem
1232 5895 1485 5967 quoniam
1514 5894 1632 5950 iste.
