  <div class='ocr_page' id='page_1' title='image "/cluster/home/n/w/nwhite01/storage/ocr_20150623/94/hvd.32044052838174/331.png"; bbox 0 0 3974 6338; ppageno 0'>
   <div class='ocr_carea' id='block_1_1' title="bbox 516 372 624 443">
    <p class='ocr_par' dir='ltr' id='par_1_1' title="bbox 516 372 624 443">
     <span class='ocr_line' id='line_1_1' title="bbox 516 372 624 443; baseline 0.037 -4"><span class='ocrx_word' id='word_1_1' title='bbox 516 372 624 443; x_wconf 71' lang='grc'><strong>495</strong></span> 
     </span>
    </p>
   </div>
   <div class='ocr_carea' id='block_1_2' title="bbox 516 480 2177 551">
    <p class='ocr_par' dir='ltr' id='par_1_2' title="bbox 516 480 2177 551">
     <span class='ocr_line' id='line_1_2' title="bbox 516 480 2177 551; baseline -0.006 -8"><span class='ocrx_word' id='word_1_2' title='bbox 516 486 708 543; x_wconf 88' lang='lat' dir='ltr'><strong>multis</strong></span> <span class='ocrx_word' id='word_1_3' title='bbox 750 484 805 539; x_wconf 89' lang='lat' dir='ltr'><strong>in</strong></span> <span class='ocrx_word' id='word_1_4' title='bbox 835 480 1091 540; x_wconf 80' lang='lat' dir='ltr'><strong>exsilium</strong></span> <span class='ocrx_word' id='word_1_5' title='bbox 1127 480 1307 551; x_wconf 89' lang='lat' dir='ltr'><strong>ipsum</strong></span> <span class='ocrx_word' id='word_1_6' title='bbox 1355 480 1504 537; x_wconf 89' lang='lat' dir='ltr'><strong>misit</strong></span> <span class='ocrx_word' id='word_1_7' title='bbox 1540 498 1552 534; x_wconf 92' lang='lat'><strong>:</strong></span> <span class='ocrx_word' id='word_1_8' title='bbox 1588 482 1782 551; x_wconf 86' lang='lat' dir='ltr'><strong>sicque</strong></span> <span class='ocrx_word' id='word_1_9' title='bbox 1832 480 2103 551; x_wconf 81' lang='lat' dir='ltr'><strong>adimple-</strong></span> <span class='ocrx_word' id='word_1_10' title='bbox 2130 484 2177 542; x_wconf 80' lang='grc' dir='ltr'><strong>Α</strong></span> 
     </span>
    </p>
   </div>
   <div class='ocr_carea' id='block_1_3' title="bbox 516 572 2099 645">
    <p class='ocr_par' dir='ltr' id='par_1_3' title="bbox 516 572 2099 645">
     <span class='ocr_line' id='line_1_3' title="bbox 516 572 2099 645; baseline -0.004 -12"><span class='ocrx_word' id='word_1_11' title='bbox 516 590 630 633; x_wconf 90' lang='lat' dir='ltr'><strong>tum</strong></span> <span class='ocrx_word' id='word_1_12' title='bbox 661 586 748 632; x_wconf 87' lang='lat' dir='ltr'><strong>est</strong></span> <span class='ocrx_word' id='word_1_13' title='bbox 786 584 840 630; x_wconf 87' lang='lat' dir='ltr'><strong>et</strong></span> <span class='ocrx_word' id='word_1_14' title='bbox 872 576 927 631; x_wconf 91' lang='lat' dir='ltr'><strong>in</strong></span> <span class='ocrx_word' id='word_1_15' title='bbox 966 577 1086 645; x_wconf 88' lang='lat' dir='ltr'><strong>ipso</strong></span> <span class='ocrx_word' id='word_1_16' title='bbox 1107 573 1255 645; x_wconf 91' lang='lat' dir='ltr'><strong>quod</strong></span> <span class='ocrx_word' id='word_1_17' title='bbox 1284 574 1551 644; x_wconf 91' lang='lat' dir='ltr'><strong>scriptum</strong></span> <span class='ocrx_word' id='word_1_18' title='bbox 1582 582 1668 629; x_wconf 87' lang='lat' dir='ltr'><strong>est</strong></span> <span class='ocrx_word' id='word_1_19' title='bbox 1698 590 1713 627; x_wconf 88' lang='lat'><strong>:</strong></span> <span class='ocrx_word' id='word_1_20' title='bbox 1749 572 1951 627; x_wconf 82' lang='lat' dir='ltr'><strong>Locum</strong></span> <span class='ocrx_word' id='word_1_21' title='bbox 1976 587 2099 640; x_wconf 83' lang='lat' dir='ltr'><strong>ape-</strong></span> 
     </span>
    </p>
   </div>
   <div class='ocr_carea' id='block_1_4' title="bbox 515 663 2097 738">
    <p class='ocr_par' dir='ltr' id='par_1_4' title="bbox 515 663 2097 738">
     <span class='ocr_line' id='line_1_4' title="bbox 515 663 2097 738; baseline -0.003 -16"><span class='ocrx_word' id='word_1_22' title='bbox 515 671 624 723; x_wconf 76' lang='lat' dir='ltr'><strong>ruit</strong></span> <span class='ocrx_word' id='word_1_23' title='bbox 655 677 707 723; x_wconf 88' lang='lat' dir='ltr'><strong>et</strong></span> <span class='ocrx_word' id='word_1_24' title='bbox 735 668 919 738; x_wconf 77' lang='lat' dir='ltr'><strong>e/fodit</strong></span> <span class='ocrx_word' id='word_1_25' title='bbox 940 684 1081 731; x_wconf 88' lang='lat' dir='ltr'><strong>eum,</strong></span> <span class='ocrx_word' id='word_1_26' title='bbox 1102 676 1151 719; x_wconf 83' lang='lat' dir='ltr'><strong>et</strong></span> <span class='ocrx_word' id='word_1_27' title='bbox 1183 666 1370 720; x_wconf 76' lang='lat' dir='ltr'><strong>incidit</strong></span> <span class='ocrx_word' id='word_1_28' title='bbox 1402 666 1457 720; x_wconf 91' lang='lat' dir='ltr'><strong>in</strong></span> <span class='ocrx_word' id='word_1_29' title='bbox 1483 666 1684 736; x_wconf 76' lang='lat' dir='ltr'><strong>[creant</strong></span> <span class='ocrx_word' id='word_1_30' title='bbox 1712 681 1873 734; x_wconf 79' lang='lat' dir='ltr'><strong>quam</strong></span> <span class='ocrx_word' id='word_1_31' title='bbox 1902 663 2097 733; x_wconf 62' lang='lat' dir='ltr'><strong>fecit”.</strong></span> 
     </span>
    </p>
   </div>
   <div class='ocr_carea' id='block_1_5' title="bbox 514 755 2100 828">
    <p class='ocr_par' dir='ltr' id='par_1_5' title="bbox 514 755 2100 828">
     <span class='ocr_line' id='line_1_5' title="bbox 514 755 2100 828; baseline -0.004 -13"><span class='ocrx_word' id='word_1_32' title='bbox 514 761 582 818; x_wconf 82' lang='lat' dir='ltr'><strong>Et</strong></span> <span class='ocrx_word' id='word_1_33' title='bbox 609 759 680 815; x_wconf 87' lang='lat' dir='ltr'><strong>de</strong></span> <span class='ocrx_word' id='word_1_34' title='bbox 723 760 875 828; x_wconf 86' lang='lat' dir='ltr'><strong>justo</strong></span> <span class='ocrx_word' id='word_1_35' title='bbox 927 778 939 814; x_wconf 92' lang='lat'><strong>:</strong></span> <span class='ocrx_word' id='word_1_36' title='bbox 992 757 1233 814; x_wconf 80' lang='lat' dir='ltr'><strong>Custodit</strong></span> <span class='ocrx_word' id='word_1_37' title='bbox 1282 757 1541 813; x_wconf 78' lang='lat' dir='ltr'><strong>Dominus</strong></span> <span class='ocrx_word' id='word_1_38' title='bbox 1590 772 1767 812; x_wconf 82' lang='lat' dir='ltr'><strong>omnes</strong></span> <span class='ocrx_word' id='word_1_39' title='bbox 1822 755 2100 826; x_wconf 72' lang='lat' dir='ltr'><strong>diligentes</strong></span> 
     </span>
    </p>
   </div>
   <div class='ocr_carea' id='block_1_6' title="bbox 508 840 2101 918">
    <p class='ocr_par' dir='ltr' id='par_1_6' title="bbox 508 840 2101 918">
     <span class='ocr_line' id='line_1_6' title="bbox 508 840 2101 918; baseline -0.005 -14"><span class='ocrx_word' id='word_1_40' title='bbox 508 840 649 918; x_wconf 63' lang='lat' dir='ltr'><strong>se&quot;.</strong></span> <span class='ocrx_word' id='word_1_41' title='bbox 686 848 752 903; x_wconf 80' lang='lat' dir='ltr'><strong>Et</strong></span> <span class='ocrx_word' id='word_1_42' title='bbox 794 866 808 902; x_wconf 89' lang='lat'>:</span> <span class='ocrx_word' id='word_1_43' title='bbox 852 844 977 901; x_wconf 87' lang='lat' dir='ltr'><strong>Non</strong></span> <span class='ocrx_word' id='word_1_44' title='bbox 1012 847 1166 901; x_wconf 86' lang='lat' dir='ltr'><strong>dabis</strong></span> <span class='ocrx_word' id='word_1_45' title='bbox 1201 846 1461 902; x_wconf 85' lang='lat' dir='ltr'><strong>Sanctum</strong></span> <span class='ocrx_word' id='word_1_46' title='bbox 1507 855 1654 901; x_wconf 86' lang='lat' dir='ltr'><strong>tuum</strong></span> <span class='ocrx_word' id='word_1_47' title='bbox 1700 845 1874 901; x_wconf 82' lang='lat' dir='ltr'><strong>videre</strong></span> <span class='ocrx_word' id='word_1_48' title='bbox 1919 860 2101 899; x_wconf 83' lang='lat' dir='ltr'><strong>corru-</strong></span> 
     </span>
    </p>
   </div>
   <div class='ocr_carea' id='block_1_7' title="bbox 512 938 2101 1010">
    <p class='ocr_par' dir='ltr' id='par_1_7' title="bbox 512 938 2101 1010">
     <span class='ocr_line' id='line_1_7' title="bbox 512 938 2101 1010; baseline -0.001 -16"><span class='ocrx_word' id='word_1_49' title='bbox 512 939 824 1008; x_wconf 77' lang='lat' dir='ltr'><strong>plionem“.</strong></span> <span class='ocrx_word' id='word_1_50' title='bbox 862 939 1080 994; x_wconf 84' lang='lat' dir='ltr'><strong>Rursus</strong></span> <span class='ocrx_word' id='word_1_51' title='bbox 1116 938 1287 1010; x_wconf 89' lang='lat' dir='ltr'><strong>igitur</strong></span> <span class='ocrx_word' id='word_1_52' title='bbox 1316 939 1591 995; x_wconf 82' lang='lat' dir='ltr'><strong>excelsius</strong></span> <span class='ocrx_word' id='word_1_53' title='bbox 1623 941 1928 994; x_wconf 88' lang='lat' dir='ltr'><strong>honoratus</strong></span> <span class='ocrx_word' id='word_1_54' title='bbox 1957 946 2043 994; x_wconf 90' lang='lat' dir='ltr'><strong>est</strong></span> <span class='ocrx_word' id='word_1_55' title='bbox 2071 952 2101 992; x_wconf 91' lang='lat' dir='ltr'><strong>a</strong></span> 
     </span>
    </p>
   </div>
   <div class='ocr_carea' id='block_1_8' title="bbox 512 1029 2103 1103">
    <p class='ocr_par' dir='ltr' id='par_1_8' title="bbox 512 1029 2103 1103">
     <span class='ocr_line' id='line_1_8' title="bbox 512 1029 2103 1103; baseline -0.001 -16"><span class='ocrx_word' id='word_1_56' title='bbox 512 1048 642 1103; x_wconf 84' lang='lat' dir='ltr'><strong>rege</strong></span> <span class='ocrx_word' id='word_1_57' title='bbox 686 1029 946 1096; x_wconf 83' lang='lat' dir='ltr'><strong>Joannes,</strong></span> <span class='ocrx_word' id='word_1_58' title='bbox 996 1038 1049 1085; x_wconf 90' lang='lat' dir='ltr'><strong>et</strong></span> <span class='ocrx_word' id='word_1_59' title='bbox 1098 1031 1166 1084; x_wconf 88' lang='lat' dir='ltr'><strong>ab</strong></span> <span class='ocrx_word' id='word_1_60' title='bbox 1210 1031 1468 1086; x_wconf 89' lang='lat' dir='ltr'><strong>omnibus</strong></span> <span class='ocrx_word' id='word_1_61' title='bbox 1516 1030 1879 1101; x_wconf 87' lang='lat' dir='ltr'><strong>principibus,</strong></span> <span class='ocrx_word' id='word_1_62' title='bbox 1930 1036 1986 1085; x_wconf 92' lang='lat' dir='ltr'><strong>et</strong></span> <span class='ocrx_word' id='word_1_63' title='bbox 2033 1029 2103 1085; x_wconf 90' lang='lat' dir='ltr'><strong>ab</strong></span> 
     </span>
    </p>
   </div>
   <div class='ocr_carea' id='block_1_9' title="bbox 513 1122 2104 1192">
    <p class='ocr_par' dir='ltr' id='par_1_9' title="bbox 513 1122 2104 1192">
     <span class='ocr_line' id='line_1_9' title="bbox 513 1122 2104 1192; baseline -0.002 -14"><span class='ocrx_word' id='word_1_64' title='bbox 513 1122 771 1178; x_wconf 76' lang='lat' dir='ltr'><strong>munibus</strong></span> <span class='ocrx_word' id='word_1_65' title='bbox 798 1128 859 1175; x_wconf 88' lang='lat' dir='ltr'><strong>ut</strong></span> <span class='ocrx_word' id='word_1_66' title='bbox 906 1129 1275 1191; x_wconf 88' lang='lat' dir='ltr'><strong>conregnator</strong></span> <span class='ocrx_word' id='word_1_67' title='bbox 1303 1136 1429 1176; x_wconf 90' lang='lat' dir='ltr'><strong>cum</strong></span> <span class='ocrx_word' id='word_1_68' title='bbox 1474 1136 1602 1192; x_wconf 77' lang='lat' dir='ltr'><strong>rege</strong></span> <span class='ocrx_word' id='word_1_69' title='bbox 1640 1122 2007 1178; x_wconf 78' lang='lat' dir='ltr'><strong>venerabatur</strong></span> <span class='ocrx_word' id='word_1_70' title='bbox 2047 1130 2104 1176; x_wconf 92' lang='lat' dir='ltr'><strong>et</strong></span> 
     </span>
    </p>
   </div>
   <div class='ocr_carea' id='block_1_10' title="bbox 511 1213 947 1286">
    <p class='ocr_par' dir='ltr' id='par_1_10' title="bbox 511 1213 947 1286">
     <span class='ocr_line' id='line_1_10' title="bbox 511 1213 947 1286; baseline -0.005 -19"><span class='ocrx_word' id='word_1_71' title='bbox 511 1213 947 1286; x_wconf 80' lang='lat' dir='ltr'><strong>gloriﬁcabatur.</strong></span> 
     </span>
    </p>
   </div>
   <div class='ocr_carea' id='block_1_11' title="bbox 1157 1280 1457 1338">
    <p class='ocr_par' dir='ltr' id='par_1_11' title="bbox 1157 1280 1457 1338">
     <span class='ocr_line' id='line_1_11' title="bbox 1157 1280 1457 1338; baseline 0.003 -1"><span class='ocrx_word' id='word_1_72' title='bbox 1157 1281 1291 1337; x_wconf 82' lang='lat' dir='ltr'><strong>CAP</strong></span> <span class='ocrx_word' id='word_1_73' title='bbox 1342 1280 1457 1338; x_wconf 81' lang='lat' dir='ltr'><strong>VII.</strong></span> 
     </span>
    </p>
   </div>
   <div class='ocr_carea' id='block_1_12' title="bbox 622 1393 1989 1465">
    <p class='ocr_par' dir='ltr' id='par_1_12' title="bbox 622 1393 1989 1465">
     <span class='ocr_line' id='line_1_12' title="bbox 622 1393 1989 1465; baseline 0.001 -17"><span class='ocrx_word' id='word_1_74' title='bbox 622 1395 699 1451; x_wconf 90' lang='lat' dir='ltr'><strong>De</strong></span> <span class='ocrx_word' id='word_1_75' title='bbox 740 1394 971 1465; x_wconf 79' lang='lat' dir='ltr'><strong>perfecta</strong></span> <span class='ocrx_word' id='word_1_76' title='bbox 1008 1395 1344 1449; x_wconf 85' lang='lat' dir='ltr'><strong>conversione</strong></span> <span class='ocrx_word' id='word_1_77' title='bbox 1371 1393 1600 1449; x_wconf 81' lang='lat' dir='ltr'><strong>Joannis</strong></span> <span class='ocrx_word' id='word_1_78' title='bbox 1644 1394 1989 1450; x_wconf 84' lang='lat' dir='ltr'><strong>Damasceni.</strong></span> 
     </span>
    </p>
   </div>
   <div class='ocr_carea' id='block_1_13' title="bbox 590 1502 2105 1579">
    <p class='ocr_par' dir='ltr' id='par_1_13' title="bbox 590 1502 2105 1579">
     <span class='ocr_line' id='line_1_13' title="bbox 590 1502 2105 1579; baseline -0.004 -16"><span class='ocrx_word' id='word_1_79' title='bbox 590 1508 713 1579; x_wconf 88' lang='lat' dir='ltr'><strong>Ipse</strong></span> <span class='ocrx_word' id='word_1_80' title='bbox 761 1514 943 1561; x_wconf 90' lang='lat' dir='ltr'><strong>autem</strong></span> <span class='ocrx_word' id='word_1_81' title='bbox 992 1504 1176 1559; x_wconf 86' lang='lat' dir='ltr'><strong>omnia</strong></span> <span class='ocrx_word' id='word_1_82' title='bbox 1210 1519 1332 1575; x_wconf 87' lang='lat' dir='ltr'><strong>quae</strong></span> <span class='ocrx_word' id='word_1_83' title='bbox 1375 1516 1527 1558; x_wconf 80' lang='lat' dir='ltr'><strong>vanae</strong></span> <span class='ocrx_word' id='word_1_84' title='bbox 1572 1504 1699 1559; x_wconf 90' lang='lat' dir='ltr'><strong>vitae</strong></span> <span class='ocrx_word' id='word_1_85' title='bbox 1746 1503 1910 1573; x_wconf 86' lang='lat' dir='ltr'><strong>hujus</strong></span> <span class='ocrx_word' id='word_1_86' title='bbox 1958 1502 2105 1557; x_wconf 89' lang='lat' dir='ltr'><strong>velut</strong></span> 
     </span>
    </p>
   </div>
   <div class='ocr_carea' id='block_1_14' title="bbox 519 1594 2105 1666">
    <p class='ocr_par' dir='ltr' id='par_1_14' title="bbox 519 1594 2105 1666">
     <span class='ocr_line' id='line_1_14' title="bbox 519 1594 2105 1666; baseline -0.006 -9"><span class='ocrx_word' id='word_1_87' title='bbox 519 1599 798 1659; x_wconf 87' lang='lat' dir='ltr'><strong>somnium</strong></span> <span class='ocrx_word' id='word_1_88' title='bbox 830 1605 886 1653; x_wconf 89' lang='lat' dir='ltr'><strong>et</strong></span> <span class='ocrx_word' id='word_1_89' title='bbox 920 1598 976 1651; x_wconf 86' lang='lat' dir='ltr'><strong>in</strong></span> <span class='ocrx_word' id='word_1_90' title='bbox 1023 1596 1260 1651; x_wconf 90' lang='lat' dir='ltr'><strong>nihilum</strong></span> <span class='ocrx_word' id='word_1_91' title='bbox 1303 1604 1591 1666; x_wconf 72' lang='lat' dir='ltr'><strong>reputans,</strong></span> <span class='ocrx_word' id='word_1_92' title='bbox 1626 1602 1683 1651; x_wconf 90' lang='lat' dir='ltr'><strong>et</strong></span> <span class='ocrx_word' id='word_1_93' title='bbox 1717 1610 1943 1666; x_wconf 85' lang='lat' dir='ltr'><strong>parvam</strong></span> <span class='ocrx_word' id='word_1_94' title='bbox 1984 1594 2105 1663; x_wconf 83' lang='lat' dir='ltr'><strong>glo-</strong></span> 
     </span>
    </p>
   </div>
   <div class='ocr_carea' id='block_1_15' title="bbox 525 1684 2105 1751">
    <p class='ocr_par' dir='ltr' id='par_1_15' title="bbox 525 1684 2105 1751">
     <span class='ocr_line' id='line_1_15' title="bbox 525 1684 2105 1751; baseline -0.006 -4"><span class='ocrx_word' id='word_1_95' title='bbox 525 1690 836 1747; x_wconf 89' lang='lat' dir='ltr'><strong>riunculam</strong></span> <span class='ocrx_word' id='word_1_96' title='bbox 855 1701 1141 1751; x_wconf 87' lang='lat' dir='ltr'><strong>amovens,</strong></span> <span class='ocrx_word' id='word_1_97' title='bbox 1171 1694 1226 1741; x_wconf 91' lang='lat' dir='ltr'><strong>et</strong></span> <span class='ocrx_word' id='word_1_98' title='bbox 1257 1684 1502 1740; x_wconf 89' lang='lat' dir='ltr'><strong>futurum</strong></span> <span class='ocrx_word' id='word_1_99' title='bbox 1526 1692 1854 1740; x_wconf 87' lang='lat' dir='ltr'><strong>aeternumet</strong></span> <span class='ocrx_word' id='word_1_100' title='bbox 1880 1684 2105 1739; x_wconf 90' lang='lat' dir='ltr'><strong>immor-</strong></span> 
     </span>
    </p>
   </div>
   <div class='ocr_carea' id='block_1_16' title="bbox 520 1776 2104 1851">
    <p class='ocr_par' dir='ltr' id='par_1_16' title="bbox 520 1776 2104 1851">
     <span class='ocr_line' id='line_1_16' title="bbox 520 1776 2104 1851; baseline -0.006 -13"><span class='ocrx_word' id='word_1_101' title='bbox 520 1783 683 1838; x_wconf 91' lang='lat' dir='ltr'><strong>talem</strong></span> <span class='ocrx_word' id='word_1_102' title='bbox 736 1779 1004 1851; x_wconf 85' lang='lat' dir='ltr'><strong>mundum</strong></span> <span class='ocrx_word' id='word_1_103' title='bbox 1049 1778 1453 1847; x_wconf 74' lang='lat' dir='ltr'><strong>contemplans,</strong></span> <span class='ocrx_word' id='word_1_104' title='bbox 1501 1782 1627 1846; x_wconf 88' lang='lat' dir='ltr'><strong>post</strong></span> <span class='ocrx_word' id='word_1_105' title='bbox 1671 1776 1819 1846; x_wconf 89' lang='lat' dir='ltr'><strong>regis</strong></span> <span class='ocrx_word' id='word_1_106' title='bbox 1871 1782 2104 1829; x_wconf 92' lang='lat' dir='ltr'><strong>mortem</strong></span> 
     </span>
    </p>
   </div>
   <div class='ocr_carea' id='block_1_17' title="bbox 519 1865 2105 1941">
    <p class='ocr_par' dir='ltr' id='par_1_17' title="bbox 519 1865 2105 1941">
     <span class='ocr_line' id='line_1_17' title="bbox 519 1865 2105 1941; baseline -0.008 -10"><span class='ocrx_word' id='word_1_107' title='bbox 519 1875 658 1932; x_wconf 88' lang='lat' dir='ltr'><strong>dans</strong></span> <span class='ocrx_word' id='word_1_108' title='bbox 693 1872 880 1929; x_wconf 83' lang='lat' dir='ltr'><strong>omnia</strong></span> <span class='ocrx_word' id='word_1_109' title='bbox 926 1868 1262 1941; x_wconf 87' lang='lat' dir='ltr'><strong>pauperibus</strong></span> <span class='ocrx_word' id='word_1_110' title='bbox 1294 1882 1417 1939; x_wconf 61' lang='lat' dir='ltr'><strong>quae</strong></span> <span class='ocrx_word' id='word_1_111' title='bbox 1468 1866 1804 1937; x_wconf 84' lang='lat' dir='ltr'><strong>possidebat,</strong></span> <span class='ocrx_word' id='word_1_112' title='bbox 1845 1875 1901 1921; x_wconf 92' lang='lat' dir='ltr'><strong>et</strong></span> <span class='ocrx_word' id='word_1_113' title='bbox 1944 1865 2105 1920; x_wconf 88' lang='lat' dir='ltr'><strong>dere-</strong></span> 
     </span>
    </p>
   </div>
   <div class='ocr_carea' id='block_1_18' title="bbox 520 1955 2107 2035">
    <p class='ocr_par' dir='ltr' id='par_1_18' title="bbox 520 1955 2107 2035">
     <span class='ocr_line' id='line_1_18' title="bbox 520 1955 2107 2035; baseline -0.006 -16"><span class='ocrx_word' id='word_1_114' title='bbox 520 1966 777 2035; x_wconf 86' lang='lat' dir='ltr'><strong>linquens</strong></span> <span class='ocrx_word' id='word_1_115' title='bbox 806 1976 1030 2019; x_wconf 75' lang='lat' dir='ltr'><strong>cmnosa</strong></span> <span class='ocrx_word' id='word_1_116' title='bbox 1082 1959 1249 2028; x_wconf 85' lang='lat' dir='ltr'><strong>hujus</strong></span> <span class='ocrx_word' id='word_1_117' title='bbox 1278 1959 1403 2014; x_wconf 65' lang='lat' dir='ltr'><strong>vitae</strong></span> <span class='ocrx_word' id='word_1_118' title='bbox 1428 1956 1791 2023; x_wconf 88' lang='lat' dir='ltr'><strong>delectabilia,</strong></span> <span class='ocrx_word' id='word_1_119' title='bbox 1822 1955 2107 2011; x_wconf 85' lang='lat' dir='ltr'><strong>Christum</strong></span> 
     </span>
    </p>
   </div>
   <div class='ocr_carea' id='block_1_19' title="bbox 521 2049 2106 2114">
    <p class='ocr_par' dir='ltr' id='par_1_19' title="bbox 521 2049 2106 2114">
     <span class='ocr_line' id='line_1_19' title="bbox 521 2049 2106 2114; baseline -0.009 0"><span class='ocrx_word' id='word_1_120' title='bbox 521 2064 748 2114; x_wconf 89' lang='lat' dir='ltr'><strong>secutus</strong></span> <span class='ocrx_word' id='word_1_121' title='bbox 783 2061 914 2110; x_wconf 89' lang='lat' dir='ltr'><strong>est:</strong></span> <span class='ocrx_word' id='word_1_122' title='bbox 948 2060 1002 2109; x_wconf 89' lang='lat' dir='ltr'><strong>et</strong></span> <span class='ocrx_word' id='word_1_123' title='bbox 1052 2052 1109 2106; x_wconf 93' lang='lat' dir='ltr'><strong>in</strong></span> <span class='ocrx_word' id='word_1_124' title='bbox 1155 2050 1605 2106; x_wconf 84' lang='lat' dir='ltr'><strong>exercitatorium</strong></span> <span class='ocrx_word' id='word_1_125' title='bbox 1652 2049 1866 2113; x_wconf 89' lang='lat' dir='ltr'><strong>abiens,</strong></span> <span class='ocrx_word' id='word_1_126' title='bbox 1910 2061 2106 2101; x_wconf 83' lang='lat' dir='ltr'><strong>mena--</strong></span> 
     </span>
    </p>
   </div>
   <div class='ocr_carea' id='block_1_20' title="bbox 522 2136 2103 2210">
    <p class='ocr_par' dir='ltr' id='par_1_20' title="bbox 522 2136 2103 2210">
     <span class='ocr_line' id='line_1_20' title="bbox 522 2136 2103 2210; baseline -0.008 -5"><span class='ocrx_word' id='word_1_127' title='bbox 522 2149 662 2205; x_wconf 85' lang='lat' dir='ltr'><strong>chus</strong></span> <span class='ocrx_word' id='word_1_128' title='bbox 691 2145 924 2203; x_wconf 78' lang='lat' dir='ltr'><strong>effectus</strong></span> <span class='ocrx_word' id='word_1_129' title='bbox 953 2154 1058 2210; x_wconf 88' lang='lat' dir='ltr'><strong>est,</strong></span> <span class='ocrx_word' id='word_1_130' title='bbox 1092 2157 1310 2198; x_wconf 88' lang='lat' dir='ltr'><strong>comam</strong></span> <span class='ocrx_word' id='word_1_131' title='bbox 1343 2136 1667 2196; x_wconf 68' lang='lat' dir='ltr'><strong>rescinden’s</strong></span> <span class='ocrx_word' id='word_1_132' title='bbox 1694 2147 1748 2195; x_wconf 90' lang='lat' dir='ltr'><strong>et</strong></span> <span class='ocrx_word' id='word_1_133' title='bbox 1792 2137 2103 2195; x_wconf 81' lang='lat' dir='ltr'><strong>attondens.</strong></span> 
     </span>
    </p>
   </div>
   <div class='ocr_carea' id='block_1_21' title="bbox 519 2228 2104 2291">
    <p class='ocr_par' dir='ltr' id='par_1_21' title="bbox 519 2228 2104 2291">
     <span class='ocr_line' id='line_1_21' title="bbox 519 2228 2104 2291; baseline -0.004 0"><span class='ocrx_word' id='word_1_134' title='bbox 519 2239 633 2291; x_wconf 88' lang='lat' dir='ltr'><strong>vita</strong></span> <span class='ocrx_word' id='word_1_135' title='bbox 663 2233 962 2290; x_wconf 86' lang='lat' dir='ltr'><strong>venerabili</strong></span> <span class='ocrx_word' id='word_1_136' title='bbox 992 2239 1046 2287; x_wconf 91' lang='lat' dir='ltr'><strong>et</strong></span> <span class='ocrx_word' id='word_1_137' title='bbox 1069 2229 1495 2287; x_wconf 87' lang='lat' dir='ltr'><strong>conversatione</strong></span> <span class='ocrx_word' id='word_1_138' title='bbox 1516 2230 1761 2284; x_wconf 88' lang='lat' dir='ltr'><strong>virtuosa</strong></span> <span class='ocrx_word' id='word_1_139' title='bbox 1783 2228 2104 2284; x_wconf 87' lang='lat' dir='ltr'><strong>adornatus.</strong></span> 
     </span>
    </p>
   </div>
   <div class='ocr_carea' id='block_1_22' title="bbox 520 2316 2114 2395">
    <p class='ocr_par' dir='ltr' id='par_1_22' title="bbox 520 2316 2114 2395">
     <span class='ocr_line' id='line_1_22' title="bbox 520 2316 2114 2395; baseline -0.007 -12"><span class='ocrx_word' id='word_1_140' title='bbox 520 2329 672 2384; x_wconf 90' lang='lat' dir='ltr'><strong>Dans</strong></span> <span class='ocrx_word' id='word_1_141' title='bbox 697 2328 845 2382; x_wconf 86' lang='lat' dir='ltr'><strong>enim</strong></span> <span class='ocrx_word' id='word_1_142' title='bbox 869 2324 1117 2395; x_wconf 89' lang='lat' dir='ltr'><strong>seipsum</strong></span> <span class='ocrx_word' id='word_1_143' title='bbox 1147 2321 1489 2377; x_wconf 87' lang='lat' dir='ltr'><strong>meditationi</strong></span> <span class='ocrx_word' id='word_1_144' title='bbox 1517 2322 1825 2377; x_wconf 90' lang='lat' dir='ltr'><strong>divinarum</strong></span> <span class='ocrx_word' id='word_1_145' title='bbox 1856 2316 2114 2392; x_wconf 76' lang='lat' dir='ltr'><strong>Scriptu.</strong></span> 
     </span>
    </p>
   </div>
   <div class='ocr_carea' id='block_1_23' title="bbox 520 2413 2108 2487">
    <p class='ocr_par' dir='ltr' id='par_1_23' title="bbox 520 2413 2108 2487">
     <span class='ocr_line' id='line_1_23' title="bbox 520 2413 2108 2487; baseline -0.004 -13"><span class='ocrx_word' id='word_1_146' title='bbox 520 2434 734 2487; x_wconf 89' lang='lat' dir='ltr'><strong>rarum,</strong></span> <span class='ocrx_word' id='word_1_147' title='bbox 765 2425 816 2473; x_wconf 92' lang='lat' dir='ltr'><strong>et</strong></span> <span class='ocrx_word' id='word_1_148' title='bbox 852 2430 976 2472; x_wconf 91' lang='lat' dir='ltr'><strong>cum</strong></span> <span class='ocrx_word' id='word_1_149' title='bbox 1011 2414 1265 2485; x_wconf 79' lang='lat' dir='ltr'><strong>diligenti</strong></span> <span class='ocrx_word' id='word_1_150' title='bbox 1313 2413 1502 2469; x_wconf 89' lang='lat' dir='ltr'><strong>labore</strong></span> <span class='ocrx_word' id='word_1_151' title='bbox 1534 2428 1734 2469; x_wconf 87' lang='lat' dir='ltr'><strong>vacans</strong></span> <span class='ocrx_word' id='word_1_152' title='bbox 1769 2413 2020 2484; x_wconf 85' lang='lat' dir='ltr'><strong>jejuniis,</strong></span> <span class='ocrx_word' id='word_1_153' title='bbox 2052 2421 2108 2469; x_wconf 88' lang='lat' dir='ltr'><strong>et</strong></span> 
     </span>
    </p>
   </div>
   <div class='ocr_carea' id='block_1_24' title="bbox 522 2503 2109 2581">
    <p class='ocr_par' dir='ltr' id='par_1_24' title="bbox 522 2503 2109 2581">
     <span class='ocr_line' id='line_1_24' title="bbox 522 2503 2109 2581; baseline -0.003 -18"><span class='ocrx_word' id='word_1_154' title='bbox 522 2510 753 2581; x_wconf 74' lang='lat' dir='ltr'><strong>vigiliis,</strong></span> <span class='ocrx_word' id='word_1_155' title='bbox 791 2519 845 2563; x_wconf 90' lang='lat' dir='ltr'><strong>et</strong></span> <span class='ocrx_word' id='word_1_156' title='bbox 892 2505 959 2561; x_wconf 90' lang='lat' dir='ltr'><strong>ad</strong></span> <span class='ocrx_word' id='word_1_157' title='bbox 998 2513 1199 2561; x_wconf 85' lang='lat' dir='ltr'><strong>terram</strong></span> <span class='ocrx_word' id='word_1_158' title='bbox 1243 2504 1712 2575; x_wconf 87' lang='lat' dir='ltr'><strong>prostrationibus</strong></span> <span class='ocrx_word' id='word_1_159' title='bbox 1760 2511 1813 2559; x_wconf 91' lang='lat' dir='ltr'><strong>et</strong></span> <span class='ocrx_word' id='word_1_160' title='bbox 1843 2503 2109 2559; x_wconf 61' lang='lat' dir='ltr'><strong>orationi.</strong></span> 
     </span>
    </p>
   </div>
   <div class='ocr_carea' id='block_1_25' title="bbox 522 2594 2107 2666">
    <p class='ocr_par' dir='ltr' id='par_1_25' title="bbox 522 2594 2107 2666">
     <span class='ocr_line' id='line_1_25' title="bbox 522 2594 2107 2666; baseline -0.004 -8"><span class='ocrx_word' id='word_1_161' title='bbox 522 2604 629 2658; x_wconf 90' lang='lat' dir='ltr'><strong>bus</strong></span> <span class='ocrx_word' id='word_1_162' title='bbox 683 2597 985 2655; x_wconf 88' lang='lat' dir='ltr'><strong>irremissis</strong></span> <span class='ocrx_word' id='word_1_163' title='bbox 1035 2610 1419 2666; x_wconf 84' lang='lat' dir='ltr'><strong>perseverans.</strong></span> <span class='ocrx_word' id='word_1_164' title='bbox 1475 2594 1646 2650; x_wconf 91' lang='lat' dir='ltr'><strong>Deum</strong></span> <span class='ocrx_word' id='word_1_165' title='bbox 1685 2596 2107 2665; x_wconf 82' lang='lat' dir='ltr'><strong>deprecabatur.</strong></span> 
     </span>
    </p>
   </div>
   <div class='ocr_carea' id='block_1_26' title="bbox 522 2686 2108 2762">
    <p class='ocr_par' dir='ltr' id='par_1_26' title="bbox 522 2686 2108 2762">
     <span class='ocr_line' id='line_1_26' title="bbox 522 2686 2108 2762; baseline -0.003 -14"><span class='ocrx_word' id='word_1_166' title='bbox 522 2694 589 2748; x_wconf 83' lang='lat' dir='ltr'><strong>Et</strong></span> <span class='ocrx_word' id='word_1_167' title='bbox 617 2693 781 2762; x_wconf 84' lang='lat' dir='ltr'><strong>hujus</strong></span> <span class='ocrx_word' id='word_1_168' title='bbox 840 2689 1061 2761; x_wconf 88' lang='lat' dir='ltr'><strong>quidem</strong></span> <span class='ocrx_word' id='word_1_169' title='bbox 1115 2688 1335 2742; x_wconf 89' lang='lat' dir='ltr'><strong>Patrum</strong></span> <span class='ocrx_word' id='word_1_170' title='bbox 1397 2687 1641 2742; x_wconf 90' lang='lat' dir='ltr'><strong>studium</strong></span> <span class='ocrx_word' id='word_1_171' title='bbox 1692 2686 2108 2753; x_wconf 85' lang='lat' dir='ltr'><strong>imitatur,hu-</strong></span> 
     </span>
    </p>
   </div>
   <div class='ocr_carea' id='block_1_27' title="bbox 519 2778 2109 2856">
    <p class='ocr_par' dir='ltr' id='par_1_27' title="bbox 519 2778 2109 2856">
     <span class='ocr_line' id='line_1_27' title="bbox 519 2778 2109 2856; baseline -0.004 -15"><span class='ocrx_word' id='word_1_172' title='bbox 519 2786 612 2856; x_wconf 87' lang='lat' dir='ltr'><strong>jus</strong></span> <span class='ocrx_word' id='word_1_173' title='bbox 666 2794 844 2839; x_wconf 90' lang='lat' dir='ltr'><strong>autem</strong></span> <span class='ocrx_word' id='word_1_174' title='bbox 896 2779 1401 2844; x_wconf 86' lang='lat' dir='ltr'><strong>mansuetudinem,</strong></span> <span class='ocrx_word' id='word_1_175' title='bbox 1447 2778 1614 2847; x_wconf 83' lang='lat' dir='ltr'><strong>hujus</strong></span> <span class='ocrx_word' id='word_1_176' title='bbox 1646 2794 1777 2834; x_wconf 90' lang='lat' dir='ltr'><strong>vero</strong></span> <span class='ocrx_word' id='word_1_177' title='bbox 1828 2779 2109 2836; x_wconf 87' lang='lat' dir='ltr'><strong>sustinen-</strong></span> 
     </span>
    </p>
   </div>
   <div class='ocr_carea' id='block_1_28' title="bbox 522 2868 2109 2942">
    <p class='ocr_par' dir='ltr' id='par_1_28' title="bbox 522 2868 2109 2942">
     <span class='ocr_line' id='line_1_28' title="bbox 522 2868 2109 2942; baseline -0.003 -10"><span class='ocrx_word' id='word_1_178' title='bbox 522 2878 678 2940; x_wconf 86' lang='lat' dir='ltr'><strong>tiam,</strong></span> <span class='ocrx_word' id='word_1_179' title='bbox 731 2872 874 2929; x_wconf 89' lang='lat' dir='ltr'><strong>alius</strong></span> <span class='ocrx_word' id='word_1_180' title='bbox 922 2869 1319 2942; x_wconf 83' lang='lat' dir='ltr'><strong>paedagogiam,</strong></span> <span class='ocrx_word' id='word_1_181' title='bbox 1370 2868 1598 2926; x_wconf 83' lang='lat' dir='ltr'><strong>alterius</strong></span> <span class='ocrx_word' id='word_1_182' title='bbox 1649 2871 1978 2927; x_wconf 89' lang='lat' dir='ltr'><strong>doctrinam.</strong></span> <span class='ocrx_word' id='word_1_183' title='bbox 2040 2872 2109 2927; x_wconf 86' lang='lat' dir='ltr'><strong>Et</strong></span> 
     </span>
    </p>
   </div>
   <div class='ocr_carea' id='block_1_29' title="bbox 523 2959 2109 3042">
    <p class='ocr_par' dir='ltr' id='par_1_29' title="bbox 523 2959 2109 3042">
     <span class='ocr_line' id='line_1_29' title="bbox 523 2959 2109 3042; baseline -0.001 -20"><span class='ocrx_word' id='word_1_184' title='bbox 523 2966 655 3042; x_wconf 91' lang='lat' dir='ltr'><strong>quid</strong></span> <span class='ocrx_word' id='word_1_185' title='bbox 698 2966 765 3021; x_wconf 89' lang='lat' dir='ltr'><strong>ad</strong></span> <span class='ocrx_word' id='word_1_186' title='bbox 803 2964 919 3020; x_wconf 57' lang='lat' dir='ltr'><strong>haec</strong></span> <span class='ocrx_word' id='word_1_187' title='bbox 949 2961 1112 3018; x_wconf 85' lang='lat' dir='ltr'><strong>dico?</strong></span> <span class='ocrx_word' id='word_1_188' title='bbox 1147 2959 1385 3014; x_wconf 88' lang='lat' dir='ltr'><strong>Tantum</strong></span> <span class='ocrx_word' id='word_1_189' title='bbox 1424 2961 1669 3031; x_wconf 84' lang='lat' dir='ltr'><strong>seipsum</strong></span> <span class='ocrx_word' id='word_1_190' title='bbox 1718 2972 1977 3020; x_wconf 74' lang='lat' dir='ltr'><strong>extremae</strong></span> <span class='ocrx_word' id='word_1_191' title='bbox 2011 2965 2109 3021; x_wconf 88' lang='lat' dir='ltr'><strong>ab-</strong></span> 
     </span>
    </p>
   </div>
   <div class='ocr_carea' id='block_1_30' title="bbox 524 3052 2108 3119">
    <p class='ocr_par' dir='ltr' id='par_1_30' title="bbox 524 3052 2108 3119">
     <span class='ocr_line' id='line_1_30' title="bbox 524 3052 2108 3119; baseline -0.004 0"><span class='ocrx_word' id='word_1_192' title='bbox 524 3059 799 3119; x_wconf 76' lang='lat' dir='ltr'><strong>stinentiae</strong></span> <span class='ocrx_word' id='word_1_193' title='bbox 828 3056 999 3119; x_wconf 87' lang='lat' dir='ltr'><strong>dedit,</strong></span> <span class='ocrx_word' id='word_1_194' title='bbox 1028 3063 1084 3110; x_wconf 92' lang='lat' dir='ltr'><strong>et</strong></span> <span class='ocrx_word' id='word_1_195' title='bbox 1120 3052 1345 3109; x_wconf 90' lang='lat' dir='ltr'><strong>omnino</strong></span> <span class='ocrx_word' id='word_1_196' title='bbox 1398 3053 1678 3112; x_wconf 91' lang='lat' dir='ltr'><strong>laborioso</strong></span> <span class='ocrx_word' id='word_1_197' title='bbox 1723 3056 1898 3112; x_wconf 90' lang='lat' dir='ltr'><strong>amori</strong></span> <span class='ocrx_word' id='word_1_198' title='bbox 1940 3055 2108 3113; x_wconf 88' lang='lat' dir='ltr'><strong>disci-</strong></span> 
     </span>
    </p>
   </div>
   <div class='ocr_carea' id='block_1_31' title="bbox 526 3147 2175 3239">
    <p class='ocr_par' dir='ltr' id='par_1_31' title="bbox 526 3147 2175 3239">
     <span class='ocr_line' id='line_1_31' title="bbox 526 3147 2175 3239; baseline -0.001 -33"><span class='ocrx_word' id='word_1_199' title='bbox 526 3151 709 3221; x_wconf 64' lang='lat' dir='ltr'><strong>plinaa,</strong></span> <span class='ocrx_word' id='word_1_200' title='bbox 741 3149 887 3221; x_wconf 89' lang='lat' dir='ltr'><strong>quod</strong></span> <span class='ocrx_word' id='word_1_201' title='bbox 917 3148 1268 3220; x_wconf 84' lang='lat' dir='ltr'><strong>dignilicatus</strong></span> <span class='ocrx_word' id='word_1_202' title='bbox 1318 3156 1401 3203; x_wconf 89' lang='lat' dir='ltr'><strong>est</strong></span> <span class='ocrx_word' id='word_1_203' title='bbox 1453 3149 1619 3219; x_wconf 91' lang='lat' dir='ltr'><strong>potiri</strong></span> <span class='ocrx_word' id='word_1_204' title='bbox 1651 3149 1828 3205; x_wconf 87' lang='lat' dir='ltr'><strong>sancti</strong></span> <span class='ocrx_word' id='word_1_205' title='bbox 1867 3147 2105 3218; x_wconf 86' lang='lat' dir='ltr'><strong>Spiritus</strong></span> <span class='ocrx_word' id='word_1_206' title='bbox 2132 3180 2175 3239; x_wconf 67' lang='grc' dir='ltr'>ο</span> 
     </span>
    </p>
   </div>
   <div class='ocr_carea' id='block_1_32' title="bbox 524 3240 2105 3316">
    <p class='ocr_par' dir='ltr' id='par_1_32' title="bbox 524 3240 2105 3316">
     <span class='ocr_line' id='line_1_32' title="bbox 524 3240 2105 3316; baseline -0.002 -19"><span class='ocrx_word' id='word_1_207' title='bbox 524 3242 722 3316; x_wconf 78' lang='lat' dir='ltr'><strong>gratia,</strong></span> <span class='ocrx_word' id='word_1_208' title='bbox 774 3248 831 3297; x_wconf 86' lang='lat' dir='ltr'><strong>et</strong></span> <span class='ocrx_word' id='word_1_209' title='bbox 887 3240 1139 3297; x_wconf 87' lang='lat' dir='ltr'><strong>minister</strong></span> <span class='ocrx_word' id='word_1_210' title='bbox 1190 3243 1503 3299; x_wconf 88' lang='lat' dir='ltr'><strong>divinorum</strong></span> <span class='ocrx_word' id='word_1_211' title='bbox 1542 3241 1745 3297; x_wconf 84' lang='lat' dir='ltr'><strong>Christi</strong></span> <span class='ocrx_word' id='word_1_212' title='bbox 1812 3241 2105 3312; x_wconf 83' lang='lat' dir='ltr'><strong>mysterio-</strong></span> 
     </span>
    </p>
   </div>
   <div class='ocr_carea' id='block_1_33' title="bbox 525 3332 2104 3399">
    <p class='ocr_par' dir='ltr' id='par_1_33' title="bbox 525 3332 2104 3399">
     <span class='ocr_line' id='line_1_33' title="bbox 525 3332 2104 3399; baseline -0.001 -10"><span class='ocrx_word' id='word_1_213' title='bbox 525 3350 646 3391; x_wconf 88' lang='lat' dir='ltr'><strong>rum</strong></span> <span class='ocrx_word' id='word_1_214' title='bbox 682 3333 1022 3389; x_wconf 90' lang='lat' dir='ltr'><strong>constitutus</strong></span> <span class='ocrx_word' id='word_1_215' title='bbox 1050 3340 1158 3399; x_wconf 87' lang='lat' dir='ltr'><strong>est,</strong></span> <span class='ocrx_word' id='word_1_216' title='bbox 1191 3342 1246 3389; x_wconf 89' lang='lat' dir='ltr'><strong>et</strong></span> <span class='ocrx_word' id='word_1_217' title='bbox 1277 3334 1460 3390; x_wconf 90' lang='lat' dir='ltr'><strong>factus</strong></span> <span class='ocrx_word' id='word_1_218' title='bbox 1485 3342 1572 3390; x_wconf 89' lang='lat' dir='ltr'><strong>est</strong></span> <span class='ocrx_word' id='word_1_219' title='bbox 1604 3333 1746 3388; x_wconf 88' lang='lat' dir='ltr'><strong>alius</strong></span> <span class='ocrx_word' id='word_1_220' title='bbox 1777 3346 1843 3387; x_wconf 82' lang='lat' dir='ltr'><strong>ex</strong></span> <span class='ocrx_word' id='word_1_221' title='bbox 1877 3332 1986 3386; x_wconf 91' lang='lat' dir='ltr'><strong>alio</strong></span> <span class='ocrx_word' id='word_1_222' title='bbox 2017 3346 2104 3387; x_wconf 83' lang='lat' dir='ltr'><strong>se-</strong></span> 
     </span>
    </p>
   </div>
   <div class='ocr_carea' id='block_1_34' title="bbox 524 3425 2109 3497">
    <p class='ocr_par' dir='ltr' id='par_1_34' title="bbox 524 3425 2109 3497">
     <span class='ocr_line' id='line_1_34' title="bbox 524 3425 2109 3497; baseline -0.003 -16"><span class='ocrx_word' id='word_1_223' title='bbox 524 3426 742 3481; x_wconf 87' lang='lat' dir='ltr'><strong>cundus</strong></span> <span class='ocrx_word' id='word_1_224' title='bbox 765 3426 1049 3495; x_wconf 76' lang='lat' dir='ltr'><strong>theologus</strong></span> <span class='ocrx_word' id='word_1_225' title='bbox 1078 3441 1092 3479; x_wconf 90' lang='lat'>:</span> <span class='ocrx_word' id='word_1_226' title='bbox 1125 3433 1181 3481; x_wconf 91' lang='lat' dir='ltr'><strong>et</strong></span> <span class='ocrx_word' id='word_1_227' title='bbox 1215 3427 1318 3482; x_wconf 89' lang='lat' dir='ltr'><strong>hoc</strong></span> <span class='ocrx_word' id='word_1_228' title='bbox 1349 3427 1723 3497; x_wconf 85' lang='lat' dir='ltr'><strong>expositorum</strong></span> <span class='ocrx_word' id='word_1_229' title='bbox 1754 3425 1823 3480; x_wconf 88' lang='lat' dir='ltr'><strong>ab</strong></span> <span class='ocrx_word' id='word_1_230' title='bbox 1846 3425 1969 3496; x_wconf 89' lang='lat' dir='ltr'><strong>ipso</strong></span> <span class='ocrx_word' id='word_1_231' title='bbox 1992 3438 2109 3478; x_wconf 87' lang='lat' dir='ltr'><strong>ser-</strong></span> 
     </span>
    </p>
   </div>
   <div class='ocr_carea' id='block_1_35' title="bbox 524 3517 2110 3587">
    <p class='ocr_par' dir='ltr' id='par_1_35' title="bbox 524 3517 2110 3587">
     <span class='ocr_line' id='line_1_35' title="bbox 524 3517 2110 3587; baseline -0.001 -15"><span class='ocrx_word' id='word_1_232' title='bbox 524 3532 746 3573; x_wconf 89' lang='lat' dir='ltr'><strong>monum</strong></span> <span class='ocrx_word' id='word_1_233' title='bbox 815 3532 1031 3572; x_wconf 91' lang='lat' dir='ltr'><strong>summa</strong></span> <span class='ocrx_word' id='word_1_234' title='bbox 1096 3519 1368 3573; x_wconf 84' lang='lat' dir='ltr'><strong>rectitude</strong></span> <span class='ocrx_word' id='word_1_235' title='bbox 1430 3519 1691 3581; x_wconf 90' lang='lat' dir='ltr'><strong>ostendit,</strong></span> <span class='ocrx_word' id='word_1_236' title='bbox 1761 3517 2110 3587; x_wconf 87' lang='lat' dir='ltr'><strong>qualiterque</strong></span> 
     </span>
    </p>
   </div>
   <div class='ocr_carea' id='block_1_36' title="bbox 522 3609 2110 3683">
    <p class='ocr_par' dir='ltr' id='par_1_36' title="bbox 522 3609 2110 3683">
     <span class='ocr_line' id='line_1_36' title="bbox 522 3609 2110 3683; baseline -0.004 -16"><span class='ocrx_word' id='word_1_237' title='bbox 522 3611 727 3683; x_wconf 87' lang='lat' dir='ltr'><strong>optime</strong></span> <span class='ocrx_word' id='word_1_238' title='bbox 756 3610 917 3666; x_wconf 91' lang='lat' dir='ltr'><strong>nobis</strong></span> <span class='ocrx_word' id='word_1_239' title='bbox 954 3625 1147 3681; x_wconf 88' lang='lat' dir='ltr'><strong>puram</strong></span> <span class='ocrx_word' id='word_1_240' title='bbox 1178 3618 1233 3665; x_wconf 89' lang='lat' dir='ltr'><strong>et</strong></span> <span class='ocrx_word' id='word_1_241' title='bbox 1277 3611 1749 3683; x_wconf 87' lang='lat' dir='ltr'><strong>incoinquinatam</strong></span> <span class='ocrx_word' id='word_1_242' title='bbox 1782 3609 1945 3663; x_wconf 90' lang='lat' dir='ltr'><strong>ﬁdem</strong></span> <span class='ocrx_word' id='word_1_243' title='bbox 1995 3623 2110 3661; x_wconf 88' lang='lat' dir='ltr'><strong>ma-</strong></span> 
     </span>
    </p>
   </div>
   <div class='ocr_carea' id='block_1_37' title="bbox 523 3676 2107 3774">
    <p class='ocr_par' dir='ltr' id='par_1_37' title="bbox 523 3676 2107 3774">
     <span class='ocr_line' id='line_1_37' title="bbox 523 3676 2107 3774; baseline -0.001 -15"><span class='ocrx_word' id='word_1_244' title='bbox 523 3676 823 3769; x_wconf 68' lang='lat' dir='ltr'><strong>nifestavit,</strong></span> <span class='ocrx_word' id='word_1_245' title='bbox 882 3711 938 3759; x_wconf 90' lang='lat' dir='ltr'><strong>et</strong></span> <span class='ocrx_word' id='word_1_246' title='bbox 986 3704 1436 3760; x_wconf 88' lang='lat' dir='ltr'><strong>inenarrabilium</strong></span> <span class='ocrx_word' id='word_1_247' title='bbox 1515 3704 1702 3761; x_wconf 90' lang='lat' dir='ltr'><strong>multis</strong></span> <span class='ocrx_word' id='word_1_248' title='bbox 1745 3702 2107 3774; x_wconf 76' lang='lat' dir='ltr'><strong>quaesitorum</strong></span> 
     </span>
    </p>
   </div>
   <div class='ocr_carea' id='block_1_38' title="bbox 524 3793 1466 3856">
    <p class='ocr_par' dir='ltr' id='par_1_38' title="bbox 524 3793 1466 3856">
     <span class='ocr_line' id='line_1_38' title="bbox 524 3793 1466 3856; baseline 0.002 -7"><span class='ocrx_word' id='word_1_249' title='bbox 524 3793 814 3856; x_wconf 78' lang='lat' dir='ltr'><strong>manifeste</strong></span> <span class='ocrx_word' id='word_1_250' title='bbox 850 3794 1180 3852; x_wconf 89' lang='lat' dir='ltr'><strong>solutionem</strong></span> <span class='ocrx_word' id='word_1_251' title='bbox 1221 3795 1466 3851; x_wconf 88' lang='lat' dir='ltr'><strong>tradidit.</strong></span> 
     </span>
    </p>
   </div>
   <div class='ocr_carea' id='block_1_39' title="bbox 1149 3907 1473 3965">
    <p class='ocr_par' dir='ltr' id='par_1_39' title="bbox 1149 3907 1473 3965">
     <span class='ocr_line' id='line_1_39' title="bbox 1149 3907 1473 3965; baseline 0.003 -1"><span class='ocrx_word' id='word_1_252' title='bbox 1149 3907 1303 3964; x_wconf 83' lang='lat' dir='ltr'><strong>CAP.</strong></span> <span class='ocrx_word' id='word_1_253' title='bbox 1336 3907 1473 3965; x_wconf 87' lang='lat' dir='ltr'><strong>VIII.</strong></span> 
     </span>
    </p>
   </div>
   <div class='ocr_carea' id='block_1_40' title="bbox 891 4018 1739 4077">
    <p class='ocr_par' dir='ltr' id='par_1_40' title="bbox 891 4018 1739 4077">
     <span class='ocr_line' id='line_1_40' title="bbox 891 4018 1739 4077; baseline 0.002 -4"><span class='ocrx_word' id='word_1_254' title='bbox 891 4018 1085 4075; x_wconf 76' lang='lat' dir='ltr'><strong>Modus</strong></span> <span class='ocrx_word' id='word_1_255' title='bbox 1128 4020 1251 4075; x_wconf 81' lang='lat' dir='ltr'><strong>libri</strong></span> <span class='ocrx_word' id='word_1_256' title='bbox 1291 4020 1422 4074; x_wconf 82' lang='lat' dir='ltr'><strong>editi</strong></span> <span class='ocrx_word' id='word_1_257' title='bbox 1450 4037 1482 4075; x_wconf 87' lang='lat' dir='ltr'><strong><em>a</em></strong></span> <span class='ocrx_word' id='word_1_258' title='bbox 1511 4020 1739 4077; x_wconf 81' lang='lat' dir='ltr'><strong>Joanne.</strong></span> 
     </span>
    </p>
   </div>
   <div class='ocr_carea' id='block_1_41' title="bbox 556 4127 2110 4203">
    <p class='ocr_par' dir='ltr' id='par_1_41' title="bbox 556 4127 2110 4203">
     <span class='ocr_line' id='line_1_41' title="bbox 556 4127 2110 4203; baseline 0.004 -20"><span class='ocrx_word' id='word_1_259' title='bbox 556 4198 560 4203; x_wconf 20' lang='grc' dir='ltr'><strong><em>ο</em></strong></span> <span class='ocrx_word' id='word_1_260' title='bbox 594 4127 859 4202; x_wconf 87' lang='lat' dir='ltr'><strong>Incipiam</strong></span> <span class='ocrx_word' id='word_1_261' title='bbox 894 4141 1075 4186; x_wconf 91' lang='lat' dir='ltr'><strong>autem</strong></span> <span class='ocrx_word' id='word_1_262' title='bbox 1109 4131 1240 4185; x_wconf 91' lang='lat' dir='ltr'><strong>hinc</strong></span> <span class='ocrx_word' id='word_1_263' title='bbox 1268 4130 1491 4186; x_wconf 90' lang='lat' dir='ltr'><strong>modum</strong></span> <span class='ocrx_word' id='word_1_264' title='bbox 1525 4132 1594 4187; x_wconf 90' lang='lat' dir='ltr'><strong>ab</strong></span> <span class='ocrx_word' id='word_1_265' title='bbox 1628 4133 1748 4202; x_wconf 90' lang='lat' dir='ltr'><strong>ipso</strong></span> <span class='ocrx_word' id='word_1_266' title='bbox 1780 4133 1914 4188; x_wconf 89' lang='lat' dir='ltr'><strong>editi</strong></span> <span class='ocrx_word' id='word_1_267' title='bbox 1948 4133 2110 4189; x_wconf 87' lang='lat' dir='ltr'><strong>istius</strong></span> 
     </span>
    </p>
   </div>
   <div class='ocr_carea' id='block_1_42' title="bbox 522 4219 2111 4295">
    <p class='ocr_par' dir='ltr' id='par_1_42' title="bbox 522 4219 2111 4295">
     <span class='ocr_line' id='line_1_42' title="bbox 522 4219 2111 4295; baseline 0.005 -19"><span class='ocrx_word' id='word_1_268' title='bbox 522 4219 649 4277; x_wconf 85' lang='lat' dir='ltr'><strong>libri</strong></span> <span class='ocrx_word' id='word_1_269' title='bbox 683 4236 961 4276; x_wconf 89' lang='lat' dir='ltr'><strong>enarrare.</strong></span> <span class='ocrx_word' id='word_1_270' title='bbox 1022 4221 1331 4278; x_wconf 87' lang='lat' dir='ltr'><strong>Exsistente</strong></span> <span class='ocrx_word' id='word_1_271' title='bbox 1369 4222 1514 4278; x_wconf 89' lang='lat' dir='ltr'><strong>enim</strong></span> <span class='ocrx_word' id='word_1_272' title='bbox 1564 4224 1683 4295; x_wconf 92' lang='lat' dir='ltr'><strong>ipso</strong></span> <span class='ocrx_word' id='word_1_273' title='bbox 1722 4224 1779 4280; x_wconf 91' lang='lat' dir='ltr'><strong>in</strong></span> <span class='ocrx_word' id='word_1_274' title='bbox 1826 4225 2111 4284; x_wconf 85' lang='lat' dir='ltr'><strong>mansione</strong></span> 
     </span>
    </p>
   </div>
   <div class='ocr_carea' id='block_1_43' title="bbox 524 4311 2110 4383">
    <p class='ocr_par' dir='ltr' id='par_1_43' title="bbox 524 4311 2110 4383">
     <span class='ocr_line' id='line_1_43' title="bbox 524 4311 2110 4383; baseline 0.003 -14"><span class='ocrx_word' id='word_1_275' title='bbox 524 4313 584 4369; x_wconf 86' lang='lat' dir='ltr'><strong>in</strong></span> <span class='ocrx_word' id='word_1_276' title='bbox 617 4326 728 4383; x_wconf 87' lang='lat' dir='ltr'><strong>qua</strong></span> <span class='ocrx_word' id='word_1_277' title='bbox 761 4311 1122 4380; x_wconf 89' lang='lat' dir='ltr'><strong>condebatur,</strong></span> <span class='ocrx_word' id='word_1_278' title='bbox 1156 4314 1409 4370; x_wconf 89' lang='lat' dir='ltr'><strong>omnibus</strong></span> <span class='ocrx_word' id='word_1_279' title='bbox 1459 4323 1676 4370; x_wconf 91' lang='lat' dir='ltr'><strong>comato</strong></span> <span class='ocrx_word' id='word_1_280' title='bbox 1702 4317 2023 4383; x_wconf 90' lang='lat' dir='ltr'><strong>virtutibus,</strong></span> <span class='ocrx_word' id='word_1_281' title='bbox 2054 4326 2110 4374; x_wconf 90' lang='lat' dir='ltr'><strong>et</strong></span> 
     </span>
    </p>
   </div>
   <div class='ocr_carea' id='block_1_44' title="bbox 521 4404 2109 4477">
    <p class='ocr_par' dir='ltr' id='par_1_44' title="bbox 521 4404 2109 4477">
     <span class='ocr_line' id='line_1_44' title="bbox 521 4404 2109 4477; baseline 0.003 -16"><span class='ocrx_word' id='word_1_282' title='bbox 521 4404 875 4462; x_wconf 77' lang='lat' dir='ltr'><strong>sermonibus</strong></span> <span class='ocrx_word' id='word_1_283' title='bbox 888 4404 1611 4477; x_wconf 66' lang='lat' dir='ltr'><strong>doctrinaainspirato,erant</strong></span> <span class='ocrx_word' id='word_1_284' title='bbox 1624 4408 1767 4463; x_wconf 90' lang='lat' dir='ltr'><strong>inter</strong></span> <span class='ocrx_word' id='word_1_285' title='bbox 1777 4408 2109 4465; x_wconf 82' lang='lat' dir='ltr'><strong>orthodoxos</strong></span> 
     </span>
    </p>
   </div>
   <div class='ocr_carea' id='block_1_45' title="bbox 522 4493 2183 4579">
    <p class='ocr_par' dir='ltr' id='par_1_45' title="bbox 522 4493 2183 4579">
     <span class='ocr_line' id='line_1_45' title="bbox 522 4493 2183 4579; baseline 0.003 -27"><span class='ocrx_word' id='word_1_286' title='bbox 522 4505 579 4552; x_wconf 87' lang='lat' dir='ltr'><strong>et</strong></span> <span class='ocrx_word' id='word_1_287' title='bbox 610 4497 900 4554; x_wconf 72' lang='lat' dir='ltr'><strong>haereticos</strong></span> <span class='ocrx_word' id='word_1_288' title='bbox 927 4499 1255 4569; x_wconf 68' lang='lat' dir='ltr'><strong>quaestiones</strong></span> <span class='ocrx_word' id='word_1_289' title='bbox 1283 4500 1511 4558; x_wconf 85' lang='lat' dir='ltr'><strong>omnino</strong></span> <span class='ocrx_word' id='word_1_290' title='bbox 1540 4501 1876 4572; x_wconf 73' lang='lat' dir='ltr'><strong>gravissimae</strong></span> <span class='ocrx_word' id='word_1_291' title='bbox 1903 4510 1958 4557; x_wconf 90' lang='lat' dir='ltr'><strong>et</strong></span> <span class='ocrx_word' id='word_1_292' title='bbox 1987 4493 2108 4573; x_wconf 63' lang='lat' dir='ltr'><strong>plul</strong></span> <span class='ocrx_word' id='word_1_293' title='bbox 2139 4523 2183 4579; x_wconf 79' lang='grc' dir='ltr'><strong>ι)</strong></span> 
     </span>
    </p>
   </div>
   <div class='ocr_carea' id='block_1_46' title="bbox 519 4588 2107 4658">
    <p class='ocr_par' dir='ltr' id='par_1_46' title="bbox 519 4588 2107 4658">
     <span class='ocr_line' id='line_1_46' title="bbox 519 4588 2107 4658; baseline 0.001 -13"><span class='ocrx_word' id='word_1_294' title='bbox 519 4590 714 4651; x_wconf 65' lang='lat' dir='ltr'><strong>rima,</strong></span> <span class='ocrx_word' id='word_1_295' title='bbox 774 4588 833 4643; x_wconf 89' lang='lat' dir='ltr'><strong>in</strong></span> <span class='ocrx_word' id='word_1_296' title='bbox 879 4590 1154 4658; x_wconf 88' lang='lat' dir='ltr'><strong>quibuset</strong></span> <span class='ocrx_word' id='word_1_297' title='bbox 1203 4592 1356 4647; x_wconf 89' lang='lat' dir='ltr'><strong>multi</strong></span> <span class='ocrx_word' id='word_1_298' title='bbox 1405 4592 1836 4647; x_wconf 83' lang='lat' dir='ltr'><strong>orthodoxorum</strong></span> <span class='ocrx_word' id='word_1_299' title='bbox 1886 4592 2107 4648; x_wconf 88' lang='lat' dir='ltr'><strong>dubita-</strong></span> 
     </span>
    </p>
   </div>
   <div class='ocr_carea' id='block_1_47' title="bbox 521 4677 2103 4752">
    <p class='ocr_par' dir='ltr' id='par_1_47' title="bbox 521 4677 2103 4752">
     <span class='ocr_line' id='line_1_47' title="bbox 521 4677 2103 4752; baseline 0.004 -20"><span class='ocrx_word' id='word_1_300' title='bbox 521 4677 675 4732; x_wconf 83' lang='lat' dir='ltr'><strong>bant.</strong></span> <span class='ocrx_word' id='word_1_301' title='bbox 725 4678 786 4733; x_wconf 90' lang='lat' dir='ltr'><strong>ln</strong></span> <span class='ocrx_word' id='word_1_302' title='bbox 837 4680 1179 4749; x_wconf 78' lang='lat' dir='ltr'><strong>gravissimis</strong></span> <span class='ocrx_word' id='word_1_303' title='bbox 1230 4682 1643 4752; x_wconf 69' lang='lat' dir='ltr'><strong>quaestionibus</strong></span> <span class='ocrx_word' id='word_1_304' title='bbox 1680 4692 1737 4739; x_wconf 91' lang='lat' dir='ltr'><strong>et</strong></span> <span class='ocrx_word' id='word_1_305' title='bbox 1786 4683 1841 4737; x_wconf 94' lang='lat' dir='ltr'><strong>in</strong></span> <span class='ocrx_word' id='word_1_306' title='bbox 1885 4682 2103 4738; x_wconf 90' lang='lat' dir='ltr'><strong>dubita-</strong></span> 
     </span>
    </p>
   </div>
   <div class='ocr_carea' id='block_1_48' title="bbox 520 4767 2105 4846">
    <p class='ocr_par' dir='ltr' id='par_1_48' title="bbox 520 4767 2105 4846">
     <span class='ocr_line' id='line_1_48' title="bbox 520 4767 2105 4846; baseline 0.006 -25"><span class='ocrx_word' id='word_1_307' title='bbox 520 4767 672 4824; x_wconf 88' lang='lat' dir='ltr'><strong>tione</strong></span> <span class='ocrx_word' id='word_1_308' title='bbox 721 4770 1075 4835; x_wconf 86' lang='lat' dir='ltr'><strong>exsistentes,</strong></span> <span class='ocrx_word' id='word_1_309' title='bbox 1131 4771 1226 4827; x_wconf 83' lang='lat' dir='ltr'><strong>Dei</strong></span> <span class='ocrx_word' id='word_1_310' title='bbox 1273 4774 1665 4842; x_wconf 86' lang='lat' dir='ltr'><strong>omnipotentis</strong></span> <span class='ocrx_word' id='word_1_311' title='bbox 1711 4783 1849 4829; x_wconf 91' lang='lat' dir='ltr'><strong>nutu</strong></span> <span class='ocrx_word' id='word_1_312' title='bbox 1897 4790 2105 4846; x_wconf 86' lang='lat' dir='ltr'><strong>nequa-</strong></span> 
     </span>
    </p>
   </div>
   <div class='ocr_carea' id='block_1_49' title="bbox 523 4861 2104 4935">
    <p class='ocr_par' dir='ltr' id='par_1_49' title="bbox 523 4861 2104 4935">
     <span class='ocr_line' id='line_1_49' title="bbox 523 4861 2104 4935; baseline 0.006 -24"><span class='ocrx_word' id='word_1_313' title='bbox 523 4871 691 4926; x_wconf 89' lang='lat' dir='ltr'><strong>quam</strong></span> <span class='ocrx_word' id='word_1_314' title='bbox 724 4861 1099 4930; x_wconf 79' lang='lat' dir='ltr'><strong>permittentis</strong></span> <span class='ocrx_word' id='word_1_315' title='bbox 1151 4862 1209 4916; x_wconf 93' lang='lat' dir='ltr'><strong>in</strong></span> <span class='ocrx_word' id='word_1_316' title='bbox 1264 4863 1443 4933; x_wconf 88' lang='lat' dir='ltr'><strong>ipsum</strong></span> <span class='ocrx_word' id='word_1_317' title='bbox 1475 4873 1762 4935; x_wconf 86' lang='lat' dir='ltr'><strong>sperantes</strong></span> <span class='ocrx_word' id='word_1_318' title='bbox 1792 4866 1961 4930; x_wconf 91' lang='lat' dir='ltr'><strong>vinci,</strong></span> <span class='ocrx_word' id='word_1_319' title='bbox 2004 4882 2104 4920; x_wconf 81' lang='lat' dir='ltr'><strong>au-</strong></span> 
     </span>
    </p>
   </div>
   <div class='ocr_carea' id='block_1_50' title="bbox 523 4946 2110 5029">
    <p class='ocr_par' dir='ltr' id='par_1_50' title="bbox 523 4946 2110 5029">
     <span class='ocr_line' id='line_1_50' title="bbox 523 4946 2110 5029; baseline 0.008 -28"><span class='ocrx_word' id='word_1_320' title='bbox 523 4946 745 5003; x_wconf 82' lang='lat' dir='ltr'><strong>dierum</strong></span> <span class='ocrx_word' id='word_1_321' title='bbox 774 4951 845 5006; x_wconf 86' lang='lat' dir='ltr'><strong>de</strong></span> <span class='ocrx_word' id='word_1_322' title='bbox 882 4952 1096 5021; x_wconf 90' lang='lat' dir='ltr'><strong>optimo</strong></span> <span class='ocrx_word' id='word_1_323' title='bbox 1135 4952 1259 5008; x_wconf 87' lang='lat' dir='ltr'><strong>viro</strong></span> <span class='ocrx_word' id='word_1_324' title='bbox 1287 4954 1418 5024; x_wconf 89' lang='lat' dir='ltr'><strong>isto,</strong></span> <span class='ocrx_word' id='word_1_325' title='bbox 1461 4964 1515 5011; x_wconf 92' lang='lat' dir='ltr'><strong>et</strong></span> <span class='ocrx_word' id='word_1_326' title='bbox 1544 4959 1613 5013; x_wconf 89' lang='lat' dir='ltr'><strong>de</strong></span> <span class='ocrx_word' id='word_1_327' title='bbox 1651 4958 1826 5028; x_wconf 84' lang='lat' dir='ltr'><strong>ipsius</strong></span> <span class='ocrx_word' id='word_1_328' title='bbox 1870 4959 2110 5029; x_wconf 87' lang='lat' dir='ltr'><strong>philoso-</strong></span> 
     </span>
    </p>
   </div>
   <div class='ocr_carea' id='block_1_51' title="bbox 521 5039 2109 5116">
    <p class='ocr_par' dir='ltr' id='par_1_51' title="bbox 521 5039 2109 5116">
     <span class='ocr_line' id='line_1_51' title="bbox 521 5039 2109 5116; baseline 0.006 -21"><span class='ocrx_word' id='word_1_329' title='bbox 521 5039 657 5111; x_wconf 81' lang='lat' dir='ltr'><strong>phia</strong></span> <span class='ocrx_word' id='word_1_330' title='bbox 688 5049 744 5098; x_wconf 90' lang='lat' dir='ltr'><strong>et</strong></span> <span class='ocrx_word' id='word_1_331' title='bbox 776 5042 950 5098; x_wconf 82' lang='lat' dir='ltr'><strong>multa</strong></span> <span class='ocrx_word' id='word_1_332' title='bbox 976 5042 1292 5115; x_wconf 84' lang='lat' dir='ltr'><strong>disciplina,</strong></span> <span class='ocrx_word' id='word_1_333' title='bbox 1314 5054 1371 5103; x_wconf 92' lang='lat' dir='ltr'><strong>et</strong></span> <span class='ocrx_word' id='word_1_334' title='bbox 1392 5048 1627 5116; x_wconf 90' lang='lat' dir='ltr'><strong>qualiter</strong></span> <span class='ocrx_word' id='word_1_335' title='bbox 1649 5050 1972 5105; x_wconf 87' lang='lat' dir='ltr'><strong>obstruebat</strong></span> <span class='ocrx_word' id='word_1_336' title='bbox 2000 5050 2109 5105; x_wconf 87' lang='lat' dir='ltr'><strong>hae-</strong></span> 
     </span>
    </p>
   </div>
   <div class='ocr_carea' id='block_1_52' title="bbox 521 5133 2114 5214">
    <p class='ocr_par' dir='ltr' id='par_1_52' title="bbox 521 5133 2114 5214">
     <span class='ocr_line' id='line_1_52' title="bbox 521 5133 2114 5214; baseline 0.005 -24"><span class='ocrx_word' id='word_1_337' title='bbox 521 5133 821 5190; x_wconf 82' lang='lat' dir='ltr'><strong>reticorum</strong></span> <span class='ocrx_word' id='word_1_338' title='bbox 870 5148 968 5190; x_wconf 85' lang='lat' dir='ltr'><strong>ora</strong></span> <span class='ocrx_word' id='word_1_339' title='bbox 1016 5137 1195 5191; x_wconf 85' lang='lat' dir='ltr'><strong>sancti</strong></span> <span class='ocrx_word' id='word_1_340' title='bbox 1249 5136 1489 5209; x_wconf 84' lang='lat' dir='ltr'><strong>Spiritus</strong></span> <span class='ocrx_word' id='word_1_341' title='bbox 1537 5142 1737 5212; x_wconf 90' lang='lat' dir='ltr'><strong>gratia,</strong></span> <span class='ocrx_word' id='word_1_342' title='bbox 1768 5142 2114 5214; x_wconf 85' lang='lat' dir='ltr'><strong>qualiterque</strong></span> 
     </span>
    </p>
   </div>
   <div class='ocr_carea' id='block_1_53' title="bbox 521 5225 2113 5301">
    <p class='ocr_par' dir='ltr' id='par_1_53' title="bbox 521 5225 2113 5301">
     <span class='ocr_line' id='line_1_53' title="bbox 521 5225 2113 5301; baseline 0.007 -20"><span class='ocrx_word' id='word_1_343' title='bbox 521 5225 592 5282; x_wconf 79' lang='lat' dir='ltr'><strong>ad</strong></span> <span class='ocrx_word' id='word_1_344' title='bbox 617 5227 799 5298; x_wconf 82' lang='lat' dir='ltr'><strong>ipsum</strong></span> <span class='ocrx_word' id='word_1_345' title='bbox 818 5229 1110 5287; x_wconf 83' lang='lat' dir='ltr'><strong>veniebant</strong></span> <span class='ocrx_word' id='word_1_346' title='bbox 1132 5230 1358 5301; x_wconf 87' lang='lat' dir='ltr'><strong>plurimi</strong></span> <span class='ocrx_word' id='word_1_347' title='bbox 1382 5233 1789 5301; x_wconf 70' lang='lat' dir='ltr'><strong>haereticorum,</strong></span> <span class='ocrx_word' id='word_1_348' title='bbox 1818 5236 2113 5293; x_wconf 86' lang='lat' dir='ltr'><strong>occasione</strong></span> 
     </span>
    </p>
   </div>
   <div class='ocr_carea' id='block_1_54' title="bbox 1575 368 2659 435">
    <p class='ocr_par' dir='ltr' id='par_1_54' title="bbox 1575 368 2659 435">
     <span class='ocr_line' id='line_1_54' title="bbox 1575 368 2659 435; baseline -0.002 -3"><span class='ocrx_word' id='word_1_349' title='bbox 1575 370 1753 432; x_wconf 78' lang='lat' dir='ltr'><strong>VITA</strong></span> <span class='ocrx_word' id='word_1_350' title='bbox 1789 368 2181 435; x_wconf 76' lang='lat' dir='ltr'><strong>SJOANNIS</strong></span> <span class='ocrx_word' id='word_1_351' title='bbox 2204 368 2659 431; x_wconf 81' lang='lat' dir='ltr'><strong>DAMASCENI.</strong></span> 
     </span>
    </p>
   </div>
   <div class='ocr_carea' id='block_1_55' title="bbox 2204 478 3785 551">
    <p class='ocr_par' dir='ltr' id='par_1_55' title="bbox 2204 478 3785 551">
     <span class='ocr_line' id='line_1_55' title="bbox 2204 478 3785 551; baseline 0.004 -15"><span class='ocrx_word' id='word_1_352' title='bbox 2204 480 2567 551; x_wconf 85' lang='lat' dir='ltr'><strong>quaestionum</strong></span> <span class='ocrx_word' id='word_1_353' title='bbox 2617 478 2867 550; x_wconf 82' lang='lat' dir='ltr'><strong>gravium</strong></span> <span class='ocrx_word' id='word_1_354' title='bbox 2911 480 3135 536; x_wconf 88' lang='lat' dir='ltr'><strong>vincere</strong></span> <span class='ocrx_word' id='word_1_355' title='bbox 3188 480 3337 537; x_wconf 91' lang='lat' dir='ltr'><strong>hunc</strong></span> <span class='ocrx_word' id='word_1_356' title='bbox 3391 482 3785 542; x_wconf 76' lang='lat' dir='ltr'><strong>existimantes.</strong></span> 
     </span>
    </p>
   </div>
   <div class='ocr_carea' id='block_1_56' title="bbox 2201 572 3791 645">
    <p class='ocr_par' dir='ltr' id='par_1_56' title="bbox 2201 572 3791 645">
     <span class='ocr_line' id='line_1_56' title="bbox 2201 572 3791 645; baseline 0.004 -18"><span class='ocrx_word' id='word_1_357' title='bbox 2201 572 2325 642; x_wconf 87' lang='lat' dir='ltr'><strong>Ipse</strong></span> <span class='ocrx_word' id='word_1_358' title='bbox 2362 578 2547 627; x_wconf 90' lang='lat' dir='ltr'><strong>autem</strong></span> <span class='ocrx_word' id='word_1_359' title='bbox 2582 572 2923 643; x_wconf 87' lang='lat' dir='ltr'><strong>beneplacito</strong></span> <span class='ocrx_word' id='word_1_360' title='bbox 2972 572 3153 629; x_wconf 84' lang='lat' dir='ltr'><strong>Patris</strong></span> <span class='ocrx_word' id='word_1_361' title='bbox 3197 582 3256 629; x_wconf 90' lang='lat' dir='ltr'><strong>et</strong></span> <span class='ocrx_word' id='word_1_362' title='bbox 3285 576 3532 645; x_wconf 91' lang='lat' dir='ltr'><strong>potentia</strong></span> <span class='ocrx_word' id='word_1_363' title='bbox 3570 577 3695 631; x_wconf 81' lang='lat' dir='ltr'><strong>Filii</strong></span> <span class='ocrx_word' id='word_1_364' title='bbox 3739 590 3791 633; x_wconf 89' lang='lat' dir='ltr'><strong>et</strong></span> 
     </span>
    </p>
   </div>
   <div class='ocr_carea' id='block_1_57' title="bbox 2202 663 3791 735">
    <p class='ocr_par' dir='ltr' id='par_1_57' title="bbox 2202 663 3791 735">
     <span class='ocr_line' id='line_1_57' title="bbox 2202 663 3791 735; baseline 0.003 -16"><span class='ocrx_word' id='word_1_365' title='bbox 2202 664 2589 735; x_wconf 87' lang='lat' dir='ltr'><strong>cooperatione</strong></span> <span class='ocrx_word' id='word_1_366' title='bbox 2636 666 2812 720; x_wconf 87' lang='lat' dir='ltr'><strong>sancti</strong></span> <span class='ocrx_word' id='word_1_367' title='bbox 2862 663 3103 734; x_wconf 87' lang='lat' dir='ltr'><strong>Spiritus</strong></span> <span class='ocrx_word' id='word_1_368' title='bbox 3145 675 3352 720; x_wconf 64' lang='lat' dir='ltr'><strong>sanctas</strong></span> <span class='ocrx_word' id='word_1_369' title='bbox 3390 673 3444 721; x_wconf 93' lang='lat' dir='ltr'><strong>et</strong></span> <span class='ocrx_word' id='word_1_370' title='bbox 3498 668 3791 724; x_wconf 69' lang='lat' dir='ltr'><strong>individum</strong></span> 
     </span>
    </p>
   </div>
   <div class='ocr_carea' id='block_1_58' title="bbox 2204 752 3794 823">
    <p class='ocr_par' dir='ltr' id='par_1_58' title="bbox 2204 752 3794 823">
     <span class='ocr_line' id='line_1_58' title="bbox 2204 752 3794 823; baseline 0.006 -16"><span class='ocrx_word' id='word_1_371' title='bbox 2204 752 2521 820; x_wconf 81' lang='lat' dir='ltr'><strong>Trinitatis,</strong></span> <span class='ocrx_word' id='word_1_372' title='bbox 2553 756 2840 811; x_wconf 87' lang='lat' dir='ltr'><strong>moderate</strong></span> <span class='ocrx_word' id='word_1_373' title='bbox 2870 765 2925 811; x_wconf 92' lang='lat' dir='ltr'><strong>et</strong></span> <span class='ocrx_word' id='word_1_374' title='bbox 2954 766 3244 814; x_wconf 86' lang='lat' dir='ltr'><strong>mansuete</strong></span> <span class='ocrx_word' id='word_1_375' title='bbox 3277 757 3378 814; x_wconf 90' lang='lat' dir='ltr'><strong>hos</strong></span> <span class='ocrx_word' id='word_1_376' title='bbox 3407 758 3708 823; x_wconf 84' lang='lat' dir='ltr'><strong>obstruxit,</strong></span> <span class='ocrx_word' id='word_1_377' title='bbox 3742 773 3794 817; x_wconf 85' lang='lat' dir='ltr'><strong>ct</strong></span> 
     </span>
    </p>
   </div>
   <div class='ocr_carea' id='block_1_59' title="bbox 2204 845 3793 915">
    <p class='ocr_par' dir='ltr' id='par_1_59' title="bbox 2204 845 3793 915">
     <span class='ocr_line' id='line_1_59' title="bbox 2204 845 3793 915; baseline 0.001 -12"><span class='ocrx_word' id='word_1_378' title='bbox 2204 845 2273 903; x_wconf 80' lang='lat' dir='ltr'><strong>ad</strong></span> <span class='ocrx_word' id='word_1_379' title='bbox 2299 860 2418 900; x_wconf 86' lang='lat' dir='ltr'><strong>eam</strong></span> <span class='ocrx_word' id='word_1_380' title='bbox 2449 861 2573 915; x_wconf 65' lang='lat' dir='ltr'><strong>quae</strong></span> <span class='ocrx_word' id='word_1_381' title='bbox 2600 847 2656 901; x_wconf 89' lang='lat' dir='ltr'><strong>in</strong></span> <span class='ocrx_word' id='word_1_382' title='bbox 2688 847 2969 904; x_wconf 89' lang='lat' dir='ltr'><strong>Christum</strong></span> <span class='ocrx_word' id='word_1_383' title='bbox 2997 848 3157 905; x_wconf 85' lang='lat' dir='ltr'><strong>fidem</strong></span> <span class='ocrx_word' id='word_1_384' title='bbox 3197 850 3535 905; x_wconf 76' lang='lat' dir='ltr'><strong>transduxit.</strong></span> <span class='ocrx_word' id='word_1_385' title='bbox 3574 852 3641 906; x_wconf 84' lang='lat' dir='ltr'><strong>Et</strong></span> <span class='ocrx_word' id='word_1_386' title='bbox 3674 868 3793 907; x_wconf 81' lang='lat' dir='ltr'><strong>cer-</strong></span> 
     </span>
    </p>
   </div>
   <div class='ocr_carea' id='block_1_60' title="bbox 2204 937 3795 1009">
    <p class='ocr_par' dir='ltr' id='par_1_60' title="bbox 2204 937 3795 1009">
     <span class='ocr_line' id='line_1_60' title="bbox 2204 937 3795 1009; baseline 0.006 -19"><span class='ocrx_word' id='word_1_387' title='bbox 2204 937 2393 993; x_wconf 85' lang='lat' dir='ltr'><strong>tiﬁcati</strong></span> <span class='ocrx_word' id='word_1_388' title='bbox 2441 937 2509 993; x_wconf 93' lang='lat' dir='ltr'><strong>de</strong></span> <span class='ocrx_word' id='word_1_389' title='bbox 2556 940 2678 1008; x_wconf 92' lang='lat' dir='ltr'><strong>ipso</strong></span> <span class='ocrx_word' id='word_1_390' title='bbox 2716 946 2994 997; x_wconf 88' lang='lat' dir='ltr'><strong>amatores</strong></span> <span class='ocrx_word' id='word_1_391' title='bbox 3043 941 3162 1009; x_wconf 87' lang='lat' dir='ltr'><strong>Dei,</strong></span> <span class='ocrx_word' id='word_1_392' title='bbox 3205 943 3371 998; x_wconf 89' lang='lat' dir='ltr'><strong>simul</strong></span> <span class='ocrx_word' id='word_1_393' title='bbox 3414 954 3600 999; x_wconf 89' lang='lat' dir='ltr'><strong>autem</strong></span> <span class='ocrx_word' id='word_1_394' title='bbox 3640 952 3693 1000; x_wconf 91' lang='lat' dir='ltr'><strong>et</strong></span> <span class='ocrx_word' id='word_1_395' title='bbox 3729 944 3795 1000; x_wconf 87' lang='lat' dir='ltr'><strong>de</strong></span> 
     </span>
    </p>
   </div>
   <div class='ocr_carea' id='block_1_61' title="bbox 2202 1028 3793 1106">
    <p class='ocr_par' dir='ltr' id='par_1_61' title="bbox 2202 1028 3793 1106">
     <span class='ocr_line' id='line_1_61' title="bbox 2202 1028 3793 1106; baseline 0.004 -23"><span class='ocrx_word' id='word_1_396' title='bbox 2202 1028 2379 1098; x_wconf 79' lang='lat' dir='ltr'><strong>ipsius</strong></span> <span class='ocrx_word' id='word_1_397' title='bbox 2433 1030 2736 1102; x_wconf 89' lang='lat' dir='ltr'><strong>intellectu,</strong></span> <span class='ocrx_word' id='word_1_398' title='bbox 2783 1043 3115 1104; x_wconf 87' lang='lat' dir='ltr'><strong>rogaverunt</strong></span> <span class='ocrx_word' id='word_1_399' title='bbox 3163 1043 3414 1090; x_wconf 91' lang='lat' dir='ltr'><strong>sanctum</strong></span> <span class='ocrx_word' id='word_1_400' title='bbox 3472 1036 3793 1106; x_wconf 90' lang='lat' dir='ltr'><strong>episcopum</strong></span> 
     </span>
    </p>
   </div>
   <div class='ocr_carea' id='block_1_62' title="bbox 2204 1120 3794 1198">
    <p class='ocr_par' dir='ltr' id='par_1_62' title="bbox 2204 1120 3794 1198">
     <span class='ocr_line' id='line_1_62' title="bbox 2204 1120 3794 1198; baseline 0.004 -23"><span class='ocrx_word' id='word_1_401' title='bbox 2204 1120 2477 1190; x_wconf 67' lang='lat' dir='ltr'><strong>Majumas,</strong></span> <span class='ocrx_word' id='word_1_402' title='bbox 2516 1122 2770 1180; x_wconf 86' lang='lat' dir='ltr'><strong>Cosmam</strong></span> <span class='ocrx_word' id='word_1_403' title='bbox 2821 1124 3053 1192; x_wconf 90' lang='lat' dir='ltr'><strong>dictum,</strong></span> <span class='ocrx_word' id='word_1_404' title='bbox 3102 1133 3164 1183; x_wconf 88' lang='lat' dir='ltr'><strong>ut</strong></span> <span class='ocrx_word' id='word_1_405' title='bbox 3212 1128 3455 1183; x_wconf 90' lang='lat' dir='ltr'><strong>mitteret</strong></span> <span class='ocrx_word' id='word_1_406' title='bbox 3502 1128 3568 1181; x_wconf 89' lang='lat' dir='ltr'><strong>ad</strong></span> <span class='ocrx_word' id='word_1_407' title='bbox 3613 1130 3794 1198; x_wconf 90' lang='lat' dir='ltr'><strong>ipsum</strong></span> 
     </span>
    </p>
   </div>
   <div class='ocr_carea' id='block_1_63' title="bbox 2203 1212 3796 1288">
    <p class='ocr_par' dir='ltr' id='par_1_63' title="bbox 2203 1212 3796 1288">
     <span class='ocr_line' id='line_1_63' title="bbox 2203 1212 3796 1288; baseline 0.003 -20"><span class='ocrx_word' id='word_1_408' title='bbox 2203 1212 2453 1279; x_wconf 88' lang='lat' dir='ltr'><strong>nuntios,</strong></span> <span class='ocrx_word' id='word_1_409' title='bbox 2475 1215 2871 1272; x_wconf 82' lang='lat' dir='ltr'><strong>annuntiantes</strong></span> <span class='ocrx_word' id='word_1_410' title='bbox 2902 1218 3005 1286; x_wconf 90' lang='lat' dir='ltr'><strong>ipsi</strong></span> <span class='ocrx_word' id='word_1_411' title='bbox 3041 1218 3424 1288; x_wconf 89' lang='lat' dir='ltr'><strong>pullulantium</strong></span> <span class='ocrx_word' id='word_1_412' title='bbox 3450 1218 3796 1274; x_wconf 82' lang='lat' dir='ltr'><strong>zizaniorum</strong></span> 
     </span>
    </p>
   </div>
   <div class='ocr_carea' id='block_1_64' title="bbox 2203 1306 3797 1383">
    <p class='ocr_par' dir='ltr' id='par_1_64' title="bbox 2203 1306 3797 1383">
     <span class='ocr_line' id='line_1_64' title="bbox 2203 1306 3797 1383; baseline 0.005 -24"><span class='ocrx_word' id='word_1_413' title='bbox 2203 1306 2261 1360; x_wconf 91' lang='lat' dir='ltr'><strong>in</strong></span> <span class='ocrx_word' id='word_1_414' title='bbox 2296 1306 2647 1362; x_wconf 88' lang='lat' dir='ltr'><strong>immaculata</strong></span> <span class='ocrx_word' id='word_1_415' title='bbox 2687 1306 2934 1364; x_wconf 87' lang='lat' dir='ltr'><strong>Ecclesia</strong></span> <span class='ocrx_word' id='word_1_416' title='bbox 2972 1310 3381 1382; x_wconf 81' lang='lat' dir='ltr'><strong>haeresiologias</strong></span> <span class='ocrx_word' id='word_1_417' title='bbox 3417 1311 3555 1383; x_wconf 77' lang='lat'><strong>(35),</strong></span> <span class='ocrx_word' id='word_1_418' title='bbox 3590 1323 3646 1368; x_wconf 90' lang='lat' dir='ltr'><strong>et</strong></span> <span class='ocrx_word' id='word_1_419' title='bbox 3679 1315 3797 1383; x_wconf 86' lang='lat' dir='ltr'><strong>ipse</strong></span> 
     </span>
    </p>
   </div>
   <div class='ocr_carea' id='block_1_65' title="bbox 2206 1397 3797 1475">
    <p class='ocr_par' dir='ltr' id='par_1_65' title="bbox 2206 1397 3797 1475">
     <span class='ocr_line' id='line_1_65' title="bbox 2206 1397 3797 1475; baseline 0.004 -22"><span class='ocrx_word' id='word_1_420' title='bbox 2206 1400 2383 1453; x_wconf 87' lang='lat' dir='ltr'><strong>sancti</strong></span> <span class='ocrx_word' id='word_1_421' title='bbox 2439 1397 2679 1469; x_wconf 88' lang='lat' dir='ltr'><strong>Spiritus</strong></span> <span class='ocrx_word' id='word_1_422' title='bbox 2727 1401 2902 1470; x_wconf 89' lang='lat' dir='ltr'><strong>gratia</strong></span> <span class='ocrx_word' id='word_1_423' title='bbox 2952 1403 3196 1460; x_wconf 90' lang='lat' dir='ltr'><strong>mitteret</strong></span> <span class='ocrx_word' id='word_1_424' title='bbox 3239 1405 3377 1475; x_wconf 84' lang='lat' dir='ltr'><strong>ipsis</strong></span> <span class='ocrx_word' id='word_1_425' title='bbox 3424 1405 3797 1475; x_wconf 57' lang='lat' dir='ltr'><strong>quaestionum</strong></span> 
     </span>
    </p>
   </div>
   <div class='ocr_carea' id='block_1_66' title="bbox 2205 1492 3795 1569">
    <p class='ocr_par' dir='ltr' id='par_1_66' title="bbox 2205 1492 3795 1569">
     <span class='ocr_line' id='line_1_66' title="bbox 2205 1492 3795 1569; baseline 0.005 -25"><span class='ocrx_word' id='word_1_426' title='bbox 2205 1492 2453 1547; x_wconf 87' lang='lat' dir='ltr'><strong>omnium</strong></span> <span class='ocrx_word' id='word_1_427' title='bbox 2486 1493 3010 1551; x_wconf 85' lang='lat' dir='ltr'><strong>manifestationem.</strong></span> <span class='ocrx_word' id='word_1_428' title='bbox 3046 1495 3347 1554; x_wconf 90' lang='lat' dir='ltr'><strong>Inclinatus</strong></span> <span class='ocrx_word' id='word_1_429' title='bbox 3379 1507 3563 1554; x_wconf 90' lang='lat' dir='ltr'><strong>autem</strong></span> <span class='ocrx_word' id='word_1_430' title='bbox 3599 1500 3795 1569; x_wconf 85' lang='lat' dir='ltr'><strong>depre-</strong></span> 
     </span>
    </p>
   </div>
   <div class='ocr_carea' id='block_1_67' title="bbox 2206 1583 3798 1661">
    <p class='ocr_par' dir='ltr' id='par_1_67' title="bbox 2206 1583 3798 1661">
     <span class='ocr_line' id='line_1_67' title="bbox 2206 1583 3798 1661; baseline 0.006 -24"><span class='ocrx_word' id='word_1_431' title='bbox 2206 1583 2409 1639; x_wconf 90' lang='lat' dir='ltr'><strong>cationi</strong></span> <span class='ocrx_word' id='word_1_432' title='bbox 2462 1586 2650 1655; x_wconf 90' lang='lat' dir='ltr'><strong>populi</strong></span> <span class='ocrx_word' id='word_1_433' title='bbox 2697 1595 2926 1644; x_wconf 90' lang='lat' dir='ltr'><strong>sanctus</strong></span> <span class='ocrx_word' id='word_1_434' title='bbox 2966 1589 3285 1661; x_wconf 82' lang='lat' dir='ltr'><strong>episcopus,</strong></span> <span class='ocrx_word' id='word_1_435' title='bbox 3318 1590 3470 1646; x_wconf 88' lang='lat' dir='ltr'><strong>misit</strong></span> <span class='ocrx_word' id='word_1_436' title='bbox 3500 1590 3568 1645; x_wconf 90' lang='lat' dir='ltr'><strong>ad</strong></span> <span class='ocrx_word' id='word_1_437' title='bbox 3615 1592 3798 1661; x_wconf 88' lang='lat' dir='ltr'><strong>ipsum</strong></span> 
     </span>
    </p>
   </div>
   <div class='ocr_carea' id='block_1_68' title="bbox 2207 1676 3798 1753">
    <p class='ocr_par' dir='ltr' id='par_1_68' title="bbox 2207 1676 3798 1753">
     <span class='ocr_line' id='line_1_68' title="bbox 2207 1676 3798 1753; baseline 0.006 -26"><span class='ocrx_word' id='word_1_438' title='bbox 2207 1687 2328 1743; x_wconf 62' lang='lat' dir='ltr'><strong>quae</strong></span> <span class='ocrx_word' id='word_1_439' title='bbox 2365 1676 2748 1745; x_wconf 67' lang='lat' dir='ltr'><strong>quaestionum,</strong></span> <span class='ocrx_word' id='word_1_440' title='bbox 2777 1678 3053 1736; x_wconf 86' lang='lat' dir='ltr'><strong>subtiliter</strong></span> <span class='ocrx_word' id='word_1_441' title='bbox 3096 1681 3304 1745; x_wconf 90' lang='lat' dir='ltr'><strong>omnia,</strong></span> <span class='ocrx_word' id='word_1_442' title='bbox 3333 1689 3388 1736; x_wconf 92' lang='lat' dir='ltr'><strong>et</strong></span> <span class='ocrx_word' id='word_1_443' title='bbox 3421 1684 3488 1736; x_wconf 83' lang='lat' dir='ltr'><strong>ab</strong></span> <span class='ocrx_word' id='word_1_444' title='bbox 3524 1681 3646 1753; x_wconf 88' lang='lat' dir='ltr'><strong>ipso</strong></span> <span class='ocrx_word' id='word_1_445' title='bbox 3674 1697 3798 1736; x_wconf 90' lang='lat' dir='ltr'><strong>ma-</strong></span> 
     </span>
    </p>
   </div>
   <div class='ocr_carea' id='block_1_69' title="bbox 2206 1765 3800 1842">
    <p class='ocr_par' dir='ltr' id='par_1_69' title="bbox 2206 1765 3800 1842">
     <span class='ocr_line' id='line_1_69' title="bbox 2206 1765 3800 1842; baseline 0.006 -22"><span class='ocrx_word' id='word_1_446' title='bbox 2206 1765 2615 1824; x_wconf 90' lang='lat' dir='ltr'><strong>nifestalionem</strong></span> <span class='ocrx_word' id='word_1_447' title='bbox 2670 1785 2949 1839; x_wconf 79' lang='lat' dir='ltr'><strong>quaerens.</strong></span> <span class='ocrx_word' id='word_1_448' title='bbox 3000 1770 3295 1842; x_wconf 79' lang='lat' dir='ltr'><strong>Recipiens</strong></span> <span class='ocrx_word' id='word_1_449' title='bbox 3346 1780 3529 1827; x_wconf 81' lang='lat' dir='ltr'><strong>autem</strong></span> <span class='ocrx_word' id='word_1_450' title='bbox 3583 1773 3800 1829; x_wconf 87' lang='lat' dir='ltr'><strong>litteras</strong></span> 
     </span>
    </p>
   </div>
   <div class='ocr_carea' id='block_1_70' title="bbox 2208 1860 3800 1942">
    <p class='ocr_par' dir='ltr' id='par_1_70' title="bbox 2208 1860 3800 1942">
     <span class='ocr_line' id='line_1_70' title="bbox 2208 1860 3800 1942; baseline 0.004 -29"><span class='ocrx_word' id='word_1_451' title='bbox 2208 1860 2433 1915; x_wconf 92' lang='lat' dir='ltr'><strong>omnino</strong></span> <span class='ocrx_word' id='word_1_452' title='bbox 2465 1868 2692 1918; x_wconf 88' lang='lat' dir='ltr'><strong>sanctus</strong></span> <span class='ocrx_word' id='word_1_453' title='bbox 2730 1862 2972 1919; x_wconf 82' lang='lat' dir='ltr'><strong>Joannes</strong></span> <span class='ocrx_word' id='word_1_454' title='bbox 3002 1870 3057 1918; x_wconf 88' lang='lat' dir='ltr'><strong>et</strong></span> <span class='ocrx_word' id='word_1_455' title='bbox 3095 1863 3299 1934; x_wconf 89' lang='lat' dir='ltr'><strong>legens,</strong></span> <span class='ocrx_word' id='word_1_456' title='bbox 3335 1872 3391 1942; x_wconf 80' lang='lat' dir='ltr'><strong>et</strong></span> <span class='ocrx_word' id='word_1_457' title='bbox 3428 1865 3800 1935; x_wconf 77' lang='lat' dir='ltr'><strong>quaestionum</strong></span> 
     </span>
    </p>
   </div>
   <div class='ocr_carea' id='block_1_71' title="bbox 2208 1951 3803 2027">
    <p class='ocr_par' dir='ltr' id='par_1_71' title="bbox 2208 1951 3803 2027">
     <span class='ocr_line' id='line_1_71' title="bbox 2208 1951 3803 2027; baseline 0.004 -23"><span class='ocrx_word' id='word_1_458' title='bbox 2208 1951 2643 2022; x_wconf 87' lang='lat' dir='ltr'><strong>magnitudinem</strong></span> <span class='ocrx_word' id='word_1_459' title='bbox 2717 1969 3043 2025; x_wconf 85' lang='lat' dir='ltr'><strong>agnoscens,</strong></span> <span class='ocrx_word' id='word_1_460' title='bbox 3103 1969 3214 2010; x_wconf 92' lang='lat' dir='ltr'><strong>non</strong></span> <span class='ocrx_word' id='word_1_461' title='bbox 3269 1956 3475 2027; x_wconf 89' lang='lat' dir='ltr'><strong>incepit</strong></span> <span class='ocrx_word' id='word_1_462' title='bbox 3533 1959 3803 2011; x_wconf 89' lang='lat' dir='ltr'><strong>continuo</strong></span> 
     </span>
    </p>
   </div>
   <div class='ocr_carea' id='block_1_72' title="bbox 2207 2043 3804 2120">
    <p class='ocr_par' dir='ltr' id='par_1_72' title="bbox 2207 2043 3804 2120">
     <span class='ocr_line' id='line_1_72' title="bbox 2207 2043 3804 2120; baseline 0.003 -21"><span class='ocrx_word' id='word_1_463' title='bbox 2207 2043 2471 2112; x_wconf 89' lang='lat' dir='ltr'><strong>scribere,</strong></span> <span class='ocrx_word' id='word_1_464' title='bbox 2506 2045 2603 2101; x_wconf 89' lang='lat' dir='ltr'><strong>sed</strong></span> <span class='ocrx_word' id='word_1_465' title='bbox 2632 2045 2701 2101; x_wconf 91' lang='lat' dir='ltr'><strong>ad</strong></span> <span class='ocrx_word' id='word_1_466' title='bbox 2742 2047 3047 2103; x_wconf 91' lang='lat' dir='ltr'><strong>orationem</strong></span> <span class='ocrx_word' id='word_1_467' title='bbox 3097 2054 3382 2105; x_wconf 87' lang='lat' dir='ltr'><strong>extensam</strong></span> <span class='ocrx_word' id='word_1_468' title='bbox 3428 2056 3484 2104; x_wconf 90' lang='lat' dir='ltr'><strong>et</strong></span> <span class='ocrx_word' id='word_1_469' title='bbox 3523 2049 3804 2120; x_wconf 78' lang='lat' dir='ltr'><strong>prolixam</strong></span> 
     </span>
    </p>
   </div>
   <div class='ocr_carea' id='block_1_73' title="bbox 2208 2136 3804 2209">
    <p class='ocr_par' dir='ltr' id='par_1_73' title="bbox 2208 2136 3804 2209">
     <span class='ocr_line' id='line_1_73' title="bbox 2208 2136 3804 2209; baseline 0.001 -17"><span class='ocrx_word' id='word_1_470' title='bbox 2208 2136 2359 2192; x_wconf 89' lang='lat' dir='ltr'><strong>dedit</strong></span> <span class='ocrx_word' id='word_1_471' title='bbox 2387 2136 2629 2209; x_wconf 90' lang='lat' dir='ltr'><strong>seipsum</strong></span> <span class='ocrx_word' id='word_1_472' title='bbox 2668 2158 2682 2194; x_wconf 91' lang='lat'><strong>:</strong></span> <span class='ocrx_word' id='word_1_473' title='bbox 2717 2140 2881 2195; x_wconf 91' lang='lat' dir='ltr'><strong>simul</strong></span> <span class='ocrx_word' id='word_1_474' title='bbox 2929 2147 3111 2196; x_wconf 86' lang='lat' dir='ltr'><strong>autem</strong></span> <span class='ocrx_word' id='word_1_475' title='bbox 3164 2148 3219 2195; x_wconf 90' lang='lat' dir='ltr'><strong>et</strong></span> <span class='ocrx_word' id='word_1_476' title='bbox 3268 2156 3300 2196; x_wconf 90' lang='lat' dir='ltr'><strong>a</strong></span> <span class='ocrx_word' id='word_1_477' title='bbox 3340 2140 3456 2198; x_wconf 90' lang='lat' dir='ltr'><strong>Deo</strong></span> <span class='ocrx_word' id='word_1_478' title='bbox 3503 2140 3804 2196; x_wconf 88' lang='lat' dir='ltr'><strong>collectum</strong></span> 
     </span>
    </p>
   </div>
   <div class='ocr_carea' id='block_1_74' title="bbox 2208 2227 3808 2303">
    <p class='ocr_par' dir='ltr' id='par_1_74' title="bbox 2208 2227 3808 2303">
     <span class='ocr_line' id='line_1_74' title="bbox 2208 2227 3808 2303; baseline 0.002 -19"><span class='ocrx_word' id='word_1_479' title='bbox 2208 2227 2496 2299; x_wconf 86' lang='lat' dir='ltr'><strong>collegium</strong></span> <span class='ocrx_word' id='word_1_480' title='bbox 2550 2228 2781 2285; x_wconf 87' lang='lat' dir='ltr'><strong>fratrum</strong></span> <span class='ocrx_word' id='word_1_481' title='bbox 2828 2238 2884 2287; x_wconf 91' lang='lat' dir='ltr'><strong>et</strong></span> <span class='ocrx_word' id='word_1_482' title='bbox 2929 2230 3345 2287; x_wconf 90' lang='lat' dir='ltr'><strong>sanctissimum</strong></span> <span class='ocrx_word' id='word_1_483' title='bbox 3375 2232 3720 2303; x_wconf 90' lang='lat' dir='ltr'><strong>episcopum,</strong></span> <span class='ocrx_word' id='word_1_484' title='bbox 3751 2239 3808 2287; x_wconf 83' lang='lat' dir='ltr'><strong>et</strong></span> 
     </span>
    </p>
   </div>
   <div class='ocr_carea' id='block_1_75' title="bbox 2208 2320 3809 2397">
    <p class='ocr_par' dir='ltr' id='par_1_75' title="bbox 2208 2320 3809 2397">
     <span class='ocr_line' id='line_1_75' title="bbox 2208 2320 3809 2397; baseline 0.001 -21"><span class='ocrx_word' id='word_1_485' title='bbox 2208 2333 2303 2376; x_wconf 88' lang='lat' dir='ltr'><strong>eos</strong></span> <span class='ocrx_word' id='word_1_486' title='bbox 2330 2320 2428 2392; x_wconf 88' lang='lat' dir='ltr'><strong>qui</strong></span> <span class='ocrx_word' id='word_1_487' title='bbox 2477 2321 2582 2378; x_wconf 93' lang='lat' dir='ltr'><strong>sub</strong></span> <span class='ocrx_word' id='word_1_488' title='bbox 2628 2321 2751 2393; x_wconf 91' lang='lat' dir='ltr'><strong>ipso</strong></span> <span class='ocrx_word' id='word_1_489' title='bbox 2803 2323 3153 2380; x_wconf 85' lang='lat' dir='ltr'><strong>honorabiles</strong></span> <span class='ocrx_word' id='word_1_490' title='bbox 3182 2325 3353 2391; x_wconf 87' lang='lat' dir='ltr'><strong>viros,</strong></span> <span class='ocrx_word' id='word_1_491' title='bbox 3407 2326 3494 2382; x_wconf 90' lang='lat' dir='ltr'><strong>his</strong></span> <span class='ocrx_word' id='word_1_492' title='bbox 3546 2327 3809 2397; x_wconf 68' lang='lat' dir='ltr'><strong>praescri-</strong></span> 
     </span>
    </p>
   </div>
   <div class='ocr_carea' id='block_1_76' title="bbox 2209 2410 3809 2487">
    <p class='ocr_par' dir='ltr' id='par_1_76' title="bbox 2209 2410 3809 2487">
     <span class='ocr_line' id='line_1_76' title="bbox 2209 2410 3809 2487; baseline 0.002 -24"><span class='ocrx_word' id='word_1_493' title='bbox 2209 2416 2357 2480; x_wconf 90' lang='lat' dir='ltr'><strong>ptam</strong></span> <span class='ocrx_word' id='word_1_494' title='bbox 2407 2410 2694 2481; x_wconf 90' lang='lat' dir='ltr'><strong>epistolam</strong></span> <span class='ocrx_word' id='word_1_495' title='bbox 2747 2412 3083 2480; x_wconf 89' lang='lat' dir='ltr'><strong>rescribens,</strong></span> <span class='ocrx_word' id='word_1_496' title='bbox 3116 2414 3443 2486; x_wconf 88' lang='lat' dir='ltr'><strong>deprecatus</strong></span> <span class='ocrx_word' id='word_1_497' title='bbox 3481 2423 3566 2471; x_wconf 87' lang='lat' dir='ltr'><strong>est</strong></span> <span class='ocrx_word' id='word_1_498' title='bbox 3603 2426 3666 2469; x_wconf 84' lang='lat' dir='ltr'><strong>ut</strong></span> <span class='ocrx_word' id='word_1_499' title='bbox 3700 2431 3809 2487; x_wconf 85' lang='lat' dir='ltr'><strong>pro</strong></span> 
     </span>
    </p>
   </div>
   <div class='ocr_carea' id='block_1_77' title="bbox 2209 2498 3811 2576">
    <p class='ocr_par' dir='ltr' id='par_1_77' title="bbox 2209 2498 3811 2576">
     <span class='ocr_line' id='line_1_77' title="bbox 2209 2498 3811 2576; baseline 0.003 -23"><span class='ocrx_word' id='word_1_500' title='bbox 2209 2498 2332 2570; x_wconf 91' lang='lat' dir='ltr'><strong>ipso</strong></span> <span class='ocrx_word' id='word_1_501' title='bbox 2360 2508 2607 2567; x_wconf 89' lang='lat' dir='ltr'><strong>orarent,</strong></span> <span class='ocrx_word' id='word_1_502' title='bbox 2635 2510 2695 2557; x_wconf 91' lang='lat' dir='ltr'><strong>ut</strong></span> <span class='ocrx_word' id='word_1_503' title='bbox 2723 2502 2879 2560; x_wconf 89' lang='lat' dir='ltr'><strong>daret</strong></span> <span class='ocrx_word' id='word_1_504' title='bbox 2907 2503 3012 2576; x_wconf 91' lang='lat' dir='ltr'><strong>ipsi</strong></span> <span class='ocrx_word' id='word_1_505' title='bbox 3044 2502 3312 2561; x_wconf 89' lang='lat' dir='ltr'><strong>Dominus</strong></span> <span class='ocrx_word' id='word_1_506' title='bbox 3362 2505 3703 2561; x_wconf 87' lang='lat' dir='ltr'><strong>intellectum</strong></span> <span class='ocrx_word' id='word_1_507' title='bbox 3750 2509 3811 2558; x_wconf 85' lang='lat' dir='ltr'><strong>in</strong></span> 
     </span>
    </p>
   </div>
   <div class='ocr_carea' id='block_1_78' title="bbox 2209 2592 3814 2668">
    <p class='ocr_par' dir='ltr' id='par_1_78' title="bbox 2209 2592 3814 2668">
     <span class='ocr_line' id='line_1_78' title="bbox 2209 2592 3814 2668; baseline 0.003 -22"><span class='ocrx_word' id='word_1_508' title='bbox 2209 2592 2487 2658; x_wconf 89' lang='lat' dir='ltr'><strong>omnibus,</strong></span> <span class='ocrx_word' id='word_1_509' title='bbox 2515 2602 2570 2650; x_wconf 90' lang='lat' dir='ltr'><strong>et</strong></span> <span class='ocrx_word' id='word_1_510' title='bbox 2601 2609 2909 2651; x_wconf 89' lang='lat' dir='ltr'><strong>sermonem</strong></span> <span class='ocrx_word' id='word_1_511' title='bbox 2946 2598 3001 2652; x_wconf 90' lang='lat' dir='ltr'><strong>in</strong></span> <span class='ocrx_word' id='word_1_512' title='bbox 3035 2598 3316 2668; x_wconf 90' lang='lat' dir='ltr'><strong>apertione</strong></span> <span class='ocrx_word' id='word_1_513' title='bbox 3352 2598 3467 2654; x_wconf 92' lang='lat' dir='ltr'><strong>oris</strong></span> <span class='ocrx_word' id='word_1_514' title='bbox 3512 2597 3733 2668; x_wconf 88' lang='lat' dir='ltr'><strong>impleri</strong></span> <span class='ocrx_word' id='word_1_515' title='bbox 3780 2614 3814 2651; x_wconf 89' lang='lat' dir='ltr'><strong>a</strong></span> 
     </span>
    </p>
   </div>
   <div class='ocr_carea' id='block_1_79' title="bbox 2210 2685 3814 2764">
    <p class='ocr_par' dir='ltr' id='par_1_79' title="bbox 2210 2685 3814 2764">
     <span class='ocr_line' id='line_1_79' title="bbox 2210 2685 3814 2764; baseline 0.002 -21"><span class='ocrx_word' id='word_1_516' title='bbox 2210 2685 2417 2759; x_wconf 88' lang='lat' dir='ltr'><strong>Spiritu</strong></span> <span class='ocrx_word' id='word_1_517' title='bbox 2449 2698 2662 2746; x_wconf 90' lang='lat' dir='ltr'><strong>sancto.</strong></span> <span class='ocrx_word' id='word_1_518' title='bbox 2710 2690 2889 2747; x_wconf 87' lang='lat' dir='ltr'><strong>Parvo</strong></span> <span class='ocrx_word' id='word_1_519' title='bbox 2939 2692 3107 2763; x_wconf 92' lang='lat' dir='ltr'><strong>igitur</strong></span> <span class='ocrx_word' id='word_1_520' title='bbox 3135 2701 3384 2764; x_wconf 92' lang='lat' dir='ltr'><strong>tempore</strong></span> <span class='ocrx_word' id='word_1_521' title='bbox 3435 2707 3814 2764; x_wconf 83' lang='lat' dir='ltr'><strong>perseverans</strong></span> 
     </span>
    </p>
   </div>
   <div class='ocr_carea' id='block_1_80' title="bbox 2211 2777 3637 2852">
    <p class='ocr_par' dir='ltr' id='par_1_80' title="bbox 2211 2777 3637 2852">
     <span class='ocr_line' id='line_1_80' title="bbox 2211 2777 3637 2852; baseline 0.005 -20"><span class='ocrx_word' id='word_1_522' title='bbox 2211 2777 2266 2832; x_wconf 93' lang='lat' dir='ltr'><strong>in</strong></span> <span class='ocrx_word' id='word_1_523' title='bbox 2298 2778 2568 2845; x_wconf 89' lang='lat' dir='ltr'><strong>oratione,</strong></span> <span class='ocrx_word' id='word_1_524' title='bbox 2606 2780 2811 2852; x_wconf 88' lang='lat' dir='ltr'><strong>incepit</strong></span> <span class='ocrx_word' id='word_1_525' title='bbox 2842 2782 3087 2839; x_wconf 87' lang='lat' dir='ltr'><strong>scribere</strong></span> <span class='ocrx_word' id='word_1_526' title='bbox 3117 2782 3263 2839; x_wconf 88' lang='lat' dir='ltr'><strong>hunc</strong></span> <span class='ocrx_word' id='word_1_527' title='bbox 3295 2783 3492 2839; x_wconf 90' lang='lat' dir='ltr'><strong>librum</strong></span> <span class='ocrx_word' id='word_1_528' title='bbox 3530 2783 3637 2839; x_wconf 91' lang='lat' dir='ltr'><strong>sic.</strong></span> 
     </span>
    </p>
   </div>
   <div class='ocr_carea' id='block_1_81' title="bbox 2867 2894 3144 2952">
    <p class='ocr_par' dir='ltr' id='par_1_81' title="bbox 2867 2894 3144 2952">
     <span class='ocr_line' id='line_1_81' title="bbox 2867 2894 3144 2952; baseline -0.007 0"><span class='ocrx_word' id='word_1_529' title='bbox 2867 2894 3019 2952; x_wconf 82' lang='lat' dir='ltr'><strong>CAP.</strong></span> <span class='ocrx_word' id='word_1_530' title='bbox 3052 2896 3144 2952; x_wconf 80' lang='lat' dir='ltr'><strong>IX.</strong></span> 
     </span>
    </p>
   </div>
   <div class='ocr_carea' id='block_1_82' title="bbox 2210 3001 3818 3075">
    <p class='ocr_par' dir='ltr' id='par_1_82' title="bbox 2210 3001 3818 3075">
     <span class='ocr_line' id='line_1_82' title="bbox 2210 3001 3818 3075; baseline 0.002 -20"><span class='ocrx_word' id='word_1_531' title='bbox 2210 3001 2485 3075; x_wconf 80' lang='lat' dir='ltr'><strong>Quomodo</strong></span> <span class='ocrx_word' id='word_1_532' title='bbox 2534 3005 2830 3073; x_wconf 84' lang='lat' dir='ltr'><strong>composuit</strong></span> <span class='ocrx_word' id='word_1_533' title='bbox 2876 3005 3136 3074; x_wconf 87' lang='lat' dir='ltr'><strong>integrum</strong></span> <span class='ocrx_word' id='word_1_534' title='bbox 3205 3004 3428 3070; x_wconf 83' lang='lat' dir='ltr'><strong>librunt,</strong></span> <span class='ocrx_word' id='word_1_535' title='bbox 3487 3018 3559 3075; x_wconf 68' lang='lat' dir='ltr'><strong>ea:</strong></span> <span class='ocrx_word' id='word_1_536' title='bbox 3616 3004 3818 3075; x_wconf 71' lang='lat' dir='ltr'><strong>legitis</strong></span> 
     </span>
    </p>
   </div>
   <div class='ocr_carea' id='block_1_83' title="bbox 2366 3073 3615 3131">
    <p class='ocr_par' dir='ltr' id='par_1_83' title="bbox 2366 3073 3615 3131">
     <span class='ocr_line' id='line_1_83' title="bbox 2366 3073 3615 3131; baseline 0 -3"><span class='ocrx_word' id='word_1_537' title='bbox 2366 3073 2565 3128; x_wconf 82' lang='lat' dir='ltr'><strong>scilicet</strong></span> <span class='ocrx_word' id='word_1_538' title='bbox 2594 3085 2643 3127; x_wconf 88' lang='lat' dir='ltr'><strong>et</strong></span> <span class='ocrx_word' id='word_1_539' title='bbox 2680 3087 2887 3128; x_wconf 85' lang='lat' dir='ltr'><strong>centum</strong></span> <span class='ocrx_word' id='word_1_540' title='bbox 2920 3073 3205 3130; x_wconf 72' lang='lat' dir='ltr'><strong>lateresibus</strong></span> <span class='ocrx_word' id='word_1_541' title='bbox 3233 3085 3285 3130; x_wconf 89' lang='lat' dir='ltr'><strong>et</strong></span> <span class='ocrx_word' id='word_1_542' title='bbox 3320 3074 3615 3131; x_wconf 83' lang='lat' dir='ltr'><strong>sententiis.</strong></span> 
     </span>
    </p>
   </div>
   <div class='ocr_carea' id='block_1_84' title="bbox 2276 3187 3823 3260">
    <p class='ocr_par' dir='ltr' id='par_1_84' title="bbox 2276 3187 3823 3260">
     <span class='ocr_line' id='line_1_84' title="bbox 2276 3187 3823 3260; baseline 0.001 -18"><span class='ocrx_word' id='word_1_543' title='bbox 2276 3187 2521 3243; x_wconf 89' lang='lat' dir='ltr'><strong>Primum</strong></span> <span class='ocrx_word' id='word_1_544' title='bbox 2551 3188 2774 3259; x_wconf 91' lang='lat' dir='ltr'><strong>quidem</strong></span> <span class='ocrx_word' id='word_1_545' title='bbox 2810 3189 2879 3244; x_wconf 90' lang='lat' dir='ltr'><strong>ab</strong></span> <span class='ocrx_word' id='word_1_546' title='bbox 2907 3197 3032 3246; x_wconf 90' lang='lat' dir='ltr'><strong>ente</strong></span> <span class='ocrx_word' id='word_1_547' title='bbox 3060 3189 3353 3260; x_wconf 90' lang='lat' dir='ltr'><strong>incipiens,</strong></span> <span class='ocrx_word' id='word_1_548' title='bbox 3377 3204 3470 3246; x_wconf 91' lang='lat' dir='ltr'><strong>eas</strong></span> <span class='ocrx_word' id='word_1_549' title='bbox 3491 3203 3617 3258; x_wconf 77' lang='lat' dir='ltr'><strong>quae</strong></span> <span class='ocrx_word' id='word_1_550' title='bbox 3655 3188 3823 3260; x_wconf 86' lang='lat' dir='ltr'><strong>apud</strong></span> 
     </span>
    </p>
   </div>
   <div class='ocr_carea' id='block_1_85' title="bbox 2208 3277 3820 3349">
    <p class='ocr_par' dir='ltr' id='par_1_85' title="bbox 2208 3277 3820 3349">
     <span class='ocr_line' id='line_1_85' title="bbox 2208 3277 3820 3349; baseline -0.002 -15"><span class='ocrx_word' id='word_1_551' title='bbox 2208 3277 2431 3334; x_wconf 66' lang='lat' dir='ltr'><strong>Graecos</strong></span> <span class='ocrx_word' id='word_1_552' title='bbox 2486 3277 2727 3347; x_wconf 81' lang='lat' dir='ltr'><strong>Optimas</strong></span> <span class='ocrx_word' id='word_1_553' title='bbox 2770 3282 2847 3342; x_wconf 72' lang='lat' dir='ltr'><strong>fet</strong></span> <span class='ocrx_word' id='word_1_554' title='bbox 2904 3279 3069 3334; x_wconf 91' lang='lat' dir='ltr'><strong>utiles</strong></span> <span class='ocrx_word' id='word_1_555' title='bbox 3131 3280 3461 3349; x_wconf 64' lang='lat' dir='ltr'><strong>quaestiones</strong></span> <span class='ocrx_word' id='word_1_556' title='bbox 3518 3281 3820 3349; x_wconf 82' lang='lat' dir='ltr'><strong>exposuit.</strong></span> 
     </span>
    </p>
   </div>
   <div class='ocr_carea' id='block_1_86' title="bbox 2208 3366 3823 3439">
    <p class='ocr_par' dir='ltr' id='par_1_86' title="bbox 2208 3366 3823 3439">
     <span class='ocr_line' id='line_1_86' title="bbox 2208 3366 3823 3439; baseline -0.001 -17"><span class='ocrx_word' id='word_1_557' title='bbox 2208 3366 2626 3438; x_wconf 88' lang='lat' dir='ltr'><strong>Consequenter</strong></span> <span class='ocrx_word' id='word_1_558' title='bbox 2653 3374 2836 3424; x_wconf 88' lang='lat' dir='ltr'><strong>autem</strong></span> <span class='ocrx_word' id='word_1_559' title='bbox 2886 3368 3114 3439; x_wconf 90' lang='lat' dir='ltr'><strong>scripsit</strong></span> <span class='ocrx_word' id='word_1_560' title='bbox 3150 3368 3531 3424; x_wconf 66' lang='lat' dir='ltr'><strong>haereticorum</strong></span> <span class='ocrx_word' id='word_1_561' title='bbox 3560 3368 3823 3437; x_wconf 85' lang='lat' dir='ltr'><strong>garruli-</strong></span> 
     </span>
    </p>
   </div>
   <div class='ocr_carea' id='block_1_87' title="bbox 2210 3460 3828 3532">
    <p class='ocr_par' dir='ltr' id='par_1_87' title="bbox 2210 3460 3828 3532">
     <span class='ocr_line' id='line_1_87' title="bbox 2210 3460 3828 3532; baseline -0.001 -19"><span class='ocrx_word' id='word_1_562' title='bbox 2210 3467 2373 3527; x_wconf 90' lang='lat' dir='ltr'><strong>tates,</strong></span> <span class='ocrx_word' id='word_1_563' title='bbox 2403 3467 2464 3513; x_wconf 90' lang='lat' dir='ltr'><strong>ut</strong></span> <span class='ocrx_word' id='word_1_564' title='bbox 2501 3460 2848 3515; x_wconf 90' lang='lat' dir='ltr'><strong>mendacium</strong></span> <span class='ocrx_word' id='word_1_565' title='bbox 2882 3469 3297 3532; x_wconf 87' lang='lat' dir='ltr'><strong>cognoscentes,</strong></span> <span class='ocrx_word' id='word_1_566' title='bbox 3328 3461 3547 3517; x_wconf 88' lang='lat' dir='ltr'><strong>veritati</strong></span> <span class='ocrx_word' id='word_1_567' title='bbox 3580 3461 3828 3517; x_wconf 81' lang='lat' dir='ltr'><strong>obedia-</strong></span> 
     </span>
    </p>
   </div>
   <div class='ocr_carea' id='block_1_88' title="bbox 2208 3553 3827 3618">
    <p class='ocr_par' dir='ltr' id='par_1_88' title="bbox 2208 3553 3827 3618">
     <span class='ocr_line' id='line_1_88' title="bbox 2208 3553 3827 3618; baseline 0 -9"><span class='ocrx_word' id='word_1_568' title='bbox 2208 3569 2355 3609; x_wconf 88' lang='lat' dir='ltr'><strong>mus.</strong></span> <span class='ocrx_word' id='word_1_569' title='bbox 2390 3553 2673 3610; x_wconf 88' lang='lat' dir='ltr'><strong>Posterius</strong></span> <span class='ocrx_word' id='word_1_570' title='bbox 2708 3561 2887 3609; x_wconf 90' lang='lat' dir='ltr'><strong>autem</strong></span> <span class='ocrx_word' id='word_1_571' title='bbox 2918 3554 3090 3610; x_wconf 89' lang='lat' dir='ltr'><strong>edidit</strong></span> <span class='ocrx_word' id='word_1_572' title='bbox 3120 3554 3340 3609; x_wconf 90' lang='lat' dir='ltr'><strong>tertium</strong></span> <span class='ocrx_word' id='word_1_573' title='bbox 3375 3553 3596 3618; x_wconf 91' lang='lat' dir='ltr'><strong>librum,</strong></span> <span class='ocrx_word' id='word_1_574' title='bbox 3620 3555 3827 3609; x_wconf 82' lang='lat' dir='ltr'><strong>omnis</strong></span> 
     </span>
    </p>
   </div>
   <div class='ocr_carea' id='block_1_89' title="bbox 2209 3646 3825 3717">
    <p class='ocr_par' dir='ltr' id='par_1_89' title="bbox 2209 3646 3825 3717">
     <span class='ocr_line' id='line_1_89' title="bbox 2209 3646 3825 3717; baseline -0.001 -15"><span class='ocrx_word' id='word_1_575' title='bbox 2209 3646 2495 3716; x_wconf 61' lang='lat' dir='ltr'><strong>sapientia:</strong></span> <span class='ocrx_word' id='word_1_576' title='bbox 2526 3654 2581 3702; x_wconf 93' lang='lat' dir='ltr'><strong>et</strong></span> <span class='ocrx_word' id='word_1_577' title='bbox 2631 3646 2945 3702; x_wconf 89' lang='lat' dir='ltr'><strong>intellectus</strong></span> <span class='ocrx_word' id='word_1_578' title='bbox 2995 3654 3049 3701; x_wconf 89' lang='lat' dir='ltr'><strong>et</strong></span> <span class='ocrx_word' id='word_1_579' title='bbox 3096 3646 3226 3702; x_wconf 81' lang='lat' dir='ltr'><strong>fidei</strong></span> <span class='ocrx_word' id='word_1_580' title='bbox 3271 3662 3423 3717; x_wconf 78' lang='lat' dir='ltr'><strong>purae</strong></span> <span class='ocrx_word' id='word_1_581' title='bbox 3474 3646 3825 3717; x_wconf 83' lang='lat' dir='ltr'><strong>inscriptam</strong></span> 
     </span>
    </p>
   </div>
   <div class='ocr_carea' id='block_1_90' title="bbox 2210 3736 3831 3809">
    <p class='ocr_par' dir='ltr' id='par_1_90' title="bbox 2210 3736 3831 3809">
     <span class='ocr_line' id='line_1_90' title="bbox 2210 3736 3831 3809; baseline 0 -18"><span class='ocrx_word' id='word_1_582' title='bbox 2210 3736 2502 3792; x_wconf 88' lang='lat' dir='ltr'><strong>habentem</strong></span> <span class='ocrx_word' id='word_1_583' title='bbox 2531 3736 2842 3793; x_wconf 87' lang='lat' dir='ltr'><strong>veritatem.</strong></span> <span class='ocrx_word' id='word_1_584' title='bbox 2879 3736 3013 3793; x_wconf 91' lang='lat' dir='ltr'><strong>Dein</strong></span> <span class='ocrx_word' id='word_1_585' title='bbox 3045 3736 3217 3809; x_wconf 89' lang='lat' dir='ltr'><strong>igitur</strong></span> <span class='ocrx_word' id='word_1_586' title='bbox 3239 3737 3652 3807; x_wconf 90' lang='lat' dir='ltr'><strong>conscriptores</strong></span> <span class='ocrx_word' id='word_1_587' title='bbox 3679 3754 3831 3808; x_wconf 83' lang='lat' dir='ltr'><strong>pro-</strong></span> 
     </span>
    </p>
   </div>
   <div class='ocr_carea' id='block_1_91' title="bbox 2211 3828 3830 3900">
    <p class='ocr_par' dir='ltr' id='par_1_91' title="bbox 2211 3828 3830 3900">
     <span class='ocr_line' id='line_1_91' title="bbox 2211 3828 3830 3900; baseline 0.002 -20"><span class='ocrx_word' id='word_1_588' title='bbox 2211 3838 2332 3898; x_wconf 87' lang='lat' dir='ltr'><strong>pter</strong></span> <span class='ocrx_word' id='word_1_589' title='bbox 2361 3829 2508 3883; x_wconf 88' lang='lat' dir='ltr'><strong>tertii</strong></span> <span class='ocrx_word' id='word_1_590' title='bbox 2547 3828 2674 3884; x_wconf 88' lang='lat' dir='ltr'><strong>libri</strong></span> <span class='ocrx_word' id='word_1_591' title='bbox 2706 3828 3161 3900; x_wconf 86' lang='lat' dir='ltr'><strong>magnitudinem,</strong></span> <span class='ocrx_word' id='word_1_592' title='bbox 3191 3838 3244 3884; x_wconf 92' lang='lat' dir='ltr'><strong>et</strong></span> <span class='ocrx_word' id='word_1_593' title='bbox 3280 3837 3500 3899; x_wconf 91' lang='lat' dir='ltr'><strong>propter</strong></span> <span class='ocrx_word' id='word_1_594' title='bbox 3526 3842 3653 3884; x_wconf 80' lang='lat' dir='ltr'><strong>eam</strong></span> <span class='ocrx_word' id='word_1_595' title='bbox 3686 3844 3830 3899; x_wconf 64' lang='lat' dir='ltr'><strong>quas</strong></span> 
     </span>
    </p>
   </div>
   <div class='ocr_carea' id='block_1_92' title="bbox 2211 3918 3832 3990">
    <p class='ocr_par' dir='ltr' id='par_1_92' title="bbox 2211 3918 3832 3990">
     <span class='ocr_line' id='line_1_92' title="bbox 2211 3918 3832 3990; baseline 0.001 -17"><span class='ocrx_word' id='word_1_596' title='bbox 2211 3919 2269 3973; x_wconf 90' lang='lat' dir='ltr'><strong>in</strong></span> <span class='ocrx_word' id='word_1_597' title='bbox 2304 3919 2424 3989; x_wconf 91' lang='lat' dir='ltr'><strong>ipso</strong></span> <span class='ocrx_word' id='word_1_598' title='bbox 2456 3918 2579 3975; x_wconf 87' lang='lat' dir='ltr'><strong>fidei</strong></span> <span class='ocrx_word' id='word_1_599' title='bbox 2627 3919 3044 3990; x_wconf 83' lang='lat' dir='ltr'><strong>perfectionem,</strong></span> <span class='ocrx_word' id='word_1_600' title='bbox 3077 3935 3145 3976; x_wconf 88' lang='lat' dir='ltr'><strong>ex</strong></span> <span class='ocrx_word' id='word_1_601' title='bbox 3190 3921 3298 3975; x_wconf 92' lang='lat' dir='ltr'><strong>hoc</strong></span> <span class='ocrx_word' id='word_1_602' title='bbox 3345 3920 3579 3984; x_wconf 88' lang='lat' dir='ltr'><strong>scilicet,</strong></span> <span class='ocrx_word' id='word_1_603' title='bbox 3632 3920 3832 3975; x_wconf 77' lang='lat' dir='ltr'><strong>Deum</strong></span> 
     </span>
    </p>
   </div>
   <div class='ocr_carea' id='block_1_93' title="bbox 2210 4010 3830 4081">
    <p class='ocr_par' dir='ltr' id='par_1_93' title="bbox 2210 4010 3830 4081">
     <span class='ocr_line' id='line_1_93' title="bbox 2210 4010 3830 4081; baseline -0.001 -16"><span class='ocrx_word' id='word_1_604' title='bbox 2210 4027 2361 4066; x_wconf 89' lang='lat' dir='ltr'><strong>nemo</strong></span> <span class='ocrx_word' id='word_1_605' title='bbox 2393 4012 2521 4066; x_wconf 81' lang='lat' dir='ltr'><strong>vidit</strong></span> <span class='ocrx_word' id='word_1_606' title='bbox 2571 4010 2882 4081; x_wconf 71' lang='lat' dir='ltr'><strong>unquam“,</strong></span> <span class='ocrx_word' id='word_1_607' title='bbox 2936 4012 3281 4081; x_wconf 89' lang='lat' dir='ltr'><strong>inceperunt,</strong></span> <span class='ocrx_word' id='word_1_608' title='bbox 3321 4019 3376 4066; x_wconf 89' lang='lat' dir='ltr'><strong>et</strong></span> <span class='ocrx_word' id='word_1_609' title='bbox 3424 4019 3619 4066; x_wconf 90' lang='lat' dir='ltr'><strong>testem</strong></span> <span class='ocrx_word' id='word_1_610' title='bbox 3672 4010 3830 4065; x_wconf 80' lang='lat' dir='ltr'><strong>fide-</strong></span> 
     </span>
    </p>
   </div>
   <div class='ocr_carea' id='block_1_94' title="bbox 2211 4101 3825 4174">
    <p class='ocr_par' dir='ltr' id='par_1_94' title="bbox 2211 4101 3825 4174">
     <span class='ocr_line' id='line_1_94' title="bbox 2211 4101 3825 4174; baseline 0.001 -18"><span class='ocrx_word' id='word_1_611' title='bbox 2211 4101 2317 4157; x_wconf 92' lang='lat' dir='ltr'><strong>lem</strong></span> <span class='ocrx_word' id='word_1_612' title='bbox 2352 4101 2531 4158; x_wconf 77' lang='lat' dir='ltr'><strong>I‘actor</strong></span> <span class='ocrx_word' id='word_1_613' title='bbox 2560 4101 2684 4157; x_wconf 89' lang='lat' dir='ltr'><strong>libri</strong></span> <span class='ocrx_word' id='word_1_614' title='bbox 2727 4102 2886 4159; x_wconf 91' lang='lat' dir='ltr'><strong>nobis</strong></span> <span class='ocrx_word' id='word_1_615' title='bbox 2938 4101 3224 4174; x_wconf 75' lang='lat' dir='ltr'><strong>[XXVIII],</strong></span> <span class='ocrx_word' id='word_1_616' title='bbox 3258 4101 3497 4166; x_wconf 76' lang='lat' dir='ltr'><strong>induxit,</strong></span> <span class='ocrx_word' id='word_1_617' title='bbox 3540 4101 3757 4157; x_wconf 86' lang='lat' dir='ltr'><strong>dicens</strong></span> <span class='ocrx_word' id='word_1_618' title='bbox 3806 4120 3825 4156; x_wconf 70' lang='grc' dir='ltr'>ι</span> 
     </span>
    </p>
   </div>
   <div class='ocr_carea' id='block_1_95' title="bbox 2217 4188 3831 4262">
    <p class='ocr_par' dir='ltr' id='par_1_95' title="bbox 2217 4188 3831 4262">
     <span class='ocr_line' id='line_1_95' title="bbox 2217 4188 3831 4262; baseline 0.002 -19"><span class='ocrx_word' id='word_1_619' title='bbox 2217 4188 2524 4262; x_wconf 86' lang='lat' dir='ltr'><strong>Unigenitus</strong></span> <span class='ocrx_word' id='word_1_620' title='bbox 2555 4190 2732 4246; x_wconf 85' lang='lat' dir='ltr'><strong>Filius</strong></span> <span class='ocrx_word' id='word_1_621' title='bbox 2781 4193 2872 4261; x_wconf 86' lang='lat' dir='ltr'><strong>qui</strong></span> <span class='ocrx_word' id='word_1_622' title='bbox 2907 4202 2983 4246; x_wconf 85' lang='lat' dir='ltr'><strong>est</strong></span> <span class='ocrx_word' id='word_1_623' title='bbox 3032 4194 3087 4246; x_wconf 86' lang='lat' dir='ltr'><strong>in</strong></span> <span class='ocrx_word' id='word_1_624' title='bbox 3132 4194 3249 4247; x_wconf 87' lang='lat' dir='ltr'><strong>sinu</strong></span> <span class='ocrx_word' id='word_1_625' title='bbox 3283 4190 3485 4253; x_wconf 85' lang='lat' dir='ltr'><strong>Patris,</strong></span> <span class='ocrx_word' id='word_1_626' title='bbox 3516 4192 3630 4258; x_wconf 81' lang='lat' dir='ltr'><strong>ipse</strong></span> <span class='ocrx_word' id='word_1_627' title='bbox 3652 4192 3831 4246; x_wconf 81' lang='lat' dir='ltr'><strong>nobis</strong></span> 
     </span>
    </p>
   </div>
   <div class='ocr_carea' id='block_1_96' title="bbox 2209 4282 3837 4359">
    <p class='ocr_par' dir='ltr' id='par_1_96' title="bbox 2209 4282 3837 4359">
     <span class='ocr_line' id='line_1_96' title="bbox 2209 4282 3837 4359; baseline 0.001 -21"><span class='ocrx_word' id='word_1_628' title='bbox 2209 4282 2557 4338; x_wconf 80' lang='lat' dir='ltr'><strong>enarravit&quot;.</strong></span> <span class='ocrx_word' id='word_1_629' title='bbox 2598 4283 2664 4338; x_wconf 86' lang='lat' dir='ltr'><strong>Et</strong></span> <span class='ocrx_word' id='word_1_630' title='bbox 2699 4285 2824 4355; x_wconf 90' lang='lat' dir='ltr'><strong>quis</strong></span> <span class='ocrx_word' id='word_1_631' title='bbox 2856 4300 2965 4339; x_wconf 92' lang='lat' dir='ltr'><strong>non</strong></span> <span class='ocrx_word' id='word_1_632' title='bbox 2994 4284 3297 4359; x_wconf 83' lang='lat' dir='ltr'><strong>admiretur</strong></span> <span class='ocrx_word' id='word_1_633' title='bbox 3349 4283 3698 4353; x_wconf 86' lang='lat' dir='ltr'><strong>sapientium</strong></span> <span class='ocrx_word' id='word_1_634' title='bbox 3755 4286 3837 4339; x_wconf 84' lang='lat' dir='ltr'><strong>li-</strong></span> 
     </span>
    </p>
   </div>
   <div class='ocr_carea' id='block_1_97' title="bbox 2211 4375 3837 4450">
    <p class='ocr_par' dir='ltr' id='par_1_97' title="bbox 2211 4375 3837 4450">
     <span class='ocr_line' id='line_1_97' title="bbox 2211 4375 3837 4450; baseline 0.002 -21"><span class='ocrx_word' id='word_1_635' title='bbox 2211 4375 2341 4431; x_wconf 90' lang='lat' dir='ltr'><strong>bros</strong></span> <span class='ocrx_word' id='word_1_636' title='bbox 2372 4376 3090 4447; x_wconf 72' lang='lat' dir='ltr'><strong>ipsiuspertranseuntium</strong></span> <span class='ocrx_word' id='word_1_637' title='bbox 3121 4391 3247 4432; x_wconf 92' lang='lat' dir='ltr'><strong>cum</strong></span> <span class='ocrx_word' id='word_1_638' title='bbox 3281 4378 3528 4450; x_wconf 87' lang='lat' dir='ltr'><strong>diligenti</strong></span> <span class='ocrx_word' id='word_1_639' title='bbox 3580 4378 3837 4442; x_wconf 81' lang='lat' dir='ltr'><strong>labore,</strong></span> 
     </span>
    </p>
   </div>
   <div class='ocr_carea' id='block_1_98' title="bbox 2212 4465 3842 4536">
    <p class='ocr_par' dir='ltr' id='par_1_98' title="bbox 2212 4465 3842 4536">
     <span class='ocr_line' id='line_1_98' title="bbox 2212 4465 3842 4536; baseline 0.001 -16"><span class='ocrx_word' id='word_1_640' title='bbox 2212 4480 2483 4520; x_wconf 90' lang='lat' dir='ltr'><strong>summam</strong></span> <span class='ocrx_word' id='word_1_641' title='bbox 2515 4466 2690 4535; x_wconf 87' lang='lat' dir='ltr'><strong>ipsius</strong></span> <span class='ocrx_word' id='word_1_642' title='bbox 2718 4465 3143 4536; x_wconf 87' lang='lat' dir='ltr'><strong>philosophiam,</strong></span> <span class='ocrx_word' id='word_1_643' title='bbox 3179 4473 3235 4523; x_wconf 90' lang='lat' dir='ltr'><strong>et</strong></span> <span class='ocrx_word' id='word_1_644' title='bbox 3263 4467 3581 4523; x_wconf 86' lang='lat' dir='ltr'><strong>intellectus</strong></span> <span class='ocrx_word' id='word_1_645' title='bbox 3632 4469 3842 4524; x_wconf 81' lang='lat' dir='ltr'><strong>recti-</strong></span> 
     </span>
    </p>
   </div>
   <div class='ocr_carea' id='block_1_99' title="bbox 2213 4555 3846 4631">
    <p class='ocr_par' dir='ltr' id='par_1_99' title="bbox 2213 4555 3846 4631">
     <span class='ocr_line' id='line_1_99' title="bbox 2213 4555 3846 4631; baseline 0.002 -19"><span class='ocrx_word' id='word_1_646' title='bbox 2213 4555 2457 4612; x_wconf 88' lang='lat' dir='ltr'><strong>tudinem</strong></span> <span class='ocrx_word' id='word_1_647' title='bbox 2509 4563 2567 4611; x_wconf 88' lang='lat' dir='ltr'><strong>et</strong></span> <span class='ocrx_word' id='word_1_648' title='bbox 2615 4557 2932 4627; x_wconf 90' lang='lat' dir='ltr'><strong>puritatem,</strong></span> <span class='ocrx_word' id='word_1_649' title='bbox 2984 4558 3221 4628; x_wconf 85' lang='lat' dir='ltr'><strong>qualiter</strong></span> <span class='ocrx_word' id='word_1_650' title='bbox 3280 4559 3488 4631; x_wconf 88' lang='lat' dir='ltr'><strong>incepit</strong></span> <span class='ocrx_word' id='word_1_651' title='bbox 3559 4559 3846 4631; x_wconf 78' lang='lat' dir='ltr'><strong>desuper</strong></span> 
     </span>
    </p>
   </div>
   <div class='ocr_carea' id='block_1_100' title="bbox 2211 4649 2587 4722">
    <p class='ocr_par' dir='ltr' id='par_1_100' title="bbox 2211 4649 2587 4722">
     <span class='ocr_line' id='line_1_100' title="bbox 2211 4649 2587 4722; baseline -0.005 -19"><span class='ocrx_word' id='word_1_652' title='bbox 2211 4650 2547 4722; x_wconf 70' lang='lat' dir='ltr'><strong>quaestiones</strong></span> <span class='ocrx_word' id='word_1_653' title='bbox 2564 4649 2587 4701; x_wconf 88' lang='lat'><strong>?</strong></span> 
     </span>
    </p>
   </div>
   <div class='ocr_carea' id='block_1_101' title="bbox 2890 4763 3150 4821">
    <p class='ocr_par' dir='ltr' id='par_1_101' title="bbox 2890 4763 3150 4821">
     <span class='ocr_line' id='line_1_101' title="bbox 2890 4763 3150 4821; baseline 0.008 -2"><span class='ocrx_word' id='word_1_654' title='bbox 2890 4763 3047 4820; x_wconf 87' lang='lat' dir='ltr'><strong>CAP.</strong></span> <span class='ocrx_word' id='word_1_655' title='bbox 3082 4764 3150 4821; x_wconf 77' lang='grc' dir='ltr'><strong>Χ.</strong></span> 
     </span>
    </p>
   </div>
   <div class='ocr_carea' id='block_1_102' title="bbox 2585 4852 3415 4924">
    <p class='ocr_par' dir='ltr' id='par_1_102' title="bbox 2585 4852 3415 4924">
     <span class='ocr_line' id='line_1_102' title="bbox 2585 4852 3415 4924; baseline 0.005 -17"><span class='ocrx_word' id='word_1_656' title='bbox 2585 4852 2817 4908; x_wconf 70' lang='grc' dir='ltr'><strong>Παιονίη</strong></span> <span class='ocrx_word' id='word_1_657' title='bbox 2841 4854 2984 4924; x_wconf 71' lang='grc' dir='ltr'><strong>⁵ιίιηνί</strong></span> <span class='ocrx_word' id='word_1_658' title='bbox 3012 4857 3415 4912; x_wconf 81' lang='lat' dir='ltr'><strong>sententiarum.</strong></span> 
     </span>
    </p>
   </div>
   <div class='ocr_carea' id='block_1_103' title="bbox 2274 4966 3854 5045">
    <p class='ocr_par' dir='ltr' id='par_1_103' title="bbox 2274 4966 3854 5045">
     <span class='ocr_line' id='line_1_103' title="bbox 2274 4966 3854 5045; baseline 0.005 -22"><span class='ocrx_word' id='word_1_659' title='bbox 2274 4966 2519 5025; x_wconf 88' lang='lat' dir='ltr'><strong>Primum</strong></span> <span class='ocrx_word' id='word_1_660' title='bbox 2537 4968 2756 5039; x_wconf 89' lang='lat' dir='ltr'><strong>quidem</strong></span> <span class='ocrx_word' id='word_1_661' title='bbox 2775 4968 2966 5025; x_wconf 81' lang='lat' dir='ltr'><strong>dicens</strong></span> <span class='ocrx_word' id='word_1_662' title='bbox 2983 4971 3165 5035; x_wconf 84' lang='lat' dir='ltr'><strong>nobis,</strong></span> <span class='ocrx_word' id='word_1_663' title='bbox 3184 4971 3442 5041; x_wconf 90' lang='lat' dir='ltr'><strong>quoniam</strong></span> <span class='ocrx_word' id='word_1_664' title='bbox 3456 4986 3567 5027; x_wconf 93' lang='lat' dir='ltr'><strong>non</strong></span> <span class='ocrx_word' id='word_1_665' title='bbox 3585 4985 3854 5045; x_wconf 85' lang='lat' dir='ltr'><strong>oportet</strong></span> 
     </span>
    </p>
   </div>
   <div class='ocr_carea' id='block_1_104' title="bbox 2206 5058 3857 5137">
    <p class='ocr_par' dir='ltr' id='par_1_104' title="bbox 2206 5058 3857 5137">
     <span class='ocr_line' id='line_1_104' title="bbox 2206 5058 3857 5137; baseline 0.005 -24"><span class='ocrx_word' id='word_1_666' title='bbox 2206 5072 2452 5129; x_wconf 84' lang='lat' dir='ltr'><strong>quaerere</strong></span> <span class='ocrx_word' id='word_1_667' title='bbox 2467 5065 2519 5112; x_wconf 92' lang='lat' dir='ltr'><strong>et</strong></span> <span class='ocrx_word' id='word_1_668' title='bbox 2534 5058 2870 5127; x_wconf 90' lang='lat' dir='ltr'><strong>perscrutari</strong></span> <span class='ocrx_word' id='word_1_669' title='bbox 2885 5075 2992 5114; x_wconf 92' lang='lat' dir='ltr'><strong>nou</strong></span> <span class='ocrx_word' id='word_1_670' title='bbox 3012 5061 3212 5115; x_wconf 89' lang='lat' dir='ltr'><strong>tradita</strong></span> <span class='ocrx_word' id='word_1_671' title='bbox 3228 5061 3386 5117; x_wconf 90' lang='lat' dir='ltr'><strong>nobis</strong></span> <span class='ocrx_word' id='word_1_672' title='bbox 3402 5075 3433 5116; x_wconf 90' lang='lat' dir='ltr'><strong>a</strong></span> <span class='ocrx_word' id='word_1_673' title='bbox 3450 5063 3679 5120; x_wconf 85' lang='lat' dir='ltr'><strong>sanctis</strong></span> <span class='ocrx_word' id='word_1_674' title='bbox 3700 5080 3857 5137; x_wconf 85' lang='lat' dir='ltr'><strong>pro-</strong></span> 
     </span>
    </p>
   </div>
   <div class='ocr_carea' id='block_1_105' title="bbox 2206 5149 3855 5225">
    <p class='ocr_par' dir='ltr' id='par_1_105' title="bbox 2206 5149 3855 5225">
     <span class='ocr_line' id='line_1_105' title="bbox 2206 5149 3855 5225; baseline 0.007 -22"><span class='ocrx_word' id='word_1_675' title='bbox 2206 5149 2410 5221; x_wconf 89' lang='lat' dir='ltr'><strong>phetis,</strong></span> <span class='ocrx_word' id='word_1_676' title='bbox 2426 5157 2480 5205; x_wconf 86' lang='lat' dir='ltr'><strong>et</strong></span> <span class='ocrx_word' id='word_1_677' title='bbox 2502 5150 2786 5218; x_wconf 90' lang='lat' dir='ltr'><strong>apostolis,</strong></span> <span class='ocrx_word' id='word_1_678' title='bbox 2807 5159 2860 5206; x_wconf 93' lang='lat' dir='ltr'><strong>et</strong></span> <span class='ocrx_word' id='word_1_679' title='bbox 2877 5152 3249 5222; x_wconf 83' lang='lat' dir='ltr'><strong>evangelistis,</strong></span> <span class='ocrx_word' id='word_1_680' title='bbox 3269 5153 3495 5219; x_wconf 89' lang='lat' dir='ltr'><strong>docens,</strong></span> <span class='ocrx_word' id='word_1_681' title='bbox 3515 5157 3688 5225; x_wconf 88' lang='lat' dir='ltr'><strong>quod</strong></span> <span class='ocrx_word' id='word_1_682' title='bbox 3724 5176 3855 5215; x_wconf 88' lang='lat' dir='ltr'><strong>non</strong></span> 
     </span>
    </p>
   </div>
   <div class='ocr_carea' id='block_1_106' title="bbox 2207 5238 3861 5312">
    <p class='ocr_par' dir='ltr' id='par_1_106' title="bbox 2207 5238 3861 5312">
     <span class='ocr_line' id='line_1_106' title="bbox 2207 5238 3861 5312; baseline 0.006 -17"><span class='ocrx_word' id='word_1_683' title='bbox 2207 5239 2390 5296; x_wconf 89' lang='lat' dir='ltr'><strong>omnia</strong></span> <span class='ocrx_word' id='word_1_684' title='bbox 2406 5238 2665 5307; x_wconf 71' lang='lat' dir='ltr'><strong>eﬂabilia,</strong></span> <span class='ocrx_word' id='word_1_685' title='bbox 2684 5254 2862 5312; x_wconf 89' lang='lat' dir='ltr'><strong>neque</strong></span> <span class='ocrx_word' id='word_1_686' title='bbox 2878 5241 3061 5297; x_wconf 88' lang='lat' dir='ltr'><strong>omnia</strong></span> <span class='ocrx_word' id='word_1_687' title='bbox 3074 5241 3388 5299; x_wconf 73' lang='lat' dir='ltr'><strong>ineffabilia.</strong></span> <span class='ocrx_word' id='word_1_688' title='bbox 3405 5243 3615 5301; x_wconf 82' lang='lat' dir='ltr'><strong>Deinde</strong></span> <span class='ocrx_word' id='word_1_689' title='bbox 3632 5256 3861 5305; x_wconf 66' lang='lat' dir='ltr'><strong>osteno</strong></span> 
     </span>
    </p>
   </div>
   <div class='ocr_carea' id='block_1_107' title="bbox 590 5385 3066 5466">
    <p class='ocr_par' dir='ltr' id='par_1_107' title="bbox 590 5385 3066 5466">
     <span class='ocr_line' id='line_1_107' title="bbox 590 5385 3066 5466; baseline 0.004 -24"><span class='ocrx_word' id='word_1_690' title='bbox 590 5385 788 5445; x_wconf 78' lang='lat' dir='ltr'><strong>&quot;Psal.</strong></span> <span class='ocrx_word' id='word_1_691' title='bbox 817 5404 914 5459; x_wconf 84' lang='lat' dir='ltr'><strong>vn,</strong></span> <span class='ocrx_word' id='word_1_692' title='bbox 938 5390 1026 5446; x_wconf 85' lang='grc'><strong>16.</strong></span> <span class='ocrx_word' id='word_1_693' title='bbox 1103 5390 1148 5424; x_wconf 81' lang='lat'><strong>&quot;</strong></span> <span class='ocrx_word' id='word_1_694' title='bbox 1177 5388 1326 5449; x_wconf 86' lang='lat' dir='ltr'><strong>Psal.</strong></span> <span class='ocrx_word' id='word_1_695' title='bbox 1358 5406 1542 5457; x_wconf 77' lang='lat' dir='ltr'><strong>cxuv,</strong></span> <span class='ocrx_word' id='word_1_696' title='bbox 1581 5392 1674 5451; x_wconf 69' lang='lat'><strong>20.</strong></span> <span class='ocrx_word' id='word_1_697' title='bbox 1751 5392 1968 5450; x_wconf 81' lang='lat' dir='ltr'><strong>&quot;Psal.</strong></span> <span class='ocrx_word' id='word_1_698' title='bbox 2009 5410 2103 5463; x_wconf 87' lang='lat' dir='ltr'><strong>xv,</strong></span> <span class='ocrx_word' id='word_1_699' title='bbox 2138 5395 2227 5452; x_wconf 79' lang='grc' dir='ltr'><strong>ιο.</strong></span> <span class='ocrx_word' id='word_1_700' title='bbox 2303 5396 2533 5453; x_wconf 74' lang='lat' dir='ltr'><strong>l&quot;Joan.</strong></span> <span class='ocrx_word' id='word_1_701' title='bbox 2592 5414 2633 5466; x_wconf 86' lang='lat' dir='ltr'><strong>t,</strong></span> <span class='ocrx_word' id='word_1_702' title='bbox 2692 5399 2782 5456; x_wconf 80' lang='lat' dir='ltr'><strong>IS.</strong></span> <span class='ocrx_word' id='word_1_703' title='bbox 2828 5400 2875 5434; x_wconf 81' lang='grc'><strong><em>⁸⁵</em></strong></span> <span class='ocrx_word' id='word_1_704' title='bbox 2927 5398 3066 5457; x_wconf 90' lang='lat' dir='ltr'><strong>ibid.</strong></span> 
     </span>
    </p>
   </div>
   <div class='ocr_carea' id='block_1_108' title="bbox 2052 5506 2281 5567">
    <p class='ocr_par' dir='ltr' id='par_1_108' title="bbox 2052 5506 2281 5567">
     <span class='ocr_line' id='line_1_108' title="bbox 2052 5506 2281 5567; baseline 0.017 -4"><span class='ocrx_word' id='word_1_705' title='bbox 2052 5506 2281 5567; x_wconf 64' lang='lat' dir='ltr'><strong>NOTAE.</strong></span> 
     </span>
    </p>
   </div>
   <div class='ocr_carea' id='block_1_109' title="bbox 592 5611 2098 5692">
    <p class='ocr_par' dir='ltr' id='par_1_109' title="bbox 592 5611 2098 5692">
     <span class='ocr_line' id='line_1_109' title="bbox 592 5611 2098 5692; baseline 0.001 -20"><span class='ocrx_word' id='word_1_706' title='bbox 592 5611 712 5692; x_wconf 50' lang='lat'><strong>(351</strong></span> <span class='ocrx_word' id='word_1_707' title='bbox 739 5612 975 5670; x_wconf 90' lang='lat' dir='ltr'><strong>Gravius</strong></span> <span class='ocrx_word' id='word_1_708' title='bbox 998 5614 1088 5692; x_wconf 84' lang='lat' dir='ltr'><strong>_[in</strong></span> <span class='ocrx_word' id='word_1_709' title='bbox 1139 5617 1390 5692; x_wconf 79' lang='lat' dir='ltr'><strong>margine</strong></span> <span class='ocrx_word' id='word_1_710' title='bbox 1423 5617 1846 5692; x_wconf 80' lang='lat' dir='ltr'><strong>heuresilogias.</strong></span> <span class='ocrx_word' id='word_1_711' title='bbox 1896 5618 2098 5692; x_wconf 70' lang='lat' dir='ltr'><strong>Diodo-</strong></span> 
     </span>
    </p>
   </div>
   <div class='ocr_carea' id='block_1_110' title="bbox 518 5684 2177 5770">
    <p class='ocr_par' dir='ltr' id='par_1_110' title="bbox 518 5684 2177 5770">
     <span class='ocr_line' id='line_1_110' title="bbox 518 5684 2177 5770; baseline 0.001 -28"><span class='ocrx_word' id='word_1_712' title='bbox 518 5701 617 5742; x_wconf 81' lang='lat' dir='ltr'><strong>rus</strong></span> <span class='ocrx_word' id='word_1_713' title='bbox 654 5684 1955 5770; x_wconf 28' lang='grc' dir='ltr'><strong>ηιμ-,ιιιιηεὑ“ρηςιλογ.ξας,κατασρςριςοῇένουςχ</strong></span> <span class='ocrx_word' id='word_1_714' title='bbox 1995 5688 2100 5770; x_wconf 57' lang='lat' dir='ltr'><strong>I‘ie-</strong></span> <span class='ocrx_word' id='word_1_715' title='bbox 2170 5716 2177 5719; x_wconf 95' lang='lat'><em>-</em></span> 
     </span>
    </p>
   </div>
   <div class='ocr_carea' id='block_1_111' title="bbox 514 5755 2098 5830">
    <p class='ocr_par' dir='ltr' id='par_1_111' title="bbox 514 5755 2098 5830">
     <span class='ocr_line' id='line_1_111' title="bbox 514 5755 2098 5830; baseline 0.004 -23"><span class='ocrx_word' id='word_1_716' title='bbox 514 5767 790 5827; x_wconf 72' lang='lat' dir='ltr'><strong>quaquam</strong></span> <span class='ocrx_word' id='word_1_717' title='bbox 822 5772 838 5810; x_wconf 89' lang='lat'><strong><em>:</em></strong></span> <span class='ocrx_word' id='word_1_718' title='bbox 878 5769 1005 5811; x_wconf 86' lang='lat' dir='ltr'><strong>nam</strong></span> <span class='ocrx_word' id='word_1_719' title='bbox 1025 5755 1210 5816; x_wconf 76' lang='lat' dir='ltr'><strong>cedex</strong></span> <span class='ocrx_word' id='word_1_720' title='bbox 1240 5755 1445 5829; x_wconf 82' lang='lat' dir='ltr'><strong>Regius</strong></span> <span class='ocrx_word' id='word_1_721' title='bbox 1481 5755 2098 5830; x_wconf 65' lang='lat' dir='ltr'><strong>perinde&#39;ha’resitogias</strong></span> 
     </span>
    </p>
   </div>
   <div class='ocr_carea' id='block_1_112' title="bbox 2205 5618 3856 5700">
    <p class='ocr_par' dir='ltr' id='par_1_112' title="bbox 2205 5618 3856 5700">
     <span class='ocr_line' id='line_1_112' title="bbox 2205 5618 3856 5700; baseline 0.013 -25"><span class='ocrx_word' id='word_1_722' title='bbox 2205 5618 2391 5682; x_wconf 86' lang='lat' dir='ltr'><strong>habet,</strong></span> <span class='ocrx_word' id='word_1_723' title='bbox 2433 5629 2488 5700; x_wconf 85' lang='lat' dir='ltr'><strong>et</strong></span> <span class='ocrx_word' id='word_1_724' title='bbox 2542 5636 2727 5700; x_wconf 75' lang='lat' dir='ltr'><strong>sermo</strong></span> <span class='ocrx_word' id='word_1_725' title='bbox 2760 5632 2843 5700; x_wconf 81' lang='lat' dir='ltr'><strong>est</strong></span> <span class='ocrx_word' id='word_1_726' title='bbox 2868 5626 2936 5683; x_wconf 91' lang='lat' dir='ltr'><strong>de</strong></span> <span class='ocrx_word' id='word_1_727' title='bbox 2970 5623 3273 5686; x_wconf 75' lang='lat' dir='ltr'><strong>haeresibus</strong></span> <span class='ocrx_word' id='word_1_728' title='bbox 3303 5642 3444 5700; x_wconf 88' lang='lat' dir='ltr'><strong>quas</strong></span> <span class='ocrx_word' id='word_1_729' title='bbox 3491 5630 3856 5696; x_wconf 73' lang='lat' dir='ltr'><strong>Damasco-</strong></span> 
     </span>
    </p>
   </div>
   <div class='ocr_carea' id='block_1_113' title="bbox 2209 5692 2885 5753">
    <p class='ocr_par' dir='ltr' id='par_1_113' title="bbox 2209 5692 2885 5753">
     <span class='ocr_line' id='line_1_113' title="bbox 2209 5692 2885 5753; baseline 0.007 -7"><span class='ocrx_word' id='word_1_730' title='bbox 2209 5705 2316 5747; x_wconf 88' lang='lat' dir='ltr'><strong>nus</strong></span> <span class='ocrx_word' id='word_1_731' title='bbox 2344 5698 2535 5750; x_wconf 86' lang='lat' dir='ltr'><strong>noster</strong></span> <span class='ocrx_word' id='word_1_732' title='bbox 2555 5692 2885 5753; x_wconf 81' lang='lat' dir='ltr'><strong>confutavit.</strong></span> 
     </span>
    </p>
   </div>
  </div>
