3974 6338
216 290 310 357 491

1274 287 1451 349 VITA
1491 288 1550 348 S.
1588 283 1908 350 IOANNIS
1934 279 2388 345 DAMASCENI.

3358 260 3464 327 ιω

213 409 340 462 dens
360 402 620 475 quoniam
651 407 737 458 est
758 397 923 466 Deus,
958 406 1013 455 et
1045 399 1390 457 inconfusam
1422 411 1477 457 et
1514 402 1797 473 insepara-
1823 407 1870 464 Α
1898 398 2297 454 maculatorum
2330 391 2739 467 mysteriorum,
2772 393 2825 444 et
2856 388 3170 442 sanctarum
3202 380 3463 475 reliquia-

215 496 365 552 bilem
412 491 992 564 inprincipiatamque,
1028 497 1084 545 et
1103 490 1585 555 interminabilem,
1603 501 1658 547 et
1687 506 1783 563 per

217 601 269 641 se
284 586 568 647 viventem,
590 582 1021 639 etimmortalem
1043 591 1290 637 sanctam
1307 580 1633 639 Trinitatem
1650 598 1781 638 con-

218 672 449 736 ﬁrmans,
489 679 548 726 et
570 669 638 725 ad
660 670 806 725 hanc
852 684 955 725 nos
971 670 1134 725 [idem
1172 673 1531 738 confirmans,
1583 687 1784 728 conse-

216 773 433 833 quenter
470 761 677 832 incepit
701 776 965 817 enarrare
994 761 1064 818 de
1094 764 1304 833 angelis
1332 772 1388 820 et
1416 764 1781 832 daemonibus,

217 853 457 923 cmloque
486 860 543 907 et
581 852 973 918 luminaribus,
1001 859 1262 923 terraque
1288 863 1344 911 et
1376 870 1540 926 aqua,
1574 871 1700 913 aere
1730 864 1787 912 et

218 943 349 1013 igne.
382 942 559 997 Simul
587 949 772 999 autem
805 950 862 999 et
906 944 1136 998 omnino
1166 944 1511 1002 delectabilis
1542 946 1786 1016 paradisi

218 1034 622 1104 plantationem,
650 1043 707 1090 et
738 1033 1013 1105 duplicem
1050 1034 1200 1090 hunc
1231 1037 1554 1104 ostendens,
1584 1048 1641 1094 et
1688 1038 1789 1094 ho-

218 1124 371 1180 minis
412 1123 865 1194 praeparationem
903 1133 959 1182 et
1008 1127 1466 1198 compositionem
1512 1129 1786 1196 scribens,

218 1216 480 1270 naturalia
513 1216 681 1286 hujus
715 1217 900 1271 omnia
947 1218 1232 1274 subtiliter
1262 1221 1560 1284 enarravit,
1587 1231 1642 1278 et
1668 1231 1791 1292 post

220 1305 455 1360 mandati
491 1307 985 1376 trangressionem,
1033 1313 1088 1363 et
1125 1296 1340 1378 generis
1388 1313 1791 1380 augmentatio-

218 1414 355 1467 nem,
398 1409 456 1456 et
497 1401 816 1471 cataclysmi
860 1401 1224 1467 ablutionem,
1268 1410 1323 1458 et
1372 1405 1430 1458 in
1483 1404 1792 1474 perditione

220 1490 445 1547 secundi
492 1492 713 1561 generis
760 1492 1156 1563 captivitatem,
1188 1494 1661 1551 annuntiationem
1706 1496 1792 1552 in-

219 1584 378 1652 cepit,
410 1590 466 1639 et
510 1599 633 1655 quae
681 1586 751 1641 de
799 1585 1023 1641 Christo
1078 1586 1371 1643 manifeste
1403 1595 1459 1642 et
1503 1588 1793 1659 diligenter

219 1674 507 1741 enarravit,
554 1682 610 1729 et
656 1674 1115 1741 incarnationem,
1160 1684 1214 1731 et
1263 1668 1586 1732 naturarum
1636 1679 1795 1734 unio-

221 1780 356 1831 nem,
385 1776 441 1822 et
487 1767 667 1822 aetatis
702 1769 1223 1838 augmentationem.
1285 1768 1462 1824 Simul
1509 1778 1693 1825 autem
1741 1782 1795 1826 et

1891 505 2012 546 rum
2046 493 2329 553 honorem,
2357 494 2411 542 et
2442 484 2674 557 plurima
2724 481 2828 536 alia
2876 491 3178 549 apponens,
3210 485 3264 530 et
3310 471 3465 526 Anti-

1886 581 2076 637 christi
2126 580 2424 635 adventum
2470 576 2760 640 enarrans,
2809 572 2863 627 in
2916 567 3219 625 secundum
3264 567 3466 621 adven-

1886 681 2002 729 tum
2037 671 2307 744 pervenit,
2340 672 2398 726 in
2424 683 2535 739 quo
2564 675 2620 723 et
2650 666 2812 721 linem
2848 662 2971 719 libri
3002 662 3205 732 posuit.

2522 803 2677 862 CAP.
2705 802 2801 856 Xl.

2222 921 2299 977 De
2326 921 2450 975 aliis
2478 916 2879 989 operationibus
2907 913 3157 969 Joannis.

1958 1032 2029 1088 Et
2054 1030 2242 1103 plures
2274 1030 2497 1102 regulas
2522 1029 2663 1085 bene
2690 1034 2951 1082 sonantes
2985 1022 3318 1093 composuit,
3343 1029 3468 1093 post

1889 1126 1993 1182 hoc
2023 1132 2078 1181 et
2130 1124 2527 1187 εὑκατάνυκτα,
2562 1122 2617 1177 id
2664 1127 2772 1184 est,
2800 1120 2941 1174 bene
2984 1115 3367 1185 compunctiva
3414 1123 3469 1171 et

1890 1216 2073 1272 dulcia
2105 1215 2345 1280 cantica,
2376 1221 2432 1269 et
2460 1213 2600 1268 bene
2626 1215 2891 1268 sonantes
2922 1207 3213 1273 melodias,
3243 1211 3295 1259 et
3343 1206 3472 1275 pec-

1891 1313 2161 1369 catorum,
2191 1313 2248 1361 et
2298 1282 2735 1375 ignorantiarum
2779 1299 3192 1363 dissolutiones,
3223 1304 3280 1350 et
3326 1295 3471 1350 dicta

1892 1393 2303 1464 hagiopolitica,
2360 1393 2415 1448 id
2468 1400 2576 1457 est,
2633 1397 2950 1448 sanctorum
3019 1385 3473 1443 conversationes

1893 1486 2064 1542 edidit
2110 1503 2124 1540 :
2158 1493 2213 1542 et
2265 1486 2387 1541 alial
2423 1485 2595 1540 multa
2633 1498 2918 1555 apponens
2954 1480 3191 1536 ‘omnino
3230 1478 3473 1549 optimus

1893 1585 2087 1634 noster
2114 1585 2289 1648 pater,
2312 1577 2454 1632 bene
2506 1577 2710 1645 loquax
2744 1573 3002 1640 hirundo,
3036 1579 3090 1627 et
3134 1570 3478 1626 benesonans

1895 1669 2214 1739 philomela,
2248 1667 2755 1739 irreprchensibilis
2787 1673 2991 1729 turtur,
3019 1672 3075 1719 et
3104 1662 3337 1732 simplex
3379 1675 3477 1715 co~

1897 1761 2106 1826 lumba,
2155 1760 2412 1817 Ecclesia
2450 1760 2674 1815 omnino
2718 1756 3058 1813 dclectabilis
3094 1752 3478 1825 perdiv,‘ﬁdc-

220 1829 515 1927 sapientia,
545 1868 598 1914 et
645 1829 853 1930 gnava,
885 1869 941 1915 ει
993 1861 1395 1931 ορθηιῑυιιυω,
1450 1872 1504 1918 ει
1544 1863 1795 1917 volema-
1824 1829 1868 1885 Β
1900 1854 2034 1907 lium
2067 1868 2175 1907 non
2203 1851 2537 1907 inclinabilis
2564 1852 2843 1913 columna,
2870 1856 2925 1903 et
2965 1847 3162 1918 gloria,
3192 1852 3246 1900 et
3297 1844 3480 1929 firma-

224 1954 331 1999 tum
357 1945 761 2015 duplicitatem,
793 1958 844 2003 et
875 1962 994 2003 eam
1025 1964 1147 2018 quae
1177 1949 1231 2003 in
1270 1964 1455 2014 cruce,
1492 1958 1546 2003 et
1578 1950 1795 2019 passio-

223 2049 304 2095 ne,
333 2042 385 2089 et
418 2042 615 2101 morte,
648 2037 843 2091 animae
876 2044 932 2091 et
974 2038 1224 2106 corporis
1256 2047 1312 2092 et
1341 2037 1650 2094 divinitatis
1703 2054 1796 2094 co-

222 2125 577 2192 pulationem.
619 2126 978 2197 lmpassihilis
1014 2128 1158 2184 enim
1193 2128 1468 2184 exsistens
1510 2130 1794 2196 divinitas,

219 2211 314 2265 etsi
349 2226 481 2266 caro
525 2213 851 2282 patiebatur,
906 2215 1421 2285 ipsaimpassibilis
1472 2220 1793 2287 permansit.

220 2294 499 2354 Passibilis
524 2308 732 2368 autem,
763 2302 831 2356 ab
867 2304 1119 2373 utrisque
1149 2302 1433 2361 divinitate
1460 2321 1640 2375 neque
1672 2321 1795 2362 cum

222 2388 352 2458 ipsis
391 2392 654 2461 patiente.
683 2392 997 2449 llluminata
1020 2395 1166 2451 enim
1197 2396 1391 2452 arbore
1420 2411 1449 2450 a
1484 2398 1599 2453 sole
1625 2408 1678 2452 et
1704 2414 1802 2468 per

222 2480 453 2533 securim
501 2496 664 2547 caesa,
714 2482 879 2537 arbor
906 2484 1153 2553 quidem,
1180 2500 1302 2555 quae
1352 2492 1481 2539 nata
1531 2495 1617 2541 est
1660 2490 1798 2556 pati,

222 2572 526 2641 scinditur;
576 2574 776 2630 solaris
808 2587 992 2630 autem
1026 2576 1214 2637 radius
1242 2592 1352 2631 non
1381 2577 1675 2645 scinditur,
1704 2580 1799 2635 sed

223 2661 427 2720 illaesus
455 2673 759 2734 permanet.
811 2666 924 2721 Etsi
965 2668 1071 2722 hoc
1117 2668 1171 2722 in
1224 2670 1496 2724 creaturis
1539 2670 1802 2739 possibile

222 2755 457 2823 videtur,
488 2766 696 2827 quanto
745 2760 917 2829 magis
953 2757 1169 2816 facilius
1218 2761 1271 2814 in
1305 2762 1549 2815 increata
1597 2769 1652 2817 et
1700 2763 1796 2816 im-

221 2848 467 2916 passibili
501 2849 738 2903 natura?
767 2848 900 2906 Post
927 2865 1047 2905 eam
1073 2858 1255 2906 autem
1286 2867 1409 2922 qua:
1436 2852 1503 2907 dc
1557 2868 1805 2908 resurre-

221 2939 400 2995 ctione
430 2948 487 2994 et
516 2940 803 3011 discipulis
852 2941 1198 3013 apparitione
1245 2950 1300 2998 et
1333 2946 1388 2997 in
1422 2943 1593 3000 caelos
1609 2958 1804 3001 ascen-

222 3029 373 3085 sione
405 3032 815 3088 enarrationem
852 3033 1121 3100 extendit,
1164 3041 1221 3088 et
1269 3050 1598 3103 sermonem,
1632 3045 1686 3092 et
1737 3037 1805 3093 ad

222 3116 313 3175 Dei
352 3119 649 3178 Genitricis
683 3123 1185 3194 genealogiam,_et
1229 3127 1659 3196 assumptionem
1704 3128 1807 3182 im-

1901 1954 2144 2001 mentum
2181 1964 2195 1999 :
2229 1945 2607 2000 haereticorum
2656 1950 2837 1998 autem
2886 1938 3213 2003 obstructio,
3245 1946 3300 1993 et
3343 1936 3477 1993 sub-

1898 2038 2101 2102 versio,
2155 2044 2208 2092 et
2238 2036 2609 2092 ohstaculum.
2666 2033 3064 2103 Derelinquens
3116 2029 3287 2101 igitur
3318 2026 3480 2083 nobis

1899 2126 1968 2180 ab
1996 2126 2115 2195 ipso
2146 2126 2320 2181 editas
2356 2112 2549 2181 dulces
2597 2134 2650 2179 et
2700 2123 3049 2179 delectabiles
3078 2120 3478 2185 enarrationes,

1898 2222 1953 2269 et
1982 2230 2145 2285 opera
2178 2216 2338 2286 plena
2371 2215 2571 2282 gratia,
2605 2213 2715 2269 fide
2743 2221 2798 2269 et
2834 2212 3099 2282 sapientia
3135 2211 3477 2274 exsistentia,

1898 2313 1955 2361 et
1992 2306 2167 2375 ipsius
2190 2308 2495 2362 virtnosam
2528 2306 2724 2369 vitam,
2757 2304 2995 2360 imitatio
3019 2304 3179 2359 nobis
3202 2310 3255 2359 et
3284 2302 3480 2357 ductor

1899 2395 2152 2459 effectus,
2202 2397 2257 2452 in
2310 2397 2745 2467 profundissima
2790 2402 3077 2451 senectute
3126 2394 3381 2464 migravit
3413 2392 3481 2448 ad

1902 2484 2236 2541 Dominum:
2270 2485 2666 2556 derelinquens
2713 2495 2928 2541 terrena
2982 2484 3049 2539 ad
3101 2484 3271 2539 coelos
3317 2498 3478 2538 recuo

1902 2561 2100 2641 currit',
2140 2576 2207 2631 ad
2264 2577 2634 2632 desideratum
2668 2576 3077 2631 Dominatorem
3113 2576 3380 2645 pervenit,
3414 2575 3482 2630 ad

1906 2666 2374 2722 interminabilem
2413 2667 2787 2738 splendorem,
2813 2665 2880 2720 ad
2903 2664 3357 2721 desiderabilium
3390 2679 3483 2720 su-

1904 2772 2181 2827 premum,
2212 2757 2281 2812 ad
2318 2774 2446 2814 vere
2496 2760 2762 2815 caelorum
2810 2773 3064 2829 regnum,
3107 2772 3339 2813 consors
3382 2772 3483 2811 an-

1906 2850 2041 2919 gelis
2074 2850 2303 2906 effectus
2353 2858 2460 2915 est,
2494 2850 2847 2906 cobabitator
2900 2849 3144 2916 Patrum,
3198 2858 3483 2905 concerta-

1907 2948 1996 2995 tor
2019 2941 2320 3010 justorum,
2350 2956 2587 3012 quorum
2612 2942 2760 2997 vitas
2789 2947 2843 2997 et
2877 2941 3103 2996 modum
3139 2938 3346 2996 aclatus
3376 2948 3482 3004 est,

1907 3033 2421 3103 irrequieseibiliter
2476 3032 2572 3088 Dei
2603 3033 2837 3104 gloriam
2876 3033 3173 3104 aspiciens,
3206 3043 3260 3089 et
3292 3032 3485 3089 ineffa-

1908 3124 2006 3178 bili
2035 3123 2238 3195 gaudio
2277 3131 2490 3180 astans.

696 3258 915 3310 Colonia:
938 3272 999 3308 ex
1025 3257 1222 3310 officina
1250 3261 1388 3312 Petri
1437 3260 1683 3324 Quinteli,
1712 3278 1841 3315 anno
1864 3263 2049 3319 Christi
2085 3264 2186 3318 nati
2214 3261 2476 3325 MDXLV’I,
2498 3275 2675 3314 mense
2710 3261 2967 3316 Januario.

238 3435 3478 3473 mw

226 3592 673 3674 Narrationem
714 3595 977 3674 alteram
1008 3597 1081 3657 de
1111 3600 1244 3659 vita
1266 3599 1474 3660 sancti
1503 3602 1775 3661 Joannis
1802 3601 2173 3663 Damasceni
2204 3618 2283 3661 ex
2333 3600 2656 3663 Vincentii
2706 3597 3171 3674 Bellovacensis
3219 3594 3482 3674 Speculo

302 3670 633 3733 historiali
685 3673 992 3757 subjicere
1039 3694 1273 3754 cogor;
1316 3679 1549 3756 quippe
1585 3697 1718 3757 qua:
1744 3678 1992 3741 diversa
2030 3680 2115 3739 ait
2172 3697 2211 3738 α
2257 3678 2590 3757 prioribus
2625 3675 2867 3737 duabus
2901 3688 2920 3732 :
2971 3671 3178 3735 licata
3210 3670 3487 3735 secunda

299 3768 437 3810 non
479 3758 802 3828 tantopere
840 3752 1173 3832 discrepet.

667 3891 747 3946 De
781 3890 989 3948 Joanne
1017 3893 1381 3952 ‘Damasceno.

294 3982 382 4038 Ex
409 3982 571 4053 gestis
600 3982 714 4052 ejus
733 3982 799 4038 ³⁸.
833 3982 912 4037 Eo
931 3997 1151 4054 quoque
1174 3992 1419 4056 tempore
1440 3985 1619 4041 ﬂoruit
1646 3985 1811 4043 Joan-

227 4090 323 4131 nes
352 4074 648 4146 presbyter
674 4073 1069 4131 Damascenus.
1098 4074 1201 4131 Hic
1228 4077 1295 4132 ab
1334 4076 1566 4132 infantia
1605 4077 1810 4134 Graecis

230 4166 435 4222 litteris
462 4165 738 4231 eruditus,
767 4165 908 4221 infra
940 4164 1233 4221 duodecim
1267 4182 1443 4224 annos
1476 4170 1719 4224 omnium
1745 4169 1811 4223 li-

228 4258 503 4313 beralium
535 4257 735 4313 artium
767 4259 1057 4314 scientiam
1089 4259 1451 4329 apprehendit
1485 4280 1497 4316 :
1534 4261 1589 4315 in
1624 4274 1813 4317 amore

236 4346 346 4414 Dei,
377 4362 449 4402 ac
477 4348 734 4419 gloriosa:
778 4348 969 4405 Matris
1014 4349 1135 4418 ejus
1178 4365 1238 4406 se
1277 4365 1564 4418 exercens,
1617 4366 1812 4406 mona-

231 4437 452 4492 ehalem
502 4437 753 4492 habitum
804 4440 1130 4509 assumpsit,
1175 4439 1440 4510 virgoque
1487 4444 1815 4512 permanens

232 4525 460 4601 Regina:
486 4528 763 4599 virginum
792 4530 959 4584 horas
991 4530 1241 4601 quotidie
1270 4532 1677 4589 studiosissime
1711 4536 1814 4591 de-

228 4619 494 4674 eantabat
548 4634 563 4672 :
622 4618 913 4690 factusque
969 4621 1255 4691 presbyter
1281 4620 1336 4675 in
1386 4623 1509 4691 ejus
1548 4623 1811 4681 honorem

229 4710 440 4765 missas
484 4708 844 4766 dev0tissime
876 4724 941 4765 ac
986 4709 1437 4781 frequentissime
1474 4714 1811 4770 celebrabat.

229 4800 471 4871 insuper
498 4800 665 4855 etiam
701 4802 1004 4864 orationes,
1046 4801 1399 4871 antiphonas,
1440 4804 1812 4873 responsoria,

230 4902 546 4958 prosasque
581 4887 764 4944 facere
796 4898 1182 4953 consueverat,
1214 4903 1354 4959 quas
1384 4890 1438 4944 in
1465 4891 1585 4960 ejus
1617 4891 1817 4947 solem-

230 4981 508 5036 nitatibus
541 4980 606 5034 ad
641 4981 821 5050 ipsius
859 4981 1079 5036 laudem
1114 4980 1435 5038 dulcissime
1466 4984 1813 5038 dccanlabat.

230 5069 561 5128 Tradebant
585 5071 634 5126 ei
678 5072 894 5128 nobiles
924 5073 1027 5134 viri
1078 5073 1331 5143 preprios
1366 5073 1508 5128 filios
1562 5074 1819 5128 erudien-

229 5162 356 5227 dos,
388 5176 542 5233 quos
571 5162 663 5218 ille
693 5178 805 5218 non
839 5164 1016 5218 solum
1066 5164 1265 5220 litteris
1297 5165 1702 5221 studiosissime
1732 5165 1817 5220 in-

232 5254 508 5317 struebat,
546 5252 639 5307 sed
674 5252 838 5307 etiam
874 5253 941 5307 ad
980 5252 1229 5308 timorem
1258 5253 1348 5309 Dei
1374 5263 1428 5309 ct
1464 5269 1727 5317 amorem,
1762 5255 1814 5308 in

1834 3916 1876 3975 ο
1911 3898 2036 3953 dam
2066 3897 2156 3953 die
2190 3912 2313 3953 cum
2347 3912 2604 3969 egressus
2634 3895 2875 3953 civitatis
2898 3909 3087 3951 muros
3115 3910 3241 3950 cum
3274 3894 3490 3950 schola-

1912 3994 2068 4049 ribus
2098 3994 2215 4049 suis
2264 3994 2545 4064 paulisper
2583 3991 2947 4064 spatiaretur,
2996 3990 3255 4047 Saraceni
3306 3990 3488 4046 subito

1914 4085 2190 4143 irruentes
2239 4100 2392 4141 more
2437 4085 2623 4153 solito,
2658 4099 2785 4140 cum
2838 4082 3122 4140 hominum
3175 4090 3230 4138 et
3275 4083 3488 4138 anima-

1913 4176 2047 4231 lium
2078 4178 2455 4240 multitudine,
2488 4178 2669 4249 ipsum
2700 4191 2919 4248 quoque
2949 4182 3278 4246 rapuerunt,
3310 4189 3374 4229 ac
3406 4190 3492 4231 se-

1914 4284 2037 4323 cum
2066 4269 2121 4324 in
2155 4268 2432 4325 Persidem
2463 4268 2805 4324 detulerunt.
2839 4269 2906 4323 Et
2940 4281 3065 4322 cum
3097 4267 3240 4322 inter
3283 4265 3499 4336 praedo-

1914 4375 2014 4415 nes
2049 4360 2244 4429 praeda:
2271 4360 2473 4416 divisio
2506 4359 2963 4431 ﬁeret,,contigit,
2994 4366 3054 4414 ut
3097 4358 3314 4415 cuidam
3349 4359 3495 4413 inter

1914 4465 2011 4506 eos
2038 4450 2335 4518 ditissima,
2364 4449 2603 4506 Joannes
2637 4450 2691 4505 in
2717 4459 2925 4520 partem
2957 4450 3201 4515 veniret;
3238 4449 3353 4519 qui,
3389 4462 3494 4503 ca:-

1917 4542 2054 4598 teris
2107 4545 2177 4598 ad
2223 4544 2511 4599 servitutis
2572 4557 2739 4614 opera
2790 4541 3090 4613 deputatis,
3139 4549 3276 4595 nutu
3311 4540 3496 4596 divino

1917 4632 2132 4688 meritis
2162 4632 2335 4687 beatae
2364 4632 2609 4703 Virginis
2644 4646 2771 4702 erga
2828 4633 3006 4701 ipsum
3048 4631 3239 4686 mitius
3288 4636 3492 4700 ageret.

1916 4721 2180 4793 Captivus
2229 4737 2486 4792 namque,
2515 4722 2801 4779 servitutis
2836 4736 3064 4793 pensum
3099 4719 3324 4776 solitum
3368 4720 3494 4775 red-

1918 4816 2049 4872 dere
2087 4831 2198 4871 non
2227 4815 2571 4887 negligcbat,
2601 4815 2695 4870 sed
2727 4822 2782 4870 et
2818 4812 3053 4884 jejuniis
3075 4825 3139 4867 ac
3169 4811 3374 4881 vigiliis
3409 4811 3496 4866 in-

1920 4908 2125 4964 sistens
2158 4907 2442 4962 orationes
2496 4906 2563 4960 ad
2602 4907 2818 4961 beatam
2866 4904 3142 4977 Virginem
3197 4902 3497 4960 devotissi-

1919 5016 2037 5056 mas
2070 4999 2315 5069 quotidie
2343 4997 2637 5068 dirigebat.
2671 4996 2829 5064 Quod
2878 4996 2968 5051 ille
3001 4994 3221 5067 gentilis
3249 4992 3499 5048 animado

1919 5099 2161 5155 vertens,
2192 5090 2314 5160 ejus
2341 5088 2484 5144 bona
2518 5088 2939 5146 conversatione
2966 5094 3227 5158 tanquam
3263 5084 3497 5155 spiritali

1922 5181 2313 5251 praedicatione
2342 5180 2654 5244 convictus,
2686 5179 2866 5249 ipsum
2909 5178 2989 5233 ire
3024 5191 3089 5231 ac
3134 5175 3318 5231 redire
3361 5171 3497 5226 libe-

1924 5287 2045 5326 rum
2076 5287 2187 5341 quo
2217 5271 2377 5326 vellet
2428 5270 2572 5327 infra
2620 5270 2809 5341 palatii
2857 5268 3033 5338 spatia
3082 5262 3432 5336 permittebat
3480 5279 3495 5315 :

230 5344 383 5398 omni
413 5356 635 5398 morum
667 5343 952 5400 honestate
972 5343 1264 5415 diligenter
1288 5344 1638 5401 informabat.
1669 5344 1818 5411 Qua-
1852 5363 1896 5419 ι)
1921 5372 1975 5421 ει
2008 5363 2099 5420 δίε
2125 5363 2361 5435 quadam
2396 5364 2477 5420 sic
2506 5369 2591 5419 εει
2625 5376 2752 5419 eum
2783 5361 3057 5417 allocutus
3089 5374 3103 5412 ς
3155 5354 3235 5410 Mi
3264 5351 3498 5411 Joannes

1750 5516 1957 5573 NO'UE
1968 5555 1982 5571 .

315 5629 439 5699 (36)
468 5626 672 5684 Eadem
701 5628 867 5686 habet
906 5638 1134 5687 sanctus
1156 5628 1470 5686 Antoninus
1521 5645 1586 5685 ex
1619 5630 1807 5687 eodem
1838 5628 2155 5712 _Vinccntio.
