3974 6338
489 278 598 346 499

1568 262 1742 327 νην.
1780 263 1839 324 S.
1868 258 2190 323 JOANNIS
2227 254 2681 318 DAMASCENI.

3648 254 3753 321 500

488 387 824 453 charissime,
852 383 1076 439 miratus
1106 396 1222 437 sum
1251 375 1588 449 prudentiam
1634 384 1804 438 tuam,
1833 366 2074 425 dictandi

2180 402 2273 455 pro
2302 386 2433 439 bono
2461 382 2745 439 reddidisti
2766 398 2784 436 :
2810 380 3105 436 Sarabaita
3123 379 3375 451 pessime,
3406 389 3659 451 quantum
3678 396 3752 439 est

490 478 868 540 curialitatem,
898 472 1163 530 scribendi
1198 472 1505 534 utilitatem,
1536 465 1788 523 cantandi
1832 472 1883 520 et
1914 477 2072 532 orga-

492 567 708 623 nizandi
737 564 1075 629 suavitatem,
1108 570 1353 617 sanctum
1389 574 1591 630 quoque
1636 554 1988 627 propositam,
2019 557 2069 604 et

488 656 958 712 conversationem.
1017 653 1202 709 Habeo
1250 652 1477 721 ﬁliolum
1529 665 1633 704 non
1666 647 1838 701 minus
1873 643 2070 712 meipso

486 749 616 802 mihi
653 748 896 813 charum,
924 762 1076 817 quem
1107 743 1326 817 [XXIX]
1355 758 1561 811 precor,
1590 749 1644 794 ut
1680 740 1735 792 in
1762 734 1968 790 artibus
2004 733 2070 786 li-

486 838 755 895 beralibus
784 837 1023 904 erudias,
1070 847 1120 892 et
1152 837 1208 891 in
1243 834 1518 897 dictando,
1557 826 1852 891 scribendo,
1896 824 2072 895 legen-

486 930 575 994 do,
608 930 899 995 cantando,
933 930 1013 985 sic
1058 945 1178 985 eum
1228 927 1323 983 tibi
1372 925 1705 995 conformare
1748 918 1986 982 studeas,
2014 922 2072 967 ut

487 1026 539 1080 si
567 1026 702 1095 forte
735 1024 1023 1098 aliquando
1053 1022 1184 1077 liber
1206 1037 1240 1077 α
1271 1019 1420 1074 nobis
1442 1013 1739 1078 recesseris,
1761 1012 1817 1065 in
1844 1010 1958 1080 ipso
1986 1015 2072 1059 ta-

489 1135 611 1174 nten
658 1118 798 1187 apud
830 1133 926 1173 uos
976 1114 1365 1187 quodammodo
1425 1119 1564 1164 totus
1615 1119 1913 1160 remaneas.
1966 1098 2072 1167 Qui

489 1223 724 1281 puerum
763 1206 1087 1265 obedienter
1125 1203 1516 1271 humiliterque
1565 1193 1900 1265 suscipiens,
1947 1200 2002 1245 et
2040 1202 2073 1243 a

490 1300 689 1373 primis
717 1297 1009 1356 elementis
1059 1293 1283 1352 erudire
1331 1289 1629 1360 incipiens,
1680 1284 1827 1338 intra
1867 1292 2075 1351 paucos

493 1407 671 1451 annos
716 1395 774 1447 in
819 1390 1081 1448 omnibus
1111 1388 1323 1445 artibus
1370 1381 1693 1440 liberalibus
1740 1378 2073 1432 instructum

493 1485 632 1541 adeo
658 1482 922 1548 reddidit,
952 1490 1015 1538 ιιι
1061 1479 1111 1537 si
1152 1475 1405 1549 magistri
1452 1487 1519 1528 ac
1547 1467 1804 1539 discipuli
1840 1462 2077 1520 rhetori-

490 1589 621 1630 cum
647 1570 895 1628 dictandi
927 1583 1102 1642 genus
1128 1565 1502 1628 attenderem,
1535 1562 1581 1618 si
1613 1560 1812 1614 litteras
1840 1554 2075 1611 formam

492 1664 793 1735 aspiceres,
821 1661 869 1719 si
905 1660 1059 1716 vocis
1106 1656 1400 1714 melodiam
1434 1652 1676 1719 audires,
1703 1648 1914 1704 nullam
1952 1659 2077 1702 esse

492 1751 859 1811 ditisrentiam
886 1752 1030 1806 inter
1065 1755 1361 1818 utrumque
1392 1745 1685 1800 clamares.

562 1842 745 1900 Porro
777 1856 904 1907 cum
934 1838 1255 1912 imperatori
1288 1834 1602 1893 Theodosio
1631 1846 1732 1904 pro
1755 1829 1882 1886 vita:
1905 1825 2075 1882 meri-

491 1943 575 2002 to,
600 1941 655 1990 et
694 1948 912 1989 morum
948 1933 1257 1993 honestate,
1288 1942 1504 1983 necnon
1536 1933 1590 1981 et
1622 1937 1722 1994 pro
1746 1918 2073 1990 eloquentiae

489 2027 695 2091 nitore,
731 2027 786 2082 in
818 2023 1152 2097 quibusdam
1178 2021 1364 2078 causis
1386 2016 1743 2073 necessarius
1768 2013 2069 2076 videretur,

490 2119 663 2175 missa
713 2117 989 2189 legatione
1020 2115 1125 2171 sub
1154 2127 1314 2186 plena
1342 2110 1540 2182 capitis
1567 2107 1793 2164 domino
1821 2102 2067 2169 mandat,

491 2218 555 2264 ut
585 2209 634 2263 ei
668 2206 1003 2278 quantocius
1050 2206 1385 2259 mitteretur.
1428 2200 1530 2267 Qui
1574 2206 1848 2270 praecepto
1894 2193 2071 2263 impe-

490 2301 614 2356 riali
644 2300 1027 2355 contradicere
1058 2312 1169 2352 non
1217 2290 1712 2357 ausus,-Joannem
1746 2283 2061 2342 Constanti-

487 2391 735 2461 nopolim
772 2390 840 2444 ad
869 2390 1047 2460 ipsum
1078 2384 1378 2443 honoriﬁce
1406 2380 1603 2437 deduci
1633 2379 1763 2433 fecit
1788 2395 1801 2431 :
1835 2377 2070 2445 impera.

489 2492 580 2539 tor
618 2497 742 2538 eum
789 2495 913 2537 cum
948 2479 1160 2535 honore
1190 2475 1459 2545 suscepit,
1501 2480 1551 2528 et
1589 2470 1641 2526 ei
1672 2465 2068 2523 monasterium

489 2574 548 2629 in
582 2588 693 2644 quo
726 2587 853 2627 cum
890 2570 1159 2626 fratribus
1188 2568 1300 2623 Deo
1326 2565 1515 2637 quiete
1561 2560 1818 2625 serviret,
1853 2558 1908 2611 in
1930 2555 2071 2623 urbe

490 2664 671 2733 dedit;
706 2664 797 2720 ubi
826 2672 881 2719 et
913 2662 1147 2733 ipsemet
1178 2658 1381 2729 saepius
1411 2654 1690 2716 veniebat,
1720 2665 1786 2705 ac
1815 2651 1883 2705 de
1922 2656 2069 2704 statu

489 2756 667 2830 regni,
735 2766 791 2812 et
851 2755 1031 2813 salute
1085 2752 1284 2808 animat
1339 2764 1477 2815 suae,
1533 2742 1884 2802 familiariter
1942 2752 2069 2795 cum

490 2865 555 2915 eo
578 2856 870 2905 tractabat.

813 2939 886 2993 De
923 2937 1064 3007 falsa
1092 2936 1313 2991 crimine
1350 2935 1405 2989 in
1445 2949 1507 2989 eo
1543 2931 1749 3001 punito.

569 3030 635 3087 Ut
661 3037 846 3084 autem
871 3029 1049 3083 bonus
1079 3023 1326 3081 Joannes
1356 3022 1425 3077 ad
1458 3023 1780 3077 meritorum
1809 3031 2071 3089 augmen-

2186 479 2241 532 in
2281 487 2348 541 te,
2384 479 2615 547 patriam
2646 474 2954 545 prodidisti,
2990 474 3226 543 mihique
3270 488 3334 526 ac
3359 473 3487 527 meis
3513 474 3754 540 auferens

2174 570 2497 633 libertatem,
2524 568 2581 621 in
2617 566 2977 636 captivitatem
3005 564 3291 632 pessimam
3330 578 3426 617 nos
3462 565 3755 621 retrusisti.

2177 660 2510 730 Ostensaque
2530 659 2616 713 illi
2644 657 2871 726 epistola
2898 654 3165 724 respondit
3196 656 3315 709 ita:
3351 653 3502 719 Vere,
3523 653 3671 708 domi
3681 670 3763 717 ne,

2177 756 2408 824 formam
2433 751 2702 809 scribendi
2729 766 2791 803 ac
2820 747 3082 805 dictandi.
3124 763 3286 817 genus
3322 763 3492 800 meum
3521 746 3618 799 hoc
3650 762 3761 798 esse

2175 846 2390 917 cognovi
2416 861 2435 907 ς
2465 844 2555 899 sed
2586 843 2732 898 testis
2765 849 2846 896 est
2889 840 3020 893 mihi
3053 838 3191 892 Deus
3216 842 3355 909 quod
3394 853 3509 892 eam
3544 840 3759 890 omnino

2176 955 2279 993 non
2316 937 2439 1007 feci.
2487 935 2737 1004 Dumque
2760 945 2955 987 omnes
2986 929 3043 985 in
3072 943 3199 984 eum
3237 934 3665 998 perstreperent,
3696 939 3760 979 eo

2173 1029 2321 1099 quod
2361 1029 2647 1083 veritatem
2678 1023 2964 1080 occultare
3003 1021 3144 1077 velle
3176 1020 3478 1084 videretur,
3513 1018 3757 1087 undique

2174 1120 2617 1191 proclamabam,
2654 1124 2716 1171 ut
2749 1116 2958 1185 absque
3001 1113 3272 1169 dilatione
3316 1119 3492 1167 morte
3528 1109 3754 1181 punire-

2175 1217 2287 1265 tur.
2331 1208 2578 1271 Judices,
2611 1206 2761 1261 facto
2791 1205 3060 1268 consilio,
3097 1203 3219 1274 pari
3268 1216 3503 1258 assensu
3537 1200 3753 1262 dicunt,

2175 1303 2381 1373 ipsum,
2414 1301 2545 1371 quia
2596 1297 2855 1369 specialis
2889 1296 3104 1350 amicus
3149 1292 3499 1364 imperatoris
3552 1289 3751 1354 fuerat,

2178 1409 2289 1450 non
2322 1392 2525 1449 debere
2550 1390 2753 1455 occidi,
2784 1388 2880 1445 sed
2911 1402 3134 1442 manum
3158 1400 3265 1456 qua
3294 1393 3509 1440 tantum
3541 1381 3755 1436 facinus

2176 1492 2588 1557 perpetraverat
2615 1482 2888 1538 abscindi.
2914 1480 3036 1547 Quo
3075 1478 3244 1545 facto,
3279 1476 3521 1532 Joannes
3551 1475 3621 1530 de
3658 1473 3757 1527 do-

2176 1580 2296 1635 lore
2351 1577 2621 1642 vulneris,
2653 1590 2718 1630 ac
2747 1573 3115 1630 diminutione
3147 1570 3399 1640 corporis
3421 1607 3437 1634 ,
3472 1567 3581 1621 Deo
3634 1582 3759 1635 gra-s

2178 1670 2282 1724 tias
2301 1668 2426 1739 egit,
2464 1677 2519 1723 et
2548 1665 2695 1737 quod
2728 1667 2785 1721 in
2822 1664 2945 1734 ejus
2988 1664 3255 1718 honorem
3295 1660 3533 1731 amplius
3559 1657 3759 1712 oll‘erre

2178 1759 2520 1816 sacrificium
2572 1773 2683 1812 non
2738 1762 2949 1827 posset,
2996 1752 3279 1825 paulisper
3309 1749 3614 1806 condoluit.
3646 1748 3757 1803 Ab-

2176 1852 2356 1908 scissa
2387 1851 2574 1920 itaque
2602 1863 2767 1903 msnu
2801 1845 2980 1902 οωὠο
3010 1844 3368 1917 spiculstoris
3389 1883 3404 1906 ,
3446 1843 3605 1912 jussu
3657 1840 3759 1893 im-

2172 1943 2445 2016 peratoris
2490 1942 2557 1998 ad
2602 1939 2982 1996 testimonium
3019 1939 3158 1992 tanti
3208 1935 3439 1991 sceleris
3486 1943 3757 2003 suspensa

2168 2035 2334 2093 estin
2365 2031 2703 2087 monasterio
2725 2029 2903 2101 ipsius
2935 2028 3185 2084 Joannis.

2247 2143 2320 2198 De
2347 2141 2605 2196 miraculo
2643 2156 2735 2210 per
2776 2138 2981 2192 beatam
3020 2136 3281 2207 Virginem
3308 2134 3363 2189 in
3387 2149 3445 2188 eo
3468 2131 3689 2187 demon-

2875 2218 3068 2263 strato.

2242 2307 2337 2362 llle
2377 2320 2501 2360 mox
2540 2313 2664 2357 ante
2712 2301 2997 2371 imaginem
3056 2295 3302 2368 specialis
3351 2292 3591 2348 Domina:
3645 2305 3759 2347 sua

2169 2411 2401 2454 mancus
2438 2394 2755 2460 adveniens,
2781 2393 3130 2461 discooperto
3158 2388 3405 2452 vulnere,
3434 2393 3488 2440 et
3534 2392 3758 2440 extento

2169 2489 2417 2555 brachio,
2449 2502 2575 2542 cum
2610 2502 2673 2539 ea
2706 2485 2795 2555 pie
2834 2483 3143 2544 rixabatur,
3188 2479 3490 2549 inquiens:
3551 2474 3759 2529 Πατά-

2170 2597 2254 2645 ne,
2312 2579 2565 2639 Domina.
2613 2584 2913 2631 nostrorum
2967 2572 3188 2642 prwmia
3230 2579 3355 2625 sunt
3408 2569 3759 2624 meritorum?

2173 2670 2418 2727 Hteecine
2449 2679 2656 2723 tuorum
2681 2666 2950 2722 beatitudo
2967 2663 3278 2720 servorum?
3307 2658 3438 2714 Esto
3462 2699 3478 2724 ,
3523 2658 3759 2713 Domina

2172 2778 2308 2828 mea,
2344 2762 2499 2832 digne
2523 2776 2618 2829 pro
2654 2760 2855 2813 meritis
2884 2769 3222 2827 peccatorum
3254 2769 3336 2808 me
3372 2753 3642 2823 flagellari
3669 2767 3758 2805 vo-

2178 2854 2330 2907 luisti
2358 2867 2378 2906 :
2422 2852 2535 2918 sed,
2569 2861 2626 2905 ut
2656 2850 2785 2922 quid
2814 2850 3229 2904 instrumentunt
3260 2846 3416 2916 oljicii
3447 2846 3525 2899 tui
3560 2846 3758 2913 permi-

2174 2945 2293 3000 sisti
2318 2944 2525 3013 penitus
2549 2941 2790 2996 abscindi
2807 2942 2831 2994 ?
2851 2939 2981 2994 Iltec
3009 2941 3198 3011 quippe
3224 2955 3413 2992 manus
3445 2937 3759 3007 hymnorum

2174 3032 2351 3087 laudis
2387 3040 2493 3087 tua:
2524 3031 2738 3085 cantica
2775 3029 2970 3098 stt-pius
3002 3028 3277 3083 scribendo
3299 3027 3546 3097 parabat,
3572 3036 3623 3081 et
3656 3026 3760 3081 Deo

493 3130 610 3179 tum
663 3118 1010 3190 probaretur,
1059 3114 1239 3171 adhuc
1287 3115 1344 3169 in
1396 3113 1613 3169 camino
1656 3109 2072 3167 tribulationis:

2182 3121 2338 3177 Patri
2372 3122 2796 3177 sacratissimum
2825 3134 3036 3188 corpus,
3067 3128 3117 3173 et
3154 3118 3463 3188 sanguinem
3489 3115 3621 3169 Filii
3659 3116 3759 3180 tui,

489 3215 714 3286 juvenis
740 3212 830 3269 ille
857 3225 1019 3283 quem
1051 3210 1107 3264 in
1134 3206 1361 3265 Perside
1390 3207 1678 3270 docuerat,
1710 3220 1870 3260 suum
1902 3217 2076 3284 genus

493 3304 760 3369 dictandi,
790 3312 845 3359 et
893 3300 1170 3372 propriam
1219 3313 1445 3353 manum
1480 3294 1784 3359 scribendi,
1819 3292 2078 3364 nequitia:

494 3396 697 3467 spiritu
724 3395 1055 3463 exagitatus,
1092 3390 1382 3462 epistolam
1428 3388 1657 3460 proprio
1700 3399 1873 3442 sensu
1923 3386 2077 3453 inge-

494 3487 700 3557 nioque
765 3483 1038 3548 dictavit,
1095 3480 1475 3551 scriptamque
1530 3474 2075 3546 Constantinopolim

494 3579 697 3635 furtive
725 3576 944 3642 direxit,
991 3582 1047 3631 et
1092 3573 1154 3630 in
1200 3573 1389 3644 palatii
1422 3572 1547 3628 loco
1580 3570 1672 3627 ubi
1704 3569 1872 3626 citius
1905 3582 1938 3623 a
1968 3568 2076 3622 mi-

494 3672 689 3731 nistris
726 3668 1106 3742 imperialibus
1155 3664 1394 3722 inveniri
1442 3669 1656 3737 posset,
1692 3661 1900 3734 jactari
1931 3675 2074 3732 prat-

495 3764 664 3835 cepit.
701 3760 945 3831 Eratque
985 3760 1155 3814 talis:
1192 3756 1415 3813 Dilectis
1464 3756 1675 3823 amicis,
1715 3755 1807 3825 qui
1850 3760 1973 3808 sunt
2018 3753 2076 3806 in

494 3854 738 3919 Perside,
795 3851 1156 3905 Damascenus
1188 3846 1458 3913 Joannes,
1495 3844 1878 3901 monachorum
1915 3842 2076 3897 mini-

498 3957 639 4009 mus,
672 3939 921 3995 salutem.
956 3935 1247 4001 Noveritis,
1281 3935 1655 4004 imperatorem
1689 3930 1852 3985 robur
1873 3929 2076 3985 exerci-

509 4044 591 4087 tus
618 4031 686 4084 ad
712 4030 923 4083 diversa
957 4027 1095 4084 bella
1138 4027 1194 4080 in
1241 4026 1482 4079 nationes
1526 4032 1792 4079 extremas
1844 4021 2073 4086 misisse,

497 4122 780 4192 urbemque
828 4120 1048 4190 regiam,
1095 4126 1146 4172 et
1196 4115 1479 4186 ﬁnitimas,
1532 4112 1834 4168 hominibus
1881 4126 2074 4167 vacuas

497 4215 835 4269 remansisse.
863 4211 1129 4278 Quoniam
1154 4224 1276 4278 ergo
1297 4207 1560 4276 sapientes
1594 4207 1755 4269 estis',
1789 4205 1964 4260 securi
1992 4187 2085 4258 veo'

497 4308 626 4369 nite,
649 4316 696 4361 et
728 4303 1007 4359 victoriam
1032 4299 1177 4355 vobis
1210 4306 1458 4368 paratam
1495 4296 1692 4366 absque
1730 4312 1882 4352 mora
1911 4294 2077 4350 virili-

499 4408 580 4454 ter
598 4396 845 4451 obtinete.

2180 3214 2447 3269 multoties
2473 3214 2528 3268 in
2546 3214 2743 3270 honore
2771 3220 2858 3266 tuo
2886 3209 2956 3265 ad
2989 3210 3223 3266 omnium
3245 3218 3580 3278 peccatorum
3606 3206 3758 3261 salu-

2180 3314 2282 3359 tem
2305 3304 2577 3374 offerebat.

2248 3395 2496 3464 Cumque
2540 3393 2671 3449 talia
2713 3391 2914 3463 saepius
2949 3389 3023 3447 ibi
3059 3387 3412 3445 lamentando
3452 3394 3761 3458 peroraret,

2178 3488 2408 3559 contigit
2441 3495 2600 3541 nocte
2638 3484 2898 3555 quadam,
2928 3492 2991 3537 ut
3023 3488 3148 3554 post
3182 3480 3496 3551 hujusmodi
3548 3480 3759 3534 lamen-

2178 3581 2442 3636 tationem
2474 3578 2533 3633 in
2561 3577 2764 3634 lectulo
2793 3575 2996 3643 fessus,
3037 3588 3141 3630 nec
3183 3572 3464 3629 dormiens
3491 3610 3506 3636 ,
3539 3585 3644 3626 nec
3680 3568 3763 3625 vi.

2177 3672 2356 3743 gilans
2379 3685 2446 3726 ex
2482 3676 2600 3725 toto
2642 3673 2912 3740 pausarat
2944 3684 2960 3721 :
2991 3672 3047 3722 et
3074 3679 3205 3721 ecce
3233 3664 3443 3736 Regina
3483 3663 3762 3733 virginum

2175 3764 2351 3820 adfuit
2389 3778 2513 3819 cum
2543 3762 2751 3834 ingenti
2780 3759 3005 3825 lumine,
3037 3757 3199 3813 hilari
3231 3757 3391 3823 facie,
3424 3755 3519 3809 tali
3561 3768 3763 3810 conso-

2174 3857 2298 3913 lans
2329 3871 2455 3912 eum
2478 3854 2733 3910 aliamine
2757 3870 2773 3908 :
2800 3852 2941 3919 Quid
2974 3853 3109 3923 agis,
3161 3850 3379 3921 inquit,
3439 3864 3568 3917 puer
3616 3862 3763 3900 meus

2176 3946 2526 4017 fidelissime?
2558 3975 2626 3991 —-
2652 3943 2766 4000 Heu
2796 3944 2810 3999 ι
2871 3943 3049 4014 inquit
3082 3941 3198 4008 ille,
3227 3941 3480 4006 Domina,
3508 3940 3639 4010 quid
3685 3952 3765 3996 me

2175 4042 2470 4110 interrogas
2489 4040 2514 4093 7
2532 4066 2601 4079 —
2622 4036 2875 4103 Quinimo
2896 4037 3163 4108 interrogo
3221 4042 3270 4090 te
3297 4049 3390 4104 ego
3421 4048 3440 4088 :
3471 4030 3607 4087 Cum
3656 4032 3768 4087 hteo

2176 4138 2410 4199 paterer,
2444 4129 2535 4182 ubi
2574 4129 2734 4182 eras?
2782 4125 2918 4181 Ecce
2969 4125 3039 4179 ad
3090 4140 3303 4189 meum,
3343 4124 3451 4178 imo
3501 4121 3571 4176 ad
3616 4132 3766 4176 tuum

2175 4218 2399 4275 dedecus
2422 4220 2477 4273 in
2505 4218 2731 4274 ecclesia
2752 4218 2941 4288 pendet
2958 4217 3200 4272 abscissa
3221 4215 3429 4270 clientis
3453 4214 3529 4267 tui
3551 4229 3766 4272 manus.

2176 4309 2248 4367 At
2276 4311 2405 4365 illa:
2440 4309 2781 4378 Confortare,
2812 4307 3013 4379 inquit,
3062 4306 3144 4377 ﬁli
3189 4307 3245 4360 in
3278 4303 3527 4368 Domino,
3549 4319 3768 4357 manum

2180 4410 2323 4454 tuam
2370 4400 2466 4453 tibi
2513 4408 2815 4454 restaurare
2874 4406 3066 4467 potest,
3132 4397 3222 4467 qui
3275 4405 3443 4449 totum
3500 4396 3769 4449 hominem

567 4488 796 4549 Inventa
840 4490 924 4542 est
954 4483 1119 4557 igitur
1152 4498 1183 4538 a
1216 4483 1492 4539 ministris
1517 4482 1775 4552 epistola,
1804 4487 1861 4536 et
1887 4494 2074 4536 coram

2182 4489 2464 4561 plasmauit
2484 4505 2548 4544 ex
2571 4487 2759 4543 nihilo.
2785 4486 2881 4543 liis
2903 4487 3093 4551 dictis,
3116 4502 3181 4542 eo
3199 4485 3445 4551 vidente,
3476 4485 3566 4541 illa
3591 4485 3770 4541 eccle-

497 4582 837 4653 imperatore
876 4578 1140 4649 perlecta.
1174 4574 1427 4632 Traditio
1470 4575 1538 4630 ab
1585 4574 1843 4629 omnibus
1893 4574 2078 4628 excla-

497 4652 701 4738 matur,
730 4680 785 4729 et
814 4669 943 4742 quis
979 4669 1147 4740 hujus
1182 4668 1513 4739 proditionis
1554 4652 1759 4721 auctor
1786 4672 1957 4730 esset,
1994 4666 2080 4719 in-

497 4767 793 4838 quiritur:
841 4763 1016 4819 forma
1074 4762 1287 4828 litterae,
1339 4760 1737 4832 ingeniumque
1798 4756 2080 4814 scribendi

498 4859 817 4927 respicitur,
853 4864 909 4912 et
946 4855 1186 4912 Joannes
1220 4868 1343 4909 esse
1397 4851 1720 4923 imperatori
1770 4851 2075 4906 nuntiatur.

502 4948 701 5004 Statim
734 4947 979 5002 Joannes
1016 4945 1306 5015 quaeritur,
1333 4951 1388 4998 et
1420 4958 1546 4997 cum
1578 4943 1781 5012 injuria
1818 4943 1985 4996 multa
2010 4940 2078 4994 ad

499 5037 851 5106 imperatoris
908 5034 1259 5104 praesentiam
1321 5032 1580 5096 trahitur,
1639 5032 1759 5102 ipso
1822 5031 2077 5094 mirante,

500 5126 647 5183 unde
678 5134 788 5180 tam
814 5125 997 5180 subito
1024 5124 1151 5179 talis
1176 5124 1447 5179 tumultus
1481 5133 1536 5179 et
1558 5132 1749 5178 contra
1781 5138 1838 5178 se
1859 5121 2083 5193 conspi-

499 5220 643 5275 ratio
674 5217 916 5274 oriretur
942 5234 956 5271 :
995 5218 1234 5287 populus
1264 5218 1558 5280 universus
1588 5216 1918 5286 intorquens
1941 5230 2079 5269 con-

498 5310 631 5366 vitia
679 5310 851 5376 mille,
881 5323 993 5365 non
1023 5310 1389 5374 sacerdotem,
1419 5308 1514 5365 sed
1550 5307 1926 5379 proditorem;
1968 5321 2077 5361 non

500 5402 856 5468 monachum,
892 5401 989 5457 sed
1020 5410 1331 5472 apostatam
1383 5400 1786 5470 proclamabat,
1834 5406 1889 5455 et
1938 5398 2079 5453 furi-

500 5489 722 5546 bundus
756 5490 845 5546 vix
870 5505 1067 5547 manus
1099 5491 1167 5546 ab
1191 5492 1313 5560 ejus
1348 5491 1527 5547 oculis
1559 5490 1901 5547 continebat.
1926 5488 2082 5543 Tunc

501 5579 828 5652 imperator,
862 5579 1008 5637 facto
1031 5582 1274 5648 silentio,
1308 5583 1616 5652 suspirans,
1651 5583 1760 5636 ait:
1795 5580 1840 5637 0
1869 5582 2078 5651 nequis-

504 5671 637 5733 sime
659 5669 913 5741 «Ioannes,
956 5673 1218 5747 beneﬁciis
1263 5675 1391 5731 meis
1433 5676 1674 5751 ingrate,
1717 5676 1917 5730 malum
1955 5674 2081 5730 mihi

2182 4584 2319 4639 siam
2346 4582 2525 4653 petiit,
2551 4581 2902 4651 delatamque
2940 4578 3070 4637 inde
3094 4593 3341 4641 manum,
3379 4579 3501 4646 ejus
3536 4575 3771 4632 brachio

2185 4688 2314 4728 cum
2349 4674 2487 4727 mira
2532 4672 2868 4743 benignitate
2900 4671 2955 4725 in
2990 4680 3273 4724 momento
3303 4668 3565 4724 restituit.
3610 4665 3772 4721 Tunc

2186 4766 2280 4822 ille
2308 4768 2515 4835 gratias
2542 4764 2847 4820 ineliabiles
2878 4777 3071 4835 agens,
3101 4761 3317 4818 reddita
3347 4761 3457 4817 diei
3479 4761 3615 4824 luce.
3634 4775 3767 4815 sur-

2187 4857 2283 4926 git,
2320 4855 2590 4911 fratribus
2618 4855 2960 4919 convocatis,
2984 4868 3210 4909 manum
3250 4852 3516 4915 ostendit,
3561 4864 3771 4920 eosque

2186 4963 2375 5004 secum
2423 4946 2493 5003 ad
2540 4947 2812 5019 magnalia
2867 4945 2963 5001 Dei
3006 4944 3427 5016 gloriﬁcandum
3477 4942 3768 4997 animavit.

2186 5039 2307 5095 Mox
2342 5039 2664 5096 solemniter
2693 5040 2944 5102 indutus,
2976 5037 3084 5113 alta
3115 5051 3249 5092 voce
3275 5038 3500 5091 missam
3530 5033 3600 5090 de
3635 5034 3772 5088 bea-

2190 5130 2407 5186 tissima
2437 5128 2662 5199 Virgine
2702 5128 3024 5184 celebravit.
3063 5130 3389 5198 Imperator,
3422 5126 3613 5180 audito
3665 5124 3774 5179 mi-

2189 5221 2399 5287 raculo,
2431 5220 2595 5288 pedes
2625 5219 2694 5274 ad
2716 5234 2843 5275 eum
2881 5218 3052 5283 venit,
3082 5227 3139 5275 et
3173 5232 3270 5274 ore
3291 5217 3517 5287 proprio
3540 5228 3773 5270 manum

2187 5311 2539 5378 deosculans,
2574 5317 2699 5381 post
2731 5308 2829 5364 Dei
2863 5309 3080 5365 laudem
3124 5315 3178 5365 et
3208 5309 3463 5377 gloriosa:
3496 5306 3772 5378 Virginis,

2186 5405 2256 5458 ab
2286 5403 2408 5475 ipso
2435 5402 2732 5474 diligenter
2760 5402 3020 5471 inquirit,
3050 5400 3097 5456 si
3123 5415 3284 5470 quem
3320 5399 3518 5453 alicubi
3560 5414 3771 5469 cogno-

2188 5503 2388 5559 sceret,
2419 5496 2513 5564 qui
2544 5508 2705 5549 suum
2749 5492 2996 5547 dietandi
3024 5507 3220 5564 genus,
3251 5507 3315 5546 ac
3347 5490 3624 5547 scribendi
3660 5490 3773 5546 for-

2189 5600 2333 5642 mam
2379 5586 2626 5642 haberet.
2673 5584 2832 5652 Quod
2872 5585 2961 5640 ille
2991 5583 3215 5655 quidem
3251 5583 3303 5638 ei
3349 5580 3570 5646 retulit,
3607 5589 3666 5637 et
3690 5580 3772 5639 sic

2188 5679 2268 5736 rei
2298 5677 2504 5737 veritas
2530 5677 2795 5755 inquisita
2821 5676 3135 5748 diligentius
3167 5673 3427 5737 innotuit.
