3974 6338
485 303 591 368 ωτι
1651 296 2017 364 VETERUM
2056 298 2071 358 τ

2174 294 2521 360 ΞΤΙΜΟΝΙΑ
3654 284 3759 351 504

492 412 985 470 iconomachorum
1016 409 1268 467 haeresim
1291 408 1563 465 confudit.
1610 407 1764 465 Unde
1802 409 1872 464 ab
1898 408 2071 463 haere-

2176 411 2298 472 ταϊς
2327 409 2392 461 ὲκ
2414 406 2522 462 τῶν
2546 401 2780 475 Γραφῶν
2812 400 3155 469 ἀποδείξεσιν
3180 400 3491 471 κατῄσχυνε
3523 400 3620 472 τὴν
3647 402 3757 456 τῶν

491 499 622 555 ticis
659 496 1089 569 imperatoribus
1124 497 1278 553 varie
1314 498 1616 570 relegatus,
1646 508 1700 553 et
1748 497 2068 553 carceribus

2176 498 2568 572 Εἰκονομαχῶν
2607 498 2823 568 αἵρεσιν
2858 494 2994 565 (36).
3033 494 3200 547 Ὅθεν
3225 493 3321 546 καὶ
3360 493 3635 564 διαφόρως
3668 494 3756 559 ἐξ..

492 586 749 651 traditus,
792 585 849 640 in
873 584 1107 656 pulchra
1132 584 1483 643 confessione
1508 593 1929 647 consummatus
1958 594 2068 652 est,

2176 591 2418 663 ορισθεὶς
2447 588 2599 660 παρά
2644 586 2754 640 τῶν
2782 582 3080 656 αἱρετικῶν
3126 582 3430 654 βασιλέων,
3463 584 3558 637 καὶ
3586 583 3755 651 φύλα·

492 677 852 750 sepultusque
877 684 963 735 est
991 692 1021 733 a
1044 676 1316 749 discipulo
1342 691 1470 734 suo.

2177 683 2303 745 καῖς
2326 680 2676 751 παραδοθεὶς,
2700 681 2759 732 ιν
2782 678 2931 748 πάσῃ
2946 675 3209 748 ὁμολογίᾳ
3232 673 3547 748 ἐτελειώθη,
3566 676 3755 745 ταφεὶς

2179 772 2287 827 ὑπὸ
2315 771 2410 825 τοῦ
2442 770 2685 841 μαθητοῦ
2718 767 2911 825 αὐτοῦ.

933 908 1173 972 Eodem
1196 908 1295 970 die
1326 910 1821 977 commemoratio
1860 910 2064 973 sancti
2100 909 2317 971 Patris
2358 905 2565 967 nostri
2602 903 2874 971 Joannis
2916 901 3310 962 Damascem.

562 1034 664 1090 Hic
706 1033 812 1089 iuit
875 1032 982 1088 sub
1037 1034 1372 1103 imperatore
1427 1031 1609 1087 Leone
1669 1031 1943 1097 Isaurico,
2015 1040 2070 1087 et
2174 1031 2354 1087 omnis
2407 1026 2739 1084 eruditionis
2775 1034 2830 1082 et
2871 1023 3187 1081 monasticae
3231 1022 3596 1079 institutionis
3625 1036 3754 1093 par-

489 1126 859 1186 Constantino
886 1124 1009 1196 ejus
1038 1124 1172 1193 lilio,
1204 1139 1272 1181 ex
1306 1125 1446 1180 urbe
1497 1123 1785 1194 Damasco,
1834 1124 2070 1181 illustri-
2175 1124 2375 1193 ticeps,
2423 1120 2887 1193 quemadmodum
2947 1125 3003 1175 et
3052 1124 3281 1174 sanctus
3337 1115 3598 1175 Joannes.
3657 1115 3753 1186 qui

487 1219 595 1277 bus
625 1226 784 1276 ortus
814 1218 1164 1290 parentibus,
1200 1226 1257 1274 et
1284 1216 1604 1274 orthodoxa
1631 1216 1755 1272 ﬁdei
1778 1217 2071 1272 observan-
2178 1216 2447 1272 orationis
2508 1213 2810 1279 facultate,
2870 1221 2924 1268 et
2977 1217 3296 1268 sanctarum
3337 1208 3755 1279 Scripturarum

488 1313 567 1368 tia
595 1312 892 1368 excellens.
919 1309 1059 1365 Cum
1092 1324 1225 1366 vero
1251 1318 1542 1380 parentem
1575 1307 1804 1363 haberet
1848 1309 2070 1365 virtutis
2170 1305 2512 1363 testimoniis
2542 1305 2766 1374 impiam
2797 1303 3047 1358 haeresim
3069 1316 3262 1358 eorum
3290 1301 3383 1370 qui
3408 1315 3600 1356 sacras
3627 1300 3756 1354 inia-

489 1402 786 1457 admodum
809 1398 1141 1465 studiosum,
1164 1401 1286 1472 eius
1309 1414 1444 1455 cura
1471 1408 1526 1456 et
1549 1399 1831 1470 diligentia
1851 1412 2068 1454 omnem
2178 1397 2337 1468 gines
2366 1397 2790 1467 impugnabant,
2844 1393 3197 1448 vehementer
3223 1391 3518 1447 coniutans
3552 1406 3618 1446 ac
3667 1406 3754 1446 re-

487 1493 964 1566 encycloptediam
994 1493 1228 1550 edoctus
1258 1502 1364 1559 est,
1383 1501 1441 1549 et
1469 1493 1740 1549 divinitus
1764 1492 2069 1563 inspiratas
2175 1488 2471 1559 dargnens,
2491 1486 2661 1542 multa
2676 1484 2890 1540 erudite
2910 1489 2965 1538 et
2983 1489 3241 1538 accurate
3264 1482 3472 1551 scripta
3493 1481 3716 1550 reliquit
3740 1494 3755 1532 :

489 1582 813 1654 Scriptores
867 1582 1062 1639 didicit
1112 1582 1252 1639 bene
1289 1582 1651 1654 perscrutari.
1684 1581 1875 1653 itaque
1906 1580 2069 1637 Chri-
2175 1580 2231 1635 in
2265 1579 2469 1650 quibus
2496 1575 2744 1633 omnium
2778 1574 2891 1630 fere
2918 1572 3284 1645 quaestionum
3317 1572 3519 1627 solutio
3546 1570 3761 1626 inveni-

489 1675 684 1731 slianae
716 1675 839 1731 ﬁdei
867 1674 1051 1733 studio
1073 1689 1359 1743 accensus,
1388 1676 1595 1733 relictis
1622 1676 1817 1747 patriis
1852 1674 2072 1746 opibus,
2102 1667 2150 1729 Β
2177 1683 2289 1729 tur.
2321 1672 2462 1728 Cum
2503 1684 2634 1725 vero
2664 1670 2734 1725 ad
2765 1668 2993 1723 multam
3023 1674 3078 1722 et
3104 1666 3442 1722 laudabilem
3493 1670 3758 1720 senectu-

489 1768 856 1826 monasticam
893 1769 1066 1825 vitam
1103 1771 1388 1841 amplexus
1420 1778 1506 1825 est
1540 1784 1647 1824 una
1681 1784 1807 1825 cum
1850 1768 2075 1833 Cosma,
2176 1773 2284 1820 tem
2330 1762 2710 1834 pervenisset,
2757 1758 2999 1815 excessit
3023 1773 3054 1814 e
3087 1758 3200 1813 vita
3246 1757 3443 1812 beatus
3496 1753 3758 1820 Joannes,

501 1860 667 1930 cujus
695 1860 822 1916 laus
848 1866 935 1917 est
964 1859 1326 1916 celeberrima
1356 1861 1412 1914 in
1457 1860 1544 1915 his
1574 1860 1828 1915 melodiis
1862 1866 1917 1915 et
1947 1873 2080 1913 can-
2178 1863 2341 1910 antea
2373 1854 2599 1909 Mansur
2643 1852 2973 1922 appellatus,
3019 1864 3130 1921 quo
3163 1848 3432 1905 vocabulo
3479 1854 3534 1902 et
3582 1847 3760 1917 ipsius

488 1948 644 2018 ticie,
677 1965 802 2022 qua
840 1950 910 2007 de
950 1949 1144 2007 diebus
1179 1949 1339 2008 festis
1388 1948 1879 2019 conscripsit.Erat
1934 1948 2078 2005 enim
2179 1954 2438 2018 parentes
2468 1944 2904 2016 appellabantur.

2016 2123 2249 2182 NOTAE.

569 2222 698 2301 _(§9)_
745 2221 1116 2301 Menologium
1156 2221 1531 2301 _Sirletan_um
1566 2220 1713 2293 quod
1759 2220 2079 2301 __Basiliano
2186 2216 2999 2301 perpessussit.Menoiogiuni
3025 2212 3757 2301 istud_Si'I‘-letanum‘.quugd

496 2285 761 2362 subjicio,
785 2292 923 2347 nihil
950 2285 1113 2348 h'abet
1138 2292 1217 2346 de
1234 2292 1453 2349 exsiliis
1484 2300 1540 2345 et
1560 2285 1905 2362 carceribus,
1956 2305 2081 2362 quae
2186 2285 2383 2362 Latine
2403 2289 2610 2362 editum
2644 2298 2729 2345 est
2755 2285 2889 2362 torri.
2916 2286 2957 2362 l_l
2978 2287 3240 2362 editionis
3265 2285 3488 2341 Henrici
3514 2285 3753 2362 Canisii,

495 2356 1140 2427 Joannes'Damasccnns
1160 2362 1229 2429 ab
1253 2356 2082 2432 imperatoribusiconomaciiis
2190 2359 2255 2414 ad
2286 2359 2428 2415 diem
2458 2358 2528 2413 29
2561 2357 2906 2423 Novembris,
2940 2358 3102 2413 habet
3131 2365 3191 2412 ut
3218 2372 3343 2412 mox
3373 2356 3644 2426 sequitur.

1207 2757 2189 2895 TESTIMONIA
2342 2719 3049 2890 SELECTA

1778 3015 2472 3141 VETERUM

767 3245 918 3353 DE
993 3245 1470 3347 JOAN'NE
1548 3248 2250 3347 DAMASCENO
2318 3253 2467 3343 ET
2532 3254 2815 3349 EJUS
2894 3253 3461 3352 SCRIPTIS.

498 3590 747 3665 Synodus
770 3592 995 3662 septima
1021 3594 1283 3665 generalis
1312 3610 1432 3665 qua
1461 3593 1660 3650 Nicone
1686 3598 1741 3651 in
1774 3597 2025 3668 Bithynia
2074 3597 2339 3653 celebrata
2387 3606 2486 3668 est.
2528 3597 2646 3650 Act.
2688 3595 2741 3649 6.
2783 3593 3110 3664 Epiphanius
3149 3604 3340 3649 contra
3397 3592 3763 3652 anatheme

1652 3682 1793 3727 tmos
1839 3664 2255 3739 pecuda-synodi
2274 3669 2338 3723 de
2378 3664 2604 3721 Joanne.

562 3779 732 3850 Atqui
766 3777 1031 3849 Joannes,
1079 3782 1174 3852 qui
1220 3782 1291 3838 ab
1329 3782 1411 3837 eis
1454 3783 1639 3853 probri
1701 3784 1824 3839 loco
1850 3782 2071 3841 Mansur

2259 3781 2514 3852 Ἰωάννης
2537 3780 2616 3848 δὲ,
2645 3781 2704 3856 dc
2733 3781 2865 3850 παρ’
2896 3778 3075 3834 αὐτῶν
3114 3777 3448 3847 ὑϐριστικῶς
3487 3780 3762 3856 Mevania?

493 3871 802 3943 appellatus
826 3878 933 3940 est,
950 3872 1178 3944 quique,
1197 3871 1441 3930 dimissis
1458 3874 1737 3941 omnibus,
1758 3873 2071 3931 Matthmum

2177 3871 2635 3943 προσηγόρευται,
2667 3871 2829 3941 ἀφεὶς
2862 3872 3059 3936 πάντα,
3081 3871 3363 3926 Ματθαίον
3387 3872 3479 3926 τδν
3515 3872 3764 3942 εὐαγγε-

492 3960 890 4033 evangelistam
944 3963 1259 4031 amulatus,
1321 3963 1605 4019 Christum
1667 3971 1892 4020 secutus
1945 3970 2071 4028 est,

491 4052 733 4124 majores
764 4053 991 4111 divitias
1014 4055 1315 4111 arbitratus
1346 4055 1611 4111 thesauro
1630 4054 1780 4111 omni
1805 4054 2069 4122 Arabum,

491 4144 851 4214 opprobrium
901 4143 1136 4211 Christi,
1187 4151 1244 4201 et
1292 4145 1460 4215 elegit
1503 4144 1692 4213 petitis
1738 4144 1902 4215 aiiligi
1948 4159 2072 4199 cum

490 4235 653 4305 plebe
679 4233 802 4302 Dei,
837 4249 1006 4305 quam
1042 4234 1403 4305 temporalem
1439 4235 1646 4295 habere
1667 4235 2070 4305 jucunditatem

489 4324 726 4399 peccati.
764 4322 888 4394 ipse
931 4323 1119 4395 itaque
1161 4338 1385 4380 crucem
1422 4339 1581 4381 suam
1614 4332 1669 4381 et
1695 4323 1903 4381 Christi
1940 4339 2071 4396 por-

489 4424 639 4479 tans,
673 4428 913 4484 eumque
936 4424 1181 4481 secutus,
1218 4430 1317 4487 pro
1344 4414 1595 4481 Christo,
1629 4416 1699 4480 ab
1728 4415 1951 4478 Oriente
1976 4431 2074 4487 per

487 4505 773 4561 Christum
804 4505 933 4561 tuba
963 4505 1201 4573 cecinit;
1231 4522 1340 4564 non
1370 4507 1713 4564 tolerabilem
1732 4506 1942 4563 ducens
1973 4521 2072 4561 vo-

488 4610 617 4651 cum
638 4597 942 4654 novitatem
960 4611 1086 4669 qua:
1114 4598 1172 4654 in
1202 4599 1378 4655 aliena
1404 4599 1628 4669 regione
1647 4596 1790 4652 facta
1811 4605 1952 4663 erat,
1974 4611 2073 4652 seu

490 4684 991 4754 prevaricatricem
1041 4687 1354 4756 passionem
1382 4686 1745 4756 rabidamque
1775 4686 2070 4752 insaniam,

489 4790 616 4845 quae
653 4774 924 4833 adversus
977 4782 1227 4832 sanctam
1272 4776 1372 4831 Dei
1405 4776 1737 4839 catholicam
1764 4775 2071 4832 Ecciesiam

490 4873 615 4921 erat
642 4877 874 4923 armata.
919 4866 1030 4922 Sed
1074 4867 1221 4923 hanc
1262 4867 1589 4937 publicatis,
1641 4882 1834 4924 omnes
1875 4868 2073 4924 exhor-

490 4953 665 5012 tando
692 4963 747 5011 et
790 4956 1143 5012 admonendo
1169 4966 1365 5013 cautos
1398 4958 1693 5025 reddebat,
1725 4974 1797 5015 ne
1834 4958 2072 5015 adduce-

2174 3962 2363 4035 λιστὴν
2392 3962 2661 4034 ζηλώσας,
2692 3962 2914 4034 Χριστῷ
2936 3962 3297 4035 ἠκολούθησε,
3325 3963 3552 4034 μείζονα
3582 3963 3763 4028 πλοῦ-

2173 4071 2266 4110 τον
2297 4054 2645 4125 ἡγησάμενος
2674 4053 2780 4107 τῶν
2798 4054 2857 4109 ὲν
2894 4054 3127 4126 Ἀραϐίᾳ
3166 4054 3457 4127 θησαυρῶν
3492 4056 3586 4110 τὸν
3612 4058 3764 4112 ὀνει-

2173 4143 2364 4216 δισμὸν
2397 4143 2491 4200 τοῦ
2519 4145 2782 4217 Χριστοῦ,
2831 4146 2926 4205 καὶ
2984 4146 3160 4205 εῖλετο
3195 4145 3399 4218 μᾶλλον
3440 4164 3763 4217 συγκακου-

2175 4235 2385 4312 χεῖσθαι
2416 4235 2495 4306 τῷ
2518 4235 2633 4307 λαῷ
2663 4235 2756 4289 τοῦ
2781 4235 2939 4302 Θεοῦ,
2964 4236 2998 4308 ἢ
3033 4237 3371 4308 πρόσκαιρον
3396 4237 3543 4309 ἔχειν
3570 4240 3763 4313 ἀμαρο

2173 4324 2297 4387 sia:
2327 4323 2648 4379 ἀπόλαυσιν.
2688 4324 2861 4388 Αὐτὸς
2886 4319 2979 4378 οὖν
3011 4325 3243 4396 σταυρὸν
3279 4326 3476 4380 ἑαυτοῦ
3509 4327 3606 4381 καὶ
3656 4329 3764 4383 τοῦ

2175 4415 2416 4486 Χριστοῦ
2453 4414 2751 4484 ἀράμενος,
2805 4415 2902 4473 καὶ
2953 4416 3327 4487 ἀκολουθήσας
3377 4416 3563 4487 αὐτῷ,
3609 4418 3766 4490 ὑπὲρ

2173 4504 2435 4577 Χριστοῦ,
2468 4506 2560 4559 καὶ
2586 4505 2693 4559 τῶν
2722 4505 2816 4560 τοῦ
2845 4506 3083 4577 Χριστοῦ
3107 4506 3167 4571 ἐξ
3192 4508 3459 4578 ἀνατολῆς
3486 4508 3575 4563 διά
3615 4509 3769 4580 Χρι-

2176 4593 2303 4649 στοῦ
2331 4593 2614 4660 ἐσάλπισε,
2648 4592 2724 4665 μὴ
2754 4594 2995 4665 φορητὴν
3032 4593 3335 4664 ἡγούμενος
3376 4594 3476 4665 τὴν
3508 4594 3568 4646 ὲν
3595 4593 3769 4647 ἀλλοο

2174 4685 2318 4757 δαπῇ
2350 4686 2637 4754 γεγονυῖαν
2683 4685 3046 4754 καινοςρωνιαν
3074 4686 3168 4739 καὶ
3213 4684 3314 4756 τὴν
3348 4684 3495 4739 κατὰ
3523 4685 3623 4753 τῆς
3658 4685 3768 4739 τοῦ

2173 4774 2310 4830 Θεοῦ
2344 4774 2668 4847 Ἐκκλησίας
2689 4775 2928 4847 ἄθεσμον
2951 4776 3223 4849 συσκευὴν
3253 4777 3348 4831 καὶ
3375 4776 3624 4847 λυσσώδη
3658 4795 3779 4848 μα-

2175 4868 2292 4923 νίαν
2308 4884 2322 4899 ·
2346 4867 2485 4921 ἀλλά
2503 4867 2704 4939 ταύτην
2730 4867 3129 4938 θριαμϐεύσας,
3177 4869 3391 4934 πάντας
3440 4888 3781 4941 παραινετι-

2174 4958 2287 5021 κῶς
2339 4956 2433 5011 καὶ
2484 4957 2875 5028 νουθετητικῶς
2924 4960 3276 5029 ἡσφαλίζετο,
3326 4960 3405 5032 μὴ
3435 4960 3777 5033 ἀπαχθῆναι

488 5057 688 5104 rentur
717 5062 843 5103 cum
886 5048 1249 5117 operantibus
1294 5048 1674 5120 iniquitatem;
1724 5064 1975 5120 quaerens
2012 5050 2067 5103 in

2177 5048 2319 5122 μετὰ
2334 5048 2444 5102 τῶν
2461 5048 2840 5119 ἐργαζομένων
2860 5050 2959 5121 τὴν
2982 5051 3234 5121 ἀνομίαν,
3256 5052 3437 5123 ζητῶν
3456 5054 3512 5105 ὲν
3528 5049 3786 5126 Ἐκκλη-

488 5137 759 5195 Ecclesiis
796 5138 1080 5209 antiquam
1126 5139 1526 5212 legislationem
1568 5142 1742 5196 teneri
1792 5148 1848 5197 et
1892 5140 2071 5212 paciﬁ-

2178 5141 2323 5204 σίαις
2369 5139 2469 5212 τὴν
2496 5141 2733 5210 ἀρχαίαν
2764 5141 3122 5212 θεσμοθεσιαν
3152 5144 3494 5215 κρατεῖσθαι,
3527 5143 3628 5199 καὶ
3661 5147 3785 5218 τὴν

400 5297 411 5315 ς
456 5243 613 5292 _cam
670 5230 1126 5288 constitutionem
1154 5274 1169 5300 ,
1228 5249 1390 5305 quam
1445 5232 1720 5290 Dominus
1778 5233 2070 5304 discipulis

2176 5230 2460 5303 εἰρηναίαν
2504 5230 2861 5297 κατάστασιν,
2913 5234 2980 5303 ἢν
3012 5234 3041 5285 ὁ
3072 5232 3278 5305 Κύριος
3321 5238 3436 5297 τοῖς
3488 5232 3793 5305 μαθηταῖς

492 5321 613 5377 suis
641 5328 904 5394 tanquam
938 5323 1159 5395 insigne
1183 5339 1377 5381 eorum
1422 5325 1514 5396 qui
1544 5325 1614 5381 de
1643 5323 1865 5380 nomine
1896 5323 2071 5393 ipsius

2177 5320 2343 5375 αὑτοῦ
2380 5321 2455 5385 ὡς
2488 5321 2778 5393 γνώρισμα
2806 5320 2915 5375 τῶν
2945 5321 3021 5392 τῷ
3056 5323 3282 5393 ὀνόματι
3308 5323 3457 5394 αὐτῷ
3482 5324 3797 5395 κεκλημις

490 5412 875 5483 appellantur,
927 5414 1174 5485 donavit,
1222 5418 1469 5473 dicens:
1518 5416 1714 5472 Pacem
1776 5432 1948 5472 meam
2001 5414 2071 5468 do

2178 5429 2285 5471 νων
2310 5413 2643 5484 ἐδωρήσατο,
2677 5412 2850 5481 λέγων
2874 5430 2887 5443 ·
2916 5415 3183 5483 Εἰρήνην
3226 5416 3341 5485 τὴν
3366 5416 3523 5487 ἐμὴν
3550 5416 3807 5490 δίδωμι

492 5500 658 5568 vobis,
687 5518 871 5571 pacem
898 5520 1068 5561 meam
1093 5507 1326 5577 relinquo
1348 5507 1491 5566 vobis
1524 5509 1591 5563 ⁸⁸.
1624 5506 1721 5569 His
1761 5521 1892 5579 ergo
1916 5521 2071 5576 reve-

2177 5503 2341 5593 ὺμῖν,
2364 5504 2615 5576 ειρήνην
2647 5503 2761 5575 τὴν
2786 5503 2943 5576 ἐμὴν
2972 5505 3183 5578 ἀφίημι
3221 5506 3382 5578 ὑμῖν.
3418 5507 3643 5573 Τούτων
3676 5506 3807 5570 οὖν

564 5666 799 5743 "10am
830 5694 943 5747 xlv.
969 5679 1059 5747 2'1.
