3974 6338
352 259 467 324 505

1443 263 1542 323 DE
1582 265 1642 324 S.
1682 262 1979 326 JOANNE
2024 264 2494 325 DAMASCENO.

3525 262 3633 331 506

352 376 468 427 τῶν
496 372 797 444 αίδεσίμων
859 372 1090 447 ἀνδρῶν,
1144 377 1240 430 καὶ
1288 376 1454 444 ἀξίων
1498 379 1734 443 πίστεως
1779 379 1951 443 οὕτως

2060 376 2239 435 rendis
2274 377 2407 433 viris
2437 384 2492 432 et
2521 374 2623 431 ﬁde
2648 374 2830 447 di‘gnis
2859 372 3041 432 taliter
3070 375 3125 430 in
3151 372 3399 432 Ecclesia
3440 379 3635 436 catho—

355 463 788 534 ἀναδειχθέντων
821 465 881 519 ἐν
907 467 975 536 τῇ
1009 466 1289 538 Καθολικῇ
1338 468 1657 541 Ἐκκλησία,
1691 470 1945 542 (Γερμα-

352 555 450 609 νοῦ
484 558 609 611 ΚΠ.
645 555 925 625 Γεωργίου
972 557 1072 628 τῆς
1107 558 1357 628 Κύπρου,
1410 563 1505 615 καὶ
1562 563 1808 617 Ἰωάννου
1851 562 1945 615 τοῦ

361 646 781 718 Δαμασκηνοῦ),
804 646 890 711 τίς
915 648 948 719 ἡ
974 648 1112 718 πρὸς
1134 648 1332 715 αὐτοὺς
1357 650 1768 721 ἐπαναστατικὴ
1796 670 1950 705 συκο-

357 739 581 809 φαντία,
608 738 703 791 καὶ
728 733 841 792 οἷον
873 739 1311 811 φρικωδεστάτη,
1343 741 1411 812 ἢν
1450 743 1544 796 καὶ
1567 744 1752 813 φέρειν
1782 762 1865 808 τις
1887 745 1947 799 ού

354 831 622 897 δύναται;
659 830 867 893 Ὄντως
901 830 1154 902 ἀγνόημα
1192 833 1469 904 ἠγνόησαν
1507 834 1556 887 οί
1590 834 1948 906 ταλαίπωροι,

356 921 458 990 τὴν
487 921 697 975 οἰκείαν
740 920 994 990 γλῶσσαν
1041 923 1368 995 ἀσχημόνως
1423 926 1948 997 ἀπογυμνώσαντες,

354 1011 646 1084 Γερμανδν
677 1013 767 1068 τὸν
791 1015 1140 1084 μυστηπόλον
1176 1016 1363 1088 θύτην,
1395 1019 1487 1071 καὶ
1514 1019 1665 1088 ἱερέα
1685 1020 1947 1090 Χριστοῦ,

354 1102 633 1175 δίγνωμον
661 1105 754 1158 καὶ
791 1104 1124 1177 ξυλολάτρην
1153 1108 1541 1179 ὀνομάσαντες,
1565 1108 1825 1173 ὡσαύτως
1854 1112 1950 1167 καὶ

354 1193 637 1267 Γεὼργιον
667 1195 761 1250 καὶ
788 1196 1072 1268 Μανσούρ.

2049 470 2152 523 lica
2208 468 2628 532 demonstratis,
2662 482 2787 537 quae
2834 473 2923 522 est
2975 465 3243 522 adversus
3292 481 3390 522 eos
3440 468 3634 539 ingens

2049 559 2353 624 accusatio,
2379 565 2434 613 et
2465 572 2631 627 quam
2670 557 2785 613 haec
2821 566 2907 612 est
2941 556 3239 622 horrenda,
3270 572 3437 627 quam
3466 558 3632 612 etiam

2051 652 2194 709 ferre
2232 651 2359 721 quis
2389 650 2621 705 omnino
2664 665 2775 703 non
2808 649 3051 719 poterit?
3096 647 3234 704 Vere
3264 648 3632 718 ignorantiam

2051 743 2447 815 ignoraverunt
2494 740 2704 805 miseri,
2748 740 3029 810 propriam
3062 739 3306 807 linguam
3341 738 3635 793 inhoneste

2052 836 2417 901 denudantes,
2447 830 2897 901 Germanumque
2939 831 3245 887 antistitem
3296 830 3634 885 sacriﬁcato-

2055 942 2193 992 rem,
2220 935 2276 982 et
2315 925 2658 982 sacerdotem
2689 923 2917 989 Christi,
2943 921 3181 993 duplicis
3209 936 3406 978 sensus
3452 922 3631 976 homi-

2053 1036 2201 1086 nem,
2246 1028 2300 1073 et
2347 1018 2479 1088 ligni
2532 1018 2803 1071 cultorem
2856 1014 3233 1079 nominantes,
3284 1013 3536 1070 similiter
3578 1020 3633 1069 et

2054 1110 2373 1182 Georgium,
2416 1117 2472 1164 et
2503 1107 2750 1173 Mansur,
2780 1114 2889 1162 etc.

1526 1305 1749 1360 Actione
1783 1290 2008 1376 septima
2031 1268 2266 1381 ejusdem
2282 1309 2493 1380 synodi.

432 1410 721 1479 Γερμανοῦ
767 1413 861 1467 τοῦ
907 1414 1222 1486 Ὀρθοδόξου
1252 1416 1510 1488 αίωνίαὴ
1554 1419 1769 1491 μνήμη.

442 1502 692 1558 Ἰωάννου
721 1505 814 1558 καὶ
844 1506 1118 1579 Γεωργίου
1172 1509 1363 1563 αἰωνία
1390 1512 1424 1579 ἡ
1458 1512 1562 1581 μνή
1572 1528 1669 1582 μη.

430 1595 554 1649 Τῶν
579 1598 841 1668 κηρύκων
865 1600 963 1670 τῆς
996 1600 1253 1671 ἀληθείας
1276 1602 1470 1656 αἰωνία
1495 1605 1527 1673 ἡ
1566 1605 1780 1674 μνήμη.

440 1687 507 1740 Ἦ
537 1689 711 1759 Τριὰς
757 1690 885 1753 τοὺς
907 1693 1057 1760 τρεῖς
1088 1691 1362 1759 ἐδόξασεν,
1407 1686 1483 1747 ὧν
1516 1695 1635 1758 ταῖς
1674 1693 1950 1762 διαλογαῖς

354 1779 781 1834 κατακολουθεῖν
807 1780 1196 1852 ἀξιωθείημεν,
1229 1786 1532 1855 οίκτιρμοῖς
1556 1803 1614 1838 τε
1644 1786 1740 1838 καὶ
1767 1785 1948 1856 χάριτι

355 1867 455 1923 τοῦ
478 1868 698 1940 πρώτου
721 1872 815 1926 καὶ
840 1872 1078 1941 μεγάλου
1109 1874 1411 1946 ἀρχιερέως
1431 1873 1667 1946 Χριστοῦ
1694 1873 1790 1928 τοῦ
1809 1874 1947 1928 Θεοῦ

354 1963 393 2028 ἠ
405 1961 541 2031 μῶν,
576 1962 989 2035 πρεσϐευούσης
1027 1965 1131 2035 τῆς
1163 1966 1435 2038 ἀκράντου
1465 1966 1753 2035 δεσποίνης
1786 1965 1946 2036 ἡμῶν

358 2053 463 2122 τῆς
483 2053 645 2122 ἀγίας
674 2054 963 2122 Θεοτόκου,
995 2057 1091 2109 καὶ
1114 2056 1332 2111 πάντων
1353 2056 1463 2111 τῶν
1476 2056 1649 2125 ἁγίων
1664 2071 1679 2087 ·
1711 2056 1945 2125 γένοιτο.

375 2144 571 2215 Ἀμήν.

2126 1421 2385 1478 Germani
2415 1421 2721 1479 Orthodoxi
2745 1428 2951 1479 aaterna
2986 1420 3256 1479 memoria
3296 1420 3391 1477 sit.

2121 1512 2350 1569 Joannis
2370 1522 2428 1569 et
2452 1512 2670 1585 Georgii
2703 1523 2907 1571 aeterna
2938 1513 3204 1569 memoria
3239 1514 3331 1570 sit.

2123 1604 2550 1660 Praedicatorum
2580 1606 2854 1670 veritatis,
2889 1614 3097 1662 aeterna
3134 1605 3396 1662 memoria
3430 1605 3521 1661 sit.

2130 1695 2374 1751 Trinitas
2422 1706 2534 1752 tres
2584 1696 2928 1759 clariﬁcavit,
2954 1711 3189 1765 quorum
3228 1695 3630 1765 disputationes

2055 1784 2211 1854 sequi
2256 1797 2588 1850 mereamur,
2622 1784 3071 1840 miserationibus
3097 1793 3152 1839 et
3178 1783 3351 1854 gratia
3388 1783 3550 1855 primi
3574 1791 3630 1837 et

2052 1876 2235 1946 magni
2278 1876 2557 1945 pontiﬁcis
2587 1875 2825 1949 [XXXII]
2859 1876 3063 1932 Christi
3098 1876 3191 1931 Dei
3229 1875 3426 1940 nostri,
3456 1874 3631 1930 inter-

2050 1966 2278 2021 cedente
2307 1966 2883 2022 intemerataDomina
2914 1975 3103 2023 nostra
3125 1975 3316 2021 sancta
3342 1964 3436 2021 Dei
3467 1965 3633 2021 Geni-

2048 2059 2207 2122 trice,
2237 2068 2294 2115 et
2322 2060 2579 2116 omnibus
2610 2060 2820 2117 sanctis
2850 2078 2863 2115 :
2901 2060 3014 2114 ﬁat.
3045 2058 3239 2115 Amen.

365 2264 666 2335 Stephanus
703 2269 991 2324 monachus
1027 2268 1359 2340 Byzantinus
1399 2279 1586 2325 auctor
1624 2270 1758 2325 Vita:
1789 2269 2140 2394 S..S’tephani
2165 2272 2404 2411 junioris
2432 2274 2704 2343 martyris,
2740 2272 3066 2341 Stephanum
3095 2270 3159 2327 de
3186 2270 3394 2327 Joanne
3430 2269 3631 2323 Dama-

1639 2357 1796 2395 sceno
1820 2357 1896 2396 stc
1943 2354 2156 2397 oculum
2187 2359 2243 2395 re
2270 2351 2370 2396 ert.

1639 2357 1796 2395 scena
1820 2351 1896 2396 sic
1920 2351 2156 2397 locutum
2187 2351 2370 2397 refert.

448 2455 537 2510 Ἐν
568 2450 650 2520 οἷς
669 2459 763 2511 καὶ
787 2458 815 2511 6
840 2456 1191 2526 τιμιώτατος,
1230 2454 1325 2509 καὶ
1349 2455 1658 2525 σοφώτατος
1694 2455 1948 2527 Ἰωάννης

362 2548 394 2601 ὁ
426 2548 784 2620 Δαμασκηνὸς
834 2546 1225 2619 πρεσϐύτερος,
1280 2550 1308 2599 6
1353 2547 1506 2619 παρά
1534 2547 1627 2601 τοῦ
1679 2548 1947 2618 τυράννου

363 2638 555 2694 τούτου
600 2638 863 2708 Μανσοῦρ
916 2636 1335 2708 ἐπονομασθεὶς,
1367 2639 1496 2708 παρ’
1524 2639 1657 2709 ἡμῖν
1709 2636 1766 2691 δέ
1802 2639 1948 2701 ὅσιος

366 2729 462 2785 καὶ
488 2729 765 2801 θεοφόρος,
789 2730 888 2783 οὐκ
929 2728 1211 2783 ἐπαύσατο
1237 2729 1332 2782 τοῦ
1381 2730 1612 2801 γράφειν
1646 2729 1817 2799 αὐτῷ,
1854 2728 1947 2781 καὶ

362 2822 663 2876 ἀποκαλεῖν
712 2820 998 2893 ἐρεσχελῖμ
1032 2822 1124 2875 καὶ
1180 2821 1405 2892 Μάμεθ,
1433 2819 1856 2891 εἰκονοκαύστην
1885 2838 1944 2872 τε

363 2911 462 2966 καὶ
493 2911 773 2980 μισάγιον·
806 2909 903 2961 καὶ
944 2911 1071 2973 τοὺς
1113 2909 1206 2962 ὑπ’
1234 2909 1396 2964 αὑτὸν
1439 2910 1790 2974 ἐπισκόπους,
1823 2912 1944 2961 ἐπι-

2122 2457 2269 2513 Inter
2296 2471 2436 2527 quas
2460 2458 2623 2512 etiam
2664 2455 3126 2511 honoratissimus
3169 2465 3225 2510 et
3277 2453 3632 2524 sapientissi-

2050 2563 2173 2603 mus
2204 2547 2442 2604 Joannes
2488 2548 2860 2602 Damascenus
2889 2548 3182 2618 presbyter
3214 2544 3399 2615 (quem
3432 2544 3520 2599 hic
3550 2555 3633 2614 ty-

2049 2655 2260 2694 rannus
2304 2638 2528 2693 Mansur
2552 2643 2821 2701 nominat,
2875 2653 2978 2693 nos
3035 2644 3217 2691 autem
3277 2644 3527 2691 sanctum
3578 2641 3634 2689 et

2050 2728 2319 2784 deiferum
2345 2730 2708 2799 appellamus)
2751 2729 2926 2785 eidem
2958 2729 3223 2793 scribere,
3257 2741 3493 2795 eumque
3525 2726 3635 2780 ha:-

2050 2820 2283 2875 reticum
2337 2821 2711 2883 blateronem,
2773 2819 3067 2883 Mahomet,
3121 2818 3529 2874 lconocaustam
3579 2825 3636 2871 et

2051 2920 2369 2965 sanctorum
2396 2912 2610 2965 hostem
2643 2926 2965 2981 nuncupare
2997 2927 3102 2965 non
3135 2912 3349 2965 destitit
3376 2930 3389 2964 :
3455 2909 3633 2977 subje-

365 2973 614 3063 σκότους,
640 2973 1037 3062 κοιλιοδούλους
1074 3015 1135 3052 τε
1165 3000 1262 3053 καὶ
1300 2998 1712 3070 γαστρόφρονας
1741 3014 1756 3030 ·
1792 2999 1945 3069 μάλι-
1972 2996 1974 3013 ⁴

2060 3011 2169 3057 ratos
2190 3016 2320 3058 vero
2354 3003 2459 3071 ipsi
2486 3003 2803 3073 episcopos,
2822 3002 3173 3064 ἐπισκότονδς,
3205 3001 3256 3054 id
3280 3009 3365 3055 est
3396 2999 3635 3054 tenebri-

364 3109 473 3146 στα
489 3092 615 3154 τοὺς
631 3091 1062 3163 ίπποδρομικοὺς
1083 3092 1416 3160 φιλάγωνας,
1438 3092 1534 3143 καὶ
1549 3090 1946 3159 φιλοθεάμονάς

2060 3108 2213 3148 :osos
2240 3132 2255 3157 ,
2304 3094 2516 3149 ventris
2563 3095 2833 3163 mancipia
2868 3101 2923 3148 et
2959 3093 3245 3147 helluones
3279 3092 3536 3146 vocabat.
3574 3091 3632 3143 ln

361 3182 641 3238 Παστιλᾶν
683 3185 777 3237 καὶ
823 3183 1193 3254 Τρικάκαϐον,
1243 3184 1339 3237 καὶ
1383 3182 1713 3252 Νικολαττην
1742 3200 1803 3235 τε
1850 3184 1946 3236 καὶ

2060 3179 2243 3248 primis
2282 3196 2413 3235 vero
2443 3182 2720 3238 circorum
2768 3191 2820 3238 et
2871 3183 3311 3253 spectaculorum
3362 3189 3634 3234 amatores

362 3270 719 3344 φιλοδαίμονα
734 3273 1081 3345 Ἀρτζύπιον,
1104 3273 1179 3335 ὼς
1201 3273 1357 3336 νέους
1390 3271 1577 3343 Ὤρὴϐ,
1604 3272 1738 3342 Ζὴϐ,
1760 3272 1945 3336 Ζεϐεὲ,

2060 3269 2306 3327 Pastilam
2334 3280 2389 3327 et
2417 3272 2803 3337 Tricacabum,
2852 3272 3173 3329 Nieolaitam
3229 3282 3284 3329 et
3325 3272 3632 3327 daemonum

362 3366 463 3419 καὶ
494 3364 825 3435 Σαλμανάαν
850 3383 934 3432 τε,
976 3366 1073 3419 καὶ
1101 3365 1302 3428 Δαθάν,
1340 3365 1436 3417 καὶ
1462 3364 1588 3427 τοὺς
1618 3363 1714 3417 ὑπ’
1738 3364 1943 3427 αὐτοὺς

2060 3363 2286 3419 unicum
2340 3365 2655 3435 Atzypium,
2707 3380 2879 3420 novos
2917 3364 3092 3430 Oreb,
3144 3364 3275 3428 Zeb,
3334 3363 3531 3426 Zebee,
3577 3368 3635 3416 et

361 3457 439 3520 ὡς
468 3457 569 3527 τὴν
592 3456 913 3529 συναγωγὴν
959 3456 1220 3527 Ἀϐειρὼν
1248 3454 1610 3509 ἀπεκάλεσεν.

2060 3454 2325 3519 Salmana,
2359 3467 2414 3511 et
2445 3455 2679 3518 Dathan,
2713 3456 2910 3525 hisque
2950 3456 3230 3511 subditam
3259 3455 3471 3523 plebem
3499 3467 3633 3507 con-

2052 3547 2426 3616 gregationem
2459 3546 2665 3602 Abiron
2694 3546 3032 3601 nominabat.

578 3662 909 3731 Nicephorus
943 3658 1566 3727 Constantinopolitanus
1594 3658 1647 3712 in
1681 3658 1930 3723 historia,
1966 3660 2056 3714 ubi
2088 3661 2152 3716 de
2180 3660 2536 3716 conciliabula
2557 3660 2901 3716 Constantini
2919 3658 3243 3730 Copronymi
3273 3660 3405 3729 imp.
3488 3644 3521 3677 ”

436 3757 603 3827 Ὦρον
631 3756 689 3809 δὲ
718 3756 955 3817 πίστεως
991 3751 1321 3819 ἐκτίθενται,
1361 3752 1418 3805 ἐν
1449 3744 1493 3820 ᾧ
1529 3752 1952 3823 ύπεσημήναντο

2116 3753 2170 3811 In
2196 3770 2260 3811 eo
2295 3756 2664 3810 conciliabulo
2696 3755 2820 3810 ﬁdei
2855 3769 3121 3810 canonem
3166 3753 3532 3809 condiderunt
3567 3755 3635 3812 de

362 3847 625 3911 ἀπαντες,
657 3844 844 3907 κακῶς
878 3843 974 3897 καὶ
997 3842 1274 3904 δυσσεϐῶς
1308 3841 1816 3911 συμφρονήσαντες,
1849 3840 1950 3912 τὴν

2060 3848 2222 3903 tavris
2248 3848 2583 3917 imaginibus
2614 3848 2949 3909 evertendis,
2980 3847 3070 3902 cui
3094 3847 3161 3902 ab
3188 3846 3444 3902 omnibus
3468 3847 3634 3918 impio

360 3940 472 3992 τῶν
531 3936 691 4008 ἱερῶν
720 3935 1123 4006 είκονισμάτων
1156 3933 1479 4003 καθαίρεσιν
1509 3932 1946 4003 ἐκφωνήσαντες.

2060 3956 2320 4011 :onsensu
2353 3955 2417 3996 ac
2451 3940 2662 3996 nefario
2683 3941 3058 4012 subscriptum
3088 3948 3203 4005 est,
3232 3957 3419 4012 eaeque
3447 3942 3634 4012 pueri-

359 4028 475 4083 Καὶ
504 4027 695 4098 ὥσπερ
724 4025 1014 4096 νηπιωδῶς
1053 4024 1141 4079 ἐπ’
1185 4025 1396 4097 ἀγορᾶς
1422 4022 1595 4079 ταῦτα
1622 4023 1951 4094 ἀνεθεμάτι-

2065 4031 2166 4085 iter
2214 4030 2267 4084 in
2309 4029 2431 4086 foro
2479 4030 2826 4086 anathemate
2881 4029 3178 4084 damnatas.
3229 4028 3430 4085 Eadem
3471 4039 3524 4083 et
3579 4029 3634 4083 in

360 4123 476 4191 ζον.
508 4121 645 4187 Μεθ’
670 4114 733 4177 οὗ
766 4120 862 4175 καὶ
893 4117 1174 4190 Γερμανὸν
1221 4118 1313 4171 τὸν
1342 4117 1606 4190 ἀρχιερέα
1652 4115 1946 4180 Βυζαντίου

2060 4119 2374 4177 3ermanum
2413 4118 3087 4190 Constantinopolitanum
3135 4118 3504 4190 patriarcham
3547 4118 3635 4172 die

359 4214 646 4284 γεγονότα,
694 4210 973 4282 Γεώργιόν
1025 4226 1086 4264 τε
1135 4208 1228 4263 τὸν
1264 4209 1330 4265 ἐκ
1362 4208 1595 4280 Κύπρου
1644 4208 1746 4279 τῆς
1777 4208 1943 4278 νήσου

2060 4219 2136 4269 cta
2165 4213 2435 4269 sententia
2465 4221 2573 4277 est,
2601 4220 2657 4268 et
2676 4211 2972 4281 Georgium
2997 4210 3258 4282 Cyprium
3289 4218 3341 4268 et
3366 4208 3633 4265 Joannem

357 4305 704 4377 ὁρμώμενον,
750 4302 845 4356 καὶ
885 4301 1137 4371 Ἰωάννην
1187 4299 1279 4354 τὸν
1308 4298 1416 4359 ἀπὸ
1448 4298 1815 4371 Δαμασκηνοῦ
1847 4298 1945 4370 τῆς

2060 4301 2454 4358 Damascenum
2488 4309 2855 4372 cognomento
2887 4300 3131 4357 Mansur.

358 4396 585 4474 Συρίας,
616 4395 678 4449 τὸ
696 4392 929 4464 ἐπικλῆν
950 4391 1236 4464 Μανσούρ,
1980 4391 2025 4446 D

1072 4506 1407 4574 Theophanes
1446 4508 1503 4561 in
1533 4506 1975 4579 Chronographia
2019 4474 2089 4562 ad
2130 4522 2329 4561 annum
2373 4506 2440 4561 15
2475 4504 2666 4561 Leonis
2708 4503 2915 4560 Isauri.

441 4627 532 4680 Ἐν
581 4625 642 4679 δὲ
689 4625 754 4697 τῇ
786 4624 927 4678 κατὰ
963 4624 1166 4695 Συρίαν
1214 4623 1560 4695 Δαμασκηνῷ
1610 4626 1863 4696 Ἰωάννης
1912 4628 1942 4680 6

350 4716 721 4791 Χρυσορῤόας
752 4714 1128 4787 πρεσϐύτερος
1171 4714 1265 4767 καὶ
1310 4715 1563 4785 μοναχὸς,
1603 4715 1632 4768 6
1667 4715 1760 4770 τοῦ
1790 4718 1943 4771 Μαν-

284 4854 295 4866 .
351 4812 511 4879 σοὺρ,
565 4808 885 4871 διδάσκαλος
929 4807 1171 4879 ἄριστος,
1203 4805 1294 4857 καὶ
1336 4805 1469 4875 βίῳ,
1501 4805 1597 4859 καὶ
1627 4806 1772 4879 λόγῳ
1807 4823 1941 4878 προ-

346 4901 621 4972 έλαμψεν.

2119 4624 2259 4679 Tum
2295 4638 2428 4680 vero
2450 4623 2703 4679 Damasci
2732 4621 2909 4693 Syria:
2931 4621 3172 4677 Joannes
3194 4618 3633 4690 Chrysorrlioas,

2047 4711 2273 4769 Mansur
2296 4713 2463 4779 ﬁlius,
2488 4714 2683 4769 doctor
2703 4712 2977 4784 egregius,
3000 4711 3300 4767 sanctitate
3333 4710 3458 4765 vitte
3482 4724 3639 4779 mque

2049 4820 2111 4862 ac
2144 4806 2393 4862 doctrina
2428 4804 2686 4877 fulgebat.

1170 5012 1307 5069 Item
1340 5013 1409 5067 ad
1446 5028 1646 5066 annum
1683 5011 1750 5068 l9
1779 5010 1992 5081 Leonis,
2035 5014 2126 5069 ubi
2165 5015 2229 5069 de
2265 4980 2814 5084 PetrJMajumensi.

423 5130 629 5184 Τοῦτον
667 5129 963 5201 ἐγκωμίοις
985 5127 1159 5196 λόγων
1181 5127 1477 5199 τετίμηκεν
1517 5129 1544 5180 6
1577 5126 1721 5191 ὅσιος
1758 5126 1941 5198 πατὴρ

347 5224 515 5294 ἡμῶν
548 5223 825 5294 Ἰωάννης,
855 5222 884 5274 ὁ
918 5221 1100 5285 καλῶς
1130 5221 1447 5292 ἐπικληθεὶς
1470 5222 1829 5292 Χρυσορρόας
1852 5221 1941 5275 διὰ

345 5314 452 5384 τὴν
481 5314 823 5369 ἐπανθοῦσαν
856 5312 1006 5385 αὐτῷ
1034 5312 1129 5365 τοῦ
1161 5313 1473 5383 πνεύματος
1506 5312 1563 5365 ἕν
1591 5330 1649 5365 τε
1683 5312 1823 5383 λόγῳ
1847 5313 1941 5366 καὶ

351 5407 459 5476 βίῳ
486 5406 775 5477 χρυσαυγῆ
806 5406 986 5477 χάριν,
1023 5404 1083 5457 ὃν
1114 5405 1142 5456 6
1186 5406 1596 5467 Κωνσταντῖνος
1617 5406 1647 5457 6
1675 5403 1940 5475 δυσσεϐὴς

351 5497 613 5569 βασιλεὺς
664 5497 868 5568 ἐτησίῳ
930 5494 1314 5552 καθυπέϐαλεν
1356 5495 1683 5567 ἀναθέματι,
1726 5496 1812 5549 διὰ
1843 5496 1939 5566 τὴν

349 5587 806 5660 ὑπερϐάλλουσαν
834 5588 894 5641 ἐν
921 5587 1073 5658 αὐτῷ
1092 5586 1421 5658 ὁρθοδοξίαν,
1454 5587 1549 5640 καὶ
1574 5586 1694 5640 ἀντὶ
1728 5604 1944 5641 παππιο

359 5678 461 5751 κοῦ
506 5679 769 5761 ὀνόματος
790 5679 955 5736 αὐτοῦ
982 5681 1262 5753 Μανσοὺρ,
1290 5679 1318 5734 ὃ
1358 5678 1719 5751 ἑρμηνεύεται
1748 5683 1933 5736 λελυ-

2117 5130 2279 5184 Hunc
2333 5144 2648 5184 sermonum
2708 5128 2976 5185 encomiis
3034 5126 3343 5186 honestavit
3401 5133 3626 5184 sanctas

2047 5220 2206 5275 Pater
2254 5227 2442 5275 noster
2486 5217 2748 5281 Joannes,
2787 5219 2877 5289 qui
2924 5219 3027 5273 rite
3075 5216 3494 5288 cognominatus
3540 5226 3626 5271 est

2047 5309 2461 5383 Clirysorrhoas
2513 5320 2737 5381 propter
2786 5310 3163 5367 ﬂorescentem
3216 5310 3269 5363 in
3327 5309 3468 5378 ipso,
3512 5316 3627 5363 tam

2045 5405 2227 5475 quoad
2276 5404 2607 5467 doctrinam,
2676 5419 2842 5474 quam
2909 5416 3096 5457 mores
3136 5401 3256 5455 auri
3309 5402 3483 5457 instar
3526 5402 3629 5456 mi-

2048 5504 2262 5551 cantem
2315 5495 2543 5565 spiritus
2590 5496 2842 5566 gratiam.
2879 5493 3051 5560 Quem
3091 5492 3487 5548 Constantinus
3526 5494 3627 5548 im-

2047 5587 2171 5657 pius
2241 5587 2539 5658 imperator
2610 5600 2795 5642 annuo
2871 5585 3231 5641 submittebat
3291 5583 3626 5638 anathemati

2045 5685 2266 5759 propter
2313 5678 2570 5737 eximiam
2604 5678 2725 5749 ejus
2782 5679 2850 5736 de
2890 5684 3039 5735 recta
3084 5677 3190 5734 lidc
3234 5673 3597 5742 sententiam;
