3974 6338
337 273 443 337 507

1514 267 1882 330 VETERUM
1917 269 2386 332 TESTIMONIA

3516 265 3634 330 508

337 397 463 438 cum
511 387 676 436 aucto
718 377 938 435 nomine
982 375 1205 432 Mansur
1233 374 1628 447 appellaretur,
1661 378 1809 448 quod
1836 394 1920 432 re-

2061 379 2340 447 ρωμένος,
2379 351 2674 448 Μανζηρδν
2714 373 2994 446 Ἰουδαϊκῷ
3025 375 3336 448 φρονήματι
3389 393 3616 449 μετονο-

334 471 606 538 demptum
636 465 934 538 signiﬁcat,
970 463 1201 520 Judaico
1226 463 1414 520 animo
1439 463 1752 522 Manserum
1781 466 1932 520 voci-

335 569 438 622 tat,
480 574 683 612 novum
713 571 828 612 sua
859 556 1050 612 aetatis
1089 565 1514 627 praeceptorem.

2039 471 2238 540 μάσας,
2277 469 2368 524 τὸν
2389 471 2508 524 νέον
2543 469 2644 540 τῆς
2672 467 2889 540 ἡλικίας
2922 467 3262 524 διδάσκαλον.

339 695 660 751 Anastasius
695 694 1137 751 Bibliothecarius
1163 695 1492 766 Theophanis
1514 699 1787 820 interpr-ei
1808 697 1962 779 ambo
1996 694 2201 818 is}:
2221 692 2432 748 Joanne
2453 689 2789 746 Damasceno
2814 689 3120 746 testimonia
3150 688 3221 744 ad
3253 689 3390 744 hunc
3413 689 3630 747 modum

1669 777 1672 780 '
1793 779 1939 820 atme
1966 784 2022 820 re
2100 783 2114 819 ι
2159 781 2221 818 ι.

1669 777 1672 780 ’
1743 777 1939 822 Latine
1966 777 2221 821 τεααιαιι.

413 882 587 938 Porro
623 883 678 938 in
713 883 872 954 Syria
912 899 1078 954 penes
1120 884 1444 942 Damascum
1493 885 1738 942 Joannes
1797 902 1927 957 pre-

341 975 530 1047 sbyter
582 983 636 1030 et
696 975 1020 1040 monachus,
1070 987 1433 1046 cognomento
1490 975 1928 1048 Chrysorrhoas,

343 1065 571 1120 llansur
625 1063 796 1129 ﬁlius,
857 1064 1052 1120 doctor
1112 1067 1398 1136 optimus,
1469 1065 1579 1120 vita
1639 1073 1694 1121 et
1759 1066 1930 1120 verbo

345 1153 647 1227 praefulsit.

417 1249 576 1303 Hunc
617 1247 1110 1304 declamationibus
1141 1263 1457 1304 sermonum
1503 1248 1681 1304 oravit
1710 1255 1936 1304 sanctus

349 1349 538 1397 noster
555 1338 819 1405 Joannes,
849 1342 941 1410 qui
965 1340 1934 1414 cognominatusestChrysorrhoas,

350 1441 575 1503 propter
605 1447 828 1486 auream
857 1441 912 1486 et
941 1430 1204 1503 fulgidam
1238 1432 1468 1502 spiritus
1496 1433 1731 1503 gratiam
1759 1472 1774 1496 ,
1811 1447 1936 1502 qua:

352 1520 407 1575 in
449 1522 588 1590 ipso,
636 1530 749 1576 tam
787 1523 989 1589 verbo,
1039 1508 1214 1592 quam.
1251 1524 1309 1578 in
1342 1524 1468 1577 vitae
1517 1531 1645 1577 actu
1707 1521 1934 1577 ﬂoruit:

349 1625 512 1680 quem
537 1611 790 1668 videlicet
803 1613 1202 1670 Constantinus
1220 1614 1422 1684 impius
1439 1616 1742 1685 imperator
1757 1627 1939 1668 annuo

2029 892 2256 956 propter
2281 869 2630 937 ~eminentem
2684 879 3068 935 orthodoxiam
3121 877 3242 949 ejus
3289 876 3632 933 anathemati

2028 973 2412 1036 submittebat,
2435 979 2490 1027 et
2540 986 2642 1042 pro
2671 970 2923 1035 Mansur,
2959 968 3108 1040 quod
3133 969 3256 1040 ejus
3285 970 3490 1024 avitum
3527 985 3628 1026 no.-

2033 1084 2156 1124 men
2198 1075 2319 1130 est,
2358 1064 2619 1135 quodque
2652 1063 2952 1134 redemptus
2988 1063 3390 1133 interpretatur
3413 1101 3429 1126 ,
3461 1075 3631 1116 sensu

2031 1159 2265 1216 Judaico
2313 1173 2532 1213 .novum
2603 1154 2866 1211 Ecclesiae
2923 1155 3251 1227 magistrum
3316 1151 3631 1208 Mauserum

2037 1260 2250 1306 mutato
2291 1250 2515 1304 nomine
2545 1247 2850 1304 vocitabat.

2120 1335 2249 1397 Haec
2273 1340 2477 1404 eadem,
2503 1348 2560 1392 ut
2591 1348 2808 1402 cwtera,
2839 1352 2907 1392 ex
2935 1338 3213 1392 Anastasii
3232 1335 3634 1392 Bibliothecarii

2045 1433 2400 1488 translatione
2430 1446 2649 1502 operum
2681 1419 3021 1499 TlteOphanis
3059 1428 3215 1484 habet
3249 1427 3452 1482 Paulus
3496 1424 3632 1481 Dia-

2044 1539 2206 1578 conus
2235 1523 2290 1576 in
2325 1519 2574 1576 Historia
2605 1517 2867 1573 miseella.

1011 1737 1246 1795 Joannes
1280 1739 1523 1797 Zonaras
1563 1742 1659 1797 lib.
1697 1739 1824 1808 XV,
1855 1738 1882 1812 §
1916 1738 1972 1805 6,
2003 1737 2094 1794 ubi
2127 1737 2192 1792 de
2225 1733 2584 1790 conciliabula
2619 1732 2962 1803 Copronymi.

419 1851 551 1909 Post
591 1867 800 1922 paucos
842 1853 962 1912 dies
991 1862 1261 1928 tyrannus
1305 1856 1363 1912 in
1403 1855 1584 1913 lorum
1617 1858 1768 1914 venit
1801 1872 1928 1913 cum

2101 1852 2214 1906 Καὶ
2249 1850 2366 1922 μετ’
2401 1847 2589 1918 ὀλίγας
2620 1847 2837 1920 ἡμέρας
2883 1848 2943 1900 ἐν
2991 1843 3069 1915 τῷ
3098 1842 3271 1915 Φώριρ
3313 1844 3629 1916 παραγενό-

352 1941 670 2012 patriarcha
700 1957 804 1998 suo
834 1954 888 2000 et
911 1948 1282 2004 sectatoribus
1305 1949 1608 2020 epiSCOpis,
1633 1949 1727 2020 qui
1751 1963 1938 2004 coram

352 2033 501 2087 omni
529 2033 728 2104 populo
744 2038 1179 2104 venerandarum
1201 2039 1504 2110 imaginum
1527 2040 1940 2096 venerationem

354 2123 776 2192 interdixerunt,
810 2128 1120 2187 idololatris
1159 2131 1270 2187 illis
1292 2132 1577 2202 appellatis
1607 2133 1703 2202 qui
1719 2147 1814 2188 eas
1844 2147 1940 2187 co-

355 2218 532 2274 lcrcnt
563 2236 578 2272 :
616 2228 671 2274 et
705 2222 1055 2278 anathemate
1100 2231 1360 2278 notarunt
1405 2224 1674 2294 inclytum
1713 2222 1943 2278 Germa-

356 2323 512 2375 num,
533 2308 628 2379 qui
657 2308 1306 2383 Constantinopolitanus
1327 2313 1640 2383 patriarcha
1667 2312 1865 2379 fuerat,
1891 2320 1947 2368 et

355 2395 655 2468 Georgium
701 2397 988 2470 Cyprium,
1050 2407 1105 2456 et
1151 2399 1404 2456 doctrina
1453 2401 1766 2472 virtuteque
1821 2416 1939 2475 mag-

358 2501 525 2558 gnum
575 2485 840 2543 Joannem
878 2488 1322 2557 Damascenum,
1373 2493 1466 2564 qui
1515 2491 1661 2548 hunc
1709 2491 1802 2548 Dei
1847 2493 1943 2548 ho-

358 2586 499 2632 stem
535 2585 590 2633 et
627 2585 838 2648 patrem
894 2581 1016 2651 ejus
1059 2596 1156 2652 per
1185 2581 1402 2638 litteras
1452 2598 1597 2654 saepe
1646 2583 1942 2655 impietatis

359 2669 562 2740 arguit.

2041 1959 2200 2014 μενος
2229 1944 2257 1996 6
2276 1941 2541 2012 τύραννος
2571 1932 2729 2002 οὗτος
2775 1937 2918 2008 μετὰ
2942 1935 3036 1991 τοῦ
3065 1935 3406 2008 πατριάρχου
3440 1937 3630 1998 αὐτοῦ,

2036 2037 2131 2089 καὶ
2156 2034 2266 2088 τῶν
2294 2031 2827 2104 όμογνωμονούντων
2851 2027 3002 2100 αὐτῷ
3026 2028 3366 2092 ἐπισκόπων,
3395 2027 3627 2081 ἐνώπιον

2039 2126 2240 2190 παντὸς
2259 2126 2353 2180 τοῦ
2387 2126 2519 2179 λαοῦ
2551 2124 2648 2195 τὴν
2668 2122 2776 2177 τῶν
2803 2121 3020 2175 σεπτῶν
3057 2121 3287 2174 εἰκόνων
3325 2118 3630 2190 προσκύνη-

2041 2237 2127 2275 σιν
2156 2219 2566 2291 ἀπηγόρευσαν,
2593 2215 2991 2287 εἰδωλολάτρας
3019 2214 3146 2278 τοὺς
3166 2211 3371 2277 ταύτας
3401 2213 3629 2283 σεϐομέ-

2041 2326 2167 2374 νους
2196 2309 2552 2373 καλέσαντες,
2586 2305 2682 2360 καὶ
2711 2304 3016 2376 άναθέματι
3045 2303 3431 2359 καθυπὲὄαλον
3456 2303 3548 2356 τόν
3570 2319 3628 2355 τε

2042 2404 2285 2476 ἀοίδιμον
2320 2400 2624 2473 Γερμανδν,
2681 2399 3026 2471 πατριάρχην
3069 2397 3173 2468 τῆς
3217 2396 3627 2450 Κωνσταντίνου

2043 2495 2357 2567 γενόμενον,
2381 2494 2475 2548 καὶ
2497 2492 2590 2546 τὸν
2615 2493 2680 2546 ἐκ
2709 2491 2941 2563 Κύπρου
2969 2489 3264 2560 Γεὼργιον,
3295 2486 3503 2540 καὶτὸν
3528 2487 3628 2556 μέν

2043 2603 2147 2656 γαν
2181 2585 2274 2640 ἐπὶ
2307 2584 2473 2655 σοφίᾳ
2497 2583 2590 2638 καὶ
2623 2582 2796 2656 ἀρετῇ
2839 2582 3095 2652 Ἰωάννην
3117 2580 3210 2634 τὸν
3243 2577 3629 2648 Δαμασκηνὸν,

2045 2676 2107 2742 ὃς
2139 2677 2403 2740 πολλάκις
2426 2675 2516 2729 τὸν
2543 2675 2812 2746 θεομάχον
2837 2671 3034 2745 ἤλεγξε
3068 2670 3258 2726 τοῦτον
3286 2671 3383 2726 καὶ
3421 2667 3514 2723 τδν
3541 2667 3633 2722 αύ-

2049 2768 2147 2824 τοῦ
2179 2767 2393 2841 πατέρα
2423 2767 2491 2820 δι’
2524 2765 2825 2820 ἐπιστολῶν
2857 2764 3096 2819 ἀσεϐεῖν.

892 2872 1160 2929 Cedrenus
1199 2872 1257 2928 in
1295 2873 1606 2943 compendio
1655 2874 2008 2931 historiarum
2049 2878 2120 2933 ad
2157 2894 2356 2934 annum
2387 2878 2648 2933 decimum
2678 2875 2869 2932 Leonis
2903 2874 3106 2931 Isauri.

433 2992 688 3047 Damasci
739 2992 916 3064 Syria
947 2993 1054 3048 l'nit
1101 2991 1346 3050 Joannes
1383 2994 1690 3050 monachus
1731 3002 1788 3051 et
1821 3010 1946 3066 pre-

363 3085 555 3155 sbyter
577 3081 995 3153 Chrysorrhoas
1021 3089 1413 3154 cognomento,
1459 3081 1738 3141 Mansuris
1777 3085 1946 3151 ﬁlius,

2135 2997 2224 3051 ‘Ev
2251 2997 2308 3050 δὲ
2333 2999 2400 3068 τῇ
2423 2995 2566 3051 κατὰ
2589 2993 2791 3066 Συρίαν
2811 2992 3090 3065 Δαμασκῷ
3127 2993 3381 3061 Ἰωάννης
3403 2990 3636 3062 μοναχδς

2052 3087 2148 3142 καὶ
2192 3085 2570 3157 πρεσϐύτερος
2610 3086 2642 3138 6
2690 3083 3074 3156 Χρυσορῤόας,
3113 3084 3142 3137 6
3177 3081 3274 3136 τοῦ
3301 3082 3577 3153 Μανσοὺρ,
3608 3080 3639 3134 6

363 3172 512 3243 quod
560 3171 753 3228 Graece
803 3179 965 3228 sonat
997 3170 1352 3238 Lentrabum,
1392 3187 1557 3244 quem
1609 3173 1814 3246 impius
1852 3175 1944 3231 Ju-

2061 3178 2414 3248 ἑρμηνεύεται
2457 3175 2828 3244 Λέντραϐος,
2861 3176 3031 3247 ὅνπερ
3051 3175 3081 3227 6
3115 3171 3384 3243 δυσσεϐὴς
3408 3169 3640 3241 Μανξὴρ

365 3264 529 3320 daico
583 3279 750 3320 sensu
813 3262 1126 3320 Manzerum
1198 3263 1511 3334 appellavit.
1571 3263 1672 3322 Hic
1720 3275 1955 3323 sanctus

363 3353 608 3411 Joannes
637 3368 749 3410 una
793 3369 918 3410 cum
954 3353 1158 3410 Cosma
1205 3352 1530 3424 Majumensi
1575 3355 1860 3427 episcopo,
1899 3363 1957 3412 et

367 3443 722 3514 Theophane,
749 3443 922 3502 fratre
946 3442 1594 3516 TbeodoriGraptorum,
1619 3445 1818 3502 melodi
1843 3446 1958 3502 sive

367 3544 625 3592 cantores
655 3542 788 3591 sunt
819 3533 1184 3604 agnominati,
1227 3549 1294 3590 eo
1327 3535 1476 3605 quod
1518 3535 1774 3593 melodiis
1805 3550 1958 3592 com-

371 3626 791 3697 prehendissent
860 3641 956 3682 eas
1005 3626 1317 3682 cantilenas
1373 3641 1496 3697 quae
1567 3626 1622 3680 in
1696 3626 1954 3683 ecclesiis

368 3718 812 3774 Christianorum
855 3725 1155 3773 canuntur.
1201 3715 1334 3771 Erat
1385 3716 1531 3772 enim
1579 3726 1810 3774 sanctus
1862 3717 1956 3773 hic

368 3805 609 3864 Joannes
665 3815 721 3863 ct
768 3807 878 3862 vita
930 3813 986 3863 et
1036 3820 1292 3862 sermone
1350 3805 1613 3877 magister
1668 3806 1949 3877 optimus,

367 3901 518 3964 oximi
544 3899 733 3956 .divina
759 3899 1112 3971 humanaque
1145 3897 1461 3971 cognitione
1491 3898 1754 3968 repletus.

2070 3265 2346 3337 Ἰουδαῖκῷ
2381 3267 2697 3337 φρονήματι
2734 3264 3142 3336 μετωνόμασεν.
3195 3257 3365 3325 Οὗτος
3409 3261 3438 3314 6
3493 3261 3641 3324 ὅσιος

2067 3356 2325 3426 Ἰωάννης
2373 3355 2470 3409 καὶ
2503 3355 2742 3426 μελῳδὸς
2787 3354 3086 3426 ὠνομάσθη
3127 3351 3269 3424 μετὰ
3296 3352 3495 3421 Κοσμᾶ
3519 3353 3641 3405 sm-

2058 3448 2262 3502 σκόπου
2288 3447 2390 3502 τοῦ,
2410 3449 2694 3519 Μαῖουμᾶ,
2720 3447 2818 3504 καὶ
2836 3447 3146 3516 Θεοφάνους
3167 3443 3399 3514 ἁδελφοῦ
3436 3442 3642 3498 Θεοδώ-

2057 3556 2156 3611 ρου
2201 3539 2311 3592 τῶν
2361 3539 2646 3610 γραπτῶν,
2684 3538 2774 3594 διὰ
2819 3539 2880 3592 τὸ
2938 3538 3135 3601 αὐτοὺς
3162 3536 3471 3608 μελῳδῆσαι
3499 3534 3569 3589 τὰ
3589 3537 3647 3590 ὲν

2056 3630 2178 3692 ταῖς
2216 3627 2570 3698 Ἐκκλησίαις
2601 3627 2712 3683 τῶν
2741 3627 3089 3702 Χριστιανῶν
3122 3625 3484 3697 τετυπωμένα
3513 3624 3648 3695 ψάλ-

2056 3718 2267 3774 λεσθαι.
2298 3715 2410 3772 Ἦν
2435 3719 2606 3791 γὰριό
2634 3718 2792 3789 ἅγιος
2841 3718 3099 3789 Ἰωάννης
3143 3710 3299 3780 οὗτος
3329 3715 3408 3788 τῷ
3445 3733 3506 3770 τε
3548 3713 3650 3786 βίῳ

2056 3811 2154 3880 καὶ
2205 3808 2284 3881 τῷ
2334 3809 2482 3881 λόγῳ
2534 3809 2860 3874 διδάσκαλος
2888 3809 3131 3880 ἄριστος,
3174 3807 3357 3881 πάσης
3393 3806 3649 3878 γνώσεως

2061 3897 2215 3964 θείας
2240 3913 2302 3954 τε
2331 3900 2428 3954 καὶ
2453 3899 2806 3972 ἀνθρωπίνης
2839 3898 3321 3971 ἐμπεπλησμένος.

1573 4025 1774 4083 Suidas
1797 4029 1853 4082 in
1879 4025 2090 4086 Joanne
2119 4029 2473 4089 Damosceno.

443 4146 683 4202 Joannes
727 4143 1099 4202 Damascenus
1143 4151 1519 4215 cognomento
1570 4143 1817 4212 Mansur,
1871 4147 1957 4202 vir

368 4247 489 4292 erat
519 4235 786 4311 [XXXIII]
837 4235 1266 4302 illustrissimus,
1293 4234 1474 4289 aetatis
1506 4249 1624 4290 suae
1673 4237 1810 4292 nulli
1861 4253 1958 4292 eo-

373 4341 494 4381 rum
517 4327 611 4397 qui
640 4326 896 4382 doctrina
927 4326 1172 4380 illustres
1209 4325 1460 4391 luerunt,
1491 4326 1796 4383 secundus.
1823 4327 1960 4400 Ejus

376 4418 579 4486 scripta
612 4415 882 4487 permulta
912 4423 1063 4478 sunt,
1102 4422 1156 4468 et
1200 4415 1477 4487 praecipue
1525 4417 1913 4489 philosophica
1943 4458 1959 4486 ,

2142 4149 2401 4222 Ἰωάννης
2445 4153 2475 4207 6
2511 4149 2874 4224 Δαμασκηνὸς
2909 4149 2940 4204 6
2987 4146 3309 4220 ἐπικληθεὶς
3361 4145 3648 4218 Μανσοὺρ,

2061 4243 2201 4316 ἀνὴρ
2227 4239 2296 4316 ἦν
2329 4241 2788 4314 ἐλλογιμώτατος,
2839 4241 3056 4304 οὐδενὸς
3097 4239 3350 4312 δεύτερος
3392 4238 3505 4293 τῶν
3535 4239 3657 4293 κατ’

2062 4336 2227 4390 αὐτὸν
2259 4336 2319 4389 ἐν
2347 4335 2570 4407 παιδεία
2613 4333 2971 4406 λαμψάντων.
3023 4332 3446 4404 Συγγράμματα
3486 4329 3653 4384 αὐτοῦ

2065 4428 2208 4482 πάνυ
2239 4426 2412 4481 πολλὰ
2441 4427 2536 4481 καὶ
2566 4426 2804 4497 μάλιστα
2839 4425 3106 4496 φιλόσοφοι
3131 4465 3146 4491 ,
3178 4423 3262 4489 είς
3289 4440 3352 4477 τε
3378 4423 3480 4495 τὴν
3504 4421 3651 4476 θείαν

375 4522 588 4562 necnon
640 4509 695 4562 in
740 4521 952 4562 sacram
981 4506 1320 4576 Scripturam
1351 4508 1614 4578 parallela
1647 4509 1872 4576 selecta,
1911 4522 1948 4566 et

2069 4519 2293 4591 Γραφὴν
2331 4517 2669 4590 παράλληλοι
2714 4519 2834 4572 κατ’
2865 4515 3122 4589 ἐκλογὴν,
3147 4515 3243 4570 καὶ
3268 4515 3319 4568 oi
3359 4512 3653 4586 ᾁσματικοὶ

375 4597 719 4651 canticorum
759 4612 1002 4654 canones
1053 4597 1276 4652 iambici
1333 4607 1388 4654 et
1437 4599 1693 4657 oratione
1747 4602 1953 4658 soluta.

377 4685 580 4742 Eodem
623 4690 799 4762 etiam.
839 4701 1082 4761 tempore
1127 4689 1358 4748 Cosmas
1407 4689 1954 4764 llierosolymitamts

371 4777 584 4842 ﬂoruit,
602 4780 684 4834 vir
705 4778 1204 4848 ingeniosissimus,
1223 4790 1277 4834 et
1299 4781 1530 4835 omnino
1558 4782 1781 4852 spirans
1805 4783 1955 4837 illam

377 4883 602 4924 suavem
636 4870 1057 4926 modulationem
1099 4869 1388 4925 musicam.
1423 4870 1503 4924 Illi
1552 4880 1738 4926 autem
1779 4873 1958 4927 canti-

377 4977 571 5022 corum
595 4975 829 5016 canones
856 4959 1085 5016 Joannis
1113 4970 1167 5014 et
1197 4959 1412 5016 Cosmus
1441 4964 1650 5016 nullam
1686 4979 1814 5018 cum
1851 4966 1958 5019 ali-

376 5069 538 5114 orum
566 5052 900 5109 carminibus
944 5052 1414 5121 coniparationem
1446 5054 1817 5124 admiserunt,
1854 5071 1960 5116 nec

381 5145 673 5201 admittent
699 5158 872 5215 usque
902 5144 967 5199 ad
1010 5143 1174 5214 hujus
1202 5144 1301 5200 aevi
1337 5143 1522 5202 linem.

2070 4612 2292 4673 κανόνες
2320 4608 2566 4680 ίαμϐικοί
2595 4625 2657 4663 τε
2698 4607 2795 4662 καὶ
2820 4606 3222 4676 καταλογάδην.
3248 4605 3569 4676 Συνήκμασε
3595 4602 3653 4656 δὲ

2059 4702 2215 4773 αὐτῷ
2238 4703 2332 4756 καὶ
2361 4703 2610 4772 Κοσμᾶς,
2653 4701 2682 4754 6
2711 4701 2771 4768 ἐξ
2821 4699 3239 4772 Ἰεροσολύμων,
3281 4696 3423 4768 ἀνὴρ
3455 4695 3655 4765 εὐφυέ-

2063 4814 2278 4862 στατος,
2337 4796 2432 4850 καὶ
2459 4795 2640 4850 πνέων
2689 4793 2960 4865 μουσικὴν
2991 4793 3132 4860 ὅλως
3177 4791 3277 4864 τὴν
3312 4789 3652 4861 ἐναρμόνιον.
3689 4849 3702 4862 _

2064 4893 2127 4945 0i
2157 4891 2288 4958 γοῦν
2325 4888 2626 4960 ᾁσματικοὶ
2673 4887 2899 4952 κανόνες
2941 4887 3192 4940 Ἰωάννου
3217 4902 3279 4938 τε
3310 4883 3408 4938 καὶ
3436 4881 3657 4951 Κοσμᾶ,

2062 4985 2355 5054 σύγκρισιν
2407 4982 2509 5036 οὐκ
2559 4979 2830 5046 ἐδέξαντο,
2881 4979 3003 5033 οὐδὲ
3035 4977 3286 5045 δέξαιντο
3318 4975 3514 5047 μέχρις
3539 4971 3606 5027 ἂν
3629 4971 3662 5026 6

2063 5075 2186 5130 καθ’
2219 5075 2367 5145 ἡμᾶς
2397 5072 2511 5145 βίος
2541 5071 3013 5144 περαιωθήσεται.
3072 5082 3085 5094 ’

1506 5279 1590 5336 Ea:
1619 5279 1841 5337 Henwis
1877 5281 1950 5337 ad
1979 5283 2122 5338 diem
2154 5281 2188 5336 4
2218 5279 2548 5335 Decembris.

455 5395 628 5461 Quem
683 5402 737 5450 te
771 5394 1203 5458 uominabimus,
1251 5407 1287 5449 ο
1339 5395 1570 5450 sancte?
1619 5395 1959 5465 Theologum

383 5486 674 5553 Joannem,
700 5501 769 5542 an
795 5485 1052 5543 Davidem
1073 5487 1323 5542 carmina
1347 5496 1634 5543 canentem
1651 5487 1676 5541 ?
1693 5487 1964 5543 citharam

389 5578 587 5650 spiritu
639 5587 1012 5644 resonantem,
1073 5592 1140 5633 an
1195 5579 1382 5634 tibiam
1432 5580 1790 5649 pastoralem,
1835 5580 1967 5635 dum

391 5684 558 5734 aures
595 5671 760 5728 simul
789 5677 846 5726 ct
872 5676 1111 5728 mentem
1144 5671 1377 5738 mulces,
1417 5671 1545 5728 dum
1593 5671 1852 5750 Ecclesiae
1883 5687 1973 5729 or-

2140 5394 2206 5449 Tl
2237 5411 2296 5447 σε
2326 5393 2690 5464 ὀνομάσομεν,
2715 5390 2837 5458 ἅγιε
2862 5405 2878 5453 ;
2902 5387 3154 5455 θεολόγον
3195 5382 3469 5452 Ἰωάννην,
3497 5379 3530 5450 ἢ
3553 5381 3656 5433 Δα-

2072 5485 2158 5540 6ἱδ
2187 5488 2278 5538 τὸν
2314 5484 2588 5556 μελῳδόνι
2621 5479 3118 5551 πνευματέμφορον
3163 5473 3456 5545 κιννύραν,
3493 5471 3526 5541 ἢ
3561 5472 3655 5523 αὺ-

2075 5580 2166 5633 λὺν
2197 5575 2568 5647 σημαντικόνς
2603 5574 2914 5642 γλυκαίνων
2955 5570 3125 5639 ἀκοήν
3163 5584 3222 5621 τε
3275 5565 3370 5619 καὶ
3399 5565 3654 5628 διάνοιαν,

2079 5671 2388 5742 εὐφραίνων
2435 5665 2759 5738 Ἐκκλησίας
2783 5664 2852 5718 τὰ
2879 5663 3218 5734 συστήματα,
3251 5658 3364 5721 τοῖς
3396 5651 3661 5727 μελιρρύ-
