3974 6338
333 272 440 337 509

1431 276 1528 337 DE
1567 278 1626 337 S.
1666 276 1957 339 JOANNE
1998 280 2463 342 DAMASCENO.

3488 285 3597 353 510

331 397 448 444 τοις
478 392 575 433 σου
608 377 887 464 φθέγμασι
920 379 1299 450 καταγλαῒζων
1322 382 1390 437 τὰ
1421 383 1635 454 πέρατα
1658 403 1672 418 ο
1702 386 1911 440 ἱκέτευε

2022 387 2175 444 dines
2220 404 2414 446 omnes
2443 390 2752 453 exhilaras,
2800 390 3074 449 mellilluis
3101 390 3211 447 tuis
3244 393 3516 450 vocibus?
3548 396 3593 453 0

331 469 429 524 τοῦ
464 470 709 540 σωθῆναι
738 473 837 533 τὰς
860 470 1040 541 ψυχὰς
1076 472 1263 544 ἡμῶν.

401 653 472 707 Τί
507 671 566 707 σε
602 653 877 725 ὀνομάσω,
907 654 1163 725 Θεσπέσιε
1206 656 1428 729 Ἰωάννη
1448 700 1463 722 ,
1494 658 1914 731 γλυκύρῤημονς

330 747 655 814 φαεινὸτατε
704 746 905 819 ἀστὴρ,
942 749 1057 819 ὁτῇ
1100 748 1264 820 αἴγλῃ
1304 749 1404 819 τῆς
1438 748 1669 820 Τριάδος
1717 748 1917 818 ἐλλαμο

329 840 507 906 φθεὶς,
538 838 597 892 τὸ
627 838 850 892 ὀπτικδν
876 840 1059 905 είσδὺς
1090 841 1172 904 είς
1198 840 1288 893 τὸν
1314 840 1511 909 γνόφον
1543 839 1637 894 τοῦ
1669 840 1917 911 πνεύμα-

329 949 421 996 τος
467 930 562 984 τοῦ
609 930 778 996 θείου,
837 931 1086 1003 ἐμυήθης
1140 932 1209 985 τὰ
1259 932 1683 1005 ἀπόρῤηταοὼς
1716 933 1917 1005 Μωσῆς

327 1019 665 1089 διεσάφησας
707 1020 807 1090 τὴν
840 1018 1105 1093 μουσικὴν
1150 1020 1520 1085 καηιέπειαν,
1578 1022 1788 1076 ἱκέτευε
1821 1022 1915 1079 τοῦ

330 1110 576 1183 σωθῆναι
611 1112 709 1176 τὰς
733 1111 913 1182 ψυχὰς
944 1111 1126 1183 ἡμῶν.

402 1204 469 1257 Τί
498 1221 557 1256 σε
582 1203 856 1274 ὀνομάσω,
885 1203 1132 1275 ἀοίδιμε;
1161 1203 1414 1275 δᾳδοῦχον
1442 1205 1753 1277 φαεσφόρον
1776 1248 1790 1271 ,
1829 1207 1913 1261 εὐ-

328 1296 463 1365 κλεῆ
488 1297 802 1368 ὑφηγητὴν,
837 1295 1205 1368 λειτουργδνῆ
1237 1296 1443 1368 θεωρὸν
1472 1299 1579 1351 τῶν
1603 1283 1916 1370 μυστήρίων

326 1388 427 1443 τοῦ
473 1387 631 1454 Θεοῦ,
682 1389 891 1461 ἀστέρα
939 1388 1267 1459 Ἐκκλησίαν
1307 1390 1656 1459 ἀγλαῖζοντα.
1694 1392 1915 1462 λυχνίαν

324 1480 457 1544 τοὺς
480 1481 540 1534 ἐν
568 1480 751 1533 σκότει
792 1480 1244 1551 καταλάμποντα,
1275 1482 1307 1553 ἢ
1340 1482 1572 1553 ὄργανον
1618 1483 1917 1552 εὐηχέστα-

2018 481 2112 550 qui
2140 480 2276 536 lines
2307 482 2455 536 orbis
2479 491 2747 536 terrarum
2777 481 3074 546 illuminas,
3105 498 3201 537 ora
3224 491 3282 537 ut
3315 485 3593 546 salvantur

2017 574 2214 630 animae
2245 582 2470 630 nostrae.

2088 664 2259 731 Quem
2294 674 2342 720 te
2363 664 2677 728 nominabo,
2704 664 2888 721 divine
2907 664 3146 724 Joannes
3167 674 3221 723 et
3240 667 3595 739 dulciloqua?

2017 764 2230 814 astrum
2283 756 2686 812 lucidissimum
2732 771 2792 812 es
2820 756 3039 813 deitatis
3090 758 3299 829 fulgore
3327 760 3589 827 radians;

2018 846 2337 917 Spirituales
2364 846 2630 917 caligines
2662 847 2968 916 perspicaci
3007 848 3211 904 virtute
3246 852 3544 920 perradisti
3571 869 3586 906 :

2016 939 2110 1009 qui
2152 938 2522 995 ineﬂ‘abilibus
2555 938 2775 994 deitatis
2819 938 3100 1010 mysteriis
3150 941 3420 1008 initiatus,
3471 952 3593 997 tan-

2017 1042 2181 1098 quam
2209 1026 2424 1099 Moyses
2448 1027 2586 1084 alter
2606 1027 2895 1096 explicasti
2918 1028 3185 1084 musicam
3206 1038 3377 1087 artem
3402 1040 3588 1088 tuam:

2019 1133 2115 1173 ora
2151 1127 2210 1173 ut
2237 1119 2518 1175 salventur
2544 1117 2742 1173 anima:
2772 1126 2999 1174 nostrae.

2086 1209 2261 1277 Quem
2317 1218 2371 1265 te
2423 1212 2740 1279 nominabo,
2777 1212 3019 1283 inclyte?
3069 1226 3138 1265 an
3180 1212 3415 1267 lucentis
3453 1213 3592 1268 facis

2016 1301 2365 1371 portitorem,
2402 1301 2671 1357 illustrem
2708 1302 2929 1367 ducem,
2960 1303 3271 1359 ministrum
3294 1310 3348 1357 et
3379 1313 3593 1372 specta-

2016 1400 2191 1447 torem
2244 1394 2636 1463 mysteriorum
2688 1392 2803 1459 Dei,
2838 1392 2991 1449 sidus
3038 1393 3357 1447 illuminans
3393 1394 3587 1448 Eccle-

2013 1482 2194 1545 siam,
2248 1481 2556 1550 lampadem
2606 1480 2903 1552 fulgentem
2961 1481 3031 1538 iis
3085 1483 3179 1553 qui
3232 1483 3287 1536 in
3347 1484 3589 1539 tenebris

324 1570 502 1640 τον,ἢ
536 1570 812 1638 σάλπιγγα
846 1569 1265 1638 καλλικέλαδονς
1304 1572 1514 1625 ἱκέτευε
1554 1572 1650 1625 τοῦ
1672 1572 1911 1643 σωθῆναι

2022 1582 2182 1639 sunt;
2213 1589 2283 1628 an
2310 1588 2576 1643 organum
2606 1569 2865 1643 perquam
2892 1589 3185 1640 sonorum;
3218 1584 3311 1628 aut
3351 1575 3588 1628 ﬁstulam

325 1662 427 1725 τὰς
463 1661 640 1732 ψυχὰς
670 1660 849 1733 ἡμῶν.

2022 1665 2446 1720 suavissimam?
2473 1680 2570 1719 ora
2598 1674 2655 1718 ut
2693 1665 2980 1720 salventur
3019 1667 3217 1721 animae
3254 1676 3484 1721 nostrae.

400 1730 583 1825 Πάτερ
620 1730 839 1823 Ἰωάννη
873 1753 1139 1822 πάνσοφε,
1175 1753 1275 1824 τὴν
1315 1752 1642 1824 Ἐκκλησίαν
1672 1754 1909 1825 Χριστοῦ

2084 1752 2346 1820 Joannes,
2385 1754 2545 1810 Pater
2580 1757 3008 1823 sapientissime,
3052 1755 3349 1811 Ecclesiam
3382 1756 3589 1811 Christi

325 1843 764 1915 κατεφαίδρυνας
809 1843 1051 1915 ᾅσμασιν
1114 1843 1604 1908 ὲνθεαστικώτατα,
1653 1844 1911 1915 μελῳδῶν

2022 1845 2246 1899 canticis
2274 1845 2385 1901 tuis
2424 1845 2769 1899 divinissimo
2802 1846 3065 1900 instinctu
3090 1845 3433 1907 exhilarasti,
3457 1860 3589 1898 can-

327 1937 683 2006 παναοίδιμε,
722 1937 791 2006 τῇ
852 1935 1104 2007 ἐνεργείᾳ
1138 1937 1314 2005 πάτερ
1350 1936 1443 1989 τοῦ
1472 1937 1783 2007 Πνεῦματος
1810 1938 1908 2006 τὴν

2022 1944 2196 1991 torum
2246 1936 2634 2008 inclytissime,
2682 1937 2972 1992 ellicientia
3024 1938 3273 2006 spiritus,
3311 1952 3344 1990 ο
3389 1934 3586 2001 Pater,

330 2028 434 2098 σὴν
473 2026 733 2097 κιννύραν
778 2027 1219 2098 ἀνακρυόμενος,
1262 2026 1360 2098 τὴν
1403 2029 1773 2097 παναρμόνιον
1810 2027 1906 2081 τοῦ

2022 2028 2297 2100 cinnyram
2355 2036 2504 2082 tuam
2563 2030 2825 2099 pulsans,
2887 2029 3383 2083 modulatissitnam
3436 2028 3585 2080 illam

327 2115 495 2171 Δαόὶδ
518 2114 874 2185 μιμούμενος,
898 2116 963 2187 ἢν
986 2114 1194 2187 ὲνηχῶν
1212 2114 1375 2179 Θείοις
1395 2115 1747 2188 μελῳδήμασι
1774 2117 1910 2170 πάν-

325 2222 427 2270 τας
450 2203 800 2269 κατέθελξας.

2014 2118 2232 2175 Daridis
2247 2119 2561 2182 aemulatus,
2585 2118 2745 2184 cujus
2760 2118 3070 2175 divinorum
3086 2117 3428 2174 modulorum
3452 2132 3586 2172 sono

2011 2226 2208 2267 omnes
2237 2212 2603 2283 permulsisti.

1302 2315 1387 2370 Ea:
1414 2315 1805 2389 Hartyrologio
1832 2318 2095 2385 Romano,
2120 2321 2188 2374 ad
2210 2321 2350 2377 diem
2382 2320 2416 2377 6
2450 2322 2609 2378 Maii.

398 2414 652 2469 Damasci
681 2411 886 2467 natalis
914 2409 1060 2465 beati
1091 2406 1320 2466 Joannis
1349 2409 1673 2467 Damasceni
1701 2412 1910 2467 sancti-

326 2516 442 2567 tate
474 2514 528 2561 et
555 2505 813 2560 doctrina
839 2502 1097 2565 celebris,
1130 2502 1226 2572 qui
1267 2517 1367 2571 pro
1399 2503 1550 2558 cultu
1586 2511 1904 2559 sanctarum

328 2597 627 2667 imaginum
652 2595 825 2649 verbo
859 2602 913 2647 et
944 2592 1168 2662 scriptis
1197 2591 1461 2649 adversus
1488 2592 1724 2650 Leonem
1759 2593 1910 2649 Isau-

325 2690 504 2745 ticum
555 2695 781 2743 strenue
841 2684 1199 2741 decertarit:
1252 2684 1413 2753 cujus
1460 2685 1622 2756 jussu
1679 2701 1804 2740 cum
1857 2686 1909 2741 ei

2011 2412 2239 2469 dextera
2271 2429 2467 2470 manus
2508 2420 2789 2484 amputata
2820 2413 3016 2469 luisset
3050 2412 3270 2482 imagini
3303 2413 3362 2465 Β.
3408 2410 3590 2467 Marite

2015 2501 2283 2573 Virginis,
2315 2518 2480 2571 quam
2527 2502 2866 2567 defenderat,
2899 2502 3141 2571 seipsum
3172 2500 3589 2569 commendans,

2011 2595 2266 2665 pr0tinus
2293 2592 2575 2650 dexteram
2608 2594 2875 2664 integram
2911 2606 3215 2662 sanatnque
3254 2592 3482 2661 recepit.

794 2800 862 2855 In
899 2797 1262 2854 additionibus
1292 2797 1777 2854 Carthasianorum
1811 2799 2209 2855 Coloniensium
2239 2799 2310 2853 ad
2349 2798 2584 2854 Usuardi
2610 2798 3078 2870 Martyrologium.

396 2892 874 2963 Constantinopoli
899 2892 1174 2962 depositio
1196 2898 1403 2948 sancta:
1430 2895 1710 2948 memoria":
1732 2891 1961 2948 Joannis
2002 2890 2349 2959 Damasceni,
2383 2892 2632 2948 doctoris
2663 2892 2893 2962 egregii,
2924 2905 3029 2945 nec
3097 2889 3285 2945 minus
3354 2888 3468 2943 vita
3532 2895 3588 2944 et

326 2991 615 3047 miraculis
652 2990 809 3046 clari.

900 3076 982 3131 Ea:
1005 3074 1395 3146 Hartyrologio
1431 3072 1734 3145 Maurolyci
1771 3075 1929 3129 armis
1973 3075 2134 3140 i564,
2175 3074 2314 3130 1570
2342 3083 2392 3130 et
2428 3073 2831 3140 1578,Venetiis
2861 3073 3024 3127 edito.

398 3168 883 3239 Constantinopoli
968 3167 1145 3224 sancti
1183 3164 1406 3222 Joannis
1455 3164 1778 3223 Damasceni
1859 3168 2189 3240 presbyteri,
2260 3167 2508 3223 moribus
2560 3176 2615 3221 et
2688 3166 2943 3222 doctrina
2998 3163 3293 3221 clarissimi
3345 3171 3591 3234 tempore

328 3267 628 3327 Theodosii
664 3264 833 3320 tertii.
909 3261 925 3270 ’

1067 3355 1374 3428 Sigebcrtus
1404 3356 1799 3413 Gemblacensis
1834 3357 1971 3411 libro
2000 3358 2064 3413 de
2094 3359 2219 3413 viris
2267 3357 2571 3412 illustribus
2602 3373 2722 3426 cap.
2753 3357 2841 3412 75.

399 3471 637 3526 Joannes
685 3470 970 3542 presbyter
1009 3478 1063 3523 et
1114 3469 1443 3530 monachus,
1503 3469 1569 3523 de
1629 3467 1897 3523 Damasco
1924 3474 1966 3531 c
2001 3471 2358 3540 impugnabant
2404 3470 2741 3539 impietatem
2781 3466 2982 3521 Leonis
3037 3464 3412 3535 imperatoris,
3448 3464 3592 3517 srri~

332 3558 530 3633 Syris,
563 3560 673 3614 vita
698 3569 753 3617 et
774 3561 1026 3615 doctrina
1063 3559 1268 3625 clarus,
1306 3569 1677 3629 cognomento
1726 3557 1902 3629 Chry-

2001 3560 2110 3628 psit
2141 3567 2196 3613 et
2226 3558 2343 3628 ipse
2372 3556 2580 3613 Graecis
2605 3554 2793 3611 Graec
2830 3561 3029 3610 contra
3077 3553 3315 3608 Leonem
3356 3553 3588 3621 impera-

331 3653 616 3720 sorrboas,
650 3651 925 3707 animatus
959 3650 1187 3721 scriptis
1221 3649 1474 3720 Gregorii
1509 3665 1661 3720 papa;
1696 3650 1903 3719 quibus
1999 3658 2192 3702 torem.

763 3763 919 3835 Ilugo
946 3764 1293 3832 Etherianus,
1334 3764 1399 3818 de
1424 3762 1710 3818 hwresibus
1733 3779 1865 3833 quas
1898 3760 2071 3817 (ἕνωεὶ
2104 3760 2311 3817 Latinis
2339 3760 2639 3826 devolvunt,
2671 3760 2763 3818 lib.
2801 3757 2920 3824 Ill,
2955 3773 3074 3827 cap.
3116 3755 3169 3811 7.

402 3877 647 3933 Joannes
693 3892 917 3948 quoque
967 3875 1344 3933 Damascenus
1394 3875 1647 3932 similiter
1680 3873 1905 3931 Patrum
1954 3872 2187 3945 vestigia
2233 3874 2363 3929 dum
2411 3872 2680 3939 imitatur,
2726 3871 2925 3929 scribit
2963 3875 3128 3927 haec:
3171 3867 3354 3938 Imago
3411 3864 3590 3923 Patris

332 3968 512 4027 Filius
544 3978 651 4032 est,
680 3976 732 4023 et
762 3966 884 4021 Filii
915 3964 1178 4036 Spiritus.

1604 4072 1741 4131 Item
1775 4074 1912 4133 libro
1944 4074 2068 4143 III,
2102 4092 2219 4145 cap.
2255 4077 2340 4131 l3.

404 4176 621 4235 Idcirco
663 4181 747 4231 est
794 4171 849 4227 in
895 4166 1169 4229 Trinitate
1218 4168 1383 4236 ordo,
1432 4168 1646 4237 etsiab
1687 4168 1910 4222 homine

333 4266 673 4340 impossibile
703 4266 776 4320 sit
806 4264 937 4319 sciri
970 4262 1150 4332 qualis
1186 4262 1278 4318 sit.
1319 4260 1385 4314 Et
1421 4259 1739 4316 immediate
1779 4258 1905 4329 qui-

335 4363 460 4423 dem
515 4358 709 4421 Filius,
744 4356 978 4411 mediate
1008 4371 1135 4410 vero
1169 4352 1414 4423 Spiritus
1440 4368 1469 4406 a
1504 4351 1665 4408 Patre
1706 4368 1906 4422 prore-

2017 4174 2200 4227 niunt.
2250 4172 2340 4225 Ait
2387 4170 2533 4225 enim
2579 4168 2992 4221 Damascenus:
3036 4163 3142 4219 Per
3182 4162 3384 4218 Filium
3429 4164 3595 4228 datur

2015 4265 2281 4335 Spiritus,
2311 4273 2366 4318 et
2405 4262 2476 4318 ab
2501 4260 2651 4316 omni
2684 4267 2940 4314 creatura
2964 4256 3352 4333 participatur.

1708 4465 1962 4531 Rursum,
1991 4477 2108 4531 cap.
2148 4460 2235 4514 η.

408 4563 573 4619 Solus
616 4575 746 4617 vero
803 4558 1181 4616 Damascenus
1237 4558 1483 4615 Joannes
1547 4556 1825 4614 dissidere
1878 4570 1909 4609 a

2015 4549 2476 4609 consuetudinem
2499 4534 2764 4602 EccleSiae
2782 4543 3104 4598 Graecorum
3137 4538 3452 4604 referendo,
3476 4553 3602 4609 quas

334 4670 541 4728 magno
586 4653 793 4726 Cyrillo
832 4652 1064 4722 aliisque
1103 4650 1316 4706 sanctis
1359 4648 1616 4704 Patribus
1670 4646 1910 4710 videtur,
1945 4664 1989 4721 υ
2018 4658 2130 4698 non
2170 4656 2297 4696 esse
2342 4638 2611 4728 Spiritum
2664 4650 2732 4728 ea
2783 4633 2935 4728 Ιεξίὶιο⁸
2972 4631 3269 4728 conﬁtetur
3319 4631 3599 4728 usque;

250 4750 253 4753 ’
332 4748 381 4807 si
413 4755 599 4802 tamen
633 4747 708 4801 ita
750 4747 947 4802 scribit
980 4761 995 4801 :
1030 4744 1295 4815 Spiritum
1345 4759 1418 4809 ex,
1436 4741 1600 4798 Patre
1646 4741 1910 4804 dicimus,

331 4849 390 4895 et
451 4839 719 4907 Spiritum
773 4837 952 4894 Patris
1003 4838 1396 4892 nominamus:
1442 4851 1506 4890 ex
1554 4834 1700 4889 Filio
1739 4841 1917 4890 autem

333 4931 597 4999 Spiritum
625 4945 727 4983 non
751 4928 1001 4996 dicimus,
1034 4927 1302 4998 Spiritum
1337 4942 1468 4983 vero
1502 4924 1629 4980 Filii
1663 4923 1914 4980 nomina-

329 5035 479 5075 mus.
541 5019 933 5075 Verumtamen
997 5019 1282 5087 Scriptura
1340 5019 1422 5072 sic
1486 5016 1742 5080 habente,
1805 5027 1912 5066 non

328 5110 625 5167 discordat
668 5109 759 5166 hic
815 5120 1043 5167 sanctus
1076 5125 1107 5164 a
1147 5108 1343 5164 Latina
1389 5107 1643 5169 veritate,
1695 5106 1798 5159 hoc
1845 5101 1915 5155 ad

2019 4732 2365 4789 hodiernum.
2424 4727 2638 4798 Quippe
2684 4726 2733 4781 si
2796 4723 3059 4795 Spiritum
3111 4721 3293 4777 Patris
3360 4729 3416 4779 et
3475 4720 3600 4779 Filii

2019 4824 2393 4885 nominamus,
2455 4826 2516 4875 ut
2570 4825 2795 4874 sanctus
2854 4816 2961 4871 iste
3013 4814 3099 4868 vir
3147 4821 3451 4875 asseverat,
3505 4818 3600 4867 aut

2018 4915 2307 4987 aequaliter
2337 4919 2393 4968 et
2427 4910 2685 4966 similiter
2737 4905 3113 4963 conﬁtendum
3166 4912 3289 4970 est,
3332 4904 3600 4973 Spiritum

2020 5023 2145 5065 esse
2197 5005 2508 5075 utriusque,
2564 5006 2661 5057 aut
2709 4997 3082 5071 inaequaliter,
3145 5003 3241 5050 aut
3309 4994 3601 5051 dissimili-1

2023 5108 2127 5166 ter,
2159 5105 2267 5155 etc.

333 5226 660 5283 Ptolemazus
686 5226 939 5289 Lucensis
970 5226 1173 5283 ordinis
1201 5225 1644 5287 Prtedicatorum,
1675 5218 2028 5341 Torcelllo’zrlisis
2059 5214 2355 5350 cptisfopus,
2390 5210 2447 5265 in
2478 5208 2723 5263 Historia
2746 5204 3109 5261 ecclesiastica
3138 5220 3262 5266 ms.,
3292 5200 3381 5255 ubi
3408 5199 3469 5253 de
3488 5199 3601 5261 Eua

1647 5308 1796 5353 gemo
1956 5327 1969 5350 ,
2013 5300 2112 5353 pou
2144 5299 2279 5335 ιιεε.

1647 5302 1796 5362 gemo
1850 5302 1969 5350 HI,
2013 5302 2279 5353 pontiﬁce.

412 5391 616 5450 Eodem
654 5404 900 5465 tempore
943 5394 1188 5449 Joannes
1225 5393 1596 5447 Damasccnus
1629 5389 1696 5441 de
1736 5386 1923 5439 Gratco
1968 5383 2021 5436 in
2054 5380 2307 5434 Latinum
2341 5386 2424 5432 est
2459 5374 2765 5430 translatus
2800 5374 2888 5425 ⁸⁷⁹.

1853 5484 2113 5555 NOTAE.’

410 5600 549 5665 (δῖ’)
599 5600 857 5671 Magister
894 5599 1325 5671 Sententiarum,
1375 5607 1602 5671 sanctus
1640 5595 1903 5657 Thomas,

344 5671 552 5739 aliique
596 5670 662 5726 de
691 5667 887 5727 schola
922 5669 1187 5739 theologi,
1213 5669 1480 5725 Joannem
1515 5667 1914 5725 Damascenth

2012 5592 2232 5661 passim
2274 5590 2328 5644 in
2365 5585 2707 5661 theologicis
2737 5583 3090 5661 tractatibus,
3115 5577 3318 5646 citant,
3366 5592 3603 5647 quorum

2023 5654 2140 5717 loca
2173 5670 2470 5716 contexere
2501 5654 2669 5713 niinis
2697 5658 2920 5728 longum
2957 5654 3126 5708 foret.
