3974 6338
352 195 454 264 511

1516 191 1884 256 VETERUM
1938 193 2426 256 TESTIMONIA.

3512 189 3619 257 512

354 312 441 367 Ea:
471 308 606 365 libro
629 307 854 364 Joannis
883 305 1037 361 Bccci
1053 305 1374 376 patriarcha
1414 303 2000 432 Constantizopolitani
2030 309 2094 432 ille
2119 311 2451 431 processione
2473 308 2698 378 Spiritus
2721 309 2918 374 sancti,
2957 322 3075 377 cap.
3110 306 3197 371 12,
3232 323 3286 361 rt.
3326 306 3418 375 l9,
3451 313 3491 360 t.
3527 305 3616 372 Il,

1759 393 1932 432 rcccue
1965 397 2025 432 OT
2069 398 2114 432 ιο
2158 397 2294 432 οπω.

1759 393 1932 432 rccctte
1965 393 2294 435 ormoaoxw.

426 494 581 562 Quod
601 495 646 549 si
666 491 902 547 laudatis
918 488 1380 560 expositionibus,
1405 498 1459 545 et
1479 499 1724 545 mutuam
1754 491 1936 556 dicto-

2113 493 2175 546 Ei
2197 493 2303 565 γὰρ
2325 495 2446 556 ταῖς
2480 492 2760 564 ῥηθείσαις
2794 490 3084 563 προσέχειν
3121 489 3618 562 ὲπιστατικὼτερον

356 601 480 641 rum
513 581 778 656 [XXXIV]
815 582 1114 651 Scriptura:
1144 581 1596 636 conciliationem
1629 581 1934 648 examines,

358 690 538 747 neque
566 675 774 729 dictum
809 688 837 726 a
867 672 1211 727 Datnasceno
1242 671 1528 742 tbeologo,
1561 687 1626 727 ea:
1645 670 1790 727 Filio
1820 687 1938 726 vero

358 769 620 838 Spiritum
644 783 748 822 non
770 767 1023 828 dicimus,
1051 765 1246 820 turbas
1265 765 1465 819 ciebat.
1481 762 1732 834 Namque
1753 765 1823 820 ab
1847 766 1935 830 iis,

357 863 472 933 qui,
497 875 564 916 ex
595 860 714 914 solo
744 857 927 921 Patre,
955 871 1148 912 vocem
1184 857 1242 911 in
1276 857 1610 913 sententiam
1644 856 1940 912 Basiliana‘.

358 949 725 1022 expositionis
752 947 1054 1017 accipiunt,
1073 947 1450 1018 dignoscetur,
1475 949 1939 1018 quemadmodum

358 1044 523 1098 etiam
559 1040 718 1095 initio
751 1038 1027 1094 orationis
1061 1037 1200 1095 fassi
1250 1053 1468 1103 sumus,
1502 1053 1613 1109 qua
1643 1039 1860 1094 ratione
1887 1045 1942 1094 et

362 1135 454 1190 hic
495 1131 876 1187 Damascenus
922 1130 1216 1200 theologus
1267 1144 1376 1184 non
1427 1138 1688 1201 tanquam
1719 1145 1785 1184 ex
1820 1129 1942 1200 ipso

363 1225 458 1281 sed
491 1235 753 1294 tanquam
789 1238 885 1293 per
913 1223 1094 1292 ipsum
1135 1220 1526 1291 procedentem
1558 1221 1823 1291 Spiritum
1854 1236 1943 1276 as-

363 1318 559 1380 seruit,
588 1322 642 1371 et
667 1312 944 1384 quomodo
993 1312 1115 1367 aliis
1147 1314 1203 1366 in
1245 1311 1404 1378 locis,
1457 1327 1522 1366 ea:
1573 1309 1718 1365 Filio
1765 1322 1942 1365 autem

365 1407 622 1475 Spiritum
659 1415 900 1459 sanctum
926 1419 1031 1458 non
1058 1402 1308 1468 dicimus,
1331 1402 1652 1458 declaravit.
1675 1400 1941 1470 Namque,

365 1514 490 1553 cum
553 1497 618 1551 ad
673 1495 894 1550 Patrem
952 1495 1212 1550 universa
1279 1493 1581 1549 causalitas
1637 1493 1942 1556 deferatur,

369 1593 543 1662 prima
591 1605 760 1646 causa
788 1589 950 1644 Pater
982 1590 1290 1654 asseritur,
1325 1598 1379 1644 et
1415 1604 1540 1644 cum
1565 1589 1745 1659 prima
1777 1603 1945 1643 causa

368 1685 463 1749 sit,
492 1690 776 1754 propterea
809 1691 862 1737 et
892 1683 1012 1736 sola
1044 1695 1216 1737 causa
1244 1682 1314 1736 ab
1349 1681 1523 1751 aequis
1562 1681 1946 1750 cognitoribus

367 1775 462 1846 qui
496 1777 620 1830 ﬁdei
653 1775 875 1830 decreta
900 1774 1290 1844 praescribunt,
1320 1773 1586 1827 creditur.
1619 1771 1814 1828 Nullus
1839 1772 1942 1826 ita-

2040 585 2354 656 ὲξηγήσεσε,
2387 588 2479 640 καὶ⁹
2531 585 2624 639 τὸν
2667 585 2803 656 πρὸς
2837 584 3042 655 ἄλληλα
3095 583 3479 655 συμϐιϐασμδν
3507 582 3618 637 τῶν

2038 677 2328 748 Γραφικῶν
2358 681 2569 749 ῥήσεων
2608 680 2833 749 ἐρευνᾷς
2860 719 2876 743 ,
2919 678 3040 731 οὐδὲ
3090 675 3152 730 τὸ
3206 675 3370 748 ῥητὸν
3418 677 3613 741 ἐκεῖνο,

2037 771 2175 841 ὅπερ
2203 772 2232 823 6
2258 771 2321 822 ἐκ
2359 771 2455 840 τῆς
2483 768 2773 838 Δαμασκοῦ
2803 769 3050 838 Θεολόγος
3085 768 3212 839 ἔφη,
3252 769 3333 834 τὸ,
3380 768 3481 823 Ἕκ
3510 769 3616 824 τοῦ

2048 862 2186 917 Υἱοῦ
2213 863 2282 915 δὲ
2311 863 2380 916 τὸ
2408 863 2651 931 Πνεῦμα
2673 864 2747 916 οὐ
2776 861 3054 932 λέγομεν,
3093 864 3382 933 ταραγμόν
3414 881 3497 917 σοι
3520 865 3619 935 ἐμ-

2041 955 2255 1025 ποιήσει
2278 954 2418 1008 τινά.
2449 955 2575 1018 Τοῖς
2605 954 2714 1024 γὰρ
2740 953 2840 1023 τὴν
2865 955 2930 1006 ὲκ
2953 953 3118 1024 μόνου
3143 953 3238 1007 τοῦ
3269 949 3480 1027 Πατρός
3505 971 3621 1023 φω-

2041 1048 2138 1118 νὴν
2168 1049 2248 1110 εἰς
2275 1047 2373 1115 τὴν
2403 1047 2610 1100 ἔννοιαν
2637 1046 3018 1117 προσιεμένοις
3049 1045 3152 1116 τῆς
3182 1044 3444 1117 ρηθείσης
3471 1045 3621 1112 παρά

2040 1139 2135 1192 τοῦ
2166 1138 2401 1210 μεγάλου
2432 1139 2710 1192 Βασιλείου
2742 1138 3079 1209 ἐξηγήσεως,
3113 1136 3618 1205 συνδιαγνωσθήσε-

2040 1247 2152 1295 ται,
2206 1230 2282 1293 ὡς
2321 1231 2416 1283 καὶ
2469 1231 2526 1282 ὲν
2579 1231 2882 1300 καταρχαῖς
2941 1229 3034 1282 τοῦ
3070 1227 3230 1297 λόγου
3280 1228 3616 1299 εἰρήκειμεν,

2042 1321 2190 1384 ὅπως
2215 1323 2310 1375 atat
2335 1314 2490 1385 οὗτος
2522 1323 2550 1375 6
2585 1323 2648 1374 ὲκ
2669 1321 2768 1392 τῆς
2794 1318 3087 1392 Δαμασκοῦ
3125 1320 3393 1389 θεολόγος,
3423 1322 3524 1375 οὐκ
3543 1321 3618 1384 ὡς

2045 1412 2102 1478 ἐξ
2133 1411 2316 1476 αὐτοῦ,
2349 1411 2464 1464 ἀλλ’
2489 1411 2564 1475 ὡς
2597 1411 2666 1464 δι’
2707 1411 2872 1464 αὑτοῦ
2906 1411 3339 1482 ἐκπορευόμενον
3367 1410 3492 1480 ἐφη.
3525 1411 3619 1464 καὶ

2045 1502 2191 1565 ὅπως
2220 1502 2287 1554 ἐκ
2321 1501 2426 1556 τοῦ
2467 1501 2602 1556 Υἱοῦ
2633 1501 2704 1554 δὲ
2745 1502 2812 1556 τὸ
2846 1503 3086 1571 Πνεῦμα
3137 1505 3209 1556 οὐ
3257 1501 3532 1572 λέγομεν,
3563 1505 3619 1555 ὲν

2045 1589 2225 1653 ἄλλοις
2247 1588 2620 1658 ὲθεολόγησεν.
2652 1589 2807 1642 Ἐπεὶ
2830 1588 2938 1660 γὰρ
2963 1588 3051 1642 διὰ
3081 1590 3142 1643 τὸ
3175 1590 3255 1653 εἰς
3280 1589 3372 1642 τὸν
3401 1591 3620 1661 Πατέρα

2046 1679 2315 1734 τείνεσθαι
2338 1682 2399 1732 τὸ
2430 1680 2537 1732 πᾶν
2565 1683 2664 1752 τῆς
2705 1679 2903 1745 αἰτίας,
2932 1679 3150 1750 πρῶτον
3185 1679 3358 1732 αῐτιον
3403 1679 3620 1747 λέγεται

2046 1773 2074 1824 6
2104 1772 2310 1842 Πατὴρ,
2339 1771 2434 1825 καὶ
2459 1771 2592 1824 διότι
2632 1770 2849 1840 πρῶτον
2878 1769 3070 1836 αίτιον,
3092 1771 3180 1824 διὰ
3214 1769 3374 1824 ίίοῦτο
3394 1771 3486 1824 καὶ
3522 1771 3619 1840 μό-

369 1882 477 1936 que
506 1867 663 1922 locus
699 1865 987 1921 dubitandi
1026 1865 1385 1935 relinquitur,
1416 1879 1486 1920 ne
1518 1881 1945 1935 cognoscamus,

2055 1879 2138 1915 νον
2161 1865 2273 1925 τοῖς
2317 1860 2691 1930 εὐθυγνὼμοσι
2726 1860 3039 1913 πιστεύεται
3066 1859 3176 1912 τῶν
3222 1859 3618 1929 δογματιστῶν,

371 1966 682 2031 propterea,
714 1975 778 2013 ea:
801 1955 940 2011 Filio
971 1955 1228 2027 Spiritum
1253 1973 1358 2010 non
1388 1955 1636 2020 dicimus,
1667 1955 1953 2012 Damasce-

373 2067 502 2106 num
533 2050 760 2113 dixisse,
787 2064 856 2102 ne
873 2048 999 2119 quis
1021 2047 1255 2117 primam
1286 2061 1508 2101 causam
1543 2054 1597 2102 et
1620 2045 1949 2118 principium

373 2143 613 2212 Spiritus
648 2141 847 2195 Filium
879 2140 1246 2196 existimaret.
1276 2138 1394 2194 Etsi
1421 2140 1590 2202 enim,
1616 2145 1676 2191 ut
1698 2137 1951 2192 nonnulli

372 2235 692 2303 Opinantnr,
724 2238 1014 2302 propterea
1047 2242 1276 2286 sanctus
1305 2231 1465 2290 dixit.
1499 2244 1564 2284 ex
1595 2226 1736 2284 Filio
1774 2239 1949 2284 autem

373 2323 631 2394 Spiritum
665 2339 770 2377 non
803 2312 1051 2385 dicimus,
1097 2329 1158 2374 ut
1189 2321 1387 2374 Filium
1421 2334 1451 2373 a
1491 2320 1656 2374 Patre
1697 2317 1948 2388 sejunge-

372 2419 491 2476 ret,
555 2425 843 2482 nunquam
913 2409 1190 2472 dixisset,
1248 2426 1352 2463 non
1433 2407 1947 2480 tanquamexipso,

369 2503 462 2558 sed
529 2503 689 2558 ueluti
753 2518 846 2572 per
898 2502 1069 2569 ipsum
1117 2500 1424 2570 procedens.
1495 2499 1630 2554 Nam
1693 2512 1724 2551 a
1792 2495 1953 2551 Patre

372 2592 497 2648 Filii
543 2595 844 2663 sejunctio,
884 2592 1351 2662 quemadmodum
1390 2606 1421 2646 a
1455 2607 1543 2645 me
1589 2591 1798 2645 dictum
1845 2596 1952 2651 est,

372 2697 652 2753 nunquam
688 2683 743 2736 in
774 2680 1016 2752 Spiritus
1048 2696 1079 2735 a
1118 2680 1281 2738 Patre
1327 2681 1651 2738 exsistentia
1684 2677 1818 2734 illud
1857 2693 1949 2746 per

375 2770 600 2839 Filium,
635 2773 910 2830 admittet.

2048 1955 2272 2027 οὐδεμία
2305 1956 2490 2009 λοιπὸν
2521 1955 2848 2024 ἀμφιϐολίας
2901 1954 3174 2024 πρόφασις
3231 1952 3493 2018 λείπεται,
3544 1953 3620 2024 μὴ

2047 2047 2446 2115 διαγινώσκειν,
2483 2047 2560 2107 ὼς
2587 2047 2674 2099 διὰ
2706 2045 2862 2098 τοῦτο
2885 2046 2951 2098 ἐκ
2986 2045 3093 2099 τοῦ
3121 2045 3256 2099 Υιοῦ
3285 2045 3347 2099 τὸ
3379 2045 3622 2114 Πνεῦμα

2047 2141 2121 2195 οὑ
2171 2139 2449 2210 λέγομεν,
2484 2141 2513 2192 6
2565 2138 2924 2210 Δαμασκηνὸς
2979 2137 3107 2208 ἔφη,
3165 2138 3250 2192 ἵνα
3292 2139 3367 2208 μή
3411 2155 3496 2202 τις
3522 2139 3622 2208 τὴν

2046 2231 2270 2302 πρώτην
2295 2232 2389 2283 καὶ
2415 2230 2589 2302 ἀρχὴν
2613 2228 2706 2283 τοῦ
2745 2229 3060 2299 Πνεῦματος
3094 2228 3184 2282 τὸν
3205 2227 3337 2282 Υἰὸν
3372 2224 3510 2281 εἶναι
3537 2228 3623 2281 6o-

2047 2319 2205 2392 ξάσῃ.
2238 2323 2299 2374 Εἰ
2321 2322 2448 2393 γὰρ,
2481 2321 2556 2386 ὥς
2586 2339 2730 2385 τινες
2752 2321 3102 2392 ὑπειλήφασι,
3123 2319 3213 2375 διὰ
3243 2318 3400 2374 τοῦτο
3419 2322 3446 2374 6
3467 2319 3622 2388 ᾇγιος

2047 2411 2171 2483 ἔφη,
2214 2414 2308 2466 Ἐκ
2335 2413 2440 2467 τοῦ
2477 2413 2614 2468 Υιοῦ
2642 2413 2710 2466 δὲ
2737 2413 2804 2467 τὸ
2836 2411 3080 2482 Πνεῦμα
3113 2413 3186 2467 οὐ
3228 2411 3503 2481 λέγομεν,
3536 2412 3624 2464 ἵνα

2046 2504 2324 2576 διαστείλῃ
2351 2504 2442 2557 τὸν
2463 2503 2594 2557 Υἰδν
2618 2504 2726 2558 ἀπὸ
2755 2504 2848 2557 τοῦ
2870 2503 3103 2574 Πατρὸς,
3123 2503 3224 2557 οὐκ
3244 2504 3308 2558 ἄν
3341 2519 3470 2556 ποτε
3496 2502 3622 2572 εφη,

2053 2597 2177 2664 Οὐχ
2209 2595 2287 2658 ὡς
2316 2595 2386 2658 ἐξ
2413 2595 2623 2662 αὑτοῦ,
2651 2597 2788 2650 ἀλλ’
2819 2596 2898 2661 ὡς
2922 2594 2998 2648 δι’
3020 2595 3207 2649 αὑτοῦ
3229 2595 3624 2664 ἐκπορευόμε-

2055 2705 2182 2742 νον.
2243 2688 2306 2742 Ἠ
2337 2688 2446 2758 γὰρ
2489 2688 2596 2741 ἀπὸ
2640 2687 2734 2742 τοῦ
2778 2688 2994 2759 Πατρὺς
3027 2686 3283 2758 διαστολὴ
3329 2690 3424 2744 τοῦ
3473 2685 3624 2748 Υἰοῦ,

2051 2779 2241 2850 ὥσπερ
2299 2797 2389 2848 μοι
2438 2779 2534 2833 καὶ
2567 2778 2910 2851 προείρηται,
2938 2780 3038 2834 οὐκ
3065 2780 3131 2834 ἄν
3172 2795 3302 2833 ποτε
3339 2779 3396 2832 ὲν
3428 2780 3494 2847 τῇ
3529 2775 3622 2829 τοῦ

2053 2869 2268 2940 Πατρδς
2301 2868 2532 2940 ὑπάρξει
2575 2869 2670 2923 τοῦ
2700 2869 3016 2940 Πνεύματος
3045 2867 3407 2941 παραδέξαιτο
3433 2869 3496 2922 τὸ
3525 2867 3628 2921 διὰ

2051 2961 2159 3017 τοῦ
2181 2962 2336 3018 Υιοῦ.

790 3049 875 3104 Ea:
913 3050 1148 3119 ejusdem
1176 3049 1410 3106 Joannis
1442 3049 1595 3106 Becci
1633 3053 1874 3109 aratione
1904 3053 1992 3124 11,
2025 3056 2080 3110 in
2111 3065 2309 3112 tantum
2337 3058 2540 3129 Cyprii.
2579 3057 2750 3113 Gra'c.
2783 3057 2992 3113 orthad.
3030 3057 3092 3113 Τ.
3124 3056 3206 3113 II.

449 3171 838 3227 Verumtamen
883 3169 1294 3236 Damascenus,
1329 3172 1423 3242 qui
1455 3180 1732 3229 terrarum
1764 3177 1950 3232 orbem

375 3262 600 3334 propria
642 3260 920 3330 theologia
969 3261 1218 3329 replevit,
1253 3263 1368 3316 haec
1417 3263 1642 3317 minime
1674 3266 1951 3334 approba-

375 3355 517 3409 verit
546 3372 557 3407 :
590 3351 902 3407 Productor
933 3352 1106 3417 enim,
1131 3354 1233 3420 ait,
1271 3369 1368 3423 per
1401 3353 1636 3410 Verbum
1670 3354 1833 3412 Pater
1860 3375 1874 3412 :
1899 3367 1954 3414 et

373 3444 598 3500 ubinam
623 3459 784 3500 suum
815 3444 999 3499 locum
1028 3443 1299 3502 obtinebit
1330 3445 1486 3512 illud,
1509 3448 1771 3519 contigue,
1797 3449 1851 3504 in
1887 3464 1950 3506 eo

373 3535 520 3606 quod
555 3533 925 3619 producitur?

2136 3181 2276 3235 Ἀλλ’
2307 3181 2334 3233 6
2363 3182 2426 3234 ἐκ
2448 3180 2766 3251 Δαμασκοῦ,
2794 3181 2891 3250 τὴν
2924 3180 3250 3251 οἰκουμένην
3283 3181 3379 3250 τῆς
3421 3179 3627 3246 οἰκείας

2055 3268 2353 3340 πληρώσας
2382 3269 2659 3338 θεολογίας
2678 3308 2692 3333 ,
2719 3270 2781 3322 οὐ
2811 3269 2984 3323 ταῦτα
3010 3269 3256 3340 βούλεται
3283 3285 3296 3298 ’
3327 3269 3627 3340 Προὸολεὺς

2054 3361 2186 3432 γὰρ,
2211 3361 2367 3431 φησὶ,
2409 3361 2500 3414 διὰ
2528 3360 2836 3428 Δόγου,τοῦ
2879 3361 3194 3432 Πνεῦματος
3221 3362 3252 3414 6
3278 3361 3498 3431 Πατήρ·
3536 3361 3629 3414 καὶ

2055 3452 2159 3507 ποῦ
2190 3451 2286 3524 τὴν
2321 3451 2530 3506 οἰκείαν
2555 3450 2740 3523 χώραν
2787 3451 2898 3518 ἕξει
2930 3453 3011 3519 τὸ,
3051 3452 3386 3523 προσεχῶς,
3416 3453 3508 3506 ἐπὶ
3535 3451 3629 3506 τοῦ

2055 3559 2096 3596 π
2101 3543 2264 3616 ροὸλή
2275 3559 2444 3614 ματος
2467 3560 2481 3608 ;

1779 3681 1864 3737 Ex
1902 3683 2239 3741 Volaterano.

442 3794 686 3854 Joannes
713 3797 1108 3867 Damascenus,
1138 3797 1399 3854 Damasci
1441 3805 1630 3863 natus,
1662 3798 1951 3866 Hebraeus,

376 3903 515 3960 puer
537 3888 1074 3962 Constantinopolim
1103 3889 1278 3951 venit,
1328 3888 1424 3943 ubi
1456 3889 1786 3946 liberalibus
1817 3891 1954 3945 arti-

377 3981 483 4036 bus
515 3978 762 4050 legitime
808 3981 1072 4048 imbutus,
1103 3989 1158 4037 et
1187 3980 1255 4035 ad
1295 3979 1578 4035 Christum
1621 3994 1950 4046 conversus,

376 4071 632 4126 monachi
666 4071 912 4127 habitum
959 4072 1198 4143 sumpsit
1223 4111 1238 4136 ,
1271 4069 1440 4126 simul
1465 4078 1524 4124 et
1554 4069 1807 4126 docebat.
1857 4072 1961 4126 Ca-

377 4172 509 4236 ptus
555 4164 839 4221 deindein
871 4163 1055 4218 littore
1095 4161 1268 4216 maris
1317 4174 1348 4213 a
1393 4160 1591 4230 piratis
1639 4159 1956 4229 Saracenis,

377 4267 569 4326 postea
625 4271 656 4312 a
715 4253 1029 4310 Theodosio
1086 4251 1436 4320 redemptus,
1504 4249 1769 4321 magister
1835 4251 1958 4322 ejus

376 4348 742 4415 epistolarum
789 4345 914 4401 fuit.
962 4343 1020 4400 ln
1061 4341 1435 4412 suspicionem
1479 4342 1815 4412 proditionis
1863 4359 1958 4400 ve-

2058 3803 2243 3868 niens,
2274 3803 2499 3859 dextera
2532 3803 2581 3858 ei
2614 3801 2796 3857 ablata
2827 3809 2934 3856 est.
2967 3798 3170 3856 Verum
3208 3808 3500 3870 postquam
3530 3799 3630 3856 de-

2058 3893 2389 3964 prehensus,
2417 3893 2509 3964 qui
2537 3893 2752 3948 litteras
2774 3890 3110 3961 proditorias
3136 3891 3277 3961 stylo
3311 3889 3631 3946 Damasceni

2057 3987 2228 4056 probe
2269 3987 2694 4052 assimilaverat,
2751 3984 2804 4039 in
2832 3984 3043 4039 honore
3069 3983 3214 4052 apud
3251 3983 3631 4052 imperatorem

2055 4077 2181 4133 l'uit.
2228 4078 2426 4134 Atille
2465 4077 2520 4131 in
2571 4075 2890 4132 cmnobium
2939 4087 3267 4145 regressus,
3314 4073 3390 4128 ibi
3439 4071 3633 4129 deces-

2059 4169 2152 4223 sit.
2209 4167 2426 4238 Scripta
2485 4167 2609 4238 ejus
2664 4167 2820 4222 utilia
2877 4167 2945 4222 ab
3003 4177 3237 4237 utraque
3293 4165 3632 4236 recipiuntur

2059 4259 2328 4315 Ecclesia.

1179 4456 1264 4511 Ea:
1289 4456 1520 4512 Joannis
1555 4458 1826 4514 Trithemii
1859 4458 1934 4515 De
1960 4460 2307 4531 scriptoribus
2335 4459 2709 4515 ecclesiasticis
2743 4458 2897 4514 libro.

449 4566 692 4626 Joannes
741 4570 1046 4626 monachus
1099 4578 1156 4626 et
1206 4571 1499 4642 presbyter
1561 4569 1953 4640 Damascenus,
1988 4553 2034 4609 υ
2061 4588 2260 4628 manus
2281 4579 2668 4642 pervenerunt.
2694 4569 2820 4641 Legi
2841 4578 3052 4624 tantum
3070 4583 3208 4639 opus
3237 4567 3368 4622 illud
3401 4568 3636 4638 insigne.

380 4660 466 4715 vir
497 4660 693 4718 doctus
717 4669 772 4718 et
806 4672 1052 4726 sanctus,
1084 4663 1153 4719 de
1187 4678 1298 4734 quo
1342 4662 1594 4717 miranda
1625 4675 1949 4735 narrantur,

379 4761 603 4822 propter
624 4756 1007 4811 excellentiam
1026 4756 1294 4811 doctrina!
1318 4763 1373 4810 et
1402 4755 1530 4810 vita:
1551 4757 1950 4824 sinceritatem,

380 4845 438 4899 in
477 4858 674 4913 magno
715 4848 893 4916 pretio
935 4848 1162 4904 habitus
1195 4848 1342 4920 apud
1384 4847 1950 4920 ConstantinOpolim,

383 4936 645 5008 praelatus
662 4942 1059 4996 monachorum
1075 4943 1490 5008 constitutus,m
1500 4943 1643 5000 ultos
1658 4945 1726 5000 ab
1747 4945 1952 5016 iniqui-

383 5036 495 5090 tate
516 5029 734 5086 avertit.
757 5031 994 5102 Scripsit
1009 5033 1198 5090 Graeco
1227 5050 1478 5091 sermone
1496 5051 1606 5090 non
1635 5051 1808 5106 pauca
1836 5051 1956 5106 pro-

385 5118 542 5176 fundi
563 5135 763 5179 sensus
784 5123 1074 5192 opuscula,
1099 5126 1194 5183 sed
1223 5144 1395 5200 pauca
1421 5144 1615 5186 eorum
1645 5126 1712 5183 ad
1739 5136 1958 5184 nostras

2118 4659 2457 4716 Traditionis
2473 4659 2808 4716 Orthodoxa:
2828 4658 2976 4722 ﬁdei,
3002 4659 3175 4714 libros
3195 4656 3287 4722 IV,
3309 4657 3471 4712 Deum
3490 4673 3644 4712 nemo

2048 4753 2184 4810 uidit
2215 4769 2449 4822 unquam
2483 4752 2552 4807 ".

2119 4845 2372 4900 llEstoria:
2399 4844 2645 4898 Barlaam
2674 4850 2729 4898 et
2756 4840 3045 4913 Josaphat,
3077 4839 3282 4896 librum
3317 4854 3510 4894 unum.

2121 4935 2195 4991 De
2221 4935 2436 4990 caeteris
2467 4934 2605 4989 nihil
2638 4932 2768 4988 vidi.
2877 4934 2887 4944 ⁸

2133 5027 2346 5084 Claruit
2395 5027 2500 5083 sub
2558 5024 2876 5082 Theodosio
2938 5021 3302 5081 devotissimo
3347 5019 3640 5094 principe,

2063 5134 2209 5176 anno
2239 5119 2452 5175 Domini
2479 5133 2666 5174 cccxc.

1376 5237 1447 5294 Et
1487 5240 1764 5310 aliquanto
1795 5239 2016 5310 inferius
2049 5252 2114 5292 ea:
2140 5232 2320 5290 eodem
2354 5233 2472 5302 ejus
2497 5231 2655 5288 libro.

455 5340 699 5401 Joannes
754 5349 1062 5406 monachus
1115 5360 1171 5408 et
1227 5356 1538 5427 presbyter,
1591 5362 1958 5425 cognomento

385 5430 825 5508 Chrysorrboas,
870 5445 1095 5500 natione
1137 5443 1516 5508 Damascenus
1545 5463 1609 5504 ex
1651 5446 1833 5526 Syria,
1877 5446 1961 5502 vir

459 5571 506 5601 δ’
535 5569 729 5642 Joani,
764 5576 850 5636 ts.

2066 5349 2124 5402 in
2153 5344 2358 5402 divinis
2391 5341 2693 5414 Scripturis
2720 5349 2776 5400 et
2805 5357 2861 5396 In
2888 5340 3256 5398 saecularibus
3286 5340 3487 5396 litteris
3511 5353 3648 5393 eruo

2068 5451 2236 5518 ditus,
2284 5455 2338 5506 ct
2381 5459 2492 5504 non
2533 5443 2721 5502 minus
2761 5442 2876 5500 vita
2922 5455 3086 5516 quam
3144 5440 3373 5498 scientia
3437 5438 3647 5503 clarus,
