3974 6338
361 347 471 414 513

1558 344 1957 404 VARIORUM
2013 347 2409 411 EPISTOL/E.

3523 359 3620 422 5M

364 454 643 509 animatus
664 459 719 505 et
753 459 1084 521 provocatus
1114 451 1341 521 scriptis
1373 450 1622 523 Gregorii
1667 470 1816 523 papae
1858 452 1943 519 Ill,
1975 459 2021 513 A
2117 460 2318 514 Contra
2346 461 2581 518 Leonem
2616 464 3006 534 imperatorem
3040 467 3213 523 libros
3239 466 3301 522 ll.

362 548 566 617 quibus
618 542 978 614 impugnabat
1027 558 1272 598 errorem
1320 544 1522 599 Leonis
1570 548 1943 615 imperatoris,

364 636 594 707 scripsit
624 645 681 689 et
711 637 827 703 ipse
855 633 1065 689 Grazcis
1095 635 1213 691 suis
1245 636 1439 691 Graeco
1472 652 1726 692 sermone
1761 638 1875 709 (³⁸).

2126 551 2187 603 Et
2216 552 2462 620 qutedam
2495 554 2622 607 alia.

2122 639 2332 694 Claruit
2364 642 2466 696 sub
2501 641 2684 697 Leone
2718 643 3067 713 imperatore,
3101 662 3246 701 anno
3274 662 3503 702 nccxxx.

362 726 450 781 Ex
476 726 704 796 epistola
729 725 958 780 Joannis
990 723 1224 780 Canonis
1273 725 1675 792 Norimonlani,
1725 728 1933 781 ordinis
1970 728 2414 796 Prwdicatorum,
2459 734 2528 785 ad
2586 734 2794 787 beatum
2845 732 3151 788 Rhenanam
3182 735 3529 791 Selestensem
3562 735 3627 789 de

1313 796 1447 850 libro
1482 796 1720 867 Gregorii
1755 797 1985 867 Nysseni
2022 800 2099 854 De
2129 806 2395 856 creatione
2436 804 2685 857 hominis.

431 884 601 939 Multa
632 900 699 939 ex
730 883 919 937 Basilii
946 882 1129 953 Magni
1161 883 1499 942 Hexaemero
1521 887 1714 943 Graeco
1750 904 1941 943 emen-

361 977 511 1040 davi,
545 983 601 1031 et
630 974 783 1030 Helia
809 974 1086 1039 Cretensi,
1107 982 1162 1030 et
1198 975 1408 1033 Joanne
1438 978 1813 1042 Damasceno,
1848 977 1943 1049 qui

359 1067 634 1125 verbatim
665 1068 830 1123 etiam
862 1067 1031 1120 multa
1059 1068 1242 1137 capita
1276 1068 1527 1139 Gregorii
1562 1070 1796 1141 Nysscni
1829 1078 1917 1125 tan

361 1173 532 1227 quam
576 1171 643 1211 eo
674 1156 835 1226 longe
865 1156 1159 1226 posteriori
1206 1159 1324 1213 suis
1368 1160 1667 1215 sententiis
1708 1160 1946 1214 interse-

362 1250 511 1316 ruit;
546 1263 709 1320 quem
753 1258 1062 1319 praeceptor
1093 1258 1222 1306 tuus
1261 1249 1504 1306 Jacobus
1547 1251 1741 1317 Faber,
1774 1266 1948 1321 nuper

2048 894 2346 949 Latinitate
2394 895 2615 949 cultiori
2663 892 2989 948 decoravit:
3025 893 3233 947 utinam
3286 902 3465 950 tamen
3516 911 3625 950 non

2049 987 2193 1040 inter
2234 987 2540 1039 aulicorum
2578 985 2661 1044 (ut
2696 985 2814 1053 ipse
2846 985 2943 1050 ait)
2978 984 3267 1049 tumultus,
3302 992 3355 1038 et
3381 986 3628 1040 diverso-

2045 1076 2255 1129 riorum
2276 1075 2541 1143 angulos:
2566 1074 2933 1128 nihilominus
2949 1073 3216 1142 majorem
3240 1072 3628 1144 Burgundione

2044 1166 2263 1221 laudem
2294 1165 2537 1220 faciliori
2571 1179 2738 1235 opera
2768 1157 3119 1221 commeruit.

1540 1362 1795 1427 Rursum,
1823 1364 1967 1416 circa
2004 1358 2159 1427 ﬁnem
2188 1353 2448 1423 epistotw.

434 1450 677 1507 Joannes
694 1450 1074 1508 Damascenus
1098 1451 1558 1522 praeclarissimus
1584 1453 1945 1523 philosophus

361 1554 419 1600 et
450 1546 760 1615 theologus,
795 1553 949 1600 tanto
976 1546 1122 1599 hunc
1158 1554 1487 1614 prosecutus
1521 1555 1607 1601 est
1643 1548 1853 1599 honore
1891 1552 1946 1598 et

363 1639 760 1700 veneratione,
837 1645 898 1691 ut
974 1638 1121 1691 inter
1181 1636 1536 1692 scribendum
1604 1637 1944 1706 theologicas

363 1736 691 1785 sanctorum
720 1724 945 1781 Patrum
989 1728 1294 1782 sententias
1319 1728 1411 1796 qui
1445 1737 1571 1781 ante
1606 1743 1665 1783 se
1693 1725 1941 1790 fuerunt,

2053 1445 2255 1497 multos
2281 1456 2475 1496 versus
2516 1452 2917 1508 saepenumero,
2948 1439 3057 1492 imo
3100 1438 3314 1508 integra
3349 1439 3530 1509 capita
3568 1453 3635 1492 ex
3666 1470 3671 1471 κ

2050 1536 2154 1589 hoc
2186 1535 2327 1588 libro
2364 1541 2559 1586 nostro
2589 1545 2909 1601 excerpere,
2943 1538 2996 1584 et
3027 1545 3130 1585 suo
3174 1534 3348 1586 textui
3386 1531 3635 1587 inserere

2050 1630 2277 1683 minime
2307 1624 2660 1682 dubitaverit.

755 1816 839 1870 Ea:
855 1816 996 1869 beati
1029 1814 1268 1869 thenani
1299 1814 1525 1884 epistola
1559 1816 1630 1868 ad
1667 1816 1926 1869 Jacobnm
1960 1810 2204 1866 Fabrum
2243 1809 2618 1879 Stapulcnsem
2653 1817 3025 1880 praeoptarent
3062 1826 3236 1863 suum.

435 1907 576 1974 Quis
625 1919 735 1960 non
787 1904 1194 1975 philos0phiam
1254 1906 1338 1959 vel
1395 1905 1632 1959 maxime
1691 1904 1950 1969 laudarit,
1988 1906 2027 1960 Β
2055 1916 2253 1971 pauca,
2290 1915 2415 1955 cum
2452 1898 2759 1954 sententias
2795 1899 3020 1953 Patrum
3051 1900 3354 1969 colligeret,
3409 1906 3629 1953 mutua-

365 2014 495 2056 cum
530 1999 647 2052 haec
674 1996 951 2051 hominem
984 1996 1039 2049 in
1070 1995 1336 2065 suiipsius
1371 1996 1743 2066 cognitionem
1775 1993 1946 2053 addat-

367 2088 490 2144 cat?
508 2084 952 2139 Laudabiliorem
979 2091 1160 2139 tamen
1177 2099 1402 2148 censeo,
1426 2099 1547 2153 quae
1573 2100 1601 2137 a
1618 2083 1948 2138 Christianis

366 2176 689 2249 proﬂuens,
729 2188 922 2228 eorum
966 2190 1089 2244 quae
1131 2174 1197 2229 ad
1244 2174 1485 2229 hominis
1537 2174 1769 2228 salutem
1816 2173 1948 2227 atti-

367 2276 519 2333 nent,
560 2264 724 2320 simul
764 2264 1044 2329 admonet,
1077 2267 1228 2320 velut
1278 2266 1394 2320 hsce
1441 2266 1808 2321 subtilissima
1858 2263 1946 2318 di-

367 2360 479 2416 vini
511 2356 761 2427 Gregorii
793 2353 1025 2426 Nysseni
1052 2357 1325 2422 doctrina,
1352 2374 1473 2427 quae
1502 2373 1626 2411 cum
1649 2358 1944 2411 multorum

366 2464 587 2509 errores
621 2455 908 2517 coarguat,
943 2448 1133 2503 solidae
1161 2450 1378 2503 veritati
1408 2449 1682 2503 innititur.
1710 2447 1749 2500 E
1780 2449 1939 2518 cujus

369 2557 513 2615 penu
536 2537 924 2596 sanctissimus
948 2539 1108 2595 Pater
1134 2538 1376 2597 Joannes
1403 2539 1798 2606 Damascenus,
1827 2555 1936 2594 non

2044 2001 2135 2047 tus
2167 1998 2274 2055 est,
2309 2005 2471 2059 quem
2507 1997 2565 2044 tu
2597 1990 2988 2059 superioribus
3021 1992 3184 2046 annis
3227 1991 3318 2044 diu
3375 1990 3626 2059 ignotum

2044 2090 2098 2138 et
2128 2082 2515 2138 semilacerum
2552 2081 2620 2135 ad
2665 2081 3040 2137 studiosorum
3092 2082 3385 2137 utilitatem
3428 2099 3628 2138 recon-

2044 2174 2306 2231 cinnasti.
2342 2172 2549 2229 Vellem
2589 2172 2774 2229 autem
2804 2215 2818 2240 ,
2855 2173 3168 2228 clarissime
3217 2173 3333 2237 vir,
3376 2183 3438 2227 ut
3489 2174 3632 2229 sicut

2043 2264 2443 2320 Damascenum
2473 2265 2831 2320 celeberrima
2863 2264 3195 2319 Parisiorum
3215 2263 3497 2317 academia
3516 2264 3628 2333 jatn

2043 2355 2252 2426 pridem
2287 2354 2664 2410 favorabiliter
2694 2355 2966 2423 suscepit,
2997 2354 3071 2408 ita
3100 2362 3154 2407 et
3185 2352 3491 2424 Nyssenum
3526 2354 3631 2406 Da-

2048 2461 2306 2502 masceno
2356 2446 2725 2517 antiquiorem
2773 2445 3001 2500 minime
3059 2446 3331 2515 neglectui
3382 2446 3627 2502 haberet.

1872 2690 2102 2747 NOTAE.

440 2787 556 2858 (38)
610 2786 735 2842 Hac
784 2787 925 2843 bene
968 2786 1327 2849 Trithemins,
1384 2787 1487 2858 qui
1543 2794 1723 2858 tamen
1784 2786 1927 2841 duos

367 2856 608 2914 Joannes
668 2858 1035 2913 Damascenos
1077 2859 1329 2927 imperite
1368 2857 1538 2926 ponit.
1584 2856 1764 2927 Nugas
1803 2857 1927 2925 ejus

408 2929 607 2993 riores,
662 2942 874 2983 necnon
941 2928 1297 2989 Volaterrani,
1351 2942 1472 2996 quae
1522 2942 1586 2982 ex
1649 2927 1927 2980 Vincentii

446 2998 778 3062 llovacensis
813 2998 1035 3066 Speculo
1066 3007 1291 3067 accepta
1323 3006 1496 3062 sunt,
1544 2996 1763 3051 erudite
1796 3012 1939 3051 con-

2038 2784 2179 2836 t'ntat
2222 2781 2332 2837 Leo
2362 2782 2597 2836 Allatius
2628 2782 2684 2836 in
2714 2796 2883 2852 opere
2933 2783 2998 2836 de
3044 2782 3253 2838 Joanne
3292 2782 3633 2837 Damasceno

2036 2862 2089 2907 et
2115 2856 2238 2918 ejus
2270 2855 2559 2922 operibus,
2592 2854 2736 2921 quod
2774 2852 3211 2921 Prolegomenon
3242 2854 3362 2908 loco
3398 2852 3631 2906 editioni

2041 2932 2249 2978 nostra:
2292 2922 2716 3000 prtemittimus.

414 3194 3626 3219 *Μ

1820 3339 2205 3400 ΕΡΙΞΤΟΙΑἘ

369 3494 928 3562 Hlustrissimorum
980 3500 1166 3572 atque
1188 3488 1699 3554 doctissimorum
1732 3490 2079 3575 prtesulum
2112 3492 2231 3553 DD.
2261 3490 2803 3569 CaroliMonchal,
2850 3492 3313 3572 archiepiscoPi
3343 3493 3634 3556 Tolosani

809 3601 869 3657 et
893 3593 1154 3673 Iosephi
1182 3592 1386 3654 Maria:
1414 3592 1661 3665 Suarez,
1701 3590 1984 3671 episcOpi
2012 3589 2434 3662 Vasionensis,
2477 3590 2553 3653 de
2585 3588 2850 3651 edendis
2880 3590 3180 3670 operibus

1566 3692 1766 3755 sancti
1793 3690 2056 3753 Joannis
2094 3692 2481 3753 Damasceni.

372 4018 611 4089 Epistola
648 4017 840 4089 prima,
865 4030 1005 4089 quae,
1030 4014 1084 4067 ni
1117 4014 1299 4089 fallor,
1331 4013 1720 4089 scri_pta_est_ad
1752 4013 1948 4089 claris-

442 4082 838 4142 simum-virum
866 4082 1090 4139 Leonem
1118 4082 1389 4138 'Allatium
1420 4083 1726 4138 Barberina:
1751 4082 1945 4136 biblio-

443 4159 602 4211 theca:
632 4155 899 4209 custodem
940 4171 1002 4208 ac
1022 4154 1345 4222 prwfectum.
1382 4153 1554 4221 Hujus
1591 4154 1720 4206 mihi
1745 4155 1948 4219 capiant

441 4227 567 4297 fecit
604 4225 668 4279 R.
692 4225 977 4280 admodum
996 4223 1062 4278 P.
1090 4222 1395 4278 Bernardus
1419 4222 1483 4277 de
1515 4222 1945 4292 Montefalconis.

442 4337 661 4395 Redditi
699 4338 835 4394 mihi
886 4338 1109 4393 fuerunt
1141 4337 1293 4407 vrld.
1324 4336 1558 4407 Augusti
1586 4338 1699 4407 duo
1730 4337 1949 4392 codices

370 4410 713 4481 ὲξηγητικῶν
746 4408 1015 4481 _0rigenis
1044 4409 1098 4462 in
1150 4405 1475 4481 Matth-amnt
1504 4413 1557 4463 et
1578 4405 1847 4481 Joannem
1870 4423 1948 4481 ex

369 4476 704 4536 bibliotheca
740 4476 1042 4534 Barberina
1099 4476 1165 4531 ad
1201 4493 1300 4533 nos
1336 4493 1431 4546 per
1467 4486 1517 4531 te
1571 4476 1884 4532 transmissi
1916 4492 1934 4530 :

368 4566 484 4619 quo
534 4551 753 4604 nomine
782 4549 1074 4619 plurimum
1101 4548 1199 4602 tibi
1243 4548 1417 4603 debeo
1441 4587 1456 4613 ,
1484 4546 1577 4619 qui
1617 4547 1938 4619 eminentis-

367 4615 497 4675 simi
538 4615 836 4674 eardinalis
870 4617 1183 4672 mandatum
1212 4625 1366 4672 tanto
1399 4616 1585 4673 studio
1608 4630 1672 4670 ac
1704 4615 1939 4683 diligen-

369 4692 449 4744 tia
507 4688 792 4760 peregisti,
826 4696 897 4760 ut,
913 4686 1054 4760 illud
1083 4702 1391 4757 occupasse
1446 4686 1706 4760 videaris.
1738 4685 1938 4760 nedum

371 4756 749 4835 exspectasse.
784 4758 1057 4835 Addidisti
1082 4756 1350 4835 penes_te
1410 4771 1534 4812 esse
1568 4756 1768 4835 librum
1816 4756 1941 4825 ejus

369 4824 623 4885 auctoris
653 4844 820 4882 unum
864 4826 1005 4893 Περὶ
1036 4824 1154 4879 τῶν
1183 4824 1743 4896 φιλοσοφουμένων,
1778 4824 1941 4896 quem

368 4901 615 4972 primum
651 4913 774 4953 esse
805 4899 1002 4972 merito
1053 4897 1357 4966 suspicaris
1389 4895 1580 4972 eorum
1610 4911 1762 4972 quos
1793 4895 1938 4972 scri-

410 4970 484 5023 sit
514 4968 780 5023 adversus
823 4968 1090 5030 haereses;
1131 4965 1194 5021 ac
1235 4974 1497 5036 praeterea
1535 4965 1738 5021 habere
1765 4973 1816 5020 te
1836 4965 1944 5019 alia

391 5039 476 5094 SS.
500 5037 724 5092 Patrum
756 5036 944 5092 Graeca
964 5044 1321 5091 monumenta
1352 5036 1596 5091 nondum
1632 5036 1798 5099 edita,
1820 5049 1944 5104 quae

368 5110 676 5163 missurum
700 5116 751 5161 te
771 5107 1037 5161 continuo
1060 5105 1352 5177 recipis,si
1368 5104 1666 5177 consilium
1690 5114 1941 5177 nostrum

366 5178 445 5232 de
478 5178 739 5246 operibus
774 5191 965 5246 eorum
1000 5174 1339 5231 excudendis
1363 5174 1945 5246 significavero._Seito

368 5242 567 5317 itaque
603 5245 735 5317 cieri
757 5245 1035 5317 Gallicani
1063 5258 1208 5317 cura
1242 5253 1289 5301 et
1328 5242 1799 5317 impensis_parari
1833 5244 1945 5317 edi-

368 5312 581 5371 tionem
620 5314 722 5385 SS.
756 5313 1031 5385 Ephrem,
1061 5313 1306 5385 Maximi,
1337 5312 1568 5370 Joannis
1597 5312 1942 5385 Damasceni,

369 5394 429 5441 et
490 5384 745 5456 Origenis
781 5381 924 5440 :‘sed
977 5384 1147 5453 hujus
1212 5381 1391 5456 pauca
1426 5383 1721 5456 admodum
1749 5381 1945 5456 Graeca

370 5471 504 5511 esse
542 5452 716 5526 ea‘que
751 5456 968 5510 mutila.
1023 5452 1229 5510 Verum
1278 5470 1431 5526 spem
1465 5454 1629 5510 nobis
1684 5452 1945 5522 iniectam

370 5540 499 5597 esse
520 5525 823 5597 ὲξηγητικὰ
849 5525 1232 5597 quaemisisti,
1283 5525 1637 5597 integerrima
1670 5532 1947 5597 repertum

373 5595 449 5649 iri
483 5612 498 5648 :
534 5593 848 5666 quanquam
866 5593 952 5651 ex
982 5595 1052 5650 iis
1075 5611 1197 5665 qua:
1215 5595 1329 5665 jam
1356 5593 1742 5666 delibavimus,
1766 5593 1948 5666 hiu_lca

375 5662 653 5735 permulta
686 5662 850 5721 nobis
890 5666 1003 5719 visa
1039 5662 1189 5729 sunt,
1218 5662 1322 5720 nec
1371 5666 1542 5719 multo
1580 5664 1667 5720 his
1696 5662 1952 5735 quaeRe-

372 5734 472 5806 gio
520 5735 713 5792 codice
752 5735 1109 5809 continentur
1166 5736 1388 5792 saniora
1431 5735 1618 5795 nescio
1654 5749 1725 5791 an
1771 5734 1951 5791 adhuc

2053 4011 2336 4082 ampliora.
2400 4009 2574 4065 Tuam
2625 4013 2812 4081 itaque
2868 4027 3050 4082 opem,
3103 4011 3168 4067 V.
3221 4012 3344 4077 GL,
3408 4029 3516 4081 quo
3580 4015 3635 4069 in

2055 4098 2257 4151 genere
2305 4082 2454 4154 nulla
2520 4090 2604 4137 est
2668 4084 2885 4154 uSpiam
2957 4083 3279 4151 praesentior
3334 4093 3639 4153 atquecer—

2056 4155 2182 4234 tior,
2212 4230 2221 4234 Δ
2248 4153 2441 4234 merito
2488 4154 2727 4234 petimus
2747 4153 2861 4234 ".ac
2945 4167 3296 4234 speramus,
3338 4162 3396 4205 ut
3458 4154 3638 4234 sicubi

2056 4223 2346 4291 scriptoris
2409 4221 2575 4292 hujus
2636 4221 2849 4289 inedita
2899 4223 3148 4292 quaedam
3226 4222 3398 4275 latere
3455 4226 3636 4285 nosti,

2054 4307 2118 4346 ea
2142 4290 2317 4362 nobis
2349 4291 2598 4362 indicare
2642 4306 2751 4346 non
2786 4290 3057 4361 graveris.
3108 4290 3244 4358 Quae
3273 4307 3408 4346 vero
3466 4307 3637 4362 penes

2055 4361 2244 4431 tejam
2281 4372 2433 4432 sunt,
2476 4361 2593 4417 sive
2624 4377 2687 4416 ea
2714 4362 2829 4432 sint
2854 4361 3131 4432 Origenis.
3169 4377 3266 4418 seu
3308 4361 3507 4418 vetusti
3540 4378 3639 4417 cu-

2052 4432 2268 4503 jusdam
2300 4431 2506 4497 Patris,
2541 4431 2766 4500 quando
2800 4441 2911 4485 tam
2943 4431 3236 4503 prolixeiet
3266 4432 3503 4503 benigne
3536 4447 3639 4487 no-

2041 4502 2255 4557 biscum
2300 4502 2443 4572 agis,
2474 4503 3085 4572 quteso,ritransmitte.
3149 4502 3305 4568 Quod
3367 4502 3637 4557 monuisti

2040 4571 2404 4626 remittendos
2449 4571 2574 4626 esse
2605 4571 2850 4637 codices,
2880 4572 3130 4626 editione
3156 4582 3403 4641 peracta,
3442 4572 3638 4627 sedulo

2042 4641 2094 4694 id
2127 4642 2348 4711 quidem
2378 4658 2441 4696 ac
2463 4641 2713 4698 studiose
2738 4642 3042 4711 perﬁciam,
3067 4649 3121 4696 et
3152 4643 3196 4697 si
3218 4642 3422 4711 quibus
3447 4641 3641 4697 oﬂieiis

2040 4711 2384 4782 remunerari
2435 4726 2700 4782 possum,
2763 4720 2961 4782 praesto
2987 4726 3073 4766 me
3104 4712 3203 4766 tibi
3261 4726 3477 4782 semper
3524 4711 3642 4767 fore

2045 4780 2381 4851 persuadeas
2407 4781 2594 4837 velim.
2630 4780 2863 4836 Lutetia:
2894 4780 3233 4837 Parisiorum
3259 4788 3367 4838 etc.

2043 4924 2299 4965 EPISTOLA
2382 4925 2619 4965 EJUSDEM
2706 4926 3097 4968 ILLUSTRISSIII
3131 4926 3528 4968 ABCBIEPISCOPI
3578 4929 3646 4968 AD

2081 4996 2134 5034 ιι.
2168 4996 2216 5033 P.
2252 4995 2588 5036 FRANCISCUM
2621 4997 2884 5038 COIBEFIS
2909 4997 3127 5038 ORDINIS
3153 4997 3605 5038 PREDICATORUI.

2116 5098 2179 5154 R.
2309 5098 2387 5153 La
2412 5100 2559 5171 lettre
2593 5114 2691 5169 que
2719 5116 2843 5155 vons
2875 5117 3001 5156 avez
3027 5101 3135 5169 pris
3168 5100 3221 5156 la
3250 5102 3399 5171 pcine
3436 5100 3646 5171 dem‘é-

2046 5171 2183 5224 crire
2203 5170 2272 5222 du
2294 5170 2503 5224 dernier
2523 5169 2736 5234 Juitlet,
2763 5172 2863 5240 fait
2883 5173 3113 5225 mention
3137 5169 3294 5225 d‘une
3328 5170 3637 5240 précédettte

2045 5242 2136 5311 qui
2171 5243 2379 5311 neon'a
2399 5254 2495 5311 pas
2520 5242 2599 5293 été
2626 5239 2844 5311 rendue”,
2909 5240 3115 5311 Quand
3151 5256 3273 5311 vous
3311 5241 3560 5308 prendres
3587 5239 3643 5293 la

2046 5308 2193 5379 pelue
2221 5308 2285 5363 de
2316 5309 2573 5374 m‘écrire,
2625 5326 2749 5364 vous
2786 5309 2967 5364 n’avez
3010 5310 3133 5379 qu’a
3182 5309 3297 5363 bien
3368 5312 3641 5377 enveloper

2047 5397 2157 5451 vos
2174 5381 2376 5444 lettres,
2408 5388 2456 5451 et
2490 5380 2563 5433 les
2592 5395 2815 5451 envoyer
2848 5396 2917 5434 au
2947 5379 3296 5451 Courrier_de
3334 5379 3546 5442 Tolose,
3574 5396 3643 5433 ou

2048 5452 2081 5503 ὰ
2103 5449 2375 5520 Monsieur
2403 5449 2467 5503 de
2503 5450 2556 5520 la
2585 5447 3063 5520 Maré,Bourgeois
3092 5451 3154 5502 de
3194 5448 3374 5512 Paris,
3428 5452 3643 5504 demen-

2051 5529 2173 5574 rant
2203 5524 2300 5572 rué
2338 5517 2401 5574 S.
2436 5519 2617 5572 Andre
2638 5520 2727 5571 des
2754 5517 3018 5585 Arcs,'au
3058 5521 3236 5574 clteval
3270 5522 3407 5583 noir,
3432 5522 3521 5587 qui
3562 5536 3645 5575 me

2053 5591 2125 5645 les
2150 5591 2268 5659 fera
2297 5587 2613 5659 tenirJJ‘ay
2634 5589 2713 5642 été
2737 5588 2852 5643 bien
2884 5592 2995 5644 aise
3033 5589 3240 5644 d’avoir
3261 5607 3327 5643 ou
3353 5589 3488 5643 dans
3517 5591 3645 5644 cette

2051 5658 2159 5748 que
2186 5660 2325 5748 j‘aa
2359 5658 2539 5748 recite",
2573 5658 2661 5713 nos
2696 5659 2934 5748 touablcs
2990 5659 3260 5748 deuehar:
3290 5659 3647 5748 aux’q‘uelskje

2053 5728 2327 5801 n‘ay’qu‘a
2359 5745 2483 5785 vous
2513 5744 2859 5800 encourager,
2886 5741 2935 5790 et
2972 5745 3099 5787 eous
3132 5729 3291 5805 oﬂ'rir
3324 5738 3435 5785 tout
3473 5744 3529 5783 ce
3555 5728 3647 5794 qui
