3974 6338
525 409 807 466 aspersus,
855 390 950 462 qui
999 388 1518 460 perturbatissimos
1571 388 1626 441 in
1679 387 1890 458 meipso
1969 401 2104 443 con-
2135 395 2176 450 Α

529 488 782 545 scientiae
823 484 1024 540 fluctus
1059 498 1190 554 gero
1220 500 1234 548 ;
1268 483 1362 552 qui
1395 496 1494 536 nec
1553 480 1774 545 mentis,
1810 495 1911 535 nec
1959 479 2111 550 cogi-

527 579 757 636 tationis
798 579 950 634 labes
993 577 1128 640 elui,
1161 590 1273 646 quo
1317 573 1411 628 Dei
1453 571 1876 642 divinarumque
1909 571 2112 627 forma-

526 685 651 726 rum
690 670 982 741 speculum
1039 681 1166 723 esse
1222 665 1434 720 valeam
1471 669 1632 730 ;.cui
1676 665 1896 720 tandem
1955 664 2112 720 deest

527 764 726 826 oratio,
761 777 886 832 quae
917 760 986 815 ad
1019 774 1106 814 res
1142 759 1332 812 animo
1357 756 1796 826 comprehensas
1825 755 2112 825 explican-

526 853 629 910 das
660 851 918 916 suﬂiciat,
951 863 1192 920 quanam
1223 847 1440 901 ratione
1470 845 1688 902 divinas
1711 847 2112 918 abstrusasque

527 960 641 1010 res,
691 951 745 998 et
793 956 915 1014 quae
953 940 1246 996 rationalis
1299 938 1483 994 omnis
1550 946 1822 994 creatura:
1887 948 2109 1008 captum

525 1034 825 1100 excedunt,
871 1032 1173 1086 edisseram
1205 1029 1228 1082 ?
1259 1027 1384 1083 Haec.
1433 1027 1622 1097 itaque
1674 1043 1799 1082 cum
1838 1026 1957 1098 ipse
1996 1041 2113 1084 me-

527 1137 654 1176 cum
698 1119 1141 1185 considerarent,
1195 1125 1413 1172 tentare
1470 1132 1785 1172 sermonem
1846 1117 2107 1188 pigebat:

526 1219 642 1265 tum
671 1225 801 1266 vero
835 1210 1002 1265 etiam
1037 1208 1270 1279 obsequi
1311 1206 1594 1272 mandatis
1641 1207 1876 1270 verebar
1909 1207 2109 1276 (dicam

525 1304 673 1357 enim
727 1302 877 1373 quod
939 1316 1031 1356 res
1078 1300 1184 1371 est)
1227 1315 1296 1356 ne
1351 1299 1714 1356 deridendum
1768 1315 1855 1355 me
1907 1299 2107 1369 duplici

526 1395 755 1450 nomine
788 1394 1160 1466 propinarem,
1201 1393 1526 1461 ignorantia:
1553 1392 1839 1458 nimirum,
1867 1402 1940 1458 et,
1962 1391 2110 1462 quod

527 1485 919 1558 gravissimum
977 1489 1083 1549 est,
1133 1482 1464 1538 temeritatis
1521 1490 1576 1536 et
1630 1482 1937 1537 dementiae.
1971 1481 2110 1536 Nam

528 1578 854 1651 ignorantia:
879 1576 1103 1646 quidem
1130 1575 1294 1645 culpa
1333 1575 1551 1629 veniam
1585 1585 1851 1639 meretur,
1890 1576 2111 1646 quando

529 1669 755 1726 aliunde
801 1673 967 1738 atque
1022 1682 1090 1723 ex
1139 1665 1395 1723 socordia
1459 1666 1734 1724 nascitur.
1769 1669 1838 1720 At
1865 1668 2111 1724 scientia:

526 1764 844 1834 Opinionem
899 1777 1028 1817 cum
1098 1760 1323 1816 inscitia
1369 1760 1728 1830 conjunctum
1782 1760 2007 1828 habere,
2053 1761 2108 1817 id
2141 1735 2182 1790 Β

529 1852 783 1923 profecto
834 1868 1001 1924 grave
1044 1862 1097 1907 et
1151 1851 1428 1920 vituperio
1483 1850 1669 1920 potius
1726 1867 1893 1922 quam
1941 1853 2108 1908 venia

526 1945 751 2016 dignum
787 1944 956 1999 fuerit
993 1962 1007 2011 ;
1042 1943 1292 2014 quinimo
1336 1943 1662 2013 ignorantiae
1687 1944 2009 2007 crassioris.
2040 1961 2109 2001 ne

525 2038 704 2090 dicam
747 2045 1028 2100 extremm,
1086 2042 1474 2106 argumentum
1513 2045 1616 2088 cat.
1671 2033 1944 2089 Caeterum
1982 2036 2108 2091 ino-

526 2128 816 2184 bcdicntia:
867 2127 1082 2182 fructus
1119 2141 1268 2181 mors
1297 2134 1399 2191 est,
1437 2127 1528 2195 qui
1559 2141 1688 2180 vero
1736 2126 2106 2181 humilitatem

527 2227 582 2274 et
612 2218 983 2274 obedientiam
1015 2217 1170 2281 colit,
1201 2232 1325 2272 cum
1355 2232 1476 2272 sese
1521 2218 1856 2272 imitatorem
1901 2217 2111 2274 Christi

430 2341 436 2349 -
531 2309 586 2362 in
623 2309 784 2364 finem
817 2325 992 2380 usque
1031 2308 1299 2379 praebeat,
1337 2307 1385 2362 is
1427 2308 1480 2362 in
1517 2308 1688 2363 altum
1723 2307 2053 2375 subvectus,
2082 2324 2114 2364 a

526 2399 637 2457 Deo
685 2401 920 2472 gratiam
954 2401 1094 2456 lucis
1139 2399 1532 2456 administrant
1584 2407 1850 2472 reportat,
1884 2410 2110 2472 aperto-

523 2507 634 2562 que
667 2507 783 2553 ore.
815 2491 1077 2562 impletur
1110 2490 1341 2561 Spiritu,
1366 2500 1590 2561 pectore
1647 2501 1948 2563 purgatur,
1982 2493 2113 2548 illu-

527 2590 742 2638 stratur
772 2585 981 2647 animo,
1017 2597 1328 2639 sermonem
1349 2582 1550 2652 accipit.
1581 2582 1637 2637 in
1655 2583 1940 2653 apertione
1969 2585 2106 2648 oris,

523 2681 599 2739 et,
638 2690 760 2728 cum
807 2689 920 2729 non
967 2674 1172 2745 cogitet
1199 2672 1334 2742 quid
1368 2672 1518 2742 loqui
1559 2671 1778 2736 debeat,
1829 2673 2110 2744 loquentis

530 2768 719 2836 potius
772 2767 827 2821 in
876 2782 935 2822 se
987 2765 1220 2836 spiritus
1262 2778 1530 2834 organum
1602 2763 1844 2818 exsistit.
1902 2764 2110 2830 Quam-

531 2857 720 2913 obrem
753 2875 848 2928 per
888 2872 988 2912 vos
1026 2856 1292 2912 obediens
1320 2854 1560 2920 Christo,
1595 2853 1689 2924 qui
1732 2855 2009 2923 pontificis
2051 2863 2105 2912 in

505 289 634 354 ‘523
1723 281 1783 340 s.
1826 281 2146 342 JOANNIS
2187 279 2618 340 DAMASCENI
3711 279 3810 342 524

2213 388 2347 458 μήτε
2374 386 2521 450 νοῦν,
2550 389 2688 458 μήτε
2719 387 2958 442 διάνοιαν
2982 388 3516 460 κεκαθαρμένος,ὡς
3546 389 3805 459 ἔσοπτρον

2213 477 2350 532 Θεοῦ
2397 479 2626 534 καὶτῶν
2670 479 2832 532 θείων
2870 481 3212 552 χρηματίσαι
3260 482 3558 551 ἐμφάσεων
3581 479 3628 544 ί,
3666 483 3800 554 μήτε

2212 569 2369 639 λόγον
2400 569 2542 641 ἔχων
2586 555 2893 638 ἐπαρκέσαι
2948 577 3062 637 τοῖς
3112 573 3354 642 νοηθεῖσι
3387 573 3711 644 δυνάμενον,
3738 575 3805 628 τὰ

2213 663 2333 716 θεῖα
2361 664 2459 718 καὶ
2505 663 2722 736 ἄρρητα
2754 664 3080 736 φθέγξομαι,
3121 664 3189 718 τὰ
3232 665 3414 736 πάσης
3437 665 3666 736 λογικῆς
3691 666 3808 718 κτί-

2215 772 2354 819 σεως
2391 755 2793 828 ὑπερϐαίνοντα
2833 757 2930 826 τὴν
2974 757 3320 826 κατάληψιν;
3349 756 3524 811 ταῦτα
3555 757 3620 829 δή
3661 757 3806 826 λογι·

2213 842 2462 914 ζόμενος,
2485 843 2696 898 ὤκνουν
2721 845 2814 898 τὸν
2832 845 2992 914 λόγον
3013 848 3058 912 Β,
3079 846 3303 899 ἐδεδίειν
3333 865 3392 900 τε
3416 848 3475 900 τὸ
3502 847 3802 917 ἐπίταγμαο

2212 935 2496 1006 εἰρήσεται
2531 935 2640 1008 γὰρ
2664 936 2918 1007 τάληθὲς,
2958 938 3171 1008 μήποτε
3207 937 3436 992 διπλοῦν
3467 937 3691 1009 ὀφλήσω
3712 939 3806 992 τὸν

2211 1028 2450 1097 γέλωτα,
2487 1028 2586 1098 τῆς
2617 1028 2860 1098 ἀμαθίας
2904 1030 3054 1100 ἅμα,
3104 1031 3200 1084 καὶ
3247 1032 3348 1100 τῆς
3393 1030 3581 1094 ἀνοίας
3606 1073 3621 1096 ,
3651 1032 3712 1083 τὺ
3739 1031 3804 1102 δὴ

2213 1117 2622 1189 χαλεπώτατον.
2651 1117 3010 1187 Σύγγνωστον
3044 1119 3155 1190 γὰρ
3196 1118 3297 1189 τῆς
3325 1119 3568 1190 ἀμαθίας
3611 1119 3675 1172 τὸ
3707 1119 3804 1187 ἐγ-

2213 1211 2422 1281 κλημα,
2460 1211 2510 1263 εἰ
2549 1211 2625 1282 μὴ
2678 1212 2742 1264 ὲκ
2785 1210 3061 1282 ῥᾳθυμίας
3096 1212 3441 1284 προέρχοιτο.
3485 1213 3558 1265 Τὸ
3608 1213 3665 1266 δὲ
3706 1213 3806 1266 σὺν

2213 1306 2280 1374 τῇ
2315 1303 2529 1374 ἀμαθίᾳ
2573 1304 2874 1374 κεκτῆσθαι
2916 1303 3016 1375 τὴν
3063 1304 3164 1373 τῆς
3193 1303 3448 1372 γνώσεως
3477 1304 3676 1375 οἴησιν,
3709 1323 3809 1375 χα-

2211 1393 2396 1458 λεπὸν,
2433 1394 2528 1446 καὶ
2571 1394 2862 1464 ὲπίμωμον
2882 1435 2897 1461 ,
2928 1395 3023 1448 καὶ
3057 1394 3390 1467 συγγνώμης
3421 1397 3644 1468 ἀπάσης
3677 1397 3810 1450 ἀνά-

2213 1486 2348 1553 ξιον,
2377 1487 2470 1540 καὶ
2495 1486 2762 1557 μείζονος,
2796 1487 2883 1540 ἴνα
2918 1487 2994 1557 μὴ
3027 1487 3171 1556 λέγω
3198 1488 3298 1557 τῆς
3331 1487 3530 1558 ἄκρας,
3557 1488 3808 1558 ἀμαθίας

2211 1577 2530 1647 τεκμήριον.
2586 1575 2724 1627 Ἀλλ’
2773 1577 2964 1646 ἐπειδὴ
3011 1577 3112 1646 τῆς
3170 1577 3459 1648 παρακοῆς
3499 1579 3528 1631 ὁ
3566 1577 3804 1649 καρπὸς,

2215 1664 2466 1728 θάνατος’
2502 1667 2530 1720 ό
2572 1664 2628 1718 δὲ
2657 1666 2916 1730 ταπεινὸς
2937 1667 3033 1720 καὶ
3071 1667 3336 1736 ὑπήκοος,
3359 1665 3598 1737 Χριστοῦ
3631 1686 3811 1740 μιμη-

2212 1757 2310 1830 τής
2330 1755 2359 1796 ιι
2385 1757 2810 1829 καθιστάμενος,
2835 1757 2996 1830 μέχρι
3023 1760 3210 1822 τέλους
3243 1761 3402 1828 πρὸς·
3419 1758 3554 1830 ὕψος
3603 1761 3811 1829 ἀνάγε-

2212 1867 2324 1916 ται,
2356 1851 2448 1904 καὶ
2491 1853 2653 1924 χάριν
2691 1851 2846 1923 παρά
2899 1851 3036 1905 Θεοῦ
3070 1853 3168 1923 τὴν
3208 1853 3545 1921 φωταγωγὸν
3576 1851 3811 1923 κομίζε-

2213 1957 2324 2002 ται,
2359 1941 2455 1994 καὶ
2492 1943 2726 2009 ἀνοίγων
2758 1941 2818 1994 τὸ
2854 1942 3032 2011 στόμα
3070 1942 3374 2014 πληροῦται
3420 1945 3735 2013 πνεύματος
3761 1944 3811 2007 δ,

2213 2031 2307 2084 καὶ
2337 2030 2568 2102 καρδίαν
2605 2031 2953 2103 καθαίρεται,
2985 2031 3226 2086 διάνοιάν
3261 2050 3321 2085 τε
3354 2033 3686 2103 φωτίζεται,
3713 2035 3816 2088 καὶ

2211 2123 2483 2193 λαμϐάνει
2541 2123 2698 2191 λόγον
2729 2124 2786 2176 ὲν
2837 2123 3042 2189 ἀνοίξει
3090 2124 3382 2194 στόματος,
3408 2125 3470 2178 οὑ
3522 2125 3814 2196 μεριμνῶν

2209 2215 2262 2268 τί
2304 2215 2570 2285 λαλήσει,
2603 2214 2836 2286 ὄργανον
2884 2214 2942 2267 δὲ
2978 2216 3338 2285 χρηματίζων
3373 2215 3388 2265 1'
3424 2218 3483 2269 ὲν
3513 2216 3664 2288 αὑτῷ
3703 2215 3816 2270 λα-

2210 2307 2430 2371 λοῦντος
2453 2307 2548 2360 τοῦ
2576 2307 2911 2378 πνεύματος,
2937 2307 3006 2360 δι’
3049 2307 3206 2378 ὑμῶν
3251 2309 3328 2380 τῷ
3356 2309 3413 2361 ὲν
3453 2309 3582 2380 ὑμῖν
3619 2311 3818 2381 ίεραρ-

2210 2399 2396 2470 χοῦντι
2412 2399 2638 2471 Χριστῷ
2663 2398 2988 2469 πειθόμενος
3012 2399 3320 2453 ὑποκύπτω
3337 2398 3412 2470 τῷ
3438 2401 3816 2470 ὲπιτάγματι,

2212 2493 2306 2546 καὶ
2337 2491 2541 2559 ἀνοίγω
2571 2490 2630 2544 τὸ
2659 2490 2854 2562 στόμα,
2884 2491 3104 2563 θαρρῶν
3127 2493 3251 2555 ταῖς
3271 2491 3568 2563 ὑμετέραις
3591 2492 3816 2562 εὐχαῖς,

2217 2584 2293 2648 ὡς
2324 2583 2746 2655 πληρωθήσεται
2775 2582 3108 2654 πνεύματος,
3149 2583 3244 2637 καὶ
3289 2583 3511 2655 λαλήσω
3543 2583 3726 2652 λόγια,
3750 2586 3820 2637 οὑ

2215 2675 2316 2747 τῆς
2349 2676 2589 2740 διανοίας
2643 2675 2855 2746 καρπὸν
2916 2677 3016 2748 τῆς
3049 2676 3230 2746 ὲμῆς,
3257 2676 3395 2730 ἀλλά
3448 2677 3663 2749 καρπὸν
3713 2677 3820 2730 τοῦ

2214 2769 2344 2832 τοὺς
2387 2768 2628 2838 τυφλοὺς
2683 2768 2996 2838 σοφίζοντος
3031 2769 3057 2810 ιε
3095 2768 3444 2840 πνεύματος,
3487 2770 3588 2822 ὅσα
3643 2767 3825 2822 δώσει.

2215 2859 2526 2932 λαμϐάνων,
2559 2861 2656 2915 καὶ
2687 2860 2862 2916 ταῦτα
2904 2860 3295 2933 φθεγγόμενος.

523 2952 682 3010 vobis
708 2969 907 3008 munus
957 2959 1202 3018 exercet,
1265 2949 1546 3004 mandatis
1629 2950 1975 3020 obtempero,
2019 2953 2339 3025 vestrisque
2407 2955 2666 3026 precibus
2723 2955 2922 3022 fretus,
2988 2970 3053 3011 os
3119 2957 3329 3026 aperio,
3383 2971 3613 3027 sperans
3667 2956 3828 3021 fore,

528 3051 587 3098 ιιι
610 3044 806 3116 spiritu
848 3043 1158 3114 impleatur,
1186 3054 1413 3112 tumque
1441 3056 1504 3096 ea
1545 3041 1766 3111 eloquia
1794 3042 2068 3111 proferam
2136 3062 2259 3118 qua:
2300 3062 2414 3102 non
2458 3047 2565 3102 mei
2621 3063 2822 3103 sensus
2856 3045 3072 3102 fructus
3126 3055 3277 3110 sunt,
3370 3046 3466 3102 sed
3538 3043 3828 3116 Spiritus,

526 3135 621 3207 qui
667 3150 850 3191 caecos
881 3149 1106 3202 sagaces
1139 3133 1339 3188 reddit.
1376 3131 1452 3184 Ita
1496 3141 1578 3194 ut,
1607 3147 1728 3203 quae
1757 3131 1988 3188 daturus
2014 3134 2105 3189 ille
2142 3147 2249 3207 est,
2273 3137 2565 3209 accipiam,
2602 3138 2906 3207 eademque
2941 3137 3180 3193 subinde
3231 3138 3603 3207 pronuntiem.

600 3228 946 3297 Tripartitum
979 3241 1130 3294 opus.
1165 3226 1191 3278 1
1238 3223 1554 3278 Dialectica.
1589 3223 1645 3277 2.
1686 3223 1842 3278 Liber
1861 3224 1924 3280 de
1945 3227 2109 3282 Itwre-

2289 3232 2400 3286 Καὶ
2428 3231 2646 3304 πρῶτον
2671 3229 2688 3270 1
2710 3232 2821 3286 τῶν
2850 3231 2982 3302 παρ’
3002 3229 3230 3302 Ἕλλησι
3253 3231 3434 3299 σοφῶν
3450 3230 3516 3283 τά
3541 3229 3835 3287 κάλλιστα

528 3317 694 3372 sibus.
732 3317 784 3371 5.
815 3314 974 3368 Liber
1003 3313 1068 3368 de
1111 3313 1215 3383 ﬁde
1256 3312 1570 3368 orthodoxa.
1625 3313 1870 3368 Primum
1927 3315 2112 3386 itaque

525 3425 742 3472 eorum,
778 3410 872 3478 qui
908 3407 1056 3478 apud
1095 3407 1328 3478 gentiles
1352 3407 1639 3477 sapientiae
1673 3405 1832 3462 laude
1873 3407 2115 3479 insignes

529 3504 778 3565 fuerunt,
819 3501 1026 3571 optima
1082 3515 1312 3571 quaeque
1357 3498 1659 3554 edisseram
1693 3517 1706 3554 :
1735 3499 1940 3569 quippe
1988 3517 2112 3555 cum

530 3600 879 3666 compertum
934 3593 1190 3658 habeam,
1258 3591 1525 3662 quidquid
1581 3591 1709 3646 boui
1767 3590 1966 3658 fuerit,
2018 3592 2114 3647 Dei

524 3688 798 3745 beneficio
828 3685 1160 3740 mortalibus
1205 3700 1534 3740 concessum
1567 3699 1689 3739 esse
1729 3701 1744 3750 ;
1792 3704 1810 3736 ι
1848 3685 2110 3755 quoniam

531 3781 703 3839 Omne
725 3783 909 3835 datum
939 3781 1214 3850 optimum,
1245 3787 1299 3835 et
1319 3796 1471 3835 omne
1497 3779 1694 3833 donum
1724 3779 2018 3849 perfectum
2047 3780 2112 3834 de

523 3891 740 3930 sursum
796 3884 896 3941 est,
956 3871 1274 3928 descendens
1325 3890 1356 3926 a
1421 3871 1585 3925 Patre
1641 3873 1903 3926 luminum
1932 3870 2106 3944 (1):)

525 3965 798 4039 quidquid
833 3974 1018 4022 autem
1048 3965 1267 4022 veritati
1297 3965 1682 4024 adversarium
1717 3975 1825 4030 est,
1857 3963 2109 4020 Satanici

522 4061 736 4118 erroris
769 4059 1123 4117 tenebrosum
1168 4057 1451 4112 inventum
1481 4064 1592 4123 est,
1617 4063 1672 4110 et
1700 4055 1926 4126 perditae
1954 4071 2111 4112 men-

519 4154 598 4210 tis
625 4160 1042 4217 commentum;
1093 4147 1560 4221 quemadmodum
1611 4147 2110 4218 praestantissimus

519 4246 580 4300 in
624 4243 923 4314 Theologia
985 4241 1286 4314 Gregorius
1339 4241 1544 4297 aiebat.
1599 4241 1969 4308 Quamobrem
2042 4243 2108 4298 ad

524 4336 702 4392 instar
734 4336 854 4406 apis
887 4349 950 4390 ea
981 4334 1237 4406 colligam
1269 4342 1324 4390 et
1368 4347 1720 4404 componam,
1752 4349 1878 4404 quae
1925 4331 2108 4389 aﬂinia

524 4428 778 4485 veritatis
813 4435 966 4494 sunt,
1001 4435 1166 4499 atque
1193 4427 1262 4482 ab
1300 4425 1552 4497 ipsismet
1577 4425 1833 4481 hostibus
1871 4425 2108 4481 salutem

523 4522 813 4594 accipiam.
868 4519 1149 4592 Quidquid
1200 4535 1334 4576 vero
1379 4533 1632 4591 pravum,
1660 4517 1895 4588 falsique
1929 4517 2110 4574 nomi-

522 4615 611 4670 nis
643 4592 892 4670 scientia:
941 4613 1302 4685 coniunctum
1336 4613 1462 4679 erit,
1523 4610 1795 4682 rejiciam.
1840 4608 1985 4666 Mox‘
2017 4610 2104 4664 in-
2135 4592 2180 4648 Ῑ)

523 4702 804 4761 Iensarum
844 4703 953 4759 Deo
984 4703 1253 4758 baeresum
1292 4701 1501 4757 naenias
1529 4702 1705 4755 altero
1721 4702 1930 4770 pariter
1954 4700 2110 4754 volu-

522 4797 670 4851 mine
701 4803 1016 4860 contextam,
1043 4811 1176 4865 quo,
1212 4793 1450 4850 falsitate
1484 4792 1722 4864 cognita,
1748 4792 1966 4847 veritati
1993 4808 2109 4848 ma-

593 4931 612 4961 ¹
645 4928 761 4985 Jac.
787 4939 830 4994 ἰ,
867 4929 952 4982 l7.

2214 3321 2627 3394 παραθήσομαι,
2667 3321 2846 3388 εἰδὼς,
2877 3321 2953 3386 ὡς
2985 3321 3040 3376 εἴ
3076 3340 3130 3376 τι
3179 3322 3278 3393 μὲν
3328 3321 3552 3393 ἀγαθὸν,
3596 3323 3833 3378 ἄνωθεν

2213 3417 2367 3486 παρὰ
2415 3415 2550 3470 Θεοῦ
2596 3419 2710 3480 τοῖς
2766 3415 3079 3488 ἀνθρώποις
3133 3413 3456 3487 δεδώρηται.
3513 3434 3532 3468 ι
3583 3416 3835 3494 Ἐπειδὴ

2213 3507 2380 3564 πᾶσα
2393 3507 2564 3576 δόσις
2581 3509 2796 3578 ἀγαθὴ,
2813 3510 2910 3564 καὶ
2929 3511 3052 3564 πᾶν
3066 3509 3306 3578 δώρημα
3325 3508 3557 3563 τέλειον
3573 3495 3838 3564 ἄνωθέν

2211 3599 2368 3661 ἐστι,
2402 3599 2764 3653 καταϐαῖνον
2786 3605 2947 3668 παρὰ
2967 3600 3073 3655 τοῦ
3103 3599 3335 3670 Πατρός
3359 3598 3479 3653 τῶν
3509 3600 3770 3668 φώτων.
3809 3621 3830 3652 ι

2213 3693 2280 3746 Εἰ
2321 3710 2375 3745 τι
2417 3692 2474 3746 δὲ
2527 3691 2628 3762 τῆς
2673 3691 2932 3764 ἀληθείας
2987 3694 3307 3756 ἀντίπαλον,
3342 3695 3442 3764 τῆς
3482 3695 3835 3766 Σατανικῆς

2212 3783 2425 3856 πλάνης
2471 3784 2680 3856 εὑρεμα
2713 3786 2987 3839 σκοτεινὸν
3015 3827 3030 3852 ,
3056 3788 3154 3841 καὶ
3205 3785 3446 3850 διανοίας
3472 3786 3844 3859 ἀνάπλασμα

2213 3877 2632 3947 κακοδαίμονος,
2661 3877 2736 3940 ὡς
2787 3879 2816 3930 ό
2862 3877 3033 3942 πολὺς
3074 3879 3132 3932 ἐν
3162 3877 3414 3950 θεολογίᾳ
3450 3877 3554 3949 ἔφη
3596 3879 3843 3951 Γρηγό-

2214 3986 2330 4040 ριος
2360 3969 2458 4040 (Ι),
2489 3970 2580 4023 τὸν
2618 3971 2720 4041 τῆς
2761 3970 3026 4042 μελίσσης
3065 3971 3270 4043 τρόπον
3296 3970 3667 4042 μιμούμενος,
3707 3975 3846 4036 τοῖς

2211 4061 2437 4125 οἰκείοις
2467 4061 2570 4131 τῆς
2590 4061 2851 4132 ἀληθείας
2870 4061 3210 4134 συνθήσομαι
3229 4074 3290 4127 In,
3321 4061 3415 4115 καὶ
3445 4063 3576 4132 παρ’
3594 4061 3844 4133 ἐχθρῶν

2214 4151 2490 4224 σωτηρίαν
2525 4153 2896 4225 καρπώσομαι
2929 4171 2944 4186 ·
2975 4153 3381 4225 ἀποπέμψομαι
3424 4152 3482 4206 δὲ
3530 4153 3645 4205 πᾶν
3704 4155 3741 4207 ὃ
3785 4172 3850 4207 τι

2213 4241 2418 4312 φαῦλον
2447 4281 2461 4306 ,
2491 4243 2587 4296 καὶ
2637 4233 2735 4315 τῆς
2801 4243 3155 4316 ψευδωνύμου
3206 4244 3468 4314 ἐχόμενον
3523 4241 3844 4312 γνώσεως.

2213 4331 2347 4388 Εἶτα
2379 4335 2586 4390 τούτων
2623 4337 2860 4407 ἐχόμενα
2898 4336 3007 4389 τῶν
3041 4335 3353 4406 θεοστυγῶν
3382 4335 3661 4407 αἱρέσεων
3693 4354 3852 4392 συν-

2213 4425 2361 4493 τάξω
2391 4427 2460 4482 τὰ
2495 4428 2908 4500 φληναφήματα
2923 4436 2975 4494 ι’,
3007 4427 3085 4492 ὡς
3124 4429 3191 4482 ἂν
3225 4427 3286 4481 τὸ
3313 4427 3510 4498 ψεῦδος
3540 4427 3853 4498 ἐπιγινώ-

2215 4538 2458 4584 σκοντες,
2513 4518 2678 4574 πλέον
2726 4521 2824 4592 τῆς
2883 4519 3142 4590 ἀληθείας
3201 4518 3474 4590 ὲξὼμεθα.
3509 4515 3654 4572 Εἶτα.
3735 4522 3861 4592 τὴν

2212 4611 2312 4682 τῆς
2339 4610 2552 4680 πλάνης
2585 4610 2889 4682 όλέτειραν,
2923 4611 3019 4664 καὶ
3068 4610 3164 4664 τοῦ
3215 4609 3449 4680 ψεύδους
3493 4609 3859 4683 ὲλάτειραν,

2217 4703 2405 4773 ὣσπερ
2443 4703 2774 4773 κροσσωτοῖς
2811 4705 3068 4774 χρυσοῖς,
3098 4705 3213 4766 τοῖς
3270 4701 3378 4756 τῶν
3428 4701 3866 4760 θεοπνεύστων

2219 4797 2559 4868 προφητῶν,
2594 4796 2687 4848 καὶ
2741 4795 3096 4849 θεοδιδάκτων
3131 4792 3330 4849 ἁλιέων
3352 4835 3366 4859 ,
3398 4793 3493 4848 καὶ
3527 4791 3864 4869 θεοφὸρων

1819 5032 2052 5090 ὙΑΒΙΕ
2103 5035 2503 5100 LECTIONES.

595 5157 617 5196 ι
649 5155 778 5225 Reg.
811 5149 1293 5226 ῆίξννοήσεωνηιιο
1319 5148 1611 5226 scriptu_m__
1636 5163 1821 5226 supra
1847 5148 2029 5226 Iin._in
2068 5150 2192 5226 cod.

525 5219 805 5300 {Cedis
831 5219 1126 5300 'Hil._§ob;
1159 5222 1371 5300 λόγους.
1407 5219 1476 5300 ..⁷⁸³
1514 5219 1676 5300 Edit;
1702 5228 1756 5274 el
1785 5219 2000 5300 Reg/Li.
2027 5221 2351 5300 patinam.“
2411 5219 2604 5283 tCod.
2651 5229 2708 5284 S.
2748 5229 2855 5284 llil.
2902 5239 2959 5284 et
2985 5219 3124 5300 Reg.
3152 5227 3249 5282 τοῦ
3279 5226 3483 5300 πνεύμ.

2224 5150 2282 5207 S.
2325 5153 2459 5220 Hil.,
2508 5158 2780 5213 scholium
2817 5169 2900 5216 est
2933 5174 3218 5227 esponcns
3247 5173 3437 5212 vocem
3472 5155 3869 5230 ὲμφᾲσεων.

2224 5224 2298 5282 ἧς.
2411 5225 2426 5264 ί
2467 5226 2604 5282 Cod.
2651 5229 2708 5282 S.
2748 5229 2855 5282 llil.
2902 5230 3124 5282 etiiea.
3152 5227 3249 5282 τοῦ
3279 5226 3483 5282 πνεύμ.
3603 5237 3624 5276 ι
3698 5227 3869 5282 Rea.

3765 5245 3870 5296 eg.

517 5297 693 5370 297.2,,
735 5295 1087 5370 χρηματίζει,
1168 5293 1190 5332 ις
1227 5288 1366 5370 [ωει
1403 5289 1475 5370 5,.
1499 5291 1854 5370 φωτίζοντος.
1888 5288 1980 5345 Sic
2012 5299 2120 5345 vet.
2151 5288 2257 5349 Int'.
2289 5295 2674 5370 illumigiantis.
2709 5303 2864 5355 Alios
2894 5301 3018 5356 cod.
3071 5288 3300 5370 sequor,
3346 5288 3689 5370 faveatque
3755 5288 3872 5370 Bi-

521 5370 627 5422 blia
659 5361 1016 5435 (irie't-ai'psal.
1051 5379 1208 5429 CXLV,
1257 5361 1424 5435 unde
1449 5361 1578 5435 haec
1627 5369 1926 5435 mutuatus
1956 5372 2041 5435 est
2079 5372 2291 5420 auctor.

2410 5367 2426 5442 ξ
2463 5367 2600 5439 Reg.
2643 5373 2696 5426 ι).
2735 5372 2889 5427 Colb.
2923 5371 2977 5436 l,
3014 5365 3308 5442 πρότερον.
3347 5439 3355 5442 Α
3414 5376 3461 5442 ω.
3489 5365 3732 5442 schol.
3793 5369 3874 5422 Β.

516 5440 679 5499 επεν,
708 5443 819 5512 τοῖς
857 5430 1372 5512 γνησίοις-δηλονότι
1405 5430 1642 5512 δόγμασι
1677 5432 1777 5512 τῆς
1798 5431 2058 5512 ἀληθείας
2093 5435 2362 5512 συντάξω.
2401 5439 2508 5494 lnt.
2545 5430 2659 5494 vet.
2683 5443 2927 5512 genuinis
2960 5430 3219 5496 aim'irun't
3249 5437 3489 5495 veritatis
3526 5435 3876 5510 dogmatis

519 5510 820 5564 accensebo.
872 5501 925 5544 κο
950 5501 1022 5560 ὃ.
1070 5501 1271 5559 ΗιΙξτὰ
1300 5501 1694 5574 φλυαρήματα.
1729 5501 2011 5556 Scholium
2040 5511 2122 5557 est
2152 5501 2297 5574 quod
2331 5509 2382 5564 in
2419 5519 2628 5567 textum
2669 5501 2918 5584 frg-epsit,

2012 5613 2269 5676 ‘NOT/E.

596 5709 672 5779 (i)
702 5709 862 5779 Gt'eg.
898 5711 1027 5765 Νιιι.
1066 5711 1219 5768 Orat.
1251 5712 1302 5761 in
1340 5709 1439 5763 SS.
1470 5710 1716 5776 Lumina,
1753 5712 1871 5765 iuit.
