  <div class='ocr_page' id='page_1' title='image "/cluster/home/n/w/nwhite01/storage/ocr_20150623/94/hvd.32044052838174/348.png"; bbox 0 0 3974 6338; ppageno 0'>
   <div class='ocr_carea' id='block_1_1' title="bbox 271 331 386 398">
    <p class='ocr_par' dir='ltr' id='par_1_1' title="bbox 271 331 386 398">
     <span class='ocr_line' id='line_1_1' title="bbox 271 331 386 398; baseline 0.017 -2"><span class='ocrx_word' id='word_1_1' title='bbox 271 331 386 398; x_wconf 77' lang='grc'><strong>529</strong></span> 
     </span>
    </p>
   </div>
   <div class='ocr_carea' id='block_1_2' title="bbox 877 470 1244 529">
    <p class='ocr_par' dir='ltr' id='par_1_2' title="bbox 877 470 1244 529">
     <span class='ocr_line' id='line_1_2' title="bbox 877 470 1244 529; baseline 0.005 -4"><span class='ocrx_word' id='word_1_2' title='bbox 877 470 1131 529; x_wconf 68' lang='grc' dir='ltr'><strong>ΚΕΦᾹΛ.</strong></span> <span class='ocrx_word' id='word_1_3' title='bbox 1166 474 1244 527; x_wconf 78' lang='lat' dir='ltr'><strong>A&#39;.</strong></span> 
     </span>
    </p>
   </div>
   <div class='ocr_carea' id='block_1_3' title="bbox 841 564 1300 633">
    <p class='ocr_par' dir='ltr' id='par_1_3' title="bbox 841 564 1300 633">
     <span class='ocr_line' id='line_1_3' title="bbox 841 564 1300 633; baseline 0.002 -15"><span class='ocrx_word' id='word_1_4' title='bbox 841 564 983 633; x_wconf 79' lang='grc' dir='ltr'>Περὶ</span> <span class='ocrx_word' id='word_1_5' title='bbox 1007 565 1300 633; x_wconf 77' lang='grc' dir='ltr'>γνώσεως.</span> 
     </span>
    </p>
   </div>
   <div class='ocr_carea' id='block_1_4' title="bbox 346 652 1867 730">
    <p class='ocr_par' dir='ltr' id='par_1_4' title="bbox 346 652 1867 730">
     <span class='ocr_line' id='line_1_4' title="bbox 346 652 1867 730; baseline 0.003 -21"><span class='ocrx_word' id='word_1_6' title='bbox 346 654 515 710; x_wconf 75' lang='grc' dir='ltr'>Οὐδὲν</span> <span class='ocrx_word' id='word_1_7' title='bbox 541 654 641 726; x_wconf 86' lang='grc' dir='ltr'>τῆς</span> <span class='ocrx_word' id='word_1_8' title='bbox 661 652 917 724; x_wconf 77' lang='grc' dir='ltr'>γνώσεώς</span> <span class='ocrx_word' id='word_1_9' title='bbox 937 657 1052 710; x_wconf 78' lang='grc' dir='ltr'>ἐστι</span> <span class='ocrx_word' id='word_1_10' title='bbox 1079 656 1421 728; x_wconf 84' lang='grc' dir='ltr'>τιμιώτερον·</span> <span class='ocrx_word' id='word_1_11' title='bbox 1453 659 1485 727; x_wconf 80' lang='grc' dir='ltr'>ἡ</span> <span class='ocrx_word' id='word_1_12' title='bbox 1513 659 1623 730; x_wconf 87' lang='grc' dir='ltr'><strong>γάρ</strong></span> <span class='ocrx_word' id='word_1_13' title='bbox 1665 658 1867 728; x_wconf 88' lang='grc' dir='ltr'>γνῶσις</span> 
     </span>
    </p>
   </div>
   <div class='ocr_carea' id='block_1_5' title="bbox 270 746 1865 823">
    <p class='ocr_par' dir='ltr' id='par_1_5' title="bbox 270 746 1865 823">
     <span class='ocr_line' id='line_1_5' title="bbox 270 746 1865 823; baseline 0.006 -22"><span class='ocrx_word' id='word_1_14' title='bbox 270 747 390 817; x_wconf 79' lang='grc' dir='ltr'><strong>φῶς</strong></span> <span class='ocrx_word' id='word_1_15' title='bbox 408 749 526 802; x_wconf 76' lang='grc' dir='ltr'>ἐστι</span> <span class='ocrx_word' id='word_1_16' title='bbox 541 747 719 820; x_wconf 77' lang='grc' dir='ltr'>ψυχῆς</span> <span class='ocrx_word' id='word_1_17' title='bbox 735 746 961 819; x_wconf 83' lang='grc' dir='ltr'><strong>λογικῆς</strong></span> <span class='ocrx_word' id='word_1_18' title='bbox 978 765 993 779; x_wconf 82' lang='grc'><em>’</em></span> <span class='ocrx_word' id='word_1_19' title='bbox 1020 748 1082 803; x_wconf 85' lang='grc' dir='ltr'><strong>τὺ</strong></span> <span class='ocrx_word' id='word_1_20' title='bbox 1098 748 1357 821; x_wconf 78' lang='grc' dir='ltr'>ἔμπαλιν,</span> <span class='ocrx_word' id='word_1_21' title='bbox 1371 753 1404 823; x_wconf 82' lang='grc' dir='ltr'>ἡ</span> <span class='ocrx_word' id='word_1_22' title='bbox 1420 752 1634 820; x_wconf 81' lang='grc' dir='ltr'><strong>ἄγνοια,</strong></span> <span class='ocrx_word' id='word_1_23' title='bbox 1653 753 1865 817; x_wconf 82' lang='grc' dir='ltr'><strong>σκότος.</strong></span> 
     </span>
    </p>
   </div>
   <div class='ocr_carea' id='block_1_6' title="bbox 284 840 1867 917">
    <p class='ocr_par' dir='ltr' id='par_1_6' title="bbox 284 840 1867 917">
     <span class='ocr_line' id='line_1_6' title="bbox 284 840 1867 917; baseline 0.004 -24"><span class='ocrx_word' id='word_1_24' title='bbox 284 841 379 905; x_wconf 83' lang='grc' dir='ltr'>Ὠς</span> <span class='ocrx_word' id='word_1_25' title='bbox 403 841 514 913; x_wconf 81' lang='grc' dir='ltr'><strong>γάρ</strong></span> <span class='ocrx_word' id='word_1_26' title='bbox 542 842 576 911; x_wconf 80' lang='grc' dir='ltr'><strong>ἡ</strong></span> <span class='ocrx_word' id='word_1_27' title='bbox 608 840 789 910; x_wconf 83' lang='grc' dir='ltr'>φωτὸς</span> <span class='ocrx_word' id='word_1_28' title='bbox 815 840 1073 912; x_wconf 83' lang='grc' dir='ltr'>στέρησις</span> <span class='ocrx_word' id='word_1_29' title='bbox 1105 842 1295 906; x_wconf 80' lang='grc' dir='ltr'><strong>σκότος</strong></span> <span class='ocrx_word' id='word_1_30' title='bbox 1320 844 1491 908; x_wconf 69' lang='grc' dir='ltr'>ἐστὶν,</span> <span class='ocrx_word' id='word_1_31' title='bbox 1535 844 1679 899; x_wconf 81' lang='grc' dir='ltr'>οὓτω</span> <span class='ocrx_word' id='word_1_32' title='bbox 1708 846 1804 899; x_wconf 78' lang='grc' dir='ltr'>καὶ</span> <span class='ocrx_word' id='word_1_33' title='bbox 1832 847 1867 917; x_wconf 82' lang='grc' dir='ltr'><strong>ἡ</strong></span> 
     </span>
    </p>
   </div>
   <div class='ocr_carea' id='block_1_7' title="bbox 269 932 1869 1007">
    <p class='ocr_par' dir='ltr' id='par_1_7' title="bbox 269 932 1869 1007">
     <span class='ocr_line' id='line_1_7' title="bbox 269 932 1869 1007; baseline 0.004 -21"><span class='ocrx_word' id='word_1_34' title='bbox 269 933 376 1003; x_wconf 83' lang='grc' dir='ltr'><strong>τῆς</strong></span> <span class='ocrx_word' id='word_1_35' title='bbox 404 932 662 1002; x_wconf 85' lang='grc' dir='ltr'>γνώσεως</span> <span class='ocrx_word' id='word_1_36' title='bbox 678 932 937 1004; x_wconf 81' lang='grc' dir='ltr'>στέρησις</span> <span class='ocrx_word' id='word_1_37' title='bbox 965 932 1229 1003; x_wconf 79' lang='grc' dir='ltr'><strong>λογισμοῦ</strong></span> <span class='ocrx_word' id='word_1_38' title='bbox 1252 935 1443 999; x_wconf 81' lang='grc' dir='ltr'><strong>σκότος</strong></span> <span class='ocrx_word' id='word_1_39' title='bbox 1455 936 1605 989; x_wconf 79' lang='grc' dir='ltr'>ἐστίν</span> <span class='ocrx_word' id='word_1_40' title='bbox 1624 952 1638 967; x_wconf 80' lang='lat'><strong><em>°</em></strong></span> <span class='ocrx_word' id='word_1_41' title='bbox 1655 937 1869 1007; x_wconf 84' lang='grc' dir='ltr'><strong>ἀλόγων</strong></span> 
     </span>
    </p>
   </div>
   <div class='ocr_carea' id='block_1_8' title="bbox 274 1024 1869 1102">
    <p class='ocr_par' dir='ltr' id='par_1_8' title="bbox 274 1024 1869 1102">
     <span class='ocr_line' id='line_1_8' title="bbox 274 1024 1869 1102; baseline 0.004 -25"><span class='ocrx_word' id='word_1_42' title='bbox 274 1025 380 1094; x_wconf 77' lang='grc' dir='ltr'>μὲν</span> <span class='ocrx_word' id='word_1_43' title='bbox 418 1025 525 1095; x_wconf 73' lang='grc' dir='ltr'>γὰρ</span> <span class='ocrx_word' id='word_1_44' title='bbox 546 1026 580 1096; x_wconf 77' lang='grc' dir='ltr'><strong>η</strong></span> <span class='ocrx_word' id='word_1_45' title='bbox 610 1024 807 1093; x_wconf 74' lang='grc' dir='ltr'>ἄγνοια</span> <span class='ocrx_word' id='word_1_46' title='bbox 859 1024 991 1101; x_wconf 61' lang='grc' dir='ltr'>ῐδιομ</span> <span class='ocrx_word' id='word_1_47' title='bbox 1023 1041 1039 1057; x_wconf 80' lang='grc'><em>’</em></span> <span class='ocrx_word' id='word_1_48' title='bbox 1076 1024 1313 1095; x_wconf 80' lang='grc' dir='ltr'><strong>λογικῶν</strong></span> <span class='ocrx_word' id='word_1_49' title='bbox 1356 1026 1435 1092; x_wconf 83' lang='grc' dir='ltr'>δὲ,</span> <span class='ocrx_word' id='word_1_50' title='bbox 1472 1030 1505 1099; x_wconf 78' lang='grc' dir='ltr'>ἡ</span> <span class='ocrx_word' id='word_1_51' title='bbox 1537 1028 1764 1097; x_wconf 80' lang='grc' dir='ltr'>γνῶσις.</span> <span class='ocrx_word' id='word_1_52' title='bbox 1795 1026 1869 1102; x_wconf 72' lang='grc' dir='ltr'><strong>’ῼ</strong></span> 
     </span>
    </p>
   </div>
   <div class='ocr_carea' id='block_1_9' title="bbox 271 1113 1869 1190">
    <p class='ocr_par' dir='ltr' id='par_1_9' title="bbox 271 1113 1869 1190">
     <span class='ocr_line' id='line_1_9' title="bbox 271 1113 1869 1190; baseline 0.005 -23"><span class='ocrx_word' id='word_1_53' title='bbox 271 1114 459 1167; x_wconf 86' lang='grc' dir='ltr'>τοίνυν</span> <span class='ocrx_word' id='word_1_54' title='bbox 492 1116 567 1185; x_wconf 84' lang='grc' dir='ltr'>μὴ</span> <span class='ocrx_word' id='word_1_55' title='bbox 612 1115 847 1186; x_wconf 81' lang='grc' dir='ltr'>πάρεστι</span> <span class='ocrx_word' id='word_1_56' title='bbox 898 1113 1122 1184; x_wconf 90' lang='grc' dir='ltr'>γνῶσις,</span> <span class='ocrx_word' id='word_1_57' title='bbox 1180 1116 1471 1189; x_wconf 85' lang='grc' dir='ltr'>γνωστικῷ</span> <span class='ocrx_word' id='word_1_58' title='bbox 1519 1117 1663 1173; x_wconf 88' lang='grc' dir='ltr'><strong>κατά</strong></span> <span class='ocrx_word' id='word_1_59' title='bbox 1708 1119 1869 1190; x_wconf 81' lang='grc' dir='ltr'>φύσιν</span> 
     </span>
    </p>
   </div>
   <div class='ocr_carea' id='block_1_10' title="bbox 269 1199 1869 1283">
    <p class='ocr_par' dir='ltr' id='par_1_10' title="bbox 269 1199 1869 1283">
     <span class='ocr_line' id='line_1_10' title="bbox 269 1199 1869 1283; baseline 0.006 -26"><span class='ocrx_word' id='word_1_60' title='bbox 269 1205 414 1272; x_wconf 76' lang='grc' dir='ltr'>δντι,</span> <span class='ocrx_word' id='word_1_61' title='bbox 446 1205 540 1258; x_wconf 77' lang='grc' dir='ltr'>καὶ</span> <span class='ocrx_word' id='word_1_62' title='bbox 567 1205 1002 1277; x_wconf 73' lang='grc' dir='ltr'>ἑπιστημονικῷ,</span> <span class='ocrx_word' id='word_1_63' title='bbox 1034 1199 1215 1274; x_wconf 72' lang='grc' dir='ltr'>οὗτος,</span> <span class='ocrx_word' id='word_1_64' title='bbox 1240 1208 1384 1263; x_wconf 86' lang='grc' dir='ltr'><strong>κατά</strong></span> <span class='ocrx_word' id='word_1_65' title='bbox 1418 1208 1581 1278; x_wconf 85' lang='grc' dir='ltr'>φύσιν</span> <span class='ocrx_word' id='word_1_66' title='bbox 1612 1209 1690 1265; x_wconf 85' lang='grc' dir='ltr'><strong>ῶν</strong></span> <span class='ocrx_word' id='word_1_67' title='bbox 1718 1212 1869 1283; x_wconf 89' lang='grc' dir='ltr'>λογι-</span> 
     </span>
    </p>
   </div>
   <div class='ocr_carea' id='block_1_11' title="bbox 270 1296 1869 1371">
    <p class='ocr_par' dir='ltr' id='par_1_11' title="bbox 270 1296 1869 1371">
     <span class='ocr_line' id='line_1_11' title="bbox 270 1296 1869 1371; baseline 0.005 -22"><span class='ocrx_word' id='word_1_68' title='bbox 270 1296 396 1360; x_wconf 76' lang='grc' dir='ltr'>κὸς,</span> <span class='ocrx_word' id='word_1_69' title='bbox 429 1296 489 1361; x_wconf 76' lang='grc' dir='ltr'><strong>ἐξ</strong></span> <span class='ocrx_word' id='word_1_70' title='bbox 514 1296 752 1369; x_wconf 79' lang='grc' dir='ltr'>ἀμελοῦς</span> <span class='ocrx_word' id='word_1_71' title='bbox 794 1296 892 1350; x_wconf 75' lang='grc' dir='ltr'>καὶ</span> <span class='ocrx_word' id='word_1_72' title='bbox 936 1296 1187 1370; x_wconf 71' lang='grc' dir='ltr'>ῥᾳθύμου</span> <span class='ocrx_word' id='word_1_73' title='bbox 1250 1298 1432 1371; x_wconf 80' lang='grc' dir='ltr'>ψυχῆς</span> <span class='ocrx_word' id='word_1_74' title='bbox 1486 1302 1698 1371; x_wconf 83' lang='grc' dir='ltr'><strong>ἀλόγων</strong></span> <span class='ocrx_word' id='word_1_75' title='bbox 1751 1303 1869 1357; x_wconf 70' lang='grc' dir='ltr'>ἐστὶ</span> 
     </span>
    </p>
   </div>
   <div class='ocr_carea' id='block_1_12' title="bbox 270 1388 1870 1464">
    <p class='ocr_par' dir='ltr' id='par_1_12' title="bbox 270 1388 1870 1464">
     <span class='ocr_line' id='line_1_12' title="bbox 270 1388 1870 1464; baseline 0.006 -24"><span class='ocrx_word' id='word_1_76' title='bbox 270 1389 480 1459; x_wconf 79' lang='grc' dir='ltr'>χείρων</span> <span class='ocrx_word' id='word_1_77' title='bbox 510 1405 525 1418; x_wconf 86' lang='grc'><strong>·</strong></span> <span class='ocrx_word' id='word_1_78' title='bbox 551 1388 757 1457; x_wconf 90' lang='grc' dir='ltr'>γνῶσιν</span> <span class='ocrx_word' id='word_1_79' title='bbox 777 1388 833 1443; x_wconf 82' lang='grc' dir='ltr'>δέ</span> <span class='ocrx_word' id='word_1_80' title='bbox 864 1390 1027 1462; x_wconf 74' lang='grc' dir='ltr'>φημὶ,</span> <span class='ocrx_word' id='word_1_81' title='bbox 1057 1389 1160 1461; x_wconf 83' lang='grc' dir='ltr'>τὴν</span> <span class='ocrx_word' id='word_1_82' title='bbox 1188 1390 1366 1463; x_wconf 82' lang='grc' dir='ltr'><strong>ἀληθῆ</strong></span> <span class='ocrx_word' id='word_1_83' title='bbox 1396 1392 1506 1447; x_wconf 89' lang='grc' dir='ltr'><strong>τῶν</strong></span> <span class='ocrx_word' id='word_1_84' title='bbox 1533 1393 1707 1448; x_wconf 79' lang='grc' dir='ltr'>όντων</span> <span class='ocrx_word' id='word_1_85' title='bbox 1732 1395 1870 1464; x_wconf 84' lang='grc' dir='ltr'>γνῶ·</span> 
     </span>
    </p>
   </div>
   <div class='ocr_carea' id='block_1_13' title="bbox 272 1479 1865 1557">
    <p class='ocr_par' dir='ltr' id='par_1_13' title="bbox 272 1479 1865 1557">
     <span class='ocr_line' id='line_1_13' title="bbox 272 1479 1865 1557; baseline 0.004 -24"><span class='ocrx_word' id='word_1_86' title='bbox 272 1498 363 1533; x_wconf 78' lang='grc' dir='ltr'><strong>σιν</strong></span> <span class='ocrx_word' id='word_1_87' title='bbox 381 1491 410 1531; x_wconf 79' lang='lat' dir='ltr'><strong>P</strong></span> <span class='ocrx_word' id='word_1_88' title='bbox 432 1497 443 1509; x_wconf 86' lang='grc'><strong>·</strong></span> <span class='ocrx_word' id='word_1_89' title='bbox 461 1479 571 1535; x_wconf 93' lang='grc' dir='ltr'><strong>τῶν</strong></span> <span class='ocrx_word' id='word_1_90' title='bbox 592 1479 701 1552; x_wconf 89' lang='grc' dir='ltr'><strong>γάρ</strong></span> <span class='ocrx_word' id='word_1_91' title='bbox 724 1480 895 1536; x_wconf 76' lang='grc' dir='ltr'>ὄντων</span> <span class='ocrx_word' id='word_1_92' title='bbox 925 1482 980 1535; x_wconf 87' lang='grc' dir='ltr'><strong>αί</strong></span> <span class='ocrx_word' id='word_1_93' title='bbox 1003 1481 1255 1553; x_wconf 81' lang='grc' dir='ltr'><strong>γνώσεις.</strong></span> <span class='ocrx_word' id='word_1_94' title='bbox 1273 1484 1339 1538; x_wconf 86' lang='grc' dir='ltr'><strong><em>Ἦ</em></strong></span> <span class='ocrx_word' id='word_1_95' title='bbox 1356 1483 1560 1557; x_wconf 82' lang='grc' dir='ltr'>ψευδὴς</span> <span class='ocrx_word' id='word_1_96' title='bbox 1597 1487 1800 1556; x_wconf 91' lang='grc' dir='ltr'>γνῶσις</span> <span class='ocrx_word' id='word_1_97' title='bbox 1815 1499 1865 1555; x_wconf 71' lang='grc' dir='ltr'><strong>ιι,</strong></span> 
     </span>
    </p>
   </div>
   <div class='ocr_carea' id='block_1_14' title="bbox 271 1570 1869 1653">
    <p class='ocr_par' dir='ltr' id='par_1_14' title="bbox 271 1570 1869 1653">
     <span class='ocr_line' id='line_1_14' title="bbox 271 1570 1869 1653; baseline 0.006 -28"><span class='ocrx_word' id='word_1_98' title='bbox 271 1573 352 1637; x_wconf 82' lang='grc' dir='ltr'><strong>ὡς</strong></span> <span class='ocrx_word' id='word_1_99' title='bbox 378 1572 474 1627; x_wconf 77' lang='grc' dir='ltr'><strong>τοῦ</strong></span> <span class='ocrx_word' id='word_1_100' title='bbox 507 1572 761 1645; x_wconf 69' lang='grc' dir='ltr'>μὴ“δντος</span> <span class='ocrx_word' id='word_1_101' title='bbox 799 1570 934 1629; x_wconf 79' lang='grc' dir='ltr'>οὖσα</span> <span class='ocrx_word' id='word_1_102' title='bbox 979 1575 1207 1643; x_wconf 84' lang='grc' dir='ltr'>γνῶσις,</span> <span class='ocrx_word' id='word_1_103' title='bbox 1242 1576 1437 1647; x_wconf 76' lang='grc' dir='ltr'>ἄγνοια</span> <span class='ocrx_word' id='word_1_104' title='bbox 1472 1579 1693 1649; x_wconf 80' lang='grc' dir='ltr'>μᾶλλον,</span> <span class='ocrx_word' id='word_1_105' title='bbox 1722 1581 1869 1653; x_wconf 74' lang='grc' dir='ltr'>ἥπερ</span> 
     </span>
    </p>
   </div>
   <div class='ocr_carea' id='block_1_15' title="bbox 270 1660 1867 1746">
    <p class='ocr_par' dir='ltr' id='par_1_15' title="bbox 270 1660 1867 1746">
     <span class='ocr_line' id='line_1_15' title="bbox 270 1660 1867 1746; baseline 0.005 -28"><span class='ocrx_word' id='word_1_106' title='bbox 270 1660 481 1733; x_wconf 87' lang='grc' dir='ltr'>γνῶσίς</span> <span class='ocrx_word' id='word_1_107' title='bbox 512 1666 651 1720; x_wconf 71' lang='grc' dir='ltr'>ἐστι.</span> <span class='ocrx_word' id='word_1_108' title='bbox 681 1661 757 1719; x_wconf 82' lang='grc' dir='ltr'><strong>Τὸ</strong></span> <span class='ocrx_word' id='word_1_109' title='bbox 791 1666 900 1737; x_wconf 85' lang='grc' dir='ltr'><strong>γάρ</strong></span> <span class='ocrx_word' id='word_1_110' title='bbox 935 1665 1136 1737; x_wconf 79' lang='grc' dir='ltr'>ψεῦδος</span> <span class='ocrx_word' id='word_1_111' title='bbox 1182 1668 1374 1740; x_wconf 73' lang='grc' dir='ltr'>ἕτερον</span> <span class='ocrx_word' id='word_1_112' title='bbox 1433 1670 1609 1738; x_wconf 82' lang='grc' dir='ltr'>οὐδὲν,</span> <span class='ocrx_word' id='word_1_113' title='bbox 1638 1671 1674 1743; x_wconf 76' lang='grc' dir='ltr'>ἢ</span> <span class='ocrx_word' id='word_1_114' title='bbox 1704 1670 1766 1726; x_wconf 80' lang='grc' dir='ltr'>τὸ</span> <span class='ocrx_word' id='word_1_115' title='bbox 1790 1672 1867 1746; x_wconf 81' lang='grc' dir='ltr'>μὴ</span> 
     </span>
    </p>
   </div>
   <div class='ocr_carea' id='block_1_16' title="bbox 270 1754 1941 1864">
    <p class='ocr_par' dir='ltr' id='par_1_16' title="bbox 270 1754 1941 1864">
     <span class='ocr_line' id='line_1_16' title="bbox 270 1754 1941 1864; baseline 0.011 -62"><span class='ocrx_word' id='word_1_116' title='bbox 270 1754 359 1864; x_wconf 48' lang='lat'><strong>&#39;61,</strong></span> <span class='ocrx_word' id='word_1_117' title='bbox 393 1754 757 1864; x_wconf 46' lang='lat' dir='ltr'><strong>“Gemit-ev.</strong></span> <span class='ocrx_word' id='word_1_118' title='bbox 792 1757 1011 1864; x_wconf 65' lang='grc' dir='ltr'>Ἐπειδὴ</span> <span class='ocrx_word' id='word_1_119' title='bbox 1056 1758 1242 1815; x_wconf 86' lang='grc' dir='ltr'>τοίνυν</span> <span class='ocrx_word' id='word_1_120' title='bbox 1268 1761 1332 1814; x_wconf 88' lang='grc' dir='ltr'>ού</span> <span class='ocrx_word' id='word_1_121' title='bbox 1371 1765 1554 1835; x_wconf 80' lang='grc' dir='ltr'>γυμνῇ</span> <span class='ocrx_word' id='word_1_122' title='bbox 1600 1765 1669 1836; x_wconf 79' lang='grc' dir='ltr'>τῇ</span> <span class='ocrx_word' id='word_1_123' title='bbox 1717 1762 1863 1838; x_wconf 77' lang='grc' dir='ltr'>ψυχῇ</span> <span class='ocrx_word' id='word_1_124' title='bbox 1899 1809 1941 1864; x_wconf 76' lang='grc' dir='ltr'><strong>Β</strong></span> 
     </span>
    </p>
   </div>
   <div class='ocr_carea' id='block_1_17' title="bbox 272 1846 1864 1931">
    <p class='ocr_par' dir='ltr' id='par_1_17' title="bbox 272 1846 1864 1931">
     <span class='ocr_line' id='line_1_17' title="bbox 272 1846 1864 1931; baseline 0.008 -31"><span class='ocrx_word' id='word_1_125' title='bbox 272 1846 482 1917; x_wconf 78' lang='grc' dir='ltr'>ζῶμεν,</span> <span class='ocrx_word' id='word_1_126' title='bbox 512 1847 631 1901; x_wconf 81' lang='grc' dir='ltr'>ἀλλ’</span> <span class='ocrx_word' id='word_1_127' title='bbox 657 1847 847 1919; x_wconf 88' lang='grc' dir='ltr'>ῶσπερ</span> <span class='ocrx_word' id='word_1_128' title='bbox 890 1849 996 1904; x_wconf 78' lang='grc' dir='ltr'><strong>ὑπὸ</strong></span> <span class='ocrx_word' id='word_1_129' title='bbox 1050 1853 1519 1925; x_wconf 79' lang='grc' dir='ltr'><strong>παραπετάσματι</strong></span> <span class='ocrx_word' id='word_1_130' title='bbox 1541 1855 1620 1928; x_wconf 82' lang='grc' dir='ltr'>τῷ</span> <span class='ocrx_word' id='word_1_131' title='bbox 1652 1859 1864 1931; x_wconf 84' lang='grc' dir='ltr'>σαρκίῳ</span> 
     </span>
    </p>
   </div>
   <div class='ocr_carea' id='block_1_18' title="bbox 273 1940 1865 2022">
    <p class='ocr_par' dir='ltr' id='par_1_18' title="bbox 273 1940 1865 2022">
     <span class='ocr_line' id='line_1_18' title="bbox 273 1940 1865 2022; baseline 0.009 -30"><span class='ocrx_word' id='word_1_132' title='bbox 273 1940 666 2013; x_wconf 71' lang='grc' dir='ltr'>καλυπτομένη</span> <span class='ocrx_word' id='word_1_133' title='bbox 690 1941 852 2013; x_wconf 86' lang='grc' dir='ltr'>ήμῶν</span> <span class='ocrx_word' id='word_1_134' title='bbox 880 1941 1053 2016; x_wconf 82' lang='grc' dir='ltr'>ψυχὴ,</span> <span class='ocrx_word' id='word_1_135' title='bbox 1073 1944 1202 2000; x_wconf 80' lang='grc' dir='ltr'>νοῦν</span> <span class='ocrx_word' id='word_1_136' title='bbox 1233 1945 1332 2017; x_wconf 78' lang='grc' dir='ltr'>μὲν</span> <span class='ocrx_word' id='word_1_137' title='bbox 1366 1949 1578 2018; x_wconf 86' lang='grc' dir='ltr'>ὁρῶντα</span> <span class='ocrx_word' id='word_1_138' title='bbox 1604 1951 1699 2004; x_wconf 65' lang='grc' dir='ltr'><strong>καὶ⁹</strong></span> <span class='ocrx_word' id='word_1_139' title='bbox 1731 1969 1865 2022; x_wconf 87' lang='grc' dir='ltr'>γνω-</span> 
     </span>
    </p>
   </div>
   <div class='ocr_carea' id='block_1_19' title="bbox 273 2026 1864 2117">
    <p class='ocr_par' dir='ltr' id='par_1_19' title="bbox 273 2026 1864 2117">
     <span class='ocr_line' id='line_1_19' title="bbox 273 2026 1864 2117; baseline 0.01 -33"><span class='ocrx_word' id='word_1_140' title='bbox 273 2032 484 2096; x_wconf 80' lang='grc' dir='ltr'>στικὸν,</span> <span class='ocrx_word' id='word_1_141' title='bbox 506 2026 618 2087; x_wconf 75' lang='grc' dir='ltr'>οἷον</span> <span class='ocrx_word' id='word_1_142' title='bbox 642 2033 921 2106; x_wconf 79' lang='grc' dir='ltr'>ὀφθαλμὸν</span> <span class='ocrx_word' id='word_1_143' title='bbox 968 2038 1259 2109; x_wconf 84' lang='grc' dir='ltr'>κέκτηται,</span> <span class='ocrx_word' id='word_1_144' title='bbox 1306 2041 1402 2095; x_wconf 77' lang='grc' dir='ltr'>καὶ</span> <span class='ocrx_word' id='word_1_145' title='bbox 1454 2042 1706 2098; x_wconf 76' lang='grc' dir='ltr'>δεκτικὸν</span> <span class='ocrx_word' id='word_1_146' title='bbox 1761 2048 1864 2117; x_wconf 82' lang='grc' dir='ltr'>τῆς</span> 
     </span>
    </p>
   </div>
   <div class='ocr_carea' id='block_1_20' title="bbox 269 2123 1857 2204">
    <p class='ocr_par' dir='ltr' id='par_1_20' title="bbox 269 2123 1857 2204">
     <span class='ocr_line' id='line_1_20' title="bbox 269 2123 1857 2204; baseline 0.011 -28"><span class='ocrx_word' id='word_1_147' title='bbox 269 2123 385 2179; x_wconf 80' lang='grc' dir='ltr'><strong>τῶν</strong></span> <span class='ocrx_word' id='word_1_148' title='bbox 411 2125 580 2179; x_wconf 73' lang='grc' dir='ltr'>ὄντων</span> <span class='ocrx_word' id='word_1_149' title='bbox 609 2125 887 2195; x_wconf 86' lang='grc' dir='ltr'>γνώσεως,</span> <span class='ocrx_word' id='word_1_150' title='bbox 922 2129 1018 2182; x_wconf 83' lang='grc' dir='ltr'>καὶ</span> <span class='ocrx_word' id='word_1_151' title='bbox 1049 2130 1392 2204; x_wconf 78' lang='grc' dir='ltr'><strong>ἐπιστήμης,</strong></span> <span class='ocrx_word' id='word_1_152' title='bbox 1427 2135 1528 2188; x_wconf 82' lang='grc' dir='ltr'><strong>οὐκ</strong></span> <span class='ocrx_word' id='word_1_153' title='bbox 1557 2136 1772 2192; x_wconf 74' lang='grc' dir='ltr'>οἴκοθεν</span> <span class='ocrx_word' id='word_1_154' title='bbox 1799 2139 1857 2193; x_wconf 78' lang='grc' dir='ltr'>δὲ</span> 
     </span>
    </p>
   </div>
   <div class='ocr_carea' id='block_1_21' title="bbox 268 2217 1861 2296">
    <p class='ocr_par' dir='ltr' id='par_1_21' title="bbox 268 2217 1861 2296">
     <span class='ocr_line' id='line_1_21' title="bbox 268 2217 1861 2296; baseline 0.01 -27"><span class='ocrx_word' id='word_1_155' title='bbox 268 2217 499 2286; x_wconf 84' lang='grc' dir='ltr'>γνῶσιν,</span> <span class='ocrx_word' id='word_1_156' title='bbox 526 2221 624 2273; x_wconf 74' lang='grc' dir='ltr'>καὶ</span> <span class='ocrx_word' id='word_1_157' title='bbox 665 2218 766 2293; x_wconf 77' lang='grc' dir='ltr'>τὴν</span> <span class='ocrx_word' id='word_1_158' title='bbox 825 2222 1140 2294; x_wconf 79' lang='grc' dir='ltr'>ἐπιστήμην</span> <span class='ocrx_word' id='word_1_159' title='bbox 1187 2223 1324 2296; x_wconf 70' lang='grc' dir='ltr'>ἔχει,</span> <span class='ocrx_word' id='word_1_160' title='bbox 1381 2226 1518 2281; x_wconf 84' lang='grc' dir='ltr'>ἀλλὰ</span> <span class='ocrx_word' id='word_1_161' title='bbox 1549 2227 1719 2283; x_wconf 85' lang='grc' dir='ltr'>δεῖται</span> <span class='ocrx_word' id='word_1_162' title='bbox 1764 2231 1861 2285; x_wconf 81' lang='grc' dir='ltr'>τοῦ</span> 
     </span>
    </p>
   </div>
   <div class='ocr_carea' id='block_1_22' title="bbox 269 2309 1862 2393">
    <p class='ocr_par' dir='ltr' id='par_1_22' title="bbox 269 2309 1862 2393">
     <span class='ocr_line' id='line_1_22' title="bbox 269 2309 1862 2393; baseline 0.01 -31"><span class='ocrx_word' id='word_1_163' title='bbox 269 2309 576 2374; x_wconf 84' lang='grc' dir='ltr'>διδάξοντος</span> <span class='ocrx_word' id='word_1_164' title='bbox 599 2324 616 2341; x_wconf 80' lang='grc'><strong><em>⁸</em></strong></span> <span class='ocrx_word' id='word_1_165' title='bbox 652 2312 1043 2384; x_wconf 80' lang='grc' dir='ltr'>προσέλθωμεν</span> <span class='ocrx_word' id='word_1_166' title='bbox 1067 2315 1146 2387; x_wconf 80' lang='grc' dir='ltr'><strong>τῷ</strong></span> <span class='ocrx_word' id='word_1_167' title='bbox 1185 2317 1408 2387; x_wconf 76' lang='grc' dir='ltr'>ἀψευδεῖ</span> <span class='ocrx_word' id='word_1_168' title='bbox 1453 2319 1758 2392; x_wconf 81' lang='grc' dir='ltr'>διδασκάλῳ</span> <span class='ocrx_word' id='word_1_169' title='bbox 1785 2322 1862 2393; x_wconf 78' lang='grc' dir='ltr'>τῇ</span> 
     </span>
    </p>
   </div>
   <div class='ocr_carea' id='block_1_23' title="bbox 268 2402 1860 2483">
    <p class='ocr_par' dir='ltr' id='par_1_23' title="bbox 268 2402 1860 2483">
     <span class='ocr_line' id='line_1_23' title="bbox 268 2402 1860 2483; baseline 0.008 -27"><span class='ocrx_word' id='word_1_170' title='bbox 268 2402 547 2470; x_wconf 73' lang='grc' dir='ltr'>ἀληθείᾳ.</span> <span class='ocrx_word' id='word_1_171' title='bbox 587 2404 822 2477; x_wconf 78' lang='grc' dir='ltr'>Χριστὸς</span> <span class='ocrx_word' id='word_1_172' title='bbox 852 2406 909 2460; x_wconf 81' lang='grc' dir='ltr'>δέ</span> <span class='ocrx_word' id='word_1_173' title='bbox 944 2408 1095 2461; x_wconf 73' lang='grc' dir='ltr'>ἐστιν</span> <span class='ocrx_word' id='word_1_174' title='bbox 1143 2409 1176 2481; x_wconf 77' lang='grc' dir='ltr'><strong>ἡ</strong></span> <span class='ocrx_word' id='word_1_175' title='bbox 1210 2410 1574 2475; x_wconf 80' lang='grc' dir='ltr'>ὲνυπόστατος</span> <span class='ocrx_word' id='word_1_176' title='bbox 1612 2413 1775 2483; x_wconf 81' lang='grc' dir='ltr'>σοφία</span> <span class='ocrx_word' id='word_1_177' title='bbox 1800 2431 1860 2469; x_wconf 88' lang='grc' dir='ltr'><strong>τε</strong></span> 
     </span>
    </p>
   </div>
   <div class='ocr_carea' id='block_1_24' title="bbox 269 2494 1861 2575">
    <p class='ocr_par' dir='ltr' id='par_1_24' title="bbox 269 2494 1861 2575">
     <span class='ocr_line' id='line_1_24' title="bbox 269 2494 1861 2575; baseline 0.008 -28"><span class='ocrx_word' id='word_1_178' title='bbox 269 2495 371 2549; x_wconf 74' lang='grc' dir='ltr'>καὶ</span> <span class='ocrx_word' id='word_1_179' title='bbox 423 2495 688 2567; x_wconf 85' lang='grc' dir='ltr'>ἀλήθεια,</span> <span class='ocrx_word' id='word_1_180' title='bbox 734 2494 864 2567; x_wconf 79' lang='grc' dir='ltr'><strong>ὲνῷ</strong></span> <span class='ocrx_word' id='word_1_181' title='bbox 901 2501 1104 2566; x_wconf 81' lang='grc' dir='ltr'>πάντες</span> <span class='ocrx_word' id='word_1_182' title='bbox 1164 2502 1304 2557; x_wconf 78' lang='grc' dir='ltr'>είσὶν</span> <span class='ocrx_word' id='word_1_183' title='bbox 1338 2504 1389 2556; x_wconf 88' lang='grc' dir='ltr'><strong>οί</strong></span> <span class='ocrx_word' id='word_1_184' title='bbox 1443 2503 1711 2575; x_wconf 76' lang='grc' dir='ltr'>θησαυροὶ</span> <span class='ocrx_word' id='word_1_185' title='bbox 1759 2505 1861 2575; x_wconf 85' lang='grc' dir='ltr'>τῆς</span> 
     </span>
    </p>
   </div>
   <div class='ocr_carea' id='block_1_25' title="bbox 271 2587 1861 2667">
    <p class='ocr_par' dir='ltr' id='par_1_25' title="bbox 271 2587 1861 2667">
     <span class='ocr_line' id='line_1_25' title="bbox 271 2587 1861 2667; baseline 0.008 -28"><span class='ocrx_word' id='word_1_186' title='bbox 271 2587 532 2655; x_wconf 82' lang='grc' dir='ltr'>γνώσεως</span> <span class='ocrx_word' id='word_1_187' title='bbox 569 2591 621 2643; x_wconf 89' lang='grc' dir='ltr'><strong>οί</strong></span> <span class='ocrx_word' id='word_1_188' title='bbox 669 2591 978 2665; x_wconf 75' lang='grc' dir='ltr'>ἀπόκρυφοι</span> <span class='ocrx_word' id='word_1_189' title='bbox 1005 2609 1021 2625; x_wconf 76' lang='grc'><strong><em>³</em></strong></span> <span class='ocrx_word' id='word_1_190' title='bbox 1057 2596 1115 2659; x_wconf 83' lang='grc' dir='ltr'>ὃς</span> <span class='ocrx_word' id='word_1_191' title='bbox 1150 2595 1302 2649; x_wconf 71' lang='grc' dir='ltr'>ἐστιν</span> <span class='ocrx_word' id='word_1_192' title='bbox 1339 2598 1373 2667; x_wconf 81' lang='grc' dir='ltr'>ἡ</span> <span class='ocrx_word' id='word_1_193' title='bbox 1411 2595 1505 2650; x_wconf 81' lang='grc' dir='ltr'><strong>τοῦ</strong></span> <span class='ocrx_word' id='word_1_194' title='bbox 1567 2597 1704 2651; x_wconf 87' lang='grc' dir='ltr'><strong>Θεοῦ</strong></span> <span class='ocrx_word' id='word_1_195' title='bbox 1766 2599 1861 2653; x_wconf 77' lang='grc' dir='ltr'>καὶ</span> 
     </span>
    </p>
   </div>
   <div class='ocr_carea' id='block_1_26' title="bbox 270 2681 1857 2761">
    <p class='ocr_par' dir='ltr' id='par_1_26' title="bbox 270 2681 1857 2761">
     <span class='ocr_line' id='line_1_26' title="bbox 270 2681 1857 2761; baseline 0.009 -29"><span class='ocrx_word' id='word_1_196' title='bbox 270 2681 492 2751; x_wconf 70' lang='grc' dir='ltr'>Πατρός</span> <span class='ocrx_word' id='word_1_197' title='bbox 538 2683 703 2753; x_wconf 79' lang='grc' dir='ltr'>σοφία</span> <span class='ocrx_word' id='word_1_198' title='bbox 748 2686 847 2740; x_wconf 73' lang='grc' dir='ltr'>καὶ</span> <span class='ocrx_word' id='word_1_199' title='bbox 891 2686 1145 2760; x_wconf 87' lang='grc' dir='ltr'>δύναμις,</span> <span class='ocrx_word' id='word_1_200' title='bbox 1175 2690 1269 2743; x_wconf 80' lang='grc' dir='ltr'>καὶ</span> <span class='ocrx_word' id='word_1_201' title='bbox 1299 2690 1399 2759; x_wconf 85' lang='grc' dir='ltr'>τῆς</span> <span class='ocrx_word' id='word_1_202' title='bbox 1443 2691 1630 2761; x_wconf 80' lang='grc' dir='ltr'>φωνῆς</span> <span class='ocrx_word' id='word_1_203' title='bbox 1688 2692 1857 2746; x_wconf 81' lang='grc' dir='ltr'>αὑτοῦ</span> 
     </span>
    </p>
   </div>
   <div class='ocr_carea' id='block_1_27' title="bbox 268 2772 1857 2853">
    <p class='ocr_par' dir='ltr' id='par_1_27' title="bbox 268 2772 1857 2853">
     <span class='ocr_line' id='line_1_27' title="bbox 268 2772 1857 2853; baseline 0.008 -28"><span class='ocrx_word' id='word_1_204' title='bbox 268 2772 361 2826; x_wconf 87' lang='grc' dir='ltr'><strong>διά</strong></span> <span class='ocrx_word' id='word_1_205' title='bbox 384 2772 493 2827; x_wconf 88' lang='grc' dir='ltr'><strong>τῶν</strong></span> <span class='ocrx_word' id='word_1_206' title='bbox 535 2774 698 2830; x_wconf 83' lang='grc' dir='ltr'>θείων</span> <span class='ocrx_word' id='word_1_207' title='bbox 747 2777 983 2849; x_wconf 76' lang='grc' dir='ltr'>Γραφῶν</span> <span class='ocrx_word' id='word_1_208' title='bbox 1040 2779 1390 2851; x_wconf 87' lang='grc' dir='ltr'>ἀκούσωμεν,</span> <span class='ocrx_word' id='word_1_209' title='bbox 1446 2782 1542 2834; x_wconf 77' lang='grc' dir='ltr'>καὶ</span> <span class='ocrx_word' id='word_1_210' title='bbox 1594 2781 1857 2853; x_wconf 84' lang='grc' dir='ltr'>μάθωμεν</span> 
     </span>
    </p>
   </div>
   <div class='ocr_carea' id='block_1_28' title="bbox 268 2864 1856 2946">
    <p class='ocr_par' dir='ltr' id='par_1_28' title="bbox 268 2864 1856 2946">
     <span class='ocr_line' id='line_1_28' title="bbox 268 2864 1856 2946; baseline 0.006 -28"><span class='ocrx_word' id='word_1_211' title='bbox 268 2864 373 2936; x_wconf 75' lang='grc' dir='ltr'>τὴν</span> <span class='ocrx_word' id='word_1_212' title='bbox 428 2866 657 2921; x_wconf 84' lang='grc' dir='ltr'>πάντων</span> <span class='ocrx_word' id='word_1_213' title='bbox 684 2868 794 2924; x_wconf 89' lang='grc' dir='ltr'><strong>τῶν</strong></span> <span class='ocrx_word' id='word_1_214' title='bbox 848 2870 1018 2925; x_wconf 70' lang='grc' dir='ltr'>ὄντων</span> <span class='ocrx_word' id='word_1_215' title='bbox 1070 2871 1274 2940; x_wconf 89' lang='grc' dir='ltr'>γνῶσιν</span> <span class='ocrx_word' id='word_1_216' title='bbox 1303 2872 1405 2942; x_wconf 84' lang='grc' dir='ltr'>τὴν</span> <span class='ocrx_word' id='word_1_217' title='bbox 1439 2872 1646 2943; x_wconf 83' lang='grc' dir='ltr'>ἀληθῆ·</span> <span class='ocrx_word' id='word_1_218' title='bbox 1684 2891 1856 2946; x_wconf 87' lang='grc' dir='ltr'>προσ-</span> 
     </span>
    </p>
   </div>
   <div class='ocr_carea' id='block_1_29' title="bbox 267 2955 1856 3035">
    <p class='ocr_par' dir='ltr' id='par_1_29' title="bbox 267 2955 1856 3035">
     <span class='ocr_line' id='line_1_29' title="bbox 267 2955 1856 3035; baseline 0.006 -28"><span class='ocrx_word' id='word_1_219' title='bbox 267 2955 560 3027; x_wconf 84' lang='grc' dir='ltr'>ερχόμενοι</span> <span class='ocrx_word' id='word_1_220' title='bbox 592 2957 873 3028; x_wconf 71' lang='grc' dir='ltr'>ἐπιμελῶς</span> <span class='ocrx_word' id='word_1_221' title='bbox 899 2959 994 3013; x_wconf 80' lang='grc' dir='ltr'>καὶ</span> <span class='ocrx_word' id='word_1_222' title='bbox 1029 2960 1340 3032; x_wconf 75' lang='grc' dir='ltr'>εἰλικρινῶς</span> <span class='ocrx_word' id='word_1_223' title='bbox 1377 2961 1718 3034; x_wconf 85' lang='grc' dir='ltr'>προσιῶμεν,</span> <span class='ocrx_word' id='word_1_224' title='bbox 1780 2963 1856 3035; x_wconf 83' lang='grc' dir='ltr'>μὴ</span> 
     </span>
    </p>
   </div>
   <div class='ocr_carea' id='block_1_30' title="bbox 268 3047 1856 3127">
    <p class='ocr_par' dir='ltr' id='par_1_30' title="bbox 268 3047 1856 3127">
     <span class='ocr_line' id='line_1_30' title="bbox 268 3047 1856 3127; baseline 0.006 -27"><span class='ocrx_word' id='word_1_225' title='bbox 268 3047 641 3117; x_wconf 79' lang='grc' dir='ltr'>ἀμόλύνοντες</span> <span class='ocrx_word' id='word_1_226' title='bbox 689 3051 849 3122; x_wconf 80' lang='grc' dir='ltr'>ἡμῶν</span> <span class='ocrx_word' id='word_1_227' title='bbox 879 3052 940 3106; x_wconf 85' lang='grc' dir='ltr'><strong>τδ</strong></span> <span class='ocrx_word' id='word_1_228' title='bbox 965 3053 1150 3125; x_wconf 85' lang='grc' dir='ltr'>νοερὸν</span> <span class='ocrx_word' id='word_1_229' title='bbox 1178 3056 1279 3124; x_wconf 82' lang='grc' dir='ltr'>τῆς</span> <span class='ocrx_word' id='word_1_230' title='bbox 1303 3054 1482 3125; x_wconf 82' lang='grc' dir='ltr'>ψυχῆς</span> <span class='ocrx_word' id='word_1_231' title='bbox 1524 3054 1680 3127; x_wconf 75' lang='grc' dir='ltr'>ὄμμα</span> <span class='ocrx_word' id='word_1_232' title='bbox 1740 3059 1856 3123; x_wconf 78' lang='grc' dir='ltr'>τοῖς</span> 
     </span>
    </p>
   </div>
   <div class='ocr_carea' id='block_1_31' title="bbox 1689 333 2157 398">
    <p class='ocr_par' dir='ltr' id='par_1_31' title="bbox 1689 333 2157 398">
     <span class='ocr_line' id='line_1_31' title="bbox 1689 333 2157 398; baseline 0.013 -6"><span class='ocrx_word' id='word_1_233' title='bbox 1689 333 2157 398; x_wconf 78' lang='lat' dir='ltr'><strong>DIALECTICA.</strong></span> 
     </span>
    </p>
   </div>
   <div class='ocr_carea' id='block_1_32' title="bbox 3443 358 3550 424">
    <p class='ocr_par' dir='ltr' id='par_1_32' title="bbox 3443 358 3550 424">
     <span class='ocr_line' id='line_1_32' title="bbox 3443 358 3550 424; baseline -0.019 0"><span class='ocrx_word' id='word_1_234' title='bbox 3443 358 3550 424; x_wconf 65' lang='lat'><strong>530</strong></span> 
     </span>
    </p>
   </div>
   <div class='ocr_carea' id='block_1_33' title="bbox 2478 465 3036 529">
    <p class='ocr_par' dir='ltr' id='par_1_33' title="bbox 2478 465 3036 529">
     <span class='ocr_line' id='line_1_33' title="bbox 2478 465 3036 529; baseline 0.016 -9"><span class='ocrx_word' id='word_1_235' title='bbox 2478 465 2707 523; x_wconf 79' lang='lat' dir='ltr'><strong>CAPUT</strong></span> <span class='ocrx_word' id='word_1_236' title='bbox 2742 468 3036 529; x_wconf 72' lang='lat' dir='ltr'><strong>PRIMUM.</strong></span> 
     </span>
    </p>
   </div>
   <div class='ocr_carea' id='block_1_34' title="bbox 2563 559 2988 633">
    <p class='ocr_par' dir='ltr' id='par_1_34' title="bbox 2563 559 2988 633">
     <span class='ocr_line' id='line_1_34' title="bbox 2563 559 2988 633; baseline 0.016 -19"><span class='ocrx_word' id='word_1_237' title='bbox 2563 559 2636 615; x_wconf 80' lang='lat' dir='ltr'><strong>De</strong></span> <span class='ocrx_word' id='word_1_238' title='bbox 2674 566 2988 633; x_wconf 74' lang='lat' dir='ltr'><strong>cognitione.</strong></span> 
     </span>
    </p>
   </div>
   <div class='ocr_carea' id='block_1_35' title="bbox 2043 644 3549 728">
    <p class='ocr_par' dir='ltr' id='par_1_35' title="bbox 2043 644 3549 728">
     <span class='ocr_line' id='line_1_35' title="bbox 2043 644 3549 728; baseline 0.007 -29"><span class='ocrx_word' id='word_1_239' title='bbox 2043 644 2280 702; x_wconf 83' lang='lat' dir='ltr'><strong>Scientia</strong></span> <span class='ocrx_word' id='word_1_240' title='bbox 2310 658 2357 703; x_wconf 82' lang='lat' dir='ltr'><strong>et</strong></span> <span class='ocrx_word' id='word_1_241' title='bbox 2390 652 2624 720; x_wconf 83' lang='lat' dir='ltr'><strong>cognitio</strong></span> <span class='ocrx_word' id='word_1_242' title='bbox 2656 656 2824 708; x_wconf 79' lang='lat' dir='ltr'><strong>animi</strong></span> <span class='ocrx_word' id='word_1_243' title='bbox 2853 655 3027 711; x_wconf 82' lang='lat' dir='ltr'><strong><em>lumen</em></strong></span> <span class='ocrx_word' id='word_1_244' title='bbox 3055 670 3148 714; x_wconf 77' lang='lat' dir='ltr'><strong>est.</strong></span> <span class='ocrx_word' id='word_1_245' title='bbox 3176 654 3347 713; x_wconf 80' lang='lat' dir='ltr'><strong>Falsa</strong></span> <span class='ocrx_word' id='word_1_246' title='bbox 3374 672 3549 728; x_wconf 73' lang='lat' dir='ltr'><strong>cognt~</strong></span> 
     </span>
    </p>
   </div>
   <div class='ocr_carea' id='block_1_36' title="bbox 1972 738 3550 815">
    <p class='ocr_par' dir='ltr' id='par_1_36' title="bbox 1972 738 3550 815">
     <span class='ocr_line' id='line_1_36' title="bbox 1972 738 3550 815; baseline 0.006 -24"><span class='ocrx_word' id='word_1_247' title='bbox 1972 738 2044 792; x_wconf 87' lang='lat' dir='ltr'><strong>tio</strong></span> <span class='ocrx_word' id='word_1_248' title='bbox 2064 780 2079 805; x_wconf 90' lang='lat'><strong>,</strong></span> <span class='ocrx_word' id='word_1_249' title='bbox 2110 755 2231 794; x_wconf 84' lang='lat' dir='ltr'><strong>vera</strong></span> <span class='ocrx_word' id='word_1_250' title='bbox 2258 748 2334 795; x_wconf 74' lang='lat' dir='ltr'><strong>est</strong></span> <span class='ocrx_word' id='word_1_251' title='bbox 2362 742 2646 811; x_wconf 75' lang='lat' dir='ltr'><strong>ignoratio.</strong></span> <span class='ocrx_word' id='word_1_252' title='bbox 2670 775 2739 783; x_wconf 94' lang='lat'><strong>—</strong></span> <span class='ocrx_word' id='word_1_253' title='bbox 2757 744 3086 815; x_wconf 83' lang='lat' dir='ltr'><strong>Cognitione</strong></span> <span class='ocrx_word' id='word_1_254' title='bbox 3112 747 3247 801; x_wconf 86' lang='lat' dir='ltr'><strong>nihil</strong></span> <span class='ocrx_word' id='word_1_255' title='bbox 3278 748 3550 804; x_wconf 78' lang='lat' dir='ltr'><strong>excellen-</strong></span> 
     </span>
    </p>
   </div>
   <div class='ocr_carea' id='block_1_37' title="bbox 1971 832 3551 907">
    <p class='ocr_par' dir='ltr' id='par_1_37' title="bbox 1971 832 3551 907">
     <span class='ocr_line' id='line_1_37' title="bbox 1971 832 3551 907; baseline 0.002 -17"><span class='ocrx_word' id='word_1_256' title='bbox 1971 836 2081 890; x_wconf 89' lang='lat' dir='ltr'><strong>tius</strong></span> <span class='ocrx_word' id='word_1_257' title='bbox 2129 841 2236 889; x_wconf 90' lang='lat' dir='ltr'><strong>est.</strong></span> <span class='ocrx_word' id='word_1_258' title='bbox 2273 832 2350 888; x_wconf 86' lang='lat' dir='ltr'><strong>Ea</strong></span> <span class='ocrx_word' id='word_1_259' title='bbox 2386 836 2589 907; x_wconf 87' lang='lat' dir='ltr'><strong>quippe</strong></span> <span class='ocrx_word' id='word_1_260' title='bbox 2620 836 2907 893; x_wconf 89' lang='lat' dir='ltr'><strong>rationalis</strong></span> <span class='ocrx_word' id='word_1_261' title='bbox 2939 838 3141 894; x_wconf 67' lang='lat' dir='ltr'><strong>animm</strong></span> <span class='ocrx_word' id='word_1_262' title='bbox 3188 840 3373 896; x_wconf 89' lang='lat' dir='ltr'><strong>lumen</strong></span> <span class='ocrx_word' id='word_1_263' title='bbox 3429 848 3551 904; x_wconf 83' lang='lat' dir='ltr'><strong>est,</strong></span> 
     </span>
    </p>
   </div>
   <div class='ocr_carea' id='block_1_38' title="bbox 1969 928 3549 1002">
    <p class='ocr_par' dir='ltr' id='par_1_38' title="bbox 1969 928 3549 1002">
     <span class='ocr_line' id='line_1_38' title="bbox 1969 928 3549 1002; baseline 0.001 -20"><span class='ocrx_word' id='word_1_264' title='bbox 1969 928 2436 999; x_wconf 85' lang='lat' dir='ltr'><strong>quemadmodum</strong></span> <span class='ocrx_word' id='word_1_265' title='bbox 2467 944 2498 985; x_wconf 91' lang='lat' dir='ltr'><strong>e</strong></span> <span class='ocrx_word' id='word_1_266' title='bbox 2527 938 2726 985; x_wconf 89' lang='lat' dir='ltr'><strong>contra</strong></span> <span class='ocrx_word' id='word_1_267' title='bbox 2762 931 2984 986; x_wconf 80' lang='lat' dir='ltr'><strong>inscitia</strong></span> <span class='ocrx_word' id='word_1_268' title='bbox 3036 942 3119 987; x_wconf 89' lang='lat' dir='ltr'><strong>est</strong></span> <span class='ocrx_word' id='word_1_269' title='bbox 3168 933 3365 1002; x_wconf 86' lang='lat' dir='ltr'><strong>caligo.</strong></span> <span class='ocrx_word' id='word_1_270' title='bbox 3414 931 3549 987; x_wconf 84' lang='lat' dir='ltr'><strong>Nam</strong></span> 
     </span>
    </p>
   </div>
   <div class='ocr_carea' id='block_1_39' title="bbox 1970 1022 3551 1093">
    <p class='ocr_par' dir='ltr' id='par_1_39' title="bbox 1970 1022 3551 1093">
     <span class='ocr_line' id='line_1_39' title="bbox 1970 1022 3551 1093; baseline -0.001 -14"><span class='ocrx_word' id='word_1_271' title='bbox 1970 1022 2116 1079; x_wconf 85' lang='lat' dir='ltr'><strong>sicut</strong></span> <span class='ocrx_word' id='word_1_272' title='bbox 2150 1023 2385 1092; x_wconf 81' lang='lat' dir='ltr'><strong>privatio</strong></span> <span class='ocrx_word' id='word_1_273' title='bbox 2412 1023 2553 1081; x_wconf 91' lang='lat' dir='ltr'><strong>lucis</strong></span> <span class='ocrx_word' id='word_1_274' title='bbox 2588 1024 2829 1080; x_wconf 67' lang='lat' dir='ltr'><strong>tenebrae</strong></span> <span class='ocrx_word' id='word_1_275' title='bbox 2863 1032 3025 1088; x_wconf 89' lang='lat' dir='ltr'><strong>sunt,</strong></span> <span class='ocrx_word' id='word_1_276' title='bbox 3048 1024 3194 1078; x_wconf 81' lang='lat' dir='ltr'><strong>itaet</strong></span> <span class='ocrx_word' id='word_1_277' title='bbox 3222 1024 3551 1093; x_wconf 86' lang='lat' dir='ltr'><strong>cognitionis</strong></span> 
     </span>
    </p>
   </div>
   <div class='ocr_carea' id='block_1_40' title="bbox 1970 1113 3553 1182">
    <p class='ocr_par' dir='ltr' id='par_1_40' title="bbox 1970 1113 3553 1182">
     <span class='ocr_line' id='line_1_40' title="bbox 1970 1113 3553 1182; baseline 0 -15"><span class='ocrx_word' id='word_1_278' title='bbox 1970 1113 2211 1182; x_wconf 79' lang='lat' dir='ltr'><strong>privatio</strong></span> <span class='ocrx_word' id='word_1_279' title='bbox 2244 1113 2479 1170; x_wconf 84' lang='lat' dir='ltr'><strong>rationis</strong></span> <span class='ocrx_word' id='word_1_280' title='bbox 2510 1114 2827 1171; x_wconf 83' lang='lat' dir='ltr'><strong>obscuritas</strong></span> <span class='ocrx_word' id='word_1_281' title='bbox 2878 1125 2986 1171; x_wconf 88' lang='lat' dir='ltr'><strong>est.</strong></span> <span class='ocrx_word' id='word_1_282' title='bbox 3020 1114 3315 1170; x_wconf 82' lang='lat' dir='ltr'><strong>Enimvero</strong></span> <span class='ocrx_word' id='word_1_283' title='bbox 3357 1114 3553 1169; x_wconf 84' lang='lat' dir='ltr'><strong>bruto-</strong></span> 
     </span>
    </p>
   </div>
   <div class='ocr_carea' id='block_1_41' title="bbox 1971 1204 3553 1276">
    <p class='ocr_par' dir='ltr' id='par_1_41' title="bbox 1971 1204 3553 1276">
     <span class='ocr_line' id='line_1_41' title="bbox 1971 1204 3553 1276; baseline -0.001 -17"><span class='ocrx_word' id='word_1_284' title='bbox 1971 1219 2094 1259; x_wconf 89' lang='lat' dir='ltr'><strong>rum</strong></span> <span class='ocrx_word' id='word_1_285' title='bbox 2141 1204 2506 1259; x_wconf 86' lang='lat' dir='ltr'><strong>animantium</strong></span> <span class='ocrx_word' id='word_1_286' title='bbox 2556 1206 2844 1276; x_wconf 89' lang='lat' dir='ltr'><strong>proprium</strong></span> <span class='ocrx_word' id='word_1_287' title='bbox 2896 1205 3171 1274; x_wconf 83' lang='lat' dir='ltr'><strong>quoddam</strong></span> <span class='ocrx_word' id='word_1_288' title='bbox 3206 1212 3293 1261; x_wconf 89' lang='lat' dir='ltr'><strong>est</strong></span> <span class='ocrx_word' id='word_1_289' title='bbox 3328 1205 3553 1275; x_wconf 87' lang='lat' dir='ltr'><strong>ignora-</strong></span> 
     </span>
    </p>
   </div>
   <div class='ocr_carea' id='block_1_42' title="bbox 1969 1296 3551 1369">
    <p class='ocr_par' dir='ltr' id='par_1_42' title="bbox 1969 1296 3551 1369">
     <span class='ocr_line' id='line_1_42' title="bbox 1969 1296 3551 1369; baseline -0.003 -16"><span class='ocrx_word' id='word_1_290' title='bbox 1969 1297 2089 1355; x_wconf 89' lang='lat' dir='ltr'><strong>tio:</strong></span> <span class='ocrx_word' id='word_1_291' title='bbox 2124 1296 2373 1368; x_wconf 78' lang='lat' dir='ltr'><strong>cognitio</strong></span> <span class='ocrx_word' id='word_1_292' title='bbox 2416 1304 2599 1352; x_wconf 91' lang='lat' dir='ltr'><strong>autem</strong></span> <span class='ocrx_word' id='word_1_293' title='bbox 2653 1298 2823 1353; x_wconf 88' lang='lat' dir='ltr'><strong>rebus</strong></span> <span class='ocrx_word' id='word_1_294' title='bbox 2874 1313 2997 1369; x_wconf 77' lang='lat' dir='ltr'><strong>quae</strong></span> <span class='ocrx_word' id='word_1_295' title='bbox 3046 1298 3260 1353; x_wconf 84' lang='lat' dir='ltr'><strong>ratione</strong></span> <span class='ocrx_word' id='word_1_296' title='bbox 3310 1296 3551 1367; x_wconf 63' lang='lat' dir='ltr'><strong>praeditas</strong></span> 
     </span>
    </p>
   </div>
   <div class='ocr_carea' id='block_1_43' title="bbox 1970 1389 3551 1462">
    <p class='ocr_par' dir='ltr' id='par_1_43' title="bbox 1970 1389 3551 1462">
     <span class='ocr_line' id='line_1_43' title="bbox 1970 1389 3551 1462; baseline -0.003 -17"><span class='ocrx_word' id='word_1_297' title='bbox 1970 1397 2140 1453; x_wconf 90' lang='lat' dir='ltr'><strong>sunt,</strong></span> <span class='ocrx_word' id='word_1_298' title='bbox 2173 1390 2459 1446; x_wconf 87' lang='lat' dir='ltr'><strong>convenit.</strong></span> <span class='ocrx_word' id='word_1_299' title='bbox 2496 1389 2593 1446; x_wconf 85' lang='lat' dir='ltr'><strong>Ille</strong></span> <span class='ocrx_word' id='word_1_300' title='bbox 2628 1390 2799 1462; x_wconf 83' lang='lat' dir='ltr'><strong>igitur</strong></span> <span class='ocrx_word' id='word_1_301' title='bbox 2827 1389 2962 1461; x_wconf 88' lang='lat' dir='ltr'><strong>qui,</strong></span> <span class='ocrx_word' id='word_1_302' title='bbox 3017 1404 3141 1445; x_wconf 90' lang='lat' dir='ltr'><strong>cum</strong></span> <span class='ocrx_word' id='word_1_303' title='bbox 3195 1398 3394 1443; x_wconf 84' lang='lat' dir='ltr'><strong>natura</strong></span> <span class='ocrx_word' id='word_1_304' title='bbox 3449 1402 3551 1443; x_wconf 84' lang='lat' dir='ltr'><strong>sua</strong></span> 
     </span>
    </p>
   </div>
   <div class='ocr_carea' id='block_1_44' title="bbox 1970 1483 3549 1555">
    <p class='ocr_par' dir='ltr' id='par_1_44' title="bbox 1970 1483 3549 1555">
     <span class='ocr_line' id='line_1_44' title="bbox 1970 1483 3549 1555; baseline -0.006 -14"><span class='ocrx_word' id='word_1_305' title='bbox 1970 1484 2311 1555; x_wconf 75' lang='lat' dir='ltr'><strong>cognitionis</strong></span> <span class='ocrx_word' id='word_1_306' title='bbox 2342 1491 2400 1539; x_wconf 86' lang='lat' dir='ltr'><strong>et</strong></span> <span class='ocrx_word' id='word_1_307' title='bbox 2430 1483 2675 1540; x_wconf 70' lang='lat' dir='ltr'><strong>scientiae</strong></span> <span class='ocrx_word' id='word_1_308' title='bbox 2701 1498 2873 1554; x_wconf 81' lang='lat' dir='ltr'><strong>capax</strong></span> <span class='ocrx_word' id='word_1_309' title='bbox 2910 1484 3017 1547; x_wconf 83' lang='lat' dir='ltr'><strong>sit,</strong></span> <span class='ocrx_word' id='word_1_310' title='bbox 3048 1497 3112 1538; x_wconf 90' lang='lat' dir='ltr'><strong>ea</strong></span> <span class='ocrx_word' id='word_1_311' title='bbox 3144 1489 3329 1536; x_wconf 89' lang='lat' dir='ltr'><strong>tamen</strong></span> <span class='ocrx_word' id='word_1_312' title='bbox 3362 1488 3549 1546; x_wconf 89' lang='lat' dir='ltr'><strong>caret,</strong></span> 
     </span>
    </p>
   </div>
   <div class='ocr_carea' id='block_1_45' title="bbox 1970 1573 3550 1649">
    <p class='ocr_par' dir='ltr' id='par_1_45' title="bbox 1970 1573 3550 1649">
     <span class='ocr_line' id='line_1_45' title="bbox 1970 1573 3550 1649; baseline -0.004 -14"><span class='ocrx_word' id='word_1_313' title='bbox 1970 1579 2153 1645; x_wconf 88' lang='lat' dir='ltr'><strong>idem,</strong></span> <span class='ocrx_word' id='word_1_314' title='bbox 2204 1578 2509 1649; x_wconf 84' lang='lat' dir='ltr'><strong>quamlibet</strong></span> <span class='ocrx_word' id='word_1_315' title='bbox 2562 1577 2773 1648; x_wconf 87' lang='lat' dir='ltr'><strong>alioqui</strong></span> <span class='ocrx_word' id='word_1_316' title='bbox 2836 1576 2911 1633; x_wconf 88' lang='lat' dir='ltr'><strong>sit</strong></span> <span class='ocrx_word' id='word_1_317' title='bbox 2960 1584 3175 1631; x_wconf 61' lang='lat' dir='ltr'><strong>natura;</strong></span> <span class='ocrx_word' id='word_1_318' title='bbox 3224 1573 3550 1639; x_wconf 89' lang='lat' dir='ltr'><strong>rationalis,</strong></span> 
     </span>
    </p>
   </div>
   <div class='ocr_carea' id='block_1_46' title="bbox 1972 1667 3550 1745">
    <p class='ocr_par' dir='ltr' id='par_1_46' title="bbox 1972 1667 3550 1745">
     <span class='ocr_line' id='line_1_46' title="bbox 1972 1667 3550 1745; baseline -0.003 -17"><span class='ocrx_word' id='word_1_319' title='bbox 1972 1680 2199 1745; x_wconf 78' lang='lat' dir='ltr'><strong>propter</strong></span> <span class='ocrx_word' id='word_1_320' title='bbox 2233 1672 2406 1727; x_wconf 89' lang='lat' dir='ltr'><strong>animi</strong></span> <span class='ocrx_word' id='word_1_321' title='bbox 2453 1671 2726 1729; x_wconf 87' lang='lat' dir='ltr'><strong>desidiam</strong></span> <span class='ocrx_word' id='word_1_322' title='bbox 2766 1670 3191 1741; x_wconf 84' lang='lat' dir='ltr'><strong>socordiamque</strong></span> <span class='ocrx_word' id='word_1_323' title='bbox 3221 1667 3422 1724; x_wconf 86' lang='lat' dir='ltr'><strong>belluis</strong></span> <span class='ocrx_word' id='word_1_324' title='bbox 3451 1668 3550 1723; x_wconf 85' lang='lat' dir='ltr'><strong>de-</strong></span> 
     </span>
    </p>
   </div>
   <div class='ocr_carea' id='block_1_47' title="bbox 1972 1763 3549 1837">
    <p class='ocr_par' dir='ltr' id='par_1_47' title="bbox 1972 1763 3549 1837">
     <span class='ocr_line' id='line_1_47' title="bbox 1972 1763 3549 1837; baseline -0.005 -15"><span class='ocrx_word' id='word_1_325' title='bbox 1972 1767 2143 1823; x_wconf 86' lang='lat' dir='ltr'><strong>terior</strong></span> <span class='ocrx_word' id='word_1_326' title='bbox 2189 1765 2446 1824; x_wconf 75' lang='lat' dir='ltr'><strong>eliicitur.</strong></span> <span class='ocrx_word' id='word_1_327' title='bbox 2496 1766 2666 1837; x_wconf 79' lang='lat' dir='ltr'><strong>Atqui</strong></span> <span class='ocrx_word' id='word_1_328' title='bbox 2719 1765 3095 1837; x_wconf 87' lang='lat' dir='ltr'><strong>cognitionem</strong></span> <span class='ocrx_word' id='word_1_329' title='bbox 3146 1763 3308 1827; x_wconf 88' lang='lat' dir='ltr'><strong>dico,</strong></span> <span class='ocrx_word' id='word_1_330' title='bbox 3361 1775 3549 1816; x_wconf 83' lang='lat' dir='ltr'><strong>veram</strong></span> 
     </span>
    </p>
   </div>
   <div class='ocr_carea' id='block_1_48' title="bbox 1972 1852 3549 1931">
    <p class='ocr_par' dir='ltr' id='par_1_48' title="bbox 1972 1852 3549 1931">
     <span class='ocr_line' id='line_1_48' title="bbox 1972 1852 3549 1931; baseline -0.005 -16"><span class='ocrx_word' id='word_1_331' title='bbox 1972 1859 2123 1915; x_wconf 86' lang='lat' dir='ltr'><strong>illam</strong></span> <span class='ocrx_word' id='word_1_332' title='bbox 2154 1874 2347 1915; x_wconf 90' lang='lat' dir='ltr'><strong>eorum</strong></span> <span class='ocrx_word' id='word_1_333' title='bbox 2375 1874 2498 1931; x_wconf 73' lang='lat' dir='ltr'><strong>quae</strong></span> <span class='ocrx_word' id='word_1_334' title='bbox 2524 1867 2657 1917; x_wconf 88' lang='lat' dir='ltr'><strong>sunt</strong></span> <span class='ocrx_word' id='word_1_335' title='bbox 2686 1859 2963 1915; x_wconf 88' lang='lat' dir='ltr'><strong>notitiam.</strong></span> <span class='ocrx_word' id='word_1_336' title='bbox 2992 1856 3251 1913; x_wconf 70' lang='lat' dir='ltr'><strong>Scientiaa</strong></span> <span class='ocrx_word' id='word_1_337' title='bbox 3276 1852 3549 1926; x_wconf 87' lang='lat' dir='ltr'><strong>siquidem</strong></span> 
     </span>
    </p>
   </div>
   <div class='ocr_carea' id='block_1_49' title="bbox 1970 1947 3547 2024">
    <p class='ocr_par' dir='ltr' id='par_1_49' title="bbox 1970 1947 3547 2024">
     <span class='ocr_line' id='line_1_49' title="bbox 1970 1947 3547 2024; baseline -0.006 -15"><span class='ocrx_word' id='word_1_338' title='bbox 1970 1960 2267 2009; x_wconf 85' lang='lat' dir='ltr'><strong>versantur</strong></span> <span class='ocrx_word' id='word_1_339' title='bbox 2297 1953 2447 2009; x_wconf 90' lang='lat' dir='ltr'><strong>circa</strong></span> <span class='ocrx_word' id='word_1_340' title='bbox 2478 1967 2544 2008; x_wconf 89' lang='lat' dir='ltr'><strong>ea</strong></span> <span class='ocrx_word' id='word_1_341' title='bbox 2576 1968 2700 2024; x_wconf 73' lang='lat' dir='ltr'><strong>quae</strong></span> <span class='ocrx_word' id='word_1_342' title='bbox 2725 1960 2857 2008; x_wconf 88' lang='lat' dir='ltr'><strong>sunt</strong></span> <span class='ocrx_word' id='word_1_343' title='bbox 2885 1968 2901 2020; x_wconf 92' lang='lat'><strong>;</strong></span> <span class='ocrx_word' id='word_1_344' title='bbox 2933 1950 3082 2007; x_wconf 85' lang='lat' dir='ltr'><strong>unde</strong></span> <span class='ocrx_word' id='word_1_345' title='bbox 3113 1950 3253 2005; x_wconf 78' lang='lat' dir='ltr'><strong>falsa</strong></span> <span class='ocrx_word' id='word_1_346' title='bbox 3284 1947 3547 2018; x_wconf 86' lang='lat' dir='ltr'><strong>cognitio,</strong></span> 
     </span>
    </p>
   </div>
   <div class='ocr_carea' id='block_1_50' title="bbox 1970 2037 3549 2117">
    <p class='ocr_par' dir='ltr' id='par_1_50' title="bbox 1970 2037 3549 2117">
     <span class='ocr_line' id='line_1_50' title="bbox 1970 2037 3549 2117; baseline -0.007 -14"><span class='ocrx_word' id='word_1_347' title='bbox 1970 2054 2160 2117; x_wconf 89' lang='lat' dir='ltr'><strong>utpote</strong></span> <span class='ocrx_word' id='word_1_348' title='bbox 2184 2046 2381 2103; x_wconf 88' lang='lat' dir='ltr'><strong>notitia</strong></span> <span class='ocrx_word' id='word_1_349' title='bbox 2414 2046 2568 2102; x_wconf 84' lang='lat' dir='ltr'><strong>illius</strong></span> <span class='ocrx_word' id='word_1_350' title='bbox 2597 2045 2748 2116; x_wconf 86' lang='lat' dir='ltr'><strong>quod</strong></span> <span class='ocrx_word' id='word_1_351' title='bbox 2777 2060 2890 2101; x_wconf 89' lang='lat' dir='ltr'><strong>non</strong></span> <span class='ocrx_word' id='word_1_352' title='bbox 2916 2050 3001 2101; x_wconf 89' lang='lat' dir='ltr'><strong>est</strong></span> <span class='ocrx_word' id='word_1_353' title='bbox 3025 2083 3040 2109; x_wconf 93' lang='lat'><strong>,</strong></span> <span class='ocrx_word' id='word_1_354' title='bbox 3068 2040 3339 2114; x_wconf 85' lang='lat' dir='ltr'><strong>ignoratio</strong></span> <span class='ocrx_word' id='word_1_355' title='bbox 3368 2037 3549 2110; x_wconf 87' lang='lat' dir='ltr'><strong>potius</strong></span> 
     </span>
    </p>
   </div>
   <div class='ocr_carea' id='block_1_51' title="bbox 1970 2130 3546 2213">
    <p class='ocr_par' dir='ltr' id='par_1_51' title="bbox 1970 2130 3546 2213">
     <span class='ocr_line' id='line_1_51' title="bbox 1970 2130 3546 2213; baseline -0.007 -17"><span class='ocrx_word' id='word_1_356' title='bbox 1970 2156 2137 2212; x_wconf 89' lang='lat' dir='ltr'><strong>quam</strong></span> <span class='ocrx_word' id='word_1_357' title='bbox 2169 2140 2416 2213; x_wconf 85' lang='lat' dir='ltr'><strong>cognitio</strong></span> <span class='ocrx_word' id='word_1_358' title='bbox 2443 2138 2630 2196; x_wconf 81' lang='lat' dir='ltr'><strong>fuerit.</strong></span> <span class='ocrx_word' id='word_1_359' title='bbox 2653 2138 2878 2196; x_wconf 87' lang='lat' dir='ltr'><strong>Falsum</strong></span> <span class='ocrx_word' id='word_1_360' title='bbox 2911 2137 3058 2193; x_wconf 90' lang='lat' dir='ltr'><strong>enim</strong></span> <span class='ocrx_word' id='word_1_361' title='bbox 3089 2135 3232 2192; x_wconf 86' lang='lat' dir='ltr'><strong>nihil</strong></span> <span class='ocrx_word' id='word_1_362' title='bbox 3254 2139 3339 2190; x_wconf 88' lang='lat' dir='ltr'><strong>est</strong></span> <span class='ocrx_word' id='word_1_363' title='bbox 3373 2130 3546 2193; x_wconf 90' lang='lat' dir='ltr'><strong>aliud,</strong></span> 
     </span>
    </p>
   </div>
   <div class='ocr_carea' id='block_1_52' title="bbox 1969 2224 3551 2305">
    <p class='ocr_par' dir='ltr' id='par_1_52' title="bbox 1969 2224 3551 2305">
     <span class='ocr_line' id='line_1_52' title="bbox 1969 2224 3551 2305; baseline -0.008 -16"><span class='ocrx_word' id='word_1_364' title='bbox 1969 2234 2078 2291; x_wconf 89' lang='lat' dir='ltr'><strong>nisi</strong></span> <span class='ocrx_word' id='word_1_365' title='bbox 2101 2232 2155 2288; x_wconf 92' lang='lat' dir='ltr'><strong>id</strong></span> <span class='ocrx_word' id='word_1_366' title='bbox 2175 2233 2320 2305; x_wconf 92' lang='lat' dir='ltr'><strong>quod</strong></span> <span class='ocrx_word' id='word_1_367' title='bbox 2346 2247 2459 2288; x_wconf 89' lang='lat' dir='ltr'><strong>non</strong></span> <span class='ocrx_word' id='word_1_368' title='bbox 2491 2241 2600 2289; x_wconf 89' lang='lat' dir='ltr'><strong>est.</strong></span> <span class='ocrx_word' id='word_1_369' title='bbox 2618 2231 2892 2300; x_wconf 87' lang='lat' dir='ltr'><strong>Quoniam</strong></span> <span class='ocrx_word' id='word_1_370' title='bbox 2911 2244 3044 2302; x_wconf 88' lang='lat' dir='ltr'><strong>ergo</strong></span> <span class='ocrx_word' id='word_1_371' title='bbox 3070 2243 3180 2284; x_wconf 88' lang='lat' dir='ltr'><strong>non</strong></span> <span class='ocrx_word' id='word_1_372' title='bbox 3210 2225 3334 2282; x_wconf 93' lang='lat' dir='ltr'><strong>solo</strong></span> <span class='ocrx_word' id='word_1_373' title='bbox 3360 2224 3551 2279; x_wconf 82' lang='lat' dir='ltr'><strong>animo</strong></span> 
     </span>
    </p>
   </div>
   <div class='ocr_carea' id='block_1_53' title="bbox 1966 2323 3550 2393">
    <p class='ocr_par' dir='ltr' id='par_1_53' title="bbox 1966 2323 3550 2393">
     <span class='ocr_line' id='line_1_53' title="bbox 1966 2323 3550 2393; baseline -0.009 -9"><span class='ocrx_word' id='word_1_374' title='bbox 1966 2328 2204 2385; x_wconf 84' lang='lat' dir='ltr'><strong>vivimus</strong></span> <span class='ocrx_word' id='word_1_375' title='bbox 2224 2366 2240 2393; x_wconf 93' lang='lat'><strong>,</strong></span> <span class='ocrx_word' id='word_1_376' title='bbox 2270 2326 2368 2383; x_wconf 87' lang='lat' dir='ltr'><strong>sed</strong></span> <span class='ocrx_word' id='word_1_377' title='bbox 2397 2327 2621 2383; x_wconf 88' lang='lat' dir='ltr'><strong>animus</strong></span> <span class='ocrx_word' id='word_1_378' title='bbox 2649 2332 2857 2387; x_wconf 89' lang='lat' dir='ltr'><strong>noster,</strong></span> <span class='ocrx_word' id='word_1_379' title='bbox 2889 2337 3060 2378; x_wconf 89' lang='lat' dir='ltr'><strong>carne</strong></span> <span class='ocrx_word' id='word_1_380' title='bbox 3092 2336 3192 2376; x_wconf 85' lang='lat' dir='ltr'><strong>ceu</strong></span> <span class='ocrx_word' id='word_1_381' title='bbox 3228 2323 3550 2389; x_wconf 88' lang='lat' dir='ltr'><strong>tegumento</strong></span> 
     </span>
    </p>
   </div>
   <div class='ocr_carea' id='block_1_54' title="bbox 1967 2414 3553 2492">
    <p class='ocr_par' dir='ltr' id='par_1_54' title="bbox 1967 2414 3553 2492">
     <span class='ocr_line' id='line_1_54' title="bbox 1967 2414 3553 2492; baseline -0.009 -15"><span class='ocrx_word' id='word_1_382' title='bbox 1967 2420 2208 2492; x_wconf 86' lang='lat' dir='ltr'><strong>quodam</strong></span> <span class='ocrx_word' id='word_1_383' title='bbox 2236 2427 2535 2491; x_wconf 89' lang='lat' dir='ltr'><strong>c00pertus</strong></span> <span class='ocrx_word' id='word_1_384' title='bbox 2557 2460 2572 2483; x_wconf 92' lang='lat'><strong>,</strong></span> <span class='ocrx_word' id='word_1_385' title='bbox 2606 2425 2848 2474; x_wconf 87' lang='lat' dir='ltr'><strong>mentem</strong></span> <span class='ocrx_word' id='word_1_386' title='bbox 2898 2415 3053 2472; x_wconf 87' lang='lat' dir='ltr'><strong>velut</strong></span> <span class='ocrx_word' id='word_1_387' title='bbox 3089 2414 3312 2469; x_wconf 91' lang='lat' dir='ltr'><strong>oculum</strong></span> <span class='ocrx_word' id='word_1_388' title='bbox 3354 2426 3553 2480; x_wconf 84' lang='lat' dir='ltr'><strong>quem-</strong></span> 
     </span>
    </p>
   </div>
   <div class='ocr_carea' id='block_1_55' title="bbox 1966 2502 3548 2581">
    <p class='ocr_par' dir='ltr' id='par_1_55' title="bbox 1966 2502 3548 2581">
     <span class='ocr_line' id='line_1_55' title="bbox 1966 2502 3548 2581; baseline -0.008 -11"><span class='ocrx_word' id='word_1_389' title='bbox 1966 2513 2092 2570; x_wconf 88' lang='lat' dir='ltr'><strong>dam</strong></span> <span class='ocrx_word' id='word_1_390' title='bbox 2122 2519 2321 2569; x_wconf 88' lang='lat' dir='ltr'><strong>nactus</strong></span> <span class='ocrx_word' id='word_1_391' title='bbox 2350 2516 2471 2578; x_wconf 86' lang='lat' dir='ltr'><strong>est,</strong></span> <span class='ocrx_word' id='word_1_392' title='bbox 2507 2509 2641 2581; x_wconf 88' lang='lat' dir='ltr'><strong>qui,</strong></span> <span class='ocrx_word' id='word_1_393' title='bbox 2677 2514 2958 2565; x_wconf 86' lang='lat' dir='ltr'><strong>cernendo</strong></span> <span class='ocrx_word' id='word_1_394' title='bbox 3006 2502 3548 2577; x_wconf 86' lang='lat' dir='ltr'><strong>cognoscendoque,</strong></span> 
     </span>
    </p>
   </div>
   <div class='ocr_carea' id='block_1_56' title="bbox 1966 2596 3551 2670">
    <p class='ocr_par' dir='ltr' id='par_1_56' title="bbox 1966 2596 3551 2670">
     <span class='ocr_line' id='line_1_56' title="bbox 1966 2596 3551 2670; baseline -0.006 -9"><span class='ocrx_word' id='word_1_395' title='bbox 1966 2621 2154 2663; x_wconf 89' lang='lat' dir='ltr'><strong>rerum</strong></span> <span class='ocrx_word' id='word_1_396' title='bbox 2185 2604 2443 2661; x_wconf 88' lang='lat' dir='ltr'><strong>notitiam</strong></span> <span class='ocrx_word' id='word_1_397' title='bbox 2472 2617 2537 2660; x_wconf 89' lang='lat' dir='ltr'><strong>ac</strong></span> <span class='ocrx_word' id='word_1_398' title='bbox 2564 2601 2857 2658; x_wconf 86' lang='lat' dir='ltr'><strong>scientiam</strong></span> <span class='ocrx_word' id='word_1_399' title='bbox 2886 2598 3065 2670; x_wconf 85' lang='lat' dir='ltr'><strong>possit</strong></span> <span class='ocrx_word' id='word_1_400' title='bbox 3096 2596 3412 2667; x_wconf 80' lang='lat' dir='ltr'><strong>percipere,</strong></span> <span class='ocrx_word' id='word_1_401' title='bbox 3446 2609 3551 2651; x_wconf 82' lang='lat' dir='ltr'><strong>nec</strong></span> 
     </span>
    </p>
   </div>
   <div class='ocr_carea' id='block_1_57' title="bbox 1964 2687 3549 2766">
    <p class='ocr_par' dir='ltr' id='par_1_57' title="bbox 1964 2687 3549 2766">
     <span class='ocr_line' id='line_1_57' title="bbox 1964 2687 3549 2766; baseline -0.008 -13"><span class='ocrx_word' id='word_1_402' title='bbox 1964 2709 2148 2754; x_wconf 89' lang='lat' dir='ltr'><strong>tamen</strong></span> <span class='ocrx_word' id='word_1_403' title='bbox 2175 2712 2207 2752; x_wconf 88' lang='lat' dir='ltr'><strong>a</strong></span> <span class='ocrx_word' id='word_1_404' title='bbox 2238 2712 2298 2754; x_wconf 86' lang='lat' dir='ltr'><strong>se</strong></span> <span class='ocrx_word' id='word_1_405' title='bbox 2317 2737 2333 2764; x_wconf 97' lang='lat'><strong>,</strong></span> <span class='ocrx_word' id='word_1_406' title='bbox 2365 2696 2450 2753; x_wconf 88' lang='lat' dir='ltr'><strong>vel</strong></span> <span class='ocrx_word' id='word_1_407' title='bbox 2482 2711 2552 2751; x_wconf 85' lang='lat' dir='ltr'><strong>ex</strong></span> <span class='ocrx_word' id='word_1_408' title='bbox 2581 2693 2847 2766; x_wconf 88' lang='lat' dir='ltr'><strong>propriis,</strong></span> <span class='ocrx_word' id='word_1_409' title='bbox 2880 2691 3253 2764; x_wconf 88' lang='lat' dir='ltr'><strong>cognitionem</strong></span> <span class='ocrx_word' id='word_1_410' title='bbox 3286 2698 3343 2744; x_wconf 88' lang='lat' dir='ltr'><strong>et</strong></span> <span class='ocrx_word' id='word_1_411' title='bbox 3367 2687 3549 2744; x_wconf 89' lang='lat' dir='ltr'><strong>scien-</strong></span> 
     </span>
    </p>
   </div>
   <div class='ocr_carea' id='block_1_58' title="bbox 1964 2778 3553 2856">
    <p class='ocr_par' dir='ltr' id='par_1_58' title="bbox 1964 2778 3553 2856">
     <span class='ocr_line' id='line_1_58' title="bbox 1964 2778 3553 2856; baseline -0.008 -12"><span class='ocrx_word' id='word_1_412' title='bbox 1964 2790 2099 2844; x_wconf 88' lang='lat' dir='ltr'><strong>tiam</strong></span> <span class='ocrx_word' id='word_1_413' title='bbox 2139 2788 2384 2852; x_wconf 84' lang='lat' dir='ltr'><strong>obtinet,</strong></span> <span class='ocrx_word' id='word_1_414' title='bbox 2429 2785 2527 2842; x_wconf 89' lang='lat' dir='ltr'><strong>sed</strong></span> <span class='ocrx_word' id='word_1_415' title='bbox 2572 2800 2733 2856; x_wconf 90' lang='lat' dir='ltr'><strong>opem</strong></span> <span class='ocrx_word' id='word_1_416' title='bbox 2782 2782 3038 2854; x_wconf 89' lang='lat' dir='ltr'><strong>magistri</strong></span> <span class='ocrx_word' id='word_1_417' title='bbox 3069 2780 3371 2836; x_wconf 79' lang='lat' dir='ltr'><strong>desiderat.</strong></span> <span class='ocrx_word' id='word_1_418' title='bbox 3408 2778 3553 2832; x_wconf 64' lang='lat' dir='ltr'><strong>Pro-</strong></span> 
     </span>
    </p>
   </div>
   <div class='ocr_carea' id='block_1_59' title="bbox 1964 2866 3550 2948">
    <p class='ocr_par' dir='ltr' id='par_1_59' title="bbox 1964 2866 3550 2948">
     <span class='ocr_line' id='line_1_59' title="bbox 1964 2866 3550 2948; baseline -0.007 -16"><span class='ocrx_word' id='word_1_419' title='bbox 1964 2876 2093 2933; x_wconf 91' lang='lat' dir='ltr'><strong>inde</strong></span> <span class='ocrx_word' id='word_1_420' title='bbox 2124 2876 2455 2948; x_wconf 87' lang='lat' dir='ltr'><strong>magistrum</strong></span> <span class='ocrx_word' id='word_1_421' title='bbox 2490 2875 2648 2930; x_wconf 88' lang='lat' dir='ltr'><strong>illum</strong></span> <span class='ocrx_word' id='word_1_422' title='bbox 2684 2872 2840 2929; x_wconf 88' lang='lat' dir='ltr'><strong>adire</strong></span> <span class='ocrx_word' id='word_1_423' title='bbox 2889 2886 2993 2929; x_wconf 86' lang='lat' dir='ltr'><strong>nos</strong></span> <span class='ocrx_word' id='word_1_424' title='bbox 3042 2876 3290 2941; x_wconf 88' lang='lat' dir='ltr'><strong>oportet,</strong></span> <span class='ocrx_word' id='word_1_425' title='bbox 3336 2868 3431 2939; x_wconf 91' lang='lat' dir='ltr'><strong>qui</strong></span> <span class='ocrx_word' id='word_1_426' title='bbox 3478 2866 3550 2922; x_wconf 89' lang='lat' dir='ltr'><strong>ab</strong></span> 
     </span>
    </p>
   </div>
   <div class='ocr_carea' id='block_1_60' title="bbox 1963 2958 3547 3031">
    <p class='ocr_par' dir='ltr' id='par_1_60' title="bbox 1963 2958 3547 3031">
     <span class='ocr_line' id='line_1_60' title="bbox 1963 2958 3547 3031; baseline -0.008 -8"><span class='ocrx_word' id='word_1_427' title='bbox 1963 2968 2114 3023; x_wconf 89' lang='lat' dir='ltr'><strong>omni</strong></span> <span class='ocrx_word' id='word_1_428' title='bbox 2143 2965 2432 3022; x_wconf 90' lang='lat' dir='ltr'><strong>mendacio</strong></span> <span class='ocrx_word' id='word_1_429' title='bbox 2465 2964 2681 3021; x_wconf 88' lang='lat' dir='ltr'><strong>alienus</strong></span> <span class='ocrx_word' id='word_1_430' title='bbox 2706 2970 2829 3031; x_wconf 90' lang='lat' dir='ltr'><strong>est;</strong></span> <span class='ocrx_word' id='word_1_431' title='bbox 2872 2962 3077 3031; x_wconf 79' lang='lat' dir='ltr'><strong>ipsum,</strong></span> <span class='ocrx_word' id='word_1_432' title='bbox 3120 2960 3346 3029; x_wconf 88' lang='lat' dir='ltr'><strong>inquam</strong></span> <span class='ocrx_word' id='word_1_433' title='bbox 3366 2995 3383 3023; x_wconf 95' lang='lat'><strong>,</strong></span> <span class='ocrx_word' id='word_1_434' title='bbox 3413 2958 3547 3012; x_wconf 75' lang='lat' dir='ltr'><strong>veri-</strong></span> 
     </span>
    </p>
   </div>
   <div class='ocr_carea' id='block_1_61' title="bbox 1963 3050 3545 3129">
    <p class='ocr_par' dir='ltr' id='par_1_61' title="bbox 1963 3050 3545 3129">
     <span class='ocr_line' id='line_1_61' title="bbox 1963 3050 3545 3129; baseline -0.006 -14"><span class='ocrx_word' id='word_1_435' title='bbox 1963 3068 2158 3127; x_wconf 80' lang='lat' dir='ltr'><strong>tatem,</strong></span> <span class='ocrx_word' id='word_1_436' title='bbox 2192 3058 2512 3124; x_wconf 88' lang='lat' dir='ltr'><strong>Christum,</strong></span> <span class='ocrx_word' id='word_1_437' title='bbox 2548 3057 2644 3129; x_wconf 92' lang='lat' dir='ltr'><strong>qui</strong></span> <span class='ocrx_word' id='word_1_438' title='bbox 2685 3064 2773 3112; x_wconf 90' lang='lat' dir='ltr'><strong>est</strong></span> <span class='ocrx_word' id='word_1_439' title='bbox 2816 3054 3053 3126; x_wconf 88' lang='lat' dir='ltr'><strong>ipsamct</strong></span> <span class='ocrx_word' id='word_1_440' title='bbox 3089 3052 3362 3124; x_wconf 88' lang='lat' dir='ltr'><strong>sapientia</strong></span> <span class='ocrx_word' id='word_1_441' title='bbox 3399 3050 3545 3106; x_wconf 77' lang='lat' dir='ltr'><strong>veri-</strong></span> 
     </span>
    </p>
   </div>
   <div class='ocr_carea' id='block_1_62' title="bbox 270 3140 1859 3230">
    <p class='ocr_par' dir='ltr' id='par_1_62' title="bbox 270 3140 1856 3217">
     <span class='ocr_line' id='line_1_62' title="bbox 270 3140 1856 3217; baseline 0.006 -22"><span class='ocrx_word' id='word_1_442' title='bbox 270 3140 475 3195; x_wconf 83' lang='grc' dir='ltr'>πάθεσι</span> <span class='ocrx_word' id='word_1_443' title='bbox 494 3156 510 3171; x_wconf 82' lang='grc'><em>’</em></span> <span class='ocrx_word' id='word_1_444' title='bbox 545 3142 701 3213; x_wconf 82' lang='grc' dir='ltr'>μόλις</span> <span class='ocrx_word' id='word_1_445' title='bbox 725 3143 835 3215; x_wconf 88' lang='grc' dir='ltr'><strong>γάρ</strong></span> <span class='ocrx_word' id='word_1_446' title='bbox 866 3144 931 3199; x_wconf 79' lang='grc' dir='ltr'>ἂν</span> <span class='ocrx_word' id='word_1_447' title='bbox 960 3146 1340 3217; x_wconf 84' lang='grc' dir='ltr'>καθαρωτάτῳ</span> <span class='ocrx_word' id='word_1_448' title='bbox 1364 3146 1460 3200; x_wconf 80' lang='grc' dir='ltr'><strong>καὶ</strong></span> <span class='ocrx_word' id='word_1_449' title='bbox 1511 3147 1856 3217; x_wconf 82' lang='grc' dir='ltr'>διειδεστάτῳ</span> 
     </span>
    </p>
   </div>
   <div class='ocr_carea' id='block_1_63' title="bbox 1964 3140 3545 3230">
    <p class='ocr_par' dir='ltr' id='par_1_63' title="bbox 1964 3141 3545 3223">
     <span class='ocr_line' id='line_1_63' title="bbox 1964 3141 3545 3223; baseline -0.006 -15"><span class='ocrx_word' id='word_1_450' title='bbox 1964 3161 2159 3223; x_wconf 87' lang='lat' dir='ltr'><strong>tasque</strong></span> <span class='ocrx_word' id='word_1_451' title='bbox 2209 3150 2563 3216; x_wconf 88' lang='lat' dir='ltr'><strong>subsistens,</strong></span> <span class='ocrx_word' id='word_1_452' title='bbox 2612 3149 2670 3204; x_wconf 89' lang='lat' dir='ltr'><strong>in</strong></span> <span class='ocrx_word' id='word_1_453' title='bbox 2724 3162 2833 3218; x_wconf 89' lang='lat' dir='ltr'><strong>quo</strong></span> <span class='ocrx_word' id='word_1_454' title='bbox 2878 3153 3008 3204; x_wconf 90' lang='lat' dir='ltr'><strong>sunt</strong></span> <span class='ocrx_word' id='word_1_455' title='bbox 3058 3158 3251 3201; x_wconf 89' lang='lat' dir='ltr'><strong>omnes</strong></span> <span class='ocrx_word' id='word_1_456' title='bbox 3297 3141 3545 3199; x_wconf 84' lang='lat' dir='ltr'><strong>thesauri</strong></span> 
     </span>
    </p>
   </div>
   <div class='ocr_carea' id='block_1_64' title="bbox 267 3232 1856 3311">
    <p class='ocr_par' dir='ltr' id='par_1_64' title="bbox 267 3232 1856 3311">
     <span class='ocr_line' id='line_1_64' title="bbox 267 3232 1856 3311; baseline 0.006 -26"><span class='ocrx_word' id='word_1_457' title='bbox 267 3232 540 3304; x_wconf 73' lang='grc' dir='ltr'>ὀφθαλμῷ</span> <span class='ocrx_word' id='word_1_458' title='bbox 567 3235 782 3305; x_wconf 89' lang='grc' dir='ltr'>τρανῶς</span> <span class='ocrx_word' id='word_1_459' title='bbox 812 3236 1058 3291; x_wconf 81' lang='grc' dir='ltr'>ἀτενίσαι</span> <span class='ocrx_word' id='word_1_460' title='bbox 1079 3254 1165 3301; x_wconf 89' lang='grc' dir='ltr'><strong>τις</strong></span> <span class='ocrx_word' id='word_1_461' title='bbox 1186 3239 1251 3309; x_wconf 78' lang='grc' dir='ltr'>τῇ</span> <span class='ocrx_word' id='word_1_462' title='bbox 1276 3237 1504 3310; x_wconf 83' lang='grc' dir='ltr'>ἀληθείᾳ</span> <span class='ocrx_word' id='word_1_463' title='bbox 1531 3239 1856 3311; x_wconf 86' lang='grc' dir='ltr'>δυνήσεται·</span> 
     </span>
    </p>
   </div>
   <div class='ocr_carea' id='block_1_65' title="bbox 274 3324 1857 3399">
    <p class='ocr_par' dir='ltr' id='par_1_65' title="bbox 274 3324 1857 3399">
     <span class='ocr_line' id='line_1_65' title="bbox 274 3324 1857 3399; baseline 0.007 -23"><span class='ocrx_word' id='word_1_464' title='bbox 274 3324 345 3377; x_wconf 76' lang='lat' dir='ltr'><strong>El</strong></span> <span class='ocrx_word' id='word_1_465' title='bbox 371 3324 439 3377; x_wconf 82' lang='grc' dir='ltr'>τὸ</span> <span class='ocrx_word' id='word_1_466' title='bbox 469 3324 541 3378; x_wconf 78' lang='grc' dir='ltr'>ἐν</span> <span class='ocrx_word' id='word_1_467' title='bbox 559 3325 706 3394; x_wconf 79' lang='grc' dir='ltr'>ἡμῖν</span> <span class='ocrx_word' id='word_1_468' title='bbox 734 3324 880 3395; x_wconf 71' lang='grc' dir='ltr'>φῶς,</span> <span class='ocrx_word' id='word_1_469' title='bbox 914 3327 1035 3399; x_wconf 74' lang='grc' dir='ltr'>ἦτοι</span> <span class='ocrx_word' id='word_1_470' title='bbox 1055 3329 1083 3381; x_wconf 85' lang='grc' dir='ltr'><strong>ὁ</strong></span> <span class='ocrx_word' id='word_1_471' title='bbox 1104 3326 1251 3393; x_wconf 79' lang='grc' dir='ltr'>νοῦς,</span> <span class='ocrx_word' id='word_1_472' title='bbox 1276 3329 1520 3397; x_wconf 83' lang='grc' dir='ltr'>σκότος,</span> <span class='ocrx_word' id='word_1_473' title='bbox 1553 3329 1621 3384; x_wconf 87' lang='grc' dir='ltr'>τὸ</span> <span class='ocrx_word' id='word_1_474' title='bbox 1635 3333 1857 3399; x_wconf 82' lang='grc' dir='ltr'>σκότος</span> 
     </span>
    </p>
   </div>
   <div class='ocr_carea' id='block_1_66' title="bbox 270 3417 1860 3494">
    <p class='ocr_par' dir='ltr' id='par_1_66' title="bbox 270 3417 1860 3494">
     <span class='ocr_line' id='line_1_66' title="bbox 270 3417 1860 3494; baseline 0.005 -24"><span class='ocrx_word' id='word_1_475' title='bbox 270 3417 503 3484; x_wconf 71' lang='grc' dir='ltr'>πόσονς</span> <span class='ocrx_word' id='word_1_476' title='bbox 539 3418 675 3490; x_wconf 86' lang='grc' dir='ltr'><strong>Ὄλῃ</strong></span> <span class='ocrx_word' id='word_1_477' title='bbox 731 3418 876 3489; x_wconf 81' lang='grc' dir='ltr'>ψυχῇ</span> <span class='ocrx_word' id='word_1_478' title='bbox 939 3419 1033 3473; x_wconf 74' lang='grc' dir='ltr'>καὶ</span> <span class='ocrx_word' id='word_1_479' title='bbox 1079 3420 1232 3493; x_wconf 80' lang='grc' dir='ltr'>πάσῃ</span> <span class='ocrx_word' id='word_1_480' title='bbox 1282 3421 1494 3493; x_wconf 78' lang='grc' dir='ltr'>διανοίᾳ</span> <span class='ocrx_word' id='word_1_481' title='bbox 1551 3422 1860 3494; x_wconf 75' lang='grc' dir='ltr'>προσέλθω-</span> 
     </span>
    </p>
   </div>
   <div class='ocr_carea' id='block_1_67' title="bbox 274 3507 1859 3585">
    <p class='ocr_par' dir='ltr' id='par_1_67' title="bbox 274 3507 1859 3585">
     <span class='ocr_line' id='line_1_67' title="bbox 274 3507 1859 3585; baseline 0.004 -26"><span class='ocrx_word' id='word_1_482' title='bbox 274 3523 378 3577; x_wconf 85' lang='grc' dir='ltr'><strong>μεν</strong></span> <span class='ocrx_word' id='word_1_483' title='bbox 410 3507 509 3579; x_wconf 76' lang='grc'>(1).</span> <span class='ocrx_word' id='word_1_484' title='bbox 546 3507 635 3570; x_wconf 81' lang='grc' dir='ltr'>Ὦς</span> <span class='ocrx_word' id='word_1_485' title='bbox 663 3508 773 3579; x_wconf 73' lang='grc' dir='ltr'><strong>γὰρ</strong></span> <span class='ocrx_word' id='word_1_486' title='bbox 800 3507 1083 3576; x_wconf 88' lang='grc' dir='ltr'>ἀδύνατον,</span> <span class='ocrx_word' id='word_1_487' title='bbox 1113 3509 1397 3581; x_wconf 81' lang='grc' dir='ltr'>ὀφθαλμὸν</span> <span class='ocrx_word' id='word_1_488' title='bbox 1438 3512 1652 3583; x_wconf 89' lang='grc' dir='ltr'>συχνῶς</span> <span class='ocrx_word' id='word_1_489' title='bbox 1697 3531 1859 3585; x_wconf 90' lang='grc' dir='ltr'>περι-</span> 
     </span>
    </p>
   </div>
   <div class='ocr_carea' id='block_1_68' title="bbox 272 3599 1859 3677">
    <p class='ocr_par' dir='ltr' id='par_1_68' title="bbox 272 3599 1859 3677">
     <span class='ocr_line' id='line_1_68' title="bbox 272 3599 1859 3677; baseline 0.006 -27"><span class='ocrx_word' id='word_1_490' title='bbox 272 3599 642 3668; x_wconf 83' lang='grc' dir='ltr'>στρεφόμενον</span> <span class='ocrx_word' id='word_1_491' title='bbox 695 3602 789 3654; x_wconf 80' lang='grc' dir='ltr'>καὶ</span> <span class='ocrx_word' id='word_1_492' title='bbox 813 3602 1231 3673; x_wconf 83' lang='grc' dir='ltr'>περιαγόμενον,</span> <span class='ocrx_word' id='word_1_493' title='bbox 1257 3602 1470 3673; x_wconf 85' lang='grc' dir='ltr'>τρανῶς</span> <span class='ocrx_word' id='word_1_494' title='bbox 1504 3604 1751 3660; x_wconf 83' lang='grc' dir='ltr'>ἀτενίσαι</span> <span class='ocrx_word' id='word_1_495' title='bbox 1779 3605 1859 3677; x_wconf 84' lang='grc' dir='ltr'><strong>τῷ</strong></span> 
     </span>
    </p>
   </div>
   <div class='ocr_carea' id='block_1_69' title="bbox 269 3691 1859 3772">
    <p class='ocr_par' dir='ltr' id='par_1_69' title="bbox 269 3691 1859 3772">
     <span class='ocr_line' id='line_1_69' title="bbox 269 3691 1859 3772; baseline 0.006 -29"><span class='ocrx_word' id='word_1_496' title='bbox 269 3691 480 3761; x_wconf 82' lang='grc' dir='ltr'>ὁρατῷ,</span> <span class='ocrx_word' id='word_1_497' title='bbox 536 3691 673 3746; x_wconf 88' lang='grc' dir='ltr'><strong>ἀλλά</strong></span> <span class='ocrx_word' id='word_1_498' title='bbox 725 3694 808 3747; x_wconf 81' lang='grc' dir='ltr'>δεῖ</span> <span class='ocrx_word' id='word_1_499' title='bbox 862 3694 1129 3766; x_wconf 74' lang='grc' dir='ltr'>προσεχὲς</span> <span class='ocrx_word' id='word_1_500' title='bbox 1161 3695 1224 3749; x_wconf 84' lang='grc' dir='ltr'>τὸ</span> <span class='ocrx_word' id='word_1_501' title='bbox 1252 3695 1408 3767; x_wconf 74' lang='grc' dir='ltr'>ὄμμα</span> <span class='ocrx_word' id='word_1_502' title='bbox 1450 3698 1742 3769; x_wconf 71' lang='grc' dir='ltr'>ἐνεργῆσαι</span> <span class='ocrx_word' id='word_1_503' title='bbox 1779 3699 1859 3772; x_wconf 82' lang='grc' dir='ltr'><strong>τῷ</strong></span> 
     </span>
    </p>
   </div>
   <div class='ocr_carea' id='block_1_70' title="bbox 271 3783 1857 3861">
    <p class='ocr_par' dir='ltr' id='par_1_70' title="bbox 271 3783 1857 3861">
     <span class='ocr_line' id='line_1_70' title="bbox 271 3783 1857 3861; baseline 0.006 -25"><span class='ocrx_word' id='word_1_504' title='bbox 271 3783 618 3855; x_wconf 80' lang='grc' dir='ltr'>βλεπομένῳ.</span> <span class='ocrx_word' id='word_1_505' title='bbox 659 3785 804 3840; x_wconf 72' lang='grc' dir='ltr'>οὕτω</span> <span class='ocrx_word' id='word_1_506' title='bbox 832 3788 1016 3841; x_wconf 77' lang='grc' dir='ltr'>πᾶσαν</span> <span class='ocrx_word' id='word_1_507' title='bbox 1042 3786 1310 3859; x_wconf 81' lang='grc' dir='ltr'>λογισμοῦ</span> <span class='ocrx_word' id='word_1_508' title='bbox 1341 3788 1514 3861; x_wconf 81' lang='grc' dir='ltr'>ζάλην</span> <span class='ocrx_word' id='word_1_509' title='bbox 1554 3791 1857 3846; x_wconf 89' lang='grc' dir='ltr'>ἀποσεισά-</span> 
     </span>
    </p>
   </div>
   <div class='ocr_carea' id='block_1_71' title="bbox 273 3877 1856 3955">
    <p class='ocr_par' dir='ltr' id='par_1_71' title="bbox 273 3877 1856 3955">
     <span class='ocr_line' id='line_1_71' title="bbox 273 3877 1856 3955; baseline 0.005 -25"><span class='ocrx_word' id='word_1_510' title='bbox 273 3894 452 3947; x_wconf 87' lang='grc' dir='ltr'>μενοι,</span> <span class='ocrx_word' id='word_1_511' title='bbox 484 3877 666 3942; x_wconf 78' lang='grc' dir='ltr'>ἀΰλως</span> <span class='ocrx_word' id='word_1_512' title='bbox 708 3879 1100 3951; x_wconf 84' lang='grc' dir='ltr'>προσέλθωμεν</span> <span class='ocrx_word' id='word_1_513' title='bbox 1128 3883 1195 3953; x_wconf 81' lang='grc' dir='ltr'><strong>τῇ</strong></span> <span class='ocrx_word' id='word_1_514' title='bbox 1236 3881 1487 3955; x_wconf 75' lang='grc' dir='ltr'>ἀληθείᾳ.</span> <span class='ocrx_word' id='word_1_515' title='bbox 1540 3884 1856 3955; x_wconf 85' lang='grc' dir='ltr'>Προσερχό-</span> 
     </span>
    </p>
   </div>
   <div class='ocr_carea' id='block_1_72' title="bbox 271 3971 1852 4047">
    <p class='ocr_par' dir='ltr' id='par_1_72' title="bbox 271 3971 1852 4047">
     <span class='ocr_line' id='line_1_72' title="bbox 271 3971 1852 4047; baseline 0.003 -24"><span class='ocrx_word' id='word_1_516' title='bbox 271 3987 430 4041; x_wconf 84' lang='grc' dir='ltr'>μενοι</span> <span class='ocrx_word' id='word_1_517' title='bbox 459 3971 556 4025; x_wconf 80' lang='grc' dir='ltr'>καὶ</span> <span class='ocrx_word' id='word_1_518' title='bbox 589 3971 753 4044; x_wconf 76' lang='grc' dir='ltr'>μέχρι</span> <span class='ocrx_word' id='word_1_519' title='bbox 795 3973 972 4044; x_wconf 85' lang='grc' dir='ltr'>πύλης</span> <span class='ocrx_word' id='word_1_520' title='bbox 1004 3972 1319 4042; x_wconf 80' lang='grc' dir='ltr'>φθάνοντες,</span> <span class='ocrx_word' id='word_1_521' title='bbox 1351 3975 1427 4046; x_wconf 79' lang='grc' dir='ltr'>μὴ</span> <span class='ocrx_word' id='word_1_522' title='bbox 1459 3974 1852 4047; x_wconf 86' lang='grc' dir='ltr'>ἀρκεσθῶμεν,</span> 
     </span>
    </p>
   </div>
   <div class='ocr_carea' id='block_1_73' title="bbox 267 4063 1854 4139">
    <p class='ocr_par' dir='ltr' id='par_1_73' title="bbox 267 4063 1854 4139">
     <span class='ocr_line' id='line_1_73' title="bbox 267 4063 1854 4139; baseline 0.004 -22"><span class='ocrx_word' id='word_1_523' title='bbox 267 4063 412 4117; x_wconf 88' lang='grc' dir='ltr'><strong>ἀλλά</strong></span> <span class='ocrx_word' id='word_1_524' title='bbox 459 4064 695 4128; x_wconf 82' lang='grc' dir='ltr'>εὐτόνως</span> <span class='ocrx_word' id='word_1_525' title='bbox 742 4064 1087 4136; x_wconf 85' lang='grc' dir='ltr'>κρούσωμεν,</span> <span class='ocrx_word' id='word_1_526' title='bbox 1123 4065 1200 4131; x_wconf 85' lang='grc' dir='ltr'>ὡς</span> <span class='ocrx_word' id='word_1_527' title='bbox 1227 4064 1296 4121; x_wconf 76' lang='grc' dir='ltr'>ἂν</span> <span class='ocrx_word' id='word_1_528' title='bbox 1324 4067 1673 4139; x_wconf 86' lang='grc' dir='ltr'>ἀνοιχθείσης</span> <span class='ocrx_word' id='word_1_529' title='bbox 1722 4069 1854 4139; x_wconf 73' lang='grc' dir='ltr'>ἡμῖν</span> 
     </span>
    </p>
   </div>
   <div class='ocr_carea' id='block_1_74' title="bbox 268 4154 1856 4231">
    <p class='ocr_par' dir='ltr' id='par_1_74' title="bbox 268 4154 1856 4231">
     <span class='ocr_line' id='line_1_74' title="bbox 268 4154 1856 4231; baseline 0.004 -24"><span class='ocrx_word' id='word_1_530' title='bbox 268 4155 371 4225; x_wconf 84' lang='grc' dir='ltr'>τῆς</span> <span class='ocrx_word' id='word_1_531' title='bbox 415 4154 513 4209; x_wconf 75' lang='grc' dir='ltr'><strong>τοῦ</strong></span> <span class='ocrx_word' id='word_1_532' title='bbox 547 4156 836 4226; x_wconf 81' lang='grc' dir='ltr'>νυμφῶνος</span> <span class='ocrx_word' id='word_1_533' title='bbox 901 4156 1092 4229; x_wconf 82' lang='grc' dir='ltr'>θύρας,</span> <span class='ocrx_word' id='word_1_534' title='bbox 1138 4158 1235 4212; x_wconf 73' lang='grc' dir='ltr'>καὶ</span> <span class='ocrx_word' id='word_1_535' title='bbox 1272 4157 1473 4228; x_wconf 85' lang='grc' dir='ltr'>ίδωμεν</span> <span class='ocrx_word' id='word_1_536' title='bbox 1504 4158 1574 4213; x_wconf 79' lang='grc' dir='ltr'>τὰ</span> <span class='ocrx_word' id='word_1_537' title='bbox 1602 4160 1662 4212; x_wconf 82' lang='grc' dir='ltr'>ὲν</span> <span class='ocrx_word' id='word_1_538' title='bbox 1704 4159 1856 4231; x_wconf 83' lang='grc' dir='ltr'>αὐτῷ</span> 
     </span>
    </p>
   </div>
   <div class='ocr_carea' id='block_1_75' title="bbox 269 4242 1855 4318">
    <p class='ocr_par' dir='ltr' id='par_1_75' title="bbox 269 4242 1855 4318">
     <span class='ocr_line' id='line_1_75' title="bbox 269 4242 1855 4318; baseline 0.001 -19"><span class='ocrx_word' id='word_1_539' title='bbox 269 4245 468 4315; x_wconf 86' lang='grc' dir='ltr'>κάλλη.</span> <span class='ocrx_word' id='word_1_540' title='bbox 521 4244 672 4316; x_wconf 87' lang='grc' dir='ltr'>Πύλη</span> <span class='ocrx_word' id='word_1_541' title='bbox 725 4246 823 4317; x_wconf 81' lang='grc' dir='ltr'>μὲν</span> <span class='ocrx_word' id='word_1_542' title='bbox 869 4242 964 4301; x_wconf 79' lang='grc' dir='ltr'><strong>οὖν</strong></span> <span class='ocrx_word' id='word_1_543' title='bbox 1008 4248 1125 4300; x_wconf 77' lang='grc' dir='ltr'>ἐστι</span> <span class='ocrx_word' id='word_1_544' title='bbox 1152 4246 1213 4300; x_wconf 81' lang='grc' dir='ltr'>τὸ</span> <span class='ocrx_word' id='word_1_545' title='bbox 1250 4247 1489 4318; x_wconf 83' lang='grc' dir='ltr'>γράμμα</span> <span class='ocrx_word' id='word_1_546' title='bbox 1516 4264 1531 4279; x_wconf 77' lang='grc' dir='ltr'><strong>ο</strong></span> <span class='ocrx_word' id='word_1_547' title='bbox 1560 4247 1665 4301; x_wconf 68' lang='grc' dir='ltr'><strong>ὁδὶ</strong></span> <span class='ocrx_word' id='word_1_548' title='bbox 1702 4248 1855 4312; x_wconf 70' lang='grc' dir='ltr'>ἐντὸς</span> 
     </span>
    </p>
   </div>
   <div class='ocr_carea' id='block_1_76' title="bbox 265 4335 1853 4409">
    <p class='ocr_par' dir='ltr' id='par_1_76' title="bbox 265 4335 1853 4409">
     <span class='ocr_line' id='line_1_76' title="bbox 265 4335 1853 4409; baseline 0.003 -20"><span class='ocrx_word' id='word_1_549' title='bbox 265 4337 368 4406; x_wconf 79' lang='grc' dir='ltr'><strong>τῆς</strong></span> <span class='ocrx_word' id='word_1_550' title='bbox 395 4335 572 4408; x_wconf 83' lang='grc' dir='ltr'>πύλης</span> <span class='ocrx_word' id='word_1_551' title='bbox 609 4336 860 4407; x_wconf 79' lang='grc' dir='ltr'>νυμφὼν,</span> <span class='ocrx_word' id='word_1_552' title='bbox 895 4338 956 4392; x_wconf 82' lang='grc' dir='ltr'>τὸ</span> <span class='ocrx_word' id='word_1_553' title='bbox 981 4339 1368 4409; x_wconf 81' lang='grc' dir='ltr'>κεκρυμμένον</span> <span class='ocrx_word' id='word_1_554' title='bbox 1395 4340 1489 4393; x_wconf 80' lang='grc' dir='ltr'><strong>ὑπ’</strong></span> <span class='ocrx_word' id='word_1_555' title='bbox 1522 4337 1690 4394; x_wconf 82' lang='grc' dir='ltr'>αὐτοῦ</span> <span class='ocrx_word' id='word_1_556' title='bbox 1742 4340 1853 4393; x_wconf 91' lang='grc' dir='ltr'><strong>τῶν</strong></span> 
     </span>
    </p>
   </div>
   <div class='ocr_carea' id='block_1_77' title="bbox 265 4426 1852 4502">
    <p class='ocr_par' dir='ltr' id='par_1_77' title="bbox 265 4426 1852 4502">
     <span class='ocr_line' id='line_1_77' title="bbox 265 4426 1852 4502; baseline 0.003 -22"><span class='ocrx_word' id='word_1_557' title='bbox 265 4426 561 4496; x_wconf 79' lang='grc' dir='ltr'>νοημάτων</span> <span class='ocrx_word' id='word_1_558' title='bbox 582 4427 801 4495; x_wconf 84' lang='grc' dir='ltr'>κάλλος,</span> <span class='ocrx_word' id='word_1_559' title='bbox 826 4429 948 4501; x_wconf 70' lang='grc' dir='ltr'>ἦτοι</span> <span class='ocrx_word' id='word_1_560' title='bbox 968 4430 1068 4501; x_wconf 86' lang='grc' dir='ltr'>τῆς</span> <span class='ocrx_word' id='word_1_561' title='bbox 1099 4429 1360 4500; x_wconf 86' lang='grc' dir='ltr'>ἀληθείας</span> <span class='ocrx_word' id='word_1_562' title='bbox 1380 4429 1442 4484; x_wconf 81' lang='grc' dir='ltr'>τὸ</span> <span class='ocrx_word' id='word_1_563' title='bbox 1471 4429 1715 4502; x_wconf 80' lang='grc' dir='ltr'>Πνεῦμα.</span> <span class='ocrx_word' id='word_1_564' title='bbox 1744 4431 1852 4485; x_wconf 78' lang='grc' dir='ltr'><strong>Εὐ-</strong></span> 
     </span>
    </p>
   </div>
   <div class='ocr_carea' id='block_1_78' title="bbox 1961 3235 3545 3311">
    <p class='ocr_par' dir='ltr' id='par_1_78' title="bbox 1961 3235 3545 3311">
     <span class='ocr_line' id='line_1_78' title="bbox 1961 3235 3545 3311; baseline -0.008 -9"><span class='ocrx_word' id='word_1_565' title='bbox 1961 3244 2208 3302; x_wconf 73' lang='lat' dir='ltr'><strong>sciontiae</strong></span> <span class='ocrx_word' id='word_1_566' title='bbox 2237 3241 2551 3300; x_wconf 86' lang='lat' dir='ltr'><strong>absconditi</strong></span> <span class='ocrx_word' id='word_1_567' title='bbox 2575 3241 2637 3307; x_wconf 74' lang='lat'><strong>’;</strong></span> <span class='ocrx_word' id='word_1_568' title='bbox 2667 3239 2874 3311; x_wconf 87' lang='lat' dir='ltr'><strong>quique</strong></span> <span class='ocrx_word' id='word_1_569' title='bbox 2901 3237 3000 3295; x_wconf 88' lang='lat' dir='ltr'><strong>Dei</strong></span> <span class='ocrx_word' id='word_1_570' title='bbox 3026 3246 3081 3293; x_wconf 87' lang='lat' dir='ltr'><strong>et</strong></span> <span class='ocrx_word' id='word_1_571' title='bbox 3110 3235 3291 3292; x_wconf 87' lang='lat' dir='ltr'><strong>Patris</strong></span> <span class='ocrx_word' id='word_1_572' title='bbox 3324 3236 3545 3306; x_wconf 88' lang='lat' dir='ltr'><strong>sapien-</strong></span> 
     </span>
    </p>
   </div>
   <div class='ocr_carea' id='block_1_79' title="bbox 1960 3329 3540 3401">
    <p class='ocr_par' dir='ltr' id='par_1_79' title="bbox 1960 3329 3540 3401">
     <span class='ocr_line' id='line_1_79' title="bbox 1960 3329 3540 3401; baseline -0.008 -6"><span class='ocrx_word' id='word_1_573' title='bbox 1960 3340 2037 3395; x_wconf 88' lang='lat' dir='ltr'><strong>tia</strong></span> <span class='ocrx_word' id='word_1_574' title='bbox 2068 3344 2125 3394; x_wconf 92' lang='lat' dir='ltr'><strong>et</strong></span> <span class='ocrx_word' id='word_1_575' title='bbox 2153 3338 2332 3393; x_wconf 87' lang='lat' dir='ltr'><strong>virtus</strong></span> <span class='ocrx_word' id='word_1_576' title='bbox 2361 3334 2583 3393; x_wconf 81' lang='lat' dir='ltr'><strong>exsistit</strong></span> <span class='ocrx_word' id='word_1_577' title='bbox 2626 3334 2669 3400; x_wconf 80' lang='grc'>⁸,</span> <span class='ocrx_word' id='word_1_578' title='bbox 2718 3341 2779 3388; x_wconf 88' lang='grc' dir='ltr'><strong>ιιι</strong></span> <span class='ocrx_word' id='word_1_579' title='bbox 2819 3347 3010 3389; x_wconf 88' lang='lat' dir='ltr'><strong>vocem</strong></span> <span class='ocrx_word' id='word_1_580' title='bbox 3054 3331 3175 3401; x_wconf 88' lang='lat' dir='ltr'><strong>ejus</strong></span> <span class='ocrx_word' id='word_1_581' title='bbox 3224 3329 3540 3386; x_wconf 86' lang='lat' dir='ltr'><strong>divinarum</strong></span> 
     </span>
    </p>
   </div>
   <div class='ocr_carea' id='block_1_80' title="bbox 1962 3421 3540 3501">
    <p class='ocr_par' dir='ltr' id='par_1_80' title="bbox 1962 3421 3540 3501">
     <span class='ocr_line' id='line_1_80' title="bbox 1962 3421 3540 3501; baseline -0.008 -14"><span class='ocrx_word' id='word_1_582' title='bbox 1962 3430 2373 3501; x_wconf 88' lang='lat' dir='ltr'><strong>Scripturarum</strong></span> <span class='ocrx_word' id='word_1_583' title='bbox 2405 3441 2511 3498; x_wconf 85' lang='lat' dir='ltr'><strong>ope</strong></span> <span class='ocrx_word' id='word_1_584' title='bbox 2537 3424 2834 3491; x_wconf 82' lang='lat' dir='ltr'><strong>audiendo,</strong></span> <span class='ocrx_word' id='word_1_585' title='bbox 2854 3438 3041 3481; x_wconf 86' lang='lat' dir='ltr'><strong>veram</strong></span> <span class='ocrx_word' id='word_1_586' title='bbox 3073 3437 3258 3477; x_wconf 89' lang='lat' dir='ltr'><strong>rerum</strong></span> <span class='ocrx_word' id='word_1_587' title='bbox 3290 3421 3540 3477; x_wconf 91' lang='lat' dir='ltr'><strong>omnium</strong></span> 
     </span>
    </p>
   </div>
   <div class='ocr_carea' id='block_1_81' title="bbox 1960 3515 3541 3579">
    <p class='ocr_par' dir='ltr' id='par_1_81' title="bbox 1960 3515 3541 3579">
     <span class='ocr_line' id='line_1_81' title="bbox 1960 3515 3541 3579; baseline -0.009 -1"><span class='ocrx_word' id='word_1_588' title='bbox 1960 3520 2258 3579; x_wconf 88' lang='lat' dir='ltr'><strong>scientiam</strong></span> <span class='ocrx_word' id='word_1_589' title='bbox 2286 3518 2659 3574; x_wconf 86' lang='lat' dir='ltr'><strong>addiscamus.</strong></span> <span class='ocrx_word' id='word_1_590' title='bbox 2693 3515 2968 3571; x_wconf 68' lang='lat' dir='ltr'><strong>Caeterum</strong></span> <span class='ocrx_word' id='word_1_591' title='bbox 2994 3529 3026 3569; x_wconf 89' lang='lat' dir='ltr'><strong>e</strong></span> <span class='ocrx_word' id='word_1_592' title='bbox 3056 3527 3115 3568; x_wconf 92' lang='lat' dir='ltr'><strong>re</strong></span> <span class='ocrx_word' id='word_1_593' title='bbox 3143 3519 3333 3568; x_wconf 88' lang='lat' dir='ltr'><strong>nostra</strong></span> <span class='ocrx_word' id='word_1_594' title='bbox 3363 3520 3448 3567; x_wconf 85' lang='lat' dir='ltr'><strong>est</strong></span> <span class='ocrx_word' id='word_1_595' title='bbox 3480 3517 3541 3565; x_wconf 90' lang='lat' dir='ltr'><strong>ut</strong></span> 
     </span>
    </p>
   </div>
   <div class='ocr_carea' id='block_1_82' title="bbox 1959 3603 3540 3682">
    <p class='ocr_par' dir='ltr' id='par_1_82' title="bbox 1959 3603 3540 3682">
     <span class='ocr_line' id='line_1_82' title="bbox 1959 3603 3540 3682; baseline -0.008 -14"><span class='ocrx_word' id='word_1_596' title='bbox 1959 3612 2259 3682; x_wconf 85' lang='lat' dir='ltr'><strong>diligenter</strong></span> <span class='ocrx_word' id='word_1_597' title='bbox 2288 3610 2621 3678; x_wconf 84' lang='lat' dir='ltr'><strong>sineeroque</strong></span> <span class='ocrx_word' id='word_1_598' title='bbox 2654 3606 2837 3661; x_wconf 89' lang='lat' dir='ltr'><strong>animo</strong></span> <span class='ocrx_word' id='word_1_599' title='bbox 2866 3603 3229 3668; x_wconf 88' lang='lat' dir='ltr'><strong>accedamus,</strong></span> <span class='ocrx_word' id='word_1_600' title='bbox 3262 3617 3362 3657; x_wconf 90' lang='lat' dir='ltr'><strong>nec</strong></span> <span class='ocrx_word' id='word_1_601' title='bbox 3392 3617 3540 3656; x_wconf 90' lang='lat' dir='ltr'><strong>com-</strong></span> 
     </span>
    </p>
   </div>
   <div class='ocr_carea' id='block_1_83' title="bbox 1959 3693 3539 3767">
    <p class='ocr_par' dir='ltr' id='par_1_83' title="bbox 1959 3693 3539 3767">
     <span class='ocr_line' id='line_1_83' title="bbox 1959 3693 3539 3767; baseline -0.006 -10"><span class='ocrx_word' id='word_1_602' title='bbox 1959 3703 2279 3767; x_wconf 84' lang='lat' dir='ltr'><strong>mittamus,</strong></span> <span class='ocrx_word' id='word_1_603' title='bbox 2310 3709 2372 3756; x_wconf 90' lang='lat' dir='ltr'><strong>ut</strong></span> <span class='ocrx_word' id='word_1_604' title='bbox 2403 3699 2603 3755; x_wconf 61' lang='lat' dir='ltr'><strong>animae</strong></span> <span class='ocrx_word' id='word_1_605' title='bbox 2631 3705 2839 3753; x_wconf 75' lang='lat' dir='ltr'><strong>nostrae</strong></span> <span class='ocrx_word' id='word_1_606' title='bbox 2871 3697 3025 3752; x_wconf 88' lang='lat' dir='ltr'><strong>acies</strong></span> <span class='ocrx_word' id='word_1_607' title='bbox 3060 3693 3408 3766; x_wconf 88' lang='lat' dir='ltr'><strong>intelligendi</strong></span> <span class='ocrx_word' id='word_1_608' title='bbox 3439 3708 3539 3764; x_wconf 91' lang='lat' dir='ltr'><strong>per</strong></span> 
     </span>
    </p>
   </div>
   <div class='ocr_carea' id='block_1_84' title="bbox 1959 3786 3534 3859">
    <p class='ocr_par' dir='ltr' id='par_1_84' title="bbox 1959 3786 3534 3859">
     <span class='ocr_line' id='line_1_84' title="bbox 1959 3786 3534 3859; baseline -0.008 -9"><span class='ocrx_word' id='word_1_609' title='bbox 1959 3794 2191 3851; x_wconf 90' lang='lat' dir='ltr'><strong>vitiosos</strong></span> <span class='ocrx_word' id='word_1_610' title='bbox 2218 3790 2449 3847; x_wconf 77' lang='lat' dir='ltr'><strong>atiectus</strong></span> <span class='ocrx_word' id='word_1_611' title='bbox 2476 3788 2972 3846; x_wconf 83' lang='lat' dir='ltr'><strong>obtundatur.Vix</strong></span> <span class='ocrx_word' id='word_1_612' title='bbox 3000 3786 3147 3843; x_wconf 88' lang='lat' dir='ltr'><strong>enim</strong></span> <span class='ocrx_word' id='word_1_613' title='bbox 3175 3786 3295 3841; x_wconf 81' lang='lat' dir='ltr'><strong>fieri</strong></span> <span class='ocrx_word' id='word_1_614' title='bbox 3323 3786 3534 3859; x_wconf 88' lang='lat' dir='ltr'><strong>possit,</strong></span> 
     </span>
    </p>
   </div>
   <div class='ocr_carea' id='block_1_85' title="bbox 1958 3876 3540 3951">
    <p class='ocr_par' dir='ltr' id='par_1_85' title="bbox 1958 3876 3540 3951">
     <span class='ocr_line' id='line_1_85' title="bbox 1958 3876 3540 3951; baseline -0.004 -14"><span class='ocrx_word' id='word_1_615' title='bbox 1958 3888 2020 3937; x_wconf 89' lang='lat' dir='ltr'><strong>ut</strong></span> <span class='ocrx_word' id='word_1_616' title='bbox 2048 3879 2342 3951; x_wconf 88' lang='lat' dir='ltr'><strong>quisquam</strong></span> <span class='ocrx_word' id='word_1_617' title='bbox 2372 3878 2460 3935; x_wconf 87' lang='lat' dir='ltr'><strong>vel</strong></span> <span class='ocrx_word' id='word_1_618' title='bbox 2490 3877 2818 3950; x_wconf 89' lang='lat' dir='ltr'><strong>purissimo,</strong></span> <span class='ocrx_word' id='word_1_619' title='bbox 2849 3877 2934 3934; x_wconf 90' lang='lat' dir='ltr'><strong>vel</strong></span> <span class='ocrx_word' id='word_1_620' title='bbox 2961 3876 3349 3947; x_wconf 88' lang='lat' dir='ltr'><strong>limpidissimo</strong></span> <span class='ocrx_word' id='word_1_621' title='bbox 3377 3891 3540 3947; x_wconf 87' lang='lat' dir='ltr'><strong>pror-</strong></span> 
     </span>
    </p>
   </div>
   <div class='ocr_carea' id='block_1_86' title="bbox 1956 3966 3537 4039">
    <p class='ocr_par' dir='ltr' id='par_1_86' title="bbox 1956 3966 3537 4039">
     <span class='ocr_line' id='line_1_86' title="bbox 1956 3966 3537 4039; baseline -0.004 -12"><span class='ocrx_word' id='word_1_622' title='bbox 1956 3985 2053 4027; x_wconf 86' lang='lat' dir='ltr'><strong>sus</strong></span> <span class='ocrx_word' id='word_1_623' title='bbox 2085 3971 2247 4027; x_wconf 87' lang='lat' dir='ltr'><strong>oculo</strong></span> <span class='ocrx_word' id='word_1_624' title='bbox 2273 3970 2561 4026; x_wconf 86' lang='lat' dir='ltr'><strong>veritatem</strong></span> <span class='ocrx_word' id='word_1_625' title='bbox 2585 3968 2737 4025; x_wconf 86' lang='lat' dir='ltr'><strong>clare</strong></span> <span class='ocrx_word' id='word_1_626' title='bbox 2761 3967 3091 4039; x_wconf 86' lang='lat' dir='ltr'><strong>conspiciat.</strong></span> <span class='ocrx_word' id='word_1_627' title='bbox 3118 3966 3272 4033; x_wconf 83' lang='lat' dir='ltr'><strong>Quod</strong></span> <span class='ocrx_word' id='word_1_628' title='bbox 3294 3969 3342 4022; x_wconf 76' lang='lat' dir='ltr'><strong>si</strong></span> <span class='ocrx_word' id='word_1_629' title='bbox 3361 3967 3537 4022; x_wconf 79' lang='lat' dir='ltr'><strong>lumen</strong></span> 
     </span>
    </p>
   </div>
   <div class='ocr_carea' id='block_1_87' title="bbox 1956 4059 3532 4134">
    <p class='ocr_par' dir='ltr' id='par_1_87' title="bbox 1956 4059 3532 4134">
     <span class='ocr_line' id='line_1_87' title="bbox 1956 4059 3532 4134; baseline -0.003 -18"><span class='ocrx_word' id='word_1_630' title='bbox 1956 4060 2096 4134; x_wconf 85' lang='lat' dir='ltr'><strong>quod</strong></span> <span class='ocrx_word' id='word_1_631' title='bbox 2128 4062 2184 4117; x_wconf 82' lang='lat' dir='ltr'><strong>in</strong></span> <span class='ocrx_word' id='word_1_632' title='bbox 2217 4070 2266 4115; x_wconf 77' lang='lat' dir='ltr'><strong>te</strong></span> <span class='ocrx_word' id='word_1_633' title='bbox 2297 4069 2375 4115; x_wconf 79' lang='lat' dir='ltr'><strong>est</strong></span> <span class='ocrx_word' id='word_1_634' title='bbox 2394 4101 2410 4127; x_wconf 91' lang='lat'><strong>,</strong></span> <span class='ocrx_word' id='word_1_635' title='bbox 2445 4060 2550 4115; x_wconf 89' lang='lat' dir='ltr'><strong>hoc</strong></span> <span class='ocrx_word' id='word_1_636' title='bbox 2581 4067 2668 4116; x_wconf 88' lang='lat' dir='ltr'><strong>est</strong></span> <span class='ocrx_word' id='word_1_637' title='bbox 2696 4074 2851 4115; x_wconf 90' lang='lat' dir='ltr'><strong>mens</strong></span> <span class='ocrx_word' id='word_1_638' title='bbox 2880 4066 3069 4114; x_wconf 89' lang='lat' dir='ltr'><strong>nostra</strong></span> <span class='ocrx_word' id='word_1_639' title='bbox 3090 4099 3106 4125; x_wconf 90' lang='lat'><strong>,</strong></span> <span class='ocrx_word' id='word_1_640' title='bbox 3139 4059 3363 4113; x_wconf 69' lang='lat' dir='ltr'><strong>tenebrae</strong></span> <span class='ocrx_word' id='word_1_641' title='bbox 3391 4059 3532 4121; x_wconf 74' lang='lat' dir='ltr'><strong>sint,</strong></span> 
     </span>
    </p>
   </div>
   <div class='ocr_carea' id='block_1_88' title="bbox 1955 4149 3536 4224">
    <p class='ocr_par' dir='ltr' id='par_1_88' title="bbox 1955 4149 3536 4224">
     <span class='ocr_line' id='line_1_88' title="bbox 1955 4149 3536 4224; baseline -0.003 -16"><span class='ocrx_word' id='word_1_642' title='bbox 1955 4155 2083 4224; x_wconf 72' lang='lat' dir='ltr'><strong>ipsa:</strong></span> <span class='ocrx_word' id='word_1_643' title='bbox 2117 4152 2341 4209; x_wconf 72' lang='lat' dir='ltr'><strong>tenebrae</strong></span> <span class='ocrx_word' id='word_1_644' title='bbox 2372 4160 2587 4223; x_wconf 77' lang='lat' dir='ltr'><strong>quanta:</strong></span> <span class='ocrx_word' id='word_1_645' title='bbox 2627 4160 2779 4206; x_wconf 83' lang='lat' dir='ltr'><strong>erunt</strong></span> <span class='ocrx_word' id='word_1_646' title='bbox 2812 4150 2882 4204; x_wconf 67' lang='lat'><strong>‘?</strong></span> <span class='ocrx_word' id='word_1_647' title='bbox 2930 4149 3301 4220; x_wconf 89' lang='lat' dir='ltr'><strong>Properemus</strong></span> <span class='ocrx_word' id='word_1_648' title='bbox 3350 4149 3536 4218; x_wconf 89' lang='lat' dir='ltr'><strong>itaque</strong></span> 
     </span>
    </p>
   </div>
   <div class='ocr_carea' id='block_1_89' title="bbox 1956 4239 3534 4313">
    <p class='ocr_par' dir='ltr' id='par_1_89' title="bbox 1956 4239 3534 4313">
     <span class='ocr_line' id='line_1_89' title="bbox 1956 4239 3534 4313; baseline -0.005 -11"><span class='ocrx_word' id='word_1_649' title='bbox 1956 4254 2074 4303; x_wconf 91' lang='lat' dir='ltr'><strong>toto</strong></span> <span class='ocrx_word' id='word_1_650' title='bbox 2115 4246 2301 4301; x_wconf 88' lang='lat' dir='ltr'><strong>animo</strong></span> <span class='ocrx_word' id='word_1_651' title='bbox 2344 4251 2568 4313; x_wconf 87' lang='lat' dir='ltr'><strong>totaque</strong></span> <span class='ocrx_word' id='word_1_652' title='bbox 2614 4250 2817 4298; x_wconf 91' lang='lat' dir='ltr'><strong>mente.</strong></span> <span class='ocrx_word' id='word_1_653' title='bbox 2865 4239 3339 4311; x_wconf 85' lang='lat' dir='ltr'><strong>Quemadmodum</strong></span> <span class='ocrx_word' id='word_1_654' title='bbox 3388 4240 3534 4295; x_wconf 89' lang='lat' dir='ltr'><strong>enim</strong></span> 
     </span>
    </p>
   </div>
   <div class='ocr_carea' id='block_1_90' title="bbox 1957 4329 3535 4405">
    <p class='ocr_par' dir='ltr' id='par_1_90' title="bbox 1957 4329 3535 4405">
     <span class='ocr_line' id='line_1_90' title="bbox 1957 4329 3535 4405; baseline -0.004 -16"><span class='ocrx_word' id='word_1_655' title='bbox 1957 4334 2073 4391; x_wconf 79' lang='lat' dir='ltr'><strong>ﬁeri</strong></span> <span class='ocrx_word' id='word_1_656' title='bbox 2102 4334 2328 4405; x_wconf 91' lang='lat' dir='ltr'><strong>nequit,</strong></span> <span class='ocrx_word' id='word_1_657' title='bbox 2359 4340 2419 4387; x_wconf 84' lang='lat' dir='ltr'><strong>ut</strong></span> <span class='ocrx_word' id='word_1_658' title='bbox 2446 4332 2643 4389; x_wconf 91' lang='lat' dir='ltr'><strong>oculus</strong></span> <span class='ocrx_word' id='word_1_659' title='bbox 2668 4332 2867 4387; x_wconf 89' lang='lat' dir='ltr'><strong>crebro</strong></span> <span class='ocrx_word' id='word_1_660' title='bbox 2893 4332 3298 4397; x_wconf 88' lang='lat' dir='ltr'><strong>circumactus,</strong></span> <span class='ocrx_word' id='word_1_661' title='bbox 3325 4337 3378 4386; x_wconf 90' lang='lat' dir='ltr'><strong>et</strong></span> <span class='ocrx_word' id='word_1_662' title='bbox 3404 4329 3535 4384; x_wconf 88' lang='lat' dir='ltr'><strong>hinc</strong></span> 
     </span>
    </p>
   </div>
   <div class='ocr_carea' id='block_1_91' title="bbox 1957 4422 3533 4493">
    <p class='ocr_par' dir='ltr' id='par_1_91' title="bbox 1957 4422 3533 4493">
     <span class='ocr_line' id='line_1_91' title="bbox 1957 4422 3533 4493; baseline -0.005 -11"><span class='ocrx_word' id='word_1_663' title='bbox 1957 4426 2087 4482; x_wconf 89' lang='lat' dir='ltr'><strong>inde</strong></span> <span class='ocrx_word' id='word_1_664' title='bbox 2116 4427 2592 4481; x_wconf 89' lang='lat' dir='ltr'><strong>circumversatus</strong></span> <span class='ocrx_word' id='word_1_665' title='bbox 2614 4462 2631 4488; x_wconf 92' lang='lat'><strong>,</strong></span> <span class='ocrx_word' id='word_1_666' title='bbox 2662 4438 2777 4479; x_wconf 91' lang='lat' dir='ltr'><strong>rem</strong></span> <span class='ocrx_word' id='word_1_667' title='bbox 2819 4438 2941 4493; x_wconf 71' lang='lat' dir='ltr'><strong>qua:</strong></span> <span class='ocrx_word' id='word_1_668' title='bbox 2984 4422 3089 4479; x_wconf 88' lang='lat' dir='ltr'><strong>sub</strong></span> <span class='ocrx_word' id='word_1_669' title='bbox 3124 4429 3407 4493; x_wconf 86' lang='lat' dir='ltr'><strong>aspectum</strong></span> <span class='ocrx_word' id='word_1_670' title='bbox 3440 4436 3533 4476; x_wconf 86' lang='lat' dir='ltr'><strong>ca-</strong></span> 
     </span>
    </p>
   </div>
   <div class='ocr_carea' id='block_1_92' title="bbox 263 4504 1859 4591">
    <p class='ocr_par' dir='ltr' id='par_1_92' title="bbox 263 4518 1847 4591">
     <span class='ocr_line' id='line_1_92' title="bbox 263 4518 1847 4591; baseline 0.004 -22"><span class='ocrx_word' id='word_1_671' title='bbox 263 4518 439 4581; x_wconf 87' lang='grc' dir='ltr'>τόνως</span> <span class='ocrx_word' id='word_1_672' title='bbox 484 4518 826 4589; x_wconf 87' lang='grc' dir='ltr'>κρούσωμεν,</span> <span class='ocrx_word' id='word_1_673' title='bbox 876 4520 1201 4591; x_wconf 84' lang='grc' dir='ltr'>ἀνάγνωμεν</span> <span class='ocrx_word' id='word_1_674' title='bbox 1230 4519 1399 4586; x_wconf 69' lang='grc' dir='ltr'>ἅπαξ,</span> <span class='ocrx_word' id='word_1_675' title='bbox 1425 4521 1527 4586; x_wconf 81' lang='grc' dir='ltr'><strong>δίς,</strong></span> <span class='ocrx_word' id='word_1_676' title='bbox 1564 4521 1847 4585; x_wconf 82' lang='grc' dir='ltr'>πολλάκις·</span> 
     </span>
    </p>
   </div>
   <div class='ocr_carea' id='block_1_93' title="bbox 1964 4504 3533 4591">
    <p class='ocr_par' dir='ltr' id='par_1_93' title="bbox 1964 4512 3533 4588">
     <span class='ocr_line' id='line_1_93' title="bbox 1964 4512 3533 4588; baseline -0.006 -13"><span class='ocrx_word' id='word_1_677' title='bbox 1964 4519 2071 4582; x_wconf 83' lang='lat' dir='ltr'><strong>dit,</strong></span> <span class='ocrx_word' id='word_1_678' title='bbox 2099 4517 2393 4588; x_wconf 86' lang='lat' dir='ltr'><strong>perspicue</strong></span> <span class='ocrx_word' id='word_1_679' title='bbox 2422 4522 2752 4572; x_wconf 88' lang='lat' dir='ltr'><strong>contueatur</strong></span> <span class='ocrx_word' id='word_1_680' title='bbox 2780 4532 2794 4569; x_wconf 91' lang='lat'><strong>:</strong></span> <span class='ocrx_word' id='word_1_681' title='bbox 2826 4514 2922 4571; x_wconf 84' lang='lat' dir='ltr'><strong>sed</strong></span> <span class='ocrx_word' id='word_1_682' title='bbox 2955 4512 3012 4568; x_wconf 91' lang='lat' dir='ltr'><strong>in</strong></span> <span class='ocrx_word' id='word_1_683' title='bbox 3044 4512 3180 4568; x_wconf 89' lang='lat' dir='ltr'><strong>illud</strong></span> <span class='ocrx_word' id='word_1_684' title='bbox 3215 4512 3364 4584; x_wconf 90' lang='lat' dir='ltr'><strong>quod</strong></span> <span class='ocrx_word' id='word_1_685' title='bbox 3414 4526 3533 4566; x_wconf 58' lang='lat' dir='ltr'><strong>cere</strong></span> 
     </span>
    </p>
   </div>
   <div class='ocr_carea' id='block_1_94' title="bbox 264 4609 1855 4683">
    <p class='ocr_par' dir='ltr' id='par_1_94' title="bbox 264 4609 1855 4683">
     <span class='ocr_line' id='line_1_94' title="bbox 264 4609 1855 4683; baseline 0.003 -22"><span class='ocrx_word' id='word_1_686' title='bbox 264 4610 366 4662; x_wconf 74' lang='grc' dir='ltr'>καὶ</span> <span class='ocrx_word' id='word_1_687' title='bbox 395 4609 568 4675; x_wconf 71' lang='grc' dir='ltr'>οὕτως</span> <span class='ocrx_word' id='word_1_688' title='bbox 612 4611 966 4682; x_wconf 82' lang='grc' dir='ltr'>ὀρύσσοντες,</span> <span class='ocrx_word' id='word_1_689' title='bbox 995 4612 1090 4666; x_wconf 83' lang='grc' dir='ltr'>τὸν</span> <span class='ocrx_word' id='word_1_690' title='bbox 1125 4611 1399 4683; x_wconf 75' lang='grc' dir='ltr'>θησαυρὸν</span> <span class='ocrx_word' id='word_1_691' title='bbox 1446 4612 1550 4682; x_wconf 83' lang='grc' dir='ltr'><strong>τῆς</strong></span> <span class='ocrx_word' id='word_1_692' title='bbox 1598 4611 1855 4681; x_wconf 82' lang='grc' dir='ltr'>γνώσεως</span> 
     </span>
    </p>
   </div>
   <div class='ocr_carea' id='block_1_95' title="bbox 260 4701 1851 4775">
    <p class='ocr_par' dir='ltr' id='par_1_95' title="bbox 260 4701 1851 4775">
     <span class='ocr_line' id='line_1_95' title="bbox 260 4701 1851 4775; baseline 0.002 -21"><span class='ocrx_word' id='word_1_693' title='bbox 260 4701 598 4773; x_wconf 79' lang='grc' dir='ltr'>εὑρήσομεν,</span> <span class='ocrx_word' id='word_1_694' title='bbox 645 4702 742 4757; x_wconf 70' lang='grc' dir='ltr'>καὶ</span> <span class='ocrx_word' id='word_1_695' title='bbox 786 4703 881 4757; x_wconf 82' lang='grc' dir='ltr'><strong>τοῦ</strong></span> <span class='ocrx_word' id='word_1_696' title='bbox 933 4702 1168 4757; x_wconf 88' lang='grc' dir='ltr'>πλούτου</span> <span class='ocrx_word' id='word_1_697' title='bbox 1218 4704 1717 4775; x_wconf 81' lang='grc' dir='ltr'>κατατρυφήσομεν</span> <span class='ocrx_word' id='word_1_698' title='bbox 1748 4703 1851 4774; x_wconf 73' lang='lat'><strong>(2).</strong></span> 
     </span>
    </p>
   </div>
   <div class='ocr_carea' id='block_1_96' title="bbox 260 4793 1848 4866">
    <p class='ocr_par' dir='ltr' id='par_1_96' title="bbox 260 4793 1848 4866">
     <span class='ocr_line' id='line_1_96' title="bbox 260 4793 1848 4866; baseline 0.001 -21"><span class='ocrx_word' id='word_1_699' title='bbox 260 4793 625 4864; x_wconf 85' lang='grc' dir='ltr'>Ζητήσωμεν,</span> <span class='ocrx_word' id='word_1_700' title='bbox 689 4796 1105 4866; x_wconf 81' lang='grc' dir='ltr'>ὲρευνήσωμεν,</span> <span class='ocrx_word' id='word_1_701' title='bbox 1175 4796 1583 4866; x_wconf 88' lang='grc' dir='ltr'>ἀνακρίνωμεν,</span> <span class='ocrx_word' id='word_1_702' title='bbox 1638 4795 1848 4866; x_wconf 80' lang='grc' dir='ltr'>ἐρωτή-</span> 
     </span>
    </p>
   </div>
   <div class='ocr_carea' id='block_1_97' title="bbox 270 4881 1848 4954">
    <p class='ocr_par' dir='ltr' id='par_1_97' title="bbox 270 4881 1848 4954">
     <span class='ocr_line' id='line_1_97' title="bbox 270 4881 1848 4954; baseline 0 -18"><span class='ocrx_word' id='word_1_703' title='bbox 270 4899 485 4952; x_wconf 87' lang='grc' dir='ltr'>σωμεν.</span> <span class='ocrx_word' id='word_1_704' title='bbox 520 4881 646 4949; x_wconf 82' lang='grc' dir='ltr'><strong>Πᾶς</strong></span> <span class='ocrx_word' id='word_1_705' title='bbox 683 4883 795 4953; x_wconf 78' lang='grc' dir='ltr'>γὰρ</span> <span class='ocrx_word' id='word_1_706' title='bbox 828 4887 859 4938; x_wconf 84' lang='grc' dir='ltr'><em>ὁ</em></span> <span class='ocrx_word' id='word_1_707' title='bbox 892 4883 1076 4939; x_wconf 76' lang='grc' dir='ltr'>αίτῶν</span> <span class='ocrx_word' id='word_1_708' title='bbox 1126 4884 1443 4954; x_wconf 77' lang='grc' dir='ltr'>λαμϐάνει,</span> <span class='ocrx_word' id='word_1_709' title='bbox 1470 4883 1570 4937; x_wconf 76' lang='grc' dir='ltr'><strong>καί</strong></span> <span class='ocrx_word' id='word_1_710' title='bbox 1599 4886 1632 4938; x_wconf 87' lang='grc' dir='ltr'>ό</span> <span class='ocrx_word' id='word_1_711' title='bbox 1659 4882 1848 4952; x_wconf 81' lang='grc' dir='ltr'>ζητῶν</span> 
     </span>
    </p>
   </div>
   <div class='ocr_carea' id='block_1_98' title="bbox 258 4973 1844 5044">
    <p class='ocr_par' dir='ltr' id='par_1_98' title="bbox 258 4973 1844 5044">
     <span class='ocr_line' id='line_1_98' title="bbox 258 4973 1844 5044; baseline 0.001 -18"><span class='ocrx_word' id='word_1_712' title='bbox 258 4973 567 5041; x_wconf 80' lang='grc' dir='ltr'>εὑρίσκει,</span> <span class='ocrx_word' id='word_1_713' title='bbox 612 4975 710 5028; x_wconf 81' lang='grc' dir='ltr'><strong>καί</strong></span> <span class='ocrx_word' id='word_1_714' title='bbox 748 4973 830 5040; x_wconf 83' lang='grc' dir='ltr'>τῷ</span> <span class='ocrx_word' id='word_1_715' title='bbox 878 4975 1159 5043; x_wconf 77' lang='grc' dir='ltr'>κρούοντι</span> <span class='ocrx_word' id='word_1_716' title='bbox 1224 4974 1636 5044; x_wconf 76' lang='grc' dir='ltr'>ἀνοιγήσεται.</span> <span class='ocrx_word' id='word_1_717' title='bbox 1690 4974 1803 5028; x_wconf 77' lang='grc' dir='ltr'><strong>Καὶ</strong></span> <span class='ocrx_word' id='word_1_718' title='bbox 1829 5015 1844 5038; x_wconf 87' lang='grc'><strong>,</strong></span> 
     </span>
    </p>
   </div>
   <div class='ocr_carea' id='block_1_99' title="bbox 272 5062 1836 5136">
    <p class='ocr_par' dir='ltr' id='par_1_99' title="bbox 272 5062 1836 5136">
     <span class='ocr_line' id='line_1_99' title="bbox 272 5062 1836 5136; baseline 0.003 -21"><span class='ocrx_word' id='word_1_719' title='bbox 272 5062 686 5132; x_wconf 72' lang='grc' dir='ltr'>Ἐπερώτησον</span> <span class='ocrx_word' id='word_1_720' title='bbox 706 5064 814 5120; x_wconf 80' lang='grc' dir='ltr'>τὸν</span> <span class='ocrx_word' id='word_1_721' title='bbox 840 5064 1069 5135; x_wconf 81' lang='grc' dir='ltr'>πατέρα</span> <span class='ocrx_word' id='word_1_722' title='bbox 1088 5081 1228 5134; x_wconf 88' lang='grc' dir='ltr'>σου,</span> <span class='ocrx_word' id='word_1_723' title='bbox 1250 5066 1349 5121; x_wconf 83' lang='grc' dir='ltr'><strong>καί</strong></span> <span class='ocrx_word' id='word_1_724' title='bbox 1371 5064 1695 5136; x_wconf 71' lang='grc' dir='ltr'>ἀναγγελεῖ</span> <span class='ocrx_word' id='word_1_725' title='bbox 1705 5080 1807 5120; x_wconf 89' lang='grc' dir='ltr'><strong>σοι</strong></span> <span class='ocrx_word' id='word_1_726' title='bbox 1822 5081 1836 5097; x_wconf 77' lang='grc'><strong><em>⁸</em></strong></span> 
     </span>
    </p>
   </div>
   <div class='ocr_carea' id='block_1_100' title="bbox 338 5198 1883 5269">
    <p class='ocr_par' dir='ltr' id='par_1_100' title="bbox 338 5198 1883 5269">
     <span class='ocr_line' id='line_1_100' title="bbox 338 5198 1883 5269; baseline 0 -13"><span class='ocrx_word' id='word_1_727' title='bbox 338 5199 598 5256; x_wconf 79' lang='lat' dir='ltr'><strong>’Coloss.</strong></span> <span class='ocrx_word' id='word_1_728' title='bbox 626 5215 689 5269; x_wconf 88' lang='grc' dir='ltr'><strong>ιι,</strong></span> <span class='ocrx_word' id='word_1_729' title='bbox 740 5202 796 5258; x_wconf 82' lang='grc'><strong>’5.</strong></span> <span class='ocrx_word' id='word_1_730' title='bbox 876 5200 940 5256; x_wconf 85' lang='grc'><strong>⁸1</strong></span> <span class='ocrx_word' id='word_1_731' title='bbox 974 5198 1284 5268; x_wconf 67' lang='lat' dir='ltr'><strong>Cor.t,24.</strong></span> <span class='ocrx_word' id='word_1_732' title='bbox 1380 5202 1403 5234; x_wconf 72' lang='grc'><strong>⁸</strong></span> <span class='ocrx_word' id='word_1_733' title='bbox 1444 5202 1635 5258; x_wconf 77' lang='lat' dir='ltr'><strong>Matth.</strong></span> <span class='ocrx_word' id='word_1_734' title='bbox 1673 5220 1745 5269; x_wconf 75' lang='lat' dir='ltr'><strong>vi,</strong></span> <span class='ocrx_word' id='word_1_735' title='bbox 1789 5201 1883 5259; x_wconf 76' lang='lat'><strong>28.</strong></span> 
     </span>
    </p>
   </div>
   <div class='ocr_carea' id='block_1_101' title="bbox 1946 4603 3531 4676">
    <p class='ocr_par' dir='ltr' id='par_1_101' title="bbox 1946 4603 3531 4676">
     <span class='ocr_line' id='line_1_101' title="bbox 1946 4603 3531 4676; baseline -0.006 -11"><span class='ocrx_word' id='word_1_736' title='bbox 1946 4610 2125 4676; x_wconf 89' lang='lat' dir='ltr'><strong>nitur,</strong></span> <span class='ocrx_word' id='word_1_737' title='bbox 2160 4609 2434 4664; x_wconf 89' lang='lat' dir='ltr'><strong>intentum</strong></span> <span class='ocrx_word' id='word_1_738' title='bbox 2463 4621 2589 4664; x_wconf 89' lang='lat' dir='ltr'><strong>esse</strong></span> <span class='ocrx_word' id='word_1_739' title='bbox 2617 4607 2872 4662; x_wconf 89' lang='lat' dir='ltr'><strong>obtutum</strong></span> <span class='ocrx_word' id='word_1_740' title='bbox 2921 4614 3181 4676; x_wconf 90' lang='lat' dir='ltr'><strong>oportet:</strong></span> <span class='ocrx_word' id='word_1_741' title='bbox 3237 4604 3318 4658; x_wconf 91' lang='lat' dir='ltr'><strong>sic</strong></span> <span class='ocrx_word' id='word_1_742' title='bbox 3365 4603 3531 4659; x_wconf 87' lang='lat' dir='ltr'><strong>etiam</strong></span> 
     </span>
    </p>
   </div>
   <div class='ocr_carea' id='block_1_102' title="bbox 1947 4695 3529 4770">
    <p class='ocr_par' dir='ltr' id='par_1_102' title="bbox 1947 4695 3529 4770">
     <span class='ocr_line' id='line_1_102' title="bbox 1947 4695 3529 4770; baseline -0.007 -12"><span class='ocrx_word' id='word_1_743' title='bbox 1947 4701 2100 4759; x_wconf 90' lang='lat' dir='ltr'><strong>omni</strong></span> <span class='ocrx_word' id='word_1_744' title='bbox 2129 4701 2525 4770; x_wconf 80' lang='lat' dir='ltr'><strong>cogitationum</strong></span> <span class='ocrx_word' id='word_1_745' title='bbox 2553 4706 2881 4769; x_wconf 90' lang='lat' dir='ltr'><strong>tempestate</strong></span> <span class='ocrx_word' id='word_1_746' title='bbox 2907 4696 3170 4768; x_wconf 86' lang='lat' dir='ltr'><strong>depulsa,</strong></span> <span class='ocrx_word' id='word_1_747' title='bbox 3203 4695 3486 4751; x_wconf 88' lang='lat' dir='ltr'><strong>veritatem</strong></span> <span class='ocrx_word' id='word_1_748' title='bbox 3514 4734 3529 4758; x_wconf 94' lang='lat'><strong>,</strong></span> 
     </span>
    </p>
   </div>
   <div class='ocr_carea' id='block_1_103' title="bbox 1947 4785 3528 4856">
    <p class='ocr_par' dir='ltr' id='par_1_103' title="bbox 1947 4785 3528 4856">
     <span class='ocr_line' id='line_1_103' title="bbox 1947 4785 3528 4856; baseline -0.007 -7"><span class='ocrx_word' id='word_1_749' title='bbox 1947 4793 2158 4850; x_wconf 88' lang='lat' dir='ltr'><strong>relictis</strong></span> <span class='ocrx_word' id='word_1_750' title='bbox 2186 4790 2429 4846; x_wconf 68' lang='lat' dir='ltr'><strong>materia:</strong></span> <span class='ocrx_word' id='word_1_751' title='bbox 2468 4789 2695 4847; x_wconf 69' lang='lat' dir='ltr'><strong>faecibus</strong></span> <span class='ocrx_word' id='word_1_752' title='bbox 2721 4829 2736 4856; x_wconf 92' lang='lat'><strong>,</strong></span> <span class='ocrx_word' id='word_1_753' title='bbox 2768 4803 2872 4846; x_wconf 89' lang='lat' dir='ltr'><strong>nos</strong></span> <span class='ocrx_word' id='word_1_754' title='bbox 2904 4788 3061 4844; x_wconf 89' lang='lat' dir='ltr'><strong>adire</strong></span> <span class='ocrx_word' id='word_1_755' title='bbox 3107 4788 3365 4844; x_wconf 85' lang='lat' dir='ltr'><strong>convenit</strong></span> <span class='ocrx_word' id='word_1_756' title='bbox 3394 4804 3407 4841; x_wconf 89' lang='lat'><strong>:</strong></span> <span class='ocrx_word' id='word_1_757' title='bbox 3452 4785 3528 4840; x_wconf 88' lang='lat' dir='ltr'><strong>ita</strong></span> 
     </span>
    </p>
   </div>
   <div class='ocr_carea' id='block_1_104' title="bbox 1945 4878 3530 4952">
    <p class='ocr_par' dir='ltr' id='par_1_104' title="bbox 1945 4878 3530 4952">
     <span class='ocr_line' id='line_1_104' title="bbox 1945 4878 3530 4952; baseline -0.006 -12"><span class='ocrx_word' id='word_1_758' title='bbox 1945 4893 2133 4940; x_wconf 89' lang='lat' dir='ltr'><strong>tamen</strong></span> <span class='ocrx_word' id='word_1_759' title='bbox 2166 4890 2226 4939; x_wconf 92' lang='lat' dir='ltr'><strong>ut</strong></span> <span class='ocrx_word' id='word_1_760' title='bbox 2269 4898 2377 4938; x_wconf 89' lang='lat' dir='ltr'><strong>non</strong></span> <span class='ocrx_word' id='word_1_761' title='bbox 2417 4882 2487 4937; x_wconf 83' lang='lat' dir='ltr'><strong>ad</strong></span> <span class='ocrx_word' id='word_1_762' title='bbox 2536 4880 2688 4938; x_wconf 81' lang='lat' dir='ltr'><strong>fores</strong></span> <span class='ocrx_word' id='word_1_763' title='bbox 2718 4895 2897 4950; x_wconf 86' lang='lat' dir='ltr'><strong>usque</strong></span> <span class='ocrx_word' id='word_1_764' title='bbox 2934 4878 3250 4952; x_wconf 81' lang='lat' dir='ltr'><strong>perrexisse</strong></span> <span class='ocrx_word' id='word_1_765' title='bbox 3289 4878 3426 4934; x_wconf 90' lang='lat' dir='ltr'><strong>satis</strong></span> <span class='ocrx_word' id='word_1_766' title='bbox 3456 4878 3530 4932; x_wconf 87' lang='lat' dir='ltr'><strong>sit</strong></span> 
     </span>
    </p>
   </div>
   <div class='ocr_carea' id='block_1_105' title="bbox 1947 4971 3526 5045">
    <p class='ocr_par' dir='ltr' id='par_1_105' title="bbox 1947 4971 3526 5045">
     <span class='ocr_line' id='line_1_105' title="bbox 1947 4971 3526 5045; baseline -0.006 -13"><span class='ocrx_word' id='word_1_767' title='bbox 1947 4976 2152 5041; x_wconf 91' lang='lat' dir='ltr'><strong>nobis;</strong></span> <span class='ocrx_word' id='word_1_768' title='bbox 2190 4974 2284 5031; x_wconf 87' lang='lat' dir='ltr'><strong>sed</strong></span> <span class='ocrx_word' id='word_1_769' title='bbox 2326 4973 2542 5030; x_wconf 79' lang='lat' dir='ltr'><strong>fortiter</strong></span> <span class='ocrx_word' id='word_1_770' title='bbox 2583 4973 2904 5044; x_wconf 88' lang='lat' dir='ltr'><strong>pulsemus,</strong></span> <span class='ocrx_word' id='word_1_771' title='bbox 2948 4987 3058 5045; x_wconf 92' lang='lat' dir='ltr'><strong>quo</strong></span> <span class='ocrx_word' id='word_1_772' title='bbox 3099 4971 3330 5026; x_wconf 81' lang='lat' dir='ltr'><strong>thalami</strong></span> <span class='ocrx_word' id='word_1_773' title='bbox 3373 4977 3526 5041; x_wconf 86' lang='lat' dir='ltr'><strong>pate-</strong></span> 
     </span>
    </p>
   </div>
   <div class='ocr_carea' id='block_1_106' title="bbox 1950 5059 3528 5137">
    <p class='ocr_par' dir='ltr' id='par_1_106' title="bbox 1950 5059 3528 5137">
     <span class='ocr_line' id='line_1_106' title="bbox 1950 5059 3528 5137; baseline -0.005 -15"><span class='ocrx_word' id='word_1_774' title='bbox 1950 5067 2097 5122; x_wconf 81' lang='lat' dir='ltr'><strong>facta</strong></span> <span class='ocrx_word' id='word_1_775' title='bbox 2126 5066 2298 5137; x_wconf 85' lang='lat' dir='ltr'><strong>janua</strong></span> <span class='ocrx_word' id='word_1_776' title='bbox 2319 5107 2333 5131; x_wconf 91' lang='lat'><strong>,</strong></span> <span class='ocrx_word' id='word_1_777' title='bbox 2366 5065 2640 5122; x_wconf 90' lang='lat' dir='ltr'><strong>internam</strong></span> <span class='ocrx_word' id='word_1_778' title='bbox 2666 5065 2789 5136; x_wconf 86' lang='lat' dir='ltr'><strong>ejus</strong></span> <span class='ocrx_word' id='word_1_779' title='bbox 2815 5065 2874 5137; x_wconf 73' lang='lat'><strong>8</strong></span> <span class='ocrx_word' id='word_1_780' title='bbox 2900 5063 3230 5137; x_wconf 85' lang='lat' dir='ltr'><strong>elegantiam</strong></span> <span class='ocrx_word' id='word_1_781' title='bbox 3263 5059 3528 5132; x_wconf 83' lang='lat' dir='ltr'><strong>inspicia-</strong></span> 
     </span>
    </p>
   </div>
   <div class='ocr_carea' id='block_1_107' title="bbox 1551 5306 2219 5369">
    <p class='ocr_par' dir='ltr' id='par_1_107' title="bbox 1551 5306 2219 5369">
     <span class='ocr_line' id='line_1_107' title="bbox 1551 5306 2219 5369; baseline -0.006 -1"><span class='ocrx_word' id='word_1_782' title='bbox 1551 5312 1787 5369; x_wconf 66' lang='lat' dir='ltr'><strong>VARIIE</strong></span> <span class='ocrx_word' id='word_1_783' title='bbox 1817 5306 2219 5368; x_wconf 80' lang='lat' dir='ltr'><strong>LECTIONES.</strong></span> 
     </span>
    </p>
   </div>
   <div class='ocr_carea' id='block_1_108' title="bbox 331 5393 3497 5478">
    <p class='ocr_par' dir='ltr' id='par_1_108' title="bbox 331 5393 3497 5478">
     <span class='ocr_line' id='line_1_108' title="bbox 331 5393 3497 5478; baseline 0.003 -22"><span class='ocrx_word' id='word_1_784' title='bbox 331 5415 362 5456; x_wconf 72' lang='grc' dir='ltr'><strong>ιι</strong></span> <span class='ocrx_word' id='word_1_785' title='bbox 388 5403 541 5478; x_wconf 83' lang='lat' dir='ltr'><strong>Unus</strong></span> <span class='ocrx_word' id='word_1_786' title='bbox 566 5405 690 5478; x_wconf 77' lang='lat' dir='ltr'><strong>cod.</strong></span> <span class='ocrx_word' id='word_1_787' title='bbox 726 5406 1075 5478; x_wconf 81' lang='lat' dir='ltr'><strong>bibliothecae</strong></span> <span class='ocrx_word' id='word_1_788' title='bbox 1092 5416 1296 5465; x_wconf 62' lang='lat' dir='ltr'><strong>nostra:</strong></span> <span class='ocrx_word' id='word_1_789' title='bbox 1330 5409 1385 5463; x_wconf 92' lang='lat' dir='ltr'><strong>in</strong></span> <span class='ocrx_word' id='word_1_790' title='bbox 1413 5424 1525 5478; x_wconf 87' lang='lat' dir='ltr'><strong>quo</strong></span> <span class='ocrx_word' id='word_1_791' title='bbox 1553 5408 1824 5478; x_wconf 77' lang='lat' dir='ltr'><strong>habentur</strong></span> <span class='ocrx_word' id='word_1_792' title='bbox 1855 5403 2189 5478; x_wconf 13' lang='lat' dir='ltr'><strong>hiecgpripra</strong></span> <span class='ocrx_word' id='word_1_793' title='bbox 2245 5401 2450 5478; x_wconf 59' lang='lat' dir='ltr'><strong>capita.</strong></span> <span class='ocrx_word' id='word_1_794' title='bbox 2500 5398 2811 5478; x_wconf 64' lang='grc' dir='ltr'>διάγνευσινς</span> <span class='ocrx_word' id='word_1_795' title='bbox 2885 5399 3016 5478; x_wconf 59' lang='grc' dir='ltr'><strong>ει-ῐὶο</strong></span> <span class='ocrx_word' id='word_1_796' title='bbox 3054 5395 3213 5478; x_wconf 59' lang='grc' dir='ltr'>198βν</span> <span class='ocrx_word' id='word_1_797' title='bbox 3254 5393 3497 5478; x_wconf 69' lang='grc' dir='ltr'>τῶν,γδξρ</span> 
     </span>
    </p>
   </div>
   <div class='ocr_carea' id='block_1_109' title="bbox 251 5462 3495 5549">
    <p class='ocr_par' dir='ltr' id='par_1_109' title="bbox 251 5462 3495 5549">
     <span class='ocr_line' id='line_1_109' title="bbox 251 5462 3495 5549; baseline -0.003 -20"><span class='ocrx_word' id='word_1_798' title='bbox 251 5477 428 5529; x_wconf 69' lang='grc' dir='ltr'>ὄντων</span> <span class='ocrx_word' id='word_1_799' title='bbox 451 5477 487 5545; x_wconf 81' lang='grc' dir='ltr'><strong>ἡ</strong></span> <span class='ocrx_word' id='word_1_800' title='bbox 521 5462 747 5545; x_wconf 62' lang='grc' dir='ltr'>γνῶςιςέ</span> <span class='ocrx_word' id='word_1_801' title='bbox 773 5478 807 5549; x_wconf 76' lang='grc' dir='ltr'><strong>ἡ</strong></span> <span class='ocrx_word' id='word_1_802' title='bbox 838 5477 895 5532; x_wconf 78' lang='grc' dir='ltr'>δὲ</span> <span class='ocrx_word' id='word_1_803' title='bbox 925 5462 1042 5533; x_wconf 72' lang='grc' dir='ltr'><strong>τῶν</strong></span> <span class='ocrx_word' id='word_1_804' title='bbox 1068 5462 1187 5532; x_wconf 23' lang='grc' dir='ltr'>ούκή</span> <span class='ocrx_word' id='word_1_805' title='bbox 1218 5462 1388 5533; x_wconf 76' lang='grc' dir='ltr'>ὄντων</span> <span class='ocrx_word' id='word_1_806' title='bbox 1431 5462 1764 5547; x_wconf 49' lang='grc' dir='ltr'>ἣνῶάίςῖιὴ</span> <span class='ocrx_word' id='word_1_807' title='bbox 1804 5462 1932 5533; x_wconf 68' lang='lat' dir='ltr'><strong>mo:</strong></span> <span class='ocrx_word' id='word_1_808' title='bbox 1956 5462 2198 5531; x_wconf 68' lang='lat' dir='ltr'><strong>laudato</strong></span> <span class='ocrx_word' id='word_1_809' title='bbox 2246 5462 2371 5527; x_wconf 70' lang='lat' dir='ltr'><strong>cod.</strong></span> <span class='ocrx_word' id='word_1_810' title='bbox 2414 5462 2630 5537; x_wconf 68' lang='lat' dir='ltr'><strong>nostra,</strong></span> <span class='ocrx_word' id='word_1_811' title='bbox 2651 5471 2686 5540; x_wconf 79' lang='grc' dir='ltr'>ὴ</span> <span class='ocrx_word' id='word_1_812' title='bbox 2722 5471 2817 5523; x_wconf 73' lang='grc' dir='ltr'>καὶ</span> <span class='ocrx_word' id='word_1_813' title='bbox 2869 5469 2980 5523; x_wconf 88' lang='grc' dir='ltr'><strong>τῶν</strong></span> <span class='ocrx_word' id='word_1_814' title='bbox 3041 5467 3326 5539; x_wconf 87' lang='grc' dir='ltr'>παρόντων</span> <span class='ocrx_word' id='word_1_815' title='bbox 3368 5462 3495 5520; x_wconf 60' lang='lat' dir='ltr'><strong>anil-</strong></span> 
     </span>
    </p>
   </div>
   <div class='ocr_carea' id='block_1_110' title="bbox 253 5561 483 5613">
    <p class='ocr_par' dir='ltr' id='par_1_110' title="bbox 253 5561 483 5613">
     <span class='ocr_line' id='line_1_110' title="bbox 253 5561 483 5613; baseline 0.017 -16"><span class='ocrx_word' id='word_1_816' title='bbox 253 5561 483 5613; x_wconf 85' lang='grc' dir='ltr'>γνωσις.</span> 
     </span>
    </p>
   </div>
   <div class='ocr_carea' id='block_1_111' title="bbox 1763 5637 1993 5696">
    <p class='ocr_par' dir='ltr' id='par_1_111' title="bbox 1763 5637 1993 5696">
     <span class='ocr_line' id='line_1_111' title="bbox 1763 5637 1993 5696; baseline 0 -3"><span class='ocrx_word' id='word_1_817' title='bbox 1763 5637 1993 5696; x_wconf 61' lang='grc' dir='ltr'><strong>ΝΟΤΛΕ.</strong></span> 
     </span>
    </p>
   </div>
   <div class='ocr_carea' id='block_1_112' title="bbox 328 5731 1581 5804">
    <p class='ocr_par' dir='ltr' id='par_1_112' title="bbox 328 5731 1581 5804">
     <span class='ocr_line' id='line_1_112' title="bbox 328 5731 1581 5804; baseline 0.003 -19"><span class='ocrx_word' id='word_1_818' title='bbox 328 5733 406 5801; x_wconf 75' lang='grc' dir='ltr'><strong>(ι)</strong></span> <span class='ocrx_word' id='word_1_819' title='bbox 428 5731 590 5788; x_wconf 81' lang='lat' dir='ltr'><strong>Basil.</strong></span> <span class='ocrx_word' id='word_1_820' title='bbox 621 5743 758 5789; x_wconf 81' lang='lat' dir='ltr'><strong>orat.</strong></span> <span class='ocrx_word' id='word_1_821' title='bbox 786 5733 841 5789; x_wconf 90' lang='lat' dir='ltr'><strong>in</strong></span> <span class='ocrx_word' id='word_1_822' title='bbox 872 5731 1008 5791; x_wconf 83' lang='lat' dir='ltr'><strong>illud</strong></span> <span class='ocrx_word' id='word_1_823' title='bbox 1038 5751 1052 5789; x_wconf 85' lang='lat'><strong>:</strong></span> <span class='ocrx_word' id='word_1_824' title='bbox 1082 5731 1306 5792; x_wconf 75' lang='lat' dir='ltr'><strong>Attende</strong></span> <span class='ocrx_word' id='word_1_825' title='bbox 1344 5732 1437 5788; x_wconf 85' lang='lat' dir='ltr'><strong>tibi</strong></span> <span class='ocrx_word' id='word_1_826' title='bbox 1462 5733 1581 5804; x_wconf 68' lang='lat' dir='ltr'><strong>ipsi.</strong></span> 
     </span>
    </p>
   </div>
   <div class='ocr_carea' id='block_1_113' title="bbox 2007 5727 3055 5801">
    <p class='ocr_par' dir='ltr' id='par_1_113' title="bbox 2007 5727 3055 5801">
     <span class='ocr_line' id='line_1_113' title="bbox 2007 5727 3055 5801; baseline -0.001 -18"><span class='ocrx_word' id='word_1_827' title='bbox 2007 5730 2083 5801; x_wconf 77' lang='grc'><strong>(2)</strong></span> <span class='ocrx_word' id='word_1_828' title='bbox 2106 5728 2378 5786; x_wconf 84' lang='lat' dir='ltr'><strong>Clement.</strong></span> <span class='ocrx_word' id='word_1_829' title='bbox 2411 5728 2562 5785; x_wconf 81' lang='lat' dir='ltr'><strong>Alex.</strong></span> <span class='ocrx_word' id='word_1_830' title='bbox 2589 5727 2683 5785; x_wconf 89' lang='lat' dir='ltr'><strong>lib.</strong></span> <span class='ocrx_word' id='word_1_831' title='bbox 2718 5742 2814 5783; x_wconf 86' lang='lat' dir='ltr'><strong>vm</strong></span> <span class='ocrx_word' id='word_1_832' title='bbox 2848 5727 3055 5785; x_wconf 80' lang='lat' dir='ltr'><strong>Strom.</strong></span> 
     </span>
    </p>
   </div>
  </div>
