3974 6338
387 308 488 375 531
1586 315 1644 374 S.
1686 315 2010 378 IOANNIS
2063 318 2505 379 DAMASCENI
3571 311 3677 378 532

389 439 538 480 mus.
567 418 745 476 Janua
779 434 946 490 porro
977 419 1162 476 littera
1193 431 1278 477 est
1307 439 1321 486 ;
1357 421 1634 479 thalamus
1667 440 1798 480 vero
1834 427 1978 479 intra

2108 425 2226 492 ὀὺς
2245 427 2695 496 πρεσϐυτέρους
2712 443 2830 482 σου
2861 427 2918 479 ἐν
2950 423 3176 493 γνώσει,
3199 425 3299 478 καὶ
3319 422 3536 494 ἐροῦσί
3556 439 3678 479 σοι·

389 519 614 586 ianuam
651 517 868 586 positus
889 557 904 578 ,
936 517 1296 586 pulchritudo
1327 533 1587 572 sensuum
1624 518 1730 572 sub
1762 519 1853 572 illa
1883 517 1980 573 dc-

2108 517 2225 570 Ἐἀν
2273 513 2366 571 οὖν
2399 512 2550 589 ὦμεν
2605 517 2950 590 φιλομαθεῖς,
3014 515 3253 587 ἐσόμεθα
3285 517 3381 570 καὶ
3437 515 3684 586 πολυμαο

391 610 692 674 litescens,
731 610 836 664 hoc
873 618 958 665 est
995 608 1241 679 Spiritus
1273 611 1548 666 veritatis.
1585 611 1824 666 Strenue
1855 611 1980 683 pul-

2108 613 2201 675 ἐἷς
2235 611 2335 682 (5).
2377 612 2587 666 Ἀλωτά
2615 612 2727 681 γὰρ
2761 610 3051 682 ἐπιμελείᾳ
3090 611 3182 664 καὶ
3224 609 3374 680 πόνῳ
3432 607 3685 677 γίνεσθαι

393 716 614 767 scmus,
649 701 873 770 inquam
898 741 912 765 ,
948 701 1120 756 semel
1180 702 1531 771 iterumque,
1567 717 1630 756 ac
1661 703 1868 772 saepius
1903 702 1980 758 lc-

2108 705 2335 773 τέφυκεν
2361 705 2578 759 ἅπαντα
2611 723 2623 735 ·
2657 707 2752 758 καὶ
2782 705 2888 775 πρὸ
2917 707 3157 762 πάντων,
3191 705 3285 757 καὶ
3308 701 3447 770 μετά
3480 701 3682 764 πάντα,

391 810 633 867 gamus,
685 805 852 864 atque
911 793 1015 849 hoc
1065 793 1231 848 modo
1284 793 1599 858 fodientes,
1659 793 1980 849 thesaurum

2108 799 2156 867 τῇ
2180 795 2274 850 τοῦ
2302 796 2540 861 διδόντος
2565 798 2704 852 Θεοῦ
2737 799 2947 870 χάριτι.

395 886 1152 950 scientiaeinveniemus,et
1217 885 1432 941 divitiis
1497 886 1806 940 aliluemus.
1876 885 2248 951 Qtueramus,
2339 889 2788 960 investigemus,
2849 889 3247 959 exploremus,
3310 885 3682 941 sciscitetnur-

402 981 585 1036 Omnis
612 981 751 1034 enim
771 980 860 1050 qui
900 981 1047 1048 petit.
1073 979 1294 1048 accipit,
1323 990 1372 1033 et
1393 979 1482 1048 qui
1515 979 1727 1047 qutvrit,
1752 979 1946 1032 invenit
1966 997 1984 1034 :
2026 988 2075 1034 et
2104 980 2342 1049 pulsanti
2371 983 2638 1051 aperietur
2685 983 2728 1036 ⁸.
2756 983 3006 1052 Itemque
3033 999 3047 1036 :
3121 978 3407 1050 Interroga
3473 986 3684 1047 patrem

393 1083 586 1138 tuum,
615 1082 665 1126 et
695 1072 1035 1126 annuntiabit
1064 1073 1200 1137 tibi;
1233 1080 1283 1125 et
1311 1071 1538 1140 majores
1573 1080 1689 1125 tuos
1719 1071 1987 1136 scientia,
2058 1084 2106 1126 et
2188 1073 2362 1128 dicent
2401 1076 2495 1129 tibi
2529 1076 2572 1131 ⁸.
2637 1074 2993 1146 Quapropter
3043 1073 3092 1130 si
3147 1072 3400 1128 discendi
3448 1071 3681 1126 studiosi

398 1166 613 1228 simus,
651 1163 944 1233 multiplici
977 1177 1198 1232 quoque
1247 1162 1543 1231 disciplina
1591 1161 1847 1216 instructi
1883 1163 2115 1219 erimus.
2152 1164 2358 1220 Cuncta
2391 1167 2598 1238 quippe
2625 1167 2879 1238 diligenti
2914 1165 3102 1223 studio
3159 1174 3214 1234 et
3276 1165 3466 1222 labore
3530 1179 3688 1220 com-

402 1260 585 1331 parari
627 1268 756 1314 nata
796 1265 962 1323 sunt,
995 1257 1050 1310 in
1091 1257 1288 1326 primis
1317 1270 1484 1322 vero,
1518 1264 1572 1310 et
1609 1263 1732 1328 post
1765 1257 1951 1310 omnia
1977 1296 1991 1320 ,
2035 1257 2329 1328 largientis
2361 1259 2454 1314 Dei
2489 1262 2692 1332 gratia.

469 1351 644 1406 Porro
666 1389 681 1412 ,
709 1349 1161 1421 quandoquidem
1192 1347 1492 1417 Apostolus
1528 1356 1734 1411 monet,
1789 1359 1846 1402 ut
1879 1366 1992 1403 out-

2169 1352 2392 1425 Ἐπειδὴ
2429 1354 2486 1407 δὲ
2517 1357 2682 1425 φησὶν
2715 1356 2746 1409 ὁ
2775 1355 2918 1422 θεῖος
2957 1356 3283 1421 Ἀπόστολος
3303 1371 3318 1384 '
3351 1355 3551 1409 πάντα
3583 1353 3686 1408 δο-

403 1447 492 1500 ιιὶα
528 1444 815 1514 probantes
837 1483 852 1508 ,
881 1442 1022 1513 quod
1055 1447 1248 1496 bonum
1305 1450 1382 1498 est
1432 1450 1702 1513 teneamus
1734 1442 1778 1504 ⁷,
1813 1443 1992 1512 genti-

2108 1441 2456 1512 ιιμάζοντες,
2494 1447 2558 1500 τὸ
2589 1449 2782 1502 καλὸν
2827 1447 3132 1518 κατέχετε,
3168 1449 3555 1520 ὲρευνὴσωμεν
3588 1447 3688 1500 καὶ

401 1541 538 1592 lium
595 1551 818 1606 quoque
861 1537 1178 1606 sapientum
1233 1533 1406 1590 libros
1454 1533 1615 1603 iuvat
1673 1534 1989 1590 consulere.

2108 1535 2196 1588 ῖῶν
2240 1535 2346 1602 ἔξω
2373 1538 2554 1606 σοφῶν
2607 1541 2733 1604 τοὺς
2792 1541 3006 1610 λόγους.
3038 1541 3198 1606 Ἴσως
3227 1558 3280 1594 τι
3304 1539 3400 1594 καὶ
3433 1540 3564 1609 παρ’
3585 1539 3689 1592 at}-

401 1631 681 1685 Fortassis
712 1629 860 1683 enim
905 1627 1054 1698 apud
1102 1626 1228 1682 illos
1259 1627 1425 1682 etiam
1478 1626 1748 1680 mercium
1782 1625 1993 1697 aliquid

2108 1629 2206 1691 τοῖς
2252 1629 2358 1683 τῶν
2398 1631 2702 1703 ἀγωγίμων
2766 1635 3098 1706 εὑρήσομεν,
3141 1633 3236 1688 καί
3265 1652 3318 1688 τι
3359 1627 3690 1703 ψυχωφελὲς

401 1721 817 1784 nanciscemur,
843 1727 898 1775 et
928 1718 1186 1774 nonnihil
1218 1716 1368 1790 quod
1397 1717 1594 1776 anima:
1621 1719 1759 1774 utile
1791 1718 1896 1781 sit,
1929 1733 1996 1772 ex

2108 1719 2530 1790 ιαρπωσόμεθα.
2581 1723 2696 1786 Πᾶς
2730 1723 2841 1794 γάρ
2871 1724 3124 1797 τεχνίτης
3168 1724 3343 1777 δεῖται
3380 1722 3472 1776 καί
3514 1739 3684 1775 τινων

403 1814 544 1884 ipsis
574 1812 962 1883 decerpemus.
1007 1809 1204 1866 Omnis
1247 1809 1522 1880 siquidem
1567 1808 1766 1866 artifex
1798 1809 1996 1880 aliqui-

2108 1811 2236 1882 πρὸς
2276 1813 2376 1885 τὴν
2401 1815 2508 1870 τῶν
2555 1816 3011 1890 ἀποτελουμένων
3068 1817 3440 1888 κατασκευήν.
3475 1814 3688 1886 Πρέπει

404 1906 508 1960 bus
540 1903 940 1959 instrumentis
972 1902 1220 1972 indiget,
1255 1902 1460 1970 quibus
1489 1916 1656 1972 opera
1690 1916 1790 1956 sua
1819 1902 1992 1956 conii-

403 1998 515 2053 ciat
540 2014 556 2051 :
591 1997 686 2052 sed
716 2004 770 2050 et
800 2003 1240 2050 consentaneum
1269 2003 1354 2052 est
1373 2035 1387 2060 ,
1415 2000 1476 2048 ut
1503 1995 1718 2050 ancilla:
1744 1994 1992 2064 quaedam

405 2089 614 2162 regina:
643 2088 918 2146 serviant.
966 2085 1120 2142 Hanc
1165 2087 1334 2157 igitur
1367 2102 1654 2142 assumere
1680 2086 1991 2140 doctrinam

405 2197 517 2238 non
552 2181 774 2252 pigeat,
825 2195 950 2252 quae
991 2179 1209 2235 veritati
1248 2178 1566 2244 famuletur,
1613 2195 1722 2248 quo
1756 2178 1984 2248 propul-

407 2289 594 2334 semus
621 2273 956 2342 impietatem
979 2312 996 2338 ,
1028 2288 1150 2343 qua:
1192 2272 1540 2344 tyrannidem
1578 2272 1708 2326 olim
1744 2288 1900 2327 suam
1939 2271 1993 2325 in

406 2377 527 2416 eam
558 2361 833 2422 exercuit.
863 2361 1025 2416 Absit
1054 2378 1184 2426 vero
1227 2369 1283 2415 ut
1313 2377 1410 2424 eo,
1443 2361 1588 2432 quod
1631 2360 1839 2432 bonum
1874 2370 1992 2428 est,

409 2457 550 2511 male
585 2466 832 2520 utamur,
864 2471 928 2510 ac
960 2456 1275 2511 disserendi
1309 2463 1488 2509 artem
1523 2455 1589 2522 ad
1624 2455 1994 2525 simpliciores

407 2547 766 2621 decipiendos
803 2555 1131 2603 tractemus.
1167 2545 1429 2613 Quinimo
1452 2589 1468 2611 ,
1503 2547 1757 2616 quamvis
1791 2547 1994 2602 veritas

413 2638 581 2693 variis
611 2638 1154 2708 argumentationum
1183 2637 1536 2707 captionibus
1561 2653 1670 2691 non
1703 2646 1893 2707 egeat,
1929 2638 1995 2692 iis

412 2734 598 2796 tamen
655 2729 924 2784 adversus
981 2729 1110 2784 illos
1139 2729 1232 2798 qui
1265 2729 1468 2785 bellum
1513 2729 1823 2799 improbum
1867 2733 2051 2801 cient,

414 2819 730 2878 abutamur.

488 2911 633 2978 Quid
667 2911 966 2968 studiorum
996 2912 1122 2981 ﬁnis
1155 2927 1268 2976 esse
1301 2910 1506 2972 debeat.
1532 2944 1573 2952 -
1627 2911 1997 2980 Quamobrem

415 3003 484 3059 ab
516 3002 634 3064 his,
660 3003 803 3058 velut
830 3003 900 3058 ab
924 3002 1246 3065 elementis,
1272 3012 1328 3058 et
1356 3019 1480 3073 qua:
1507 3004 1704 3061 idonea
1737 3017 1864 3062 sunt
1900 3007 1998 3074 iis,

2093 1903 2151 1957 δὲ
2181 1906 2276 1959 καὶ
2307 1910 2373 1984 τῇ
2401 1907 2634 1978 βασιλίδι
2685 1911 2882 1984 ἄϐραις
2912 1913 3055 1966 τισὶν
3103 1910 3521 1983 ὑπηρετεῖσθαι.
3571 1908 3688 1961 Aci-

2093 1995 2277 2067 ϐωμεν
2299 2001 2478 2055 τοίνυν
2509 2005 2638 2068 τοὺς
2665 2005 2888 2076 δούλους
2920 2007 3020 2077 τῆς
3044 2005 3306 2075 ἀληθείας
3336 2002 3553 2070 λόγους,
3587 2000 3687 2052 καὶ

2093 2086 2189 2158 τὴν
2225 2090 2412 2153 κακῶς
2438 2091 2619 2146 αὐτῶν
2670 2095 3090 2166 τυραννήσασαν
3134 2093 3395 2146 ἀσέϐειαν
3445 2087 3686 2144 ἀπωσιῦ-

2095 2179 2236 2250 μεθα
2261 2197 2273 2211 ·
2303 2183 2399 2236 καὶ
2427 2184 2502 2256 μὴ
2533 2185 2614 2256 τῷ
2644 2186 2796 2258 καλῷ
2825 2186 3014 2250 κακῶς
3037 2183 3374 2258 χρησώμεθα
3406 2201 3421 2215 ·
3450 2181 3526 2254 μὴ
3551 2180 3689 2253 πρὸς

2092 2273 2373 2347 ὲξαπάτην
2399 2277 2509 2332 τῶν
2540 2280 2928 2352 ἁπλουστέρων
2961 2280 3058 2352 τὴν
3104 2280 3304 2350 τέχνην
3340 2277 3450 2330 τῶν
3507 2276 3687 2342 λόγων

2095 2371 2618 2443 μεταχειρισόψεθα
2649 2391 2662 2404 ο
2697 2373 2834 2427 ἀλλὰ
2863 2375 2912 2442 εἰ
2963 2373 3059 2428 καὶ
3087 2372 3163 2444 μὴ
3192 2371 3365 2425 δεῖται
3422 2365 3686 2422 ποικίλων

2095 2462 2447 2528 σοφισμάτων
2470 2465 2502 2534 ὴ
2531 2465 2781 2536 ἀλήθεια,
2816 2467 2953 2537 πρός
2979 2483 3042 2534 γε
3072 2463 3171 2536 τὴν
3193 2463 3300 2516 τῶν
3322 2461 3685 2532 κακομάχωνο

2093 2553 2188 2604 καὶ
2230 2553 2334 2625 τῆς
2383 2556 2742 2629 ψευδωνύμου
2797 2558 3054 2627 γνώσεως
3102 2555 3418 2628 ἀνατροπὴν
3475 2553 3686 2616 τούτοις

2093 2645 2310 2717 ἀποχρη
2319 2647 2564 2719 σώμεθα.

2093 2751 2309 2796 necnon
2377 2743 2445 2797 ad
2495 2746 2842 2803 eversionem
2928 2743 3056 2800 falsi
3106 2741 3346 2798 nominis
3396 2740 3687 2806 scientia,

2199 2924 2292 2980 Ἐκ
2326 2927 2535 2982 τούτων
2594 2929 2772 2982 τοίνυν
2805 2927 2904 3000 τὴν
2951 2926 3126 2998 ἀρχὴν
3187 2923 3564 2996 ποιησώμεθα,
3609 2921 3692 2984 ὡς

2108 3019 2412 3088 στοιχείων,
2437 3021 2534 3074 καὶ
2559 3023 2669 3085 τοῖς
2699 3021 2779 3074 ἔτι
2811 3021 3089 3091 δεομένοις
3112 3018 3386 3088 γάλακτος
3417 3015 3692 3088 ἁρμοζόν-

416 3093 511 3166 qui
546 3094 688 3156 lacte
732 3093 915 3160 adhuc
959 3109 1101 3174 opus
1149 3095 1394 3162 habent,
1439 3095 1660 3172 dicendi
1707 3099 1995 3152 exordium

2108 3125 2234 3172 των,
2293 3112 2566 3180 Χριστὸν,
2603 3114 2694 3166 τὸν
2743 3113 2835 3168 τοῦ
2875 3113 3011 3168 Θεοῦ
3063 3112 3426 3167 ὲνυπόστατον
3489 3109 3686 3176 Λόγον,

419 3201 744 3250 sumamus,
794 3185 1086 3256 implorata
1137 3201 1240 3258 Ope
1273 3195 1328 3242 et
1371 3189 1581 3244 auxilio
1624 3185 1867 3253 Christi,
1903 3191 1995 3257 qui

419 3275 515 3332 Dei
564 3277 880 3338 subsistens
925 3276 1164 3348 Verbum
1217 3293 1334 3340 est,
1388 3298 1422 3334 a
1465 3298 1567 3352 quo
1617 3297 1766 3335 omne
1814 3279 1998 3334 datum

419 3368 673 3437 optimum
693 3379 742 3422 et
765 3385 916 3426 onme
938 3369 1132 3434 donum
1158 3370 1445 3439 perfectum
1467 3372 1817 3428 conceditur.
1846 3371 2001 3426 Hunc

421 3469 603 3516 autem
633 3460 792 3516 linem
823 3461 928 3524 sibi
963 3463 1310 3530 praestituant
1330 3505 1344 3529 ,
1373 3467 1465 3539 qui
1502 3465 1616 3520 haec
1651 3464 1913 3536 legerint,
1945 3472 2002 3517 ut

420 3559 660 3608 mentem
696 3566 854 3606 suam
890 3551 957 3606 ad
997 3553 1211 3607 beatam
1241 3553 1409 3609 vitam
1453 3563 1730 3624 tanquam
1763 3555 1828 3608 ad
1881 3570 2002 3624 por-

423 3651 536 3694 tum
574 3640 909 3710 applicent;
960 3640 1064 3695 hoc
1112 3648 1231 3707 est,
1286 3651 1352 3696 ut
1397 3660 1662 3698 sensuum
1717 3659 1883 3712 Opera
1934 3643 2002 3697 ad

421 3747 546 3784 eum
570 3769 584 3795 ,
612 3731 708 3802 qui
739 3746 902 3794 sensu
930 3740 983 3788 et
1008 3735 1506 3804 comprehensione
1536 3737 1684 3790 omni
1717 3737 2005 3806 sublimior

418 3833 542 3892 est,
573 3822 958 3892 subvehantur
988 3839 1003 3890 ;
1038 3823 1105 3878 ad
1139 3841 1324 3880 rerum
1365 3826 1556 3898 utique
1596 3829 1842 3882 omnium
1873 3845 2006 3886 cau-

423 3929 540 3968 sam
577 3921 637 3968 et.
678 3913 954 3983 opiﬁcem.
1005 3913 1142 3976 Nam
1189 3934 1255 3972 ea:
1301 3919 1694 3986 pulchritudine
1745 3931 2005 3978 creatum

423 4019 543 4056 cum
574 4005 919 4072 proportione
949 4016 1162 4060 creator
1189 4009 1511 4080 perspicitur
1540 4009 1582 4063 ⁸.
1625 4009 1726 4077 Et,
1759 4011 2004 4068 invisibi-

425 4094 499 4148 lia
535 4093 630 4150 Uei
654 4111 746 4164 per
783 4113 846 4152 ea
875 4114 993 4169 qute
1025 4098 1175 4168 facta
1210 4111 1333 4156 sunt
1370 4102 1642 4158 intellecta
1676 4107 2008 4174 conspiciun-

423 4197 510 4239 tur
538 4187 581 4241 ’.
619 4187 895 4255 Quocirca
943 4189 990 4244 si
1033 4191 1218 4245 animo
1251 4193 1320 4247 ab
1351 4193 1532 4252 inanis
1563 4195 1750 4270 gloria:
1789 4199 2004 4267 cupidi-

423 4284 534 4332 tate
580 4278 754 4333 libero
800 4289 854 4334 et
903 4279 1098 4340 humili
1136 4281 1424 4342 scientiam
1453 4297 1812 4354 appetatnus,
1852 4298 2004 4344 voto-

421 4385 546 4424 rum
598 4371 760 4439 plane
813 4383 1094 4442 compotes
1146 4374 1483 4430 eiliciemur:
1532 4376 1658 4434 Non
1701 4380 1878 4444 enim,
1927 4383 2004 4436 ait

2101 3201 2320 3270 ἀγωγὸν
2389 3207 2860 3276 ἐπικεκλημένοι,
2927 3209 3066 3276 παρ’
3127 3201 3200 3262 οὗ
3266 3204 3439 3260 πᾶσα
3505 3203 3684 3268 δόσις

2101 3293 2316 3362 ἀγαθὴ,
2344 3297 2440 3350 καί
2473 3296 2590 3352 πᾶν
2617 3298 2862 3368 δώρημα
2898 3299 3130 3353 δίδοται
3187 3297 3444 3352 τέλειον.
3483 3297 3685 3348 Ἔσται

2102 3383 2160 3436 δὲ
2189 3384 2390 3450 σκοπὸς
2415 3389 2527 3450 τοῖς
2557 3389 2946 3459 ἐντυγχάνουσι
2983 3389 3117 3460 πρὸς
3143 3389 3205 3442 τὸ
3235 3387 3504 3458 μακάριον
3533 3387 3691 3448 τέλος

2105 3474 2538 3548 καθορμισθῆναι
2578 3477 2669 3533 τὸν
2722 3479 2868 3533 νοῦν.
2919 3478 3091 3532 Τοῦτο
3111 3477 3169 3531 δέ
3197 3479 3316 3530 ἐστι
3343 3475 3406 3529 τὸ
3429 3475 3517 3529 διὰ
3573 3475 3691 3528 τῶν

2105 3568 2411 3641 αἰσθήσεων
2439 3569 2738 3640 ἀναχθῆναι
2766 3570 2903 3642 πρὸς
2928 3570 3027 3642 τὴν
3050 3580 3070 3607 τ
3105 3569 3248 3641 ὑπὲρ
3275 3571 3457 3624 πᾶσαν
3500 3567 3693 3638 αἴσθη-

2109 3679 2194 3717 σιν
2243 3665 2337 3717 καὶ
2360 3662 2668 3734 κατάληψιν
2692 3681 2706 3697 ·
2741 3664 2800 3728 ὃς
2843 3665 2994 3718 ἐστιν
3028 3665 3057 3717 ό
3085 3663 3193 3716 τῶν
3227 3663 3445 3716 πάντων
3490 3662 3690 3727 αἴτιος,

2107 3757 2202 3810 καὶ
2265 3757 2517 3829 ποιητὴς,
2550 3760 2648 3812 καὶ
2689 3757 3042 3830 δημιουργός.
3085 3757 3180 3814 Ἐκ
3211 3754 3322 3828 γὰρ
3378 3752 3694 3820 καλλονῆς

2106 3849 2344 3914 οικείων
2399 3850 2742 3920 κτισμάτων
2807 3851 3121 3920 ἀναλόγως
3175 3852 3210 3904 ό
3268 3849 3693 3919 τενεσιουργὸς

2105 3940 2554 4006 κατοπτεύεται,
2579 3941 2688 4000 Καὶ
2712 3938 2785 3996 τὰ
2808 3938 3030 4010 ἀόρατα
3045 3937 3258 4004 αὐτοῦ,
3284 3936 3404 4004 ἀπὸ
3432 3935 3693 3999 κτίσεως

2107 4030 2343 4100 κόσμου
2409 4030 2536 4098 τοῖς
2591 4032 2890 4101 ποιήμασι
2948 4031 3248 4100 νοούμενα
3268 4070 3284 4096 ,
3341 4025 3689 4096 καθορᾶται.

2119 4121 2446 4194 Ἀκενοδόξῳ
2475 4123 2655 4177 τοίνυν
2677 4123 2772 4178 καὶ
2793 4122 3037 4194 ταπεινῷ
3066 4123 3379 4195 φρονήματι
3405 4121 3504 4191 τῆς
3549 4121 3694 4188 γνὼ-

2107 4233 2244 4279 σεως
2273 4217 2548 4288 ἐφιέμενοι
2571 4217 2667 4271 τοῦ
2690 4216 3027 4288 ποθουμένου
3074 4215 3396 4286 τευξόμεθα.
3437 4215 3519 4268 Οὐ
3575 4212 3692 4283 γὰρ

2105 4304 2372 4360 δύνασθε
2399 4307 2711 4360 πιστεύειν
2735 4307 2824 4373 είς
2848 4306 2974 4376 ἐμὲ,
3002 4306 3106 4377 ἔφη
3127 4305 3411 4378 Χριστὸςή
3434 4303 3689 4372 ἀλήθεια,

2105 4394 2296 4458 δόξαν
2324 4398 2483 4465 παρὰ
2507 4397 2832 4466 ἀνθρώπων
2855 4398 3285 4468 λαμϐάνοντες.
3334 4398 3464 4460 Καὶ,
3495 4395 3622 4461 Πᾶς
3656 4399 3692 4450 d

422 4458 681 4512 Christus
717 4459 959 4526 veritas.
989 4465 1208 4530 potestis
1240 4466 1291 4517 in
1324 4482 1404 4520 me
1433 4467 1676 4533 credere,
1723 4485 1842 4523 cum
1886 4471 2001 4541 glo-

2108 4485 2286 4555 ὑψῶν
2341 4489 2583 4556 ἑαυτὸν,
2645 4491 3180 4558 ταπεινωθήσεται,
3212 4495 3246 4546 ό
3284 4491 3354 4544 δὲ
3387 4489 3687 4544 ταπεινῶν

425 4547 562 4600 riam
594 4548 659 4602 ab
687 4549 989 4612 Imaginibus
1018 4555 1296 4624 accipiatis
1324 4558 1388 4614 ¹⁰.
1415 4560 1494 4614 Ac
1519 4575 1744 4618 rursum
1769 4581 1784 4618 :
1819 4563 2006 4622 Omnis

422 4641 512 4783 qut:
539 4657 592 4696 se
617 4643 819 4697 exultat
840 4685 854 4711 ,
884 4645 1276 4718 ltumitiabitur,
1299 4654 1452 4724 etqui
1480 4670 1536 4710 se
1560 4655 1842 4724 humiliat,
1859 4660 2008 4714 exal-

422 4739 479 4783 la
516 4732 622 4783 itur
655 4735 718 4783 ¹¹.

422 4732 622 4785 labitur
655 4735 718 4787 ¹¹.

1046 4829 1276 4896 CAPUT
1313 4832 1381 4888 ll.

793 4920 1054 4990 Quisnam
1086 4923 1242 4992 hujus
1274 4925 1444 4992 operis
1476 4926 1623 4996 linis.

493 5005 636 5065 Fons
676 5025 937 5068 solum:
966 5055 982 5080 ,
1023 5013 1217 5086 triplex
1251 5032 1402 5086 opus.
1439 5048 1508 5057 —
1542 5020 2003 5093 Quandoquidem

2104 4577 2344 4646 ἑαυτὸν,
2385 4582 2798 4650 ὑψωθήσεται.

2739 4847 2988 4900 ΚΕΦΔΛ.
3010 4844 3084 4901 Β’.

2331 5009 2334 5012 γ
2639 4939 2734 5003 Τίς
2764 4941 2796 4991 ό
2819 4937 3051 5003 σκοπός
3080 4948 3124 4984 ⁵.

2196 5027 2416 5102 Ἐπειδὴ
2463 5033 2572 5094 πᾶς
2620 5031 2874 5094 ἀσκόπως
2941 5030 3303 5100 ἐναρχόμενος
3362 5027 3686 5098 πράγματος

494 5149 733 5240 “'Matth.
766 5153 948 5240 vit-38.
1066 5152 1088 5182 ⁸
1121 5152 1280 5209 Deut.
1321 5171 1494 5222 χχχιι,
1531 5156 1583 5211 7.
1686 5157 1742 5211 ⁷1
1781 5156 1977 5213 Thess.

2108 5169 2173 5220 tl.
2275 5169 2297 5200 ⁸
2327 5166 2455 5240 Sap.
2495 5185 2616 5238 χιιι,
2641 5173 2691 5226 3.
2795 5173 2815 5202 ’
2853 5167 3014 5227 Rom.
3045 5187 3086 5236 ι,
3113 5169 3206 5225 20.
3237 5168 3280 5200 ’θ
3309 5165 3468 5221 Joan.
3498 5179 3551 5227 ν,
3589 5159 3684 5214 Η.
3723 5129 3730 5150 Ι

1698 5294 1935 5353 VARI/13
1977 5296 2384 5358 LECTIONES.

502 5392 526 5420 '
548 5381 710 5468 {108‘}.
741 5387 876 5460 πρὸς
902 5386 1209 5468 τρνςκρειιηι
1242 5391 1486 5468 scilicet,
1514 5390 1730 5446 tametsi
1771 5407 1960 5447 omnes
1993 5409 2127 5468 mss.
2166 5395 2324 5449 codd.
2354 5395 2594 5468 habeant
2631 5397 2768 5466 πρὸς
2800 5399 2920 5468 τήν.
2999 5409 3020 5437 ε
3051 5395 3106 5450 ln
3148 5403 3338 5450 nostro
3387 5393 3511 5448 rod.
3547 5389 3686 5468 legi:

425 5463 522 5536 ίυιζ
541 5457 682 5521 Περὶ
719 5457 976 5536 (ξ’)ὶρποῦ.
1018 5457 1109 5536 Sic
1135 5464 1317 5536 etiam
1341 5461 1692 5517 Basileenses
1721 5471 2026 5526 verterunt,
2082 5465 2157 5518 De
2192 5481 2366 5531 scopo.
2417 5466 2472 5520 In
2517 5457 2762 5523 αλιι-ι’
2788 5457 2972 5524 nullus
2999 5467 3193 5522 titulus
3232 5467 3543 5536 inspicitur,
3581 5457 3684 5518 scd

433 5219 478 5254 ⁸¹
519 5219 652 5275 Luc.
691 5239 798 5289 MV,
829 5224 911 5279 Η.

421 5523 610 5580 eadem
648 5530 786 5580 serie
821 5528 933 5583 haec
954 5533 1138 5586 omnia
1175 5533 1586 5588 continuantur.

1937 5640 2169 5696 ΝΟΤίΕ.

498 5725 580 5798 t3)
614 5725 783 5782 lsocr.
815 5729 878 5783 ad
913 5729 1292 5790 Demonicum.
