3974 6338
284 476 369 537 ὡς
398 474 457 525 έν
492 473 678 528 σκότει
698 473 1086 546 διαπορεύεται
1108 494 1121 506 ν
1162 478 1190 531 6
1222 478 1329 549 γὰρ
1357 481 1614 547 ἀσκόπως
1638 486 1868 549 κοπιῶν,

283 563 598 630 καθολικῶς
632 565 935 635 πτωχεύει·
967 566 1100 638 φέρε
1128 568 1219 621 τὸν
1282 575 1642 644 προκείμενον
1670 577 1762 630 τοῦ
1795 578 1882 631 λόο

283 670 391 723 γου
423 657 627 711 σκοπὸν
656 658 923 729 πρότερον
969 659 1214 731 εἴπωμεν
1244 703 1258 727 ,
1299 663 1375 728 ὼς
1404 665 1471 720 ἂν
1505 665 1752 740 εύληπτα
1791 671 1879 742 εἴη

281 748 359 801 τὰ
381 747 674 820 λεγόμενα.
704 752 917 817 Σκοπὸς
968 753 1150 808 τοίνυν
1198 759 1333 827 ἡμῖν
1376 761 1493 814 ἐστι
1558 762 1879 833 φιλοσοφίας

284 840 663 912 ἀπάρξασθαι.
694 842 788 898 καὶ
819 845 1173 918 παντοδαπὴν
1207 849 1429 918 γνῶσιν,
1464 853 1562 925 ὅση
1621 856 1874 927 δύναμις,

285 937 749 1006 συντετμημένως
779 940 845 1009 τῇ
880 938 1131 1012 παρούσῃ
1161 943 1650 1016 ὲνυπογράψασθαι
1681 949 1872 1022 δέλτῳ.

282 1022 380 1079 Διὸ
404 1028 595 1082 ΠΗΓΗ
621 1029 929 1083 ΓΝΩΣΕΩΣ
968 1032 1344 1103 ὀνομαζέσθω.
1391 1038 1531 1110 Ἐρῶ
1585 1042 1877 1114 τοιγαροῦν

282 1117 421 1189 ἐμὸν
449 1119 620 1172 οὐδέν’
654 1120 723 1174 τὰ
752 1122 811 1174 δὲ
844 1124 1123 1195 σποράδην
1150 1125 1317 1191 θείοις
1342 1146 1403 1182 τε
1442 1131 1534 1185 καὶ
1566 1136 1750 1202 σοφοῖς
1778 1136 1875 1189 ἁν-

279 1209 448 1280 δράσι
505 1210 830 1283 λελεγμένα,
886 1216 1191 1289 συλλήϐδην
1236 1219 1566 1292 ἐκθήσομαι.
1612 1227 1873 1297 Ἀμεινον

279 1297 378 1356 οὖν
436 1304 700 1376 πρότερον
757 1308 963 1376 γνῶναι
1032 1311 1378 1385 αὐτόχρημα,
1430 1316 1483 1369 τί
1540 1319 1657 1372 ἐστι
1718 1319 1871 1390 φιλο-

283 1396 478 1465 σοφία.

892 1672 1146 1727 ΚΕΦΑΛ.
1183 1676 1257 1729 Γ’.

800 1762 941 1828 Περὶ
966 1766 1355 1835 φιλοσοφίας.

351 1848 646 1917 Φιλοσοφία
701 1850 821 1904 ἐστὶ
882 1854 1084 1920 γνῶσις
1125 1858 1233 1912 τῶν
1254 1859 1421 1915 ὄντων
1554 1865 1684 1920 ὄντα
1712 1870 1862 1923 ὲστί·

275 1937 551 2005 τουτέστι,
583 1940 787 2009 γνῶσις
814 1946 911 2015 τῆς
932 1944 1041 2000 τῶν
1062 1946 1231 2001 ὄντων
1257 1949 1492 2018 φύσεως.
1520 1956 1631 2010 Καὶ
1665 1959 1828 2013 πάλιν
1847 1977 1862 1992 ο

275 2030 573 2099 ⁴ιηλοσοφία
621 2033 739 2086 ἐστὶ
784 2035 989 2102 γνῶσις
1042 2037 1204 2093 θείων
1263 2059 1324 2095 τε
1377 2044 1471 2098 καὶ
1506 2046 1863 2119 ἀνθρωπίνων

274 2125 663 2194 πραγμάτων·
714 2127 992 2182 τουτέστιν
1040 2132 1255 2201 ὁρατῶν
1304 2153 1385 2202 τε,
1451 2138 1543 2192 καὶ
1590 2140 1860 2213 ἀοράτων.

271 2216 574 2287 Φιλοσοφία
594 2218 755 2273 πάλιν
806 2221 921 2274 ἐστὶ
964 2223 1163 2296 μελέτη
1194 2224 1451 2295 θανάτου,
1473 2230 1568 2285 τοῦ
1600 2250 1861 2309 προαιρε-

270 2306 453 2374 τικοῦ,
506 2309 600 2361 καὶ
645 2309 755 2385 τοῦ
792 2312 1023 2378 φυσικοῦ
1056 2313 1156 2384 (4).
1208 2317 1370 2390 Διττὴ
1414 2320 1521 2393 γὰρ
1562 2320 1700 2395 ζωὴ,
1727 2306 1861 2397 ἧντε

273 2397 509 2467 φυσικὴ.
546 2396 667 2450 καθ’
696 2398 761 2468 ἢν
796 2399 978 2470 ζῶμεν
1000 2419 1013 2433 ·
1042 2403 1137 2457 καὶ
1168 2405 1201 2475 ἡ
1240 2411 1627 2484 προαιρετική,
1653 2396 1775 2468 καθ’
1792 2416 1860 2488 ἢν

271 2486 608 2555 προσπαθῶς
636 2488 731 2559 τῆς
768 2490 1047 2561 παρούσης
1080 2492 1224 2563 ζωῆς
1269 2498 1626 2571 ἀντεχόμεθα.
1676 2486 1861 2572 Διττδς

272 2577 416 2631 καὶὸ
445 2578 697 2644 θάνατος,
733 2582 761 2633 ὅ
788 2599 847 2635 τε
889 2586 1142 2653 φυσικὸς,
1169 2587 1228 2651 ὃς
1259 2590 1670 2665 ἐστιχωρισμδς
1685 2597 1861 2669 ψυχῆς

269 2668 384 2720 ἀπὸ
435 2669 720 2740 σώματος·
770 2674 865 2727 καὶ
925 2677 954 2727 ὁ
1011 2680 1415 2750 προαιρετικὸς,
1476 2684 1598 2738 καθ’
1652 2687 1710 2742 ὃν
1760 2668 1861 2760 τῆς

272 2760 563 2831 παρούσης
597 2763 742 2833 ζωῆς
801 2769 1292 2839 καταφρονοῦντες,
1331 2774 1468 2845 πρὸς
1506 2776 1605 2846 τὴν
1635 2779 1860 2848 μέλλου-

273 2866 376 2903 σαν
410 2854 763 2923 ἐπειγόμεθα.
800 2856 1089 2926 Φιλοσοφία
1120 2855 1279 2925 αὖθίς
1305 2862 1454 2916 ἐστιν
1481 2867 1799 2935 ὁμοιοῦσθαι
1838 2875 1855 2908 τ

269 2942 827 3014 ΘεῷηὈμοιούμεθα
875 2948 932 3000 δὲ
970 2948 1089 3019 Θεῷ
1130 2950 1269 3005 κατὰ
1299 2953 1359 3005 τὸ
1394 2955 1577 3023 σοφὸν,
1613 2958 1733 3027 ῆτοι
1761 2960 1859 3032 τὴν

272 3034 484 3102 ἀγαθοῦ
514 3035 717 3103 γνῶσιν
766 3039 939 3111 ἀληθῆ
968 3058 981 3071 ·
1016 3040 1110 3095 καὶ
1155 3044 1297 3098 κατὰ
1336 3045 1396 3099 τὸ
1423 3047 1650 3114 δικαίον,
1680 3050 1708 3104 ὅ
1744 3052 1859 3106 ἐστι

1708 371 2176 437 DIALECTICA.

3464 410 3568 474 534

1901 488 1949 542 Α
1974 487 2292 589 quicunque
2320 496 2470 589 nullo
2499 500 2605 556 sibi
2640 508 2952 573 praestituto
3005 510 3110 568 line
3168 528 3283 570 rem
3326 518 3565 589 aliquam

1985 584 2324 653 aggreditur,
2361 588 2408 644 is
2441 593 2589 648 velut
2617 595 2671 650 in
2705 599 2949 658 tenebris
2975 606 3270 674 graditur:
3324 584 3453 681 quia
3507 613 3565 669 in

1982 682 2229 731 extrema
2264 683 2491 748 penuria
2523 685 2613 740 ille
2649 697 2766 756 cst,
2796 692 2889 760 qui
2926 695 3131 751 nullam
3165 698 3415 755 laborum
3448 718 3563 758 mc-

1982 770 2091 820 tam
2126 776 2359 837 spectat,
2391 788 2525 844 age,
2562 779 2689 846 quis
2731 778 2926 836 harum
2962 785 3405 845 lucubrationum
3437 793 3563 849 ﬁnis

1980 858 2085 924 sit,
2113 867 2239 917 ante
2270 861 2618 924 declaremus
2639 910 2652 931 ,
2684 887 2794 942 quo
2820 873 2981 930 facile
3006 880 3403 949 percipiantur,
3437 900 3561 953 qua:

1979 953 2214 1010 subinde
2238 957 2506 1016 dicemus.
2537 960 2713 1019 Nobis
2732 964 2788 1036 9
2810 965 2993 1037 itaque
3018 972 3360 1040 propositum
3383 984 3469 1031 est
3492 978 3561 1033 de

1978 1046 2335 1119 philosophia
2373 1059 2652 1120 tractare,
2690 1065 2856 1128 atque
2893 1062 3075 1117 omnis
3118 1065 3338 1134 generis
3378 1069 3560 1124 scicn-

1976 1138 2143 1208 tiam,
2176 1151 2444 1212 quantum
2490 1146 2713 1214 licebit,
2763 1150 2867 1207 hoc
2908 1152 3188 1208 volumine
3219 1158 3508 1226 complecti
3538 1178 3553 1226 ;

1975 1230 2120 1301 quod
2184 1235 2394 1292 idcirco
2462 1236 2806 1295 SCIENTIAE
2861 1242 3045 1298 FONS
3091 1244 3217 1315 jure
3271 1247 3344 1300 sit
3372 1249 3557 1317 appel-

1973 1325 2222 1382 landum.
2271 1329 2538 1395 Quocirca
2583 1333 2718 1387 nihil
2763 1350 2793 1388 a
2836 1336 3048 1406 mcipso
3088 1338 3392 1407 proferam,
3455 1338 3552 1395 sed

1972 1431 2035 1473 ea
2067 1434 2191 1489 (pta:
2218 1435 2245 1473 a
2284 1422 2416 1478 viris
2449 1425 2662 1481 sanctis
2710 1428 3054 1499 eruditisque
3111 1430 3261 1485 dicta
3298 1440 3462 1494 sunt,
3494 1431 3549 1486 in

1974 1526 2142 1565 unum
2188 1522 2453 1581 congesta
2482 1532 2779 1586 exponam.
2814 1518 2985 1591 igitur
3015 1529 3142 1577 ante
3168 1523 3354 1577 omnia
3384 1538 3549 1580 nosse

1972 1604 2230 1659 convenit
2251 1606 2381 1676 quid
2411 1608 2482 1661 sit
2513 1610 2884 1682 philosophia.

2594 1703 2745 1756 CAP.
2804 1703 2893 1759 Ill.

2524 1791 2600 1845 De
2629 1793 2978 1862 philosophia.

2040 1877 2328 1947 Sextuplea:
2368 1880 2608 1949 deﬁnitio
2640 1884 3431 1955 philosophia—Philosopbia
3460 1899 3546 1945 est

1965 1970 2204 2040 cognitio
2248 1987 2431 2027 rerum
2478 1990 2599 2043 quae
2636 1984 2805 2041 sunt,
2862 1984 3025 2047 prout
3086 1990 3250 2047 sunt;
3306 1980 3409 2036 hoc
3459 1991 3545 2038 est

1963 2062 2207 2133 cognitio
2235 2073 2444 2120 naturae
2474 2065 2714 2121 illarum.
2742 2069 2899 2135 Item,
2923 2070 3272 2141 philosophia
3293 2079 3378 2129 est
3400 2073 3543 2129 divi-

1963 2167 2160 2207 narum
2220 2152 2703 2227 humanarumque
2753 2173 2939 2215 rerum
3005 2163 3296 2231 scientia;
3358 2164 3412 2219 id
3460 2172 3547 2222 est

1960 2260 2149 2301 earum
2173 2261 2295 2316 quae
2341 2255 2456 2302 tum
2481 2249 2584 2306 sub
2617 2259 2899 2321 aspectum
2932 2254 3159 2320 cadunt,
3208 2264 3325 2312 tum
3367 2256 3545 2314 aciem

1965 2337 2108 2393 oculi
2139 2337 2380 2409 fugiunt.
2427 2337 2673 2396 Rursum
2732 2342 3079 2414 philosophia
3121 2353 3210 2401 est
3258 2346 3544 2403 meditatio

1961 2427 2183 2493 mortis,
2228 2428 2344 2483 sive
2375 2429 2676 2493 naturalis,
2706 2431 2822 2487 sive
2860 2430 3049 2487 libera:
3092 2433 3392 2489 voluntatis
3444 2433 3539 2489 sit.

1960 2513 2173 2585 Duplex
2226 2515 2429 2586 quippe
2476 2522 2561 2573 est
2617 2515 2753 2582 vita,
2798 2518 3071 2573 naturalis
3121 2518 3382 2574 nimirum
3428 2534 3542 2589 qua

1958 2607 2215 2674 vivimus,
2238 2614 2294 2663 et
2328 2608 2501 2664 altera
2527 2623 2693 2679 quam
2726 2608 2903 2665 libere
2951 2609 3225 2682 eligimus,
3252 2625 3349 2681 per
3373 2627 3540 2682 quam

1960 2699 2091 2754 huic
2141 2699 2399 2771 praesenti
2474 2700 2599 2755 vitae
2660 2701 3017 2771 propensiore
3078 2700 3278 2757 aﬂeetu
3348 2703 3538 2757 adhav-

1961 2790 2253 2846 rescimus.
2275 2790 2486 2859 Duplex
2511 2791 2639 2845 item
2658 2805 2827 2856 mors,
2848 2790 3140 2855 naturalis,
3163 2806 3285 2860 quae
3300 2792 3536 2846 animam

1960 2881 2225 2950 disjungit
2248 2897 2279 2935 a
2309 2896 2563 2951 corpore,
2596 2889 2649 2935 et
2680 2882 2811 2948 alia,
2844 2897 3007 2952 quam
3027 2882 3198 2938 animi
3218 2882 3538 2940 inductione

1960 2972 2235 3043 eligimus,
2262 2986 2369 3042 qua
2401 2988 2499 3042 pro
2516 2972 2689 3028 nihilo
2711 2973 2876 3027 vitam
2899 2980 3229 3043 praesentem
3252 2972 3534 3037 ducentes.

1963 3062 2030 3117 ad
2080 3063 2317 3117 futuram
2364 3079 2741 3134 properamus.
2778 3065 2858 3119 Ad
2895 3065 3011 3121 haec
3050 3063 3397 3136 philosophia
3453 3071 3539 3121 est

270 3127 334 3179 τὸ
373 3126 468 3180 τοῦ
522 3128 636 3181 ἴσου
688 3129 1072 3201 διανεμητικὸν
1129 3136 1225 3189 καὶ
1274 3137 1780 3211 ἁπροσωπόληπτον
1803 3145 1859 3197 έν

1969 3151 2198 3207 imitatio
2235 3153 2350 3207 Dei.
2384 3154 2555 3207 Porro
2578 3153 2744 3208 Deum
2768 3168 2865 3223 per
2885 3153 3205 3223 sapientiam
3232 3153 3533 3216 imitamur,

273 3220 494 3290 κρίσει-
556 3221 648 3273 καὶ
696 3223 835 3277 κατὰ
882 3225 943 3277 τὸ
988 3226 1135 3279 ὅσιον
1179 3227 1237 3281 δὲ
1263 3229 1323 3282 τὸ
1363 3230 1503 3303 ὑπὲρ
1542 3233 1603 3287 τὺ
1630 3233 1857 3302 δίκαιον,

271 3309 398 3379 ἦτοι
429 3311 491 3363 τὸ
518 3312 741 3379 ἀγαθὸν,
772 3314 834 3367 τὸ
856 3315 1165 3386 εὐεργετεῖν
1184 3319 1310 3384 τοὺς
1334 3320 1676 3390 ἀδικοῦντας.
1710 3328 1862 3380 Φιλο-

275 3402 441 3469 σοφία
463 3403 752 3476 ὲστιτέχνη
780 3408 1004 3476 τεχνῶν,
1022 3409 1116 3462 καὶ
1142 3411 1417 3483 ἐπιστήμη
1442 3415 1761 3486 ἐπιστημῶν
1782 3435 1793 3448 ⁸
1823 3419 1854 3488 ἠ

271 3490 387 3560 γὰρ
410 3491 694 3561 φιλοσοφία
712 3496 853 3566 ἀρχή
875 3499 989 3551 ἐστι
1013 3499 1194 3570 πάσης
1216 3501 1433 3572 τέχνης.
1458 3506 1538 3557 Δι’
1558 3508 1725 3577 αὐτῆς
1750 3510 1859 3580 γὰρ

1958 3242 2063 3297 hoc
2091 3251 2194 3309 est,
2236 3259 2333 3314 per
2360 3259 2544 3301 veram
2579 3244 2706 3299 boni
2747 3244 3137 3315 cognitionem,
3164 3258 3265 3299 nec
3287 3258 3397 3298 non
3442 3258 3538 3315 per

1954 3334 2262 3404 justitiam,
2325 3349 2432 3405 qua
2496 3351 2659 3391 suum
2718 3335 3017 3404 unicuique
3052 3332 3338 3397 tribuitur,
3388 3333 3538 3389 nulla

1957 3442 2319 3497 personarum
2351 3427 2538 3482 habita
2563 3428 2618 3482 in
2646 3426 2949 3497 judicando
2964 3427 3203 3491 ratione,
3230 3442 3294 3480 ac
3314 3428 3535 3482 demum

1959 3535 2056 3589 per
2084 3522 2452 3583 sanctitatem,
2486 3519 2599 3573 sive
2626 3519 2947 3583 bonitatem,
2982 3516 3331 3588 quaejustitia
3355 3515 3536 3587 potior

271 3582 430 3635 πᾶσα
467 3582 629 3654 τέχνη
658 3585 910 3657 εὕρηται,
946 3591 1041 3645 καὶ
1071 3594 1222 3645 πᾶσα
1250 3595 1550 3669 ἐπιστήμη·
1577 3600 1739 3671 τέχνη
1764 3597 1859 3656 οὖν

1969 3582 2065 3673 est,
2099 3626 2319 3680 quaque
2374 3610 2659 3666 beneﬁciis
2717 3608 3061 3665 devincimus
3094 3623 3191 3663 eos
3242 3623 3271 3662 a
3331 3607 3535 3679 quibus

269 3673 426 3724 ἐστιν
460 3673 493 3742 ἡ
530 3673 585 3727 ἐν
617 3693 723 3729 τισι
757 3679 1123 3751 σφαλλομένη,
1154 3684 1299 3738 κατά
1330 3703 1503 3751 τινας.
1550 3690 1854 3763 Ἐπιστήμη

1978 3673 2211 3769 [πίοι-ἰόιη
2229 3673 2478 3768 perpessi
2501 3714 2712 3753 sumus.
2738 3696 3094 3767 Philosophia
3116 3702 3199 3752 est
3221 3710 3310 3750 ars
3332 3673 3531 3750 artium

269 3760 349 3823 δὲ,
378 3764 410 3830 ἡ
434 3764 492 3815 ἐν
525 3765 711 3835 μηδενὶ
769 3770 1135 3842 σφαλλομένη,
1187 3774 1321 3844 μόνη
1355 3775 1412 3830 δὲ
1471 3760 1768 3850 φιλοσοφία
1784 3760 1853 3836 ού

1969 3760 2270 3845 :t'scientia
2328 3760 2710 3845 scientiarum.
2756 3787 2892 3844 Nam
2947 3787 3294 3859 philosophia
3328 3786 3535 3857 primas

272 3855 592 3921 σφάλλεται.
632 3859 768 3913 Καθ’
790 3862 1008 3934 ἐτέρους
1035 3864 1111 3930 δὲ,
1143 3867 1305 3938 τέχνη
1347 3870 1378 3938 ἡ
1414 3870 1502 3924 διὰ
1533 3873 1731 3943 χειρῶν
1765 3876 1852 3946 έρ-

1975 3880 2248 3936 nartibus
2276 3887 2447 3946 tenet,
2476 3896 2572 3950 per
2600 3895 2765 3950 quam
2821 3894 2915 3935 ars
2961 3878 3144 3952 omnis
3193 3877 3532 3948 scientiaque

267 3945 574 4020 γαζομένη,
611 3952 887 4025 ἐπιστήμη
915 3955 992 4019 δὲ,
1030 3959 1179 4013 πᾶσα
1227 3959 1419 4031 λογικὴ
1446 3963 1609 4035 τέχνη
1632 3983 1646 3997 ο
1673 3945 1853 4038 γραμ-

1969 3979 2168 4041 'eperta
2210 3971 2300 4026 sit.
2357 3945 2524 4041 Atqui
2558 3945 2671 4035 ars,
2712 3971 2875 4042 juxta
2933 3948 3222 4042 quosdam,
3262 3971 3532 4041 ejusmodi

270 4037 501 4108 ματική,
538 4041 822 4113 ῥητορική,
854 4044 950 4096 καὶ
974 4046 1030 4097 αἱ
1061 4046 1331 4103 τοιαῦται.
1363 4051 1654 4121 Φιλοσοφία
1684 4037 1846 4109 πάλιν

1969 4037 2038 4116 ξεί
2066 4070 2124 4115 ιιι
2146 4062 2199 4115 in
2234 4037 2515 4131 aliquibus
2545 4037 2765 4117 fallatur
2792 4081 2806 4129 ;
2842 4037 3077 4119 scientia
3099 4078 3228 4118 vero
3247 4063 3301 4117 in
3327 4063 3526 4119 nullis:

266 4127 387 4179 ἔστι
419 4128 573 4195 φιλία
601 4131 810 4199 σοφίας.
868 4135 1039 4204 Σοφία
1090 4136 1145 4189 δὲ
1178 4137 1408 4209 ἀληθὴς,
1443 4141 1472 4192 6
1513 4141 1645 4204 Θεός
1678 4144 1845 4210 ἐστιν,

1969 4147 2302 4218 philosophia
2324 4127 2506 4203 autem
2521 4149 2637 4203 sola
2658 4127 2942 4219 nunquam
2965 4147 3198 4203 fallitur.
3221 4148 3318 4204 Vel
3338 4151 3525 4211 etiam,

265 4219 299 4286 ή
353 4215 449 4272 οὖν
493 4221 682 4293 ἀγάπη
743 4225 881 4296 πρὸς
932 4227 1024 4281 τὸν
1076 4229 1207 4283 Θεὸν
1269 4230 1408 4300 αῦτη
1450 4233 1598 4288 ἐστὶν
1643 4236 1849 4310 ἀληθὴς

1969 4215 2016 4293 ut
2047 4215 2367 4309 aliis‘magis
2390 4239 2617 4307 arridet,
2650 4254 2742 4296 ars
2783 4248 2868 4295 est
2895 4254 3016 4310 qua
3071 4254 3328 4294 manuum
3363 4254 3529 4310 opera

267 4311 579 4381 φιλοσοφία.

1969 4329 2170 4400 aliquid
2204 4330 2335 4385 facit
2365 4350 2378 4385 :
2406 4338 2461 4384 at
2496 4332 2729 4386 scientia
2773 4333 2871 4400 estj
2904 4347 2995 4388 ars
3047 4332 3228 4387 omnis
3255 4346 3376 4402 quae
3432 4346 3529 4401 per

264 4402 537 4458 rationem
564 4418 873 4474 exercetur,
900 4418 959 4463 ut
986 4419 1116 4465 sunt
1139 4416 1520 4485 grammatica,
1553 4420 1849 4486 rhetorica,
1887 4431 1942 4477 et
1974 4424 2095 4478 aliae
2147 4423 2199 4477 id
2249 4439 2443 4493 genus.
2482 4422 2729 4494 Denique
2785 4423 3135 4494 philosophia
3219 4432 3303 4479 est
3376 4436 3529 4477 amor

264 4494 576 4563 sapientiae.
632 4496 806 4553 Porro
841 4518 968 4556 vera
1016 4504 1286 4574 sapientia
1321 4505 1464 4562 Deus
1525 4516 1633 4576 est,
1690 4519 1857 4581 atque
1896 4514 2035 4570 adeo
2060 4513 2281 4569 dilectio
2310 4528 2439 4584 erga
2464 4513 2654 4579 Deum,
2682 4514 2801 4585 ipsa
2831 4521 2916 4570 est
2942 4529 3070 4569 vera
3092 4513 3458 4584 philosophia.

334 4588 642 4658 Διαιρεῖται
693 4591 751 4644 δὲ
803 4593 836 4663 ή
900 4594 1188 4664 φιλοσοφία
1244 4599 1324 4661 εἰς
1357 4598 1689 4671 θεωρητικὸν
1744 4605 1840 4658 καὶ

2015 4606 2217 4661 Divisio
2290 4607 2655 4676 philosophiae.
2711 4638 2780 4649 —
2812 4607 3165 4678 Philosophia
3220 4607 3527 4661 'dividitur

264 4679 605 4747 πρακτικόνο
639 4682 701 4735 τὸ
728 4683 1085 4755 θεωρητικὸν,
1121 4688 1202 4750 εἰς
1236 4688 1563 4759 θεολογικὺν,
1595 4696 1844 4762 φυσιολο-

1977 4715 2007 4753 η
2043 4698 2467 4769 speculatricem
2497 4706 2553 4754 et
2604 4700 2905 4769 practicam
2943 4715 3041 4755 seu
3075 4699 3334 4754 activam.
3391 4698 3526 4769 Spe-

260 4767 440 4833 τικδν,
467 4770 564 4821 καὶ
606 4771 993 4844 μαθηματικόν
1015 4789 1030 4804 ⁸
1062 4776 1124 4830 τὸ
1156 4776 1212 4831 δὲ
1266 4782 1586 4850 πρακτικὸν,
1620 4785 1699 4849 είς
1727 4786 1848 4856 ἠθι-

1969 4767 2187 4851 :ulatrix
2250 4794 2485 4851 subinde
2523 4795 2578 4850 in
2605 4767 2985 4867 _theologlam,
3022 4767 3525 4867 physiologiam—et

260 4858 382 4921 κον,
407 4860 769 4932 οἰκονομικόν,
799 4863 1074 4920 πολιτικόν
1090 4867 1188 4940 (5).
1222 4869 1569 4943 Θεωρητικὸν
1602 4876 1702 4945 μὲν
1747 4871 1841 4931 οῦν

1969 4885 2417 4940 natbematicam.
2448 4883 2698 4940 Practica
2722 4885 2909 4940 itidem
2940 4883 2994 4939 in
3017 4884 3273 4946 ethicam,
3304 4896 3525 4938 meono-

258 4949 380 5002 ἐστι
411 4950 472 5003 τὸ
498 4951 595 5022 τὴν
617 4954 819 5023 γνῶσιν
841 4959 1104 5029 κοσμοῦν.
1139 4961 1327 5017 Ἔστιν
1342 4959 1435 5017 οὖν
1452 4964 1761 5035 θεολογικὸν
1784 4970 1846 5023 τὸ

1969 4974 2139 5030 nicam
2171 4982 2225 5030 et
2243 4975 2545 5045 politicam.
2571 4974 2918 5046 Speculatrix
2948 4975 3134 5045 itaque
3155 4974 3525 5046 cognitionem

260 5046 554 5097 κατανοεῖν
587 5047 672 5115 ,τὰ
722 5049 993 5120 ἀσώματα
1030 5054 1125 5108 καὶ
1151 5055 1310 5110 asta.
1344 5057 1568 5127 Πρῶτον
1596 5060 1691 5129 μὲν
1712 5060 1846 5117 Θεὸν

1969 5074 2192 5123 :xornat.
2225 5067 2497 5134 Quocirca
2516 5067 2802 5139 theologia
2833 5068 3117 5140 proprium
3140 5075 3310 5123 estea
3334 5067 3524 5122 consi-

258 5134 358 5187 τδν
383 5135 553 5201 ὅντως
576 5140 754 5196 ἅῢλον.
791 5145 1023 5199 Ἔπειτα
1038 5147 1094 5201 δὲ
1119 5148 1214 5202 καὶ
1234 5149 1499 5219 ἀγγέλους
1526 5156 1621 5205 καὶ
1643 5152 1845 5225 ψυχάς.

1969 5159 2136 5212 Ierare
2162 5173 2284 5229 quae
2314 5173 2545 5231 corpore
2562 5169 2619 5215 et
2645 5160 2873 5215 materia
2906 5167 3105 5217 vacant
3136 5174 3152 5226 ;
3188 5174 3254 5214 ac
3281 5159 3522 5231 primum

260 5225 648 5298 Φυσιολογικδν
676 5232 752 5302 δὲ,
776 5236 810 5305 ή
838 5235 949 5290 τῶν
977 5237 1209 5303 ύλικῶν,
1239 5240 1333 5295 καὶ
1368 5242 1677 5312 προχείρων
1711 5244 1846 5315 ἡμῖν

1969 5225 2361 5317 luidemDeum
2389 5225 2429 5304 a—
2450 5251 2682 5306 materia
2711 5225 3144 5315 alienissimum,
3178 5225 3303 5304 tum
3324 5246 3524 5304 deinde

1577 5403 1806 5459 VARIAE
1846 5405 2250 5468 LECTIONES.

341 5504 363 5540 ι
398 5502 639 5596 ἕθΉῖ
665 5504 944 5596 ὁμοίωσις,
970 5514 1025 5596 et
1058 5508 1114 5564 in
1151 5511 1398 5596 margine
1424 5514 1540 5596 luce
1575 5516 1882 5596 similitudo
1911 5523 2027 5579 lieri
2056 5525 2261 5581 dicitur
2287 5527 2429 5580 κατὰ
2454 5527 2512 5581 τὸ
2550 5527 2798 5593 δυνατὸν,
2833 5526 2885 5584 id
2914 5533 3020 5594 est,
3047 5534 3301 5596 quantum
3324 5521 3524 5577 ίιοηιίηί

258 5573 517 5640 possibile
563 5585 661 5629 est.
703 5573 848 5631 Idem
893 5578 1087 5645 codex,
1130 5580 1257 5644 τοὺς
1276 5573 1442 5636 αὑτὸν
1476 5586 1818 5653 ἀδικοῦντας.

1784 5700 1988 5759 NOTAE
1999 5743 2011 5757 .

330 5779 411 5849 (ι)
438 5779 689 5835 Ammon.
716 5782 932 5855 Proles.
963 5784 1021 5839 in
1048 5782 1306 5857 lsagogcn
1336 5785 1641 5860 Porphyrii.
2006 5795 2439 5865 (5)Ammonius,
2470 5796 2605 5853 ibid.
