3974 6338
385 303 493 368 535

1584 309 1646 367 8.
1679 305 2004 367 JOANNIS
2034 305 2468 369 DAMASCENI

3557 307 3666 374 536

386 417 612 490 angelos
626 425 682 473 et
709 416 944 472 animas.
977 417 1332 490 Physiologia
1385 428 1570 476 autem
1613 432 1700 479 est
1731 421 1975 493 cognitio

2092 418 2282 486 γνῶσις
2303 435 2317 450 ⁶
2348 421 2470 493 ἤτοι
2499 415 2674 486 ζώων,
2707 419 3112 490 φυτῶν,λίθων,
3130 421 3227 476 καὶ
3254 421 3360 477 τῶν
3385 421 3667 478 τοιούτων.

388 523 574 562 rerum
622 507 854 560 materia
906 511 1306 574 constantiam,
1353 526 1588 582 quisque
1623 513 1680 567 in
1712 520 1973 584 promptu

385 598 549 652 nobis
584 606 735 667 sunt,
767 606 899 668 puta
935 600 1326 668 animantium,
1377 604 1659 674 stirpium,
1701 605 1970 676 lapidum,

387 689 734 759 aliorumque
785 689 1081 760 ejusmodi.
1148 691 1532 749 Mathematica
1602 696 1826 751 tandem
1887 701 1976 750 est

387 781 622 838 scientia
647 796 856 846 rerum,
880 798 1004 852 quae
1019 784 1276 854 quamvis
1297 800 1365 839 ex
1393 801 1453 842 se
1467 800 1700 858 corpore
1725 795 1974 854 careant,

388 874 445 929 in
509 889 744 946 corpore
800 875 1168 932 nihilominus
1225 878 1669 946 considerantur,
1727 881 1832 937 hoc
1888 888 1977 939 est

387 981 768 1030 numerorum,
801 975 1188 1034 concentuum,
1231 978 1494 1040 pmterea
1533 973 1862 1044 ﬁgurarum,
1917 980 1976 1030 et

385 1067 570 1114 motus
601 1067 898 1116 astrorum.
947 1061 1126 1133 Atque
1155 1061 1247 1117 illa
1280 1063 1584 1133 speculatio
1645 1081 1768 1135 quae
1824 1067 1976 1122 circa

389 1162 653 1204 numeros
701 1159 1026 1220 occupatur,
1086 1150 1471 1207 arithmeticen
1544 1154 1829 1210 scientiam
1871 1156 1980 1226 ιο

391 1237 859 1310 constituit;qua:
905 1241 1058 1297 circa
1089 1256 1278 1310 sonos,
1314 1243 1580 1299 musicam
1609 1263 1625 1313 ;
1661 1261 1784 1317 qua:
1824 1247 1976 1302 circa

391 1330 621 1401 ﬁguras,
672 1331 1078 1402 geometriam;
1130 1347 1251 1402 quae
1305 1333 1529 1390 demum
1559 1336 1710 1390 circa
1769 1335 1974 1407 sidera,

389 1420 815 1475 astronomiam.
868 1421 1025 1478 Istaec
1071 1425 1254 1478 omnia
1289 1424 1472 1480 locum
1522 1428 1764 1483 medium
1792 1438 1978 1486 tenent

390 1513 538 1568 inter
573 1529 805 1585 corpora
861 1523 916 1570 et
945 1531 1036 1572 res
1069 1517 1450 1587 incorporeas.
1515 1519 1794 1580 Numerus
1829 1521 1976 1576 enim

389 1619 490 1675 per
516 1621 576 1660 se
604 1605 824 1674 quidem
855 1621 1154 1676 corporeus
1193 1622 1305 1663 non
1341 1617 1449 1671 est,
1475 1618 1740 1668 caeterum
1771 1612 1827 1666 in
1860 1628 1980 1668 ma-

389 1698 532 1754 teria
570 1699 980 1767 consideratur,
1019 1709 1153 1771 puta
1201 1701 1259 1756 in
1310 1702 1521 1768 tritico,
1560 1712 1656 1759 aut
1688 1704 1840 1772 vino,
1879 1714 1978 1762 aut

2079 513 2483 586 Μαθηματικὸν
2529 513 2588 567 δὲ
2633 513 2668 583 ἡ
2712 511 2823 566 τῶν
2873 511 2998 566 καθ’
3039 512 3181 566 αὐτὰ
3215 513 3313 584 μὲν
3333 513 3666 584 ἀσωμάτων,

2081 605 2141 660 ὲν
2199 606 2418 677 σώμασι
2479 604 2536 658 δὲ
2598 603 3030 674 θεωρουμένων,
3084 603 3288 672 γνῶσις
3319 624 3334 636 ·
3376 605 3668 675 ἀριθμῶν,

2082 695 2250 766 φημὶ,
2279 695 2376 750 καὶ
2406 695 2673 770 ἁρμονίας
2715 693 2992 766 φθόγγων.
3056 695 3180 748 Ἔτι
3234 693 3293 749 δὲ
3348 695 3670 766 σχημάτων,

2081 788 2179 842 καὶ⁵
2218 788 2437 858 ἄστρων
2491 789 2782 859 κινήσεως,
2843 787 2878 858 ὴ
2930 786 3028 859 μὲν
3073 783 3170 841 οὖν
3231 787 3360 858 περὶ
3401 787 3675 858 ἀριθμοὺς

2083 878 2290 950 θεωρία
2343 877 2445 949 τὴν
2516 876 2891 950 ἀριθμητικὴν
2965 875 3281 946 συνίστησιν
3329 875 3674 947 ἐπιστήμηνο

2082 972 2118 1044 ἡ
2174 971 2233 1026 δὲ
2292 971 2423 1042 περὶ
2469 970 2768 1040 φθόγγους,
2815 970 2917 1041 τὴν
2960 967 3250 1040 μουσικὴν,
3297 967 3420 1040 ἠδὲ
3453 968 3678 1040 περὶτὰ

2086 1064 2363 1136 σχήματα,
2407 1061 2508 1134 τὴν
2562 1061 2986 1133 γεωμετρικήνο
3036 1061 3071 1132 ὴ
3124 1059 3184 1114 δὲ
3212 1059 3435 1131 περὶτὰ
3469 1060 3671 1130 ἄστρα,

2083 1154 2183 1226 τὴν
2232 1151 2660 1226 ἀπρονομικήν.
2711 1149 2900 1206 Ταῦτα
2953 1150 3010 1204 δὲ
3062 1150 3204 1221 μέσα
3256 1149 3526 1220 σωμάτων
3573 1153 3674 1204 καὶ

2084 1244 2396 1317 ἀσωμάτων
2428 1243 2606 1297 εἰσίν·
2659 1243 2690 1296 ό
2741 1240 2854 1314 γὰρ
2913 1241 3170 1313 ἀριθμὸς,
3213 1241 3336 1294 καθ’
3370 1241 3534 1295 αὑτὸν
3575 1241 3676 1311 μὲν

2085 1337 2379 1410 ἀσώματός
2407 1337 2554 1390 ἐστι·
2579 1334 2868 1406 θεωρεῖται
2888 1333 2946 1387 δὲ
2969 1333 3063 1388 καὶ
3090 1334 3150 1388 ὲν
3181 1332 3303 1405 ὕλῃ,
3328 1333 3462 1403 σίτῳ
3489 1333 3676 1403 τυχὸν,

2085 1431 2120 1503 ἢ
2147 1431 2296 1502 οἴνῳ,
2328 1429 2362 1501 ἧ
2395 1444 2502 1482 τινι
2530 1427 2639 1481 τῶν
2687 1425 2948 1480 τοιούτων
2973 1441 2986 1456 ·
3013 1424 3078 1478 τὸ
3110 1425 3167 1478 δὲ
3215 1423 3518 1497 πρακτικὸν
3547 1424 3677 1494 περὶ

2085 1523 2292 1595 ἀρετὰς
2345 1517 2722 1588 καταγίνεται.
2769 1513 2946 1582 *Ηθος
2988 1516 3099 1587 γάρ
3149 1517 3368 1587 κοσμεῖ,
3422 1515 3518 1570 καὶ
3560 1515 3682 1580 πῶς

2085 1616 2166 1670 δεῖ
2188 1611 2567 1668 πολιτεύεσθαι
2625 1610 2905 1665 διδάσκει·
2959 1610 3055 1664 καὶ
3087 1611 3135 1663 εί
3174 1608 3273 1680 μὲν
3296 1607 3378 1662 ἑνὶ
3405 1607 3683 1678 ἀνθρώπῳ

2087 1705 2392 1777 νομοθετεῖ,
2417 1701 2642 1772 λέγεται
2681 1700 2874 1771 ἠθικόν
2900 1716 2914 1731 °
2942 1701 2992 1755 εί
3026 1701 3085 1755 δὲ
3122 1700 3230 1772 ὅλῳ
3263 1699 3418 1770 οἴκῳ,
3459 1698 3682 1766 λέγεται

388 1791 446 1844 in
478 1804 538 1847 re
568 1791 754 1863 aliqua
789 1792 982 1848 simili.
1009 1795 1078 1848 At
1097 1809 1230 1850 vero
1252 1793 1622 1866 philosophiae
1646 1811 1778 1868 pars
1798 1797 1978 1853 activa

2092 1794 2464 1866 οἰκονομικόνο
2496 1795 2547 1848 εί
2575 1793 2634 1847 δὲ
2658 1793 2848 1846 πόλεσι
2887 1793 2982 1846 καὶ⁵
3020 1793 3250 1865 χώραις,
3278 1791 3494 1861 λέγεται
3524 1790 3680 1843 πολι-

391 1883 539 1938 circa
577 1884 810 1940 virtutes
828 1896 1103 1942 versatur.
1143 1885 1329 1944 Mores
1352 1888 1499 1942 enim
1534 1890 1760 1960 cxpolit,
1791 1891 1982 1947 docet-

2086 1889 2262 1944 τικόν.

393 1990 502 2045 que
551 1976 1014 2047 quemadmodum
1083 1979 1198 2034 vita
1250 1980 1594 2037 instituenda
1659 1981 1776 2038 sit:
1812 1998 1878 2039 ac
1932 1985 1980 2040 si
2023 1983 2247 2056 quidem
2271 1979 2370 2036 uni
2389 1978 2890 2035 duntaxathomini
2909 1978 3058 2050 leges
3115 1977 3440 2050 prmscribit,
3497 1977 3681 2032 ethica

394 2079 790 2141 nuncupatur;
818 2073 905 2129 sin
947 2089 1076 2131 vero
1123 2077 1224 2132 toti
1281 2077 1527 2145 familiae,
1586 2082 1932 2137 mconomica
1964 2099 1979 2150 ;
2017 2083 2244 2156 politica
2265 2079 2526 2151 denique,
2567 2078 2618 2134 si
2645 2078 2880 2134 urbibus
2906 2077 3045 2148 ipsis
3075 2092 3140 2133 ac
3167 2075 3506 2148 regionibus.

465 2164 876 2237 Philosophiam
933 2175 1117 2224 autem
1154 2185 1186 2226 e
1235 2171 1420 2229 medio
1480 2173 1675 2232 tollere
1727 2177 1984 2232 nonnulli

393 2256 580 2310 conati
626 2264 779 2324 sunt,
821 2257 970 2313 illam
1009 2259 1208 2330 ipsam,
1258 2263 1496 2320 ullamve
1538 2265 1830 2321 scientiam
1889 2274 1986 2322 aut

390 2346 804 2417 perceptionem
827 2359 1092 2421 negantes
1131 2353 1422 2411 exsistere.
1460 2353 1612 2422 Quos
1667 2357 1889 2428 quidem
1915 2357 1986 2414 ad

389 2437 540 2494 hunc
569 2441 793 2494 modum
824 2441 1162 2498 refellemus.
1210 2442 1464 2511 Quonam
1515 2457 1676 2520 pacto
1740 2449 1986 2520 philoso-

390 2529 603 2600 phiam,
635 2545 966 2603 omnemque
1001 2535 1316 2602 scientiam,
1345 2545 1400 2592 et
1427 2540 1978 2611 comprehensionem

391 2632 609 2678 exstare
668 2623 1153 2681 inﬁciaminiiAn
1205 2628 1353 2698 quod
1403 2629 1510 2685 hoc
1568 2631 1727 2687 vobis
1785 2643 1980 2688 notum

389 2721 849 2787 compertumque
889 2718 1019 2774 est?
1053 2719 1131 2775 Ac
1170 2720 1215 2776 si
1250 2721 1471 2791 quidem
1499 2722 1553 2777 id
1611 2723 1770 2779 vobis
1827 2732 1983 2780 certo

394 2819 738 2880 compertum
773 2818 881 2878 est,
911 2826 979 2868 ex
1011 2813 1118 2868 hoc
1151 2813 1273 2884 ipso
1327 2815 1582 2886 sequitur
1608 2817 1980 2888 cognitionem

391 2917 537 2968 esse,
577 2911 632 2958 et
671 2905 1250 2976 comprehensionem.
1279 2905 1581 2976 Singautem
1610 2907 1717 2963 hoc
1754 2909 1984 2966 minime

2168 2172 2307 2230 Ἀλλ’
2340 2175 2590 2245 ἀδναιρεϊν
2629 2170 2999 2244 ἐπεχείρησάν
3025 2186 3172 2234 τινες
3203 2168 3303 2239 τὴν
3333 2167 3678 2238 φιλοσοφίαν,

2085 2268 2394 2340 φάσκοντες
2450 2264 2528 2337 μὴ
2576 2259 2719 2318 εἶναι
2773 2262 3002 2333 ταύτην,
3047 2259 3183 2333 μηδὲ
3231 2258 3435 2329 γνῶσιν
3465 2276 3610 2324 τινα,
3643 2259 3679 2330 ἢ

2086 2357 2414 2430 κατάληψιν.
2445 2357 2592 2428 Πρὸς
2623 2355 2718 2420 οὓς
2779 2353 3037 2427 ἐροῦμεν.
3097 2351 3223 2415 Πῶς
3263 2367 3402 2421 φατε
3433 2349 3509 2422 μὴ
3539 2345 3683 2403 εἶναι

2087 2449 2429 2522 φιλοσοφίαν,
2459 2448 2556 2503 καὶ
2574 2446 2800 2517 γνῶσιν,
2832 2444 2930 2499 καὶ
2985 2442 3330 2515 κατάληψιν;
3380 2440 3682 2508 ἐγνωκότες

2087 2543 2183 2598 καὶ
2211 2537 2629 2615 κατειληφότες,
2660 2536 2694 2608 ἢ
2732 2534 2808 2608 μὴ
2834 2533 3155 2605 ἐγνωκότες,
3187 2531 3322 2604 μηδὲ
3352 2527 3683 2600 κατειληφός

2088 2648 2218 2696 τες;
2249 2631 2300 2684 εί
2327 2631 2426 2702 μὲν
2461 2623 2554 2682 οὖν
2587 2625 3004 2698 κατειληφότες,
3042 2622 3153 2677 ἰδού
3194 2623 3313 2676 ἐστι
3352 2619 3553 2690 γνῶσις
3583 2618 3684 2672 καὶ

2087 2721 2418 2794 κατάληψις.
2451 2721 2514 2774 El
2544 2720 2602 2774 δὲ
2637 2720 2714 2792 μὴ
2747 2717 3073 2789 ἐγνωκότες,
3098 2714 3274 2778 οὐδεὶς
3299 2714 3430 2784 ὑμῖν
3449 2710 3680 2765 πιστεῦ-

2089 2835 2174 2872 σει
2231 2817 2363 2888 περὶ
2421 2815 2750 2886 πράγματος
2793 2809 3220 2882 διαλεγομένοις,
3260 2800 3323 2862 οὗ
3359 2805 3457 2876 τὴν
3479 2803 3684 2874 γνῶσιν

2089 2911 2154 2966 οὐ
2179 2908 2574 2980 κατειλήφατε.

391 2995 635 3049 assecuti
666 2996 819 3064 estis,
849 2997 1042 3068 ecquis
1095 2999 1312 3054 tandem
1345 2998 1472 3066 erit,
1503 2999 1597 3071 qui
1625 2999 1788 3058 tidem
1824 3000 1982 3057 vobis
2020 3002 2301 3072 adhibeat,
2331 2999 2554 3072 quando
2580 3013 2646 3055 ea
2669 2997 2738 3054 de
2766 3011 2826 3054 re
2858 2995 3177 3068 disputatis,
3257 2992 3419 3063 cujus
3491 2986 3688 3059 cogni-

393 3084 600 3141 tionem
635 3089 957 3160 neutiquam
984 3091 1306 3162 percepistis
1334 3092 1358 3146 ?

467 3179 606 3247 Quia
635 3182 804 3253 igitur
828 3184 1180 3256 philosophia
1216 3194 1300 3241 est
1331 3187 1578 3258 cognitio
1623 3203 1818 3244 eorum
1867 3203 1982 3260 quae

2177 3180 2334 3236 Ἐπεὶ
2363 3179 2544 3234 τοίνυν
2571 3179 2692 3233 ἐστὶ
2747 3176 3056 3248 φιλοσοφία,
3087 3174 3184 3230 καὶ
3222 3173 3424 3245 γνῶσις
3445 3174 3554 3229 τῶν
3590 3175 3686 3229 ὅν-

397 3277 548 3332 sunt,
603 3269 837 3338 agedum
895 3271 964 3326 de
1023 3280 1150 3328 ente
1207 3274 1375 3328 verba
1439 3275 1732 3331 faciamus.
1790 3273 1990 3331 Verum

395 3374 565 3416 nosse
597 3361 818 3427 attinet,
856 3362 1031 3418 ordiri
1055 3378 1159 3419 nos
1185 3363 1255 3420 ab
1290 3379 1355 3420 ea
1389 3365 1754 3437 philos0phize
1811 3373 2004 3437 parte,"

398 3465 522 3521 qua:
551 3451 698 3506 circa
725 3452 1205 3511 ratiocinationem
1236 3466 1560 3528 occupatur,
1602 3473 1836 3528 qumque
1865 3458 1992 3528 phi-

397 3543 666 3614 losophiae
709 3543 1143 3602 instrumentum
1196 3547 1382 3618 potius
1433 3559 1540 3616 est,
1591 3565 1758 3620 quam
1821 3563 1989 3620 pars;

397 3639 602 3711 quippe
640 3641 802 3711 cujus
861 3656 1028 3712 opera
1069 3640 1142 3696 ad
1194 3656 1416 3698 omnem
1457 3641 1983 3699 demonstrationem

398 3735 608 3785 utatur.
670 3729 922 3786 Primum
974 3732 1164 3804 itaque
1199 3732 1268 3788 de
1315 3733 1660 3803 simplicibus
1712 3733 1990 3804 nudisque

396 3822 630 3878 vocibus
679 3822 1042 3892 disseremus,
1083 3840 1318 3897 quarum
1349 3825 1585 3898 simplici
1625 3825 1852 3881 notione
1897 3839 1989 3881 res

397 3913 678 3984 simplices
723 3915 1100 3984 declarantur,
1151 3925 1318 3990 atque
1354 3917 1432 3973 ita
1470 3919 1691 3974 demum
1727 3917 1795 3973 de
1818 3916 1992 3972 ratio-

399 4003 677 4062 cinatione
696 4009 1082 4068 tractabimus.

1049 4102 1202 4158 CAP.
1237 4101 1328 4158 IV.

712 4189 792 4246 De
813 4201 953 4256 ente,
985 4193 1293 4248 substantia
1319 4199 1371 4247 et
1395 4189 1684 4246 accidente.

473 4282 585 4339 Ens
613 4299 801 4340 rerum
827 4287 1075 4343 omnium
1123 4302 1246 4356 quae
1271 4293 1422 4353 sunt,
1454 4299 1748 4342 commune
1794 4297 1991 4339 nomen

297 4456 306 4461 η
400 4383 488 4431 est
530 4393 545 4430 :
587 4376 969 4449 dividiturque
1005 4379 1061 4434 in
1097 4379 1465 4435 substantiam
1510 4387 1564 4433 ει
1587 4376 1864 4432 accidens.
1912 4375 1992 4430 Ac

401 4467 716 4524 substantia
754 4470 976 4540 quidem
1007 4469 1190 4542 potior
1231 4480 1340 4540 est,
1379 4480 1436 4527 ut
1460 4485 1585 4544 quae
1616 4470 1674 4526 in
1703 4469 1907 4540 seipsa,
1937 4476 1993 4526 et

2089 3288 2198 3327 των
2226 3271 2365 3337 ἐστὶ,
2396 3270 2528 3342 περὶ
2593 3267 2690 3322 τοῦ
2745 3266 2904 3331 ὄντος
2949 3265 3216 3338 εἴπωμεν.
3249 3265 3460 3319 Είδέναι
3486 3264 3544 3318 δὲ
3577 3264 3684 3333 δεῖ,

2090 3362 2166 3425 ὡς
2196 3362 2290 3415 τοῦ
2313 3357 2536 3430 λογικοῦ
2595 3358 2796 3430 μέρους
2839 3357 2941 3428 τῆς
3003 3354 3326 3426 φιλοσοφίας
3369 3352 3684 3425 ἀρχόμεθα,

2089 3455 2230 3528 ὅπερ
2256 3453 2493 3526 ὄργανόν
2523 3455 2642 3506 ἐστι
2675 3451 2753 3523 (6)
2790 3449 2992 3522 μᾶλλον
3022 3449 3125 3519 τῆς
3158 3447 3504 3517 φιλοσοφίας,
3534 3447 3686 3518 ἥπερ

2093 3548 2279 3621 μέρος.
2309 3545 2468 3618 Αὑτῷ
2503 3545 2614 3618 γὰρ
2646 3544 2785 3616 πρὸς
2836 3545 3020 3598 πᾶσαν
3066 3541 3340 3608 ἀπόδειξιν
3391 3541 3680 3612 κέχρηται.

2094 3639 2472 3710 Διαλέγομεθα
2510 3633 2605 3693 οὖν
2634 3637 2762 3709 περὶ
2784 3635 2972 3690 ἁπλῶν
2993 3633 3186 3705 φωνῶν
3207 3635 3367 3701 τέως,
3399 3633 3467 3686 δι’
3493 3631 3686 3686 ἁπλῶν

2093 3733 2315 3787 ἐννοιῶν
2350 3732 2500 3786 ἁπλᾶ
2555 3729 2836 3803 δηλουσῶν
2884 3727 3214 3801 πράγματα’
3265 3727 3529 3798 πρότερον
3571 3724 3687 3795 γάρ

2093 3827 2192 3896 τὴν
2242 3826 2352 3881 τῶν
2397 3825 2600 3891 λέξεων
2644 3823 2922 3896 σημασίαν
2975 3820 3338 3894 δηλώσαντες,
3391 3818 3535 3875 οὕτω
3586 3819 3685 3874 καὶ

2095 3919 2225 3991 περὶ
2258 3918 2437 3988 λόγων
2468 3916 2899 3988 διασκεψόμεθα.

2705 4101 2962 4157 ΚΕΦΑΛ.
3002 4101 3078 4154 Δ’.

2089 4195 2232 4264 Περὶ
2285 4193 2391 4251 τοῦ
2455 4193 2652 4261 ὄντος,
2692 4193 2910 4259 οὐσίας
2956 4209 3023 4246 τε
3063 4190 3163 4246 καί
3205 4188 3679 4261 συμϐεϐηκότος.

2163 4288 2238 4342 Τὸ
2265 4286 2326 4343 ὃν
2355 4286 2536 4342 κοινὸν
2564 4285 2738 4357 ἧνομά
2762 4287 2882 4338 ἐστι
2904 4283 3128 4339 πάντων
3158 4281 3270 4336 τῶν
3286 4281 3458 4336 όντων
3479 4295 3493 4308 ·
3521 4277 3684 4333 τοῦτο

2099 4381 2390 4451 διαιρεῖται
2441 4379 2524 4442 εἰς
2565 4377 2756 4431 οὐσίαν
2811 4377 2908 4431 καλ⁵
2951 4374 3319 4448 συμϐεϐηκός.
3362 4372 3534 4426 Οὐσία
3577 4369 3683 4441 μὲν

2099 4464 2193 4524 οὖν
2218 4469 2334 4522 ἔστι
2361 4467 2423 4522 τὸ
2452 4463 2789 4540 κυριώτερον
2805 4473 2856 4531 ⁸³,
2882 4463 2960 4529 ὡς
2993 4465 3052 4518 ὲν
3113 4461 3312 4534 ἑαυτῷ,
3361 4461 3456 4515 καὶ
3491 4459 3566 4531 μὴ
3619 4458 3683 4511 ἐν

1726 4581 1961 4640 ῩΑΒΙᾹΞ.
1993 4576 2402 4638 LECTIONES.

471 4673 591 4748 ΡΒ.
618 4675 754 4734 1986
786 4675 853 4732 τὸ
872 4676 1261 4748 κυριώτατον.
1297 4676 1422 4734 Mox
1455 4674 1607 4734 edita
1642 4673 1846 4732 habent
1873 4674 1950 4738 ὡς
1979 4673 2038 4728 ὲν
2070 4668 2244 4742 αὐτῷ,
2279 4683 2416 4726 mss.
2474 4682 2604 4724 vero
2637 4675 2698 4724 ut
2731 4665 3144 4724 emendavimus
3203 4672 3262 4722 et
3327 4680 3524 4722 sensus
3547 4679 3684 4738 pos-

1915 4804 2149 4862 NOTIE.

402 4743 564 4799 tulat.

474 4903 554 4974 (ϐ)
574 4903 764 4972 Ὅπερ
795 4903 1061 4974 ᾆρτανον
1077 4902 1232 4974 ἔστι,
1255 4918 1374 4974 quc
1409 4905 1617 4972 quidem
1638 4902 1991 4974 philosophia

401 4972 602 5046 potius,
635 4972 891 5046 etc._lioc
934 4972 1344 5046 recentioribus
1375 4975 1554 5045 placet
1591 4972 1794 5046 magis,
1851 4982 1992 5027 tam-

401 5042 507 5102 etsi
534 5044 890 5100 invariabiles
939 5045 1051 5115 sint
1098 5042 1403 5115 dialectica:
1437 5061 1534 5101 seu
1589 5042 1782 5114 logica:
1811 5045 1986 5115 leges.

399 5116 842 5171 At'dialecticam
877 5114 1044 5167 sumit
1096 5113 1420 5171 Aristoteles
1454 5116 1590 5172 lib.l
1618 5115 1826 5180 Topic.,
1852 5113 1902 5170 (ἶ.
1933 5113 1986 5176 Ι,

402 5203 504 5258 pro
533 5201 594 5240 ea
620 5195 773 5258 parte
803 5199 926 5254 quae
947 5184 1002 5237 in
1025 5184 1145 5258 sola
1196 5185 1838 5258 npiuationeiconsistit,
1867 5195 1926 5238 ut
1957 5199 1990 5237 a

401 5255 882 5313 demonstratione
913 5255 1248 5311 secernitur.
1289 5255 1491 5312 Verum
1533 5257 1638 5312 hoc
1694 5258 1992 5312 discrimen

400 5337 594 5384 noster
627 5343 819 5396 parum
857 5327 1093 5389 curavit,
1125 5336 1181 5381 et
1209 5342 1338 5381 cum
1372 5328 1665 5383 Ammonio
1701 5327 1834 5383 illud
1878 5325 1998 5396 Pla-

400 5395 717 5454 tonicorum
754 5399 994 5453 maxime
1032 5397 1324 5467 approbat,
1374 5397 1728 5456 dialecticam
1787 5395 1991 5453 nedum

402 5471 556 5524 circa
605 5467 871 5540 cpinandi
939 5475 1264 5540 argumenta
1317 5469 1567 5540 versari,
1621 5470 1756 5540 quin
1807 5468 1992 5540 potius

402 5548 643 5608 quatuor
671 5539 836 5593 veluti
869 5547 1053 5606 partes
1089 5538 1404 5608 complecti,
1450 5538 1820 5602 divisionem,
1853 5539 1992 5594 deli-

404 5610 697 5670 nitionem,
729 5609 1258 5663 demonstrationem
1290 5616 1345 5661 et
1379 5610 1799 5665 resolutionem.
1854 5609 1988 5662 Am-

403 5680 572 5748 monii
603 5678 777 5748 verba
804 5677 859 5728 in
893 5674 1150 5748 [sagogen
1181 5676 1470 5748 Porphyrii
1507 5695 1572 5733 ex
1617 5679 1744 5734 cod.
1780 5688 1987 5735 nostra:

401 5747 654 5806 biblioth.
706 5747 900 5802 afferre
920 5747 1138 5817 iuvaret
1173 5765 1186 5815 ;
1227 5747 1415 5806 sedne
1457 5750 1611 5805 tricis
1649 5752 1774 5821 plus
1829 5765 1986 5819 aequo

2099 4901 2384 4973 indulgere
2411 4901 2622 4966 videar,
2649 4901 2978 4973 observasse
2998 4899 3237 4957 sufﬁciat
3257 4897 3679 4962 Damascenum,

2098 4983 2224 5042 post
2267 4972 2590 5028 Platonicos
2628 4972 2976 5028 dialecticam
3025 4986 3380 5041 nuncupasse
3399 4986 3684 5042 _orgamml

2097 5039 2190 5097 seu
2214 5045 2626 5099 instrumentum
2655 5043 2892 5097 scientia:
2925 5061 2938 5096 :
2970 5057 3097 5098 cum
3122 5058 3154 5098 ε
3179 5039 3373 5096 contra
3399 5039 3686 5109 Peripate-

2098 5115 2337 5170 ticorum
2407 5112 2699 5168 dialectica
2739 5113 2808 5167 ad
2859 5113 3173 5182 opinionem
3231 5111 3416 5182 potius
3473 5117 3688 5182 spectet

2097 5183 2385 5262 quam.ad
2437 5184 2747 5262 scientiam.
2811 5181 3084 5262 (ia-terum
3141 5181 3688 5262 Philosopbusjure

2095 5252 2199 5310 suo
2220 5255 2295 5309 uti
2331 5255 2513 5326 potuit
2537 5254 2594 5308 in
2623 5253 2953 5326 muneribus
2975 5253 3329 5326 assignaudis
3353 5252 3685 5318 dialecticae,

2093 5322 2349 5396 quando,
2378 5324 2574 5396 eodem
2604 5324 2900 5396 Ammonio
2941 5323 2996 5378 in
3027 5322 3149 5392 ejus
3176 5322 3302 5396 Yita
3341 5330 3502 5396 teste,
3551 5336 3685 5376 cum

2095 5391 2568 5467 argumentandi,
2634 5404 2748 5467 tum
2820 5391 3260 5467 demonstrandi
3301 5391 3535 5467 regulas
3569 5406 3687 5467 _I_'e-

2097 5460 2325 5537 pererit.
2379 5467 2434 5522 Οἱ
2496 5465 2604 5537 μὲν
2659 5463 2770 5537 χὰρ
2819 5463 3048 5537 gnomon,
3110 5463 3328 5537 inquit,
3369 5460 3688 5537 ’ἀποδεζξαι

2097 5529 2198 5607 μὲν
2227 5537 2450 5608 ᾔδεσαν,
2477 5529 2784 5608 ἀποδείξεις
2812 5533 2871 5586 δὲ
2889 5537 3065 5608 ποιεῖν
3087 5529 3533 5608 οὐκὴπίσταντο.
3578 5529 3684 5584 Ve-

2101 5601 2520 5675 teres"siquid¢m
2538 5607 2907 5660 demonstrare
2933 5603 3138 5673 quidem
3165 5601 3440 5675 nouerant,
3461 5601 3683 5675 demon-

2098 5672 2421 5732 stratimium
2483 5693 2602 5732 vero
2668 5672 3119 5745 tonﬁciendarum
3196 5672 3380 5730 modos
3453 5672 3683 5743 ignora-

2099 5749 2243 5803 bant.
