3974 6338
188 373 301 439 537

187 578 489 650 δυνάμενον
520 579 581 631 ὲν
607 578 789 650 ἐαυτῷ
849 577 1015 645 εἶναι,
1066 582 1123 634 ὲν
1150 581 1208 634 δὲ
1248 586 1315 656 τῇ
1346 583 1507 657 οὐσίᾳ
1542 584 1782 657 θεωρού-

190 690 378 744 μενον.
416 671 481 726 Ἦ
508 672 609 743 μὲν
642 673 753 744 γὰρ
777 673 935 727 οὐσία
962 674 1325 747 ὑποκείμενόν
1354 686 1382 717 ν
1415 678 1552 742 ἐστι,
1594 677 1784 751 ὥσπερ

189 766 293 837 ὕλη
307 766 420 819 τῶν
454 764 800 837 πραγμάτων
819 781 832 794 ·
856 766 1209 838 συμϐεϐηκὸς
1238 768 1319 833 δὲ,
1351 769 1412 823 τὸ
1434 772 1493 823 ὲν
1517 772 1583 842 τῇ
1599 770 1781 842 οὐσίᾳ,

187 858 265 921 ὡς
297 859 356 912 ὲν
413 858 760 930 ὑποκειμένῳ
820 857 1233 932 θεωρούμενον·
1290 856 1403 916 οἷον
1429 863 1653 934 χαλκὸς,
1690 864 1786 918 καὶ

187 950 386 1022 κηρὸς,
444 952 626 1012 οὐσία,
683 952 871 1023 σχῆμα
929 952 1008 1015 δὲ,
1064 956 1160 1007 καὶ
1200 954 1384 1026 μορφὴ
1438 957 1533 1009 καὶ
1563 955 1782 1027 χρῶμα,

190 1039 679 1111 συμϐεϐηκός.Καὶ
693 1040 854 1111 σῶμα
878 1043 977 1113 μὲν
996 1044 1174 1097 οὐσίαι
1208 1045 1408 1116 χρῶμα
1429 1046 1485 1099 δὲ
1505 1064 1567 1100 συ
1576 1046 1787 1119 1.1.6561]-

188 1133 307 1193 κός.
327 1131 403 1183 Τὸ
417 1132 515 1201 μὲν
535 1126 629 1186 οὖν
659 1132 819 1203 σῶμα
847 1134 949 1187 οὐκ
979 1133 1125 1189 ἔστιν
1156 1138 1213 1189 ἐν
1235 1136 1311 1207 τῷ
1334 1136 1615 1209 χρώματι,
1648 1140 1787 1195 ἀλλὰ

186 1222 250 1276 τὸ
275 1223 477 1293 χρῶμα
496 1224 554 1275 ἐν
573 1222 650 1294 τῷ
670 1223 905 1294 σώματι.
940 1227 1075 1280 Οὐδὲ
1097 1227 1290 1300 ἡψυχὴ
1320 1231 1377 1281 ὲν
1399 1232 1466 1301 τῇ
1502 1232 1786 1307 ἐπιστήμῃ

186 1315 335 1369 ἀλλὰ
380 1316 416 1386 ἡ
480 1316 763 1390 ἐπιστήμῃ
792 1319 850 1373 ἐν
882 1320 946 1388 τῇ
977 1318 1147 1391 ψυχῇ.
1183 1320 1316 1373 Οὐδὲ
1346 1322 1374 1373 ὁ
1394 1322 1615 1392 χαλκὸς,
1637 1324 1733 1377 καὶ
1757 1326 1787 1379 ὁ

184 1408 368 1478 κηρὸς
403 1411 460 1462 ὲν
476 1408 555 1479 τῷ
580 1408 845 1480 σχήματι,
874 1409 1011 1464 ἀλλὰ
1041 1411 1104 1464 τὸ
1132 1411 1320 1484 σχῆμα
1350 1413 1406 1466 ἔν
1433 1431 1491 1466 τε
1509 1414 1586 1486 τῷ
1609 1416 1785 1488 κηρῷ,

187 1498 293 1551 καὶ
316 1497 397 1569 τῷ
424 1498 635 1569 χαλκῷ.
669 1500 802 1553 Οὐδὲ
827 1500 1045 1569 λέγεται
1070 1501 1132 1555 τὸ
1173 1503 1332 1566 σῶμα
1354 1504 1449 1558 τοῦ
1472 1505 1785 1578 χρώματος,

186 1589 338 1644 ἀλλὰ
364 1590 428 1643 τὸ
458 1591 656 1661 χρῶμα
686 1590 781 1645 τοῦ
813 1591 1069 1662 σώματος
1092 1608 1107 1623 ’
1136 1594 1260 1649 οὐδὲ
1297 1597 1329 1666 ἡ
1362 1596 1510 1668 ψυχὴ
1541 1599 1639 1669 τῆς
1664 1601 1787 1653 ἐπι-

188 1684 437 1755 στήμης,
476 1684 594 1737 ἀλλ’
639 1687 673 1756 ἡ
738 1685 1016 1757 ἐπιστήμη
1070 1687 1171 1756 τῆς
1214 1687 1428 1759 ψυχῆς·
1469 1690 1590 1743 οὐδὲ
1618 1691 1789 1763 κηρὸς

183 1776 292 1830 τοῦ
325 1778 625 1848 σχήματος,
681 1777 820 1833 ἀλλὰ
872 1778 933 1831 τὸ
984 1779 1172 1851 σχῆμα
1200 1780 1295 1834 τοῦ
1344 1782 1541 1853 κηροῦ.
1580 1785 1691 1838 Καὶ
1727 1785 1788 1839 τὸ

191 1872 301 1943 μὲν
319 1840 536 1943 xiixii-ita,
552 1840 647 1925 καὶ
661 1874 695 1943 ἡ
712 1873 908 1943 ὲπιστή
918 1840 1134 1943 gamma).
1154 1874 1214 1927 τὸ
1231 1874 1333 1946 σχῆ
1342 1840 1752 1946 μαΙάλλοιοῢται
1771 1895 1786 1910 ο
1824 1840 1868 1895 Β

188 1962 257 2014 τὸ
285 1961 341 2014 δὲ
374 1961 558 2032 σῶμα,
582 1962 679 2015 καὶ
700 1963 734 2033 ἡ
752 1961 920 2035 ψυχὴ,
947 1964 1043 2017 καὶ
1070 1965 1099 2017 ὀ
1124 1964 1295 2035 κηρὸς
1326 1964 1398 2018 τά
1424 1967 1565 2020 αὐτὰ
1593 1968 1791 2038 μένου-

191 2070 310 2117 σιν,
345 2053 446 2105 οὐκ
475 2052 868 2125 ἀλλοιουμένης
906 2054 1008 2124 τῆς
1034 2055 1245 2120 οὐσίας.
1274 2058 1388 2111 Καὶ
1420 2060 1453 2129 ἡ
1482 2059 1581 2128 μὲν
1610 2059 1788 2128 οὐσία,

190 2148 297 2201 καὶ
328 2149 365 2219 ἡ
396 2146 497 2218 ὕλη
531 2147 626 2201 τοῦ
688 2148 947 2221 σώματος
998 2150 1119 2221 μία,
1177 2150 1447 2222 χρώματα
1492 2153 1550 2207 δὲ
1596 2154 1789 2209 πολλά.

202 2238 447 2309 Ὁμοίως
470 2241 567 2294 καὶ
594 2242 687 2295 ἐπὶ
712 2242 933 2297 πάντων
960 2242 1071 2297 τῶν
1101 2245 1329 2311 λοιπῶν,
1351 2245 1413 2299 τὸ
1444 2245 1544 2315 μὲν
1568 2246 1790 2300 ὑποκει-

197 2348 393 2403 μενον,
444 2333 606 2387 οὐσία
640 2336 780 2398 ἐστὶ,
845 2335 910 2389 τὸ
949 2336 1007 2389 δὲ
1039 2338 1098 2391 ὲν
1132 2337 1485 2411 ὑποκειμένῳ
1521 2342 1588 2412 τῇ
1633 2340 1794 2413 οὐσίᾳ

196 2423 611 2496 θεωρούμενον,
658 2426 1026 2499 συμϐεὗηκός.

282 2600 590 2673 Ὀρίζονται
611 2602 666 2667 δὲ
699 2603 799 2674 τὴν
820 2604 923 2671 μὲν
952 2605 1139 2659 οὐσίαν
1194 2604 1391 2671 οὕτως.
1449 2608 1625 2662 Οὐσία
1676 2610 1795 2663 ἐστὶ
1824 2618 1829 2639 ³

200 2696 453 2765 πρᾶγμα
474 2696 886 2769 αὐθύπαρκτον,
919 2698 1017 2753 καὶ
1058 2700 1133 2769 μὴ
1157 2699 1414 2772 δεόμενον
1444 2700 1631 2772 ἑτέρου
1658 2703 1797 2773 πρὸς

197 2784 468 2857 ὕπαρξιν.
520 2788 878 2860 Συμσεϐηκὸς
934 2789 993 2843 δέ
1036 2791 1176 2856 ἔστι,
1209 2790 1272 2844 τὸ
1314 2791 1390 2863 μὴ
1418 2791 1717 2861 δυνάμενον
1739 2795 1798 2848 ὲν

198 2876 387 2948 ἑαυτῷ
414 2874 577 2943 εἶναι,
598 2879 712 2933 ἀλλ’
737 2881 794 2933 ἐν
817 2882 993 2952 ἑτέρῳ
1020 2881 1144 2952 ἕχον
1199 2881 1299 2954 τὴν
1349 2883 1604 2956 ὕπαρξιν.
1625 2885 1800 2940 Οὐσία

196 2969 387 3023 τοίνυν
406 2968 527 3024 ἐστὶ
553 2970 709 3037 Θεὸς,
741 2973 839 3026 καὶ
872 2976 984 3028 πᾶν
1015 2974 1244 3045 κτίσμα.
1276 2975 1341 3028 Ei
1366 2975 1463 3028 καὶ
1498 2974 1528 3026 ὁ
1553 2975 1686 3040 Θεὸς
1722 2976 1797 3049 (7)

197 3063 363 3118 οὐσία
394 3064 545 3119 ἐστὶν
566 3065 919 3137 ὐπερούσιος.
951 3067 1072 3121 Εἰσὶ
1099 3067 1158 3121 δὲ
1204 3068 1301 3123 καὶ
1332 3068 1614 3133 οὐσιῶδεις
1643 3068 1792 3123 ποιό-

194 3173 388 3227 τητες,
421 3159 554 3228 περὶ
576 3152 651 3213 ὧν
682 3158 939 3231 ἐροῦμεν.

1615 380 2092 447 DIALECTICA.

189 485 390 557 ἑτέρῳ,
442 482 568 556 ἔχον
603 484 707 556 τὴν
761 483 1019 559 ὕπαρξιν.
1095 487 1453 562 Συμϐεσηκὸς
1499 490 1578 555 δὲ,
1596 490 1658 545 τὸ
1706 492 1781 564 μὴ

1898 510 1997 550 non
2032 496 2091 551 in
2131 495 2307 552 altero
2350 495 2604 553 exsistat.
2654 495 2932 554 Accidens
2957 510 3091 552 vero
3117 505 3224 563 est,
3261 499 3483 571 quodin
3588 490 3611 509 ’

3378 386 3486 452 538

1886 589 2072 659 seipso
2129 603 2255 645 esse
2338 588 2549 659 nequit.
2612 591 2705 642 sed
2764 588 2819 642 in
2887 589 2998 644 alio
3072 589 3477 646 consideratur.

1886 681 2205 738 Substantia
2234 682 2406 745 enim,
2430 688 2699 751 tanquam
2723 695 2906 734 rerum
2938 682 3216 748 materies,
3246 683 3479 754 subjecti

1886 777 2155 833 rationem
2189 776 2353 831 habet
2386 794 2399 831 :
2432 774 2693 830 accidens
2732 782 2916 828 autem
2943 773 3081 828 illud
3104 781 3209 841 est,
3254 776 3401 846 quod
3426 777 3479 830 in

1886 867 2195 923 substantia
2238 868 2387 923 velut
2419 867 2474 921 in
2523 866 2773 936 subjecto
2810 865 3203 920 consideratur
3233 884 3247 920 :
3283 883 3337 920 ν.
3392 883 3478 938 gr.

1886 976 1963 1017 ass
1987 969 2041 1016 et
2063 976 2192 1016 cera
2221 959 2544 1015 substantia
2571 969 2741 1026 sunt;
2767 958 2939 1028 ﬁgura
2960 968 3168 1026 autem,
3202 968 3258 1014 et
3280 959 3481 1023 forma.

1886 1060 1941 1109 et
1970 1052 2142 1119 color,
2163 1051 2490 1106 accidentia.
2515 1049 2700 1121 Itaque
2719 1064 2921 1120 corpus
2962 1048 3189 1120 quidem
3227 1049 3484 1106 substan-

1888 1145 1964 1201 tia
1998 1152 2109 1213 est;
2148 1144 2302 1199 color
2322 1158 2472 1206 vero,
2500 1141 2778 1197 accidens.
2805 1140 3038 1196 Animus
3064 1141 3191 1195 item
3216 1140 3485 1197 substan-

1887 1233 1964 1289 tia
1997 1240 2115 1299 est;
2156 1231 2385 1287 scientia
2425 1239 2605 1286 autem
2649 1230 2929 1286 accidens.
2975 1229 3088 1286 Nec
3117 1246 3250 1285 vero
3282 1246 3485 1301 corpus

1888 1333 1975 1382 est
2008 1326 2061 1380 in
2102 1324 2308 1387 colore,
2338 1322 2434 1379 sed
2469 1323 2622 1377 color
2670 1322 2724 1376 in
2757 1337 3031 1394 corpore;
3061 1338 3241 1393 neque
3264 1324 3485 1378 animus

1889 1416 1946 1472 in
1983 1414 2353 1477 scientia,sed
2377 1414 2609 1469 scientia
2640 1414 2694 1467 in
2719 1415 2904 1469 animo
2937 1432 2952 1470 :
2994 1430 3095 1469 nec
3112 1415 3351 1485 denique
3376 1429 3476 1478 aes,

1890 1513 1983 1561 aut
2017 1520 2143 1560 cera
2172 1507 2228 1558 in
2249 1505 2420 1574 ﬁgura
2442 1514 2547 1569 cst,
2580 1504 2672 1559 sed
2712 1503 2885 1575 ﬁgura
2931 1505 2987 1559 in
3033 1520 3183 1569 cera,
3240 1514 3335 1559 aut
3373 1506 3473 1576 ιι

1888 1614 2018 1655 aere.
2071 1597 2443 1665 Quamobrem
2478 1612 2592 1651 non
2632 1596 2836 1653 dicitur
2885 1597 3093 1653 coloris
3127 1612 3356 1668 corpus,
3388 1598 3483 1652 sed

1889 1690 2044 1745 color
2072 1689 2322 1759 corporis
2349 1706 2364 1753 ;
2389 1703 2567 1759 neque
2588 1689 2806 1743 animus
2832 1687 3099 1753 scientiae,
3137 1687 3232 1743 sed
3256 1689 3485 1744 scientia

1892 1783 2095 1838 animi:
2124 1797 2306 1851 neque
2331 1796 2555 1836 rursum
2584 1795 2709 1835 cera
2743 1781 2951 1852 ﬁgurae,
2988 1780 3082 1836 sed
3118 1780 3290 1853 ﬁgura
3323 1796 3482 1835 ceras.

1892 1876 1971 1932 Ac
2001 1875 2157 1931 color
2188 1873 2435 1945 quidem,
2466 1873 2723 1936 scientia,
2750 1882 2805 1927 et
2840 1872 3014 1943 ﬁgura
3046 1871 3338 1928 mutationi
3382 1873 3485 1926 oh-

1892 1971 2056 2026 noxia
2097 1978 2250 2037 sunt,
2289 1981 2494 2037 corpus
2525 1973 2733 2031 autem,
2781 1966 3003 2021 animus
3050 1974 3107 2021 ct
3135 1979 3263 2020 cera
3293 1963 3485 2019 eadem

1892 2070 2142 2127 manent,
2175 2059 2377 2131 quippe
2407 2073 2535 2114 cum
2584 2058 2897 2114 substantia
2934 2056 3229 2112 mutationi
3278 2069 3487 2126 nequa—

1891 2168 2055 2223 quam
2113 2152 2350 2208 obnoxia
2396 2151 2488 2207 sit.
2537 2148 2786 2221 Itemque
2847 2148 3159 2205 substantia
3221 2146 3483 2219 quidem,

1892 2255 1948 2302 et
1976 2245 2209 2301 materia
2259 2245 2653 2316 corporis'una
2708 2248 2833 2298 est:
2873 2241 3027 2297 multi
3088 2255 3218 2296 vero
3269 2240 3485 2295 colores

1894 2344 2043 2394 sunt.
2093 2336 2222 2391 Pari
2268 2336 2433 2391 modo
2491 2336 2548 2390 in
2580 2334 2811 2404 reliquis
2847 2332 3128 2399 omnibus,
3172 2331 3483 2401 subjectum

1893 2431 2116 2502 quidem
2173 2436 2258 2484 est
2309 2428 2644 2493 substantia,
2687 2425 2835 2496 quod
2891 2433 3074 2479 autem
3112 2423 3170 2478 in
3204 2422 3485 2494 subjecto,

1895 2522 2207 2579 substantia
2235 2535 2452 2590 nempe,
2482 2527 2788 2589 spectatur,
2817 2515 3100 2573 accidens.

1967 2614 2314 2685 Deﬁnitiones
2340 2612 2657 2667 substantia:
2687 2619 2737 2665 et
2767 2607 3078 2663 accidentis.
3106 2635 3179 2648 -
3203 2605 3285 2661 Ad
3339 2605 3487 2661 hunc

1895 2720 2063 2777 porro
2115 2705 2339 2759 modum
2398 2700 2767 2758 substantiam
2808 2698 3127 2754 deﬁniunt:
3172 2696 3489 2752 subssautia

1897 2807 1982 2856 est
2010 2814 2097 2854 res
2129 2813 2227 2869 per
2275 2811 2336 2852 se
2382 2794 2682 2857 exsistens,
2733 2806 2837 2847 nec
2880 2790 3137 2862 indigens
3191 2790 3367 2843 altero
3418 2786 3487 2842 ad

1896 2890 2299 2948 exsistendum.
2336 2886 2609 2942 Accidens
2661 2899 2796 2940 vero
2840 2891 2948 2949 est,
3000 2882 3149 2953 quod
3207 2882 3265 2936 in
3298 2882 3484 2950 scipso

1897 3001 2020 3042 esse
2048 2982 2263 3054 nequit,
2301 2980 2399 3037 sed
2434 2986 2519 3035 est
2557 2981 2614 3033 in
2645 2978 2775 3034 alio.
2819 2976 3166 3047 Quapropter
3216 2974 3386 3037 Deus,
3431 2980 3488 3028 et

1899 3074 2080 3131 omnis
2106 3089 2193 3130 res
2221 3080 2430 3136 creata,
2452 3069 2776 3126 substantias
2797 3077 2929 3124 sunt
2957 3088 2970 3123 :
2998 3081 3320 3138 quanquam
3347 3064 3489 3121 Deus

1818 3161 1861 3220 C
1894 3166 2167 3239 ejusmodi
2201 3164 2515 3221 substantia
2573 3169 2681 3228 est,
2707 3177 2830 3233 quae
2859 3160 3231 3219 substantiam
3264 3173 3486 3216 omnem

195 3251 458 3307 excedat.
504 3250 643 3307 Sunt
670 3260 853 3307 autem
884 3252 1113 3324 insuper
1161 3256 1457 3327 qualitates
1508 3257 1924 3325 substantiales,
1955 3259 2025 3315 de
2053 3258 2256 3330 quibus
2297 3256 2591 3314 dicemus:

275 3365 472 3440 fotum
498 3365 807 3440 Ali_oc_caput_
828 3377 1079 3439 quartum
1105 3385 1168 3423 ea
1196 3369 1339 3423 edidi
1366 3371 1500 3425 serie
1525 3388 1631 3440 qua
1664 3372 1720 3424 in
1773 3371 2003 3426 editione
2057 3370 2354 3426 Basileensi
2394 3369 2606 3440 legitur,
2655 3387 2854 3425 necnon
2894 3370 2950 3425 in
2999 3368 3191 3440 Regiis,
3220 3365 3489 3440 codicibus

196 3456 259 3511 rt.
296 3435 655 3511 1986:2927,
676 3438 814 3511 2951
840 3435 888 3491 et
918 3440 1081 3511 5447,
1107 3440 1197 3511 qui
1219 3435 1562 3511 prolixiorem
1585 3441 1907 3501 Damasceni
1935 3443 2161 3511 logicum
2184 3435 2473 3495 continent.
2516 3439 2707 3495 Verum
2733 3435 3157 3511 quandoquidem
3176 3439 3228 3491 in
3257 3438 3491 3511 atiis‘co-

196 3508 413 3561 dicibus
443 3500 651 3578 Regiis,
673 3510 726 3561 in
769 3500 1471 3576 vetustissimoCdtbertino,
1500 3513 1555 3565 in
1589 3513 1707 3567 cod.
1733 3500 2177 3576 Sancti—Hilarii,
2210 3512 2267 3565 in
2312 3521 2497 3566 nostro
2543 3500 2815 3578 altero,'et
2856 3512 2910 3565 in
2943 3500 3103 3564 ueteri
3141 3508 3494 3578 translatione

201 3578 429 3652 Latina,
455 3576 612 3652 atque
637 3579 691 3631 in
713 3579 1211 3652 Arabica,_omnino
1237 3582 1417 3652 uarius
1456 3591 1534 3635 est
1565 3593 1864 3647 contextus,
1897 3584 2345 3652 fastidiosumque
2391 3582 2548 3650 foret,
2603 3576 3006 3652 imolperquam
3047 3579 3285 3652 di/ﬁcile,
3312 3576 3491 3630 varias

199 3650 458 3723 lectiones
490 3650 753 3723 colligere,
785 3660 835 3703 et
868 3650 1149 3721 sigillatim
1177 3651 1453 3715 adnotare,
1490 3652 1625 3706 illud
1656 3652 1795 3708 idem
1826 3649 1984 3723 caput
2015 3669 2077 3723 eo
2107 3649 2327 3706 seorsim
2356 3649 2539 3723 ordine
2586 3649 2869 3723 edendunt'
2896 3651 3098 3711 censui,
3133 3664 3235 3720 quo
3366 3659 3490 3699 mox

201 3720 449 3794 laudatis
479 3720 747 3794 codicibus
774 3717 1070 3794 reperitur;
1098 3723 1329 3794 maxime
1373 3739 1513 3788 cum,
1548 3732 1598 3777 et
1640 3717 1964 3794 approbante
1996 3721 2350 3794 C0mbeﬁsio,_
2390 3722 2541 3792 longe
2602 3721 2900 3776 nitidiorem
2931 3717 3153 3776 sensum'
3191 3717 3487 3774 exhibeant.

200 3790 377 3862 Atque
400 3792 596 3845 hancce
614 3790 913 3863 methodum
943 3793 999 3845 in
1032 3792 1197 3863 logico
1219 3791 1540 3848 Damasceni
1570 3790 1722 3863 opere
1745 3795 1891 3865 sequi
1920 3795 2115 3849 iterum
2147 3790 2302 3863 atque
2334 3790 2528 3846 iterum
2569 3808 2835 3863 cogemur.

201 3907 349 3977 Περὶ
400 3906 509 3960 τοῦ
554 3907 749 3974 ὄντος,
805 3909 1020 3976 οὐσίας
1076 3926 1142 3963 τε
1184 3910 1285 3964 καὶ
1324 3913 1795 3981 συμϐεϐηκότος.

277 4003 352 4055 Τὸ
376 4000 442 4055 ὃν
468 4000 646 4055 κοινὸν
673 4001 847 4073 δνομά
877 4003 996 4055 ἐστι
1022 4001 1242 4057 πάντων
1258 4002 1368 4057 τῶν
1405 4003 1595 4058 ὅντων.
1626 4002 1799 4059 Τοῦτο

207 4094 312 4164 μὲν
371 4090 468 4147 οὖν
486 4093 773 4163 διαιρεῖται
838 4100 869 4129 ³
911 4092 995 4156 εἰς
1039 4092 1230 4148 οὐσίαν
1272 4094 1365 4148 καὶ
1422 4094 1795 4167 συμϐεϐηκός.

206 4186 387 4242 Οὐσια
420 4187 519 4256 μὲν
547 4181 641 4240 οὖν
670 4187 790 4239 ἐστι
842 4187 1076 4257 πρᾶγμα
1129 4184 1537 4256 αὐθύπαρκτον,
1574 4187 1649 4259 μὴ
1677 4188 1798 4242 δεό-

213 4294 379 4348 μενον
400 4277 571 4348 ἑτέρῳ
604 4276 740 4347 πρὸς
771 4275 1030 4330 σύστασιν
1050 4292 1064 4307 ⁸
1109 4277 1279 4347 ἤγουν
1313 4277 1373 4331 τὸ
1414 4278 1473 4331 ὲν
1506 4275 1688 4345 ἑαυτῷ
1714 4278 1796 4347 ὃν,

210 4370 308 4422 καὶ
339 4368 418 4439 μὴ
448 4370 508 4421 ὲν
540 4369 715 4439 ἑτέρῳ
772 4368 897 4440 ἔχον
926 4369 1027 4439 τὴν
1073 4368 1308 4439 ὕπαρξιν
1347 4377 1398 4423 γ.
1444 4369 1800 4442 Συμὸεσηκὸς

208 4457 287 4521 δὲ,
314 4457 381 4509 τὸ
414 4457 489 4527 μὴ
527 4456 823 4528 δυνάμενον
853 4459 912 4511 ἐν
953 4456 1133 4529 ἑαυτῷ
1169 4452 1332 4524 εἶναι,
1388 4456 1507 4512 ἀλλ’
1534 4460 1593 4513 ὲν
1622 4459 1799 4533 ἑτέρῳ

2184 3909 2263 3964 De
2291 3921 2429 3975 ente,
2474 3908 2781 3963 substantia
2819 3920 2869 3963 et
2903 3906 3190 3962 accidente.

1973 4002 2085 4060 Ens
2111 4017 2299 4059 rerum
2334 4003 2581 4057 omnium
2623 4017 2918 4057 commune
2950 4009 3037 4057 cst
3084 4014 3309 4056 nomen.
3339 3997 3489 4066 Quo-

1901 4095 2054 4151 circa
2100 4093 2443 4150 dividiturin
2498 4092 2868 4149 substantiam
2926 4099 2980 4149 et
3028 4091 3305 4146 accidens.
3344 4088 3488 4144 Sub-

1903 4186 2108 4245 stantia
2160 4192 2247 4242 est
2292 4201 2383 4241 res
2412 4200 2511 4257 per
2537 4200 2598 4241 se
2628 4185 2921 4248 exsistens,
2965 4196 3068 4238 nec
3104 4182 3213 4235 alio
3240 4180 3492 4250 indigens

1905 4279 1974 4336 ad
2020 4276 2479 4344 subsistendum;
2534 4277 2653 4333 sive
2718 4276 2772 4331 id
2829 4274 2976 4346 quod
3022 4274 3097 4329 ita
3131 4272 3184 4328 in
3242 4287 3302 4328 se
3361 4282 3489 4337 cst,

1908 4383 1967 4433 ut
2019 4386 2129 4427 non
2172 4372 2411 4427 exsistat
2471 4370 2527 4425 in
2596 4370 2791 4426 altero.
2839 4367 3108 4424 Accidens
3151 4378 3283 4421 vero
3358 4361 3492 4417 illud

1905 4459 2174 4533 estquod
2211 4476 2333 4517 esse
2390 4460 2445 4515 in
2512 4459 2694 4530 scipso
2738 4473 2849 4513 non
2900 4463 3101 4528 potest,
3131 4454 3229 4510 sed
3278 4453 3334 4507 in
3385 4451 3493 4506 alio

211 4549 334 4620 ἔχον
374 4550 476 4621 τὴν
506 4548 761 4622 ὓπαρξιν.
808 4550 874 4604 Ἦ
926 4551 1023 4622 μὲν
1078 4551 1190 4620 γὰρ
1240 4550 1401 4605 οὐσία
1440 4550 1792 4622 ὑποκείμενόν

1906 4554 2071 4612 habet
2140 4563 2202 4609 ut
2268 4553 2522 4610 exsistat.
2579 4550 2900 4607 Substantia
2974 4557 3237 4619 tanquam
3310 4558 3492 4599 rerum

210 4643 383 4707 ἐστιν,
417 4641 611 4714 ὥσπερ
638 4643 740 4714 ὐλη
780 4643 894 4697 τῶν
922 4643 1289 4715 πραγμάτων.
1328 4642 1686 4715 Συμόεὸηκὸς
1719 4639 1796 4710 δὲ,

212 4733 273 4787 τὸ
340 4734 405 4787 ὲν
454 4734 616 4805 οὐσίᾳ
669 4733 1067 4807 θεωρούμενον,
1119 4728 1233 4788 οἷον
1278 4732 1341 4787 τὸ
1388 4732 1570 4805 σῶμα,
1616 4735 1803 4788 καὶτὸ

1911 4646 2165 4712 materia,
2229 4646 2465 4717 subjecti
2513 4645 2782 4699 rationem
2840 4642 3005 4698 habet
3056 4660 3072 4695 .
3125 4648 3182 4693 at
3230 4636 3488 4693 accidens

1911 4738 1970 4793 in
2051 4738 2302 4808 subjecto
2382 4737 2820 4805 consideratur;
2931 4742 2988 4789 ut
3072 4739 3207 4804 puta
3291 4744 3494 4799 corpus

1537 4845 1771 4904 VARIIE
1810 4849 2215 4907 LECTIONES.

281 4976 310 5005 ν
340 4964 650 5039 ldem_cod.
684 4961 813 5039 Reg.
846 4961 1203 5039 rbustpevov:
1281 4970 1309 4999 ι
1343 4960 1496 5034 Regii
1522 4962 1559 5017 2
1584 4961 1743 5018 τοῦτο
1770 4959 1865 5019 οὖν
1897 4964 1958 5019 τὸ
1993 4964 2055 5021 ὃν
2080 4966 2358 5039 τέμνεται.
2392 4965 2513 5021 Vet.
2548 4965 2648 5023 int.
2695 4963 2813 5020 Hoc
2874 4963 3039 5035 igitur
3089 4976 3205 5017 eus.
3279 4968 3311 5011 1
3338 4958 3492 5031 Regii

213 5037 251 5090 2
284 5037 428 5109 πρὸς
456 5034 718 5089 σύστασιν
741 5032 858 5106 ἦτοι
878 5034 979 5107 τὴν
1012 5032 1269 5105 ὓπαρξιν.

1738 5153 1973 5213 NOTAE.

292 5250 477 5321 (7)7131
501 5249 602 5316 καὶ
631 5252 665 5304 ό
696 5249 841 5317 Θεὸς
894 5250 1097 5305 οὐσία.
1143 5249 1459 5320 Quanquam
1509 5248 1802 5315 Deus,etc.

223 5320 625 5391 suspicionem
663 5321 827 5378 diluit
874 5336 1089 5387 eorum,

220 5389 471 5446 lnstitut.
504 5391 572 5463 ad
600 5389 762 5447 Joan.
815 5390 1042 5447 Laodic.
1078 5389 1456 5463 colligerent,
1478 5389 1661 5463 ’Deum
1698 5392 1804 5463 sub

218 5476 425 5533 genere
450 5461 781 5533 substantia:
801 5462 1042 5517 censeri.
1078 5461 1406 5533 Undeiinfra
1434 5478 1557 5533 cap.
1591 5462 1682 5527 46,
1709 5461 1802 5517 ubi

218 5548 321 5587 ens
345 5531 549 5586 dividit
572 5533 625 5587 in
662 5533 1028 5588 substantiam
1059 5543 1117 5589 et
1145 5531 1425 5595 accidens,
1458 5531 1517 5588 et
1543 5534 1801 5589 substan-

218 5603 355 5655 tiam
379 5601 435 5657 in
469 5617 567 5658 sua
597 5603 881 5663 inferiora,
907 5604 1150 5657 divinam
1183 5603 1553 5659 substantiam
1589 5603 1797 5658 omisit.

218 5672 366 5745 Quin
407 5675 599 5745 potius?
629 5674 725 5727 lib.
763 5691 779 5729 ι
811 5672 889 5726 De
937 5674 1033 5743 ﬁd.
1061 5674 1213 5745 orth.
1252 5690 1302 5729 c.
1336 5673 1403 5726 12
1425 5714 1440 5738 ,
1486 5682 1649 5745 negat
1681 5673 1801 5745 sine

221 5743 512 5813 impietate
544 5744 806 5798 afﬁrmari
840 5760 1026 5814 posse.
1060 5743 1227 5798 Deum
1261 5760 1368 5799 non
1398 5743 1800 5813 liujus‘simpli-

219 5814 415 5869 citatis
441 5829 587 5881 esse,
613 5823 669 5869 ut
702 5816 768 5871 ab
791 5814 1186 5872 cssentialibus
1228 5815 1554 5872 differentiis
1596 5816 1797 5871 immu-

1914 5252 2002 5307 nis
2044 5252 2138 5308 sit.
2177 5249 2451 5318 Quocirca
2506 5247 2832 5304 Theodorus
2877 5246 3186 5318 Abucaras,
3217 5240 3490 5318 opusc.?.

1185 5323 1240 5376 ui
1281 5310 1351 5377 e'x
1406 5335 1531 5391 cap.
1562 5321 1629 5375 t2
1660 5310 1807 5376 "sua:
1913 5338 1980 5378 eo
2022 5310 2262 5378 maxime
2317 5322 2514 5391 probat
2568 5319 2738 5375 Deum
2821 5315 3215 5391 e_t_hominem_
3254 5310 3394 5366 duas
3438 5310 3492 5364 in

1910 5392 2136 5448 Christo
2192 5383 2424 5447 naturas
2484 5405 2645 5453 esse,
2716 5387 2879 5459 quod
2904 5387 3088 5459 homo
3131 5383 3243 5459 sub
3292 5395 3493 5459 genere

1910 5472 2192 5536 ponatur,
2248 5460 2394 5517 Deus
2418 5477 2547 5536 Anon
2628 5450 2806 5536 item}
2850 5456 2985 5521 Θεὸς
3030 5454 3139 5536 οὐκ
3197 5450 3492 5536 εἱςξγένος

1912 5520 2372 5604 ὐποταχθῆσεται,
2403 5531 2481 5604 ὡς
2512 5530 2626 5604 ἔχει
2674 5520 2982 5604 ἄνθρωπος.
3015 5524 3107 5604 Διὸ
3157 5520 3493 5604 unguine-96‘:

1912 5605 2063 5657 ἐστιν
2090 5591 2404 5674 άρίθμῆσαι
2425 5591 2519 5655 δύο
2543 5591 2892 5674 ’ἐρύσειςςκαὶ
2924 5597 3018 5674 δύο
3047 5591 3491 5674 οὐσιάςζηΕςιιὶριιι

1911 5676 2044 5728 olim
2078 5660 2741 5743 [οὶίοἱιεότευιιιθιῖιοιιιε
2754 5660 2937 5743 fuerat
2965 5666 3235 5743 Rusticus
3258 5663 3319 5719 S.
3433 5660 3494 5714 Ε.

1910 5745 2219 5815 Diaconus,
2241 5737 2511 5817 Disputat.
2538 5752 2726 5800 contra
2753 5737 3073 5813 Acephaias.
3378 5742 3383 5745 ‘

3933 523 3936 536 Ι

3933 1011 3956 1028 ,.

3937 1079 3970 1112 ι.

3933 1127 3940 1136 .

3953 1187 3956 1196 .

3933 1245 3950 1284 ἶ.

3935 1359 3940 1372 Ι

3935 1389 3956 1418 Ι,

3933 1453 3938 1464 Ι

3935 1677 3960 1728 il

3955 1735 3960 1744 .

3933 1781 3956 1818 ξι

3957 1843 3962 1852 .

3943 1921 3962 1962 τξ

3941 2035 3950 2048 λ

3937 2127 3960 2144 ’ἱ

3943 2237 3960 2256 Ἰ

3943 2291 3960 2314 ll

3955 2363 3972 2394 ἶ.

3941 2395 3970 2440 ἰ

3957 2457 3968 2478 ξι

3941 2535 3972 2562 ~>.

3957 2617 3972 2644 λ

3957 2649 3972 2734 ξ

3941 2741 3950 2750 .

3945 2781 3972 2816 ’ὃ

3945 2827 3972 2838 Ἰ

3961 2867 3968 2908 ἒ

3965 2911 3972 2922 δ

3961 3187 3970 3212 l

3938 3267 3960 3296 .

3953 3297 3960 3306 ς

3961 3435 3966 3446 Ι
