3974 6338
473 337 583 406 539

1677 333 1737 393 S.
1780 331 2105 393 JOANNIS
2144 325 2546 389 DAMASCEN
2553 325 2582 384 Ι

3659 312 3768 380 540

473 461 529 512 et
551 449 721 508 color.
747 445 866 504 Non
899 445 1046 504 enim
1079 460 1283 517 corpus
1313 451 1397 500 est
1429 445 1485 500 in
1523 442 1730 508 colore,
1773 447 1866 498 sed
1926 442 2068 496 color

2182 436 2380 508 χρῶμα
2401 454 2414 466 ⁸
2440 436 2500 490 οὔ
2533 434 2642 506 γάρ
2671 435 2786 486 ἐστι
2823 429 2981 500 σῶμα
3025 427 3082 480 ὲν
3119 423 3197 496 τῷ
3220 423 3502 497 χρώματι,
3539 423 3674 480 ἀλλά
3704 425 3766 480 τὺ

475 544 813 612 incorpore.
854 538 1006 594 Unde
1039 553 1244 611 corpus
1282 545 1367 592 est
1423 537 1760 600 substantia,
1818 541 1874 590 et
1911 535 2068 589 color

475 634 756 692 accidens.
790 632 1170 688 Consimiliter
1213 631 1434 685 animus
1485 639 1540 685 et
1583 628 1898 700 prudentia.
1950 628 2068 684 Non

473 726 618 781 enim
645 723 867 780 animus
902 731 1083 778 exstat
1109 723 1162 776 in
1199 722 1518 792 prudentia,
1556 721 1652 777 sed
1683 721 1978 792 prudentia
2013 721 2065 775 in

475 817 681 872 animo.
717 815 838 882 Quo
874 815 952 882 ﬁt,
991 823 1050 868 ut
1077 830 1190 870 non
1225 815 1445 870 dicatur
1470 829 1675 884 corpus
1701 813 1928 878 coloris,
1973 813 2069 868 sed

474 911 632 966 color
659 907 950 979 corporis;
985 923 1166 976 neque
1197 907 1418 960 animus
1441 906 1771 977 prudentiae,
1809 907 1904 961 sed
1935 921 2069 976 pru-

476 1001 662 1057 dentia
689 1001 882 1055 animi.
919 999 1152 1056 Animus
1185 1015 1316 1070 ergo
1341 998 1650 1054 substantia
1694 1007 1800 1065 est,
1827 997 2069 1070 pruden-

477 1093 553 1146 tia
578 1106 712 1146 vero
728 1090 1012 1146 accidens.
1035 1091 1138 1160 12
1166 1089 1391 1159 Dempta
1415 1089 1685 1160 siquidem
1711 1090 1915 1152 animo,
1942 1105 2073 1161 pru-

475 1183 720 1238 dentiam
750 1198 972 1254 quoqut:
1003 1183 1121 1236 tolli
1145 1197 1434 1238 necessum
1463 1189 1569 1238 est.
1598 1180 1656 1237 Si
1675 1182 1820 1237 enim
1847 1183 2072 1238 desierit

479 1277 724 1343 animus,
779 1277 835 1332 in
891 1293 1132 1346 quonam
1165 1275 1455 1347 prudentia
1483 1276 1837 1347 reperietur?
1868 1275 2068 1332 Verum

476 1369 696 1425 sublata
734 1370 1048 1441 prudentia,
1105 1385 1217 1424 non
1283 1368 1468 1424 statim
1526 1368 1743 1423 animus
1781 1368 2068 1425 aufertur:

475 1463 737 1534 quoniam
807 1464 1020 1533 absque
1097 1463 1389 1533 prudentia
1464 1477 1792 1533 permanere
1855 1463 2072 1520 animus

475 1561 679 1626 potest.
713 1555 842 1610 Pari
878 1555 1041 1610 modo
1074 1555 1320 1610 omnium
1354 1555 1565 1610 entinn‘.
1591 1554 1728 1609 illud
1759 1555 2071 1612 substantia

474 1654 584 1710 est,
619 1647 766 1718 quod
799 1647 852 1701 in
887 1646 1094 1718 seipso,
1127 1655 1182 1702 et
1208 1661 1314 1701 non
1345 1646 1400 1701 in
1431 1648 1560 1711 alio,
1595 1647 1760 1703 habet
1794 1647 2071 1708 exsistena

475 1739 650 1793 tiam:
686 1739 832 1809 quod
861 1746 1044 1794 autem
1081 1754 1180 1809 per
1207 1755 1268 1794 se
1305 1755 1429 1795 esse
1473 1739 1687 1810 nequit,
1736 1738 1836 1796 sed
1875 1739 1931 1796 in
1961 1738 2071 1796 alio

475 1838 676 1900 exstat,
714 1832 818 1888 hoc
852 1833 1014 1903 plane
1045 1843 1129 1889 est
1155 1833 1436 1888 accidens.

1153 2010 1309 2068 CAP.
1342 2011 1405 2066 V.

1159 2105 1238 2161 De
1267 2122 1408 2162 voce.

559 2193 672 2254 Vox
703 2197 815 2253 alia
845 2199 1177 2270 signiﬁcans,
1218 2199 1332 2254 alia
1363 2215 1480 2270 qum
1525 2197 1661 2253 nihil
1713 2198 2076 2270 signiﬁcat.—

475 2285 934 2360 Quandoquidem
987 2290 1054 2346 de
1087 2291 1239 2346 omni
1292 2306 1525 2362 prorsus
1543 2291 2076 2362 philosophicavoce

474 2379 664 2438 dicere
694 2383 1062 2451 instituimus,
1089 2399 1275 2456 operae
1295 2385 1532 2456 pretium
1563 2393 1650 2442 est
1679 2395 1740 2440 ut
1767 2385 1922 2456 prius
1949 2400 2075 2455 per-

474 2481 724 2543 spectum
741 2473 1065 2542 habeamus,
1081 2476 1227 2547 circa
1255 2487 1524 2550 quasnam
1545 2492 1708 2534 voces
1727 2477 2076 2548 philosophia

473 2575 754 2622 versetur.
787 2566 869 2622 Ab
910 2567 1026 2638 ipsa
1061 2583 1195 2626 voce
1218 2569 1390 2639 igitur
1421 2577 1646 2642 sumpto
1675 2571 1952 2626 sermonis
1978 2585 2076 2626 ex-

473 2657 655 2721 ordio,
695 2659 800 2714 hoc
847 2659 1087 2716 dicimus
1121 2676 1136 2714 :
1165 2676 1271 2720 vox
1321 2669 1420 2716 aut
1466 2662 1868 2731 signiﬁcatione
1901 2671 2072 2726 caret,

473 2755 571 2804 aut
601 2749 948 2820 signiﬁcandi
973 2752 1082 2806 vim
1104 2752 1289 2807 habet.
1314 2752 1449 2820 Quae
1471 2752 1877 2824 signiﬁcatione
1901 2761 2071 2822 caret,

475 2852 540 2892 ea
570 2846 655 2894 est
687 2854 796 2910 qua
827 2840 966 2894 nihil
1005 2840 1393 2911 signiﬁcatur:
1431 2857 1552 2913 quae
1597 2858 1729 2899 vero
1768 2845 1878 2899 vim
1911 2845 2076 2901 habet

463 2927 853 2998 signiﬁcandi,
898 2946 965 2987 ea
1015 2929 1364 3001 signiﬁcatur
1417 2933 1648 3004 aliquid.
1684 2933 1924 2991 Rursum
1967 2951 2076 2992 vox

430 3066 441 3078 .
477 3017 597 3087 illa,
637 3035 762 3090 qua:
801 3021 941 3076 nihil
980 3021 1280 3094 signitlcat,
1331 3030 1427 3078 aut
1487 3025 1780 3081 articulata
1829 3035 1934 3095 est,
1980 3035 2076 3086 aut

475 3125 586 3165 non
620 3113 934 3170 articulata.
969 3113 1091 3169 Non
1115 3115 1410 3171 articulata
1441 3127 1545 3184 cst,
1566 3134 1690 3190 quae
1707 3119 2075 3178 scribinulla—

473 3207 640 3257 tenus
671 3212 886 3273 potest;
947 3205 1242 3260 articulata
1271 3214 1479 3272 autem,
1504 3224 1628 3279 qua:
1656 3218 1840 3281 potest
1878 3213 2072 3269 scribi.

473 3291 665 3364 Itaque
708 3311 818 3350 non
855 3297 1150 3352 articulata
1175 3337 1191 3363 ,
1231 3313 1354 3369 quae
1395 3316 1592 3372 expers
1649 3311 1735 3358 est
1795 3304 2075 3376 signiﬁca-

2169 525 2370 598 χρῶμα
2386 527 2443 578 ἑν
2460 524 2538 594 τῷ
2558 521 2791 592 σώματι.
2817 521 3007 573 Ἔστιν
3029 513 3145 582 οὖν,
3168 515 3230 569 τὸ
3251 517 3350 586 μὲν
3376 515 3556 586 σῶμα,
3579 515 3762 582 οὐσία,

2170 618 2230 670 τὸ
2263 617 2321 670 δὲ
2350 617 2571 687 χρῶμα,
2610 631 2672 666 συ
2682 611 2980 684 μϐεϐηκός.
2998 609 3233 681 Ὁμοίως
3255 609 3349 662 καὶ
3367 610 3401 680 η
3421 607 3593 680 ψυχὴ,
3616 609 3764 682 καὶή

2171 710 2451 781 φρόνησις.
2489 707 2562 761 Οὔ
2594 707 2704 778 γάρ
2732 707 2880 758 ἐστιν
2911 705 2944 774 ἡ
2979 701 3128 772 ψυχὴ
3159 703 3216 754 ἐν
3237 702 3305 772 τῇ
3338 701 3626 771 φρονήσει,
3649 701 3762 755 ἀλλ’

2171 800 2204 871 ἡ
2237 798 2502 870 φρόνησις
2552 799 2609 851 ἐν
2662 798 2732 867 τῇ
2769 795 2940 866 ψυχῇ.
2988 793 3080 846 Διὸ
3109 791 3233 846 οὐδὲ
3267 792 3490 860 λέγεται
3515 791 3578 846 τὸ
3606 791 3766 862 σῶμα

2171 891 2266 946 τοῦ
2303 890 2617 963 χρώματος,
2678 888 2818 944 ἀλλὰ
2865 887 2926 941 τὸ
2963 887 3165 958 χρῶμα
3188 885 3283 940 τοῦ
3321 885 3576 957 σώματος
3601 902 3615 915 ·
3641 885 3765 939 οὐδὲ

2173 985 2206 1054 ή
2239 981 2386 1052 ψυχὴ
2421 981 2518 1052 τῆς
2557 981 2895 1052 φρονήσεως,
2930 977 3100 1046 ἀλλ’ἢ
3145 975 3410 1047 φρόνησις
3440 975 3538 1046 τῆς
3559 973 3762 1046 ψυχῆς.

2178 1077 2368 1129 Ἔστιν
2399 1070 2513 1135 οὖν.
2542 1077 2575 1144 ἡ
2614 1074 2713 1145 μὲν
2757 1073 2904 1144 ψυχὴ
2954 1070 3133 1133 οὐσία,
3159 1069 3270 1142 ἡδὲ
3308 1070 3592 1141 φρόνησις,
3625 1085 3768 1138 συμ-

2172 1167 2428 1239 ϐεϐηκός.
2490 1168 2602 1238 Τῆς
2664 1167 2762 1238 μὲν
2813 1165 2922 1237 γὰρ
2971 1163 3153 1234 ψυχῆς
3197 1161 3623 1232 ἀναιρουμένης,
3649 1176 3769 1213 συνο

2172 1263 2481 1332 αναιρεῖται
2524 1260 2618 1313 καὶ
2648 1260 2682 1329 ὴ
2716 1257 3000 1330 φρόνησις.
3042 1254 3137 1326 Μὴ
3190 1251 3358 1324 οὔσης
3419 1252 3530 1322 γὰρ
3561 1249 3766 1326 ψυχῆς,

2173 1351 2231 1406 ὲν
2258 1353 2362 1406 τίνι
2397 1351 2550 1406 ἔσται
2580 1350 2850 1422 φρόνησις
2880 1359 2938 1416 ις
2979 1347 3300 1420 φρονήσεως
3329 1343 3388 1398 δὲ
3431 1341 3768 1413 ἀναιρουμέ-

2172 1461 2292 1517 νης,
2324 1445 2386 1498 οὐ
2417 1445 2635 1508 πάντως
2694 1443 3005 1514 ἀναιρεῖται
3040 1442 3073 1511 ἠ
3117 1439 3262 1510 ψυχή
3290 1454 3304 1469 ·
3355 1437 3636 1507 ἐνδέχεται
3656 1434 3770 1508 γὰρ

2169 1535 2350 1608 ψυχὴν
2379 1530 2522 1589 εἶναι
2550 1535 2708 1599 ἐκτὸς
2755 1535 3089 1607 φρονήσεως.
3133 1530 3364 1602 Ὁμοίως
3398 1529 3492 1582 ἐπὶ
3547 1528 3771 1582 πάντων

2170 1629 2279 1684 τῶν
2310 1629 2502 1692 ὄντων,
2540 1628 2601 1682 τὸ
2653 1630 2709 1681 ὲν
2751 1625 2952 1696 ἑαυτῷ,
2994 1625 3089 1679 καὶ
3119 1624 3194 1696 μὴ
3227 1625 3284 1676 ὲν
3331 1621 3505 1694 ἑτέρῳ
3546 1619 3670 1690 ἕχον
3708 1617 3772 1674 τὸ

2171 1713 2334 1788 εἶναι,
2368 1721 2527 1774 οὐσία
2557 1721 2704 1773 ὲστί·
2733 1718 2794 1772 τὸ
2846 1717 2903 1772 δὲ
2938 1716 3012 1788 μὴ
3058 1728 3085 1756 α
3113 1714 3412 1786 δυνάμενον
3455 1709 3578 1766 καθ’
3606 1708 3773 1764 ἑαυτὸ

2175 1807 2318 1866 εἶναι
2353 1853 2367 1877 ,
2431 1812 2546 1866 ἀλλ’
2605 1814 2664 1865 ὲν
2721 1809 2894 1882 ἑτέρῳ
2951 1808 3074 1879 ἔχον
3142 1807 3244 1878 τὴν
3315 1802 3576 1875 ὓπαρξιν,
3627 1818 3774 1873 συμ-

2175 1901 2410 1974 ϐεϐηκός
2449 1904 2565 1956 ἐστι
2603 1902 2652 1956 δ.

2780 2014 3010 2069 ΚΕΦΑΛ
3021 2054 3034 2067 .
3067 2013 3146 2066 E'.

2742 2109 2884 2176 Περὶ
2968 2103 3199 2176 φωνῆς.

2259 2201 2478 2273 Ἐπειδή
2512 2213 2536 2240 θ
2569 2198 2774 2264 σκοπὸς
2801 2200 2937 2270 ἡμῖν
2965 2199 3084 2250 ἐστι
3123 2193 3400 2249 διαλαϐεῖν
3431 2193 3561 2265 περὶ
3586 2193 3777 2259 πάσης

2174 2292 2362 2358 ἁπλῶς
2384 2293 2412 2334 τι
2439 2292 2732 2363 φιλοσόφου
2765 2290 2972 2362 φωνῆς,
2993 2289 3075 2344 δεῖ
3101 2288 3250 2358 ἡμᾶς
3275 2285 3541 2358 πρότερον
3566 2285 3777 2356 γνῶναι

2176 2386 2309 2458 περὶ
2336 2386 2497 2450 ποίας
2524 2387 2708 2456 φωνῆς
2735 2381 3026 2454 φιλοσοφία
3057 2378 3438 2447 καταγίνεται.
3480 2377 3574 2442 Ἐξ
3597 2377 3774 2450 αὐτῆς

2173 2478 2274 2548 τῆς
2304 2479 2489 2548 φωνῆς
2519 2477 2619 2549 τὴν
2649 2476 2821 2548 ἀρχὴν
2853 2474 2949 2530 τοῦ
2987 2474 3148 2541 λόγου
3178 2470 3494 2542 ποιούμενοι
3546 2488 3734 2542 φαμεν
3757 2487 3771 2500 ο

2173 2571 2208 2640 ὴ
2236 2568 2406 2641 φωνὴ,
2431 2569 2464 2640 ἢ
2487 2567 2702 2641 άσημὸς
2725 2565 3224 2638 ὲστι,ἧσημαντική
3246 2581 3260 2596 ·
3301 2563 3398 2618 καὶ
3419 2564 3636 2635 ἄσημος
3663 2563 3774 2634 μὲν

2175 2657 2324 2712 ἔστιν
2354 2659 2388 2730 ἡ
2426 2659 2594 2730 μηδὲν
2623 2657 2990 2729 σημαίνουσα.
3041 2653 3362 2727 Σημαντικὴ
3397 2654 3456 2708 δὲ
3484 2655 3520 2726 ἡ
3561 2653 3774 2725 σημαί-

2176 2750 2345 2805 νουσά
2374 2769 2449 2806 τι.
2477 2745 2611 2804 Εἶτα
2650 2750 2893 2820 πάλιν,ἡ
2929 2749 3146 2820 ἄσημος
3205 2746 3383 2817 φωνὴ,
3413 2746 3448 2817 ἢ
3494 2744 3775 2818 ἄναρθρός

2175 2846 2345 2911 ἐστιν,
2400 2843 2434 2916 ἢ
2492 2843 2777 2916 ἔναρθρος.
2809 2843 3119 2913 Ἀναρθρος
3153 2841 3252 2913 μὲν
3289 2835 3384 2895 οὖν
3424 2842 3595 2904 ὲστινο
3627 2840 3662 2911 ἡ
3693 2840 3775 2912 μὴ

2175 2935 2452 3007 δυναμένη
2477 2937 2782 3007 γραφῆναι.
2815 2934 3120 3006 Ἔναρθρος
3150 2933 3227 2996 δὲ,
3267 2934 3302 3005 ἠ
3322 2931 3596 3004 δυναμένη
3625 2948 3775 3002 γρα-

2177 3029 2370 3100 φῆναι.
2402 3031 2593 3085 Ἔστιν
2623 3029 2718 3084 οὖν
2756 3028 3028 3100 ἄναρθρος
3052 3025 3146 3082 καὶ
3186 3026 3402 3097 ἄσημος
3439 3025 3616 3096 φωνὴ,
3655 3018 3779 3080 οἷον

2177 3123 2496 3194 ἠγινομένη
2554 3123 2660 3176 ὑπὸ
2706 3121 2859 3177 λίθου
2909 3120 3098 3192 τυχὸν,
3139 3120 3174 3191 ἢ
3216 3118 3377 3184 ξύλου
3415 3130 3462 3174 α.
3489 3117 3628 3174 Οὔτε
3657 3117 3778 3189 γὰρ

2176 3215 2472 3286 γράφεται,
2507 3215 2634 3270 οὔτε
2694 3215 2952 3288 σημαίνει
3008 3232 3082 3270 τι.
3114 3215 3365 3285 ’Δσημος
3397 3212 3454 3265 δὲ
3489 3212 3582 3266 καὶ
3615 3211 3780 3283 ἔναρφ

2181 3309 2332 3380 θρος,
2353 3305 2465 3362 οἷον
2501 3309 2814 3379 σκίνδαψος.
2849 3306 3022 3362 Τοῦτο
3051 3306 3161 3378 γὰρ
3188 3306 3482 3377 γράφεται,
3513 3303 3634 3358 οὔτε
3670 3321 3777 3373 ση-

475 3384 667 3453 tinnis,
701 3402 803 3442 vox
852 3387 946 3443 illa
991 3397 1096 3453 est,
1129 3404 1252 3459 quae
1294 3405 1324 3444 a
1357 3405 1508 3458 saxo,
1543 3409 1598 3448 v.
1630 3409 1714 3465 gr.
1749 3395 1836 3450 vel
1855 3374 1896 3451 va
1918 3396 2068 3468 ligno

2178 3374 2375 3483 μαίνει.
2397 3417 2472 3454 τι.
2505 3399 2644 3454 Οὔτε
2673 3374 2783 3470 γάρ
2823 3399 3016 3469 γέγονε
3064 3374 3388 3467 σκινδαψὸς,
3441 3395 3566 3451 οὔτε
3619 3396 3775 3452 ἐστί·

474 3482 681 3537 editur.
715 3480 826 3537 Nec
865 3481 1012 3536 enim
1051 3482 1256 3540 litteris
1293 3492 1576 3550 exaratur,
1620 3499 1724 3540 nec
1763 3485 2066 3557 quidquam

475 3572 786 3643 signiﬁcat.
854 3571 1296 3640 Signiﬁcationis
1355 3589 1579 3646 expers,
1650 3583 1705 3630 et
1753 3577 2066 3643 articulata,

471 3663 624 3719 velut
671 3662 1024 3734 scindapsus.
1080 3663 1195 3722 Hoc
1233 3665 1381 3721 enim
1445 3666 1731 3732 scribitur,
1791 3668 1888 3724 sed
1917 3670 2060 3726 nihil

474 3755 778 3826 signiﬁcat.
807 3754 927 3812 Non
968 3758 1114 3812 enim
1167 3757 1398 3825 fuit,aut
1425 3760 1534 3816 erit
1575 3759 1880 3830 aliquando
1924 3763 2074 3820 scin-

476 3846 708 3918 dapsus.
743 3846 818 3902 De
840 3863 980 3904 voce
1009 3849 1186 3920 igitur
1223 3866 1346 3921 qua
1404 3851 1812 3922 signiﬁcatione
1864 3862 2070 3920 careat,

483 3937 602 3992 sive
623 3937 916 3992 articulata
950 3939 1042 4002 sit,
1073 3941 1187 3996 sive
1218 3956 1328 3996 non
1352 3942 1671 4009 articulata,
1707 3945 1859 3999 nulla
1889 3945 2072 4016 philo-

475 4027 680 4098 sophiae
701 4043 834 4083 cura
867 4038 972 4087 est.
1009 4029 1256 4087 Rursum
1303 4043 1488 4090 autem
1541 4049 1648 4090 vox
1720 4036 2066 4109 signiﬁcans,

472 4127 566 4173 aut
617 4119 910 4176 articulata
957 4129 1063 4187 est,
1127 4131 1224 4178 aut
1269 4139 1384 4179 non
1439 4124 1751 4184 articulata.
1803 4125 1922 4183 Vox
1953 4144 2066 4186 non

471 4213 787 4279 articulata,
827 4214 1178 4286 signiﬁcandi
1211 4216 1321 4271 vim
1359 4216 1590 4282 habens,
1626 4227 1734 4288 est,
1767 4228 1830 4275 ut
1855 4234 2057 4280 canum

471 4301 726 4360 latratus.
754 4306 830 4359 Ea
863 4305 1069 4376 quippe
1103 4306 1262 4362 canis
1297 4307 1642 4380 designatur,
1677 4311 1804 4381 quia
1821 4329 1927 4370 vox
1955 4323 2041 4373 est

469 4395 648 4450 canis.
691 4394 924 4467 Insuper
954 4396 1211 4469 designat
1243 4399 1440 4456 adesse
1478 4403 1741 4474 aliquem.
1784 4403 2063 4464 Caeterum

469 4501 584 4543 non
615 4495 701 4544 est
732 4488 1064 4557 articulata;
1089 4505 1198 4546 non
1252 4493 1398 4547 enim
1430 4493 1600 4549 scribi
1644 4501 1849 4564 potest.
1912 4497 2065 4566 Quo-

469 4581 620 4636 circa
649 4597 830 4654 neque
877 4581 1023 4640 hanc
1055 4591 1217 4640 curat
1246 4583 1619 4656 philOSOphia.
1652 4586 1724 4642 At
1758 4603 1894 4645 vero
1939 4607 2063 4664 qua

2177 3492 2307 3563 περὶ
2335 3493 2434 3563 μὲν
2468 3489 2562 3548 οὖν
2590 3495 2690 3564 τῆς
2719 3495 2938 3565 ἀσήμου
2968 3492 3176 3564 φωνῆς,
3213 3491 3308 3545 καὶ
3345 3491 3445 3562 τῆς
3471 3489 3775 3563 ἀνάρθρου,

2175 3585 2272 3638 καὶ
2301 3584 2567 3658 ἐνάρθρου
2590 3586 2765 3650 οὐδεὶς
2804 3585 2962 3655 λόγος
3006 3588 3071 3658 τῇ
3114 3583 3423 3654 φιλοσοφίᾳ.
3468 3581 3532 3636 Ἠ
3580 3582 3634 3636 δὲ
3677 3601 3779 3654 ση-

2175 3679 2416 3749 μαντικὴ
2457 3679 2612 3750 φωνὴ
2641 3679 2884 3750 πάλιν,ἢ
2913 3677 3176 3750 ἔναρθρός
3206 3678 3378 3740 ἐστιν,
3406 3677 3438 3748 ἢ
3467 3675 3769 3748 ἄναρθρος.

2175 3769 2486 3842 ’Δναρθρος
2535 3769 2638 3840 μὲν
2687 3765 2782 3824 οὖν
2847 3767 3159 3840 σημαντικὴ
3198 3768 3352 3838 φωνή
3415 3768 3586 3832 ἐστιν,
3617 3767 3699 3831 ὡς
3735 3768 3773 3839 ἡ

2171 3861 2348 3934 ὑλακὴ
2372 3863 2482 3918 τῶν
2509 3862 2712 3929 κυνῶν,
2746 3861 2890 3934 αὔτη
2928 3861 3038 3933 γάρ
3074 3861 3334 3932 σημαίνει
3364 3861 3456 3915 τὸν
3495 3858 3660 3923 κύνα,
3688 3860 3777 3914 ὅτι

2170 3955 2333 4020 κυνὸς
2367 3957 2522 4028 φωνή
2550 3957 2689 4012 ἐστι.
2725 3954 2991 4026 Σημαίνει
3019 3955 3078 4009 δὲ
3106 3955 3200 4008 καί
3227 3971 3373 4017 τινος
3421 3953 3737 4026 παρουσίαν
3756 3967 3771 3982 °

2169 4046 2443 4120 ἄναρθρος
2461 4049 2519 4103 δέ
2546 4051 2688 4116 ἐστι,
2712 4049 2848 4103 διότι
2887 4050 2949 4104 οὔ
2979 4048 3279 4120 γράφεται.
3312 4046 3452 4102 Οὔτε
3496 4042 3592 4101 οὖν
3632 4047 3770 4120 περὶ

2168 4142 2376 4216 ταύτης
2399 4143 2558 4212 λόγος
2586 4147 2653 4217 τῇ
2693 4145 3003 4219 φιλοσοφίᾳ.
3043 4146 3108 4200 Ἦ
3161 4145 3219 4199 δὲ
3258 4143 3522 4214 ἔναρθρος
3553 4158 3774 4214 σημαν-

2167 4236 2296 4308 τικὴ
2319 4239 2487 4301 ἐστιν,
2517 4238 2552 4310 ἢ
2583 4237 2840 4304 καθόλου,
2871 4239 2905 4311 ἢ
2958 4239 3194 4310 μερική·
3232 4236 3466 4292 καθόλου
3505 4236 3626 4307 μὲν,
3651 4229 3774 4288 οἷον

2163 4327 2472 4399 ἄνθρωπος.
2524 4329 2746 4401 Μερικὴ
2797 4329 2877 4396 δὲ,
2927 4325 3042 4384 οἷον
3069 4328 3300 4400 Πέτρος,
3348 4328 3581 4390 Παῦλος.
3621 4325 3772 4380 Οὔτε

2163 4414 2259 4474 οὖν
2290 4421 2418 4491 περὶ
2441 4421 2544 4492 τῆς
2574 4423 2809 4495 μερικῆς
2844 4425 2960 4478 ὲστι
2987 4422 3146 4494 λόγος
3165 4427 3234 4497 τῇ
3264 4420 3578 4492 φιλοσοφίᾳ.
3598 4418 3773 4474 Ἀλλὰ

2165 4511 2297 4582 περὶ
2342 4511 2446 4583 τῆς
2503 4515 2868 4586 σημαντικῆς,
2898 4515 2996 4570 καὶ
3043 4515 3339 4588 ἐνάρθρου,
3368 4514 3464 4568 atat
3504 4511 3771 4578 καθόλου-

2166 4603 2339 4676 ἧγουν
2369 4608 2578 4677 κοινῆς,
2604 4607 2702 4663 καὶ
2729 4607 2824 4661 ἐπὶ
2853 4607 3067 4664 πολλῶν
3089 4608 3418 4680 λεγομένης.

469 4673 813 4773 signiﬁcans.
864 4677 1644 4773 et_8l'l_i0013_ta_esl."el95‘
1699 4681 2052 4756 universalis.
2095 4673 2584 4769 vel'particularis.
2613 4701 2989 4771 Universalis,
3062 4714 3126 4758 ut
3164 4673 3387 4769 homo,
3459 4699 3775 4773 particula-

468 4765 570 4833 τῖε»
600 4774 662 4863 ut
685 4765 900 4863 Petrus,
930 4767 1156 4826 Paulus.
1192 4767 1301 4824 Sed
1336 4785 1408 4825 ne
1450 4772 1803 4843 particularis
1829 4776 2056 4847 quidem
2095 4765 2251 4846 vocis
2316 4789 2589 4847 rationem
2652 4791 2820 4848 habet
2859 4765 3232 4863 philosophia,
3266 4765 3772 4863 sed'sig'niﬁcantis

467 4865 524 4912 et
555 4859 882 4928 articulatm,
919 4871 976 4918 et
1011 4862 1369 4920 universalis.

554 4947 670 5005 Vox
699 4953 1024 5019 essentiam,
1057 4953 1135 5008 vel
1166 4953 1465 5024 adjectitia.
1500 4986 1574 4998 —
1597 4957 1726 5016 Haec
1768 4977 1904 5020 vero
1932 4979 2062 5021 rur-

2238 4966 2388 5040 Αὔτη
2412 4969 2472 5023 δὲ
2532 4969 2759 5042 πάλινῆ
2798 4969 3068 5042 οὔσιὼδης
3097 4969 3267 5034 ἐστὶν,
3311 4969 3344 5041 ἢ
3397 4968 3771 5044 ὲπουσιώδης.

469 5060 593 5100 sum
618 5045 703 5100 vel
730 5046 1117 5104 substantialis
1159 5053 1268 5112 est,
1299 5048 1387 5104 vel
1416 5050 1741 5109 substantiae
1755 5053 2056 5126 adjectitia.

470 5137 872 5195 Substantiaiis
916 5153 1013 5195 seu
1042 5138 1360 5197 essentialis
1410 5147 1517 5209 est,
1571 5158 1694 5215 qua:
1738 5149 2058 5215 essentiam,

2169 5058 2454 5134 Οὑσιώδης
2503 5061 2602 5132 μὲν
2642 5058 2737 5117 οὖν
2784 5063 2956 5129 ἐστιν,
2994 5064 3028 5134 ἡ
3054 5061 3332 5133 δηλωτικὴ
3390 5061 3491 5133 τῆς
3543 5061 3768 5130 οὐσίας,

2167 5149 2339 5222 ἤγουν
2369 5150 2587 5220 φύσεως
2636 5151 2746 5208 τῶν
2798 5153 3163 5225 πραγμάτων.
3205 5152 3577 5225 Ἐπουσιὼδης
3596 5153 3680 5216 δὲ,
3727 5155 3764 5225 η

1772 5322 2012 5381 ῩΑΒΙᾹΞ
2053 5324 2462 5385 LECTIONES.

542 5482 566 5510 ‘-
596 5475 796 5530 Noster
828 5478 851 5531 1

893 5476 969 5571 ei:
988 5477 1188 5571 ,οθξξηε
1221 5478 1331 5571 ῖὲρ
1375 5477 1809 5571 Mithrae
1829 5481 2010 5571 ,ιιέξξ-
2037 5484 2322 5571 φρόνησις

2403 5497 2428 5525 ιι
2465 5484 2864 5557 Νοειειιῄἰαειῐι,
2897 5485 3021 5556 ἕχον
3045 5484 3157 5557 τὴν*
3191 5483 3455 5557 ὔπαρξιν,
3500 5485 3671 5557 ᾕγουν
3699 5487 3770 5540 τὸ

467 5539 633 5612 εἶναι,
667 5547 823 5600 οὐσία
852 5539 969 5600 ἐστί
987 5567 999 5580 ο
1049 5539 1190 5602 τὸδὲ
1391 5539 1425 5590 ὐ
1457 5539 1752 5607 Ῑιῖηοειιθο
1786 5551 2013 5608 additur
2037 5539 2407 5609 obcfa'coivuv
2447 5539 2888 5622 ἐστιὸεδξκαὶ
2927 5539 3036 5610 Ζἶιᾶν
3059 5539 3196 5611 ίκτίσ
3285 5539 3324 5610 .’
3353 5539 3402 5609 si
3433 5539 3588 5610 ἰωὴ
3619 5539 3765 5621 Θεὸς

467 5615 630 5668 οὐσία
666 5617 812 5668 ἐστὶν
843 5617 1170 5680 ὔπερούσιος
1193 5635 1207 5648 ο
1256 5620 1363 5673 εἰσὶ
1390 5619 1448 5673 δὲ
1507 5622 1601 5674 καὶ
1648 5621 1932 5680 οὔσιὼδεις
1965 5623 2270 5680 ποιότητες.
2329 5641 2453 5680 uua:
2481 5626 2703 5680 quidem
2738 5644 2805 5680 ex
2853 5628 3142 5680 prolixiori
3175 5574 3377 5680 mica
3418 5627 3762 5680 interpolata

467 5615 812 5696 οὔξίαᾲέστὶν
843 5617 1170 5696 ὑπερούσιος
1193 5615 1363 5696 ’λε’ἱσὶ
1390 5619 1448 5673 δὲ
1507 5622 1601 5696 καὶ
1648 5621 1932 5696 οὔσιῴδεις
1965 5623 2270 5696 ποιότητες,
2329 5641 2453 5696 qua:
2481 5626 2703 5696 quidem
2721 5615 2805 5682 ἐκ
2853 5628 3142 5696 prolixiori

832 5695 854 5767 γε
890 5686 1007 5767 Hoc
1038 5699 1204 5767 caput
1231 5689 1284 5767 in
1322 5697 1514 5767 nostro
1547 5692 1568 5767 ί
1607 5693 1966 5761 praemittitur
1996 5686 2161 5767 capiti
2201 5686 2555 5767 pragc'edenii,
2597 5697 2726 5767 περὶ
2768 5686 2920 5763 δντός
2957 5716 3012 5752 κ.
3043 5715 3093 5753 τ.
3125 5699 3197 5761 ἐκ,
3233 5686 3299 5752 «ἴε
3323 5708 3458 5764 ante,
3491 5686 3758 5752 substan-

1939 5777 1962 5804 ο
1997 5764 2266 5836 Noster'ﬁ
2301 5765 2460 5830 ξύλου
2495 5764 2685 5837 ψόφος.

469 5686 750 5740 videntur.

473 5758 562 5818 tia,
605 5763 654 5809 et
685 5755 975 5810 accidente.
1069 5755 1292 5816 cl'Dccst
1315 5759 1504 5824 ἁπλῶς
1554 5755 1854 5819 in'nostro.

3223 5628 3377 5698 ogica
3418 5627 3762 5698 interpolata
