3974 6338
190 373 299 440 541

1605 374 2075 433 DIALECTICA.

3353 379 3455 443 549

189 487 432 560 δηλοῦσα
468 486 538 539 τὰ
569 485 956 556 συμϐεϐηκότα
975 500 988 513 '
1021 482 1152 549 οἷον,
1180 485 1463 557 ἄνθρωπός
1494 486 1608 539 ἐστι
1638 485 1772 548 ζῶον

1881 486 1981 540 hoc
2015 496 2120 549 est,
2162 496 2414 542 naturam
2458 505 2641 544 rerum
2676 492 2951 560 declarat;
3004 492 3302 561 adjectitia,
3336 508 3455 562 qua'

190 580 416 649 λογικὸν
444 579 654 651 θνητόν.
691 578 878 634 Ταῦτα
913 579 1007 633 ὅλα
1032 579 1264 651 οὐσιώδη
1301 580 1458 633 εἰσίν.
1506 578 1634 633 Ἐὰν
1669 580 1776 650 γὰρ

190 674 402 744 ἀφέλῃς
429 690 482 726 τι
514 672 722 725 τούτων
762 673 825 725 ἐκ
877 672 970 725 τοῦ
1026 672 1336 743 ἀνθρώπου,
1380 673 1482 727 οὐκ
1512 672 1663 727 ἔσται
1691 674 1778 728 ἄν·

190 764 435 834 θρωπος.
473 764 581 817 Καὶ
610 764 704 817 ἐὰν
750 763 932 836 εἴπῃς,
974 766 1053 818 ὅτι
1092 766 1192 818 οὐκ
1246 765 1543 832 ἕστιζῶον,
1572 766 1778 819 οὐκέτι

188 856 343 909 ἐστὶν
368 856 651 929 ἄνθρωπος
671 856 687 894 ῐ
699 896 713 909 .
742 858 853 910 Καὶ
872 857 965 910 ἐὰν
983 858 1163 929 εἴπῃς,
1185 860 1267 912 ὅτι
1286 858 1511 911 οὐκέστι
1539 859 1773 927 λογικὸν,

187 949 294 1001 οὐκ
330 947 477 1000 ἐστιν
500 949 809 1019 ἄνθρωπος.
843 947 1075 1017 Ὁμοίως
1131 948 1187 1001 δὲ
1219 950 1312 1002 καὶ
1358 949 1455 1003 ἐὰν
1487 950 1670 1020 εἴπῃς,
1695 952 1775 1004 ὅτι

188 1040 294 1092 οὐκ
318 1039 434 1091 ἔστι
466 1040 679 1108 θνητὸν,
713 1040 812 1092 οὐκ
861 1039 1011 1092 ἔστιν
1050 1039 1356 1110 ἄνθρωπος.
1396 1042 1509 1104 Πᾶς
1540 1042 1649 1110 γὰρ
1679 1041 1775 1095 ἄν·

189 1130 433 1203 θρωπος,
461 1132 555 1184 καὶ
583 1129 722 1195 ζῶόν
746 1134 884 1194 ἐστι,
919 1132 1014 1184 καὶ
1044 1132 1283 1199 λογικὸν,
1311 1132 1406 1185 καὶ
1440 1133 1652 1204 θνητόν.
1677 1134 1777 1189 Διὰ

186 1224 353 1276 τοῦτο
385 1218 475 1276 οὗν
497 1224 745 1291 λέγονται
778 1224 1176 1289 οὐσιῶδεις,ὄτι
1203 1218 1360 1279 αὗται
1397 1224 1774 1295 συμπληροῦσι

187 1315 290 1383 τὴν
342 1315 503 1382 φύσιν
551 1316 647 1369 τοῦ
686 1315 1001 1386 ἀνθρώπου,
1058 1317 1153 1369 καὶ
1211 1316 1472 1370 ἀδύνατον
1513 1319 1775 1387 συστῆναι

184 1407 282 1459 τὸν
313 1406 600 1479 ἄνθρωπον
632 1408 787 1472 ἐκτὸς
800 1407 999 1463 αὐτῶν.
1043 1407 1276 1479 Ὁμοίως
1298 1408 1391 1462 καὶ
1416 1408 1509 1460 ἐπὶ
1537 1408 1772 1463 ἑκάστου

186 1500 542 1569 πράγματος,
576 1500 645 1553 τὰ
672 1500 1013 1554 συνιστῶντα
1070 1499 1167 1569 τὴν
1202 1499 1387 1571 φύσιν,
1423 1500 1656 1572 οὐσιώδη
1688 1501 1775 1554 λέ-

185 1608 404 1659 γονται.
441 1592 779 1661 Ἐπουσιὼδη
812 1592 868 1646 δὲ
902 1591 973 1645 τὰ
1027 1591 1436 1663 συμϐεϐηκότα,
1473 1592 1508 1646 ἆ
1535 1610 1657 1647 τινα
1685 1596 1774 1646 ἐν.

184 1685 408 1754 δέχεται
434 1680 572 1738 εἶναι
624 1687 680 1737 ὲν
709 1684 787 1756 τῷ
810 1684 1177 1756 ὑποκειμένῳ,
1204 1686 1479 1757 ἀνθρώπῳ
1522 1687 1703 1757 τυχὸν,
1735 1689 1769 1758 ἢ

187 1779 366 1848 ἵππῳ,
398 1777 429 1848 ἤ
469 1778 642 1848 ἑτέρῳ
672 1778 900 1850 τοιούτῳ
941 1781 1068 1844 τινὶ,
1100 1779 1198 1833 καὶ
1246 1779 1321 1851 μὴ
1351 1776 1491 1833 εἶναι
1517 1796 1530 1809 '
1570 1778 1681 1834 οἷον
1710 1780 1772 1833 τὸ

186 1835 692 1943 ).ευκόν.¹1(ἂν¹γ.ἀρ
718 1872 833 1925 ἐστί
860 1835 946 1935 τις
981 1835 1198 1936 λεῦκδς,
1242 1835 1345 1926 κᾶν
1396 1872 1585 1943 μέλας,
1616 1874 1769 1927 οὐδὲν
1800 1835 1843 1903 Β

184 1960 355 2036 ἦττον
382 1964 533 2017 ἔσται
590 1964 894 2034 ἄνθρωπος.
930 1964 1119 2019 Ταῦτα
1150 1958 1267 2028 οὖν,
1313 1965 1407 2019 καὶ
1438 1966 1508 2018 τὰ
1545 1964 1771 2020 τοιαῦτα

185 2059 496 2131 ἑπουσιὼδη
527 2060 687 2124 εἰσὶν,
721 2061 890 2131 ἤγουν
938 2059 1352 2132 συμὸεὸηκότα,
1394 2061 1431 2115 ἃ
1460 2079 1581 2115 τινα
1630 2062 1773 2127 αὐτά

183 2168 251 2206 τε
283 2152 563 2222 δυνάμεθα
588 2152 754 2223 ἔχειν,
784 2152 879 2206 καὶ
908 2151 979 2206 τὰ
1002 2151 1209 2206 τούτων
1244 2152 1483 2207 ἐναντία.

270 2416 337 2469 Ἦ
369 2416 633 2485 οὐλσιώδης
662 2415 833 2486 φωνὴ,
865 2414 982 2486 ἥτδ
1005 2414 1056 2475 τι
1085 2416 1199 2468 ἐστι
1220 2413 1390 2485 δηλοῖ,
1424 2414 1458 2486 ἢ
1489 2415 1548 2468 τὸ
1588 2417 1769 2472 ὁποῖον

180 2505 241 2560 τι
272 2507 389 2559 ἐστι
415 2523 428 2536 '
456 2500 567 2560 οἷον
598 2507 962 2577 ἐρωτώμενοι,
980 2506 1031 2558 τι
1053 2507 1200 2559 ἐστιν
1228 2505 1512 2575 ἅνθρωπός
1563 2524 1767 2576 φαμεν,

183 2598 349 2663 ζῶον.
386 2593 521 2661 Εἶτα
555 2596 921 2669 ἐρώτωμενοι,
957 2598 1138 2651 ὁποῖον
1187 2596 1347 2661 ζῶον,
1397 2596 1628 2666 λέγομεν
1679 2597 1769 2650 λο-

181 2692 342 2762 γικὺν
374 2691 587 2760 θνητόν.
641 2690 703 2742 'll
726 2686 818 2743 οὖν
858 2689 1121 2759 οὐσιὼδης
1165 2689 1339 2759 φωνὴ,
1368 2689 1401 2759 ἡ
1432 2688 1668 2759 δηλοῦσα
1706 2690 1769 2744 τὸ

181 2785 339 2836 ποῖον
370 2782 421 2835 τί
454 2784 594 2847 ἐστι,
619 2780 836 2850 λέγεται
865 2779 1118 2852 διαφορά.
1161 2780 1224 2833 Ἠ
1252 2779 1309 2833 δὲ
1337 2780 1593 2849 δηλοῦσα,
1630 2782 1691 2834 τὸ
1715 2780 1768 2833 τί

183 2876 359 2936 ἐστιν,
390 2874 422 2945 ἦ
453 2873 626 2927 πολλὰ
676 2874 789 2943 εἴδη
822 2874 1098 2943 σημαίνει,
1140 2874 1235 2925 καὶ
1291 2876 1437 2926 ποιεῖ
1479 2873 1540 2925 τὸ
1574 2874 1766 2940 γένος’

181 2965 216 3036 ἢ
251 2964 504 3029 πολλοὺς,
538 2962 616 3034 τῷ
648 2963 866 3035 ἀριθμῷ
889 2962 987 3033 μὲν
1008 2962 1364 3032 διαφέροντας
1392 2961 1657 3031 ἀλλήλων,
1690 2961 1768 3033 τῷ

180 3057 312 3112 εῶει
336 3056 397 3108 δὲ
422 3053 694 3125 οὐδαμῶς,
728 3053 821 3107 καὶ
855 3056 998 3105 ποιεῖ
1030 3051 1091 3104 τὸ
1137 3051 1302 3114 εἰδός·
1338 3050 1398 3103 τὸ
1432 3050 1529 3121 μὲν
1574 3052 1769 3122 πρότε-

1880 580 2192 635 accidentia
2232 581 2482 645 indicat;
2528 600 2579 637 v.
2616 600 2701 652 gr.
2732 584 2895 639 homo
2926 594 3011 640 est
3045 586 3248 639 animal
3283 586 3455 639 ratio-

1879 674 2004 728 nale
2035 675 2290 729 mortale.
2333 673 2527 730 Omnia
2560 676 2674 729 haec
2705 678 3023 730 essentialia
3055 688 3203 733 sunt.
3227 676 3364 732 Nam
3401 678 3450 733 si

1878 768 2167 838 quidpiam
2188 768 2380 821 horum
2416 784 2482 823 ex
2513 769 2734 821 homine
2767 769 3312 832 subtraxeris,homo
3334 785 3455 825 esse

1876 857 2112 912 desinet.
2151 858 2363 911 Etenim
2421 856 2468 912 si
2512 857 2722 912 dixeris
2762 872 2867 910 non
2895 873 3019 913 esse
3063 859 3288 925 animal,
3343 874 3453 913 non

1876 955 1962 1003 est
1995 946 2230 1015 amplius
2254 948 2436 1001 homo.
2473 946 2529 1001 Si
2573 948 2727 1009 item,
2760 963 2870 1001 non
2896 964 3022 1003 esse
3052 950 3266 1003 ratione
3311 965 3451 1019 pra-

1876 1041 2076 1103 ditum,
2108 1056 2215 1095 non
2253 1049 2337 1096 est
2376 1044 2558 1095 homo.
2597 1040 2773 1095 Simili
2818 1043 2981 1096 modo
3010 1043 3057 1096 si
3099 1043 3329 1097 mortale
3357 1058 3454 1097 ne-

1873 1134 2111 1205 gaveris,
2132 1133 2246 1201 jam
2272 1148 2448 1203 neque
2469 1133 2633 1187 homo
2652 1134 2775 1188 erit.
2801 1133 2991 1199 Quiris
3018 1134 3161 1189 enim
3187 1134 3373 1195 homo,
3398 1144 3453 1187 ct

1874 1228 2101 1293 animal,
2157 1234 2212 1282 et
2246 1227 2461 1281 ratione
2492 1226 2799 1296 praeditum,
2849 1233 2904 1280 et
2934 1228 3163 1281 mortale
3220 1236 3327 1283 est.
3372 1226 3453 1281 Ob

1872 1334 1993 1374 eam
2022 1317 2189 1388 igitur
2241 1331 2465 1372 causam
2518 1324 2697 1373 voces
2731 1317 2993 1371 dicuntur
3034 1316 3449 1383 substantiales,

1872 1411 2000 1480 quia
2037 1418 2290 1465 naturam
2321 1410 2618 1479 complent,
2654 1424 2830 1474 neque
2860 1409 2977 1465 ﬁeri
3009 1417 3208 1477 potest,
3248 1418 3329 1473 ut,
3366 1408 3452 1465 his

1872 1502 2129 1568 sublatis,
2163 1502 2429 1572 persistat
2453 1502 2639 1556 homo.
2685 1500 2885 1556 Eodem
2919 1500 3082 1556 modo
3117 1501 3170 1555 in
3202 1515 3452 1570 unaqua-

1872 1610 1978 1665 que
2008 1610 2088 1658 re,
2127 1594 2511 1650 substantialia
2548 1594 2810 1650 dicuntur
2861 1609 2983 1663 qua:
3027 1602 3280 1649 naturam
3316 1608 3451 1648 con-

1872 1689 2129 1744 stituunt.
2149 1686 2281 1753 Quae
2298 1695 2482 1743 autem
2514 1686 2617 1756 13
2632 1686 2947 1752 adventitia,
2967 1686 3273 1742 accidentia
3297 1695 3446 1751 sunt,

1874 1791 1933 1837 ut
1966 1797 2087 1852 qua:
2126 1781 2179 1835 in
2206 1781 2479 1850 subjecto,
2514 1791 2642 1849 puta
2678 1780 2730 1834 in
2754 1779 2994 1843 homine,
3030 1780 3112 1834 vel
3146 1794 3311 1849 equo,
3356 1785 3451 1833 aut

1874 1890 1935 1930 re
1975 1874 2147 1928 altera
2194 1872 2491 1942 ejusmodi,
2544 1887 2688 1939 esse,
2746 1872 2833 1927 vel
2881 1885 2991 1926 non
3036 1886 3159 1927 esse
3211 1870 3447 1941 possint,

1876 1966 2021 2021 velut
2043 1962 2270 2021 candor.
2304 1962 2623 2029 Quamlibet
2647 1962 2794 2017 enim
2822 1962 3113 2032 quisquam
3154 1959 3446 2025 candidus,

1872 2066 1967 2113 aut
1997 2066 2115 2113 ater
2146 2059 2240 2121 sit,
2272 2056 2638 2111 nihilominus
2669 2055 2833 2109 homo
2870 2064 2977 2110 est.
3023 2052 3149 2108 Haec
3174 2053 3359 2122 itaque
3393 2059 3450 2107 et

1872 2148 2075 2206 similia
2098 2148 2323 2211 horum,
2346 2145 2624 2216 adjectitia
2648 2154 2801 2213 sunt,
2820 2144 2936 2200 sive
2960 2142 3263 2198 accidentia
3289 2160 3303 2209 ;
3327 2156 3450 2212 quae
3535 2178 3552 2194 .

1870 2243 2118 2314 quidem,
2151 2248 2268 2296 tum
2315 2241 2455 2310 ipsa,
2487 2248 2603 2294 tum
2655 2239 2901 2308 ipsorum
2934 2236 3233 2301 contraria,
3290 2234 3451 2290 nobis

1873 2342 2105 2405 possunt
2132 2332 2332 2388 inesse.

1955 2424 2106 2479 Vocis
2149 2423 2523 2483 substantialis
2580 2423 2910 2493 signiﬁcata.
2934 2451 3006 2461 —
3026 2420 3146 2476 Jam
3182 2434 3311 2475 vero
3342 2433 3448 2473 vox

1870 2516 2274 2579 substantialis,
2306 2523 2401 2569 aut
2435 2514 2564 2585 quid
2599 2530 2687 2569 res
2717 2514 2788 2569 sit
2818 2513 3112 2583 signiﬁcat,
3145 2521 3241 2566 aut
3275 2510 3443 2580 quale

1867 2607 2001 2677 quid
2031 2607 2123 2663 sit.
2150 2607 2224 2663 Ut
2253 2608 2301 2661 si
2334 2606 2463 2676 quis
2505 2620 2571 2662 ex
2604 2606 2764 2661 nobis
2810 2605 3151 2670 sciscitetur,
3183 2602 3445 2672 quidnam

1871 2695 2036 2750 homo
2064 2696 2169 2760 sit;
2202 2694 2622 2764 respondemus,
2652 2694 2875 2748 animal.
2906 2694 3111 2748 Deinde
3138 2694 3182 2747 si
3218 2702 3457 2763 quaerat,

1868 2786 2031 2856 quale
2056 2785 2257 2840 animal
2282 2786 2385 2850 sit,
2412 2785 2648 2842 dicimus
2672 2826 2688 2850 ,
2720 2786 2991 2841 rationale
3022 2786 3274 2848 mortale.
3302 2784 3448 2849 Quae

1870 2886 2090 2948 propter
2120 2877 2503 2933 substantialis
2541 2892 2646 2931 vox
2674 2915 2689 2938 ,
2732 2892 2853 2946 quae
2882 2876 3043 2947 quale
3081 2876 3214 2945 quid
3255 2890 3343 2930 res
3376 2874 3451 2929 sit

1872 2971 2113 3033 indicat,
2148 2968 2456 3025 diﬂerentia
2494 2978 2869 3039 nuncupatur.
2899 2969 3032 3034 Quae
3059 2984 3190 3024 vero
3223 2968 3352 3037 quid
3376 2968 3449 3023 sit

1869 3058 2137 3126 declarat,
2160 3060 2244 3114 vel
2268 3059 2399 3115 illud
2430 3059 2632 3115 multas
2659 3061 2888 3128 species
2916 3059 3199 3128 exprimit,
3231 3072 3296 3112 ac
3329 3065 3447 3111 tum

181 3164 299 3219 ρον,
346 3146 517 3217 ἤγουν
583 3145 758 3213 γένος,
793 3137 904 3197 οἷον
947 3145 979 3213 ἡ
1040 3143 1231 3196 οὐσία’
1261 3144 1293 3212 ἡ
1327 3141 1436 3213 γὰρ
1477 3143 1636 3197 οὐσία
1666 3161 1765 3215 ση-

1875 3167 2043 3221 genus
2069 3150 2271 3216 eﬁicit;
2317 3154 2401 3207 vel
2430 3151 2633 3207 multos
2679 3152 2773 3221 qui
2805 3166 3057 3217 numero,
3092 3157 3147 3204 et
3177 3164 3285 3204 non
3322 3164 3448 3218 spe-

184 3246 391 3316 μαίνει,
420 3245 516 3298 καὶ
548 3244 963 3316 ἄνθρωπον,καὶ
998 3243 1185 3310 ἵππον,
1220 3245 1314 3301 καὶ
1337 3242 1481 3313 βοῦν.
1501 3242 1767 3295 ’Έκαστον

180 3336 294 3405 γὰρ
328 3335 508 3388 αὐτῶν
534 3335 689 3388 οὐσία
708 3351 767 3389 τε
801 3334 1037 3404 λέγεται,
1076 3335 1167 3388 καὶ
1214 3333 1361 3387 ἐστιν
1382 3352 1396 3365 ’
1430 3332 1558 3388 ἄλλο
1593 3332 1769 3385 δὲκαὶ

182 3426 314 3480 ἄλλο
346 3424 487 3489 εἶδος
538 3427 771 3498 ὑπάρχει
814 3426 1066 3481 ἕκαστον.
1105 3426 1182 3480 Τὸ
1210 3426 1267 3479 δὲ
1299 3424 1571 3496 δεύτερον,
1600 3424 1771 3495 ἧγουν

180 3518 244 3571 τὸ
291 3513 459 3581 εἶδος,
488 3513 600 3571 οἷον
651 3519 681 3570 6
732 3517 1015 3590 ἄνθρωπος
1045 3534 1056 3546 ·
1085 3518 1340 3588 σημαίνει
1370 3518 1479 3588 γὰρ
1518 3515 1766 3581 πολλοὺς,

182 3608 357 3680 ἤγουν
383 3608 595 3673 πάντας
630 3611 757 3675 τοὺς
794 3609 936 3663 κατὰ
988 3610 1152 3680 μέρος
1192 3609 1533 3682 ἀνθρώπους,
1564 3610 1593 3662 ὅ
1627 3623 1772 3670 τινες

182 3700 260 3771 τῷ
294 3700 519 3771 ἀριθμῷ
541 3701 889 3772 διαφέρουσιν
940 3702 1205 3773 ἀλλήλων.
1242 3703 1437 3766 Ἀλλος
1483 3703 1591 3771 γάρ
1624 3704 1772 3755 ἐστιν

181 3792 212 3845 6
240 3792 475 3862 Πέτρος,
510 3794 603 3845 καὶ
636 3793 793 3857 ἄλλος
839 3796 868 3847 6
920 3793 1131 3857 Παῦλος
1154 3810 1169 3826 ·
1218 3794 1314 3847 καὶ
1360 3795 1461 3848 οὐκ
1501 3797 1639 3848 εἰσιν
1667 3791 1770 3861 εἷς,

183 3885 325 3940 ἀλλὰ
367 3884 482 3939 δύο.
544 3885 634 3956 Τῷ
689 3878 763 3941 δὲ’
794 3886 925 3940 εῖδει
972 3888 1033 3940 οὐ
1075 3887 1448 3959 διαφέρουσιν,
1498 3889 1668 3959 ἦγουν
1703 3892 1769 3961 τῇ

185 3977 373 4047 φύσει.
437 3977 648 4041 Πάντες
698 3978 810 4050 γὰρ
860 3978 1160 4050 ἄνθρωποι,
1206 3980 1303 4034 καὶ
1353 3979 1624 4049 λέγονται,
1680 3980 1773 4037 καί

185 4073 348 4128 εἰσιν.

260 4351 455 4405 Ἔστιν
492 4344 585 4404 οὖν
611 4350 674 4403 τὸ
699 4350 799 4421 μὲν
848 4349 1244 4422 μερικώτερον,
1291 4352 1385 4407 καὶ
1412 4351 1631 4424 ἀριθμῷ
1659 4354 1776 4407 δια-

1870 3248 1978 3310 cie,
2008 3243 2291 3309 diﬁcrunt,
2326 3259 2391 3299 ac
2428 3254 2541 3299 tum
2581 3244 2822 3314 speciem
2856 3241 3010 3297 facit.
3042 3241 3288 3301 Primum
3322 3239 3449 3311 qui-

1870 3337 1995 3394 dem
2034 3351 2210 3406 genus
2256 3346 2379 3399 est,
2428 3342 2488 3388 ut
2528 3334 2864 3390 substantia.
2915 3331 3237 3387 Substantia
3288 3332 3435 3387 enim

1871 3430 2163 3500 signiﬁcat,
2194 3435 2250 3483 et
2283 3427 2588 3491 hominem,
2632 3432 2687 3480 et
2720 3438 2946 3493 equum,
2986 3432 3040 3478 et
3072 3422 3287 3489 bovem,
3320 3438 3452 3492 quo-

1872 3534 1994 3574 rum
2029 3517 2313 3590 quodlibet
2363 3514 2673 3572 substantia
2732 3515 2951 3569 dicatur
2989 3518 3046 3567 et
3099 3512 3190 3579 sit,
3248 3528 3450 3567 unum-

1872 3610 2128 3681 quodque
2181 3624 2335 3674 vero,
2392 3606 2629 3677 species.
2691 3605 2850 3667 Aliud
2916 3614 3120 3667 autem,
3177 3610 3231 3657 et
3278 3601 3449 3669 aliud,

1873 3716 2214 3772 unaquaeque
2246 3700 2459 3769 species
2488 3707 2595 3754 est.
2630 3696 2943 3755 Secundum
2977 3703 3162 3750 autem
3201 3701 3287 3752 est
3325 3710 3449 3763 spe-

1874 3799 2009 3857 cies,
2043 3803 2103 3849 ut
2137 3793 2321 3849 homo.
2366 3790 2565 3851 Multos
2600 3789 2873 3860 siquidem
2934 3787 3227 3857 signiﬁcat,
3259 3786 3310 3839 id
3367 3793 3454 3842 est

1874 3902 2067 3947 omnes
2100 3894 2154 3940 et
2187 3882 2435 3954 singulos
2498 3879 2771 3945 homines,
2827 3878 2924 3949 qui
2968 3877 3187 3947 quidem
3222 3890 3452 3931 numero

1875 3982 2018 4036 inter
2044 3995 2103 4034 se
2136 3976 2398 4031 diﬁ‘erunt
2436 3994 2451 4029 :
2495 3973 2639 4028 alius
2669 3972 2815 4026 enim
2847 3970 3045 4027 Petrus
3069 3978 3123 4026 et
3154 3970 3295 4024 alius
3318 3967 3459 4023 Pau-

1876 4076 1987 4139 lus,
2024 4086 2128 4128 nee
2167 4084 2313 4124 unus
2356 4074 2510 4131 sunt,
2563 4064 2661 4122 sed
2694 4064 2805 4119 duo
2839 4081 2853 4117 :
2912 4062 3097 4133 specie
3149 4071 3356 4126 autem,
3396 4061 3451 4116 id

1874 4176 1962 4225 est
2005 4174 2205 4221 natura
2257 4176 2368 4217 non
2428 4157 2711 4215 dill‘erunt.
2753 4154 2955 4211 Omnes
3009 4155 3157 4219 enim
3202 4154 3453 4209 homines

1876 4262 2159 4322 dicuntur,
2191 4265 2251 4312 et
2282 4268 2473 4309 revera
2504 4262 2655 4307 sunt.

1876 4398 1879 4399 ν
1951 4349 2320 4407 Particularia
2363 4363 2582 4402 numero
2632 4342 3172 4414 differunt—Igitur
3221 4339 3276 4395 id
3309 4338 3452 4409 quod

188 4441 375 4513 φέρον,
408 4436 522 4494 οἷον
572 4442 601 4494 6
659 4442 885 4513 Πέτρος,
936 4439 1157 4511 ἄτομον,
1200 4442 1293 4495 καὶ
1335 4443 1647 4512 πρόσωπον,
1678 4444 1772 4498 καὶ

1879 4441 2177 4513 specialius
2227 4438 2450 4510 quidem
2486 4445 2540 4493 et
2574 4435 2920 4506 particulare.
2956 4445 3058 4499 est,
3091 4447 3322 4489 numero
3350 4429 3455 4486 dif-

188 4534 514 4596 ὑπόστασις.
543 4533 720 4603 Ὅπερ
774 4534 869 4587 τόν
911 4551 1033 4588 τινα
1076 4535 1354 4606 σημαίνει.
1390 4537 1771 4608 Ἔρσα-εὼμενοι

1878 4506 2008 4597 fert,
2039 4540 2098 4586 ut
2130 4506 2351 4595 Petrus,
2398 4528 2771 4591 individuum,
2810 4535 2865 4581 et
2898 4540 3132 4595 persona
3181 4531 3236 4579 et
3280 4523 3453 4593 hypo-

188 4628 295 4697 γὰρ
320 4626 409 4691 τίς
445 4628 590 4679 ἐστιν
621 4620 795 4690 οὗτος,
854 4626 1085 4697 λέγομεν
1129 4630 1158 4682 6
1188 4628 1392 4699 Πέτρος
1429 4630 1476 4685 ⁸.
1508 4630 1770 4700 Σημαίνει

190 4719 281 4772 καὶ
314 4718 379 4771 τὸ
406 4718 589 4781 ἄλλος.
624 4718 818 4781 ’Ἄλλος
846 4718 953 4787 γάρ
980 4718 1128 4772 ἐστιν
1165 4719 1195 4772 6
1244 4720 1473 4790 Πέτρος,
1497 4721 1594 4775 καὶ
1614 4720 1772 4786 ἄλλος

189 4811 215 4863 6
249 4812 468 4875 Παῦλος
493 4828 507 4842 ο
543 4813 638 4865 καὶ
665 4813 850 4875 αὐτὸς,
882 4814 977 4865 καὶ
1000 4807 1178 4876 οὗτος,
1217 4813 1313 4866 καὶ
1345 4814 1574 4879 ἐκεῖνος,
1600 4813 1775 4869 ταῦτα

192 4904 280 4956 ἐπὶ
313 4904 411 4956 τοῦ
464 4904 671 4973 ἀτόμου
715 4904 1077 4975 λαμϐάνεται,
1107 4905 1200 4957 καὶ
1247 4903 1320 4958 τὰ
1359 4904 1607 4972 τοιαῦτα,
1632 4906 1773 4977 ἅπερ

193 4993 313 5046 καθ’
345 4994 517 5046 ἑαυτὰ
560 4992 835 5064 ὑφέστηκε
872 4992 921 5048 δ.
959 4995 1032 5047 Τὸ
1089 4993 1146 5047 δὲ
1196 4994 1453 5065 περιέχον
1489 4994 1555 5048 τὰ
1594 4995 1774 5066 ἄτομα

194 5082 408 5152 λέγεται
440 5082 602 5151 εἶδος,
635 5086 729 5139 καὶ
768 5086 886 5140 ἔστι
944 5085 1377 5158 καθολικώτερον
1419 5086 1513 5140 τοῦ
1544 5086 1769 5157 ἀτόμου,

196 5176 277 5228 ὅτι
309 5178 482 5230 πολλὰ
518 5181 696 5250 ἄτομα
714 5180 979 5251 περιέχει,
1007 5173 1118 5233 οἷον
1138 5180 1167 5231 6
1188 5178 1285 5233 ἄνθ
1297 5196 1496 5250 ρωπος.
1525 5179 1775 5251 Περιέχει

200 5267 307 5338 γὰρ
326 5271 420 5322 καὶ
450 5271 678 5341 Πέτρον,
702 5272 798 5326 καὶ
842 5270 1079 5334 Παῦλον,
1113 5272 1208 5324 καὶ
1250 5272 1462 5336 πάντας
1486 5271 1611 5332 τοὺς
1636 5269 1777 5324 κατὰ

207 5360 363 5433 μέρος
388 5363 731 5436 ἀνθρώπους.
768 5362 947 5437 Ὅπερ
995 5363 1214 5433 λέγεται
1250 5364 1432 5434 φύσις,
1460 5364 1559 5421 Δκαὶ
1593 5364 1774 5430 οὐσία,

1880 4624 2084 4690 stasis;
2139 4621 2289 4693 quod
2350 4619 2569 4691 quidem
2631 4634 2803 4674 unum
2865 4619 3101 4687 aliquem
3159 4610 3452 4685 signiﬁcat.

1881 4717 2015 4772 Nam
2052 4730 2175 4771 cum
2203 4714 2330 4785 quis
2355 4730 2423 4769 ex
2462 4713 2623 4767 nobis
2672 4717 3046 4783 percontatur,
3073 4708 3329 4779 quisnam
3366 4706 3458 4762 hic

1872 4811 1975 4875 sit,
2037 4807 2459 4878 respondemus.
2502 4804 2720 4860 Petrus.
2776 4802 2924 4859 Idem
2981 4811 3163 4855 autem
3218 4805 3274 4854 et
3327 4813 3453 4861 vox,

1873 4903 2037 4965 alius,
2093 4901 2390 4971 signiﬁcat.
2441 4898 2598 4953 Alius
2630 4896 2777 4952 enim
2832 4902 2918 4950 est
2976 4891 3192 4953 Petrus,
3228 4897 3283 4945 et
3315 4889 3458 4944 alius

1874 4994 2122 5060 Paulus;
2173 4993 2328 5059 item,
2384 4992 2526 5062 ipse,
2579 5000 2633 5046 et
2668 4990 2783 5053 hic,
2831 4994 2886 5043 et
2925 4987 3037 5042 ille.
3076 4983 3204 5039 Haec
3241 4990 3297 5038 et
3344 4982 3461 5036 alia

1875 5081 2170 5153 ejusmodi,
2233 5096 2356 5151 qua!
2400 5096 2499 5152 per
2558 5095 2620 5135 se
2672 5079 3007 5142 subsistunt,
3060 5075 3127 5131 de
3176 5072 3459 5130 individuo

1877 5175 2160 5230 dicuntur.
2231 5173 2404 5228 Porro
2483 5172 2629 5243 quod
2692 5172 3085 5241 complectitur
3138 5166 3453 5231 individua,

1879 5268 2092 5338 species
2149 5266 2475 5337 appellatur,
2525 5264 2800 5334 latiusque
2873 5254 3051 5334 quani
3110 5258 3455 5315 individuum

1882 5366 2065 5429 patet;
2098 5365 2286 5431 utpote
2314 5374 2435 5431 qua:
2472 5356 2646 5413 multa
2684 5354 2970 5412 individua
2999 5349 3454 5422 comprehendat,

1506 5541 1741 5597 VARIAE
1779 5540 2182 5598 LECTIONES.

280 5633 298 5708 ξ
326 5632 461 5691 Cod.
489 5632 550 5687 S.
718 5631 920 5689 Noster
1010 5633 1174 5708 πᾲλιν
1206 5634 1310 5708 οὐκ
1353 5634 1503 5708 ἔσται
1537 5636 1846 5708 ἄνθρῳπος.
1875 5635 2118 5708 Καὶμὲὰν
2156 5632 2350 5708 εἴπῃς,Δ
2400 5630 2500 5708 οὐκ
2533 5628 2663 5708 ’ἔστι
2693 5626 2908 5708 θνητὸν,
2940 5624 3074 5708 ,οὐδὲ
3109 5622 3282 5708 οὕτως
3309 5620 3459 5674 ἔσται

211 5703 506 5778 ᾅνθρωῖτος.
588 5706 612 5743 ⁸
637 5702 835 5761 Noster
889 5704 981 5758 καὶ
1009 5704 1239 5777 λέγομεν
1270 5707 1356 5758 τὸν
1380 5705 1602 5778 Πέτρον.
1643 5692 1654 5708 ’
1682 5704 1707 5743 δ
1738 5692 1957 5772 Noster,
1989 5706 2124 5777 ὅπερ
2180 5692 2497 5759 καῖῗέαυτὸ
2526 5692 2823 5772 ὑφέστηκε.
2854 5696 3110 5757 Refertur
3144 5694 3211 5749 ad
3240 5692 3461 5761 ἄτομον.

212 5774 550 5830 individuum.
