3974 6338
1681 425 1737 487 S.
1782 425 2054 489 ΙΟΑΝΝΙ

2156 425 2571 489 )AMASCENI
3650 416 3757 482 544

480 416 587 491 543

475 544 607 605 puta
637 532 801 588 homo
835 530 1070 603 (quippe
1092 530 1510 602 comprehendit
1537 530 1785 601 Petrum,
1834 540 1887 590 et
1918 535 2054 589 Pau-

2165 536 2260 589 καὶ
2313 535 2497 606 μορφὴ
2551 533 2698 588 κατὰ
2745 531 2870 595 τοὺς
2925 528 3115 599 ἁγίους
3154 527 3412 602 Πατέρας
3453 527 3555 599 (8).
3594 527 3670 583 Τὸ
3695 528 3757 583 δὲ

475 626 613 690 lum,
666 631 722 679 et
770 637 963 679 omnes
997 638 1064 678 ac
1102 624 1358 695 singulos
1415 624 1709 695 homines)
1760 633 1947 697 atque,
2000 634 2054 682 ul

2162 626 2333 681 πολλά
2380 627 2497 699 είδη
2556 625 2832 698 περιέχον,
2881 623 3101 693 λέγεται
3141 623 3333 693 γένος’
3360 617 3475 676 οἷον
3505 620 3567 676 τὸ
3590 621 3754 686 ζῶον.

474 713 655 770 sancti
684 712 878 767 Patres
917 722 1248 779 sanxerunt,
1280 723 1504 780 natura,
1539 722 1595 771 et
1637 716 1972 781 substantia,
2006 723 2054 771 et

2165 718 2418 790 Περιέχει
2447 720 2557 791 γὰρ
2581 717 2892 790 ἄνθρωπον,
2924 716 3073 787 βοῦν,
3096 716 3285 780 ἵππον,
3321 714 3417 769 καὶ
3451 714 3569 768 ἐστι
3592 715 3755 769 καθο-

474 802 650 858 forma
703 812 1083 874 nuncupatur,
1128 805 1281 861 velut
1326 806 1533 861 animal
1564 825 1580 861 :
1614 807 1863 862 continet
1910 808 2059 862 enim

474 895 777 963 hominem,
832 896 1048 961 bovem,
1085 911 1312 967 equum,
1363 897 1643 969 latiusque
1690 906 1859 968 patet,
1893 912 2058 968 quam

474 988 714 1057 species.
746 985 924 1042 Porro
977 988 1156 1042 sancti
1203 987 1403 1045 Patres
1456 990 1717 1059 speciem,
1765 1003 1831 1043 ac
1860 1003 2058 1058 genus,

474 1088 755 1144 naturam,
793 1090 847 1134 et
886 1079 1143 1146 formam,
1175 1087 1231 1134 et
1288 1080 1655 1137 substantiam
1691 1080 2057 1151 appellarunt.

474 1172 747 1228 Caeterum
791 1173 1026 1243 species,
1072 1174 1175 1229 hoc
1208 1181 1291 1229 est
1331 1181 1552 1241 natura,
1606 1183 1663 1231 et
1720 1174 2056 1239 substantia,

471 1276 527 1322 et
556 1266 760 1335 forma,
821 1283 934 1323 non
985 1267 1179 1336 alium,
1244 1278 1340 1325 aut
1388 1269 1667 1326 diversum
1721 1268 1908 1334 eﬂicit,
1961 1268 2059 1325 sed

471 1360 647 1415 aliud.
678 1360 843 1415 Aliud
874 1360 1024 1415 enim
1065 1366 1335 1430 quantum
1387 1361 1454 1415 ad
1486 1373 1742 1416 naturam
1778 1361 2057 1416 hominem

471 1468 596 1510 esse
621 1452 883 1520 dicimus,
919 1460 974 1507 et
1002 1452 1151 1507 aliud
1182 1467 1405 1523 equum.
1437 1453 1561 1509 Non
1592 1443 1775 1509 autem
1808 1453 1976 1507 alium
2005 1460 2061 1509 et

472 1545 662 1599 alium.
703 1543 877 1599 Porro
916 1544 971 1599 in
1002 1545 1184 1615 specie
1217 1545 1443 1611 dicitur,
1486 1545 1614 1612 hoc,
1654 1552 1711 1601 et
1765 1545 1971 1615 ipsum,
2003 1550 2061 1599 et

474 1637 636 1704 illud,
672 1644 727 1692 et
762 1637 868 1692 alia
904 1638 959 1693 id
990 1653 1187 1709 genus.
1241 1638 1374 1705 Quae
1409 1638 1634 1709 quidem
1679 1639 1735 1693 in
1784 1638 1917 1711 quid
1956 1644 2041 1699 est

472 1729 867 1800 praedicantur.
923 1730 996 1785 At
1035 1745 1168 1787 vera
1221 1730 1532 1787 diﬂ‘erentia
1583 1728 1863 1786 diversum
1924 1729 2059 1785 facit

473 1821 640 1892 (nam
671 1822 954 1877 diversum
998 1830 1083 1878 est
1118 1822 1325 1877 animal
1370 1822 1661 1890 rationale,
1691 1823 1759 1879 ah
1805 1838 1873 1880 eo
1910 1820 2057 1893 quod

2159 809 2455 882 λικώτερον
2478 810 2572 864 τοῦ
2594 809 2787 874 εἴδους.
2825 809 2890 862 Οἱ
2925 808 2986 863 δὲ
3032 807 3178 877 ἅγιοι
3221 807 3465 879 Πατέρες
3493 808 3555 861 τὸ
3591 803 3753 873 εἶδος,

2162 902 2346 956 καὶτὸ
2376 902 2532 973 γένος
2571 900 2839 955 ἐκάλεσαν
2896 899 3080 968 φύσιν,
3126 898 3221 953 καὶ
3266 898 3505 971 μορφὴν,
3539 900 3632 951 καὶ
3658 898 3754 951 οὑ-

2162 996 2311 1051 σίανο
2341 998 2489 1049 ποιεῖ
2522 995 2581 1048 δὲ
2610 995 2671 1048 τὸ
2700 990 2860 1059 εἶδος,
2891 994 3058 1064 ἤγουν
3091 994 3126 1063 ἡ
3158 992 3342 1061 φύσις,
3378 992 3472 1045 καὶ
3501 993 3535 1063 η
3567 991 3750 1057 οὐσία,

2162 1087 2258 1142 καὶ
2286 1088 2321 1158 ἡ
2358 1086 2565 1159 μορφὴ,
2589 1087 2692 1140 οὐκ
2730 1085 2913 1151 ἄλλον,
2980 1083 3104 1136 οὐδὲ
3138 1083 3370 1146 ἀλλοῖον,
3405 1082 3543 1137 ἀλλά
3598 1083 3750 1137 ἄλλο.

2164 1176 2328 1230 Ἀλλο
2365 1176 2656 1249 γὰρ,κατά
2696 1176 2884 1247 φύσιν,
2909 1175 3145 1246 λέγομεν
3171 1174 3265 1229 τὸν
3312 1174 3619 1248 ἄνθρωπον,
3654 1176 3752 1229 καὶ

2160 1268 2289 1323 ἄλλο
2314 1267 2406 1322 τὸν
2441 1268 2627 1334 ἵππον,
2654 1268 2777 1339 οὐχὶ
2830 1266 3011 1333 ἄλλον,
3047 1267 3142 1320 καὶ
3195 1266 3377 1320 ἄλλον.
3424 1263 3750 1335 Λέγεταιδὲ

2159 1360 2255 1414 ἐπὶ
2294 1358 2390 1413 τοῦ
2430 1360 2605 1423 είδους
2663 1358 2845 1425 τοῦτο,
2872 1359 2968 1413 καὶ
3003 1358 3136 1412 αὐτὸ
3189 1359 3286 1413 καὶ
3316 1359 3512 1421 ὲκεῖνο,
3557 1358 3653 1411 καὶ
3678 1360 3751 1413 τὰ

2158 1449 2404 1517 τοιαῦτα,
2460 1450 2597 1521 ὅπερ
2646 1450 2705 1503 ἐν
2757 1449 2837 1521 τῷ
2886 1448 2941 1503 τί
2975 1450 3093 1503 ὲστι
3141 1451 3555 1521 κατηγορεῖται.
3591 1448 3657 1502 Ἥ
3688 1448 3749 1500 δὲ

2158 1541 2394 1611 διαφορά
2438 1540 2649 1594 ἀλλοῖον
2676 1542 2843 1596 ποιεῖ,
2884 1539 3124 1595 ’Δλλοῖον
3158 1540 3268 1612 γάρ
3312 1539 3451 1604 ζῶον
3491 1539 3554 1593 τὺ
3595 1539 3750 1608 λογι-

2160 1631 2278 1697 κὸν,
2310 1632 2407 1687 καὶ
2442 1631 2652 1686 ἀλλοῖον
2700 1631 2762 1685 τὸ
2786 1632 2981 1701 ἄλογον
3003 1647 3019 1664 ’
3055 1632 3149 1685 xal
3197 1631 3461 1696 τοιοῦτον,
3488 1630 3585 1685 καὶ
3610 1624 3748 1698 οἷον,

2159 1724 2256 1779 καὶ
2274 1725 2479 1778 ὁποῖον.
2525 1723 2590 1777 Ἦ
2642 1721 2986 1795 ὲπουσιώδης
3009 1722 3186 1794 φωνὴ,
3237 1722 3271 1794 ἢ
3321 1723 3402 1777 ἑνὶ
3430 1721 3745 1794 ὑπάρχει,ῆ

2159 1815 2399 1881 πολλοῖς.
2453 1816 2567 1870 Καὶ
2594 1816 2643 1869 εί
2675 1817 2775 1889 μὲν
2799 1817 2902 1883 ἑνὶ,
2956 1817 3180 1887 λέγεται
3208 1817 3359 1883 ίδιον,
3384 1818 3461 1881 ὡς
3487 1817 3550 1870 τὸ
3582 1815 3748 1886 γελα-

470 1888 706 1970 rationis
738 1930 937 1986 expers
992 1914 1125 1988 est)
1168 1922 1223 1971 et
1257 1916 1390 1982 tale,
1423 1923 1477 1971 et
1509 1888 1695 1987 quale.
1743 1888 2054 1972 Adventitia

2160 1908 2368 1977 στικὸν,
2404 1909 2553 1981 μόνῳ
2572 1908 2653 1981 τῷ
2682 1888 2685 1889 ν
2713 1908 2989 1981 ἀνθρώπῳ
3017 1910 3285 1982 ὑπάρχον,
3336 1910 3430 1963 καὶ
3460 1909 3523 1962 τδ
3544 1925 3746 1981 χρεμε-

471 2004 800 2061 substantiae
854 2012 1039 2062 autem
1092 2021 1221 2073 vox,
1274 2014 1371 2061 aut
1433 2007 1528 2062 uni
1582 2014 1802 2063 tantum
1854 2005 2058 2078 speciei

471 2090 643 2158 inest,
676 2100 772 2148 aut
798 2092 1011 2149 multis.
1049 2094 1107 2149 Si
1148 2095 1245 2150 uni
1293 2096 1580 2163 duntaxat,
1606 2096 1892 2167 proprium
1922 2094 2060 2150 dici-

470 2190 591 2251 tur;
631 2192 691 2239 ιιι
717 2183 953 2242 facultas
999 2184 1240 2255 ridendi,
1274 2200 1399 2256 qua:
1452 2186 1597 2241 inest
1649 2185 1756 2242 soli
1816 2184 2054 2251 homini;

471 2290 538 2330 ac
574 2276 890 2345 hinniendi,
923 2292 1045 2349 qua!
1086 2278 1192 2333 soli
1237 2293 1402 2349 equo.
1437 2277 1598 2346 Quod
1629 2279 1678 2336 si
1716 2279 1907 2335 multis
1933 2293 2059 2349 spe-

471 2367 666 2424 ciebus
700 2369 858 2437 insit,
892 2368 1061 2424 edicit
1098 2369 1383 2437 accidens,
1416 2379 1479 2426 ut
1516 2370 1745 2426 candor.
1778 2370 1879 2426 Hic
1905 2370 2054 2427 enim

467 2465 524 2513 et
557 2458 785 2523 homini,
832 2467 888 2516 et
918 2475 1063 2531 equo
1093 2468 1148 2516 et
1170 2462 1318 2529 cani,
1347 2470 1403 2517 et
1447 2462 1729 2534 plerisque
1765 2462 1891 2518 aliis
1935 2476 2061 2533 spe-

469 2549 663 2605 ciebus
701 2551 867 2608 inest.
901 2553 1083 2623 Atque
1113 2553 1197 2608 ha:
1238 2553 1485 2624 quinque
1532 2554 1640 2627 ιε.
1677 2570 1846 2612 voces
1885 2562 2057 2622 sunt,

470 2641 540 2696 ad
572 2658 712 2714 quas
739 2645 923 2701 omnis
950 2660 1055 2712 vo;
1096 2645 1482 2718 philosophica
1527 2647 1822 2719 redigitur.
1852 2647 2061 2714 Quam-

468 2733 659 2789 obrem
687 2735 978 2791 sciendum
1004 2735 1168 2791 nobis
1189 2743 1297 2802 est,
1337 2736 1472 2807 quid
1501 2752 1735 2809 quaeque
1754 2737 2057 2809 signiﬁcet,

2156 2000 2365 2069 στικὸν,
2400 2000 2547 2072 μόνῳ
2577 2000 2657 2072 τῷ
2678 2000 2852 2073 ῐππῳ.
2899 2004 2964 2056 Et
2992 2002 3050 2056 δὲ
3083 2003 3301 2067 πολλοῖς
3333 2002 3532 2055 εἴδεσιν
3561 2002 3745 2073 ὑπάρ-

2152 2112 2259 2167 χει,
2292 2095 2440 2148 ποιεῖ
2459 2094 2521 2147 τὺ
2550 2094 2900 2166 συμδεδηκός
2917 2112 2931 2127 ·
2955 2090 3069 2151 οἷον
3101 2096 3162 2150 τὸ
3189 2096 3408 2151 λευκόν.
3434 2095 3606 2149 Τοῦτο
3632 2095 3746 2166 γὰρ

2154 2187 2413 2258 ὑπάρχει,
2443 2187 2538 2241 καὶ
2579 2186 2659 2259 τῷ
2694 2186 2969 2260 ἀνθρώπῳ
3004 2190 3100 2242 καὶ
3145 2189 3321 2260 ἵππῳ,
3353 2188 3449 2241 καὶ
3468 2187 3616 2252 κυνὶ,
3649 2186 3749 2240 καὶ

2154 2277 2335 2342 ἄλλοις
2356 2277 2571 2341 πολλοῖς
2599 2276 2790 2344 είδεσι,
2820 2277 2919 2331 καὶ
2953 2272 3115 2332 αὗται
3171 2279 3312 2332 είσὶν
3349 2278 3407 2331 αἱ
3442 2276 3603 2330 πέντε
3627 2293 3746 2345 φω-

2154 2386 2269 2439 ναι,
2302 2370 2395 2440 ὐφ’
2420 2368 2488 2434 ἃς
2516 2369 2779 2439 ἀνάγεται
2808 2371 2961 2424 πᾶσα
2994 2369 3287 2441 φιλόσοφος
3318 2370 3496 2440 φωνή.
3527 2368 3745 2433 Ταύτας

2155 2458 2250 2518 οὖν
2277 2464 2359 2517 δεῖ
2389 2464 2542 2536 ημᾶς
2591 2464 2823 2533 γνῶναι,
2869 2463 3075 2534 ἑκάστη
3131 2463 3185 2516 τί
3215 2462 3498 2535 σημαίνει,
3536 2461 3633 2515 καὶ
3686 2461 3748 2515 ὲν

2154 2555 2260 2608 τίνι
2288 2553 2635 2608 κοινωνοῦσιν
2677 2554 2961 2625 ἀλλήλαις,
2989 2554 3086 2609 καὶ
3135 2556 3193 2607 ὲν
3224 2554 3332 2607 τίνι
3368 2552 3745 2623 διαφέρουσιν.

2157 2646 2280 2701 Εἰσὶ
2305 2645 2363 2700 δὲ
2383 2640 2567 2712 αὗται,
2597 2645 2778 2717 γένος,
2813 2643 2972 2711 είδος,
3017 2645 3276 2717 διαφορὰ,
3313 2644 3446 2700 ίδιον
3475 2644 3571 2700 καὶ
3599 2660 3746 2715 συμ-

2158 2738 2415 2810 ϐεϐηκός.

467 2837 524 2883 ct
558 2829 614 2883 in
644 2830 848 2900 quibus
871 2830 1016 2887 inter
1042 2846 1104 2887 se
1137 2830 1490 2900 convenient,
1525 2838 1623 2886 aut
1661 2830 1980 2904 discrepent
2014 2850 2028 2887 :
2061 2842 2191 2889 sunt
2228 2842 2412 2890 autem
2444 2834 2531 2890 hae
2550 2848 2744 2907 genus,
2777 2833 3010 2906 species,
3044 2831 3385 2901 diﬂ‘erentia,
3420 2831 3742 2905 proprium,

469 2930 520 2978 et
550 2924 828 2981 accidens.

536 3013 720 3069 Brevis
772 3031 958 3069 earum
1010 3031 1196 3072 vocum
1255 3015 1541 3086 expositio.
1578 3045 1648 3058 —
1680 3014 1868 3071 Genus
1931 3022 2050 3081 est,

2225 3013 2390 3078 Γένος
2422 3014 2542 3086 μὲν,
2566 3012 2628 3067 τὺ
2648 3012 2817 3067 ἵκατά
2835 3010 3122 3079 πλειόνων,
3146 3012 3241 3067 καὶ
3269 3013 3634 3085 διαφερόντων
3666 3015 3749 3087 τῷ

467 3104 614 3176 quod
644 3106 713 3160 de
759 3105 1012 3177 pluribus
1050 3106 1235 3177 specie
1269 3105 1673 3173 diﬂerentibus,
1716 3108 1771 3162 in
1804 3106 1938 3179 quid
1968 3117 2056 3163 est

468 3197 837 3270 praedicatur;
874 3199 929 3255 id
962 3207 1049 3256 est
1090 3199 1323 3267 dicitur,
1376 3207 1430 3255 et
1469 3201 1807 3255 nominatur.
1855 3199 2058 3255 Praedi-

468 3291 587 3345 cari
616 3292 763 3345 enim
814 3291 958 3347 idem
1003 3298 1120 3359 est,
1179 3307 1248 3348 ac
1286 3292 1355 3348 de
1398 3292 1585 3365 aliquo
1637 3293 1771 3349 dici.
1831 3292 2055 3364 Species

467 3391 578 3450 est,
613 3399 737 3453 quae
789 3384 857 3441 de
920 3384 1177 3455 pluribus
1237 3399 1472 3441 numero
1526 3384 1933 3452 differentibus,
1997 3384 2055 3440 in

468 3477 603 3549 quid
635 3486 721 3534 est
757 3477 1113 3549 praedicatur.
1165 3476 1483 3535 Diﬁ‘erentia
1516 3487 1631 3542 est,
1662 3492 1785 3546 quae
1818 3477 1887 3531 de
1936 3477 2057 3546 plu-

467 3572 626 3629 ribus
656 3572 843 3643 specie
871 3569 1280 3637 differentibus,
1313 3571 1370 3625 in
1398 3570 1560 3641 quale
1585 3569 1719 3640 quid
1750 3577 1837 3624 est
1864 3567 2057 3639 praedi-

466 3662 712 3728 dicatur,
749 3670 917 3733 atque
944 3663 1002 3717 in
1028 3662 1350 3718 deﬁnitione
1383 3668 1442 3717 ut
1475 3660 1865 3717 substantialis
1896 3674 2054 3716 assu-

467 3750 662 3806 mitur.
694 3749 824 3806 Htec
852 3756 1037 3804 autem
1074 3758 1182 3815 est,
1222 3748 1279 3813 id
1314 3747 1462 3819 quod
1493 3763 1606 3803 non
1650 3754 1833 3818 potest
1879 3746 1934 3801 iu
1962 3760 2055 3802 ea-

466 3839 592 3896 dem
651 3840 839 3911 specie
884 3854 1177 3910 peraeque,
1238 3839 1325 3895 vel
1382 3854 1542 3906 esse,
1596 3838 1685 3895 vel
1733 3853 1846 3894 non
1892 3852 2049 3905 esse;

465 3945 657 3986 verum
712 3946 947 4001 prorsus
998 3945 1227 3987 necesse
1275 3938 1362 3986 est
1418 3936 1480 3986 ut
1529 3930 1584 3985 in
1629 3945 1693 3986 ea
1734 3929 1919 4002 specie
1945 3929 2049 3997 sit,

466 4020 629 4090 cujus
659 4028 747 4076 est
776 4019 1105 4088 differentia;
1132 4034 1299 4091 quam
1322 4020 1512 4086 etiam,
1544 4034 1672 4074 cum
1703 4020 1881 4086 adest,
1908 4034 2050 4075 con-

466 4121 686 4179 servat,
717 4121 769 4167 et
797 4126 923 4168 cum
956 4114 1146 4178 abest,
1179 4111 1435 4176 destruit.
1467 4109 1660 4181 Neque
1691 4110 1812 4166 ﬁeri
1842 4118 2049 4182 potest,

465 4213 528 4258 ut
554 4211 611 4260 et
642 4204 763 4276 ipsa
788 4244 804 4272 ,
842 4213 899 4261 et
948 4204 1127 4275 ipsius
1170 4202 1512 4258 contrarium
1541 4201 1601 4256 in
1640 4202 1832 4257 eadem
1873 4204 2056 4273 specie

464 4296 583 4353 sit:
619 4313 672 4353 v.
706 4313 761 4368 ε.
794 4296 916 4352 ﬁeri
944 4295 1161 4365 nequit,
1194 4300 1255 4348 ut
1298 4293 1444 4348 ratio
1476 4292 1689 4350 homini
1736 4308 1847 4350 non
1897 4293 2050 4350 insit.

2158 3106 2310 3170 είδει,
2346 3107 2405 3160 ὲν
2438 3106 2515 3178 τῷ
2543 3106 2597 3159 τί
2626 3108 2743 3160 ἐστι
2776 3104 3276 3177 κατηγορούμενον,
3303 3107 3550 3161 τουτέστι
3579 3108 3744 3177 λεγό-

2160 3214 2355 3270 μενον,
2389 3199 2486 3252 καὶ
2542 3196 3080 3269 κατονομαζόμενον.
3140 3197 3582 3268 Κατηγορεῖσθαι
3633 3199 3750 3271 γὰρ

2156 3289 2275 3344 ἐστὶ
2322 3289 2385 3343 τὸ
2441 3289 2586 3344 κατά
2647 3306 2794 3355 τινος
2849 3288 3127 3359 λέγεσθαι.
3181 3285 3337 3353 Εἶδος
3386 3289 3465 3354 δὲ,
3506 3290 3568 3344 τὸ
3599 3291 3752 3344 κατὰ

2157 3381 2420 3436 πλειόνων
2450 3381 2545 3435 καὶ
2598 3379 3056 3454 διαφερόντωντῷ
3080 3380 3323 3452 ἀριθμῷ,
3357 3382 3417 3435 ὲν
3438 3384 3518 3453 τῷ
3543 3382 3597 3436 τί
3625 3384 3747 3437 ἐστι

2156 3472 2655 3543 κατηγορούμενον.
2692 3472 2942 3542 Διαφορά
2973 3471 3054 3537 δὲ,
3087 3473 3120 3543 ἡ
3167 3470 3312 3526 κατὰ
3351 3472 3614 3527 πλειόνων
3638 3474 3745 3544 (9),

2155 3564 2252 3618 καὶ
2272 3563 2640 3635 διαφερόντων
2667 3562 2745 3634 τῷ
2761 3562 2917 3629 εἴδει,
2940 3563 3001 3615 ὲν
3020 3561 3099 3633 τῷ
3128 3563 3314 3616 ὁποῖον
3351 3562 3405 3616 τί
3435 3564 3552 3616 ἐστι
3611 3580 3751 3616 κατ-

2154 3656 2526 3729 ηγορουμένη,
2554 3656 2650 3710 καὶ
2678 3657 2737 3709 ὲν
2761 3654 2842 3727 τῷ
2863 3653 3079 3727 ὁρισμῷ
3099 3653 3509 3727 λαμϐανομένη,
3538 3656 3614 3718 ὡς
3645 3656 3742 3709 οὐ-

2156 3746 2377 3818 σιώδης.
2404 3746 2553 3819 Αὕτη
2584 3747 2643 3800 δέ
2673 3748 2809 3814 ἐστι,
2841 3745 2871 3799 ὃ
2895 3745 2995 3800 οὐκ
3026 3745 3302 3815 ἐνδέχεται
3331 3742 3495 3809 εἶναι,
3524 3746 3620 3800 καὶ
3668 3745 3750 3818 μὴ

2154 3836 2295 3893 εἶναι
2323 3840 2384 3893 ὲν
2419 3838 2499 3910 τῷ
2519 3837 2668 3909 αὐτῷ
2693 3838 2847 3906 εἴδει,
2878 3837 2976 3892 καὶ
3007 3834 3273 3891 ἀδύνατον
3300 3836 3376 3908 μὴ
3417 3832 3557 3890 εἶναι
3590 3837 3649 3889 ὲν
3667 3835 3750 3908 τῷ

2155 3932 2288 3986 εῐδει
2319 3925 2382 3986 οὓ
2413 3933 2562 3986 ἐστιν
2581 3948 2596 3963 ·
2624 3931 2653 3985 δ
2682 3931 2779 3987 καὶ
2811 3930 2987 4002 παρὸν
3011 3928 3197 3994 σώζει,
3228 3929 3325 3983 καὶ
3345 3928 3484 3982 ἀπὸν
3507 3929 3745 4000 φθείρει.

2154 4026 2269 4079 Καὶ
2294 4025 2560 4079 ἀδύνατον
2589 4023 2744 4092 αὐτὸ,
2806 4023 2903 4079 καὶ
2932 4022 2995 4076 τὸ
3037 4020 3282 4075 ἐναντίον
3311 4020 3474 4075 αὐτοῦ
3509 4016 3655 4074 εἶναι
3686 4022 3749 4074 ἐν

2153 4117 2234 4190 τῷ
2260 4116 2410 4187 αὐτῷ
2438 4116 2602 4170 εἶδεν
2630 4108 2743 4169 οἷον
2798 4114 2860 4169 τὸ
2910 4113 3153 4184 λογικὸν,
3198 4112 3461 4168 ἀδύνατον
3498 4111 3574 4182 μὴ
3601 4108 3748 4165 εἶναι

2155 4211 2214 4264 ὲν
2261 4208 2340 4280 τῷ
2378 4207 2676 4280 ἀνθρώπῳ.
2719 4206 2795 4260 Τὸ
2842 4205 2953 4277 γὰρ
3003 4204 3223 4275 ἄλογον,
3278 4203 3382 4258 οὐκ
3431 4202 3744 4274 ἄνθρωπος.

2156 4300 2327 4355 Τοῦτο
2351 4300 2785 4373 παρὸν,συνιστᾷ
2814 4297 2914 4370 τὴν
2967 4296 3131 4367 φύσιν
3157 4295 3253 4349 τοῦ
3302 4295 3614 4366 ἀνθρώπου,
3647 4295 3749 4348 καὶ

461 4385 602 4442 Nam
632 4386 783 4457 quod
814 4386 1031 4441 ratione
1053 4392 1229 4449 caret,
1256 4399 1531 4454 nusquam
1560 4384 1729 4439 homo
1762 4396 1867 4441 est.
1900 4384 2049 4453 Haec,

2156 4372 2557 4462 anhv,cpﬁei95t.
2596 4390 2670 4443 Τὸ
2719 4390 2830 4460 γὰρ
2870 4389 3085 4458 ἄλογον,
3147 4388 3249 4441 οὐκ
3299 4385 3607 4457 ἄνθρωπος.
3653 4390 3751 4440 Δεῖ

461 4495 590 4536 cum
644 4479 825 4545 adest,
880 4478 1126 4535 hominis
1164 4486 1424 4533 naturam
1473 4477 1803 4545 constituit,
1830 4485 1887 4534 et
1924 4493 2048 4533 cum

462 4573 648 4639 abest,
705 4570 997 4627 interimit.
1050 4570 1245 4643 Neque
1297 4569 1450 4626 enim
1489 4569 1639 4641 quod
1688 4570 1925 4627 rationis
1956 4585 2054 4625 ex-

462 4680 594 4737 pers
623 4672 731 4730 est,
763 4663 1005 4719 hominis
1051 4664 1331 4718 rationem
1380 4661 1568 4716 habet.
1605 4659 1913 4717 Sciendum
1945 4660 2051 4733 igi-

462 4763 575 4819 tur,
607 4770 730 4811 eam
776 4753 1232 4819 substantialem,
1278 4760 1334 4809 et
1376 4752 1722 4817 naturalem,
1753 4760 1807 4806 et
1841 4751 2051 4807 consti-

464 4856 712 4904 tuentem
739 4889 755 4914 ,
805 4855 861 4902 et
917 4846 1261 4902 dividentem
1285 4886 1301 4913 ,
1355 4852 1412 4900 et
1438 4842 1754 4913 speciﬁcam
1786 4841 2049 4898 dill‘eren-

462 4938 634 5006 tiam,
669 4946 726 4993 et
778 4937 1210 4995 snbstantialem
1262 4934 1592 5006 qualitatem
1643 4943 1700 4990 et
1732 4935 2046 4990 naturalem

463 5030 861 5102 proprietatem
919 5029 1229 5102 appellari;
1293 5042 1418 5098 quae
1470 5027 1617 5099 apud
1680 5028 2048 5099 philosophos

463 5123 853 5197 propriissime
894 5121 1212 5180 diﬂereutia
1265 5120 1496 5188 dicitur,
1533 5127 1596 5176 ut
1633 5135 1757 5192 quae
1807 5120 2048 5175 maxime

2149 4476 2246 4536 οὖν
2291 4479 2607 4551 γινώσκειν,
2654 4480 2738 4536 ὅτι
2767 4477 2906 4552 αὕτη
2936 4478 3156 4546 λέγεται
3182 4476 3474 4548 οὑσιὼδης,
3514 4478 3607 4531 καὶ
3637 4495 3747 4548 φυ-

2152 4572 2304 4638 σικὴ,
2361 4571 2459 4627 καὶ
2502 4570 2826 4641 συστατικὴ,
2852 4570 2949 4623 καὶ
2992 4569 3323 4641 διαιρετικὴ,
3351 4570 3447 4623 καὶ
3478 4569 3749 4632 είδοποιὸς

2148 4664 2404 4735 διαφορὰ,
2437 4666 2532 4719 καὶ
2557 4662 2825 4735 οὐσιώδης
2868 4663 3115 4734 ποιότης,
3145 4663 3242 4717 καὶ
3268 4662 3499 4732 φυσικὸν
3538 4662 3745 4733 ἰδίωμα

2148 4758 2386 4828 φύσεως,
2412 4740 2539 4829 ἥτις
2557 4757 2775 4826 λέγεται
2803 4757 2955 4827 παρά
2984 4759 3098 4821 τοῖς
3128 4756 3439 4826 φιλοσόφοις
3466 4754 3745 4808 ἰδιαίτατα

2155 4847 2411 4918 διαφορὰ,
2448 4846 2728 4917 ἰδιωτάτη,
2768 4845 2865 4899 καὶ
2890 4845 3060 4915 αὐτῆς
3086 4846 3186 4915 τῆς
3210 4845 3425 4914 φύσεως
3454 4860 3747 4915 παραστα-

2157 4940 2285 5012 τικὴ
2315 4938 2417 5009 τῆς
2466 4938 2699 5009 ἐχούσης
2739 4939 2934 5009 αὐτήν.
2973 4938 3133 4992 Ἰδιον
3168 4938 3226 4992 δέ
3259 4940 3377 4992 ἐστι
3408 4938 3468 4991 τὸ
3495 4938 3575 4990 ἐνὶ
3601 4937 3741 4990 εἴδει

2155 5030 2423 5102 ὑπάρχον,
2449 5032 2545 5084 καὶ
2602 5029 2765 5084 παντὶ
2814 5029 2893 5100 τῷ
2949 5026 3103 5093 εἴδει,
3131 5029 3226 5082 καὶ
3256 5029 3365 5092 ἀεὶ,
3396 5030 3424 5082 ὅ
3462 5028 3555 5081 καὶ
3593 5028 3753 5081 ἀντι-

2157 5122 2382 5195 στρέφει
2418 5122 2465 5196 li
2498 5119 2612 5177 οἷον
2642 5121 2705 5175 τὸ
2759 5120 3132 5192 γελαστικόν.]
3157 5121 3271 5185 Πᾶς
3298 5121 3408 5193 γὰρ
3430 5120 3749 5192 ἄνθρωπος,

1718 5253 1958 5311 VARUS
2016 5253 2421 5313 LECTIONES.

539 5359 554 5399 ί
589 5358 719 5414 Haec
746 5354 982 5430 subjecit
1006 5354 1400 5424 Combellsius,
1418 5354 1572 5413 nullo
1592 5351 1931 5425 suifragante
1963 5368 2106 5420 ms.;
2136 5354 2455 5411 necessaria
2480 5360 2663 5411 tamen
2691 5369 2820 5413 esse
2852 5355 3026 5413 series
3066 5353 3287 5427 probat.

1992 5472 2225 5532 NOTAE.

642 5569 807 5695 Gzeg.
832 5568 964 5628 Naz.
991 5570 1155 5642 epist.
1185 5572 1255 5628 ad
1277 5570 1629 5630 Cledonium.
1788 5638 1799 5651 _
1992 5638 2003 5649 _

618 5678 633 5691 .
739 5643 955 5709 ιαςρορὰ
990 5643 1060 5695 δὲ
1085 5642 1124 5709 ἡ
1158 5645 1312 5698 κατὰ
1360 5643 1683 5705 πλειόνων,
1731 5637 2001 5709 Differam:

618 5678 633 5691 .
692 5637 955 5711 Διὶιερορὰ
990 5637 1060 5695 δὲ
1085 5642 1124 5710 ἡ
1158 5645 1312 5698 κατὰ
1360 5643 1683 5711 πλειόνων,
1731 5637 2043 5711 οἱπεςρηιὶα

465 5708 677 5783 veroea
699 5708 816 5783 est;
847 5708 960 5783 etc.
1000 5708 1367 5783 Sici'quidem
1413 5710 1755 5783 Porphyrius
1777 5708 2044 5783 cilleren-

465 5780 601 5853 tiam
633 5781 865 5853 deliniit.
912 5782 984 5853 At
1017 5779 1347 5848 dill'crentia,
1378 5779 1823 5853 quaa'de'multis
1858 5779 2044 5853 specie

434 5851 710 5935 diversis
770 5852 1121 5921 enuntiatur,
1188 5848 1423 5913 mediam
1482 5850 1757 5908 duntaxat
1804 5848 2043 5921 speciem

2147 5570 2459 5635 constituit,
2513 5587 2625 5627 non
2659 5569 2900 5645 inﬁmam
2924 5591 2937 5639 ;
2964 5587 3013 5628 e.
3049 5587 3169 5645 gn,
3190 5568 3458 5645 rationale
3494 5567 3582 5645 _dc_
3608 5574 3745 5645 sola

2151 5650 2502 5714 naturaLseu
2564 5644 2748 5714 specie
2804 5639 3077 5709 humana,
3123 5639 3360 5714 ejusque
3413 5639 3747 5707 individuis,

2150 5711 2334 5778 Petro,
2364 5712 2559 5778 Paulo,
2597 5711 2850 5779 ’Joanne,
2901 5722 3034 5779 etc.,
3088 5711 3184 5783 qui
3243 5712 3568 5768 nullatenus
3611 5724 3750 5770 sunt

2154 5785 2390 5855 species,
2424 5785 2658 5856 ipsomet
2685 5793 2909 5843 auctore
2930 5785 3242 5843 conﬁtente.
