3974 6338
196 278 302 342 545

1610 261 2080 327 DIALECTICA.

3371 268 3479 336 546

196 387 545 460 γελαστικδς,
577 384 673 441 καὶ
705 383 816 439 πᾶν
840 378 1187 452 γελαστικὸν,
1231 378 1539 451 ἄνθρωπος.
1571 377 1787 449 Συμϐε-
1817 427 1821 438 ,

1927 370 2153 445 pecialis
2186 370 2297 439 sit,
2330 385 2397 428 ac
2446 377 2706 428 naturam
2754 372 2848 428 cui
2897 373 3079 443 inest,
3124 376 3479 438 manifestam

197 482 369 553 σηκὸς
403 480 461 533 δέ
491 481 609 533 ἐστι
656 476 719 531 τδ
778 473 927 529 κατὰ
963 472 1252 538 πλειόνων,
1284 472 1381 525 καὶ
1422 469 1791 541 διαφερόντων

203 574 279 645 τῷ
306 573 461 634 εῖδει,
493 572 552 623 ὲν
584 568 664 640 τῷ
692 569 878 623 ὁποῖον
929 567 983 620 τί
1032 567 1152 619 ἐστι
1175 562 1672 634 κατηγορούμενον,
1699 560 1795 615 καὶ

206 668 284 739 μὴ
322 664 735 737 λαμϐανόμενον
771 662 832 715 ὲν
875 660 956 731 τῷ
998 657 1233 731 ὁρισμῷ,
1284 656 1422 710 ἀλλὰ
1474 654 1791 725 δυνάμενον.

203 759 318 815 Kal.
371 755 641 827 ὑπάρχειν
700 752 749 819 i,
804 752 900 806 καὶ
928 750 1005 821 μὴ
1055 750 1356 819 ὑπάρχειν·
1399 746 1429 800 δ
1467 743 1593 798 οὔτε
1621 745 1796 813 παρὸν

208 848 398 913 σώζει,
421 846 547 900 οὔτε
578 842 719 899 ἀπὸν
749 840 986 913 φθείρει.
1011 838 1183 892 Τοῦτο
1208 837 1427 905 λέγεται
1461 831 1797 902 ὲπουσιώδης

208 939 464 1011 διαφορὰ,
533 938 630 991 καὶ
672 934 921 1003 ποιότης.
955 930 1127 985 Τοῦτο
1173 929 1208 1000 ἢ
1239 926 1508 999 χωριστόν
1562 922 1795 993 hermi}

208 1032 532 1104 ἀχώριστον.
572 1025 858 1099 Χωριστδν
894 1023 1016 1095 μὲν,
1046 1022 1076 1075 δ
1107 1038 1243 1075 ποτε
1270 1021 1369 1091 μὲν
1405 1017 1638 1088 γίνεται,
1667 1013 1799 1068 ποτὲ

209 1126 268 1178 δὲ
336 1121 653 1190 ἀπογίνεται
701 1120 761 1171 ἐν
792 1119 860 1187 τῇ
893 1116 1031 1186 αὐτῇ
1065 1111 1385 1178 ὑποστάσει,
1432 1109 1509 1173 ὡς
1559 1106 1799 1169 κάθισις.

208 1217 521 1280 ἀνάκλισις,
548 1212 760 1277 στάσις,
792 1209 971 1273 νόσος,
996 1207 1197 1275 ὑγίεια.
1216 1203 1545 1275 Ἀχώριστον
1567 1199 1643 1264 δὲ,
1667 1199 1805 1269 ὅπερ

210 1307 405 1369 οὐσίας
440 1305 538 1376 μὲν
564 1304 666 1356 ούκ
694 1301 811 1355 ἐστι
872 1296 1218 1362 συστατικδν,
1273 1294 1350 1357 ὡς
1398 1291 1475 1365 μὴ
1503 1292 1561 1345 ἐν
1594 1289 1702 1361 ὅλῳ
1728 1287 1807 1358 τῷ

211 1400 346 1454 εἴδει
398 1395 795 1468 θεωρούμενον.
865 1391 1051 1463 Ὀμῶς
1111 1388 1277 1461 ἡνίκα
1333 1386 1563 1457 γένηται
1607 1383 1666 1437 ἐν
1701 1399 1808 1437 τινι

214 1489 537 1555 ὑποστάσει,
563 1486 825 1540 ἀδύνατον
855 1481 1195 1555 χωρισθῆναι
1223 1478 1393 1549 αὐτῆς
1413 1493 1427 1508 ⁶
1453 1470 1565 1530 οἷον
1594 1476 1629 1548 ἡ
1656 1474 1811 1546 σιμό-

212 1598 341 1650 της,
397 1575 768 1650 ἡγρυπότης,
828 1574 864 1644 ἡ
914 1570 1247 1641 γλαυκότης,
1296 1566 1391 1622 καὶ
1443 1566 1512 1621 τὰ
1556 1562 1809 1619 τοιαῦτα.

215 1671 395 1726 Τοῦτο
425 1671 488 1722 τὸ
513 1664 818 1738 ἀχώριστον
865 1660 1237 1734 συμϐεϐηκὸς,
1270 1658 1492 1728 λέγεται
1521 1673 1811 1728 χαρακτη-

498 1720 716 1830 ίδῖωμα.
752 1754 925 1809 Τοῦτο
936 1720 1065 1825 ’γάρ
1094 1720 1378 1822 άφόψρισμα
1426 1720 1686 1802 ἀποτελεῖ
1712 1720 1811 1818 την
1840 1720 1885 1776 Β

218 1836 545 1913 ὑπόστασιν,
583 1850 753 1920 ἤγουν
801 1845 864 1899 τὸ
917 1844 1142 1915 ἄτομον.
1171 1841 1411 1911 Ἄτομον
1442 1839 1500 1892 δέ
1528 1840 1643 1891 ἐστι
1666 1838 1727 1891 τὸ
1758 1836 1819 1902 ἐξ

218 1943 414 2006 οὐσίας
450 1940 546 1995 καὶ
579 1934 1007 2010 συμϐεϐηκότων
1054 1932 1178 1986 καθ’
1229 1929 1363 1985 αὐτὸ
1414 1930 1810 1999 ὑφιστάμενον,

220 2032 446 2106 ἀριθμῷ
469 2030 579 2085 τῶν
598 2027 864 2101 ὁμοειδῶν
879 2022 1309 2097 κεχωρισμένον,
1337 2021 1399 2075 οὐ
1425 2020 1488 2075 τὺ
1508 2020 1562 2075 τί
1592 2019 1811 2092 δηλοῦν,

222 2122 471 2178 suam
496 2121 653 2177 τίνα’
708 2119 840 2188 περὶ
872 2110 949 2171 ὧν
994 2116 1054 2170 ὲν
1098 2115 1210 2178 τοῖς
1248 2111 1376 2183 ἑξῆς
1424 2111 1816 2185 ἀκριϐέστερον

226 2216 329 2270 σὺν
353 2214 477 2286 Θεῷ
514 2210 898 2285 μαθησόμεθα.

1901 467 2095 522 faciat.
2146 463 2440 536 Proprium
2484 473 2673 523 autem
2721 476 2809 525 est
2861 469 3010 540 quod
3061 470 3189 538 uni,
3231 479 3287 529 et
3327 478 3482 531 omni

1899 562 2143 634 specieif,
2205 575 2539 631 semperque
2604 562 2786 629 inest,
2827 577 2893 618 ac
2923 578 3051 619 cum
3104 579 3171 621 ea
3205 568 3485 623 converti-

1902 662 2016 719 tur,
2049 652 2221 726 [puta
2254 668 2378 711 esse
2408 653 2661 726 risibile]
2688 674 2701 709 :
2743 657 2925 714 omnis
2967 657 3115 713 enim
3156 658 3323 715 homo
3354 661 3486 716 risi-

1902 746 2034 803 bilis
2081 753 2209 813 est,
2264 760 2331 801 ac
2374 760 2538 801 omne
2581 746 2798 803 risibile
2844 755 2933 802 est
2980 748 3168 804 homo.
3211 750 3486 811 Accidens

1903 851 2037 893 vero
2068 844 2184 905 est,
2219 837 2369 909 quod
2419 836 2490 893 de
2536 836 2795 908 pluribus
2843 839 3028 909 specie
3078 840 3483 910 differentibus,

1906 931 1964 986 in
2008 932 2174 1001 quale
2217 930 2354 1002 quid
2388 937 2477 987 est
2529 930 2868 1001 praedicatur
2924 947 3028 988 nec
3087 936 3397 991 assumitur
3427 938 3485 993 in

1906 1022 2269 1090 deﬁnitione,
2328 1022 2428 1079 sed
2486 1022 2577 1078 vel
2606 1022 2804 1079 adesse
2854 1023 2942 1080 vel
2998 1024 3199 1081 abesse
3255 1035 3484 1097 potest:

1906 1116 2056 1188 quod
2100 1132 2205 1173 nec
2235 1131 2364 1173 cum
2398 1116 2592 1183 adest,
2625 1117 2944 1188 subjectum
2989 1129 3330 1189 conservat,
3385 1139 3490 1180 nec

1908 1221 2037 1263 cum
2069 1208 2261 1275 abest,
2295 1208 2588 1265 interimit.
2620 1208 2803 1281 Atque
2844 1210 2994 1267 istud
3047 1212 3350 1269 adventitia
3379 1213 3492 1269 dif-

1910 1298 2143 1355 ferentia
2172 1310 2228 1356 et
2265 1301 2508 1372 qualitas
2551 1300 2776 1357 dicitur.
2828 1300 2947 1359 Hoc
2990 1317 3180 1374 porro,
3211 1305 3300 1361 vel
3329 1321 3494 1378 sepa~

1910 1390 2090 1447 rabile
2125 1399 2234 1459 est,
2293 1392 2379 1448 vel
2415 1392 2809 1463 inseparabile.
2848 1392 3172 1464 Separabile
3202 1403 3308 1462 est,
3344 1400 3491 1466 quod

1912 1482 1970 1537 in
2011 1483 2200 1539 eadem
2230 1497 2472 1554 persona
2514 1500 2665 1540 nunc
2714 1486 2934 1552 accidit,
2981 1502 3133 1543 nunc
3171 1488 3398 1556 recedit,
3432 1499 3494 1545 ut

1912 1572 2137 1641 sedere,
2179 1575 2543 1641 recumbere,
2595 1583 2743 1632 stare
2768 1617 2784 1643 ,
2830 1587 3119 1649 aegrotare,
3168 1582 3374 1637 valere.
3406 1578 3498 1636 ln-

1915 1662 2268 1733 separabile,
2320 1665 2469 1735 quod
2510 1665 2643 1722 licet
2689 1667 3060 1724 substantiam
3099 1670 3330 1727 minime
3363 1686 3497 1727 con-

1913 1751 2132 1820 stituat,
2184 1762 2375 1825 utpote
2421 1756 2573 1827 quod
2607 1757 2662 1812 in
2703 1759 2964 1814 universa
2993 1759 3185 1829 specie
3215 1774 3328 1816 non
3360 1775 3498 1817 con-

1909 1840 2208 1911 sideretur,
2240 1850 2424 1902 tamen
2451 1862 2580 1902 cum
2627 1848 2686 1903 in
2716 1849 2903 1920 aliqua
2954 1864 3197 1920 persona
3226 1851 3495 1920 exsistit,

1908 1933 1982 1989 ab
2022 1948 2089 1991 ea
2148 1936 2372 2009 sejungi
2407 1954 2518 1995 non
2572 1947 2787 2011 potest,
2832 1949 2892 1997 ut
2924 1957 3122 2013 presso
3150 1945 3237 2001 vel
3283 1946 3500 2002 adunco

1910 2041 2073 2094 naso,
2124 2029 2213 2085 vel
2256 2030 2441 2089 caesiis
2469 2032 2647 2089 oculis
2692 2048 2854 2101 esse,
2894 2042 2947 2091 et
2983 2034 3210 2094 similia.
3246 2034 3364 2091 Hoc
3402 2050 3501 2091 au-

1916 2126 2026 2175 tem
2056 2119 2430 2193 inseparabile
2469 2125 2732 2184 accidens
2766 2126 3225 2187 cbaracteristica
3257 2129 3503 2201 proprie-

1909 2214 1998 2265 tas
2041 2210 2268 2269 dicitur.
2301 2213 2444 2271 Illud
2489 2231 2733 2288 namque
2770 2218 3080 2275 discrimen
3121 2220 3500 2296 hypostasim,

229 2321 302 2362 ac
326 2306 647 2363 subsistens
679 2302 983 2372 singulare,
1031 2299 1085 2355 id
1134 2306 1220 2355 est
1262 2296 1634 2365 individuum,
1680 2297 1990 2354 constituit.
2019 2299 2370 2362 Individuum
2439 2308 2681 2380 denique
2739 2318 2855 2375 est,
2904 2312 3054 2382 quod
3116 2327 3185 2367 ex
3247 2313 3503 2368 substan-

230 2401 310 2455 tia
343 2406 403 2454 et
436 2394 826 2452 accidentibus
871 2406 970 2464 per
1013 2406 1073 2446 se
1116 2390 1403 2456 subsistit,
1435 2390 1665 2459 solaque
1719 2391 1937 2446 numeri
1984 2396 2202 2469 ratione
2246 2398 2317 2457 ab
2360 2398 2454 2466 iis,
2524 2415 2649 2472 quae
2715 2402 2966 2471 ejusdem
3052 2412 3183 2459 sunt
3260 2404 3501 2474 speciei.

231 2493 576 2561 secernitur;
625 2504 730 2548 nec
780 2488 952 2561 quid,
1009 2485 1106 2543 sed
1152 2485 1471 2558 quemdam,
1524 2483 1821 2557 signiﬁcat.

1927 2502 1946 2544 ε
1975 2490 2184 2561 quibus
2213 2497 2531 2551 accuratius
2565 2496 2849 2568 deinceps,
2880 2497 2993 2555 Deo
3061 2500 3263 2566 dante,
3328 2501 3505 2555 acturi

243 2597 465 2643 sumus.

820 2668 1074 2724 ΚΕΦΑΛ.
1126 2671 1216 2736 ς’.

758 2758 902 2829 Περὶ
927 2758 1297 2827 διαιρέσεως.

309 2853 589 2928 Διαίρεσις
641 2853 790 2906 ἐστιν
837 2851 873 2921 ἡ
922 2848 1119 2921 πρώτη
1147 2847 1291 2919 τομὴ
1318 2846 1413 2900 τοῦ
1458 2846 1783 2918 πράγματος
1808 2861 1822 2876 ·

2502 2668 2606 2741 15
2637 2669 2791 2726 car.
2832 2668 2922 2726 γι.

2506 2761 2589 2816 De
2619 2764 2896 2818 divisione.

1995 2849 2201 2906 Divisio
2248 2851 2414 2922 quid;
2461 2855 2834 2922 superdivisio.
2870 2885 2941 2898 —
2972 2852 3183 2913 Divisio
3212 2866 3298 2915 est
3328 2862 3507 2931 prima

235 2944 351 3004 οἷον
377 2946 438 2999 τὸ
463 2945 602 3010 ζῶον
630 2942 922 3013 διαιρεῖται
948 2940 1030 3003 είς
1056 2937 1278 3007 λογικὸν
1308 2937 1401 2991 καὶ
1424 2936 1640 3007 ἄλογον.
1675 2937 1821 2990 Ἐπι-

1928 2936 2008 2992 rei
2040 2939 2257 3005 sectio;
2306 2939 2485 3006 velut,
2538 2940 2748 2995 animal
2801 2941 3070 2997 dividitur
3119 2944 3174 2999 in
3238 2949 3510 3005 rationale

235 3037 513 3107 διαίρεσις
548 3032 609 3087 δέ
641 3032 793 3084 ἐστιν
828 3031 863 3101 ἠ
894 3028 1125 3099 δευτέρα
1171 3026 1316 3098 τομὴ
1350 3025 1445 3081 τοῦ
1484 3025 1652 3081 αὑτοῦ
1686 3025 1827 3097 πρά.

250 3136 489 3189 γματος.
506 3111 631 3172 Οἷον
649 3113 711 3168 τὸ
729 3111 867 3176 ζῶον
884 3110 1270 3180 ὲπιδιαιρεῖται
1290 3110 1369 3171 εἰς
1392 3108 1588 3172 άπουν,
1610 3108 1825 3175 δίπουν,

252 3207 582 3280 τετράπουν.
611 3204 817 3258 ’Δπουν
842 3202 961 3273 μὲν,
988 3201 1162 3272 ἰχθὺν,
1190 3200 1384 3254 δίπουν
1410 3200 1489 3265 δὲ,
1518 3199 1828 3271 ἄνθρωπον,

257 3302 353 3355 καὶ
380 3299 587 3368 ϐρνεον,
615 3295 924 3368 τετράπουν
951 3293 1007 3348 δὲ
1044 3292 1194 3364 βοῦν,
1220 3294 1409 3358 ῖππον,
1435 3293 1528 3348 καὶ
1556 3295 1624 3347 τὰ
1644 3291 1834 3348 τοιαῦ-

255 3410 350 3445 τα.
390 3386 788 3459 Ὑποδιαίρεσις
815 3386 871 3440 δέ
892 3388 1065 3449 ἔστιν,
1091 3387 1124 3456 ή
1149 3386 1245 3439 τοῦ
1275 3384 1578 3455 τμηθέντος
1611 3384 1835 3448 σκέλους

258 3482 439 3552 τομίγ
476 3476 588 3535 οἷον
614 3480 673 3534 τὸ
703 3480 843 3546 ζῶον
877 3479 1174 3550 διαιρεῖται
1208 3477 1290 3542 είς
1328 3476 1549 3545 λογικὸν
1582 3478 1678 3530 καὶ
1710 3474 1835 3529 ἄλο-

259 3591 382 3645 γον.
401 3573 475 3627 Τὸ
493 3573 708 3641 λογικὸν
724 3572 805 3635 εῖς
826 3570 1016 3642 θνητὸν
1039 3568 1132 3624 καὶ
1150 3569 1437 3625 ἆθάνατον.
1454 3566 1583 3623 ’ἰδοὺ
1597 3571 1659 3623 τὸ
1683 3568 1837 3640 πρῶ-

258 3684 355 3723 τον
375 3668 664 3737 διαιρεῖται
686 3668 765 3727 είς
792 3663 903 3718 δύο·
940 3664 1128 3735 σκέλη,
1154 3664 1232 3726 είς
1256 3661 1474 3733 λογικὸν
1501 3665 1596 3720 καὶ
1617 3662 1833 3732 ἄλογον.

273 3759 341 3812 Ἥ
366 3758 426 3812 δὲ
452 3757 551 3812 τοῦ
578 3755 696 3820 ἑνὸς
722 3756 835 3809 τῶν
864 3755 1073 3810 σκελῶν
1098 3754 1394 3827 διαίρεσις,
1428 3756 1461 3826 ἡ
1492 3754 1746 3824 λέγουσα,
1774 3754 1838 3809 τδ

261 3851 486 3921 λογικὸν
510 3851 799 3921 διαιρεῖται
821 3850 903 3913 είς
934 3847 1131 3919 θνητὸν
1159 3848 1253 3903 καὶ
1277 3847 1573 3914 ἀθάνατον,
1597 3846 1841 3900 ὑποδιαί-

268 3942 423 4013 ρεσις
464 3943 634 3996 ἔστιν.
667 3942 779 3995 Οὐκ
809 3940 903 3995 ἐπὶ
952 3942 1180 3997 πάντων
1228 3940 1285 3996 δὲ
1324 3942 1533 4008 γίνεται
1573 3939 1841 4010 διαίρεσις

252 4039 349 4091 καὶ
385 4034 767 4105 ἑπιδιαίρεσις.
806 4031 955 4084 Ἀλλ’
996 4031 1085 4085 ὅτε
1124 4030 1200 4101 μὴ
1255 4029 1438 4084 πάντα
1476 4028 1836 4099 περιέχονται

253 4130 360 4183 ὑπὸ
391 4128 494 4198 τὴν
522 4124 746 4197 πρώτην
773 4123 1062 4194 διαίρεσιν,
1090 4117 1225 4187 οἷον,
1259 4121 1323 4175 τὸ
1356 4120 1494 4186 ζῶον
1522 4118 1837 4190 διαιρούμε-

253 4236 343 4274 νον
366 4219 450 4280 εἰς
470 4214 691 4284 λογικὸν
724 4213 821 4268 καὶ
851 4213 1068 4282 ἄλογον,
1096 4212 1192 4266 καὶ
1224 4211 1283 4264 ὲν
1310 4212 1423 4275 τοῖς
1447 4210 1705 4279 λογικοῖς,
1743 4209 1837 4263 καὶ

1927 3036 1985 3086 ει
2038 3029 2386 3087 irrationale.
2433 3030 2825 3102 Superdivisio
2884 3041 3073 3089 autem
3123 3045 3211 3093 est
3264 3042 3507 3096 secunda

1926 3120 2178 3193 ejusdem
2231 3124 2311 3179 rei
2353 3123 2554 3189 sectio,
2605 3132 2670 3179 ut
2713 3125 2924 3181 animal
2969 3130 3410 3199 superdividitur
3453 3135 3510 3190 in

1927 3215 2164 3287 pedibus
2188 3231 2387 3274 carens
2411 3255 2427 3283 ,
2465 3217 2650 3288 bipes,
2683 3226 2741 3274 et
2769 3220 3094 3292 quadrupes
3125 3241 3139 3276 :
3173 3224 3378 3295 pedum
3412 3242 3513 3284 ex-

1927 3315 2080 3372 pers,
2137 3310 2200 3357 ut
2236 3303 2485 3373 piscem;
2533 3304 2716 3376 bipes,
2762 3313 2825 3361 ut
2868 3306 3176 3376 hominem,
3224 3320 3280 3367 et
3323 3329 3511 3384 avem;

1931 3392 2272 3466 quadrupes,
2322 3402 2382 3450 ut
2419 3395 2652 3463 bovem,
2705 3412 2908 3470 equum
2941 3408 2996 3455 et
3029 3401 3257 3457 similia.
3307 3403 3513 3463 Subdi-

1933 3483 2076 3541 visio
2138 3493 2324 3542 autem
2372 3494 2459 3543 est
2496 3492 2674 3559 partis
2726 3495 2893 3545 secta:
2949 3492 3144 3558 sectio,
3198 3495 3349 3550 velut
3389 3499 3514 3554 ani-

1932 3576 2062 3631 mali
2109 3577 2288 3635 diviso
2338 3578 2397 3633 in
2448 3580 2668 3636 ratione
2717 3581 3012 3651 praeditum
3039 3591 3095 3639 et
3140 3585 3375 3643 rationis
3420 3604 3515 3644 ex-

1933 3679 2096 3735 pers;
2147 3667 2371 3723 ratione
2415 3668 2708 3737 praeditum
2740 3669 2797 3724 in
2831 3672 3066 3728 mortale
3112 3682 3168 3730 et
3200 3673 3516 3733 immortale

1933 3764 2174 3814 secatur.
2231 3756 2314 3813 En
2372 3759 2615 3828 primum
2678 3759 2947 3817 dividitur
2993 3764 3050 3818 in
3112 3764 3253 3821 duas
3305 3776 3514 3837 partes.

1934 3858 2132 3914 nempe
2179 3844 2237 3899 in
2290 3846 2565 3901 rationale
2611 3857 2666 3903 et
2717 3847 3063 3907 irrationale.
3121 3850 3301 3910 Unius
3343 3859 3517 3926 partis

1933 3931 2161 3998 divisio,
2209 3932 2317 3988 hoc
2349 3939 2435 3988 est
2473 3949 2597 4004 quae
2644 3935 2922 3993 rationale
2957 3939 3010 3992 in
3044 3940 3280 3996 mortale
3324 3948 3379 3997 et
3414 3942 3517 3996 im-

1934 4019 2168 4075 mortale
2207 4019 2440 4086 dividit,
2490 4021 2803 4078 subdivisio
2851 4032 2957 4080 est.
2992 4025 3266 4083 Caeterum
3313 4029 3516 4086 divisio

1934 4120 1990 4169 et
2017 4112 2390 4183 superdivisio
2425 4126 2537 4167 non
2579 4113 2635 4169 in
2686 4115 2947 4172 omnibus
2982 4110 3154 4174 rebus
3190 4119 3373 4173 locum
3419 4120 3518 4174 ha-

1934 4199 2089 4266 bent,
2125 4199 2224 4256 sed
2261 4215 2386 4257 cum
2439 4200 2628 4255 omnia
2678 4202 2785 4257 sub
2847 4204 3027 4274 prima
3078 4205 3353 4261 divisione
3403 4222 3515 4262 non

256 4311 317 4363 ὲν
342 4311 460 4371 τοῖς
490 4307 708 4373 ἀλόγοις
729 4304 1017 4375 θεωρεῖται
1040 4302 1104 4355 τὸ
1126 4301 1339 4356 δίπουν.
1370 4300 1712 4371 ’Δναγκαίως
1738 4295 1821 4355 οῦκ

1935 4292 2519 4364 comprehenduntur:
2575 4293 2763 4359 velut,
2814 4308 2942 4349 cum
2992 4295 3199 4351 animal
3244 4295 3519 4369 dividitur

256 4395 694 4467 ὲπιδιαιροῦμεν,
739 4395 909 4465 ἦγουν
963 4391 1225 4463 δευτέραν
1254 4391 1519 4463 διαίρεσιν
1547 4390 1642 4445 τοῦ
1672 4390 1837 4446 αὑτοῦ

254 4493 587 4560 πράγματος
622 4484 945 4557 ποιούμεθα,
976 4484 1147 4555 ἧγουν
1173 4482 1268 4536 τοῦ
1299 4481 1463 4549 ζῶου,
1494 4482 1589 4536 καί
1630 4500 1833 4555 φαμεν.

255 4582 328 4635 re
358 4580 502 4646 ζῶον
534 4578 826 4650 διαιρεῖται
854 4575 938 4639 εἰς
959 4575 1156 4640 ἄπουν,
1197 4573 1410 4639 δίπουν,
1430 4573 1763 4645 τετράπουν.

256 4672 339 4728 rio
404 4670 635 4733 utimur,
694 4667 801 4723 hoc
852 4677 940 4723 est
982 4664 1286 4723 secundam
1338 4664 1587 4735 ejusdem
1636 4666 1717 4721 rei
1746 4665 2085 4749 ‘divisionem
2140 4659 2401 4724 facimus,
2462 4672 2528 4714 ac
2575 4660 2817 4717 dicimus

256 4780 481 4835 erpers,
515 4762 692 4834 bipes,
720 4768 778 4818 et
807 4746 1125 4833 quadrupes
1151 4757 1443 4814 dividitur.

325 4851 666 4924 Διαιρετικοὶ
694 4850 752 4904 δὲ
771 4852 965 4923 τρόποι
995 4850 1134 4903 εισὶν
1158 4847 1323 4913 ὀκτὼ,
1356 4848 1424 4902 δι’
1451 4848 1634 4904 αἰτίαν
1654 4848 1837 4903 τοιαύ-

259 4963 380 5016 την.
420 4944 538 4996 Πᾶν
568 4941 677 5012 γὰρ
704 4940 1102 5015 διαιρούμενον,
1130 4941 1165 5011 ἢ
1195 4939 1321 4995 καθ’
1351 4938 1485 4994 αύτδ
1523 4940 1834 5012 διαιρεῖται,

263 5039 430 5107 ἡγουν
464 5036 589 5088 κατ’
620 5033 831 5100 ούσίαν,
862 5033 896 5105 ἢ
943 5032 1083 5087 κατά
1117 5030 1482 5103 συμϐεϐηκός.
1519 5032 1632 5085 Καὶ
1660 5032 1709 5084 εί
1742 5032 1842 5102 μὲν

268 5128 387 5181 καθ’
413 5127 569 5192 αὐτὸ,
616 5126 652 5197 ἢ
700 5126 774 5190 ὡς
823 5126 1079 5197 πρᾶγμα,
1132 5124 1167 5196 ἢ
1198 5125 1277 5189 ὡς
1311 5125 1499 5194 φωνή·
1529 5123 1624 5176 καὶ
1670 5126 1719 5177 εἰ
1768 5124 1845 5189 ὡς

274 5222 520 5290 πρᾶγμα,
553 5219 589 5289 ἢ
612 5218 687 5283 ὡς
715 5218 869 5287 γένος
898 5219 981 5282 εἰς
1002 5216 1141 5289 εἴδη,
1171 5216 1248 5281 ὡς
1268 5217 1397 5270 ὅταν
1418 5213 1598 5288 διέλῃς
1626 5213 1687 5267 τὸ
1707 5213 1844 5277 ζῶον

276 5311 351 5373 εἰς
371 5300 590 5379 λογικὸν
619 5309 714 5363 καὶ
739 5308 954 5378 ἄλογον.
985 5309 1057 5363 ’Ἦ
1088 5308 1163 5372 ὡς
1199 5303 1337 5372 εἶδος
1376 5307 1456 5371 είς
1493 5308 1691 5378 άτομα,
1712 5305 1787 5370 ὡς
1815 5308 1844 5361 ὁ

283 5402 558 5475 ἄνθρωπος
594 5403 676 5467 είς
706 5402 916 5476 Πέτρον
950 5402 1046 5457 καὶ
1079 5401 1316 5470 Παῦλον,
1350 5400 1444 5455 καὶ
1473 5400 1601 5464 τοὺς
1631 5399 1853 5465 λοιποὺς

1943 4386 2002 4441 in
2032 4382 2307 4439 rationale
2349 4392 2402 4439 et
2445 4382 2799 4454 irrationale;
2846 4391 3017 4456 atque
3059 4387 3115 4442 in
3158 4388 3226 4443 iis
3272 4403 3393 4460 qua:
3424 4402 3517 4443 ra-

1943 4475 2096 4531 tione
2152 4479 2411 4537 ntuntur,
2443 4479 2500 4527 et
2547 4473 2618 4530 iis
2667 4489 2790 4545 qua:
2834 4475 3055 4532 ratione
3096 4487 3310 4542 carent,
3362 4478 3518 4548 bipes

1943 4568 2358 4625 consideratur.
2391 4563 2546 4621 Tunc
2577 4567 2748 4638 igitur
2776 4568 3219 4640 superdivisione
3254 4584 3515 4627 necessa—

2876 4681 2891 4717 :
2953 4661 3154 4716 animal
3204 4660 3259 4716 in
3318 4662 3516 4733 pedum

2017 4848 2167 4906 Medi
2218 4857 2336 4904 octo
2373 4846 2671 4902 divisionis.
2698 4873 2770 4887 -
2795 4844 2941 4900 Sunt
2988 4850 3175 4899 autem
3224 4853 3349 4900 octo
3381 4844 3521 4900 divi-

1946 4943 2112 5000 dendi
2160 4941 2336 5006 modi,
2388 4938 2662 5012 ejusmodi
2713 4940 2782 4995 de
2827 4953 3024 4994 causa.
3060 4936 3344 5009 Quidquid
3373 4939 3520 4994 enim

1949 5036 2236 5099 dividitur,
2266 5040 2364 5088 aut
2412 5031 2720 5089 secundum
2755 5046 2815 5088 se
2859 5028 3145 5095 dividitur,
3176 5036 3272 5083 aut
3306 5043 3402 5099 per
3425 5042 3520 5082 ac-

1951 5126 2166 5183 cidens.
2197 5124 2255 5180 Si
2286 5125 2342 5180 in
2371 5140 2467 5192 se;
2502 5124 2589 5179 vel
2625 5130 2684 5178 ut
2714 5138 2827 5189 res,
2858 5121 2944 5178 vel
2972 5127 3033 5175 ut
3061 5136 3190 5177 vox.
3226 5118 3284 5177 Si
3321 5126 3381 5172 ut
3409 5134 3520 5183 res,

1951 5217 2039 5273 vel
2072 5224 2135 5271 ut
2164 5230 2341 5287 genus
2387 5214 2445 5269 in
2500 5227 2633 5270 suas
2664 5214 2906 5283 species,
2949 5218 3008 5265 ut
3046 5225 3171 5265 cum
3222 5207 3428 5263 animal
3466 5207 3523 5262 in

1951 5309 2231 5364 rationale
2265 5315 2321 5363 et
2357 5305 2679 5361 irrationale
2731 5302 3010 5359 diviseris.
3048 5298 3186 5366 Vel,
3220 5307 3281 5357 ιιι
3309 5299 3524 5370 species

1961 5402 2019 5458 in
2045 5400 2327 5457 individua
2348 5440 2363 5468 ,
2396 5407 2459 5457 ut
2492 5411 2618 5454 cum
2653 5395 2919 5452 dividitur
2953 5394 3117 5449 homo
3142 5393 3200 5449 in
3226 5389 3527 5469 Petrumet

1578 5561 1808 5620 VARIIE
1837 5558 2244 5618 LECTIONES.

357 5638 370 5687 ί
401 5649 585 5709 Nostri
616 5650 836 5709 codices
860 5653 968 5708 τινὶ
997 5652 1285 5725 ὑπάρχειν.
