3974 6338
481 303 582 374 56⁸1

1681 303 1742 362 S.
1783 305 2106 366 JOANNIS
2145 306 2583 368 DAMASCENI

3658 303 3768 369 548

485 415 749 476 Paulum,
803 426 867 468 ac
929 409 1178 478 reliquos
1231 405 1484 478 singulos
1541 406 1817 475 homines,
1864 412 1948 468 vel
2009 423 2067 468 ut

2175 414 2313 468 κατὰ
2337 413 2502 484 μέρος
2529 409 2877 482 ἀνθρώπους.
2919 410 2990 462 Ἦ
3019 409 3096 473 ὡς
3130 407 3253 463 ὅλον
3301 411 3381 473 είς
3435 409 3580 482 μέρη
3607 427 3619 440 ·
3671 416 3766 465 καὶ

481 517 656 564 totum
688 503 744 556 in
779 509 981 570 partes.
1011 497 1182 568 hique
1217 496 1475 550 bifariam
1500 537 1516 560 ,
1559 513 1759 568 nempe
1792 502 1876 556 vel
1904 503 1958 556 in
2000 517 2065 558 ea

480 611 608 668 qua:
635 600 768 648 sunt
807 590 1070 647 similium
1115 588 1377 659 partium,
1414 589 1499 643 vel
1545 589 1604 643 in
1633 604 1698 644 ea
1746 606 1870 660 qua:
1895 592 2064 648 dissi-

479 689 704 744 milibus
741 683 990 754 pat-tibus
1037 690 1318 736 constant.
1371 681 1509 735 Illud
1561 689 1745 736 autem
1789 693 1878 738 est
1907 684 2067 739 simi-

479 779 614 834 lium
641 777 911 848 partium,
943 773 1108 843 cujus
1138 782 1429 842 segmenta
1449 813 1465 839 ,
1499 781 1555 828 et
1583 788 1789 830 nomen
1814 813 1830 841 ,
1859 784 1914 830 et
1936 775 2068 830 deﬂ-

479 869 746 924 nitionem
804 868 995 932 totius,
1060 879 1124 919 ac
1205 866 1444 933 partium
1503 864 1860 934 suscipiunt:
1920 868 2070 921 velut

479 975 615 1016 caro
645 960 702 1014 in
729 959 934 1013 multas
983 970 1180 1011 carnes
1219 955 1508 1019 dividitur,
1541 963 1598 1008 et
1633 957 1846 1026 quaevis
1877 958 2069 1012 carnis

480 1069 632 1124 pars,
661 1067 792 1107 cano
836 1049 1066 1114 dicitur,
1095 1063 1160 1103 ac
1205 1047 1393 1103 carnis
1432 1048 1628 1118 recipit
1660 1048 2066 1105 deﬁnitionem.

481 1147 691 1204 Contra
724 1160 856 1201 vero
887 1143 1247 1200 dissimilium
1279 1141 1517 1211 partium
1541 1149 1651 1206 est,
1678 1156 1803 1196 cum
1841 1141 1894 1196 id
1919 1142 2068 1214 quod

482 1245 696 1293 sectum
728 1247 833 1301 est,
877 1251 983 1292 nec
1021 1250 1243 1299 nomen,
1292 1249 1393 1289 nec
1430 1234 1826 1291 deﬁnitionem
1867 1236 2064 1302 totius,

483 1341 582 1387 aut
616 1331 781 1385 etiam
818 1330 1084 1401 partium,
1122 1336 1316 1384 mutuo
1355 1327 1592 1397 recipit:
1642 1329 1722 1382 uti
1772 1328 1820 1383 si
1865 1328 2069 1384 Socra-

483 1430 594 1476 tem
645 1420 860 1476 dividas
911 1420 968 1474 in
1027 1433 1245 1483 manus,
1293 1418 1484 1485 pedes,
1531 1424 1585 1472 et
1637 1427 1829 1489 caput.
1880 1419 2070 1490 Neque

483 1513 629 1568 enim
672 1527 770 1580 pes
823 1527 854 1564 a
904 1508 1135 1565 Socrate
1196 1509 1484 1565 abscissus
1535 1507 1794 1567 Socrates
1839 1511 2068 1580 dicitur,

483 1611 577 1657 aut
602 1607 768 1671 caput
800 1618 813 1654 :
867 1614 1050 1669 neque
1099 1599 1377 1661 Socratis,
1418 1607 1514 1653 aut
1551 1600 1751 1669 capitis
1788 1600 2070 1657 deﬁnitio-

482 1709 606 1748 nem
636 1692 855 1762 recipit.
904 1689 1002 1747 Vel
1040 1699 1098 1746 ut
1148 1707 1255 1746 vox
1303 1693 1588 1762 aquivoca
1637 1693 1695 1748 in
1737 1693 1960 1750 diversa
1991 1697 2069 1751 si-

2169 503 2330 557 τοῦτο
2359 502 2544 572 διχῶς,
2580 501 2614 571 ἢ
2665 502 2745 564 είς
2795 499 3127 570 ὁμοιομερῆ,
3162 500 3197 570 ἦ
3247 502 3329 564 εἰς
3356 501 3761 572 ἀνομοιομερῆ.

2169 597 2278 650 Καὶ
2302 594 2632 667 ὅμοιομερὲς
2666 595 2769 664 μὲν
2799 594 2970 659 ἐστιν,
3006 595 3135 646 ὅταν
3157 595 3226 648 τὰ
3260 596 3548 665 τμήματα,
3583 597 3680 650 καὶ
3704 596 3768 650 τὸ

2169 689 2361 759 ὅνομα,
2403 688 2497 741 καὶ
2544 687 2638 740 τὸν
2684 688 2810 758 ὅρον
2858 685 2952 739 τοῦ
2992 703 3052 738 τε
3089 686 3236 753 ὅλου,
3273 688 3368 740 καὶ
3396 687 3639 760 ἀλλήλων
3673 691 3764 744 ει-

2169 799 2395 853 χωνται,
2431 779 2542 835 οἷον
2577 784 2610 852 ἢ
2647 780 2785 850 σὰρξ
2815 780 3110 851 διαιρεῖται
3158 781 3240 842 εἰς
3290 779 3496 842 πολλὰς
3529 782 3762 851 σάρκας,

2169 873 2265 926 καὶ
2295 874 2527 926 ἕκαστον
2559 872 2726 942 μέρος
2748 871 2846 940 τῆς
2878 869 3082 940 σαρκὸς
3109 869 3249 940 σὰρξ
3269 868 3509 937 λέγεται,
3550 872 3645 922 καὶ
3669 872 3766 925 τὸν

2168 965 2396 1037 ὁρισμὸν
2440 965 2541 1034 τῆς
2575 963 2780 1036 σαρκὸς
2837 962 3170 1032 ἐπιδέχεται.
3239 962 3663 1032 Ἀνομοιομερὲς
3703 963 3764 1016 δέ

2171 1053 2288 1106 ἐστι
2319 1054 2380 1105 τὸ
2405 1053 2696 1117 ἀνάπαλιν,
2734 1053 2866 1106 ὅταν
2914 1050 2976 1104 τὸ
3022 1051 3234 1122 τμηθὲν
3293 1050 3367 1124 μὴ
3419 1051 3761 1121 ὲπιδὲξηται,

2174 1147 2312 1218 μήτε
2343 1145 2404 1199 τδ
2432 1145 2626 1216 ὄνομα,
2663 1146 2802 1217 μήτε
2841 1144 2936 1198 τὸν
2977 1145 3233 1216 ὁρισμὸν,
3295 1147 3434 1216 μήτε
3484 1145 3580 1198 τοῦ
3609 1145 3762 1208 ὅλου,

2173 1243 2313 1310 μήτε
2342 1239 2589 1310 ἀλλήλων
2615 1253 2629 1268 ⁶
2659 1238 2735 1302 ὡς
2762 1239 2851 1293 ἵνα
2871 1236 3054 1310 διέλῃς
3087 1237 3180 1290 τὸν
3213 1236 3512 1308 Σωκράτην
3539 1238 3620 1300 εἰς
3649 1239 3766 1306 χεῖ-

2173 1351 2294 1406 ρας,
2329 1334 2426 1388 καὶ
2453 1333 2642 1397 πόδας,
2668 1335 2762 1386 καὶ
2814 1330 3064 1401 κεφαλήν
3091 1347 3104 1360 ·
3130 1328 3254 1384 οὐτε
3309 1331 3418 1400 γὰρ
3469 1331 3498 1382 ὁ
3527 1329 3766 1399 τμηθεὶς

2171 1427 2309 1490 ποῦς
2355 1426 2463 1479 ἀπὸ
2516 1425 2612 1478 τοῦ
2649 1423 3001 1496 Σωκράτους,
3050 1421 3351 1494 Σωκράτης
3381 1421 3622 1490 λέγεταεν
3654 1421 3689 1490 ἦ
3727 1423 3760 1489 ἡ

2169 1519 2408 1591 κεφαλή,
2455 1517 2582 1571 οὐτε
2615 1517 2708 1570 τὸν
2741 1516 2970 1588 ὁρισμὸν
3000 1515 3096 1569 τοῦ
3131 1515 3478 1586 Σωκράτους,
3506 1514 3540 1586 ἢ
3585 1530 3764 1584 κειρα-

2167 1610 2268 1681 λῆς
2298 1610 2632 1681 ἐπιδέχεται.
2666 1609 2738 1664 Ἣ
2761 1608 2838 1672 ὡς
2877 1607 3169 1679 ὁμώνυμος
3211 1607 3366 1678 φωνὴ
3397 1609 3478 1670 είς
3523 1605 3762 1678 διάφορα

2172 1703 2586 1775 σημαινόμενω
2623 1704 2718 1756 καὶ
2760 1701 2924 1756 τοῦτο
2958 1701 3122 1756 πάλιν
3173 1700 3358 1772 διχῶς.
3393 1701 3465 1754 Ἦ
3495 1700 3604 1770 γὰρ
3634 1699 3760 1752 ὅλον

482 1785 743 1858 gniﬁcata
773 1801 792 1852 ;
826 1783 994 1854 idque
1027 1799 1224 1839 rursus
1253 1783 1532 1838 hil-ariam.
1570 1784 1678 1839 Aut
1701 1785 1850 1840 enim
1887 1794 2064 1842 totum

2175 1773 2237 1852 τι
2254 1797 2580 1869 σημαίνεται
2603 1796 2709 1850 ὑπὸ
2733 1797 2831 1866 τῆς
2863 1793 3051 1866 φωνῆς
3079 1793 3112 1866 ἢ
3140 1793 3326 1864 μέρος.
3352 1792 3464 1846 Καὶ
3489 1791 3610 1844 ὅλον
3635 1791 3757 1861 μὲν,

481 1876 614 1946 quid
675 1890 774 1946 per
829 1889 1020 1930 vocem
1081 1874 1456 1946 signiﬁcatur.
1507 1882 1604 1930 aut
1655 1887 1808 1946 pars.
1867 1877 2068 1934 Totum

485 1983 698 2038 nempe,
731 1976 789 2020 ut
821 1967 979 2022 canis
1017 1963 1378 2024 vocabulum.
1424 1967 1560 2024 Nam
1606 1976 1662 2025 et
1694 1969 1763 2025 de
1795 1971 2064 2038 terrestri,

481 2068 538 2115 et
589 2058 659 2113 de
712 2057 953 2124 sidereo,
1006 2058 1187 2130 deque
1233 2059 1450 2114 marino
1504 2073 1643 2115 eane
1685 2060 1914 2127 dicitur,
1943 2075 2068 2132 qua:

483 2151 707 2224 quidem
756 2157 932 2204 totum
986 2149 1195 2221 aliquid
1223 2160 1373 2217 sunt,
1405 2166 1470 2206 ac
1504 2166 1614 2206 non
1638 2166 1767 2222 pars
1797 2152 2069 2207 duntaxat

485 2247 774 2301 animalis.
824 2245 962 2301 Pars
999 2253 1182 2299 autem
1227 2249 1336 2308 est,
1365 2258 1491 2298 cum
1533 2244 1735 2315 linguae
1763 2259 1964 2300 nomen
2000 2243 2067 2300 de

483 2350 734 2396 extremo
781 2336 1148 2394 calceamenti
1194 2348 1249 2390 et
1297 2336 1446 2391 tibiae
1495 2345 1653 2407 parte
1697 2335 1928 2400 dicitur,
1965 2351 2069 2391 nec

483 2447 595 2488 non
627 2432 697 2487 de
725 2446 791 2486 ea
818 2429 1185 2484 animantium
1214 2438 1388 2498 parte,
1435 2427 1493 2482 in
1527 2443 1638 2499 qua
1689 2428 1953 2498 gustandi
1988 2428 2070 2483 fa-

483 2524 664 2580 cultas
695 2524 800 2580 sita
826 2530 912 2580 est
944 2538 956 2574 :
992 2536 1114 2592 qua:
1167 2521 1396 2592 quidem
1448 2532 1636 2592 partes
1680 2521 2069 2577 tantummodo

483 2629 644 2685 sum,
701 2635 766 2674 ac
795 2633 907 2673 non
955 2624 1069 2670 tota
1123 2615 1395 2686 quasdam.
1441 2617 1622 2688 Atque
1665 2618 1722 2672 in
1769 2617 1918 2671 hunc
1950 2631 2069 2671 mo-

483 2713 638 2777 dum,
673 2712 821 2782 quod
856 2720 941 2766 est
983 2709 1276 2766 divisionis
1311 2709 1651 2779 subjectum,
1699 2725 1798 2778 per
1830 2725 1890 2764 se
1925 2709 2069 2764 divi-

483 2807 654 2862 ditur.
683 2804 788 2861 Per
841 2803 1099 2859 accidens
1129 2811 1335 2866 autem,
1376 2809 1472 2856 aut
1507 2801 1676 2856 veluti
1720 2800 2066 2867 substantia;

484 2906 547 2953 ut
576 2912 703 2952 cum
740 2895 888 2958 dico,
923 2895 1212 2947 hominum
1265 2891 1358 2944 alii
1405 2890 1630 2945 candidi
1679 2902 1807 2947 sunt
1857 2891 1948 2946 alii
1982 2892 2068 2946 ni-

486 2989 598 3061 gri.
633 2988 898 3043 Homines
956 2985 1064 3056 16
1093 2984 1242 3040 enim
1294 2982 1608 3038 substantia
1661 2995 1828 3052 sunt;
1861 2984 2071 3038 candor

486 3089 674 3136 autem
723 3088 776 3134 et
813 3077 1070 3148 nigredo,
1110 3075 1442 3131 accidentia.
1483 3075 1594 3128 Aut
1625 3075 1772 3130 sicut
1806 3077 2071 3130 accidens

486 3169 542 3224 in
617 3168 993 3232 substantias;
1051 3174 1111 3219 ut
1155 3179 1279 3218 cum
1324 3164 1486 3219 dico:
1545 3165 1910 3220 candidorum
1957 3165 2069 3219 alia

485 3267 619 3317 sunt
652 3261 921 3325 animata,
954 3258 1062 3311 alia
1102 3258 1432 3312 inanimata.
1468 3255 1690 3313 Candor
1736 3259 1884 3313 enim
1921 3259 2069 3314 acci-

485 3353 625 3408 dens
669 3359 784 3418 est;
841 3352 1143 3405 animatum
1194 3358 1378 3406 autem
1423 3357 1479 3406 et
1512 3350 1904 3418 inanimatam,
1935 3350 2070 3406 sub-

483 3443 724 3498 Stantias.
757 3444 866 3496 Ant
903 3443 1053 3497 sicut
1081 3442 1342 3498 accidens
1372 3442 1428 3497 in
1464 3441 1814 3510 accidentia;
1849 3452 1909 3500 ut
1935 3453 2064 3500 cum

2173 1890 2250 1953 ὡς
2277 1891 2310 1960 η
2345 1887 2494 1942 κύων
2523 1888 2696 1958 φωνή.
2718 1887 2949 1958 Φέρεται
2978 1883 3089 1955 γὰρ
3119 1883 3263 1937 κατά
3288 1899 3348 1936 τε
3376 1882 3632 1954 χερσαίου
3661 1900 3765 1936 κυ-

2173 1979 2284 2043 νὸς,
2319 1980 2411 2033 καὶ
2445 1977 2719 2048 ἁστρώου,
2754 1977 2848 2030 καὶ
2878 1975 3189 2040 Θαλαττίου,
3215 1973 3360 2044 ἂπερ
3390 1973 3511 2027 ὅλον
3545 1973 3599 2026 τί
3626 1975 3760 2036 εἰσι,

2174 2074 2269 2126 καὶ
2307 2073 2366 2126 οὐ
2417 2071 2582 2142 μέρος
2611 2069 2774 2134 ζὼου.
2815 2069 2907 2132 Ὠς
2928 2068 2984 2123 δὲ
3019 2069 3208 2140 μέρος,
3251 2068 3342 2121 ὅτε
3370 2066 3431 2120 τὸ
3454 2066 3555 2136 τῆς
3581 2065 3766 2135 γλῶσ-

2175 2143 2290 2240 σης
2308 2169 2480 2240 ὄνομα
2509 2169 2735 2240 φέρεται
2757 2166 2903 2222 κατὰ
2930 2165 3024 2220 τοῦ
3050 2166 3220 2237 ἄκρου
3260 2163 3356 2218 τοῦ
3388 2163 3762 2234 ὑποδήματος,

2177 2256 2271 2309 καὶ
2304 2255 2397 2309 τοῦ
2423 2254 2613 2321 αὐλοῦ,
2650 2257 2746 2309 καὶ
2779 2254 2874 2308 τοῦ
2896 2252 3186 2322 γευστικοῦ
3225 2253 3417 2325 μορίου
3447 2252 3558 2305 τῶν
3581 2250 3760 2316 ζώων,

2175 2341 2210 2395 ἃ
2242 2359 2364 2396 τινα
2391 2342 2531 2414 μέρη
2560 2343 2688 2408 εἱσι,
2717 2342 2813 2396 καὶ
2839 2343 2961 2412 οὐχὶ
2981 2341 3081 2397 ὅλα
3101 2357 3115 2371 °
3173 2343 3272 2396 καὶ
3299 2343 3462 2406 οὕτω,
3497 2340 3601 2412 ’μὲν
3638 2342 3766 2396 καθ’

2175 2434 2310 2489 αὐτὸ
2362 2433 2654 2504 διαιρεῖται
2692 2434 2754 2488 τδ
2781 2434 3185 2506 διαιρούμενον.
3221 2434 3378 2488 Κατά
3413 2435 3768 2505 συμϐεϐηκὸς

2174 2527 2288 2600 δὲῆ
2323 2529 2398 2592 ὼς
2424 2528 2584 2582 οὐσία
2609 2531 2690 2593 εἰς
2743 2527 3156 2600 συμϐεϐηκότα,
3190 2529 3266 2592 ὡς
3313 2529 3443 2582 ὅταν
3477 2529 3618 2581 εἴπω
3652 2527 3766 2581 τῶν

2175 2619 2501 2690 ἀνθρώπων,
2524 2622 2574 2674 οἱ
2604 2621 2703 2692 μέν
2726 2623 2832 2674 εἰσι
2858 2620 3066 2683 λευκοὶ,
3096 2623 3144 2692 οἱ
3164 2620 3220 2674 δὲ
3239 2621 3490 2690 μέλανες.
3518 2617 3769 2690 ’Δνθρὼ-

2175 2727 2268 2764 ποι
2303 2711 2405 2782 μὲν
2442 2710 2574 2780 γὰρ,
2603 2691 2782 2763 οὐσία.
2814 2709 3097 2781 Λευκότης
3121 2691 3179 2764 δὲ
3213 2711 3306 2763 καὶ
3338 2710 3591 2780 μελανία,
3621 2727 3768 2780 συμ-

2176 2803 2470 2872 ϐεϐηκότα.
2509 2805 2579 2856 Ἢ
2624 2804 2700 2867 ὡς
2741 2803 3089 2874 συμϐεϐηκὸς
3143 2805 3222 2867 είς
3259 2804 3470 2869 οὐσίας,
3503 2803 3580 2867 ὡς
3629 2804 3766 2858 ὅταν

2176 2897 2316 2950 εῐπω
2342 2912 2356 2926 ο
2392 2896 2502 2950 τῶν
2550 2896 2779 2963 λευκῶν,
2824 2895 2892 2950 τὰ
2928 2898 3027 2967 μὲν
3067 2895 3308 2967 ἔμψυχα,
3358 2897 3428 2950 τὰ
3457 2897 3516 2951 δὲ
3551 2897 3762 2968 ἄψυχα.

2177 2991 2387 3045 Λευκὸν
2429 2991 2528 3062 μὲν
2549 2991 2680 3061 γὰρ,
2717 2989 3064 3060 συμϐεϐηκός
3088 3007 3102 3022 ο
3133 2989 3376 3060 ἕμψυγον
3404 2991 3463 3044 δὲ
3493 2993 3588 3045 καὶ
3621 2992 3768 3060 ἄψυ-

2181 3101 2296 3156 χον,
2323 3084 2526 3138 οὐσίαι.
2561 3085 2635 3138 Ἦ
2657 3085 2737 3147 ὡς
2762 3082 3113 3154 συμϐεϐηκδς
3139 3086 3218 3147 είς
3253 3083 3658 3155 συμϐεϐηκότα,
3682 3085 3766 3151 ὡς

2173 3175 2302 3230 ὅταν
2325 3175 2494 3229 εἴπω·
2531 3175 2640 3228 τῶν
2661 3174 2906 3246 ψυχρῶν,
2936 3174 3005 3228 τὰ
3034 3175 3134 3244 μὲν
3175 3175 3344 3229 λευκὰ
3370 3178 3464 3229 καὶ
3490 3176 3650 3246 ξηρὰ,
3689 3177 3764 3232 τὰ

2172 3263 2227 3318 δὲ
2261 3264 2469 3336 μέλανα
2497 3265 2592 3318 καὶ
2621 3263 2785 3336 ὑγρά.
2811 3264 2884 3317 Τὸ
2906 3280 2964 3317 τε
3001 3265 3111 3335 γὰρ
3143 3263 3372 3336 ψυχρὸν,
3415 3266 3511 3318 καὶ
3541 3266 3604 3318 τὸ
3635 3265 3770 3318 λευ-

2172 3357 2288 3424 κὸν,
2338 3359 2434 3412 καὶ
2477 3357 2538 3412 τὸ
2595 3359 2847 3430 μελανδν,
2885 3359 2980 3414 καὶ
3012 3358 3073 3412 τὸ
3114 3359 3303 3431 ὑγρὸν,
3344 3359 3442 3413 καὶ
3479 3358 3538 3413 τὸ
3567 3359 3763 3431 ξηρὸν,

2171 3447 2387 3504 ἅπαντα
2417 3449 2823 3520 συμϐεϐηκότα.

486 3535 649 3629 dico:
689 3535 1018 3606 frigidorum
1051 3538 1157 3591 alia
1207 3531 1450 3593 candida
1485 3546 1618 3593 sunt
1649 3543 1704 3593 et
1747 3539 1925 3608 sicca;
1958 3539 2067 3595 alia
2100 3541 2258 3612 nigra
2287 3551 2342 3599 et
2369 3543 2618 3600 humida.
2651 3542 2791 3599 Nam
2841 3552 2897 3600 et
2944 3541 3239 3616 frigidum,
3307 3554 3362 3600 et
3427 3544 3762 3629 candidum.

485 3636 540 3682 et
569 3628 801 3693 siccum,
833 3638 892 3684 et
923 3629 1168 3701 nigrum,
1204 3638 1258 3684 et
1299 3630 1609 3695 humidum,
1660 3630 1923 3686 universa
1954 3630 2070 3685 haec
2111 3633 2421 3690 accidentia
2451 3642 2602 3690 sunt.

559 3764 756 3818 Divisio
813 3768 878 3818 ab
938 3781 1062 3833 uno,
1111 3775 1161 3819 et
1209 3764 1278 3818 ad
1329 3781 1607 3818 unum.—
1648 3763 1748 3821 Est
1803 3773 2070 3836 praeterea

487 3858 630 3912 alius
666 3856 946 3911 dividendi
977 3857 1174 3914 modus
1196 3895 1212 3921 ,
1248 3871 1446 3927 nempe
1469 3857 1538 3910 ab
1563 3871 1672 3911 uno
1702 3865 1764 3912 et
1781 3855 1850 3911 ad
1869 3873 2060 3913 unum.

486 3952 569 4003 Ab
600 3963 712 4004 uno
741 3949 1002 4006 nimirum
1025 3991 1041 4016 ,
1091 3957 1150 4004 ut
1186 3964 1218 4004 a
1268 3947 1565 4015 medicina,
1607 3948 1750 4004 liber
1783 3947 2032 4005 medicus
2053 3989 2068 4016 ,

487 4050 543 4095 et
589 4041 1020 4095 instrumentum
1084 4040 1383 4096 medicum.
1439 4039 1524 4094 Ab
1572 4054 1684 4094 uno
1736 4040 1924 4105 enim,
1967 4041 2073 4097 hoc

487 4141 574 4189 est
604 4149 634 4188 a
666 4134 962 4199 medicina,
998 4134 1211 4189 medica
1242 4139 1562 4202 nuncupata
1597 4139 1750 4188 sunt.
1780 4132 1862 4187 Ad
1893 4147 2067 4188 unum

487 4233 694 4288 autem.
730 4233 790 4281 ut
834 4225 1060 4282 salubre
1095 4223 1592 4286 medicamentum,
1633 4231 1690 4278 et
1721 4224 1965 4282 salubris
1995 4225 2077 4280 ci-

485 4319 612 4374 bus.
648 4316 832 4373 Unam
887 4317 1032 4372 enim
1079 4331 1145 4371 ac
1186 4315 1437 4371 eamdem
1469 4329 1612 4380 rem,
1643 4315 1934 4371 sanitatem
1966 4317 2079 4373 sci-

483 4411 640 4475 licet,
687 4408 1033 4480 propositam
1083 4407 1311 4463 habent.
1361 4405 1566 4462 Eorum
1618 4421 1786 4478 porro
1833 4423 1957 4478 qua
2008 4409 2079 4466 ab

2244 3769 2402 3824 Ἔστι
2429 3768 2486 3825 δὲ
2516 3769 2612 3824 καὶ
2641 3769 2827 3842 ἔτερος
2875 3770 3100 3843 τρόπος,
3136 3771 3214 3833 ὡς
3251 3769 3322 3826 τὰ
3363 3771 3457 3842 ἀφ’
3489 3775 3629 3838 ὲνὸς,
3664 3775 3764 3829 καὶ

2143 3862 2308 3934 -πρδς
2333 3863 2391 3916 ἓν
2410 3879 2425 3894 ο
2475 3862 2571 3932 ἀφ’
2600 3863 2717 3926 ἑνὸς
2748 3863 2868 3934 μὲν,
2897 3864 2972 3927 ὡς
3005 3863 3113 3918 ἀπὺ
3140 3864 3238 3934 τῆς
3265 3865 3537 3936 ἰατρικῆς,
3583 3869 3764 3934 ἰατρι-

2172 3956 2267 4010 κὸν
2296 3955 2524 4027 βιϐλίον,
2559 3954 2805 4027 ἰατρικὸν
2833 3955 3137 4027 ἐργαλεῖον.
3183 3957 3319 4011 Ἀπὸ
3338 3958 3448 4031 γὰρ
3483 3959 3624 4022 ἐνὸς,
3655 3955 3763 4028 τῆς

2175 4047 2258 4100 ῑατ
2271 4045 2448 4117 ρικῆς,
2475 4044 2895 4117 ὠνωμάσθησαν
2931 4045 3157 4116 ἰατρικά
3176 4060 3190 4074 ·
3224 4046 3360 4118 πρὸς
3390 4048 3449 4101 ἓν
3479 4047 3561 4113 δὲ,
3584 4048 3764 4116 ὑγιει-

2171 4134 2263 4188 νὸν
2295 4135 2614 4206 φάρμακον,
2647 4133 2888 4203 ὑγιεινὸν
2938 4133 3171 4206 βρῶμα⁶
3201 4136 3341 4207 πρὸς
3369 4137 3429 4190 ἓν
3477 4137 3585 4208 γὰρ
3634 4135 3766 4208 βλι-

2173 4243 2358 4290 πουσι,
2389 4226 2489 4296 τὴν
2519 4224 2742 4295 ὑγείαν·
2774 4223 2885 4281 τῶν
2905 4223 2962 4278 δὲ
2989 4225 3085 4295 ἀφ’
3116 4225 3258 4292 ἑνὸς,
3296 4225 3366 4280 τὰ
3390 4226 3491 4298 μὲν
3515 4228 3580 4282 ἐκ
3611 4244 3767 4293 τινος

2174 4317 2352 4374 αἰτίου
2373 4317 2594 4387 λέγεται
2619 4333 2633 4349 ·
2667 4317 2745 4382 ὡς
2776 4319 2811 4390 ὴ
2843 4316 3010 4372 εἰκὼν
3037 4317 3136 4372 τοῦ
3166 4316 3480 4392 ἀνθρώπου,
3529 4319 3590 4385 ἐξ
3623 4319 3768 4389 ἀλη-

2175 4409 2324 4466 θινοῦ
2364 4411 2540 4465 αἰτίου
2583 4411 2679 4464 τοῦ
2719 4410 3010 4483 ἀνθρώπου
3034 4410 3255 4481 λέγεται
3279 4428 3292 4441 ·
3329 4411 3400 4466 τὰ
3443 4412 3502 4465 δὲ
3545 4413 3621 4477 ὡς
3651 4412 3768 4466 ἀπὸ

487 4516 599 4556 uno
631 4505 786 4566 sunt,
831 4498 1085 4569 quaedam
1136 4512 1168 4552 a
1217 4512 1392 4554 causa
1445 4497 1629 4568 aliqua
1675 4497 1962 4565 dicuntur,
2010 4508 2069 4556 ut

2175 4517 2321 4565 τινος
2353 4499 2717 4572 ἐξευρημένα,
2751 4500 2830 4564 ὡς
2865 4500 3113 4572 ἰατρικὸν
3151 4498 3384 4570 σμιλίον,
3425 4501 3524 4554 καὶ
3555 4503 3623 4555 τὰ
3648 4517 3766 4555 τοι.

487 4594 670 4663 imago
721 4591 965 4646 hominis
1014 4607 1047 4645 a
1089 4605 1221 4647 vera
1254 4605 1458 4658 causa,
1516 4591 1740 4647 homine
1783 4593 2069 4658 videlicet,

489 4685 694 4740 dicitur
725 4704 739 4740 :
775 4684 965 4755 aliqua
996 4698 1149 4751 vero,
1185 4692 1244 4738 ut
1273 4684 1344 4739 ab
1365 4685 1555 4754 aliquo
1588 4685 1836 4750 inventa,
1869 4691 1930 4740 ut
1957 4700 2074 4742 me-

486 4780 672 4834 dicum
716 4777 1024 4848 scapellum
1055 4817 1070 4842 ,
1101 4783 1158 4832 et
1187 4776 1294 4830 alia
1325 4776 1624 4847 ejusmodi.

562 4912 695 4966 Octo
765 4911 1047 4966 divisionis
1097 4909 1243 4962 modi
1301 4917 1658 4962 recensentur.
1715 4905 1841 4962 Non
1895 4924 2072 4963 omnes

487 5004 712 5072 probant
758 5004 1072 5058 divisionem
1122 5002 1310 5072 speciei
1356 5002 1411 5055 in
1463 5001 1758 5056 individua.
1802 5002 2073 5072 —Atque

490 5099 604 5152 haec
635 5097 910 5167 generalis
940 5095 1149 5149 divisio
1175 5105 1279 5160 est,
1306 5109 1401 5165 per
1431 5109 1596 5165 quam
1627 5093 1892 5149 dividitur
1915 5092 2074 5164 quid-

485 5189 621 5260 quid
680 5189 830 5244 cadit
878 5189 936 5244 in
989 5187 1358 5253 divisionem;
1395 5187 1482 5243 vel
1523 5193 1582 5241 ut
1615 5201 1790 5258 genus
1837 5189 1892 5241 in
1947 5201 2070 5257 spe-

486 5285 639 5350 cies;
666 5282 753 5336 vel
787 5289 846 5336 ut
881 5280 1097 5352 species
1145 5279 1200 5335 in
1243 5279 1565 5345 individua;
1600 5281 1684 5335 vel
1718 5290 1779 5334 ut
1806 5287 1981 5334 totum
2018 5280 2072 5333 in

489 5381 713 5441 partes;
742 5371 828 5426 vel
863 5380 925 5426 ut
955 5385 1060 5425 voa
1089 5370 1374 5442 :equivoca
1408 5369 1464 5424 in
1492 5367 1716 5425 diverso
1745 5366 2074 5440 significata;

488 5464 577 5518 vel
606 5471 668 5518 ut
693 5465 1008 5522 substantia
1051 5465 1106 5519 in
1141 5463 1482 5530 accidentia;
1514 5459 1604 5519 vel
1636 5469 1696 5517 ut
1723 5461 1982 5516 accidens
2021 5460 2077 5516 in

490 5555 872 5623 substantias;
921 5556 1008 5611 vel
1045 5562 1106 5610 ut
1160 5553 1422 5611 accidens
1475 5553 1531 5608 in
1592 5551 1931 5618 accidentia;
1993 5550 2080 5606 vel

492 5659 552 5701 ut
592 5661 656 5701 ea
707 5663 829 5716 quae
867 5649 936 5702 ab
965 5663 1098 5713 uno,
1133 5657 1188 5704 et
1239 5662 1363 5718 quae
1407 5646 1473 5701 ad
1508 5661 1702 5701 unum.
1749 5645 2078 5714 Quanquam

490 5739 746 5797 nonnulli
777 5747 931 5808 sunt,
978 5741 1071 5810 qui
1109 5739 1311 5809 speciei
1337 5739 1392 5796 in
1422 5738 1708 5793 individua
1737 5736 2070 5793 divisionem

2171 4593 2332 4650 αὔτα.

2247 4908 2358 4962 Καὶ
2387 4906 2528 4979 αὐτη
2561 4906 2660 4980 μὲν
2692 4905 2841 4961 ἔστιν
2870 4907 2904 4978 η
2942 4905 3175 4962 καθόλου
3212 4905 3501 4978 διαίρεσις,
3531 4904 3656 4960 καθ’
3686 4905 3765 4978 ἢν

2175 5005 2467 5076 διαιρεῖται
2506 5005 2615 5058 πᾶν
2643 5003 3040 5075 διαιρούμενον,
3070 5001 3104 5073 ἢ
3135 5001 3212 5066 ὡς
3238 5001 3393 5070 γένος
3439 5001 3520 5064 είς
3551 4999 3689 5069 είδη,
3717 5000 3762 5072 ἢ

2178 5096 2254 5160 ὼς
2283 5093 2421 5159 εἶδος
2451 5097 2529 5158 είς
2550 5095 2748 5166 ἄτομα,
2785 5095 2817 5165 ἢ
2849 5093 2924 5158 ὡς
2954 5093 3074 5147 ὅλον
3107 5094 3187 5156 εἰς
3221 5092 3386 5163 μέρη,
3421 5089 3455 5164 ἢ
3487 5091 3562 5155 ὡς
3605 5090 3767 5158 ὀμώ-

2179 5206 2348 5258 νυμος
2395 5187 2548 5259 φωνὴ
2585 5187 2664 5251 εἰς
2718 5185 2952 5258 διάφορα
2985 5185 3383 5256 σημαινόμενα,
3413 5181 3447 5250 ἢ
3478 5183 3554 5247 ὡς
3596 5183 3772 5238 οὐσία.

2179 5281 2259 5344 εἰς
2295 5277 2699 5349 συμϐεϐηκότα,
2744 5276 2777 5346 ἢ
2808 5277 2884 5339 ὡς
2911 5273 3258 5347 συμϐεϐηκὸς
3281 5275 3361 5339 είς
3385 5271 3594 5338 οὐσίας,
3622 5271 3659 5343 ἢ
3687 5271 3773 5336 ὡς

2177 5371 2526 5444 συμϐεϐηκὸς
2556 5372 2635 5434 είς
2665 5368 3054 5440 συμϐεϐηκότα
3074 5408 3089 5434 ,
3122 5367 3155 5438 ἢ
3181 5365 3256 5430 ὡς
3277 5364 3347 5420 τὰ
3374 5365 3468 5433 ἀφ’
3490 5364 3632 5429 ἑνὸς,
3665 5365 3774 5418 καὶ

2177 5465 2313 5538 πρὸς
2336 5465 2415 5518 ἓν.
2459 5463 2617 5526 Τινὲς
2647 5462 2704 5515 δὲ
2735 5459 3144 5533 ἀπαγορεύουσι
3181 5459 3281 5530 τὴν
3310 5457 3418 5512 ἀπὸ
3444 5457 3621 5518 εἴδους
3680 5457 3772 5522 είς

2175 5556 2356 5626 ἄτομα
2403 5554 2692 5624 διαίρεσιν,
2731 5553 2933 5624 μᾶλλον
2985 5549 3369 5622 ἀπαρίθμησιν
3415 5548 3767 5618 φάσκοντες·

2175 5649 2328 5701 πᾶσα
2347 5646 2458 5716 γὰρ
2485 5646 2754 5717 διαίρεσις
2785 5646 2868 5708 εἰς
2889 5643 3003 5706 δύο,
3025 5643 3059 5712 ἢ
3092 5642 3242 5713 τρία,
3275 5639 3310 5710 ἢ
3343 5638 3589 5701 σπανίως
3614 5637 3772 5691 πάνυ

2173 5740 2252 5803 είς
2286 5737 2527 5810 τέσσαρα
2553 5736 2783 5805 γίνεται.
2816 5734 2890 5788 Τὸ
2916 5733 2973 5787 δὲ
2998 5729 3136 5797 εἶδος
3171 5733 3249 5796 είς
3279 5730 3483 5803 ἄπειρα
3510 5725 3588 5800 τῷ
3614 5726 3771 5799 πλή-
