3974 6338
249 307 365 375 549

1668 304 2139 366 DIALECTICA.

3424 303 3535 369 550

246 418 338 471 οει
374 418 687 489 διαιρεῖ-ξαν
720 415 944 487 ἄπειροι
973 416 1081 487 γὰρ
1106 415 1183 485 τῷ
1215 415 1408 483 πλήθει
1432 416 1479 468 0i
1505 417 1644 469 κατὰ
1677 415 1833 486 μέρος

1948 412 2240 468 dicendam
2305 420 2524 485 negent,
2591 410 3179 483 enumerationemque
3232 411 3287 466 id
3340 413 3529 480 potius

246 510 553 581 ᾰιθρωποι.

247 612 348 658 aut
401 605 530 669 tria,
605 611 701 660 aut
773 617 906 657 raro
996 601 1293 657 admodum
1344 602 1397 655 in
1451 613 1695 671 quatuor
1748 601 2027 656 dividatur
2082 616 2095 651 :

1944 521 2070 561 esse
2118 513 2415 560 asserant:
2475 503 2626 574 quod
2655 504 2870 560 scilicet
2922 505 3105 560 omnis
3151 519 3243 559 res
3287 504 3344 558 in
3392 502 3527 567 duo,

2151 597 2369 668 species
2428 606 2610 652 autem
2661 596 2719 651 in
2769 596 3044 651 infinitam
3119 596 3528 651 multitudinem

248 696 655 751 distribuatur:
692 695 967 749 infinitam
1007 695 1154 749 enim
1194 694 1612 764 particularium
1646 693 1931 748 hominum
1964 706 2087 746 esse
2118 688 2554 745 multitudinem.

329 791 421 840 Δεῖ
445 787 502 840 δὲ
530 785 843 855 γινώσκειν,
866 786 941 847 ὡς
968 783 1145 838 οὐδενὶ
1173 785 1361 855 τρόπῳ
1387 784 1487 853 τῆς
1513 784 1841 854 διαιρέσεως

246 876 538 947 θεωρεῖται
593 877 651 929 ὲν
690 878 802 938 τοῖς
835 876 1091 945 τιμήμασι
1141 874 1200 926 τὸ
1252 874 1415 943 φύσει
1448 874 1712 945 πρότερον
1746 874 1842 927 καὶ

246 969 499 1040 ὕστερον,
535 968 656 1022 οὐδὲ
683 968 745 1020 τὸ
775 967 977 1037 μᾶλλον
1009 968 1105 1044 καῖ
1137 963 1323 1039 ἦττον.
1369 967 1458 1020 Ἑν
1492 966 1549 1020 δὲ
1597 970 1711 1029 τοῖς
1746 965 1840 1034 ἀφ’

254 1063 379 1125 ἑνὸς
403 1062 498 1114 καὶ
512 1061 626 1131 ’πρὸ
653 1059 712 1112 ἐν
741 1060 1168 1130 διαιρουμένοις,
1216 1060 1310 1112 καὶ
1343 1060 1403 1112 τὸ
1436 1060 1596 1129 φύσει
1641 1058 1841 1129 πρότε-

253 1174 373 1229 ρον,
404 1155 495 1208 καὶ
529 1154 757 1226 ὕστερον
786 1153 1101 1224 θεωρεῖται,
1156 1153 1251 1207 καὶ
1277 1152 1339 1207 τὸ
1372 1154 1573 1225 μᾶλλον
1615 1154 1710 1207 καὶ
1740 1147 1842 1225 ἦτ-

245 1264 366 1310 τον,
392 1246 453 1311 ἐξ
474 1238 536 1299 οὗ
573 1245 669 1299 καὶ
697 1244 1038 1316 ὴόνομασία.

2016 780 2173 837 Scire
2211 790 2397 835 autem
2434 794 2617 851 opera:
2667 781 2907 850 pretium
2952 790 3057 844 εει,
3112 781 3264 835 nullo
3300 782 3528 837 omnino

1942 874 2235 931 divisionis
2267 874 2429 928 modo
2457 872 2806 927 considerari
2850 871 2904 925 in
2936 873 3236 942 segmentis
3268 874 3345 938 id,
3379 874 3527 943 quod

1942 975 2142 1020 natura
2190 967 2345 1037 prius
2402 980 2465 1019 ac
2521 965 2801 1034 posterius
2855 972 2972 1028 est;
3034 979 3133 1017 nec
3193 966 3323 1019 item
3380 966 3529 1036 quod

1951 1060 2130 1129 magis
2162 1066 2215 1113 et
2247 1060 2427 1115 minus
2458 1078 2470 1114 :
2522 1062 2576 1115 in
2615 1060 2726 1115 illis
2771 1068 2957 1114 tamen
3017 1074 3139 1129 quae
3169 1061 3236 1113 ah
3267 1075 3399 1123 uno,
3442 1064 3528 1117 vel

1946 1165 2175 1222 propter
2230 1154 2483 1208 ordinem
2541 1154 2609 1209 ad
2671 1168 2844 1208 unum
2914 1153 3258 1217 dividuntur,
3324 1162 3439 1207 tum
3473 1155 3528 1209 id

1946 1243 2093 1312 quod
2134 1250 2333 1297 natura
2370 1246 2525 1315 prius
2584 1262 2649 1301 ac
2698 1246 2978 1316 posterius
3011 1254 3096 1300 est
3148 1246 3527 1312 considerari,

1946 1339 2060 1385 tum
2093 1334 2238 1401 quod
2273 1338 2449 1406 magis
2480 1347 2532 1391 ct
2560 1337 2744 1391 minus
2773 1353 2787 1401 ;
2820 1336 2965 1391 unde
3001 1335 3166 1390 etiam
3202 1335 3529 1391 denomina-

1942 1423 2021 1475 tio
2060 1425 2261 1479 oritur.

254 1535 531 1589 Hactenus
558 1540 715 1598 caput
739 1528 802 1582 de
823 1530 1400 1611 divisionesecundum
1434 1528 2045 1611 fusioremlpamasceni
2075 1535 2454 1611 Diuiecticam;
2493 1539 2734 1608 deinceps
2774 1557 2891 1594 vero
2925 1540 3058 1595 illud
3084 1540 3443 1611 subjiciemus,
3468 1550 3531 1596 ut

991 1603 1045 1654 in
1080 1601 1302 1654 breviori
1331 1601 1630 1655 continetur
1658 1600 1748 1654 ubi
1777 1603 2019 1669 proxime
2052 1608 2290 1677 sequitur
2325 1600 2443 1677 post
2486 1620 2643 1678 caput
2677 1600 2773 1664 Ἡ.

782 1697 921 1766 Περὶ
949 1696 1314 1765 διαιρέσεως.

2544 1707 2621 1762 De
2655 1708 2933 1761 divisione.

322 1791 604 1861 Διαίρεσις
630 1793 779 1844 ἐστιν
830 1793 863 1862 ἡ
906 1790 1095 1862 πρώτη
1152 1791 1294 1862 τομὴ
1334 1791 1427 1845 τοῦ
1473 1793 1833 1862 πράγματος·

2021 1794 2227 1849 Divisio
2289 1804 2372 1852 est
2437 1797 2590 1867 prior
2651 1800 2727 1853 rei
2788 1800 3005 1855 sectio:
3058 1799 3294 1869 exempli
3330 1798 3551 1868 gratia,‘

248 1881 365 1938 οἷον
382 1885 443 1937 τὸ
473 1884 610 1948 ζῶον
633 1884 924 1955 διαιρεῖται
959 1885 1039 1945 εἰς
1069 1882 1284 1952 λογικὸν
1309 1885 1404 1937 καὶ
1424 1884 1636 1953 ἄλογον.
1678 1884 1841 1937 ’Υποο

245 1977 518 2047 διαίρεσις
562 1976 618 2029 δὲ
664 1978 697 2045 ἡ
730 1976 823 2028 τοῦ
858 1976 974 2038 ἐνὸς
1024 1976 1223 2046 μέρους
1257 1976 1365 2029 τῶν
1393 1977 1487 2031 δύο
1532 1978 1840 2048 τμημάτων

248 2070 402 2139 τομὴ
469 2070 564 2122 καὶ
592 2069 876 2142 διαίρεσις.
904 2064 1029 2121 Οἷον
1055 2069 1147 2121 τοῦ
1180 2068 1317 2134 ζώου
1368 2070 1732 2143 διαιρεθέντος
1761 2073 1838 2134 εἰς

246 2163 470 2230 λογικδν
503 2161 593 2213 καὶ
617 2161 833 2228 ἄλογον,
865 2161 925 2212 τὸ
961 2159 1020 2212 ἓν
1062 2160 1249 2230 μέρος,
1298 2161 1465 2230 ἤγουν
1505 2160 1566 2213 τὸ
1594 2160 1834 2229 λογικὸν,

247 2255 572 2326 διαιροῦμεν
611 2256 689 2317 εὶς
716 2253 917 2322 θνητὸν
975 2254 1069 2305 καὶ
1108 2253 1400 2307 ἀθάνατον.
1445 2253 1838 2324 Ἐπιδιαξρεσις

246 2349 328 2413 δὲ,
356 2349 486 2400 ὅταν
508 2348 832 2417 ποιήσαντες
854 2344 1114 2415 διαίρεσιν
1139 2345 1485 2415 πράγματος,
1518 2347 1835 2417 ποιήσωμεν

250 2439 421 2493 πάλιν
449 2438 616 2509 ἄλλην
678 2438 943 2507 διαίρεσιν
975 2437 1068 2490 τοῦ
1102 2437 1270 2491 αὑτοῦ
1309 2440 1659 2509 πράγματος.
1710 2433 1836 2493 Οἷον

245 2531 540 2599 διαιρεῖται
570 2531 598 2581 ό
625 2527 910 2598 ἄνθρωπος
935 2530 1013 2591 εἰς
1040 2529 1206 2599 ἄρσεν
1232 2529 1325 2581 καὶ
1356 2529 1492 2599 θῆλυ
1516 2546 1527 2558 ·
1563 2529 1671 2583 ἰδοὺ
1696 2529 1836 2583 διαξ-

253 2638 426 2693 ρεσις.
464 2622 574 2673 Καὶ
607 2620 770 2673 πάλιν
801 2620 1091 2690 διαιρεῖται
1128 2623 1155 2674 ό
1210 2623 1501 2693 ἄνθρωπος
1548 2625 1627 2686 εἰς
1656 2623 1834 2696 ψυχὴν

247 2712 347 2765 καὶ
376 2711 567 2782 σῶμα·
603 2712 710 2765 ἰδοὺ
742 2712 1123 2782 ἐπιδιαίρεσις.
1160 2714 1234 2767 Οὐ
1269 2716 1498 2768 πάντοτε
1533 2715 1589 2768 δὲ
1622 2717 1833 2784 γίνεται

245 2807 517 2878 διαίρεσις
545 2808 636 2860 καὶ
671 2805 1052 2876 ἐπιδιαίρεσις,
1085 2807 1199 2860 ἀλλ’
1233 2809 1319 2861 ὅτε
1349 2808 1423 2878 μὴ
1456 2809 1631 2862 πάντα
1673 2825 1832 2879 περι-

248 2898 467 2965 έχονται
495 2897 599 2948 ὑπὸ
637 2898 734 2965 τὴν
766 2896 989 2967 πρώτην
1020 2898 1307 2969 διαίρεσιν.
1355 2898 1484 2951 Ἰδοὺ
1516 2899 1622 2970 γᾶρ
1653 2899 1709 2952 ἐν
1754 2900 1833 2972 τῷ

245 2986 465 3056 apem,
493 2988 586 3039 καὶ
612 2989 668 3039 ὲν
698 2989 763 3057 τῇ
798 2986 990 3059 θηλείᾳ
1013 2987 1300 3059 θεωρεῖται
1325 2988 1471 3060 ψυχὴ
1494 2990 1587 3043 καὶ
1612 2990 1793 3061 σῶμα.

318 3162 441 3232 Χρὴ
473 3160 531 3212 δὲ
570 3159 880 3229 γινώσκειν,
918 3162 999 3214 ὅτι
1053 3160 1535 3233 ἀντιδιαιρούμενα
1588 3163 1835 3233 λέγονται

244 3253 318 3306 τὰ
346 3254 442 3307 δύο
474 3254 611 3324 εἴδη,
644 3254 713 3307 τὰ
743 3256 806 3307 ἐκ
834 3253 930 3307 τοῦ
961 3255 1126 3308 αὑτοῦ
1150 3257 1341 3324 γένους
1379 3257 1656 3328 τμηθέντα
1679 3276 1693 3289 ·
1725 3254 1836 3313 οἷον

243 3344 339 3397 τὸν
362 3344 503 3408 ζῶον
528 3345 814 3416 διαιρεῖται
850 3349 931 3408 εἰς
966 3346 1185 3415 λογικὸν
1234 3348 1328 3400 καὶ
1376 3347 1592 3416 ἄλογον.
1632 3348 1702 3402 Τὸ
1742 3346 1835 3403 οὖν

246 3436 469 3507 λογικὸν
504 3437 596 3489 καὶ
624 3437 817 3505 ἄλογον
839 3436 1315 3509 ἀντιδιαιρούμενα
1343 3438 1611 3507 λέγονται.

317 3617 447 3673 Εἰσὶ
475 3617 532 3671 δὲ
576 3616 899 3688 διαιρετικοὶ
949 3617 1140 3687 τρόποι
1185 3616 1350 3681 ὀκτὼ,
1383 3617 1523 3688 ἢὼς
1567 3620 1722 3687 γένος
1758 3621 1837 3683 εἰς

244 3711 388 3780 εἴδη,
418 3703 531 3763 οἷον
554 3708 615 3762 τὸ
640 3708 778 3773 ζῶον
816 3709 1106 3780 διαιρεῖται
1139 3710 1219 3772 εἰς
1248 3709 1464 3777 λογικὸν
1494 3710 1589 3763 κα)⁸
1622 3711 1832 3780 ἄλογον,

243 3803 280 3874 ἦ
316 3805 397 3868 ὡς
427 3797 566 3867 εἶδος
596 3806 683 3866 εἰς
700 3802 897 3873 ἄτομα,
930 3798 1039 3857 οἷον
1069 3805 1097 3857 ό
1127 3804 1413 3875 ἄνθρωπος
1441 3804 1730 3877 διαιρεῖται
1755 3807 1836 3870 εἰς

230 3894 359 3949 ’Πέτ
370 3912 483 3964 ρον,
509 3893 739 3961 Παῦλον,
770 3894 866 3947 καὶ
886 3893 1011 3957 τοὺς
1035 3894 1255 3957 λοιποὺς
1274 3894 1415 3949 κατά
1446 3895 1609 3965 μέρος
1626 3894 1833 3966 ἀνθρώ-

242 4004 407 4049 πους,
437 3988 470 4056 ἢ
497 3986 573 4049 ὡς
601 3986 720 4038 ὅλον
752 3987 831 4048 εἰς
864 3986 1025 4056 μέρη,
1047 3987 1139 4039 καὶ
1166 3986 1322 4039 τοῦτο
1346 3986 1529 4056 διχῶς.
1562 3988 1631 4039 Ἢ
1650 3987 1833 4056 ὁμοιο-

248 4079 420 4150 μερῆ,
456 4079 492 4149 ἢ
524 4078 894 4148 ἀνομοιομερῆ
915 4096 927 4108 ο
959 4079 1262 4149 ὁμοιομερῆ
1296 4078 1403 4149 μὲν
1441 4074 1534 4132 οὖν
1554 4079 1712 4143 εἰσὶν,
1745 4080 1833 4133 ὅτε

244 4171 314 4224 τὰ
345 4171 491 4241 μέρη
523 4170 863 4239 ἐπιδέχονται
892 4169 1012 4221 ὅλον
1042 4170 1103 4222 τὺ
1131 4170 1323 4240 ὄνομα,
1356 4170 1453 4223 καὶ
1490 4171 1580 4223 τὸν
1606 4169 1834 4241 ὁρισμὸν

246 4262 340 4315 τοῦ
396 4261 520 4315 ὅλου
551 4301 565 4325 ,
603 4261 697 4313 καὶ
731 4260 843 4315 τῶν
893 4261 1161 4332 ἀλλήλων.
1233 4262 1319 4325 Ὡς
1367 4263 1494 4315 ὅταν
1547 4262 1834 4333 τέμνωμεν

250 4355 430 4425 σάρκα
457 4354 540 4415 εἰς
570 4352 770 4415 πολλὰς
810 4352 1039 4423 σάρκας.
1080 4353 1353 4407 Ἔκαστον
1396 4351 1505 4424 γὰρ
1536 4353 1701 4425 μέρος
1732 4356 1834 4424 τῆς

251 4447 457 4517 σαρκὸς
487 4443 626 4515 σὰρξ
664 4444 900 4512 λέγεται,
932 4445 1028 4497 καὶ
1070 4445 1161 4497 τὸν
1207 4444 1434 4516 ὁρισμὸν
1483 4445 1583 4515 τῆς
1630 4445 1832 4517 σαρκὸς

248 4538 584 4608 ἐπιδέχεται.
631 4537 1027 4607 Ἀνομοιομερῆ
1056 4536 1112 4589 δὲ
1156 4538 1283 4590 ὅταν
1321 4537 1389 4589 τὰ
1425 4536 1567 4608 μέρη
1601 4538 1741 4609 μήτε
1771 4536 1833 4590 τὸ

246 4630 441 4699 ὄνομα,
510 4629 645 4699 μήτε
698 4629 789 4681 τὸν
840 4628 1068 4700 ὁρισμὸν
1118 4627 1501 4698 ἐπιδέχωνται,
1544 4630 1679 4700 μήτε
1735 4627 1830 4684 τοῦ

245 4721 394 4786 ὅλου,
427 4721 568 4792 μήτε
594 4721 872 4791 ἀλλήλωνι
894 4721 970 4784 ὡς
990 4720 1117 4774 ὅταν
1139 4720 1401 4787 διέλωμεν
1428 4720 1520 4774 τὸν
1537 4702 1833 4792 Σωκράτην

246 4816 326 4877 εἰς
358 4813 630 4884 κεφαλὴν,
660 4813 754 4867 καὶ
782 4815 991 4884 χεῖρας,
1027 4812 1123 4866 καὶ
1149 4813 1338 4876 πόδας.
1371 4812 1507 4866 Οὔτε
1537 4813 1646 4885 γὰρ
1675 4816 1706 4884 ἡ
1740 4829 1832 4865 κε-

247 4904 416 4975 φαλὴ,
447 4903 576 4957 οὔτε
608 4905 663 4957 αἱ
715 4906 915 4977 χεῖρες,
947 4901 1073 4956 οὔτε
1104 4904 1154 4956 οἱ
1196 4903 1354 4967 πόδες
1404 4903 1744 4973 ἐπιδέχονται
1771 4902 1832 4956 τὸ

246 4997 439 5068 δνομα,
469 4996 595 5050 οὔτε
634 4998 724 5050 τὸν
745 4997 972 5067 ὁρισμὸν
1010 4995 1103 5049 τοῦ
1148 4996 1488 5067 Σωκράτους,
1517 4995 1641 5049 οὔτε
1666 4995 1831 5067 ἀλλή-

246 5087 376 5140 λων.
417 5087 489 5139 Ἦ
520 5087 595 5150 ὼς
627 5085 917 5158 ὁμώνυμος
970 5086 1143 5155 φωνὴ,
1181 5088 1263 5149 εἰς
1297 5086 1528 5157 διάφορα
1570 5087 1831 5156 σημαινό-

250 5194 388 5247 μενα
408 5193 421 5206 ⁸
456 5178 554 5229 καὶ
587 5176 743 5229 τοῦτο
770 5176 934 5246 διχῶς
954 5193 967 5205 ο
996 5177 1029 5248 ἢ
1072 5177 1147 5238 ὼς
1177 5176 1317 5239 δλον,
1350 5175 1382 5245 ἥ
1412 5175 1486 5239 ὡς
1522 5176 1702 5245 μέρος.
1745 5174 1832 5238 Ὠς

245 5269 365 5321 ὅλον
390 5269 509 5337 μὲν,
540 5267 614 5329 ὡς
644 5268 677 5337 ἡ
708 5266 855 5319 κύων
886 5268 1038 5337 φωνή
1067 5284 1079 5297 ο
1122 5267 1348 5336 φέρεται
1392 5268 1500 5338 γὰρ
1531 5267 1669 5319 κατὰ
1707 5283 1832 5337 χερ-

248 5361 405 5413 σαίου
429 5358 616 5423 κυνὸς,
647 5360 741 5412 καὶ
764 5361 1036 5431 ἁστρῴου,
1069 5361 1162 5413 καὶ
1193 5360 1507 5426 θαλασσίου,
1540 5361 1685 5430 ἅπερ
1712 5360 1831 5414 ὅλον

244 5452 297 5505 τί
327 5453 460 5514 εισι,
491 5452 585 5504 καὶ
633 5452 694 5504 οὐ
729 5452 892 5522 μέρος
945 5451 1107 5516 ζώου.
1162 5452 1251 5516 Ὠς
1297 5452 1352 5505 δὲ
1412 5454 1598 5525 μέρος,
1646 5454 1731 5504 ὅτε
1771 5452 1831 5506 τὸ

242 5543 503 5615 γλώσσης
532 5543 700 5613 ὄνομα
728 5543 954 5614 φέρεται
987 5543 1129 5599 κατὰ
1158 5544 1250 5599 τοῦ
1281 5544 1452 5616 ἄκρου
1490 5544 1581 5598 τοῦ
1632 5543 1833 5615 ὑποδή-

247 5653 443 5706 ματος.
481 5636 577 5689 καὶ
602 5635 693 5687 τοῦ
733 5638 903 5707 ἄκρου
938 5637 1033 5690 τοῦ
1078 5638 1264 5701 αὐλοῦ,
1296 5638 1392 5690 καὶ
1421 5636 1516 5690 τοῦ
1542 5637 1829 5705 γευστικοῦ

249 5732 441 5801 μορίου
473 5730 583 5784 τῶν
614 5729 768 5794 ζώων
790 5747 804 5761 ·
840 5732 876 5785 ἆ
904 5747 1027 5784 τινα
1057 5729 1198 5801 μέρη
1232 5728 1360 5795 εἰσὶ,
1392 5730 1487 5783 καὶ
1513 5728 1609 5798 οὐχ
1639 5728 1734 5781 ὅλα
1754 5743 1769 5760 '
1794 5730 1827 5799 ἦ

1948 1884 2155 1938 animal
2188 1886 2454 1941 dividitur
2489 1889 2543 1942 in
2578 1890 2853 1944 rationale
2901 1898 2954 1944 et
3009 1890 3352 1945 irrationale.
3387 1888 3529 1945 Sub-

1947 1973 2149 2031 divisio
2176 1985 2360 2033 autem
2395 1986 2481 2046 est
2514 1980 2681 2036 unius
2728 1981 2901 2051 partis
2940 1981 2996 2035 in
3053 1983 3193 2037 duas
3231 1982 3370 2036 alias
3405 1997 3528 2051 par-

1944 2076 2031 2122 tes
2065 2069 2256 2133 sectio,
2292 2071 2369 2124 uti
2412 2071 2594 2127 diviso
2643 2073 2869 2128 animali
2918 2074 2973 2128 in
3007 2074 3273 2128 rationale
3304 2080 3358 2127 et
3388 2073 3527 2125 irra-

1942 2159 2169 2223 tionale,
2212 2170 2423 2231 partem
2464 2179 2651 2229 unam,
2691 2166 2966 2221 rationale
2997 2166 3283 2225 nimirum,
3317 2162 3524 2217 dividi-

1944 2264 2066 2305 mus
2116 2250 2169 2303 in
2215 2253 2467 2317 mortale,
2520 2264 2574 2308 et
2610 2254 2944 2309 immortale.
2993 2254 3379 2325 Superdivisio
3429 2267 3529 2307 au.

1944 2347 2053 2395 tem
2091 2351 2194 2407 est,
2227 2343 2470 2411 quando,
2519 2343 2664 2399 facta
2702 2347 2782 2401 rei
2825 2347 3095 2407 sectione,
3130 2345 3378 2400 eamdem
3412 2359 3527 2399 rem

1941 2433 2141 2488 iterum
2193 2434 2512 2491 dividimus.
2557 2437 2648 2491 Sic
2690 2438 2859 2491 homo
2910 2437 3183 2491 dividitur
3226 2437 3279 2490 in
3319 2449 3526 2491 marem

1941 2534 1995 2581 et
2025 2527 2308 2583 feminam.
2341 2527 2420 2583 En
2452 2529 2811 2585 divisionem.
2845 2528 3086 2584 Rursum
3134 2542 3356 2598 quoque
3382 2527 3526 2582 divi-

1940 2619 2091 2673 ditur
2122 2620 2288 2675 homo
2318 2621 2373 2675 in
2410 2622 2652 2675 animam
2712 2629 2769 2676 et
2817 2637 3045 2692 corpus.
3099 2620 3179 2674 En
3216 2619 3525 2690 superdivi-

1941 2713 2175 2767 sionem.
2218 2713 2287 2767 At
2341 2728 2473 2769 vero
2533 2729 2642 2769 non
2676 2715 2731 2768 in
2782 2713 3043 2768 omnibus
3083 2713 3269 2767 locum
3324 2712 3527 2767 habent

1940 2804 2142 2861 divisio
2198 2815 2253 2861 et
2300 2806 2693 2877 superdivisio,
2758 2805 2854 2861 sed
2912 2804 3135 2875 quando
3183 2805 3370 2858 omnia
3422 2803 3527 2860 sub

1942 2899 2117 2969 prima
2166 2898 2452 2956 divisione
2510 2917 2620 2956 non
2667 2900 3046 2955 continentur.
3105 2898 3248 2954 Ecce
3277 2900 3424 2953 enim
3467 2898 3525 2953 in

1938 2993 2189 3048 masculo
2245 3002 2301 3049 et
2367 2994 2424 3049 in
2490 2994 2694 3049 femina
2744 2981 3177 3049 considerantur
3233 2992 3419 3047 anima
3472 3004 3528 3047 et

1940 3097 2167 3152 corpus.

2017 3176 2119 3246 17
2153 3175 2285 3243 Qum
2309 3177 2413 3230 sint
2448 3174 2953 3231 contradividentia.
2986 3205 3056 3215 —
3099 3172 3393 3228 Sciendum
3442 3181 3528 3227 est

1941 3277 2123 3322 autem
2149 3267 2649 3323 contradividentia
2693 3267 2800 3322 dici
2840 3266 2978 3322 duas
3014 3265 3229 3336 species
3295 3276 3363 3319 ex
3415 3279 3528 3318 uno

1939 3359 2245 3430 eodemque
2284 3377 2485 3431 genere
2514 3370 2715 3423 sectas,
2759 3375 2810 3413 v.
2849 3375 2928 3431 gr.
2984 3358 3202 3412 Animal
3249 3359 3304 3412 in
3362 3357 3530 3412 ratio-

1940 3452 2064 3506 nale
2093 3459 2147 3506 et
2179 3452 2502 3508 irrationale
2531 3452 2818 3507 dividitur.
2884 3449 3176 3505 Rationale
3220 3456 3275 3504 et
3313 3447 3529 3503 irratio-

1940 3543 2064 3597 nale
2088 3544 2592 3600 contradividentia
2634 3543 3001 3613 appellantur.

2010 3633 2152 3688 Sunt
2182 3642 2366 3689 autem
2400 3644 2524 3690 octo
2553 3634 2849 3689 divisionis
2875 3632 3044 3687 modi.
3077 3630 3357 3685 Dividitur
3381 3631 3527 3684 enim

1938 3725 2171 3795 aliquid,
2199 3727 2284 3781 vel
2321 3735 2379 3780 ut
2410 3742 2583 3797 genus
2615 3727 2670 3780 in
2714 3740 2843 3780 suas
2895 3724 3144 3794 species;
3200 3724 3280 3797 sic
3325 3724 3527 3779 animal

1938 3815 2205 3871 dividitur
2241 3817 2293 3871 in
2322 3796 2595 3871 rationale
2619 3825 2674 3871 et
2706 3815 3032 3871 irrationale
3066 3833 3079 3869 :
3106 3815 3192 3870 vel
3225 3796 3282 3868 ut
3314 3815 3527 3885 species

1938 3907 1993 3962 in
2026 3907 2331 3971 individua,
2367 3914 2423 3961 ut
2473 3907 2638 3961 homo
2689 3906 2744 3959 in
2784 3902 3031 3970 Pe‘trum,
3076 3911 3133 3960 et
3185 3903 3438 3970 Paulum,
3471 3912 3528 3959 et

1936 4000 2182 4069 reliquos
2220 3998 2471 4069 singulos
2511 3997 2766 4052 homines
2805 4014 2817 4051 :
2855 3998 2943 4051 vel
2978 4003 3034 4050 ut
3073 4007 3249 4051 tctum
3296 3996 3349 4051 in
3400 4011 3528 4067 par-

1934 4100 2050 4156 tes;
2091 4100 2146 4147 et
2177 4092 2283 4147 hoc
2314 4091 2648 4161 dupliciter:
2685 4089 2771 4145 vel
2805 4088 3015 4144 similes
3049 4098 3199 4156 sunt,
3227 4090 3310 4144 vel
3362 4089 3528 4144 dissi-

1937 4184 2120 4239 miles.
2151 4183 2345 4239 Partes
2377 4183 2587 4239 similes
2614 4199 2691 4239 ea:
2723 4192 2853 4239 sunt
2878 4198 2999 4253 qua:
3025 4198 3220 4237 nomen
3250 4188 3304 4235 et
3334 4181 3527 4235 deﬁni-

1936 4271 2142 4326 tionem
2185 4272 2357 4327 totius
2394 4280 2449 4326 et
2496 4270 2583 4327 sui
2639 4272 2870 4328 invicem
2913 4272 3245 4342 suscipiunt,
3297 4279 3355 4324 ut
3400 4288 3523 4326 cum

1935 4378 2159 4419 carnem
2202 4365 2256 4418 in
2297 4366 2484 4433 plures
2537 4378 2737 4421 carnes
2790 4380 3071 4432 secamus,
3103 4364 3357 4436 quaelibet
3394 4379 3525 4436 pars

1937 4458 2120 4513 carnis
2146 4471 2277 4511 caro
2303 4457 2530 4522 dicitur,
2558 4473 2869 4528 nomenque
2903 4473 2966 4513 ac
2996 4456 3370 4513 deﬁnitionem
3405 4470 3527 4511 car-

1936 4551 2023 4605 nis
2056 4551 2307 4620 suscipit.
2345 4546 2655 4606 Dissimiles
2688 4566 2819 4606 vero
2850 4560 3033 4621 partes
3068 4558 3219 4615 sunt,
3267 4564 3391 4619 qua
3437 4565 3528 4604 ne-

1935 4658 2042 4712 que
2074 4656 2300 4707 nomen,
2337 4657 2521 4713 neque
2570 4642 2952 4698 deﬁnitionem
2994 4643 3184 4706 totius,
3236 4657 3338 4696 nec
3381 4656 3528 4695 com-

1937 4734 2176 4802 partium
2210 4732 2543 4798 admittunt;
2585 4745 2645 4787 ut
2667 4733 2797 4787 dum
2832 4732 3117 4789 Socratem
3147 4731 3445 4787 dividimus
3468 4731 3525 4788 in

1935 4830 2121 4894 caput,
2155 4839 2378 4886 manus,
2413 4832 2467 4879 et
2499 4824 2688 4895 pedes.
2722 4824 2912 4894 Neque
2942 4825 3087 4879 enim
3124 4833 3308 4894 caput,
3346 4838 3527 4894 neque

1933 4931 2156 4980 manus,
2184 4932 2362 4987 neque
2395 4918 2580 4988 pedes,
2617 4916 2882 4983 Socratis,
2924 4931 2986 4972 ac
3024 4916 3109 4973 sui
3159 4915 3396 4971 invicem
3429 4931 3528 4971 no-

1934 5024 2058 5063 men
2091 5018 2144 5061 et
2170 5009 2547 5064 deﬁnitionem
2575 5010 2868 5080 recipiunt.
2897 5010 2992 5065 Vel
3022 5018 3081 5065 ut
3101 5025 3206 5064 vox
3243 5010 3525 5080 aequivoca

1934 5100 1990 5154 in
2019 5100 2236 5158 diversa
2284 5103 2619 5172 signiﬁcata,
2645 5105 2862 5174 hocQue
2893 5104 3222 5174 dupliciter;
3258 5103 3521 5156 nimirum

1935 5188 2019 5240 vel
2056 5195 2116 5241 ut
2165 5197 2366 5255 totum,
2401 5191 2483 5244 vel
2536 5198 2596 5245 ut
2645 5207 2795 5261 pars.
2858 5190 2925 5247 Ut
2966 5202 3141 5247 totum
3175 5192 3421 5261 quidem,
3466 5200 3525 5244 ut

1935 5275 2051 5330 hzec
2081 5294 2184 5332 vox
2216 5282 2395 5335 canis.
2428 5280 2642 5335 Dicitur
2668 5284 2813 5337 enim
2846 5283 2913 5337 de
2942 5298 3079 5337 cane
3110 5281 3379 5342 terrestri.
3413 5298 3524 5337 cash

1934 5368 2082 5433 lesti,
2124 5378 2178 5423 et
2225 5373 2458 5431 marino.
2491 5389 2613 5442 qua:
2665 5380 2840 5428 totum
2882 5375 3145 5444 quiddam
3204 5382 3355 5434 sunt.
3413 5389 3521 5427 non

1935 5474 2063 5530 pars
2098 5461 2369 5516 animalis.
2423 5461 2494 5516 Ut
2542 5478 2670 5533 pars
2703 5478 2857 5530 vero,
2906 5464 3034 5517 dum
3088 5463 3289 5533 lingua:
3325 5478 3523 5518 non'en

1934 5550 2138 5606 dicitur
2174 5554 2243 5608 de
2278 5555 2627 5611 extremitate
2657 5554 3041 5617 calceamenti,
3074 5555 3141 5609 de
3172 5558 3523 5611 extremitate

1934 5643 2152 5710 ﬁstulae,
2186 5661 2250 5700 ac
2288 5647 2355 5702 de
2397 5648 2648 5703 membro
2678 5664 2790 5717 quo
2825 5648 3085 5703 animalia
3133 5648 3389 5719 gustandi
3444 5648 3525 5702 fa-

1933 5737 2193 5792 cultatem
2226 5739 2464 5807 habent;
2517 5755 2641 5810 quae
2673 5741 2891 5812 quidem
2922 5749 3107 5812 partes
3141 5749 3272 5797 sunt
3316 5751 3371 5797 et
3415 5755 3525 5793 non
