3974 6338
491 300 594 368 551

1688 298 1752 358 S.
1784 297 2106 360 JOANNIS
2147 300 2581 367 DAMASCENI

3665 299 3777 369 55.9.

489 421 628 469 tota.
653 408 753 466 Vel
782 416 841 463 ut
861 407 1172 464 substantia
1205 405 1260 461 in
1290 403 1621 474 accidentia,
1647 414 1709 462 ut
1740 406 1870 462 dum
1901 406 2028 462 dico
2059 427 2072 462 :

2182 410 2255 475 ὡς
2282 413 2440 467 ούσία
2471 417 2551 480 εἰς
2603 414 3013 486 συμϐεϐηκότα,
3046 415 3122 479 ὡς
3163 415 3294 469 ὅταν
3341 414 3514 470 εῐπω·
3543 415 3653 470 τῶν
3676 417 3773 470 ἀν-

493 503 778 560 hominum
813 501 906 556 alii
949 499 1174 570 quidem
1211 499 1346 565 albi,
1377 499 1472 554 alii
1507 515 1639 556 vero
1673 501 1839 570 nigri.
1884 498 1982 554 Vel
2019 509 2079 554 ut

490 593 797 654 accidentia
861 591 920 648 in
970 591 1341 658 substantias,
1394 599 1456 647 ut
1491 591 1622 647 dum
1657 591 1748 647 aio
1779 610 1792 648 :
1826 592 2080 649 alborum

491 689 599 743 alia
634 686 903 750 animata,
950 685 1060 739 alia
1113 684 1440 740 inanimata.
1475 685 1570 741 Vel
1615 694 1676 740 ut
1722 685 1983 740 accidens
2022 685 2080 739 in

488 777 795 834 accidentia
839 783 947 833 :ut
978 778 1028 832 si
1079 777 1284 843 dicam,
1328 776 1656 847 frigidorum
1708 776 1825 832 hec
1854 777 2082 846 quidem

489 873 640 928 sicca
672 878 827 936 sunt,
852 870 945 925 illa
971 884 1106 925 vero
1139 869 1390 924 humida.
1419 869 1518 924 Vel
1553 877 1612 924 ut
1637 883 1701 926 ea
1723 883 1846 937 qua!
1875 867 1947 923 ab
1971 883 2081 925 uno

489 968 641 1025 sunt,
672 969 726 1016 et
755 975 876 1031 quae
906 959 974 1014 ad
1009 976 1204 1014 unum.
1249 960 1332 1014 Ab
1365 975 1475 1016 uno
1504 960 1750 1031 quidem,
1787 968 1848 1015 ut
1893 975 1923 1014 a
1961 975 2080 1016 me-

487 1053 699 1116 dicina,
751 1051 894 1106 liber
949 1051 1224 1116 medicus,
1284 1051 1716 1108 instrumentum
1777 1051 2078 1118 medicum,

490 1159 695 1198 nomen
724 1143 949 1198 habent.
984 1144 1067 1202 Ad
1103 1159 1270 1199 unum
1317 1153 1526 1210 autem,
1555 1153 1614 1199 ut
1647 1143 1871 1200 salubre
1903 1158 2079 1200 reme-

489 1237 665 1299 dium,
714 1235 956 1291 salubris
995 1236 1175 1293 cibus.
1224 1235 1306 1290 Ad
1353 1252 1526 1290 unum
1579 1236 1748 1301 enim,
1783 1236 2080 1290 sanitatem

488 1331 777 1397 nimirum,
805 1329 1130 1399 respiciunt.
1161 1328 1333 1384 Porro
1359 1330 1518 1399 juxta
1548 1329 1696 1384 hunc
1728 1329 1951 1385 modum
1981 1345 2082 1386 ens

489 1423 547 1476 in
579 1421 965 1498 substantiam”
990 1428 1046 1476 et
1081 1420 1341 1478 accidens
1383 1421 1671 1476 dividitur.

559 1512 735 1568 Nosse
767 1497 966 1568 autem.
982 1521 1196 1583 oportet
1239 1512 1292 1567 in
1343 1513 1496 1568 nullo
1522 1511 1744 1582 quidem
1789 1510 2081 1568 divisionis

493 1603 658 1658 modo
683 1603 1028 1659 considerari
1071 1603 1125 1658 in
1175 1603 1371 1660 divisis
1403 1605 1654 1675 partibus
1687 1606 1836 1674 quod
1881 1613 2082 1660 natura

488 1692 645 1763 prius
673 1701 759 1748 est
786 1699 840 1748 et
867 1694 1168 1762 posterius,
1208 1708 1310 1748 nec
1344 1694 1520 1764 magis
1547 1701 1602 1750 et
1647 1695 1852 1760 minus,
1883 1695 1990 1751 nisi
2024 1696 2080 1751 in

488 1785 557 1840 iis
587 1801 710 1858 quae
741 1793 874 1842 sunt
905 1785 973 1841 ab
1000 1800 1136 1852 uno,
1170 1792 1225 1840 et
1253 1786 1320 1840 ad
1355 1802 1552 1841 unum.

1135 1876 1288 1932 CAP.
1326 1876 1442 1933 Vll.

851 1968 930 2024 De
957 1986 1017 2024 eo
1047 1970 1187 2040 quod
1217 1979 1418 2024 natura
1440 1971 1590 2040 prius
1620 1980 1721 2027 est.

554 2057 764 2115 Natura
793 2061 980 2131 itaque
1014 2061 1169 2132 prius
1200 2061 1336 2116 illud
1364 2071 1472 2130 est,
1507 2053 1656 2133 quod
1691 2062 1931 2122 infertur
1959 2065 2083 2138 qui-

443 2195 448 2198 .
487 2152 610 2208 dem
655 2153 844 2221 simul,
876 2169 986 2208 non
1016 2162 1202 2209 tamen
1237 2169 1345 2209 una
1381 2170 1569 2211 secum
1627 2155 1798 2211 infert
1847 2177 1860 2212 :
1907 2157 2081 2224 quod-

488 2260 594 2316 que
629 2259 739 2299 una
764 2258 950 2300 secum
986 2244 1154 2310 tollit,
1183 2245 1279 2302 sed
1310 2260 1419 2302 non
1443 2246 1609 2302 simul
1641 2247 1875 2304 tollitur.
1901 2247 1967 2304 V.
1992 2265 2078 2320 gr.

488 2337 693 2391 animal
733 2347 930 2392 natura
967 2338 1124 2408 prius
1155 2343 1239 2393 est
1291 2338 1532 2394 homine.
1569 2337 1806 2395 Sublato
1838 2341 1986 2396 enim
2013 2356 2079 2397 ac

488 2443 596 2483 non
627 2429 929 2484 exsisteute
959 2429 1210 2492 animali,
1239 2428 1518 2484 hominem
1547 2444 1774 2501 quoque
1804 2446 1915 2486 non
1954 2445 2079 2488 esse

487 2533 774 2574 necessum
809 2526 915 2576 est.
943 2517 1118 2574 ilomo
1144 2519 1347 2590 quippe
1379 2521 1580 2575 animal
1609 2528 1714 2577 est.
1745 2519 1815 2588 Et
1838 2537 1948 2577 non
1979 2539 2078 2578 ex-

487 2619 666 2668 stante
696 2611 939 2677 animali,
974 2613 1291 2668 necessario
1318 2627 1495 2682 neque
1527 2613 1694 2668 homo
1736 2613 1879 2681 erit;
1912 2614 2078 2669 homo

487 2699 759 2772 siquidem
799 2707 886 2756 est
921 2702 1144 2758 animal.
1180 2702 1287 2772 18
1317 2702 1544 2769 Contra,
1579 2705 1798 2762 sublato
1825 2705 2074 2771 homine,

489 2792 607 2848 ﬁeri
635 2800 814 2862 potest
839 2801 898 2846 ut
924 2792 1130 2847 animal
1160 2795 1252 2849 sit.
1274 2794 1393 2849 Erit
1425 2795 1570 2850 enim
1602 2811 1800 2866 equus,
1835 2798 1990 2852 canis
2021 2804 2076 2852 et

489 2883 727 2949 similia;
771 2898 894 2954 quae
921 2885 1144 2954 quidem
1171 2885 1431 2940 animalia
1463 2896 1614 2943 sunt.
1642 2889 1859 2943 Rursus
1894 2891 2076 2960 posito

488 2971 734 3040 homine,
763 2975 929 3029 etiam
963 2976 1167 3029 animal
1215 2976 1450 3033 infertur
1499 2995 1514 3032 :
1567 2978 1733 3034 homo
1771 2980 1917 3034 enim
1955 2979 2077 3034 ani-

2184 504 2442 573 Θρώπων,
2475 509 2524 560 οἱ
2578 509 2680 580 μέν
2728 510 2836 563 είσι
2877 509 3085 573 λευκοὶ,
3119 510 3170 562 oi
3203 507 3262 560 δὲ
3311 509 3563 578 μέλανες.
3599 510 3672 564 "Il
3698 510 3776 576 ὥς

2186 594 2572 668 συμϐεϐηκότα
2605 601 2685 662 είς
2719 597 2927 662 οὐσίας,
2952 597 3028 661 ὡς
3055 600 3183 652 ὅταν
3225 597 3366 652 εἴπω
3385 614 3400 628 ο
3430 599 3541 652 τῶν
3567 599 3776 654 λευκῶν

2182 688 2252 740 τὸ,
2280 687 2381 758 μὲν
2413 688 2652 760 ἔμψυχα,
2678 691 2748 742 τά
2767 690 2824 744 δὲ
2851 690 3056 760 ἄψυχα.
3080 691 3156 744 Ἦ
3183 690 3259 754 ὼς
3299 689 3649 762 συμϐεϐηκὸς
3694 694 3778 755 εἰς

2187 778 2608 851 συμϐεϐηκότα⁸
2645 781 2721 844 ὡς
2765 781 2894 835 ὅταν
2921 781 3064 835 εἴπω
3113 780 3224 834 τῶν
3275 780 3524 853 ψυχρῶν,
3575 783 3645 836 τὰ
3672 783 3776 854 μὲν

2185 869 2348 942 ξηρὰ,
2379 871 2448 926 τὰ
2475 872 2535 926 δὲ
2565 873 2709 944 ὑγρά
2729 889 2742 902 ’
2776 873 2809 943 ἢ
2837 873 2915 938 ὼς
2957 873 3027 926 τὰ
3064 873 3159 942 ἀφ’
3190 873 3333 938 ἑνὸς,
3371 875 3466 927 καὶ
3500 876 3638 946 πρὸς
3689 875 3770 930 ἐν.

2196 963 2315 1034 Ἀφ’
2331 965 2451 1029 ἑνὸς
2473 965 2592 1036 μὲν,
2609 966 2686 1030 ὼς
2712 965 2823 1020 ἀπὸ
2837 966 2939 1035 τῆς
2972 968 3244 1039 ἰατρικῆς,
3273 967 3519 1038 ἰατρικὸν
3543 967 3770 1040 βιϐλίον,

2188 1056 2433 1128 ἰατρικὸν
2465 1058 2781 1128 ἐργαλεῖονο
2813 1057 2950 1129 πρὸς
2976 1057 3034 1112 ἓν
3065 1057 3144 1124 δὲ,
3179 1057 3256 1124 ὡς
3284 1060 3522 1130 ὑγιεινὸν
3550 1061 3774 1132 φάρμα-

2184 1165 2303 1214 κον,
2337 1149 2574 1218 ὑγιεινὸν
2625 1148 2856 1220 βρῶμα’
2912 1149 3049 1221 πρὸς
3098 1149 3157 1203 ἓν
3189 1151 3298 1223 γὰρ
3351 1150 3630 1222 βλέπουσι,
3672 1152 3774 1222 τὴν

2185 1241 2419 1310 ὑγιείαν.
2462 1242 2621 1296 Κατὰ
2641 1242 2831 1296 τοῦτον
2854 1238 2948 1296 οὖν
2968 1242 3058 1296 τὸν
3081 1243 3282 1315 τρόπον
3307 1245 3595 1314 διαιρεῖται
3626 1245 3686 1298 τὸ
3713 1243 3774 1299 ὃν

2184 1329 2267 1395 είς
2296 1330 2487 1386 οὐσίαν
2506 1332 2602 1386 καὶ
2633 1332 3002 1404 συμϐεϐηκός.

2255 1510 2348 1562 Δεῖ
2377 1508 2434 1563 δὲ
2463 1507 2776 1579 γινώσκειν,
2809 1510 2887 1575 ὡς
2929 1509 3050 1564 οὐδὲ
3091 1511 3150 1563 ὲν
3177 1509 3260 1564 ἑνὶ
3287 1509 3476 1582 τρόπῳ
3504 1511 3603 1579 τῆς
3635 1510 3776 1563 διαι-

2187 1601 2390 1674 ρέσεως
2411 1601 2694 1674 Θεωρείται
2721 1604 2778 1656 ἐν
2808 1604 2918 1665 τοῖς
2942 1603 3194 1673 τμήμασι
3223 1602 3283 1655 τὸ
3317 1602 3477 1671 φύσει
3505 1603 3773 1674 πρότερον

2187 1691 2284 1745 καὶ
2312 1691 2559 1762 ὕστερον,
2584 1691 2706 1745 οὐδὲ
2739 1691 2801 1744 τδ
2836 1691 3038 1762 μᾶλλον
3069 1692 3164 1746 καὶ
3183 1687 3368 1763 ἦττον,
3401 1693 3450 1744 εί
3473 1693 3549 1763 μὴ
3577 1695 3636 1746 ὲν
3656 1695 3774 1756 τοῖς

2109 1769 2154 1825 Β
2181 1783 2277 1854 ἀφ’
2311 1783 2428 1849 ἐνὸς
2459 1783 2550 1838 καὶ
2583 1782 2720 1855 πρὸς
2749 1783 2830 1838 ἓν.

2785 1873 3042 1926 ΚΕΦΔΛ.
3087 1875 3161 1930 Ζ’.

2552 1962 2693 2031 Περί
2719 1963 2825 2018 τοῦ
2862 1966 3043 2032 φύσει
3067 1965 3382 2035 προτέρου.

2251 2050 2416 2106 Φύσει
2436 2049 2528 2108 οὖν
2562 2056 2830 2126 πρότερόν
2863 2059 2981 2110 ἐστι
3005 2058 3065 2112 τὸ
3095 2057 3645 2130 συνεισφερούμενον,
3677 2059 3775 2112 καὶ

2183 2143 2260 2214 μὴ
2293 2147 2672 2219 συνεισφέρον,
2709 2149 2804 2201 καὶ
2839 2149 3219 2221 συναναιροῦν,
3269 2153 3362 2204 καὶ
3403 2151 3477 2220 μὴ
3516 2168 3748 2203 συναναι

2185 2237 2468 2306 ρούμενον,
2501 2237 2612 2293 οἷον
2638 2243 2698 2293 τὸ
2728 2238 2867 2304 ζῶον
2897 2241 3060 2312 φύσει
3097 2243 3361 2314 πρότερόν
3395 2245 3512 2296 ἐστι
3547 2244 3642 2297 τοῦ
3675 2245 3775 2297 ἀνι

2181 2330 2423 2404 θρώπου.
2477 2333 2898 2407 Ἀναιρουμένου
2925 2336 3054 2407 γὰρ,
3090 2338 3187 2390 καὶ
3230 2338 3304 2408 μὴ
3335 2337 3489 2400 ὄντος
3513 2335 3676 2402 ζὼου,
3715 2339 3775 2401 ἐξ

2178 2421 2427 2495 ἀνάγκης
2464 2409 2583 2478 esse
2633 2425 2919 2498 ἄνθρωπος
2965 2428 3162 2483 ἔσται’
3199 2429 3340 2493 ζῶον
3388 2429 3499 2500 γάρ
3556 2431 3713 2484 ἐστιν
3743 2432 3772 2483 ὁ

2179 2512 2484 2585 ἄνθρωπος.
2534 2515 2959 2588 Ἀναιρουμένου
2989 2516 3100 2590 γὰρ
3144 2519 3240 2572 καὶ
3278 2519 3353 2591 μὴ
3398 2518 3550 2582 ὄντος
3587 2517 3769 2585 ζώου,

2178 2604 2240 2671 ἐξ
2267 2605 2514 2678 ἀνάγκης
2552 2609 2672 2662 οὐδὲ
2699 2608 2986 2680 ἄνθρωπος
3032 2610 3208 2664 ἔσται.
3241 2608 3390 2665 Ζῶον
3421 2612 3531 2682 γάρ
3555 2613 3710 2666 ἐστιν
3743 2613 3772 2666 ὁ

2177 2697 2494 2770 ἄνθρωπος·
2532 2701 2818 2772 ἀνθρώπου
2842 2701 2900 2755 δὲ
2940 2703 3353 2774 ἀναιρουμένου,
3393 2705 3486 2758 καὶ
3514 2704 3588 2776 μὴ
3612 2705 3771 2768 ὄντος

2175 2790 2406 2844 δυνατὸν
2430 2787 2571 2846 εἷναι
2600 2792 2758 2858 ζῶον.
2790 2795 2983 2848 Ἔσται
3016 2795 3126 2866 γὰρ
3159 2795 3342 2860 ἵππος,
3371 2795 3541 2862 κύων,
3565 2795 3662 2850 καὶ
3697 2797 3769 2851 τὰ

2174 2880 2423 2948 τοιαῦτα,
2471 2882 2507 2936 ἆ
2539 2901 2662 2937 τινα
2696 2883 2812 2949 ζῶα
2866 2884 2993 2941 εἰσί.
3034 2885 3202 2939 Πάλιν
3239 2887 3629 2959 εἰσφερομένου
3665 2888 3768 2942 ἀνι

2177 2973 2421 3041 θρωπου,
2455 2973 2672 3038 πάντως
2702 2976 2797 3030 καὶ
2826 2977 2966 3042 ζῶον
3013 2978 3449 3050 συνεισφέρεται.
3483 2980 3631 3034 Ζῶον
3653 2981 3769 3052 γάρ

487 3062 596 3116 mal
627 3061 829 3118 est.Ex
865 3064 1112 3148 illatione
1147 3072 1330 3121 autem
1364 3067 1646 3133 animalis,
1675 3084 1784 3123 non
1822 3080 2075 3140 propter-

2182 3067 2328 3119 ἐστιν
2353 3066 2381 3117 ὁ
2413 3066 2718 3137 ἄνθρωπος.
2751 3066 2899 3120 Ζώου
2919 3068 2974 3121 δὲ
3010 3071 3422 3141 εἰσφερομένου,
3450 3072 3508 3124 οὗ
3543 3071 3769 3134 πάντως

487 3170 552 3210 ea
581 3153 772 3210 inferri
835 3156 1112 3212 hominem
1147 3173 1376 3214 necesse
1417 3167 1533 3227 est;
1584 3159 1679 3216 sed
1709 3177 1912 3232 equum
1963 3161 2075 3218 lor-

2182 3160 2598 3230 συνεισφέρεται
2629 3163 2658 3214 ὀ
2687 3160 2995 3231 ἄνθρωπος,
3023 3163 3138 3218 ἀλλ’
3169 3165 3201 3234 ἢ
3244 3165 3429 3228 ἵππος,
3463 3165 3694 3235 ἢκύων,
3733 3167 3767 3237 ἦ

488 3256 660 3316 tasse,
708 3258 802 3305 aut
849 3265 1066 3316 canem,
1130 3261 1226 3305 aut
1255 3252 1538 3324 quidpiam
1591 3255 1794 3312 simile.
1843 3254 1977 3309 Nam
2024 3265 2080 3312 et

488 3343 606 3414 ipsa
639 3342 898 3398 animalia
931 3351 1083 3398 sunt.
1116 3343 1462 3415 Quapmpter
1494 3361 1594 3401 nec
1628 3344 1830 3403 Petrus
1877 3357 2076 3403 natura

488 3436 640 3506 prior
671 3444 755 3492 est
789 3433 982 3500 Paulo,
1015 3451 1195 3506 neque
1244 3439 1450 3493 animal
1500 3438 1797 3505 rationale,
1848 3440 2075 3495 irratio-

487 3531 622 3584 nali.
656 3526 882 3585 Sublato
917 3530 1062 3586 enim
1115 3537 1170 3586 et
1214 3546 1326 3586 non
1373 3531 1678 3587 exsistente
1729 3532 1916 3598 Petro,
1965 3532 2076 3588 erit

486 3621 726 3690 Paulus;
753 3634 830 3689 et,
866 3623 1036 3680 Paulo
1064 3625 1270 3696 posito,
1304 3641 1418 3682 non
1471 3625 1639 3682 simul
1685 3625 1925 3682 infertur
1969 3625 2073 3682 Pe-

488 3724 609 3773 trus
644 3736 658 3773 :
695 3732 762 3772 ac
791 3732 969 3788 neque
999 3717 1147 3772 illato
1169 3717 1336 3774 Petro
1362 3717 1528 3774 simul
1563 3719 1817 3790 sequitur
1843 3718 2070 3775 Paulus.

487 3809 594 3865 Sed
623 3823 797 3880 neque
819 3809 1014 3866 Petrus
1043 3811 1218 3882 magis
1243 3819 1349 3874 est,
1380 3811 1484 3866 hoc
1505 3819 1614 3876 est,
1641 3811 1878 3882 amplius
1909 3811 2073 3867 homo

486 3902 570 3958 vel
601 3902 827 3964 animal.
858 3917 1022 3971 quam
1053 3901 1254 3958 Paulus
1281 3921 1296 3957 :
1339 3918 1516 3974 neque
1542 3902 1750 3958 Paulus
1778 3918 1943 3974 quam
1973 3901 2074 3957 Pe-

487 4001 630 4048 trus.
660 3993 730 4046 At
757 4007 889 4048 vero
921 3993 1380 4050 medicamentum
1411 3995 1522 4050 alio
1555 3995 1961 4050 medicamento
1983 4010 2074 4051 sa-

488 4085 736 4152 lubrius;
782 4095 837 4140 et
871 4085 1117 4144 medicus
1151 4087 1292 4142 liber
1319 4086 1430 4142 alio
1461 4087 1605 4142 libro
1642 4087 1712 4142 ad
1755 4087 2066 4143 sanandum

487 4178 666 4248 aptior
694 4177 987 4248 reperitur.

1101 4265 1256 4322 CAP.
1288 4265 1430 4320 Vill.

1049 4357 1128 4413 De
1157 4358 1478 4426 deﬁnitione.
1593 4431 1595 4434 γ

559 4454 699 4522 Quid
731 4451 993 4523 deﬁnitio.
1022 4480 1092 4490 —-
1123 4449 1377 4506 Deﬁnitio
1407 4460 1493 4506 est
1521 4449 1912 4520 compendiosa
1942 4466 2072 4507 ora-

487 4551 565 4606 tio
603 4547 836 4617 subjecti
863 4555 1111 4599 uaturam
1143 4543 1456 4610 declarans,
1489 4559 1586 4599 seu
1619 4544 1798 4598 oratio
1839 4543 2072 4614 subjecti

488 4652 740 4699 naturam
771 4639 962 4710 paucis
995 4623 1337 4711 significans.
1362 4637 1452 4702 Ut,
1471 4638 1636 4692 homo
1653 4644 1736 4691 est
1763 4637 1964 4691 animal
1990 4652 2074 4692 ra-

489 4733 654 4790 tionis
687 4732 989 4804 particeps,
1021 4730 1276 4797 mortale,
1328 4729 1708 4800 intelligentiaa
1731 4737 1790 4783 et
1823 4729 2069 4784 scientiae

486 4841 681 4896 capax.
714 4827 792 4879 Ac
827 4824 982 4878 multi
1009 4824 1228 4892 quidem
1282 4823 1474 4893 longas
1507 4821 1826 4891 amplasque
1859 4821 2069 4876 oratio-

487 4931 586 4971 nes
608 4917 674 4971 de
695 4915 937 4970 hominis
960 4924 1158 4970 natura
1181 4913 1496 4968 habuerunt
1524 4931 1537 4965 :
1569 4905 1664 4968 sed
1687 4913 1816 4984 quia
1841 4914 2067 4971 minime

487 5006 682 5061 breves
714 5015 769 5061 et
815 5003 1224 5075 compendiosa:
1271 5009 1424 5068 sunt,
1471 5001 1682 5057 idcirco
1721 5002 2066 5060 definitiones

487 5111 597 5150 non
633 5103 783 5152 sunt.
840 5094 980 5149 Sunt
1011 5108 1206 5148 rursus
1251 5093 1448 5150 breves
1491 5094 1716 5164 quidam
1757 5108 2064 5162 sermones,

485 5200 545 5244 ut
575 5188 1058 5260 apophthegmata,
1093 5183 1188 5240 sed
1228 5185 1357 5256 quia
1399 5185 1479 5240 rei
1522 5194 1780 5240 naturam
1824 5201 1936 5240 non
1968 5201 2064 5240 ex-

485 5283 716 5354 plicant,
734 5281 966 5354 proinde
988 5295 1093 5337 nec
1116 5278 1464 5337 deﬁnitiones
1486 5279 1708 5350 quidem
1737 5288 1889 5334 sunt.
1915 5277 2062 5345 Quin

2097 4301 2146 4360 D

2174 3269 2228 3306 τι
2255 3252 2364 3306 τῶν
2393 3253 2670 3308 τοιούτων.
2697 3252 2726 3292 ι
2752 3253 2876 3308 Ζῶα
2899 3256 3008 3326 γάρ
3029 3257 3135 3310 είσι
3181 3258 3276 3311 καὶ
3305 3259 3467 3313 αύτά.
3501 3257 3640 3312 Οὔτε
3669 3256 3767 3314 οὖν

2173 3345 2204 3398 ὁ
2230 3345 2438 3417 Πέτρος
2463 3345 2581 3398 ἐστὶ
2614 3345 2775 3415 φύσει
2805 3349 3071 3418 πρότερος
3111 3349 3204 3404 τοῦ
3246 3350 3482 3412 Παύλου,
3523 3349 3651 3403 οὕτε
3703 3353 3768 3404 τὸ

2172 3437 2389 3506 λογικὸν
2417 3437 2513 3492 τοῦ
2535 3437 2742 3506 ἀλόγου·
2767 3439 2931 3504 ζῶον..
2955 3441 3164 3512 Πέτρου
3191 3441 3298 3514 γὰρ
3329 3443 3761 3512 ἀναιρουμένου,

2172 3534 2270 3585 καὶ
2302 3531 2378 3602 μὴ
2405 3530 2578 3595 ὄντος,
2611 3531 2766 3586 ἔσται
2791 3533 3033 3598 Παῦλος’
3071 3535 3163 3588 καὶ
3193 3535 3405 3606 Πέτρου
3436 3537 3768 3607 εἰσφερομέ-

2171 3639 2290 3688 νου,
2319 3625 2381 3677 ού
2409 3623 2824 3695 συνεισφέρεται
2853 3625 3080 3698 Πέτρος,
3116 3625 3242 3681 οὔτε
3271 3629 3480 3700 Πέτρου
3500 3631 3764 3700 εἰσφερο⁴

2174 3715 2362 3786 μένου,
2392 3715 2806 3787 συνεισφέρεται
2830 3717 3064 3781 Παῦλος.
3105 3719 3218 3772 Καὶ
3245 3717 3371 3772 οὕτε
3401 3720 3609 3791 Πέτρος
3640 3722 3765 3773 ἐστὶ

2175 3806 2396 3876 μᾶλλον,
2437 3807 2605 3876 ἦγουν
2629 3809 2792 3863 πλέον
2825 3809 2920 3863 τοῦ
2951 3810 3167 3864 Παύλου
3196 3811 3486 3883 ἄνθρωπος
3516 3811 3548 3881 ἢ
3577 3811 3725 3876 ζῶον
3746 3829 3761 3842 ·

2169 3896 2294 3950 οὐδὲ
2332 3897 2543 3961 Παῦλος
2575 3897 2670 3951 τοῦ
2727 3899 2959 3972 Πέτρου.
2995 3899 3326 3971 Εὑρίσκεται
3353 3901 3411 3955 δὲ
3461 3902 3765 3972 φάρμακον

2173 3989 2539 4059 ὑγιεινότερον
2573 3991 2907 4062 φαρμάκου,
2955 3992 3052 4046 καὶ
3105 3990 3312 4062 βιϐλίον
3366 3992 3764 4067 ίατρικώτερον

2175 4081 2384 4154 βιϐλίου
2414 4083 2598 4137 ἀλλον.

2764 4261 3018 4314 ΚΕΦΑΛ.
3074 4263 3154 4317 H'.

2738 4354 2879 4422 Περὶ
2913 4354 3188 4424 ὁρισμοῦ.

2253 4443 2510 4518 Ὀρισμός
2556 4445 2673 4498 ἐστι
2700 4445 2859 4513 λόγος
2915 4445 3180 4516 σύντομος
3211 4445 3507 4524 δηλωτικδς
3529 4448 3626 4518 τῆς
3663 4449 3763 4518 φά-

2171 4555 2308 4602 σεως
2335 4537 2430 4591 τοῦ
2460 4537 2824 4608 ὑποκειμένου
2853 4537 3199 4610 πράγματος.
3229 4539 3522 4593 Τουτέστιν
3563 4541 3601 4603 ι,
3635 4545 3667 4595 ὁ
3689 4542 3760 4596 δι’

2167 4631 2347 4700 ὀλίγου
2398 4631 2680 4702 σημαίνων
2725 4632 2824 4702 τὴν
2855 4631 3018 4701 φύσιν
3058 4630 3152 4684 τοῦ
3195 4632 3556 4701 ὑποκειμένου
3600 4635 3756 4704 πρά-

2167 4741 2397 4796 γματος.
2429 4718 2578 4787 Οἷον,
2613 4723 2898 4793 ἄνθρωπός
2941 4725 3059 4776 ἐστι
3093 4723 3232 4786 ζῶον
3259 4722 3501 4791 λογικὸν,
3531 4723 3759 4794 θνητὸν,

2169 4816 2262 4870 νοῦ
2281 4818 2372 4871 καλ⁸
2403 4816 2713 4887 ἐπιστήμης
2734 4816 3003 4870 δεκτικόν.
3027 4815 3219 4869 Πολλοὶ
3245 4816 3344 4885 μὲν
3367 4811 3461 4870 οὗν
3487 4817 3763 4888 ἐποίησαν

2169 4909 2301 4980 περὶ
2323 4908 2536 4978 φύσεως
2559 4907 2848 4979 ἀνθρώπου
2870 4907 3556 4982 λόγουςκατεπεκτάδηνω,
3577 4911 3644 4980 ἠγ
3663 4929 3762 4964 ουν

2169 5002 2611 5071 ὲκτεταμμένους
2652 4999 2747 5054 καὶ
2784 4999 3074 5070 μεγάλους.
3121 4999 3260 5052 Ἀλλ’
3294 5001 3392 5052 οὐκ
3419 5003 3530 5054 εἰσὶ
3557 5001 3762 5056 σύντο-

2173 5109 2282 5163 μοι,
2316 5091 2450 5144 διότι
2470 5089 2570 5143 οὐκ
2604 5089 2741 5142 εἰσιν
2773 5089 2993 5160 ὁρισμοί
3021 5098 3067 5140 υ.
3098 5088 3218 5141 Είσὶ
3251 5088 3308 5142 δὲ
3339 5089 3434 5142 καὶ⁵
3490 5088 3760 5160 σύντομοι

2168 5183 2339 5251 λόγοι,
2367 5182 2441 5246 ὡς
2462 5181 2532 5234 τὰ
2552 5179 2981 5250 ἀποφθέγματα,
3036 5179 3152 5232 ἀλλ’
3190 5181 3378 5250 ἐπειδὴ
3409 5182 3471 5233 οὐ
3517 5181 3759 5249 δηλοῦσι

2168 5276 2330 5346 φύσιν
2360 5277 2706 5347 πράγματος,
2739 5273 2842 5327 οὐκ
2869 5273 3006 5327 είσὶν
3035 5272 3275 5344 ὁρισμοί.
3325 5275 3438 5328 Καὶ
3481 5273 3542 5326 τδ
3571 5274 3759 5345 ὄνομα.

1803 5432 2041 5489 VARle
2074 5431 2472 5490 LECTIONES.

555 5533 579 5572 ι
616 5531 739 5587 Haec
774 5533 969 5589 desunt
1007 5534 1059 5588 in
1093 5532 1215 5588 cod.
1255 5530 1321 5588 Β.
1353 5530 1511 5596 1986,
1541 5527 1683 5586 2927
1715 5536 1770 5583 et
1813 5528 1989 5594 5M7;
2021 5528 2075 5583 in
2108 5527 2268 5582 Colb.
2300 5542 2429 5583 vero
2455 5534 2510 5582 et
2542 5525 2596 5580 in
2631 5533 2822 5582 nostro
2861 5525 3128 5596 scriptum
3166 5533 3252 5582 est
3287 5543 3301 5580 :
3335 5524 3453 5590 ζῶα
3489 5523 3600 5594 γάρ
3632 5527 3753 5596 εἰσι

480 5604 553 5657 τὰ
583 5603 826 5656 τοιαῦτα.

479 5674 780 5796 ιριειοάεη,
824 5673 878 5728 id
901 5684 980 5729 est
1009 5682 1274 5729 extensos.

479 5761 508 5798 ε
539 5759 641 5798 σιν.

929 5603 942 5642 ι
981 5604 1256 5658 ilrevioris
1305 5595 1504 5671 logicze
1529 5600 1749 5680 codices
1797 5600 1985 5680 ῄγουν.
2015 5670 2027 5680 .
2060 5607 2100 5629 ’⁸
2119 5597 2522 5680 Quidamngod.
2555 5599 2692 5680 lca-5;
2705 5595 3020 5680 énéxcggtv:
3052 5595 3176 5680 Yet.
3208 5598 3416 5680 inter-px
3435 5595 3751 5680 “secundum!

1352 5665 1535 5727 illaec
1569 5670 1734 5727 verba
1783 5665 1984 5726 desunt
2014 5670 2072 5725 in
2119 5666 2254 5740 Reg.
2287 5667 2432 5723 2927
2468 5675 2524 5724 et
2554 5667 2718 5738 5447,
2758 5669 2813 5723 in
2843 5668 2968 5724 aliis
2997 5668 3232 5725 habetur
3259 5667 3341 5722 διὸ
3360 5665 3489 5721 οὐδὲ
3513 5666 3752 5738 ὁρισμοί
