3974 6338
498 380 600 443 559

1678 380 1738 441 S.
1762 380 2029 441 JOANNI
2042 381 2081 440 S
2115 382 2509 441 DAMASCEN
2516 383 2542 441 Ι

3637 384 3736 445 {diu

566 492 736 546 (iuius
778 492 1210 560 pliilosojiliiatm.
1239 521 1307 529 ——
1340 490 1525 546 Genus
1554 505 1750 565 rursus
1774 491 1826 544 id
1857 490 2061 544 dicitur

2230 491 2464 559 Λέγεται
2500 490 2659 545 πάλιν
2692 490 2866 560 γένος,
2890 483 2932 558 ᾧ
2963 492 3332 546 ὑποτάσσεται
3354 489 3415 544 τδ
3444 484 3603 558 εἶδος,
3628 489 3739 546 οἷον

442 640 445 645 λ
496 585 582 638 cui
636 585 848 652 species
898 584 1208 653 subjicitur,
1247 599 1298 637 v.
1333 599 1443 653 gr.,
1487 583 1592 638 sub
1636 582 1858 635 animali
1906 589 2057 645 sunt,

496 673 679 737 homo,
715 690 909 745 equus,
941 685 996 729 et
1039 676 1161 730 aliae
1188 676 1443 745 species:
1488 674 1675 743 itaque
1713 673 1919 726 animal
1964 688 2059 743 ge-

496 780 601 818 nus
636 774 740 821 est.
792 769 868 822 Ac
926 767 994 823 de
1054 768 1157 821 hoc
1199 782 1397 838 genere
1434 772 1675 820 tractant
1724 765 2057 834 philosophi.

496 854 648 920 Quod
680 857 842 912 etiam
874 858 939 911 ad
971 860 1115 913 hunc
1151 859 1370 913 modum
1401 856 1693 911 deﬁnimus
1723 872 1737 908 :
1780 870 1954 925 genus
1978 861 2062 909 est

495 948 642 1017 quod
674 946 744 1002 de
774 949 1018 1018 pluribus
1052 949 1232 1018 specie
1255 947 1662 1013 differentibus,
1698 950 1753 1002 in
1799 945 1933 1015 quid
1976 951 2063 999 est

498 1040 848 1109 praedicatur,
892 1048 950 1093 ut
974 1040 1175 1093 animal
1204 1055 1380 1109 genus
1409 1047 1492 1094 est
1525 1038 1670 1108 quod
1703 1038 1770 1092 de
1814 1037 2060 1099 homine,

498 1149 661 1202 equo,
704 1140 757 1184 et
782 1131 939 1191 bove,
972 1129 1203 1199 aliisque
1235 1130 1517 1200 pluribus,
1553 1130 1607 1183 in
1646 1128 1778 1198 quid
1815 1135 1899 1183 est
1932 1142 2064 1197 prte-

497 1226 712 1278 dicatur
746 1240 761 1287 ;
807 1237 927 1290 qure
963 1221 1184 1290 quidem
1234 1222 1376 1275 inter
1397 1234 1458 1275 se
1498 1220 1682 1290 specie
1720 1218 2059 1288 discrepant.

496 1314 613 1366 Alia
650 1311 795 1365 enim
842 1310 1081 1365 hominis
1126 1309 1360 1379 species,
1406 1315 1461 1362 et
1499 1308 1603 1360 alia
1644 1308 1793 1375 equi,
1836 1315 1889 1361 et
1956 1306 2061 1359 alia

497 1406 673 1460 bovis.
706 1404 766 1457 lu
799 1403 927 1472 quid
950 1410 1033 1456 est
1059 1409 1240 1455 autem
1272 1400 1621 1470 priedicatur.
1660 1397 1793 1452 Nam
1832 1413 1956 1453 cum
1995 1414 2061 1452 ex

497 1495 654 1549 nobis
694 1494 981 1562 quieritur,
1018 1490 1148 1558 quid
1190 1490 1263 1543 sit
1294 1490 1491 1551 homo;
1532 1488 1793 1549 dicimus,
1837 1488 2060 1542 animal.

496 1584 673 1638 Simili
700 1581 862 1636 etiam
894 1578 1056 1633 modo
1083 1592 1208 1632 cum
1238 1577 1527 1647 quaeritur,
1556 1577 1687 1646 quid
1726 1584 1811 1632 est
1848 1590 2060 1645 equus;

495 1673 721 1735 animal,
752 1670 1005 1726 dicimus.
1048 1669 1236 1738 Itaque
1272 1683 1443 1737 genus
1487 1675 1571 1721 est
1621 1666 1675 1720 id
1723 1662 1809 1721 cui
1841 1665 2056 1734 species

495 1765 792 1834 subjicitur
844 1761 964 1833 [est
1031 1760 1159 1814 item
1218 1774 1425 1829 genus,
1484 1758 1629 1828 quod
1688 1756 1954 1811 dividitur
2004 1756 2059 1809 in

2169 582 2273 635 ὑπὸ
2301 582 2362 634 τὸ
2396 582 2533 646 ζῶόν
2570 584 2718 635 ἐστιν
2773 585 2801 635 ό
2848 583 3152 652 ἄνθρωπος,
3186 584 3352 647 ἵππος
3377 623 3392 646 ,
3428 594 3524 638 και
3576 584 3738 655 ἕτερα

2168 670 2305 742 εἴδη·
2332 671 2392 724 τὸ
2415 667 2505 725 οὖν
2533 671 2669 735 ζῶον
2698 671 2852 740 γένος
2881 672 3015 725 ἐστι.
3049 672 3183 741 Περὶ
3211 671 3403 725 τούτου
3424 673 3518 727 τοῦ
3551 675 3740 741 γένους

2169 762 2320 832 παρὰ
2344 765 2455 824 τοῖς
2488 762 2800 832 φιλοσόφοις
2824 765 2852 815 ὁ
2873 762 3031 830 λόγος
3051 779 3064 793 ·
3096 763 3124 815 ὃ
3149 764 3458 834 ὁριζόμενοι
3483 764 3735 835 λέγομενο

2168 855 2326 923 γένος
2362 856 2479 907 ἐστὶ
2525 854 2586 908 τὸ
2636 855 2777 908 κατὰ
2824 854 3086 909 πλειόνων
3130 857 3225 910 καὶ
3269 856 3634 928 διαφερόντων
3660 857 3741 929 τῷ

2169 946 2320 1008 εῖδει,
2347 947 2403 998 ἐν
2425 945 2501 1015 τῷ
2522 945 2575 998 τί
2604 946 2720 998 ἐστι
2745 946 3238 1017 κατηγορούμενον.
3272 948 3483 1015 Ὠσπερ
3501 947 3561 1001 τὺ
3580 947 3737 1013 ζῶον,

2168 1039 2324 1107 γένος
2377 1038 2459 1101 ὃν,
2495 1040 2881 1108 κατηγορεῖται
2920 1038 3015 1091 τοῦ
3068 1037 3381 1108 ἀνθρώπου,
3411 1042 3507 1092 καὶ
3552 1040 3736 1102 ἵππου.

2168 1132 2263 1185 καὶ
2292 1131 2430 1201 βοὸς,
2461 1132 2554 1185 καὶ
2583 1132 2759 1187 ἄλλων
2784 1132 3043 1185 πλειόνων
3079 1132 3137 1185 ἐν
3171 1130 3249 1201 τῷ
3275 1132 3330 1184 τί
3352 1132 3521 1195 ἐστιν,
3545 1131 3581 1185 ἆ
3617 1149 3739 1184 τινα

2168 1222 2245 1292 τῷ
2284 1223 2412 1276 εῖδει
2456 1223 2808 1293 διαφέρουσιν
2857 1222 3125 1293 ἀλλήλων.
3181 1206 3408 1292 Ἕτερον
3444 1221 3553 1293 γὰρ
3600 1219 3739 1285 εἶδος

2170 1322 2482 1393 ἀνθρώπου,
2518 1323 2615 1376 καὶ
2642 1322 2771 1376 ἄλλο
2822 1321 3014 1385 ἵππου,
3046 1321 3140 1375 καὶ
3185 1319 3311 1375 ἄλλο
3345 1320 3485 1391 βοός.
3538 1321 3627 1374 Ἑν
3659 1320 3742 1389 τῷ

2168 1414 2220 1467 τί
2251 1413 2308 1467 δέ
2349 1415 2486 1477 ἐστι,
2518 1415 2924 1485 κατηγορεῖται.
2969 1413 3346 1483 Ἐρωτὼμενοι
3376 1413 3485 1483 γὰρ
3515 1413 3565 1467 τί
3590 1415 3742 1467 ἐστιν

2168 1504 2479 1571 ἀνθρωπος;
2503 1505 2703 1575 φαμὲν,
2732 1504 2898 1571 Ζῶον,
2922 1504 3121 1575 ὁμοίως
3144 1504 3199 1558 δὲ
3224 1505 3315 1559 καὶ
3341 1506 3525 1567 ἵππος.
3568 1505 3739 1577 Ἐρω-

2168 1594 2397 1665 τώμενοι
2430 1595 2538 1665 γάρ
2564 1634 2579 1660 ,
2626 1596 2680 1648 τί
2713 1596 2887 1663 ἐστιν;
2913 1596 3165 1667 λέγομεν,
3188 1595 3352 1649 Ζῶον.
3384 1596 3545 1650 Ὥστε
3583 1596 3743 1665 γένος

2169 1687 2315 1739 ἐστὶν
2340 1726 2355 1749 ,
2393 1680 2438 1754 ᾧ
2471 1686 2754 1741 ὑπόκειται
2809 1687 2872 1739 τὸ
2918 1681 3077 1751 εἶδος.
3111 1684 3177 1757 [κ
3208 1688 3320 1740 Καὶ
3375 1687 3536 1741 πάλιν
3578 1687 3742 1755 γένος

2168 1776 2287 1829 ἐστὶ
2316 1777 2375 1830 τὸ
2403 1777 2776 1848 διαιρούμενον
2795 1778 2875 1841 εἰς
2897 1777 3058 1849 εἴδη]
3086 1777 3159 1831 To
3181 1778 3290 1849 γὰρ
3322 1778 3476 1847 γένος
3514 1781 3592 1842 είς
3618 1777 3739 1847 εἴδη

494 1853 752 1928 ευθείε⁵Ῑο
779 1852 913 1908 Nam
946 1866 1120 1922 genus
1154 1852 1208 1904 ίη
1236 1850 1447 1941 ενθοίείε
1476 1849 1756 1941 divum“!
1788 1848 2064 1941 Musque
2096 1850 2136 1904 Β
2164 1868 2468 1938 διαιρεῖται,
2499 1871 2594 1922 καὶ
2623 1848 3057 1941 καθολικώτερον
3101 1870 3196 1923 τοῦ
3242 1848 3417 1934 εἴδους
3446 1871 3582 1935 ἐστὶ,
3638 1872 3737 1923 καὶ

496 1955 642 2018 patet
676 1960 836 2016 quam
881 1944 1117 2014 species,
1170 1956 1235 1996 ac
1276 1940 1491 2010 species
1531 1939 1933 2009 complectitur,
1968 1938 2065 1992 iis-

493 2055 599 2110 que
638 2037 892 2108 superius
920 2043 1027 2090 est.
1292 2038 1309 2049 '

565 2128 865 2191 Subicctum
928 2124 1250 2181 exsistentia:
1306 2133 1353 2178 et
1422 2118 2065 2193 prwdicationis.-Scire

495 2221 643 2275 enim
688 2233 867 2289 opem
892 2217 1134 2287 pretium
1168 2223 1272 2278 εει,
1308 2215 1566 2284 superius
1608 2212 1738 2280 dici,
1770 2212 1913 2283 quod
1964 2226 2062 2282 ge-

498 2311 740 2366 ueralius
806 2315 930 2372 est;
999 2305 1230 2361 inferius
1272 2313 1456 2360 autem
1507 2319 1573 2357 ac
1637 2304 1945 2373 subjectum
1997 2300 2065 2355 ad

492 2398 965 2470 praedicationem,
1005 2395 1060 2449 id
1117 2393 1262 2465 quod
1301 2401 1389 2449 est
1420 2393 1601 2448 minus
1652 2393 1930 2463 generale.
1967 2390 2063 2446 Est

487 2492 644 2545 enim
701 2488 1008 2558 subjectum
1049 2484 1118 2539 ad
1168 2484 1575 2548 exsistentiam,
1606 2492 1667 2538 ut
1715 2482 2065 2551 substantia;
2128 2514 2133 2519 ο

496 2580 826 2654 supponitur
882 2576 1041 2635 enim
1098 2575 1397 2643 accidenti,
1454 2576 1517 2633 ut
1554 2574 1803 2640 chislat,
1863 2580 2066 2648 quippe

496 2692 619 2729 cum
656 2672 788 2728 illud
844 2671 900 2726 in
932 2671 1051 2742 ipsa
1091 2670 1360 2726 subsistat
1396 2689 1409 2724 :
1440 2678 1524 2725 est
1570 2670 1699 2725 item
1751 2669 2065 2739 subjectum

498 2768 565 2823 ad
599 2764 1066 2838 prmdicationem,
1098 2763 1245 2833 quod
1280 2762 1541 2817 nimirum
1574 2762 1911 2832 particulare
1954 2769 2061 2817 est.

498 2858 570 2913 Ut
600 2857 744 2913 enim
780 2870 955 2925 genus
986 2854 1053 2907 de
1099 2854 1311 2922 specie.
1361 2852 1437 2906 ita
1483 2851 1696 2921 species
1739 2850 2067 2921 praedicatur

495 2951 565 3004 de
614 2946 931 3002 individuis.
964 2942 1161 3012 Liquet
1212 2950 1398 2997 autem
1456 2957 1629 3012 genus
1683 2942 1900 3012 quidem
1943 2956 2068 2997 esse

498 3040 683 3109 specie
722 3034 1056 3107 generalius,
1094 3048 1159 3088 ac
1207 3034 1447 3103 speciem
1497 3032 1817 3087 individuis.
1845 3032 1921 3088 De
1946 3033 2067 3103 qui-

448 3182 451 3185 .
497 3131 601 3185 bus
641 3127 955 3183 accuratius
979 3123 1124 3180 infra
1152 3125 1258 3179 Deo
1290 3123 1504 3178 favente
1528 3123 1884 3179 disseremus.
1908 3122 2065 3178 Nu‘nc

497 3234 627 3275 .vero
680 3232 804 3271 cum
859 3217 927 3270 de
959 3230 1156 3287 genere
1210 3215 1376 3271 verba
1420 3212 1742 3279 fecerimus,
1768 3213 1841 3270 de
1885 3184 2145 3285 ει)εοὶεο

498 3323 721 3380 quoque
752 3308 1065 3378 loquamur.

1110 3398 1264 3454 CAP.
1297 3397 1364 3451 Χ.

1088 3490 1162 3546 De
1212 3492 1403 3560 specie.

568 3584 709 3653 Quid
741 3585 932 3655 species
946 3582 1325 3653 philosophica.
1346 3607 1416 3623 --
1434 3580 1578 3650 Quin
1610 3582 1822 3654 species
1850 3596 2071 3653 quoque

498 3678 554 3731 in
597 3677 1005 3746 aequivocorum
1055 3688 1287 3729 numero
1330 3683 1440 3734 est.
1478 3690 1603 3745 qua:
1636 3674 1849 3744 duplici
1899 3673 2067 3729 modo

497 3767 725 3821 dicitur.
777 3764 1005 3835 Species
1049 3765 1195 3819 enim
1268 3764 1389 3834 ipsa
1443 3766 1609 3820 etiam
1657 3762 1930 3835 cujusque
1987 3765 2070 3819 rei

497 3855 673 3911 forma
730 3854 808 3927 [et
852 3853 1024 3923 ﬁgura
1061 3852 1287 3918 dicitur,
1346 3852 1429 3907 uti
1478 3868 1532 3908 ν.
1578 3867 1662 3925 gr.
1697 3860 1893 3908 statua:
1943 3867 2068 3922 spe-

494 3945 643 4017 cies]
673 3948 819 4000 velut
862 3952 922 4000 et
960 3960 997 4001 ta
1040 3945 1275 4014 quodam
1329 3944 1538 4001 dictum
1572 3953 1657 4001 est
1689 3963 1701 3999 :
1735 3942 1925 3999 Prima
1954 3959 2069 4012 spc-

495 4038 604 4091 cies
635 4038 795 4108 digna
814 4037 1060 4106 imperio.
1094 4035 1321 4106 Species
1356 4051 1604 4101 rursum,
1636 4036 1774 4090 illud
1815 4036 2069 4092 substan-

496 4129 630 4187 tiale
659 4127 924 4198 estquod
959 4127 1264 4182 collocatur
1292 4127 1396 4182 sub
1436 4142 1655 4197 genere.
1705 4128 1784 4183 Ac
1817 4141 2064 4190 rursum,

495 4221 708 4291 species
748 4228 832 4277 est
864 4219 917 4274 id
946 4220 1013 4275 de
1040 4233 1152 4290 quo
1180 4233 1356 4290 genus
1396 4218 1452 4273 in
1492 4218 1627 4287 quid
1660 4225 1747 4273 est
1795 4218 2065 4287 praedica-

496 4321 612 4367 tur.
650 4311 868 4367 Rursus
914 4311 1161 4379 denique
1192 4310 1407 4379 species
1441 4320 1529 4364 est
1555 4308 1612 4363 id
1642 4309 1789 4379 quod
1834 4310 1902 4364 de
1949 4310 2069 4380 plu-

497 4404 655 4458 ribus
685 4416 915 4456 numero
946 4400 1329 4455 diﬁ‘erentibus
1354 4400 1408 4454 in
1434 4398 1567 4471 quid
1594 4408 1679 4455 est
1708 4399 2063 4470 praedicatur.

2166 1959 2407 2030 περιέχει
2435 1959 2503 2013 τὰ
2533 1960 2669 2031 εἴδη,
2707 1960 2801 2015 καὶ
2833 1960 3016 2014 ἐπάνω
3039 1960 3217 2015 αὐτῶν
3249 1962 3417 2015 ἐστιν.

2235 2137 2355 2209 Χρὴ
2394 2138 2501 2208 γὰρ
2547 2138 2873 2207 γινώσκειν,
2930 2138 3007 2204 ὡς
3037 2139 3222 2193 ἐπάνω
3244 2139 3460 2209 λέγεται
3492 2140 3552 2194 τδ
3603 2141 3740 2195 καθ-

2164 2228 2502 2298 ολικώτερον.
2562 2229 2853 2282 ’Υποκάτω
2884 2229 2960 2294 δὲ,
2992 2231 3087 2283 καὶ
3113 2230 3174 2283 τὸ
3209 2230 3566 2301 ὑποκείμενον
3600 2233 3744 2302 πρὸς

2166 2317 2522 2387 κατηγορίαν,
2555 2317 2615 2371 τὸ
2639 2318 3028 2389 μερικώτερον.
3058 2320 3213 2373 Ἔστι
3242 2320 3353 2392 γὰρ
3377 2321 3746 2391 ὑποκείμενον

2165 2409 2303 2479 πρὸς
2328 2409 2585 2484 ὓπαρξιν,
2618 2410 2695 2478 ὡς
2720 2413 2752 2485 ἠ
2786 2410 2944 2469 οὐσία
2969 2427 2983 2446 ’
3015 2411 3300 2470 ὑπόκειται
3339 2418 3448 2489 γὰρ
3478 2419 3610 2489 πρδς,
3636 2419 3746 2473 ὕπ-

2166 2498 2324 2575 αρξιν
2378 2504 2455 2575 τῷ
2489 2504 2859 2576 συμϐεϐηκότι
2892 2522 2908 2537 “
2948 2508 3005 2560 ἐν
3038 2508 3175 2578 αὑτῇ
3220 2509 3327 2578 γάρ
3361 2510 3647 2577 ὑφίσταται
3681 2513 3747 2564 τὸ

2168 2596 2532 2668 συμϐεϐηκός.
2561 2598 2670 2650 Kal.
2693 2596 2839 2652 ἐστιν
2866 2599 3223 2669 ὑποκείμενον
3250 2600 3385 2670 πρὸς
3405 2604 3747 2673 κατηγορίαν

2164 2686 2227 2739 τὸ
2263 2688 2484 2758 μερικόν
2530 2696 2593 2737 1·
2636 2691 3025 2760 κατηγορεῖται
3068 2690 3198 2762 γὰρ,
3225 2690 3286 2744 τὸ
3316 2692 3415 2761 μὲν
3460 2693 3613 2760 γένος
3645 2694 3748 2746 τοῦ

2167 2777 2357 2842 εἴδους,
2390 2778 2569 2831 καὶτὸ
2599 2775 2738 2843 εἶδος
2786 2780 2895 2834 τῶν
2926 2781 3143 2852 ἀτόμων
3162 2799 3177 2813 ·
3200 2781 3358 2852 δῆλον
3393 2782 3450 2836 δὲ
3504 2784 3581 2846 ὡς
3609 2784 3749 2836 καθ-

2167 2864 2489 2937 ολικώτερον
2527 2867 2620 2920 ἐπὶ
2666 2868 2728 2921 τὸ
2769 2869 2923 2936 γένος
2956 2870 3048 2923 τοῦ
3102 2870 3293 2936 εἴδους,
3329 2871 3425 2925 καὶ
3454 2869 3594 2934 εἶδος
3630 2873 3752 2925 τῶν

2166 2956 2406 3027 ἀτόμων,
2439 2957 2568 3027 περὶ
2590 2952 2666 3013 ὧν
2696 2959 3087 3032 ἀκριϐέστερον
3115 2961 3173 3013 ἐν
3205 2963 3317 3024 τοῖς
3344 2961 3471 3033 ἑξῆς
3498 2963 3594 3015 σὺν
3622 2962 3753 3033 Θεῷ

2170 3046 2546 3118 μαθησόμεθα.
2573 3047 2689 3102 Νῦν
2710 3049 2765 3102 δὲ
2796 3052 2924 3122 περὶ
2950 3051 3043 3106 τοῦ
3066 3050 3258 3121 γένους
3282 3053 3549 3117 εἰπόντες,
3575 3053 3756 3107 εἴπω-

2173 3154 2271 3208 μεν
2297 3138 2393 3192 καὶ
2429 3139 2558 3211 περὶ
2586 3138 2679 3193 τοῦ
2708 3141 2903 3205 εἴδους.

2782 3400 3036 3455 ΚΕΦΛΛ.
3097 3401 3155 3459 I’.

2753 3491 2892 3558 Περὶ
2936 3492 3157 3559 εἴδους.

2240 3583 2351 3639 Καὶ
2373 3584 2438 3637 τὸ
2474 3579 2611 3648 εἶδος
2647 3584 2704 3638 δὲ
2729 3585 2837 3638 τῶν
2870 3582 3177 3655 ὁμωνύμων
3220 3582 3390 3651 ἐστὶν,
3430 3582 3625 3647 δισσῶς
3655 3584 3756 3637 λε-

2166 3674 2403 3745 γόμενον
2431 3691 2445 3705 ⁸
2480 3676 2700 3745 λέγεται
2741 3676 2851 3749 γὰρ
2877 3671 3036 3741 εἶδος,
3072 3676 3226 3746 καὶή
3265 3675 3496 3728 ἑκάστου
3533 3676 3754 3747 μορφὴ,

2169 3768 2266 3822 καὶ⁵
2290 3768 2350 3820 τὸ
2382 3766 2568 3837 σχῆμα
2589 3782 2602 3798 ·
2633 3763 2746 3821 οἷον
2769 3766 2829 3821 τὺ
2865 3762 3004 3829 εἶδος
3034 3766 3130 3821 τοῦ
3166 3766 3515 3837 ἀνδριάντος
3550 3768 3683 3821 καθ’
3723 3770 3756 3820 δ

2170 3857 2265 3910 καὶ
2289 3857 2503 3926 εἴρηται
2527 3855 2637 3926 (14)
2658 3871 2671 3885 °
2702 3855 2920 3927 πρῶτον
2952 3856 3051 3927 μὲν
3076 3853 3215 3919 εἶδος
3235 3855 3385 3919 ἄξιον
3404 3856 3754 3927 τυραννίδος.

2171 3946 2329 3997 Ἔστι
2361 3944 2521 3998 πάλιν
2548 3939 2709 4009 εῐδος,
2751 3944 2814 3997 τὸ
2866 3934 3143 4012 οὐσιῶδες,
3196 3945 3260 3999 τὸ
3305 3946 3759 4017 ὑποταττόμενον

2168 4035 2274 4089 ὑπὸ
2303 4035 2364 4088 τὸ
2397 4035 2574 4103 γένος.
2603 4036 2714 4089 Καὶ
2741 4035 2903 4090 πάλιν
2948 4032 3089 4101 εἶδός
3121 4038 3289 4100 ἐστιν,
3321 4030 3382 4090 οὗ
3419 4041 3760 4110 κατηγορεῖ-

2165 4144 2257 4180 ται
2283 4126 2343 4180 τὸ
2369 4127 2523 4194 γένος
2550 4127 2607 4179 ἐν
2626 4125 2704 4197 τῷ
2730 4127 2783 4181 τι
2808 4128 2944 4182 ἐστι.
2982 4128 3092 4181 Καὶ
3119 4128 3280 4183 πάλιν
3298 4145 3312 4158 ·
3335 4127 3474 4194 εἶδός
3504 4132 3650 4197 ἐστι,
3691 4132 3761 4184 τὸ

2167 4219 2310 4271 κατά
2339 4217 2620 4285 πλειόνων,
2664 4218 2759 4271 καὶ
2790 4218 3152 4288 διαφερόντων
3196 4219 3277 4290 τῷ
3324 4220 3545 4291 ἀριθμῷ
3579 4223 3645 4274 ἐν
3670 4221 3763 4293 τῷ

2166 4309 2219 4363 τι
2246 4312 2363 4362 ἐστι
2394 4309 2883 4382 κατηγορούμενον.
2929 4311 3068 4367 Ἀλλ’
3116 4313 3172 4366 αξ
3233 4312 3333 4383 μὲν
3385 4313 3599 4386 πρῶται
3652 4314 3763 4369 δύο

2168 4399 2483 4470 ὑπογραφαὶ
2529 4401 2671 4455 κατά
2711 4401 2809 4472 τὴν
2862 4403 3043 4473 σχέσιν
3104 4404 3262 4474 μόνον
3295 4414 3318 4441 ⁸
3351 4404 3713 4476 διαφέρουσιν
3742 4447 3762 4468 ,

497 4493 766 4550 Caeterum
813 4493 935 4549 duae
974 4492 1191 4563 priores
1215 4491 1417 4561 speciei
1453 4492 1855 4562 descriptiones
1907 4492 2066 4546 habi-

2173 4489 2245 4553 ti);
2282 4490 2546 4555 ἀνάϐασις
2573 4491 2666 4545 καὶ
2717 4491 3045 4555 κατάϐασις,
3108 4493 3206 4546 καὶ
3258 4494 3587 4564 ἁρμόζουσιν
3658 4496 3768 4548 ἐπὶ

497 4587 689 4641 tudine
716 4586 833 4640 sola
876 4593 932 4641 et
965 4584 1176 4641 ordinis
1217 4584 1435 4639 ratione
1472 4584 1619 4639 inter
1668 4598 1729 4639 se
1777 4583 2062 4651 diﬁerunt,

464 4678 577 4732 »uti
636 4692 903 4733 ascensus
954 4686 1122 4746 atque
1156 4676 1485 4739 descensus,
1536 4689 1601 4730 ac
1647 4675 1855 4746 speciei
1917 4675 2067 4730 omni

500 4767 1006 4825 accommodantur.
1060 4766 1248 4823 Tertia
1289 4775 1471 4823 autem
1524 4779 1588 4820 ac
1637 4774 1918 4836 postrema
1969 4766 2068 4822 de-

2171 4581 2372 4645 παντδς
2402 4581 2594 4645 εἴδους.
2639 4582 2703 4634 Ἦ
2729 4583 2786 4636 δὲ
2814 4582 2973 4654 τρίτη
2997 4584 3092 4635 καὶ
3112 4583 3394 4637 τελευταία
3421 4584 3768 4655 ὑπογραφὴ,

2176 4673 2335 4743 μόνον
2392 4673 2484 4726 ἐπὶ
2531 4673 2627 4726 τοῦ
2666 4673 3015 4729 είδικωτάτου
3046 4676 3261 4741 εἴδους,
3314 4674 3408 4729 τοῦ
3460 4678 3773 4747 προσεχιῖκ

2175 4765 2358 4820 ἐπάνω
2382 4764 2490 4819 τῶν
2521 4765 2740 4836 ἀτόμων
2762 4766 2935 4831 ὄντος,
2965 4766 3060 4820 τοῦ
3094 4767 3439 4837 περιέχοντος
3475 4767 3575 4831 τὰς
3616 4769 3775 4821 ὑπο-

460 4896 463 4897 ν
500 4858 749 4927 scriptio.
780 4858 1005 4913 inﬁma:
1067 4858 1337 4919 duntaxat
1387 4855 1613 4927 speciei,
1661 4872 1782 4927 quae
1826 4857 2066 4926 proxime

2177 4857 2417 4924 στάσεις,
2446 4856 2522 4921 ὡς
2549 4858 2800 4928 λέγομεν,
2830 4858 2891 4911 τὸ
2928 4854 3067 4921 εἶδος
3095 4857 3190 4912 τοῦ
3225 4858 3536 4931 ἀνθρώπου.

504 4952 798 5010 individuis
832 4955 1085 5023 superior
1113 4962 1222 5019 est,
1260 4967 1325 5007 ac
1376 4952 1730 5022 singulariter
1783 4950 2129 5017 exsistentia,
2160 4966 2256 5007 seu
2300 4952 2611 5022 supposita,
2681 4952 3114 5024 complectitur;
3192 4967 3300 5024 qua
3373 4954 3588 5009 ratione
3680 4955 3781 5010 di-

502 5045 678 5099 cimus
705 5045 942 5101 hominis
972 5044 1230 5115 speciem.
1634 5054 1645 5057 ‘
2020 5084 2021 5087 η

572 5134 820 5190 Diximus
851 5134 1017 5205 igitur
1052 5147 1225 5204 genus
1255 5131 1460 5202 triplici
1492 5130 1709 5187 ratione
1736 5131 1869 5197 dici,
1897 5131 2062 5187 deno-

484 5226 804 5284 .minatione
834 5223 1070 5288 scilicet,
1099 5238 1130 5277 a
1154 5223 1478 5294 parentibus
1506 5230 1562 5279 et
1596 5237 1626 5277 a
1652 5223 1831 5294 patria
1861 5239 1876 5290 ;
1901 5230 2069 5293 atque

2238 5130 2479 5200 Εἴπομεν
2527 5123 2619 5203 οὖν
2669 5129 2746 5193 ὡς
2773 5129 2833 5184 τὸ
2872 5128 3029 5197 γένος
3060 5131 3298 5200 τρισσῶς
3329 5131 3571 5201 λέγεται.
3624 5136 3785 5191 ’Λπδ

2175 5220 2270 5275 τοῦ
2303 5221 2575 5286 τεκόντος,
2607 5221 2701 5277 καὶ
2732 5220 2841 5277 ἀπὸ
2868 5221 2966 5292 τῆς
3002 5221 3281 5293 πατρίδος,
3312 5225 3410 5278 καὶ
3456 5224 3581 5279 καθ’
3627 5228 3789 5282 ἑκά·-

1851 5356 2090 5413 VARUE
2130 5355 2535 5413 LECTIONES.

577 5451 756 5507 Illaec
785 5450 927 5505 addo
968 5465 1033 5506 ex
1076 5448 1223 5505 brevi
1276 5448 1471 5519 logica,
1528 5449 1655 5519 quia
1682 5462 1805 5519 cap.
1851 5462 1966 5519 seq.
2002 5463 2262 5519 expresse
2324 5456 2557 5504 testatur
2615 5458 2910 5519 auctorrse
2966 5446 3390 5517 descriptionem
3440 5447 3588 5519 hanc
3638 5465 3792 5507 cum

503 5525 718 5577 caeteris
758 5523 1027 5584 attulisse,
1057 5534 1178 5574 cum
1206 5519 1272 5574 de
1325 5516 1875 5641 genere'sermoiiem
1908 5516 2155 5575 haberet.
2181 5516 2391 5575 Favent
2416 5534 2503 5587 ea,
2531 5534 2652 5589 quae
2678 5518 2926 5590 proxime
2971 5526 3300 5590 sequuntur.
3377 5526 3408 5570 γ
3434 5517 3601 5591 Regii
3631 5521 3794 5591 duo,

509 5591 903 5641 ηεοικώτατον.
980 5599 1002 5627 ι
1044 5592 1239 5641 Deerat
1284 5606 1322 5641 υ.
1355 5605 1442 5641 νον
1470 5604 1527 5641 ιη
1554 5589 1737 5641 edllts.

508 5591 903 5665 μερικώτατον.
980 5599 1002 5627 ι
1044 5592 1239 5645 Deerat
1282 5588 1442 5660 μόνον
1470 5588 1527 5642 in
1554 5589 1737 5644 editis.

575 5778 685 5848 (Μ)
729 5777 1035 5846 Euripides,
1074 5793 1139 5834 ex
1164 5792 1273 5847 quo
1310 5777 1670 5849 Porphyrius.

2010 5681 2245 5739 ΝΟΜ..
