3974 6338
240 409 347 476 56Ῑ

1673 410 2023 470 DIALECTI
2030 411 2138 471 CA.

3408 410 3514 473 562

241 542 403 597 τερον
430 521 619 594 διχῶς.
653 522 765 576 Καὶ
797 518 937 575 κατὰ
968 521 1151 589 τρίτον
1193 522 1392 593 τρόπον
1412 563 1426 587 ,
1453 513 1500 591 ᾧ
1530 521 1827 576 ὑποτάττε-

1934 531 2165 595 utroque
2199 524 2362 579 modo
2394 522 2951 593 bifariam:dcnique
3007 523 3073 577 de
3127 536 3191 575 co
3248 522 3355 591 22
3420 525 3508 578 cui

242 634 333 670 ται
362 616 424 670 τὺ
447 612 607 679 εἶδος..
644 615 754 667 Καὶ
788 614 850 666 τὸ
879 612 1017 677 εἶδος
1055 614 1112 667 δὲ
1150 612 1348 677 δισσῶς
1399 613 1636 682 λέγεται.
1676 614 1764 677 Ὠς
1792 617 1826 682 ἡ

245 703 482 758 ἑκάστου
517 702 726 772 μορφὴ,
758 702 883 754 καθ’
910 701 1008 754 ἕνα
1032 702 1255 772 τρόπον.
1305 702 1465 755 Κατὰ
1490 701 1741 772 δεύτερον
1772 703 1830 757 δὲ

239 792 465 864 τρόπον,
492 786 555 846 οὗ
592 794 984 862 κατηγορεῖται
1016 791 1077 844 τὸ
1103 791 1281 858 γένος,
1309 791 1373 844 τὸ
1399 792 1494 845 καὶ
1522 792 1626 845 ὑπὸ
1651 792 1711 845 τὸ
1738 792 1832 861 γέ-

240 902 332 948 νος
351 883 704 953 ταττόμενον,
735 883 810 946 ώς
839 882 899 946 ἐξ
920 882 1086 936 αὑτοῦ
1112 883 1512 954 διαιρούμενον.
1543 886 1675 956 Περὶ
1704 885 1831 938 τού-

238 992 337 1029 του
376 975 469 1029 τοῦ
505 974 723 1044 γένους,
757 973 853 1027 καὶ
881 973 975 1026 τοῦ
1005 974 1182 1037 εἴδους
1201 974 1352 1045 παρὰ
1378 977 1493 1037 τοῖς
1521 976 1831 1045 φιλοσόφοις

240 1066 273 1119 ὁ
300 1065 480 1133 λόγος.

326 1154 546 1224 Ἐπειδὴ
561 1154 617 1208 δὲ
634 1153 732 1209 καὶ
756 1153 887 1226 περὶ
911 1153 1101 1219 γένους
1120 1153 1515 1225 διαλεγόμενοι,
1539 1154 1633 1209 τοῦ
1660 1156 1830 1218 εἴδους

240 1244 749 1315 ἐμνημονεύσαμεν,
784 1244 1055 1307 εἰπόντες*
1092 1244 1255 1305 Γένος
1281 1245 1398 1297 ἐστὶ
1426 1244 1488 1298 τὸ
1515 1244 1829 1316 διαιρούμε-

241 1356 335 1392 νον
367 1340 442 1401 ei;
477 1339 627 1408 εἴδη·
669 1338 767 1391 καὶ
796 1336 981 1400 πάλιν,
1010 1337 1142 1407 περὶ
1171 1336 1267 1390 τοῦ
1306 1337 1479 1401 εἴδους
1514 1336 1831 1406 διαλεγόμε-

242 1447 348 1494 νοι,
378 1428 475 1482 τοῦ
500 1428 692 1497 γένους
714 1427 1203 1499 ἐμνημονεύσαμεν
1226 1427 1495 1491 εἰπόντεςο
1533 1422 1692 1490 Εῑδός
1712 1427 1830 1481 ἐστι

240 1524 306 1576 τὸ
335 1527 399 1576 ἐκ
424 1523 615 1591 γένους
628 1522 1026 1592 διαιρούμενον,
1058 1521 1165 1592 χρὴ
1192 1521 1506 1589 γινώσκειν,
1530 1520 1614 1573 ὅτι
1639 1518 1832 1592 ὥσπερ

243 1613 379 1684 περὶ
406 1613 612 1682 πατρὸς
637 1612 911 1681 λέγοντες,
945 1611 1006 1677 ἐξ
1035 1613 1283 1683 ἀνάγκης
1310 1611 1406 1666 καὶ
1432 1609 1528 1665 τοῦ
1556 1611 1674 1666 υἱοῦ
1696 1627 1832 1683 μνη-

243 1704 548 1776 μονεύομεν
574 1721 587 1735 ο
621 1699 778 1769 οὗτος
811 1705 919 1775 γάρ
950 1705 1068 1757 ὲστι
1098 1703 1281 1774 πατὴρ
1309 1705 1338 1757 6
1367 1701 1506 1772 ἔχων
1549 1702 1697 1758 υἱόν·
1733 1702 1831 1757 καὶ⁸

242 1798 379 1868 περὶ
405 1797 520 1849 υἱοὺ
547 1796 940 1866 διαλεγόμενοι,
971 1795 1032 1860 ἐξ
1063 1794 1307 1866 ἀνάγκης
1334 1796 1428 1849 καὶ
1449 1796 1653 1866 πατρὸς
1689 1811 1828 1864 μνη-

246 1865 743 1960 μονεύομενοοὺτος
769 1888 877 1960 γάρ
905 1891 1052 1941 ἐστιν
1076 1887 1210 1951 υἱὸς,
1228 1865 1415 1957 ὀέχων
1437 1865 1665 1958 πατέρα’
1687 1886 1831 1941 οὑτω

1934 1865 2131 1947 bemus
2166 1892 2317 1961 (nam
2347 1892 2441 1947 ille
2472 1865 2868 1962 dicitur-pater
2915 1891 3011 1961 qui
3060 1889 3230 1945 ﬁlium
3278 1890 3507 1960 habet):

243 1980 551 2046 κάνταῦθα,
576 1979 837 2034 ἀδύνατον
867 1997 933 2032 πε
944 1980 996 2050 pi
1027 1977 1124 2031 τοῦ
1166 1977 1357 2045 γένους
1384 1976 1655 2031 διαλαϐεῖν
1675 1976 1833 2041 ἐκτὸς

242 2066 340 2122 τοῦ
368 2068 559 2134 εἴδους,
619 2068 652 2139 ἢ
690 2068 820 2138 περὶ
849 2066 943 2120 τοῦ
973 2067 1147 2129 εἴδους
1190 2066 1349 2128 ἐκτὸς
1388 2064 1484 2118 τοῦ
1515 2066 1725 2133 γένους.
1758 2064 1833 2117 Τὸ

243 2160 360 2231 γὰρ
410 2162 572 2229 γένος
608 2162 689 2222 εἰς
739 2158 857 2229 εἴδη
907 2159 1199 2229 διαιρεῖται
1251 2157 1490 2222 πάντως,
1520 2157 1619 2210 καὶ
1661 2156 1722 2209 τὸ
1756 2156 1831 2228 μὴ

244 2252 372 2320 ἔχον
404 2252 516 2322 εἴδη
540 2252 601 2316 ἐξ
628 2250 791 2304 αὐτοῦ
820 2249 1195 2321 διαιρούμενα,
1224 2249 1324 2304 οὑκ
1374 2250 1490 2303 ἐστι
1513 2249 1689 2317 γένος.
1721 2250 1833 2304 Καὶ

242 2344 317 2397 τὰ
357 2343 496 2414 εἴδη,
553 2344 618 2397 ὲκ
647 2340 840 2411 γένους
875 2340 1234 2414 διαιροῦνται,
1289 2340 1387 2397 καὶ
1428 2341 1498 2396 τὰ
1529 2341 1605 2413 μὴ
1639 2340 1833 2413 έχοντα

245 2437 430 2505 γένος,
455 2437 558 2490 οὑκ
586 2435 727 2491 εἰσὶν
751 2434 890 2507 εἴδη.

316 2705 432 2759 Καὶ
451 2702 641 2775 ὥσπερ
666 2703 698 2755 6
756 2701 975 2773 πρῶτος
1005 2701 1311 2774 ἄνθρωπος,
1357 2701 1525 2772 ἤγουν
1554 2702 1583 2755 ὁ
1620 2701 1829 2772 ’Δδὰμ,

242 2799 325 2872 μὴ
352 2796 609 2869 ἐσχηκὼς
637 2796 851 2871 πατέρα
886 2798 946 2850 οὑ
974 2796 1194 2864 λέγεται
1228 2796 1364 2859 υἱὸς,
1394 2794 1615 2864 λέγεται
1641 2794 1698 2848 δὲ
1724 2811 1831 2850 πα-

238 2892 352 2961 τήρ
373 2905 387 2920 ⁶
423 2890 550 2960 έσχε
583 2889 691 2960 γάρ
724 2888 873 2950 υἱούς
895 2904 907 2917 ·
930 2888 957 2941 6
986 2887 1042 2940 δὲ
1067 2887 1201 2958 Σὴθ,
1236 2887 1331 2941 καὶ
1360 2886 1475 2950 υἱὸς
1494 2884 1713 2955 λέγεται
1735 2883 1830 2939 τοῦ

236 2978 499 3041 τεκόντος
531 2978 730 3031 αὐτόν’
766 2975 893 3047 ἔσχε
947 2974 1056 3047 γὰρ
1107 2974 1324 3047 πατέρα
1353 2975 1444 3029 τὸν
1491 2975 1695 3044 Ἀδάμ*
1736 2973 1832 3027 καὶ

239 3071 433 3141 πατὴρ
462 3068 681 3137 λέγεται
738 3066 834 3119 τοῦ
885 3065 1167 3135 τεχθέντος
1216 3065 1276 3131 ἐξ
1323 3063 1484 3119 αὑτοῦ
1520 3082 1535 3098 ο
1572 3064 1830 3135 ἐγέννησε

237 3162 353 3232 γάρ
394 3160 486 3213 τὸν
525 3156 689 3220 Ἐνώς
713 3174 727 3188 ο
768 3158 797 3210 6
844 3155 900 3208 δὲ
936 3154 1101 3207 Ἀὁελ
1131 3154 1246 3217 υἱὸς
1283 3153 1382 3224 μὲν
1410 3152 1661 3223 λέγεται·
1703 3150 1829 3222 ἔσχε

237 3256 355 3324 γὰρ
411 3251 627 3324 πατέρα
676 3249 768 3302 τὸν
805 3247 1007 3318 ’Λδάμο
1064 3243 1249 3317 πατὴρ
1295 3245 1351 3298 δὲ
1388 3245 1449 3298 οὐ
1487 3244 1734 3313 λέγεται-
1766 3243 1827 3296 οὑ

239 3347 353 3416 γάρ
384 3343 541 3413 ἔσχεν
591 3340 704 3393 υἱόν
725 3355 739 3369 ο
782 3337 926 3392 οὑτω
966 3335 1062 3390 καὶ
1094 3336 1189 3390 ἐπὶ
1218 3334 1312 3389 τοῦ
1347 3334 1559 3405 γένους,
1594 3333 1691 3387 καὶ
1736 3331 1830 3387 τοῦ

240 3440 449 3500 εἴδους,
504 3435 561 3488 τδ
601 3422 816 3504 πρῶτον
860 3432 1039 3501 γένος,
1075 3430 1266 3501 ὥσπερ
1299 3430 1359 3483 οὑ
1408 3418 1697 3501 διαιρεῖται
1725 3427 1833 3483 ἀπὸ

241 3531 440 3601 ἐτέρου
470 3529 680 3596 γένους,
708 3525 825 3579 οὐδὲ
858 3524 971 3595 ἔχει
996 3524 1099 3594 πρὸ
1130 3521 1294 3577 αὑτοῦ
1325 3521 1501 3593 γένος,
1544 3522 1701 3591 γένος
1737 3521 1834 3592 μό-

240 3640 335 3677 νον
369 3621 512 3685 ἐστὶ,
536 3620 630 3673 καὶ
653 3619 752 3672 οὑκ
780 3618 925 3672 ἔστιν
962 3610 1123 3682 εἶδος,
1156 3617 1249 3670 καὶ
1274 3615 1493 3683 λέγεται
1530 3614 1832 3685 γενικώτα-

239 3732 336 3768 τον
362 3712 540 3781 γένος,
562 3710 590 3763 ὃ
612 3710 705 3763 καὶ¹
736 3709 1041 3780 ὁριζόμενοι
1077 3706 1255 3778 φαμέν
1276 3725 1289 3738 ’
1330 3706 1696 3760 Γενικώτατον
1737 3704 1832 3775 γέ-

242 3823 337 3868 νος
371 3803 545 3868 ὲστὶν,
573 3802 602 3855 ὃ
627 3802 783 3869 γένος
812 3800 872 3856 ὃν
900 3802 999 3854 οὑκ
1032 3800 1176 3853 ἐστιν
1206 3795 1364 3861 εἶδος,
1396 3796 1483 3851 διὰ
1504 3797 1563 3851 τὸ
1592 3797 1668 3868 μὴ
1690 3795 1833 3867 ἔχειν

242 3895 438 3950 ἐπάνω
492 3892 656 3946 αὑτοῦ
690 3892 865 3960 γένος.
916 3891 998 3945 Τὰ
1052 3891 1109 3945 δὲ
1142 3890 1202 3957 ἐξ
1237 3888 1402 3945 αὑτοῦ
1456 3874 1830 3961 διαιρούμενα,

244 3987 343 4040 ἐὰν
403 3984 601 4055 ἔχωσιν
653 3983 914 4038 ὑποκάτω
960 3983 1145 4036 αὐτῶν
1192 3980 1332 4035 ἄλλα
1364 3981 1501 4053 εἴδη,
1539 3980 1597 4048 ἐξ
1655 3980 1833 4035 αὐτῶν

242 4076 625 4148 διαιρούμενα,
683 4075 782 4128 καὶ
837 4074 954 4146 εἴδη
984 4074 1095 4128 εἰσὶ
1120 4072 1229 4128 τῶν
1258 4074 1366 4147 πρὸ
1404 4072 1605 4138 αὐτῶν,
1665 4073 1833 4144 ἤγουν

244 4168 355 4220 τῶν
397 4167 584 4221 ἐπάνω
608 4166 811 4231 αὐτῶν,
856 4166 914 4232 ἐξ
946 4159 1020 4220 ὧν
1054 4164 1368 4236 τέμνονται,
1402 4163 1499 4219 καὶ
1540 4164 1672 4234 γένη
1722 4161 1833 4217 τῶν

246 4257 309 4322 ἐξ
328 4256 513 4311 αὑτῶν
534 4257 907 4328 τεμνομένων,
943 4257 1111 4328 ἤγουν
1138 4255 1243 4311 τῶν
1279 4255 1565 4310 ὑποκάτω·
1615 4255 1710 4309 καὶ
1746 4253 1832 4308 λέ-

247 4365 463 4416 γονται,
494 4349 586 4402 καὶ
608 4347 766 4419 γένη,
799 4348 893 4403 καὶ
922 4348 1039 4419 εἴδη
1069 4346 1369 4417 ὑπάλληλα.
1405 4345 1487 4400 Τὰ
1518 4346 1573 4401 δὲ
1600 4346 1736 4417 εἴδη,
1764 4347 1832 4401 τά

246 4442 459 4513 ἔσχατα
494 4443 589 4495 καὶ
623 4441 933 4513 κατώτερα,
956 4442 1024 4494 τὰ
1048 4442 1122 4513 μὴ
1142 4441 1333 4513 ἔχοντα
1372 4441 1629 4497 ὑποκάτω
1653 4443 1832 4497 αὑτῶν

1924 616 2156 693 _speeics
2218 616 2536 685 subjicitur.
2592 614 2673 668 Ad
2720 615 2970 669 eumdem
3020 615 3205 687 itaque
3261 615 3506 679 modum,

1932 708 2145 778 species
2164 723 2381 780 quoque
2411 707 2612 777 duplici
2646 706 3049 776 signiﬁcatione
3084 705 3508 776 accipitur.Una

1934 800 2193 853 nimirum
2229 816 2327 869 pro
2356 800 2437 856 rei
2462 799 2729 869 cujusque
2750 799 2920 852 forma
2955 814 2969 863 ;
2998 797 3192 861 altera,
3228 814 3325 867 pro
3348 812 3415 852 eo
3441 797 3509 852 de

1931 905 2041 961 quo
2075 906 2249 961 genus
2285 890 2639 961 prmdicatur,
2686 888 2946 960 quodque
2981 887 3163 958 generi
3193 889 3506 954 subjicitur,

1933 991 1993 1035 ut
2033 983 2178 1052 quod
2225 998 2292 1037 ex
2321 972 2723 1037 cordividatur.
2764 981 2841 1033 Ac
2885 979 2952 1033 de
2996 980 3309 1045 hujusmodi
3342 998 3507 1051 gene-

1934 1088 1991 1128 re
2016 1082 2070 1128 et
2100 1074 2285 1143 specie
2312 1087 2338 1126 a
2372 1072 2715 1143 philosophis
2746 1071 3080 1141 disputatur.

2006 1162 2326 1232 Explicatur
2354 1169 2530 1233 genus‘
2558 1178 2649 1231 per
2679 1162 2901 1229 speciem
2943 1170 2991 1214 et
3020 1170 3257 1215 econtra.
3286 1160 3509 1227 —Quia

1935 1238 2091 1318 vero:
2115 1269 2240 1308 cum
2266 1254 2334 1308 de
2353 1268 2553 1323 genere
2583 1252 3012 1315 dissereremus,
3031 1251 3237 1319 speciei
3271 1251 3517 1305 mentio;

1933 1356 2057 1396 nem
2090 1340 2347 1407 iecimus,
2410 1342 2657 1396 dicentes
2698 1355 2869 1411 genus
2908 1340 2959 1394 id
3001 1355 3125 1395 esse
3176 1340 3323 1409 quod
3372 1339 3512 1393 divi-

1933 1431 2084 1487 ditur
2110 1432 2166 1487 in
2198 1433 2454 1502 species:
2483 1446 2549 1487 ac
2578 1446 2778 1487 rursus
2811 1445 2939 1485 cum
2981 1432 3049 1487 de
3100 1431 3289 1501 specie
3328 1445 3510 1486 sermo

1931 1533 2098 1588 esset,
2128 1524 2349 1595 generis
2385 1524 2513 1580 item
2552 1525 2888 1580 mentionem
2946 1523 3205 1587 fecimus,
3255 1524 3507 1579 dicentes

1932 1614 2171 1685 speciem
2211 1615 2266 1670 id
2303 1629 2429 1672 esse
2476 1616 2623 1687 quod
2671 1631 2735 1671 ex
2791 1629 2992 1687 genere
3030 1614 3332 1670 dividitur:
3369 1615 3515 1670 scire

1932 1721 2113 1777 operte
2165 1707 2406 1778 pretium
2453 1715 2561 1773 est,
2604 1714 2665 1761 ut
2707 1705 3171 1777 quemadmodum
3221 1706 3523 1775 loquentes

1932 1798 2000 1854 de
2032 1807 2189 1870 patre
2214 1800 2533 1855 necessario
2563 1814 2784 1870 quoque
2818 1798 2886 1854 de
2917 1798 3031 1852 ﬁlio
3059 1813 3380 1853 sermonem
3408 1798 3515 1852 haa‘

1931 1983 2172 2053 itemque
2202 1983 2270 2039 de
2295 1982 2406 2038 ﬁlio
2434 1984 2601 2039 verba
2628 1982 2916 2042 facientes.
2954 1981 3083 2053 quia
3117 1982 3264 2037 ﬁlius
3306 1980 3521 2036 dicitur.

1931 2075 2025 2145 qui
2065 2083 2275 2145 patrem
2310 2074 2499 2143 habet,
2544 2074 2736 2131 eodem
2793 2074 2958 2129 modo
2994 2074 3083 2129 hie
3118 2088 3339 2147 quoque
3390 2072 3509 2127 ﬁeri

1931 2181 2043 2222 non
2073 2174 2276 2238 potest,
2308 2174 2368 2221 ut
2395 2166 2672 2239 quispiam
2703 2166 2771 2222 de
2803 2178 3005 2236 genere
3033 2166 3153 2221 sine
3185 2163 3392 2234 specie,
3414 2172 3527 2217 autc

1930 2259 1999 2315 de
2027 2260 2210 2330 specie
2261 2260 2383 2315 sine
2408 2274 2610 2331 genere
2663 2265 2991 2329 pertractct.
3028 2253 3214 2312 Genus
3260 2255 3407 2311 enim
3450 2255 3509 2310 in

1930 2350 2142 2420 species
2173 2350 2454 2405 dividatur
2489 2365 2717 2407 necesse
2742 2359 2828 2407 est
2856 2365 2869 2404 :
2900 2358 2955 2406 et
2994 2346 3140 2420 quod
3174 2347 3389 2418 species
3430 2361 3501 2401 ex

1930 2456 1992 2498 se
2032 2441 2240 2497 divisas
2277 2456 2388 2496 non
2440 2442 2624 2507 habet,
2673 2456 2846 2513 genus
2898 2456 3009 2497 non
3058 2449 3164 2495 est.
3217 2437 3508 2493 Consimili

1930 2545 2152 2602 quoque
2200 2531 2440 2596 ratione,
2473 2531 2701 2601 species
2725 2546 2791 2585 ex
2833 2545 3033 2600 genere
3058 2528 3419 2585 dividuntur:
3451 2535 3507 2583 et

1931 2638 2053 2695 quae
2087 2633 2277 2678 carent
2310 2638 2512 2693 genere
2543 2636 2652 2678 non
2682 2631 2812 2678 sunt
2833 2623 3067 2693 species.

1993 2712 2143 2769 Scita
2168 2714 2394 2783 generis,
2425 2713 2620 2768 summi
2643 2714 2871 2784 generis,
2906 2729 2968 2768 ac
3014 2713 3188 2769 media
3234 2718 3424 2786 speciei
3452 2728 3505 2773 et

1931 2804 2130 2873 inﬁma:
2161 2802 3044 2869 decumam—Quemadmodum
3080 2812 3261 2861 autem
3294 2807 3506 2877 primus

1931 2910 2134 2966 parens
2182 2894 2450 2959 Adamus,
2504 2908 2629 2948 cum
2666 2900 2823 2966 patre
2852 2894 3114 2963 caruerit,
3148 2912 3256 2952 non
3300 2897 3507 2953 dicitur

1932 2986 2081 3043 ﬁlius
2112 3003 2128 3054 ;
2162 2984 2369 3041 dicitur
2396 3000 2527 3041 vero
2573 2992 2747 3056 pater,
2773 2992 2830 3040 ut
2868 2986 2964 3057 qui
3010 2986 3265 3043 habuerit
3313 2989 3455 3044 ﬁlios
3486 3007 3502 3044 :

1933 3076 2066 3133 Scth
2102 3084 2310 3142 autem,
2340 3091 2465 3131 cum
2502 3075 2748 3147 parentis
2777 3076 2863 3131 sui
2909 3075 3112 3132 dicitur
3141 3076 3288 3135 ﬁlius
3322 3078 3507 3150 (quip-

1936 3184 2003 3240 pe
2030 3176 2240 3240 patrem
2280 3168 2477 3222 habuit
2511 3167 2831 3238 jAdamum),
2875 3174 2992 3223 tum
3041 3177 3215 3239 pater
3244 3170 3509 3245 ejusqui

1933 3259 2002 3315 ab
2030 3274 2095 3315 eo
2130 3258 2350 3331 genitus
2380 3266 2466 3315 est
2500 3259 2794 3331 (siquidem
2824 3260 3027 3331 genuit
3056 3261 3264 3331 Eoos);
3293 3269 3346 3314 at
3371 3261 3508 3317 Abel

1933 3350 2136 3407 dicitur
2156 3351 2377 3423 quidem
2407 3351 2575 3418 titius,
2602 3351 2731 3423 quia
2748 3351 2941 3407 habuit
2962 3352 3229 3407 Adamum
3258 3363 3505 3423 patrem;

1898 3448 1903 3461 ‘
1930 3439 2080 3495 haud
2114 3441 2243 3496 item
2277 3456 2408 3496 vero
2436 3441 2745 3513 appellatur
2782 3452 2961 3512 pater,
3003 3442 3132 3512 quia
3172 3442 3346 3496 lilium
3397 3457 3507 3497 non

1933 3531 2162 3587 habuit:
2192 3532 2383 3587 eodem
2424 3548 2645 3604 quoque
2686 3530 2849 3587 modo
2876 3532 3019 3603 quod
3056 3540 3267 3603 spectat
3322 3533 3388 3588 ad
3416 3549 3511 3604 ge-

1934 3638 2040 3678 nus
2064 3637 2128 3676 ac
2159 3623 2419 3693 speciem,
2458 3625 2697 3693 primum
2720 3638 2891 3693 genus
2923 3622 3070 3692 quod
3104 3638 3211 3677 non
3239 3622 3508 3677 dividitur

1935 3710 2005 3767 ab
2038 3710 2146 3765 alio
2179 3725 2398 3781 genere,
2433 3726 2536 3767 nec
2584 3727 2755 3781 genus
2808 3712 2979 3765 ullum
3015 3711 3264 3765 anterius
3317 3709 3509 3777 habet,

1935 3817 2109 3873 genus
2142 3809 2355 3856 tantum
2371 3809 2477 3866 est,
2505 3816 2617 3856 non
2651 3810 2833 3856 autem
2865 3803 3031 3857 etiam
3057 3801 3291 3870 species,
3323 3801 3509 3870 appel-

1936 3894 2193 3964 laturque
2234 3893 2716 3965 generalissimum
2750 3908 2925 3963 genus
2954 3908 2968 3957 ;
3000 3891 3160 3961 cujus
3203 3891 3319 3946 hzcc
3372 3891 3499 3946 deli-

1934 3984 2075 4046 nitie
2096 3993 2224 4039 est:
2270 3982 2751 4054 generalissimum
2799 3998 2974 4055 genus
3025 3992 3131 4050 est,
3170 3982 3331 4053 quod
3380 3997 3505 4037 cum

1935 4091 2109 4147 genus
2152 4075 2245 4141 sit,
2283 4074 2432 4131 haud
2483 4083 2671 4129 tamen
2706 4074 2918 4144 species
2965 4083 3072 4137 est,
3109 4073 3241 4144 quia
3290 4072 3508 4127 nullum

1930 4156 1993 4223 ¹δε
2026 4166 2286 4237 superius
2312 4179 2486 4236 genus
2523 4164 2707 4220 habet.
2738 4163 2871 4230 Quae
2895 4171 3078 4219 autem
3115 4178 3183 4218 ex
3215 4164 3336 4234 ipso
3364 4160 3508 4216 divi-

1934 4257 2166 4321 duntur,
2198 4258 2246 4313 si
2276 4257 2415 4311 alias
2455 4255 2600 4311 inl'ra
2631 4272 2691 4312 se
2730 4255 2945 4326 species
2974 4254 3239 4320 habeant,
3269 4266 3393 4323 qua:
3438 4265 3509 4306 ex

1934 4350 2071 4420 ipsis
2106 4349 2450 4415 dividantur,
2503 4357 2620 4403 tum
2657 4348 2929 4419 priorum,
2978 4347 3081 4402 hoc
3114 4354 3201 4401 est
3252 4342 3507 4413 superio-

1934 4458 2081 4507 rum,
2111 4457 2179 4497 ει
2205 4442 2410 4513 quibus
2438 4447 2720 4506 secantur,
2756 4439 2970 4510 species
2999 4448 3130 4494 sunt
3157 4454 3173 4505 ;
3203 4445 3315 4491 tum
3345 4448 3510 4506 gene-

245 4532 388 4586 ἄλλα
419 4532 569 4602 εἴδη·
606 4532 854 4585 τουτέστι
892 4531 966 4605 μὴ
1003 4531 1327 4607 περιέχοντα
1360 4532 1496 4601 εἴδη,
1530 4532 1664 4585 ἀλλὰ
1702 4531 1827 4585 ἄτο-

1935 4548 1993 4587 ra
2021 4547 2213 4588 eorum
2239 4547 2361 4602 qum
2398 4547 2463 4587 ex
2503 4530 2640 4601 ipsis
2681 4530 3008 4585 dividuntur
3040 4570 3056 4594 ,
3094 4528 3198 4583 hoc
3230 4534 3316 4581 est
3366 4523 3508 4580 infe-

249 4640 353 4691 μα,
396 4623 566 4692 ἤγουν
608 4621 957 4684 ὑποστάσεις,
1003 4620 1063 4677 οὑ
1098 4618 1323 4688 λέγεται
1368 4618 1541 4687 γένος,
1570 4618 1684 4672 ἀλλ’
1716 4617 1831 4688 εἴδη

251 4713 437 4780 μόνον.
475 4711 576 4765 Διά
605 4711 663 4764 τὸ
696 4712 772 4782 μὴ
819 4711 965 4782 ἔχειν
994 4709 1250 4766 ὑποκάτω
1276 4709 1455 4763 αὑτῶν
1481 4751 1496 4775 ,
1538 4709 1613 4773 ώς
1658 4703 1830 4774 εἷπον,

244 4800 386 4854 ἄλλα
415 4801 533 4871 εἴδη
562 4799 623 4864 ἐξ
658 4799 838 4853 αὑτῶν
861 4798 1236 4871 διαιρούμενα.
1288 4796 1576 4852 Ἀδύνατον
1605 4796 1713 4867 γὰρ
1737 4800 1834 4868 ῥη-

245 4890 413 4962 θῆναι
441 4890 619 4961 γένος,
652 4890 713 4943 τὸ
740 4892 815 4961 μὴ
852 4892 1104 4964 περιέχον
1132 4889 1269 4960 εἴδη,
1302 4890 1439 4959 μήτε
1474 4887 1595 4959 ἔχον
1625 4886 1833 4941 ὑποκά-

243 4997 328 5034 τω
359 4979 530 5035 αὑτοῦ
560 4981 676 5052 εἴδη
713 4980 773 5045 ἐξ
800 4982 966 5035 αὐτοῦ
993 4981 1369 5051 διαιρούμενα.
1396 4980 1627 5049 Λέγεται
1650 4976 1742 5034 οὖν
1771 4981 1832 5035 τὸ

248 5071 329 5142 μὴ
363 5071 622 5141 περιέχον
659 5072 797 5142 εἴδη,
848 5071 963 5126 ἀλλ’
992 5073 1349 5138 ὑποστάσεις,
1383 5071 1727 5126 εἰδικώτατον
1749 5066 1831 5125 εἴ·

1930 4622 2138 4676 riorum
2165 4638 2180 4687 ;
2213 4633 2277 4673 ac
2309 4620 2627 4676 subalterna
2652 4634 2853 4690 genera
2887 4634 2951 4673 ac
2982 4619 3192 4687 species
3216 4625 3508 4670 vocantur.

1931 4711 2000 4765 At
2049 4714 2311 4764 extremae
2350 4709 2661 4778 inlimzeque
2693 4709 2926 4779 species,
2982 4724 3105 4777 qua:
3156 4706 3297 4761 alias
3361 4703 3510 4759 infra

1933 4815 1993 4855 se
2034 4798 2247 4869 species
2293 4813 2403 4853 non
2441 4798 2684 4866 habent;
2737 4799 2844 4855 hoc
2894 4806 2979 4855 est
3026 4798 3210 4851 nullas
3265 4795 3506 4865 species.
3589 4811 3610 4816 -

1936 4890 2030 4947 sed
2073 4890 2188 4945 sola
2225 4888 2534 4953 individua,
2576 4889 2631 4944 id
2679 4898 2765 4945 est
2809 4890 3134 4961 hypostases
3163 4901 3259 4943 seu
3307 4899 3514 4956 suppoo

1938 4982 2044 5036 sita
2078 4980 2391 5045 continent,
2434 4995 2546 5035 non
2592 4981 2856 5036 dicuntur
2896 4994 3117 5051 genera,
3144 4978 3239 5035 sed
3296 4978 3511 5049 species

1937 5072 2243 5127 duntaxat:
2276 5086 2340 5127 ea
2361 5071 2645 5137 nimirum,
2680 5072 2760 5128 uti
2792 5072 3066 5135 dicebam,
3102 5068 3337 5133 ratione,
3362 5067 3510 5137 quod

244 5161 363 5229 δας,
398 5163 562 5216 ιδιότι
608 5160 746 5228 εἶδος
764 5163 845 5227 ὃν,
877 5166 977 5217 οὑκ
1029 5164 1146 5217 ἔστι
1188 5165 1281 5217 καὶ
1319 5163 1507 5233 γένος’
1552 5162 1739 5234 ὥσπερ
1771 5166 1831 5217 τὸ

1936 5163 2121 5219 nullas
2161 5164 2378 5234 species
2412 5163 2719 5233 subjectus,
2752 5180 2875 5234 quas
2906 5179 2974 5217 ex
3011 5164 3120 5218 illis
3165 5160 3508 5223 dividantur,

243 5255 430 5322 γένος,
470 5254 532 5306 τὸ
565 5254 641 5331 μὴ
671 5254 730 5309 ὃν
757 5251 915 5320 εἶδος,
940 5256 1159 5324 λέγεται
1198 5254 1557 5324 γενικώτατον
1581 5253 1756 5323 γένος.

1939 5256 2250 5312 obtineant.
2283 5255 2472 5326 Neque
2502 5256 2646 5311 enim
2685 5256 2739 5310 id
2770 5272 2942 5326 genus
2977 5255 3086 5310 dici
3121 5253 3320 5324 possit,
3359 5249 3509 5321 quod

244 5346 441 5400 nullas
474 5348 690 5415 species
720 5347 1045 5415 contineat;
1085 5361 1187 5402 nec
1221 5361 1411 5401 earum
1448 5346 1686 5417 aliquas,
1712 5361 1835 5416 quae
1874 5362 1940 5403 ex
1975 5348 2097 5418 ipso
2130 5348 2469 5410 dividantur,
2509 5347 2725 5401 habeat.
2760 5346 3033 5411 Quocirca
3072 5345 3126 5398 id
3188 5341 3331 5412 quod
3393 5341 3510 5395 nul-

242 5440 334 5493 las
387 5440 624 5509 Species,
673 5440 771 5494 sed
825 5440 1109 5495 individua
1163 5447 1374 5493 tantum
1428 5438 1832 5506 complectitur,
1907 5440 2119 5507 species
2144 5438 2349 5493 dicitur
2376 5434 2798 5508 specialissima,
2859 5435 2988 5505 quia
3023 5450 3146 5489 cum
3170 5434 3382 5504 species
3413 5433 3506 5497 sit,

242 5546 364 5583 non
420 5539 603 5584 tamen
657 5546 831 5601 genus
880 5538 966 5587 est
1005 5548 1020 5599 ;
1054 5530 1132 5584 uti
1183 5540 1375 5585 contra
1431 5544 1626 5599 genus,
1684 5528 1832 5598 quod
1871 5542 1980 5583 non
2024 5528 2190 5583 etiam
2234 5527 2447 5599 species
2485 5526 3091 5596 est,generalissimum
3168 5538 3341 5595 genus
3409 5537 3508 5592 ap-

244 5619 489 5686 pellatur
516 5634 580 5674 ac
614 5634 908 5674 summum.

322 5712 447 5784 Χρὴ
478 5713 535 5767 δὲ
565 5714 786 5778 εἰδέναι,
818 5713 894 5778 ὡς
945 5713 1003 5777 ἐξ
1050 5712 1296 5780 ἀνάγκης
1326 5710 1392 5763 τὰ
1441 5709 1577 5781 εἴδη,
1635 5709 1727 5762 καὶ
1772 5709 1831 5761 τὸ

2014 5704 2303 5774 Superiora
2349 5705 2523 5757 omnia
2564 5705 2627 5755 de
2680 5702 3018 5771 inferioribus
3053 5701 3509 5757 dicuntum/land

244 5809 427 5876 δνομα
456 5804 555 5859 καὶ
586 5804 674 5857 τὸν
714 5805 938 5876 ὁρισμὸν
968 5803 1058 5858 τεῦ
1104 5803 1292 5871 γένους
1345 5801 1606 5872 δέχονται,
1652 5801 1745 5855 καὶ
1774 5802 1831 5854 τὸ

1945 5814 2058 5853 vero
2084 5797 2281 5868 species
2308 5795 2371 5850 de
2413 5797 2598 5867 specie.
2622 5794 3019 5850 -οδιιὺδιαηιὶη
3053 5795 3509 5865 generalissimum
