3974 6338
460 352 567 418 563
1658 365 1717 422 S.
1759 353 2051 427 JOANNI!

2151 369 2371 430 )AMAS
2383 370 2561 431 CENI
2984 390 3023 402 κ
3619 373 3724 441 568

455 479 638 534 genus,
662 480 764 519 non
798 469 1157 522 ent—[Ionio
1185 469 1377 537 species
1401 469 1809 539 specialiuima.
1827 499 1893 515 -ι
1912 473 2038 530 Dis-

2151 479 2315 548 γένος,
2345 480 2442 536 τοῦ
2473 482 2667 552 γένους
2697 480 2899 547 αὐτῶν,
2929 482 3035 546 ἕως
3062 481 3159 537 τοῦ
3196 484 3730 553 γενικωτάτου.Ἀλ-

451 561 649 615 crimen
676 558 811 613 inter
837 561 1059 630 speciem
1089 573 1138 617 et
1170 562 1697 630 individua.—lNec
1733 582 1866 623 vero
1895 567 2031 622 illud

2151 575 2311 649 ιήλων
2333 575 2391 631 δὲ
2417 575 2487 630 τά
2520 576 2635 648 είδη
2661 577 2722 631 οὐ
2763 575 3019 632 δύνανται
3049 576 3143 631 τὸν
3183 578 3411 651 ὁρισμὸν
3439 579 3719 648 δέξασθαι.

452 647 824 721 ignorandum
888 658 997 716 est,
1040 653 1258 722 species
1303 653 1391 708 sui
1442 655 1692 725 generis,
1724 671 1925 711 nomen
1967 671 2035 713 ac

451 736 857 806 deﬁnitionem,
890 754 1184 811 genusque
1230 740 1355 812 ejus
1400 743 1628 813 generis
1670 744 1820 815 quod
1869 760 2033 816 supe-

451 829 570 887 rius
591 829 779 896 habet,
809 828 878 884 ad
908 830 1088 901 ipsum
1122 848 1297 902 usque
1328 835 1805 906 generalissimum
1834 851 2031 908 genus,

450 919 772 975 necessario
827 921 1118 991 recipere:
1165 923 1388 993 species
1450 932 1635 980 autem
1690 926 1843 997 ipsas
1898 927 2037 983 alte-

449 1025 571 1066 ram
625 1011 856 1068 alterius
886 1011 1270 1068 deﬁnitionem
1302 1030 1652 1085 nequaquam
1683 1017 1790 1088 23
1842 1026 2037 1073 mutuo

449 1117 618 1173 posse
647 1117 895 1159 sumere.
936 1102 1003 1158 Ut
1037 1115 1223 1159 autem
1249 1104 1548 1169 dilucidius
1579 1107 1673 1160 ﬁat
1708 1108 1858 1178 quod
1887 1107 2034 1173 dico,

326 1206 347 1214 ’
452 1192 525 1249 ad
567 1193 717 1250 hunc
760 1195 986 1251 modum
1044 1210 1293 1267 agamus.
1338 1196 1663 1252 Substautia
1699 1200 1938 1269 primum
1973 1214 2039 1258 ac

457 1284 944 1357 generalissimum
995 1302 1169 1357 genus
1220 1294 1327 1344 est.
1364 1287 1692 1359 Quanquam
1715 1289 1866 1346 enim
1911 1306 2040 1348 cum

453 1378 796 1447 substantia,
833 1388 948 1434 tum
986 1377 1247 1436 accidens
1294 1380 1586 1437 scindatur
1622 1382 1694 1439 ab
1721 1385 2040 1449 ente,ltaud

453 1478 638 1526 tamen
677 1485 777 1527 ens
808 1485 982 1542 genus
1031 1486 1224 1527 eorum
1273 1480 1379 1528 cst.
1411 1471 1548 1529 Nam
1612 1475 1708 1530 illa
1743 1476 1890 1532 entis
1918 1477 2041 1549 qui-

454 1559 579 1615 dem
612 1574 815 1617 nomen
857 1561 1173 1631 recipiunt;
1209 1570 1265 1619 at
1305 1579 1418 1619 non
1464 1564 1596 1619 item
1637 1564 2039 1625 deﬁnitionem.

452 1650 570 1709 Ens
614 1652 820 1724 quippe
856 1652 915 1707 in
952 1652 1103 1708 hunc
1147 1653 1372 1711 modum
1421 1655 1734 1712 deﬁniunt:
1772 1659 1909 1723 Ens,
1946 1668 2044 1714 aut

455 1748 544 1799 est
578 1743 723 1814 quod
748 1757 847 1813 per
878 1758 942 1800 se
964 1744 1251 1811 subsistit,
1282 1761 1384 1801 nec
1417 1762 1479 1802 re
1510 1748 1642 1813 alia,
1687 1756 1748 1803 ut
1778 1750 2040 1817 exsistat,

456 1849 603 1905 opus
638 1835 847 1904 habet;
878 1835 963 1892 vel
993 1846 1079 1892 est
1116 1837 1266 1907 quod
1300 1853 1399 1910 per
1418 1853 1482 1896 se
1527 1853 1638 1894 non
1676 1846 1859 1911 potest
1889 1855 2039 1908 esse,
2072 1820 2116 1878 Β

456 1926 555 1983 sed
587 1927 643 1982 in
683 1926 859 1984 altero
884 1943 1046 1984 suum
1088 1944 1214 1986 esse
1255 1929 1442 1986 habet.
1480 1930 1811 1988 Substantia
1849 1941 2040 1989 autem

458 2015 595 2072 illud
625 1999 843 2071 tantum
885 2024 973 2073 cst
995 2016 1142 2088 quod
1174 2032 1272 2089 per
1300 2033 1362 2075 se
1392 2018 1639 2085 exsistit,
1675 2035 1776 2075 nec
1812 2021 1920 2076 alia
1956 2036 2041 2088 re,

459 2118 525 2164 ut
560 2107 856 2175 subsistat,
891 2124 1038 2182 opus
1065 2109 1257 2167 habet.
1285 2109 1366 2166 En
1404 2098 1721 2167 substantia
1752 2122 1919 2169 totam
1947 2129 2045 2170 en-

459 2199 538 2256 tis
566 2198 948 2256 deﬁnitionem
984 2216 1095 2257 non
1128 2202 1341 2272 accepit
1366 2220 1381 2270 ;
1421 2216 1524 2258 nec
1552 2198 1793 2275 proinde
1821 2218 1922 2259 ens
1950 2218 2045 2276 ge-

459 2302 571 2343 nus
615 2295 702 2344 est
729 2296 988 2358 respectu
1024 2288 1374 2346 substantias.
1402 2288 1636 2360 Species
1679 2289 1830 2345 enim
1886 2290 2047 2346 inte-

460 2392 616 2457 gram
646 2380 867 2451 generis
891 2381 978 2437 sui
1015 2366 1397 2437 deﬁnitionem
1420 2368 1633 2451 absque
1658 2381 1770 2435 ulla
1803 2380 2045 2437 diminuo

463 2469 620 2527 tione
657 2471 914 2542 suscipit.
951 2473 1021 2526 At
1052 2486 1155 2528 nec
1192 2470 1457 2527 accidens
1484 2472 1632 2527 entis
1661 2471 1878 2541 species
1917 2480 2040 2527 est:

461 2574 647 2631 neque
687 2561 837 2617 enim
884 2561 1154 2632 integram
1209 2561 1354 2618 cutis
1401 2561 1779 2618 deﬁnitionem
1820 2562 2044 2633 recipit,

463 2651 564 2710 sed
594 2652 886 2709 dimidiam
930 2656 1145 2726 partem
1189 2653 1489 2709 duntaxat.
1533 2655 1813 2710 Accidens
1842 2655 2048 2725 quippe

462 2759 558 2804 res
607 2753 716 2810 est,
747 2760 873 2817 quas
910 2760 1006 2817 per
1043 2761 1106 2803 se
1151 2760 1279 2802 esse
1331 2761 1443 2801 non
1477 2755 1685 2817 potest,
1718 2743 1816 2802 sed
1865 2745 2045 2807 solum

465 2839 526 2896 in
548 2837 725 2894 altero
748 2853 912 2894 suum
944 2853 1069 2894 esse
1094 2838 1282 2909 habet.
1314 2837 1394 2892 En
1430 2853 1541 2908 quo
1571 2845 1736 2908 pacto
1784 2851 1887 2892 nec
1917 2837 2049 2893 sub-

466 2927 673 2988 stantia
712 2929 984 3000 integram
1022 2928 1172 2986 entls
1199 2927 1583 2984 deﬁnitionem
1613 2928 1916 3000 suscipiat,
1948 2943 2051 2985 nec

469 3020 786 3077 accidens:
836 3034 1032 3076 verum
1094 3018 1421 3075 substantia
1482 3019 1775 3076 dimidiam
1832 3028 2048 3076 tantum

466 3114 717 3183 partem,
741 3107 1004 3165 accidens
1046 3109 1181 3164 item
1217 3107 1509 3164 dimidiam
1543 3109 1777 3166 alterum
1813 3117 2046 3210 partem.
2078 3150 2122 3210 ϐ

472 3198 831 3271 Quapropter
867 3200 998 3257 licet
1035 3215 1139 3256 ens
1168 3199 1225 3255 in
1266 3199 1637 3257 substantiam
1689 3208 1745 3258 et
1788 3194 2087 3257 accideas’

470 3289 776 3357 dividatur,
814 3298 1008 3349 eorum
1048 3299 1235 3348 tamen
1283 3306 1460 3363 genus
1485 3306 1596 3348 non
1623 3298 1731 3348 est.
1782 3290 2056 3349 Substan-

470 3382 552 3437 tia
585 3389 767 3438 autem
787 3382 1059 3438 dividitur
1087 3390 1143 3439 et
1194 3383 1254 3439 in
1286 3398 1496 3457 corpus
1528 3390 1584 3440 et
1636 3384 2052 3456 incorporeum.

472 3474 693 3546 Corpus
732 3490 865 3531 vero
899 3483 955 3530 et
1006 3475 1405 3548 incorporeum
1457 3476 1787 3534 substantia:
1840 3476 2057 3548 Species

471 3574 654 3635 sunt;
703 3564 1159 3639 quandoquidem
1199 3578 1502 3639 utrumque
1538 3567 1735 3623 horum
1779 3574 1834 3623 et
1855 3580 2058 3621 nomen

470 3668 529 3717 et
556 3658 943 3717 deﬁnitionem
985 3659 1318 3717 substantia:
1350 3660 1623 3732 integram
1653 3658 1873 3730 recipit.
1909 3655 2059 3713 Con-

471 3760 581 3811 stat
639 3754 829 3825 itaque
866 3752 1237 3811 substantiam
1294 3766 1410 3808 non
1461 3766 1587 3808 esse
1629 3749 1892 3820 speciem,
1930 3762 2057 3804 cum

474 3858 588 3899 non
620 3841 820 3898 habeat
866 3854 1035 3912 supra
1068 3854 1129 3897 se
1173 3854 1392 3911 genus;
1440 3853 1635 3896 verum
1685 3852 1812 3895 esse
1872 3836 2056 3908 ipsum

474 3936 715 4007 primum
748 3942 805 3990 et
831 3934 1311 4007 generalissimum
1344 3948 1544 4005 genus.
1580 3932 1795 3988 Rursus
1832 3946 2057 4003 corpus,

477 4027 629 4097 quod
666 4027 995 4084 substantiae
1041 4025 1260 4097 species
1289 4034 1379 4082 est
1434 4024 1666 4081 animati
1704 4031 1760 4081 et
1786 4023 2061 4079 inanima-

476 4113 545 4179 ti,
583 4128 761 4185 genus
803 4122 912 4171 est.
958 4117 1279 4170 Animatum
1326 4128 1550 4182 rursus,
1600 4113 1657 4169 in
1709 4112 1975 4169 sensibile
2005 4118 2063 4167 et

477 4204 539 4259 in
563 4202 906 4262 insensibile.
944 4203 1218 4261 Sensibile
1244 4204 1472 4276 quidem
1492 4203 1697 4260 animal
1725 4211 1834 4269 est,
1862 4202 2063 4274 quippe

478 4296 628 4367 quod
682 4297 855 4353 vitam
899 4306 953 4353 et
1011 4310 1238 4352 sensum
1306 4294 1549 4351 habeat:
1604 4293 1931 4350 insensibile
1957 4308 2061 4348 au-

480 4396 591 4444 tem
625 4394 715 4444 est
744 4387 971 4458 planta:
998 4401 1103 4443 nec
1134 4387 1284 4444 enim
1313 4386 1421 4459 ipsi
1452 4400 1653 4443 sensus
1684 4385 1854 4442 inest.
1890 4384 2063 4440 Porro

2138 658 2259 722 Ἵνα
2306 664 2400 723 οὖν
2445 670 2782 740 σαφέστερον
2908 671 2969 724 τὸ
3001 670 3315 743 λεγόμενον,
3353 670 3528 737 οὕτως
3566 674 3720 728 εἴδω-

2137 777 2238 830 μεν
2263 772 2313 802 α·
2349 762 2575 833 Πρῶτον
2606 763 2703 817 καὶ
2735 762 3099 833 γενικώτατον
3122 764 3278 833 γένος
3300 766 3449 819 ἐστὶν
3472 768 3505 838 ἡ
3540 766 3721 821 οὐσία.

2135 853 2200 907 El
2250 852 2362 925 γάρ
2413 854 2509 907 καὶ
2553 854 2812 925 τέμνεται
2846 856 2911 908 ὲκ
2940 855 3034 909 τοῦ
3060 854 3270 925 δντοςὴ
3322 856 3481 912 οὐσία
3534 858 3723 912 καὶτὸ

2138 943 2512 1016 συμὸεὸηκδς,
2537 944 2653 998 ἀλλ’
2677 945 2778 998 οὐκ
2798 944 2914 998 ἔστι
2944 943 3101 1013 γένος
3132 943 3317 998 αὐτῶν
3352 944 3414 997 τὺ
3440 944 3521 998 δν.
3538 944 3725 998 Ἐπει-

2136 1035 2201 1107 δὴ
2229 1036 2289 1089 τὸ
2315 1036 2415 1107 μὲν
2456 1036 2628 1107 ὄνομα
2656 1035 2752 1089 τοῦ
2807 1036 2960 1101 ὄντος
2993 1036 3258 1107 δέχονται,
3290 1035 3382 1090 τδν
3409 1036 3465 1090 δὲ
3497 1034 3728 1107 ὁρισμὸν

2136 1130 2199 1183 οὐ
2228 1127 2493 1199 δέχονται.
2530 1130 2626 1183 Ὃν
2659 1127 2778 1182 ἐστὶ
2822 1130 3058 1200 πρᾶγμα
3110 1128 3143 1200 ἢ
3187 1127 3592 1199 αὑθύπαρκτον,
3628 1126 3726 1181 καὶ

2141 1221 2218 1293 μὴ
2264 1221 2519 1291 δεόμενον
2552 1220 2745 1292 ἐτέρου
2796 1220 2937 1293 πρὸς
2993 1220 3277 1287 σύστασιν,
3325 1220 3360 1291 ἢ
3393 1219 3455 1273 τὸ
3489 1219 3564 1291 μὴ
3597 1218 3726 1274 καθ’

2139 1314 2302 1367 ἑαυτὸ
2333 1310 2631 1384 δυνάμενον
2662 1310 2823 1381 εἶναι,
2844 1313 2961 1368 ἀλλ’
2992 1315 3050 1368 ἐν
3080 1312 3253 1385 ἑτέρῳ
3277 1313 3400 1384 εχον
3420 1312 3520 1384 τὴν
3542 1293 3726 1385 ὕπαρ-

2142 1404 2244 1469 ξιν.
2285 1403 2457 1459 Obuia
2490 1405 2547 1459 δέ
2595 1406 2711 1459 ἔστι
2769 1407 3003 1477 πρᾶγμα
3036 1406 3460 1477 αὐούπαρκτον,
3509 1407 3605 1460 καὶ
3646 1406 3724 1478 μὴ

2139 1495 2395 1567 δεόμενον
2454 1497 2641 1567 ἑτέρου
2694 1498 2832 1569 πρὸς
2881 1497 3145 1552 σύστασιν
3198 1499 3377 1570 μόνον.
3446 1496 3574 1554 Ἰδοὺ
3621 1502 3727 1554 οὐκ

2140 1586 2360 1654 ἐδέξατο
2390 1590 2424 1660 ἡ
2449 1589 2607 1643 οὐσία
2629 1589 2749 1644 ὅλον
2777 1590 2869 1642 τὸν
2900 1588 3126 1661 ὁρισμὸν
3151 1589 3244 1644 τοῦ
3274 1586 3449 1654 ὄντος.
3473 1592 3635 1644 Ὥστε
3662 1592 3729 1646 τὸ

2141 1680 2201 1737 δν
2232 1683 2333 1737 οὐκ
2356 1683 2472 1736 ἐστι
2510 1684 2670 1751 γένος
2701 1676 2800 1754 τῆς
2830 1683 3038 1746 οὐσίας,
3078 1681 3204 1736 οὕτε
3238 1684 3273 1754 ἡ
3325 1683 3482 1737 οὐσία
3508 1682 3605 1737 τοῦ
3638 1684 3730 1748 δνε

2142 1790 2252 1840 τος.
2280 1776 2354 1829 Τδ
2384 1775 2495 1847 γάρ
2523 1768 2663 1839 εἶδος
2707 1776 2831 1829 ὅλον
2859 1774 3291 1846 ἁπαραλείπτως
3349 1775 3441 1829 τὸν
3493 1772 3728 1847 ὁρισμὸν

2144 1868 2236 1922 τοῦ
2256 1868 2448 1938 γένους
2481 1867 2650 1923 αὑτοῦ
2678 1868 2913 1940 δέχεται.
2959 1869 3101 1924 ⁹Δλλν
3135 1870 3256 1925 οὐδὲ
3281 1869 3344 1923 τδ
3378 1869 3730 1940 συμσεὸηκός

2143 1962 2293 2015 ἑστιν
2320 1955 2459 2025 εἶδος
2481 1959 2575 2014 τοῦ
2601 1960 2776 2025 ὄντος.
2810 1962 2886 2016 Οὐ
2928 1961 3038 2033 γὰρ
3070 1960 3287 2032 δέχεται
3320 1960 3443 2016 ὅλον
3470 1959 3561 2013 τὸν
3602 1962 3729 2033 69t-

2146 2051 2283 2125 σμδν
2332 2052 2521 2120 αὐτοῦ,
2577 2052 2714 2108 ἀλλὰ
2741 2053 2803 2108 τὸ
2846 2053 3044 2125 ἥμισυ.
3084 2052 3442 2125 Συμσεσηκὸς
3479 2053 3588 2124 γάρ
3610 2055 3730 2106 ἐστι

2146 2146 2383 2218 πρᾶγμα
2410 2146 2475 2200 τὸ
2530 2145 2604 2219 μὴ
2630 2145 2753 2201 καθ’
2793 2146 2954 2200 tam
2981 2145 3279 2218 δυνάμενον
3308 2141 3471 2209 είναι,
3515 2144 3631 2199 ἀλλ’
3669 2146 3732 2198 ἰν

2146 2240 2320 2315 ἑτέρῳ
2348 2243 2469 2314 ἕχον
2501 2243 2605 2316 τὴν
2651 2240 2892 2315 ὓπαρξιν
2938 2240 3119 2314 μόνον.
3170 2240 3303 2296 Ἰδοὺ
3342 2239 3529 2312 οῦτεὴ
3569 2240 3734 2294 οὐσία

2145 2332 2362 2410 δέχεται
2382 2337 2502 2391 ὅλον
2522 2332 2614 2390 τὸν
2641 2334 2871 2407 ὁρισμὸν
2897 2332 2994 2389 τοῦ
3018 2331 3189 2400 ὄντος,
3220 2331 3342 2387 οὐδὲ
3364 2332 3426 2387 τὸ
3450 2332 3733 2404 συμϐεϐη-

2148 2431 2261 2495 κός.
2302 2430 2442 2484 Ἀλλ’
2471 2431 2505 2501 ἡ
2538 2429 2637 2501 μὲν
2661 2428 2821 2483 οὐσία
2848 2428 2909 2481 τὸ
2936 2427 3131 2499 ἥμισυ,
3166 2426 3259 2481 καὶ
3284 2424 3345 2479 τδ
3381 2424 3734 2495 συμϐεϐηκὸς

2147 2523 2209 2577 τὸ
2225 2522 2565 2592 ἄλλοῆμισυ.
2590 2520 2752 2574 Ὥστε
2781 2520 2831 2573 εί
2853 2519 2950 2573 καὶ
2969 2519 3225 2589 τέμνεται
3256 2518 3318 2572 τὸ
3344 2516 3403 2572 δν
3431 2520 3513 2581 είς
3543 2518 3736 2572 οὐσίαν

2149 2615 2243 2668 καὶ
2270 2611 2643 2684 συμϐεϐηκὸς,
2674 2609 2791 2665 ἀλλ’
2824 2608 2924 2684 οὐκ
2955 2609 3072 2662 ἔστι
3093 2608 3275 2678 ,γένος
3313 2607 3513 2661 αὐτῶν.
3555 2606 3737 2662 Obuia

2147 2706 2205 2760 δὲ
2234 2681 2491 2776 τέμνεται
2521 2703 2602 2767 είς
2629 2692 2791 2773 σῶμα
2812 2681 2908 2755 διαὶ
2934 2699 3242 2771 ἀσώματον.
3303 2698 3435 2754 Ἰδοὺ
3476 2697 3538 2752 τὸ
3570 2697 3738 2768 σῶμα

2149 2793 2245 2849 καὶ
2280 2793 2339 2848 τδ
2366 2791 2660 2865 ἀσώματον
2690 2790 2808 2862 εἴδη
2830 2792 2939 2846 εἰσὶ
2962 2792 3061 2863 τῆς
3082 2790 3291 2855 οὐσίας.
3322 2788 3592 2843 Ἕκαστον
3620 2786 3736 2860 γὰρ

2149 2878 2331 2942 αὐτῶν
2362 2887 2458 2941 καὶ
2478 2886 2539 2939 τὸ
2568 2884 2761 2957 ὄνομα,
2792 2885 2888 2939 καὶ
2912 2883 3005 2938 τὸν
3037 2882 3265 2954 ὁρισμὸν
3282 2879 3384 2952 τῆς
3413 2880 3600 2943 οὐσίας
3620 2880 3740 2932 επι-

2148 2968 2383 3052 δέχεται.
2411 2977 2577 3033 Ὥστε
2616 2980 2651 3049 ἡ
2702 2976 2862 3032 οὐσία
2895 2968 2997 3031 οὐκ
3046 2975 3194 3030 ἔστιν
3225 2969 3385 3039 εἶδος,
3418 2972 3495 3046 μὴ
3533 2971 3741 3043 ἔχουσα

2152 3073 2337 3129 ἐπάνω
2362 3070 2534 3144 αὐτῆς
2573 3069 2752 3141 γένος,
2786 3068 2903 3126 ἀλλ’
2925 3067 3066 3140 αὕτη
3089 3068 3207 3123 ἐστὶ
3237 3066 3453 3139 πρῶτον
3474 3106 3489 3132 ,
3520 3065 3615 3119 καὶ
3640 3081 3743 3135 7s-

2156 3162 2454 3221 νικὼτατον
2488 3162 2667 3233 γένος.
2693 3161 2863 3218 Πάλιν
2895 3161 2957 3217 τὸ
2984 3160 3143 3232 σῶμα
3161 3160 3417 3232 τέμνεται
3446 3160 3526 3223 είς
3557 3156 3742 3229 ἐμψυ-

2154 3276 2250 3330 χον
2291 3258 2386 3315 καὶ
2420 3256 2649 3330 ἄψυχον.
2690 3255 2825 3312 ’ἰδοῦ
2856 3254 3025 3333 πάλιν
3072 3255 3136 3309 τδ
3174 3252 3335 3324 σῶμα
3367 3247 3507 3317 εἶδος
3549 3250 3610 3305 δν
3634 3251 3743 3322 τῆς

2155 3353 2367 3420 οὐσίας,
2406 3352 2565 3422 γένος
2598 3349 2720 3404 ἐστὶ
2749 3347 2846 3403 τοῦ
2874 3345 3122 3419 ιμψῦχου
3157 3346 3253 3400 καὶ
3277 3343 3371 3400 τοῦ
3397 3342 3628 3415 ἀψύχου.
3665 3344 3745 3397 Τὸ

2156 3444 2402 3518 ἔμψυχον
2433 3442 2597 3500 πάλιν
2627 3440 2955 3514 διαιρεῖται,
2997 3438 3078 3503 είς
3106 3434 3426 3507 αἰσθητικὸν
3458 3436 3555 3489 καὶ
3583 3434 3747 3489 ἀναί-

2160 3536 2378 3609 σθητον.
2408 3532 2739 3605 Δίσθητικδν
2770 3531 2869 3604 μὲν
2907 3524 3001 3586 οὖν
3046 3530 3162 3583 ἐστι
3197 3528 3260 3581 τὺ
3289 3526 3448 3594 ζῶον,
3474 3525 3537 3579 τδ
3566 3523 3742 3596 ζωὴν,

2159 3629 2256 3685 καὶ
2285 3626 2539 3699 αίσθησιν
2567 3623 2719 3695 ἔχον·
2753 3620 3079 3691 ἀναίσθητον
3111 3618 3170 3672 δὲ
3209 3617 3270 3672 τὸ
3297 3614 3461 3686 φυτόν
3487 3631 3502 3645 ·
3536 3616 3595 3668 οὐ
3630 3613 3748 3685 γάρ

2158 3710 2275 3791 ἔχει
2297 3716 2572 3787 αἴσθησιν.
2600 3710 2885 3784 Ἔμψυχον
2913 3702 2972 3764 δὲ
3008 3708 3227 3777 λέγεται
3263 3705 3323 3759 τὸ
3355 3703 3523 3775 φυτὸν
3568 3702 3663 3758 διὰ
3686 3701 3748 3755 τὸ

2158 3810 2306 3884 ἔχειν
2338 3806 2661 3882 θρεπτικὴν,
2702 3805 2799 3859 καὶ
2825 3800 3146 3873 αὐξητικὴν,
3176 3798 3271 3853 καὶ
3299 3793 3625 3867 γεννητικὴν
3654 3792 3750 3847 δύ-

2161 3920 2350 3978 ναμιν.
2374 3902 2450 3958 Τὸ
2478 3901 2616 3967 ζῶον
2642 3897 2804 3955 πάλιν
2835 3895 3093 3966 τέμνεται
3123 3892 3207 3953 είς
3245 3888 3465 3959 λογικὸν
3494 3888 3590 3942 καὶ
3625 3887 3750 3941 ἄλο-

2159 4016 2278 4069 γον.
2308 3994 2382 4050 Τὸ
2413 3991 2654 4065 λογικὸν,
2706 3989 2789 4054 είς
2833 3985 3026 4060 θνητὸν
3064 3984 3160 4040 καὶ
3203 3982 3502 4038 ἀθάνατον·
3527 3978 3589 4034 τὸ
3623 3978 3756 4051 0w;-

2160 4093 2274 4157 τὸν,
2309 4091 2390 4154 είς
2421 4087 2730 4160 ἄνθρωπον,
2762 4082 2953 4146 ἵππον,
2984 4078 3133 4150 βοῦν,
3180 4077 3276 4130 καὶ
3318 4076 3387 4129 τά
3418 4071 3671 4139 τοιαῦτα,
3715 4072 3753 4127 ἆ

2161 4202 2285 4241 τινα
2304 4183 2405 4239 οὐκ
2434 4180 2516 4234 ἔτι
2538 4178 2800 4250 τέμνεται
2826 4175 2905 4237 είς
2930 4166 3067 4228 ἄλλα
3097 4170 3235 4239 εῑδη.
3268 4168 3320 4221 Ἀ
3332 4164 3409 4220 λλ”
3438 4168 3519 4230 είς
3539 4164 3751 4235 ἄτομα,

2162 4278 2332 4349 ἤγουν
2372 4268 2724 4333 ὑποστάσεις.
2779 4266 3081 4337 Διαιρεῖται
3128 4262 3236 4334 γάρ
3262 4262 3296 4315 ὁ
3324 4261 3633 4332 ἄνθρωπος,
3670 4260 3755 4321 είς

2164 4369 2393 4440 Πέτρον,
2435 4360 2675 4428 Παῦλον,
2719 4358 2995 4430 Ἰωάννην,
3048 4355 3303 4420 καὶτοὺς
3350 4352 3573 4416 λοιποὺς
3602 4350 3757 4406 κατὰ

480 4444 1210 4553 εηίωοιε’όίοἱιυι·.ρ1ιιηιε.
1262 4444 1392 4551 quia
1424 4479 1535 4534 vim
1583 4492 1703 4533 eam
1741 4476 1932 4542 habet,
1955 4491 2051 4547 qua

2171 4460 2339 4535 μέρος
2370 4455 2713 4529 ἀνθρώπους,
2764 4452 2962 4515 οἵτινες
3014 4448 3117 4502 οὐκ
3145 4447 3282 4501 είσὶν
3305 4446 3442 4516 εἴδη,
3472 4444 3588 4497 ἀλλ’
3614 4445 3759 4553 61:9»-

482 4574 697 4640 alatur,
738 4583 980 4642 crescat,
1016 4580 1072 4630 et
1110 4579 1358 4643 generet.
1389 4569 1661 4627 Dividitur
1707 4585 1907 4626 rursus
1945 4569 2069 4624 aui-

480 4662 599 4717 mal‘
626 4662 682 4718 in
706 4662 982 4719 rationale
1016 4669 1073 4717 et
1108 4661 1475 4718 irrationale:
1512 4659 1807 4727 rationale,
1839 4659 1894 4715 in
1921 4673 2071 4714 mor-

484 4755 596 4811 tale
626 4763 682 4812 et
739 4755 1057 4813 immortale
1087 4772 1101 4811 :
1134 4755 1370 4811 mortale
1415 4754 1473 4809 in
1506 4752 1810 4819 hominem,
1840 4764 2069 4822 equum,

483 4846 681 4904 bovem
712 4862 779 4905 ae
807 4846 1048 4917 similia;
1092 4863 1216 4920 qum
1256 4844 1484 4918 quidem
1512 4860 1625 4901 non
1658 4843 1773 4915 jam
1829 4842 1886 4899 in
1933 4843 2072 4899 alias

486 4938 729 5009 species,
748 4940 849 4997 sed
882 4940 938 4996 in
964 4938 1274 5005 individua,
1298 4937 1405 4993 hoc
1435 4944 1522 4994 est
1546 4937 1895 5009 bypostases,
1922 4934 2066 4991 divi-

360 5028 387 5035 “
487 5030 710 5087 duntur.
741 5030 929 5089 Homo
946 5032 1096 5089 enim
1125 5031 1180 5085 in
1211 5028 1461 5095 Petrum,
1490 5029 1746 5093 Paulum,
1772 5027 2066 5092 Joannem,

487 5123 842 5195 reliquosque
875 5122 1129 5193 singulos
1170 5119 1428 5177 homines
1471 5110 1777 5176 dividitur:
1806 5118 1900 5190 qui
1938 5118 2064 5190 qui-

489 5216 612 5273 dem
636 5230 745 5272 non
792 5215 1032 5287 species,
1064 5214 1160 5271 sed
1200 5214 1553 5285 hypostases,
1587 5226 1686 5269 seu
1722 5223 1974 5281 persona
2011 5215 2068 5265 et

2171 4534 2411 4617 στάσεις.
2462 4549 2545 4603 Τά
2571 4547 2679 4619 γὰρ
2706 4542 2841 4617 εῐδη,
2874 4543 2950 4608 ὡς
2979 4541 3226 4614 ειπομεν,
3277 4539 3339 4593 οὐ
3371 4538 3619 4610 δέχονται
3660 4534 3759 4588 τδν

2163 4644 2393 4721 ὁρισμδν
2429 4642 2710 4715 ἀλλήλων·
2740 4631 2853 4692 οἷον
2881 4635 2943 4691 τδ
2974 4634 3139 4707 σῶμα
3173 4632 3235 4687 οὗ
3264 4632 3478 4703 δέχεται
3502 4629 3595 4683 τδν
3637 4630 3761 4700 69t-

2167 4740 2303 4814 σμδν
2329 4736 2427 4793 τοῦ
2451 4733 2749 4807 ἀσωμάτου
2771 4746 2785 4762 ·
2816 4728 2845 4785 ὁ
2873 4728 2969 4783 ἄνθ
2979 4744 3144 4800 ροπος
3176 4726 3237 4780 οὐ
3276 4721 3619 4814 δέχεταιτδν
3646 4721 3765 4814 69t-

2167 4810 2305 4903 σμδν
2350 4827 2445 4882 τοῦ
2498 4825 2689 4879 ἵππου.
2748 4820 2811 4874 '0
2862 4818 2921 4873 δὲ
2978 4817 3209 4891 Πέτρος,
3255 4815 3350 4869 καὶ
3397 4810 3634 4903 Παῦλος,
3663 4810 3766 4864 καὶ

2182 4900 2439 4991 Ἰωάννης
2494 4917 2592 4971 ἕνα
2648 4915 2777 4987 ὅρον
2832 4911 3121 4982 δέχονται,
3166 4906 3259 4961 τὸν
3306 4904 3401 4961 τοῦ
3436 4900 3761 4973 ἀνθρώπου.

2182 5012 2422 5084 Ὁμοίως
2453 5008 2550 5064 καὶ
2584 5007 2635 5059 οί
2683 5003 2864 5058 λοιποὶ
2900 5002 3043 5056 κατὰ
3077 4999 3240 5072 μέρος
3274 4996 3573 5067 ἄνθρωποι,
3610 4992 3767 5046 ὥστε

2169 5108 2271 5161 οὐκ
2318 5102 2459 5159 εἰσὶν
2511 5100 2628 5173 εἴδη
2679 5097 2777 5154 τοῦ
2832 5088 3145 5170 ἀνθρώπου,
3180 5090 3297 5149 ἀλλ’
3330 5090 3534 5161 ἄτομα,
3583 5086 3769 5158 ἡγουν

2173 5196 2526 5259 ὑποστάσεις.

490 5309 779 5381 supposita
807 5276 960 5367 sunt.
997 5276 1414 5380 Speciesenim,
1446 5312 1507 5361 et
1536 5276 1755 5360 dictum
1801 5310 1908 5370 est,
1940 5302 2060 5358 aliae
2112 5298 2347 5354 aliarum
2397 5284 2780 5381 deﬁnitionem
2827 5276 3327 5381 nonuadtnillunl;
3385 5289 3441 5379 ἶ·
3488 5288 3593 5381 εἷς
3629 5286 3768 5381 cf“:

494 5365 702 5470 ινα-3⁸τεί
739 5365 1088 5472 incorporea:
1139 5365 1521 5455 deﬁnitionem
1557 5410 1669 5453 non
1701 5365 1940 5468 recipit;
2011 5405 2112 5449 nec
2177 5390 2346 5445 etiam
2396 5380 2594 5452 recipit
2646 5379 2817 5472 homo
2872 5371 3253 5472 deﬁnitionem
3301 5365 3595 5472 equi..At.
3627 5378 3771 5472 vero

494 5455 1074 5563 i’etrus,eti’aulus,
1107 5501 1165 5551 et
1212 5489 1457 5551 Joannes
1496 5504 1665 5549 unam
1749 5455 2117 5546 enea-tndem
2180 5478 2562 5539 deﬁnitionem
2614 5469 2938 5543 accipiunt;
2996 5465 3241 5537 itemque
3287 5459 3484 5533 reliqui
3549 5455 3769 5530 singuli

1819 5667 2054 5726 VARI/l7.
2084 5660 2486 5723 ιεεποΝεε.

600 5817 615 5836 ³
647 5803 798 5877 Regii
829 5804 882 5870 3,
914 5805 1174 5877 εἴπωμεν.
