3974 6338
500 374 603 438 567
1690 379 1750 438 S.
1792 376 2034 440 IOANN
2044 382 2111 441 IS
2146 382 2598 448 DAMASCENI.
3655 342 3761 457 563

493 496 548 544 et
582 488 847 558 aquatile,
881 488 1027 557 quod
1055 496 1139 542 est
1171 488 1406 544 rationis
1427 504 1648 559 expers.
1678 488 1852 546 Sumo
1888 491 2062 562 itaque

2192 495 2341 560 ζῶον,
2373 499 2611 569 λογικὸν,
2649 502 2845 575 θνητόν
2875 522 2889 536 ·
2925 505 3022 560 καὶ
3078 503 3341 576 λαμϐάνω
3384 504 3446 558 τὸ
3474 500 3632 570 ζῶον,
3668 506 3761 560 καὶ

491 580 720 643 animal,
761 579 909 648 quod
961 580 1155 633 horum
1206 596 1384 650 genus
1434 588 1540 647 est,
1581 590 1637 637 et
1690 583 1982 645 rationale,
2015 589 2060 638 el

2190 588 2238 641 τὸ
2293 589 2526 659 ἄλογον,
2573 593 2668 647 καὶ
2712 594 2773 648 τὸ
2813 594 3044 667 ονητδν,
3079 595 3174 649 καὶ
3229 594 3291 647 τὸ
3337 597 3592 665 χερσαῖον
3617 634 3633 661 ,
3663 597 3759 649 καὶ

490 670 742 732 mortale,
776 677 830 724 et
886 670 1162 738 hominem
1222 672 1523 727 constituo.
1577 671 1754 728 llomo
1800 673 1945 729 enim
1986 680 2059 730 est

2192 678 2411 733 ςυνιστῶ
2486 682 2683 747 ἵππον,
2726 684 2901 752 κύνα,
2934 685 3029 738 xal
3079 684 3149 738 τὰ
3197 684 3447 739 τοιαῦτα.
3498 685 3761 755 Καὶλαμ-

489 761 719 826 animal,
777 769 832 815 et
892 762 1189 827 rationaie,
1252 763 1507 818 mortale.
1566 762 1804 821 Rursum
1858 766 2058 835 accipit

2191 767 2329 823 Ξάνω
2381 768 2442 822 τὸ
2493 768 2651 834 ζῶον,
2681 773 2778 826 καὶ
2809 774 2868 826 τὸ
2900 774 3116 841 ἄλογον,
3167 774 3262 826 καὶ
3303 777 3364 826 τὸ
3414 774 3627 844 θνητὸν,
3664 776 3760 827 καὶ

490 853 719 917 animal,
752 860 805 906 et
834 852 1159 908 irrationale
1193 864 1248 909 et
1282 857 1515 911 mortale
1559 864 1727 927 atque
1756 866 2059 924 terrestre,

2188 858 2237 911 rb
2265 857 2513 929 ἔνυδρον,
2548 860 2643 914 καὶ
2680 861 2914 915 συνιστῶ
2963 860 3137 932 ἰχθύν.
3171 862 3440 930 Διαφοραὶ
3472 862 3527 914 δὲ
3568 862 3757 928 λέγον-

487 960 826 1016 equumque,
862 962 915 1000 v.
949 962 1057 1015 gr.,
1092 956 1401 1003 autcancm
1430 964 1495 1003 ac
1521 949 1726 1005 similia
1758 952 2056 1006 constituo.

2189 964 2267 1001 ται
2304 946 2584 1012 ούσιώδεις
2638 950 2733 1003 καὶ
2779 953 3027 1020 φυσικαὶ,
3059 953 3144 1005 ὃτι
3196 945 3358 1005 αὗται
3394 951 3605 1005 ποιοῦσι
3637 952 3758 1004 δια-

490 1030 740 1104 Denique
781 1036 995 1105 accipio
1048 1037 1251 1091 animal
1318 1044 1376 1093 et
1420 1038 1691 1093 rationale
1737 1050 1793 1094 et
1836 1039 2059 1095 mortale

2187 1038 2364 1108 φέρειν
2417 1033 2555 1103 εἶδος
2597 1039 2759 1093 ἄλλου
2813 1040 3025 1105 εἴδουςο
3072 1041 3169 1095 καὶ
3220 1041 3382 1111 φύσιν
3408 1042 3503 1095 καὶ
3542 1043 3756 1110 οὐσίαν,

489 1136 544 1182 et
585 1128 869 1197 aquatile;
908 1144 973 1184 ac
1031 1130 1234 1200 piscem
1308 1132 1615 1187 constituo.
1656 1130 2058 1185 Substautiales

1398 1132 1615 1187 nstituo.
1656 1130 2069 1185 Substautiales
2175 1129 2344 1198 ἄλλης
2390 1130 2578 1195 οὐσίας
2608 1133 2702 1184 καὶ
2734 1131 2967 1201 φύσεως.

490 1233 657 1288 porro
681 1234 747 1276 ac
786 1223 1068 1278 naturales
1100 1220 1422 1277 diﬁ'erentia:
1456 1223 1829 1292 appellantur,
1862 1238 1929 1278 eo
1953 1223 2100 1294 quod
2141 1221 2407 1291 eﬁiciant,
2440 1232 2501 1278 ut
2536 1223 2752 1294 species
2805 1224 2874 1279 ab
2906 1224 3016 1279 alia
3065 1222 3277 1295 specie,
3325 1232 3382 1279 et
3441 1230 3643 1278 natura
3690 1226 3759 1275 ac

490 1312 793 1367 substantia
835 1328 866 1367 a
901 1314 1213 1371 substantia
1250 1315 1354 1369 alia
1388 1330 1450 1369 ac
1483 1324 1681 1370 natura
1720 1314 1958 1371 diﬁ'erat.

490 1431 622 1511 Qut-ar
672 1429 920 1511 duobus“
943 1430 1086 1511 hisce
1131 1429 1389 1511 capitibus
1420 1429 1485 1483 de
1510 1447 1690 1511 genere
1711 1440 1762 1511 et
1795 1432 1968 1511 specie
1990 1431 2162 1499 fusior
2218 1429 2520 1511 pialectiea
2545 1428 2881 1511 'Darnascem'
2937 1429 3301 1511 complectitur
3348 1449 3415 1488 ea:
3474 1432 3761 1511 Porphyrii

559 1500 787 1569 lsagoge
813 1499 1055 1573 collecta,
1088 1501 1271 1573 eadem
1293 1498 1737 1568 compendiosiori
1760 1498 2003 1556 methodo
2038 1502 2253 1571 exponit
2294 1500 2499 1555 brevior
2535 1498 2767 1571 Logica;
2813 1515 2877 1552 ea
2921 1500 3193 1568 nimirum,
3229 1519 3332 1573 qua
3385 1498 3623 1573 proxime
3649 1498 3757 1561 vu-

560 1577 805 1639 quuntur.
820 1569 976 1634 serie,
1013 1570 1065 1622 in
1096 1570 1310 1623 unicum
1343 1579 1501 1637 caput
1534 1579 1828 1627 contracta.

488 1685 596 1757 25
620 1685 696 1740 De
720 1700 904 1754 genere
956 1685 1374 1757 generalissimo,
1410 1694 1458 1739 et
1494 1688 1659 1755 specie
1684 1686 2057 1756 specialissima

2177 1682 2304 1753 Περὶ
2330 1682 2543 1757 γέῖους
2589 1681 2697 1757 τοῦ
2738 1683 3148 1757 retaxare-deor),
3184 1683 3283 1757 καὶ
3311 1685 3513 1753 εἴδους
3544 1691 3652 1747 τοῦ
3671 1696 3746 1749 ει-

982 1772 1045 1808 ac
1074 1754 1136 1809 de
1168 1751 1534 1810 sulbalternis.
1710 1751 1721 1756 ⁷
2243 1751 2254 1753 ⁷
2337 1751 2346 1754 ⁷
2388 1751 2551 1805 δικωι

2243 1751 2254 1753 ⁷
2337 1751 2346 1754 ⁷
2388 1751 2853 1819 δικωτάτου,⁷καὶ
2887 1752 3004 1807 τῶν
3029 1755 3409 1824 ὐπαλλήλων
3439 1751 3537 1829 (ὁ).

555 1870 788 1928 Generis
833 1884 1035 1926 nomen
1065 1869 1333 1926 trifariam
1365 1871 1634 1936 sumitur;
1655 1884 1721 1924 ac
1738 1870 1917 1941 primo
1946 1868 2068 1939 qui-

2240 1860 2313 1915 Tb
2335 1862 2492 1930 γένος
2523 1863 2764 1933 τρισσῶς
2814 1864 3067 1934 λέγεται·
3104 1866 3227 1920 καθ’
3261 1868 3358 1922 ἕνα
3401 1871 3500 1940 μὲν
3524 1872 3754 1944 τρόπον,

487 1964 672 2019 dema
721 1970 970 2033 parente,
1038 1971 1099 2017 ut
1136 1963 1233 2030 qui
1292 1978 1357 2017 ex
1386 1961 1554 2017 Israel
1606 1962 1879 2032 progeniti
1936 1974 2056 2018 sunt

2184 1952 2274 2005 ιπὺ
2300 1952 2392 2005 τοῦ
2424 1953 2695 2017 τεκόντος,
2720 1953 2907 2027 ὥσπερ
2936 1958 2986 2009 οἱ
3020 1956 3083 2022 ἐξ
3132 1958 3364 2030 Ἰσραὴλ,
3420 1962 3753 2033 Ἰσραηλῖται

486 2048 754 2107 lsraelitae
782 2048 1065 2103 dicuntur.
1103 2048 1226 2101 Alio
1257 2047 1422 2102 modo
1454 2061 1484 2100 a
1516 2048 1715 2118 patria,
1753 2047 1903 2102 utab
1935 2046 2055 2103 llie-

2185 2043 2415 2106 ιέγονται
2447 2061 2459 2075 ·
2490 2044 2631 2099 κατὰ
2657 2045 2711 2098 δὲ
2742 2046 2955 2117 ἕτερον,
2976 2047 3083 2100 ἀπὸ
3110 2049 3210 2117 τῆς
3241 2051 3754 2124 πατρίδος.”Ωσπερ

487 2141 803 2213 rosolymis,
855 2139 1293 2210 llierosolymitae
1336 2153 1539 2193 nomen
1581 2138 1805 2205 habent,
1836 2154 1868 2193 a
1896 2136 2056 2192 Palas

2185 2136 2215 2187 οἱ
2254 2134 2363 2188 ἀπὸ
2409 2134 2816 2207 Ἰεροσολύμων,
2870 2138 3300 2209 Ἱεροσολυμῖται
3344 2139 3626 2210 λέγονται,
3652 2145 3754 2199 καὶ

488 2235 636 2290 stina
670 2232 970 2288 Palmstiui.
995 2231 1183 2287 Tertio
1212 2232 1451 2301 denique
1472 2231 1632 2285 modo
1656 2245 1832 2301 genus
1860 2229 2057 2285 dicitur

2184 2227 2214 2278 οἱ
2244 2226 2350 2280 ἀπὸ
2380 2226 2787 2316 Παλαὰστήνης,
2815 2227 3244 2287 Πα>.αιστιναίοι.
3277 2232 3433 2285 Κατὰ
3464 2233 3523 2286 δὲ
3563 2235 3753 2305 τριτον

489 2322 647 2386 illud,
682 2322 827 2392 quod
863 2323 917 2375 in
951 2321 1164 2391 species
1181 2320 1482 2387 dividitur;
1514 2319 1581 2375 de
1609 2334 1722 2389 quo
1764 2318 1909 2388 apud
1945 2316 2058 2387 phi-

2186 2314 2386 2389 :96nov,
2415 2314 2573 2385 γένος
2604 2318 2821 2387 λέγεται
2849 2318 2909 2371 τὸ
2928 2318 3306 2392 διαιρούμενον
3341 2323 3420 2386 εἰς
3453 2324 3590 2395 εἴδη,
3619 2327 3755 2397 περὶ

488 2413 749 2482 iosophos
781 2426 963 2469 sermo
995 2422 1101 2476 est,
1134 2412 1231 2481 qui
1269 2420 1325 2466 et
1350 2412 1483 2466 illud
1513 2410 1588 2465 ita
1619 2409 1889 2465 deﬁniunt
1916 2427 1930 2463 :
1959 2408 2057 2464 Ge-

2184 2403 2223 2462 μῦ
2249 2407 2399 2478 παρὰ
2427 2409 2539 2471 τοῖς
2571 2408 2877 2477 φιλοσόφοις
2895 2410 2922 2463 ὁ
2944 2409 3103 2479 λόγος
3121 2428 3135 2442 ο
3155 2411 3182 2464 ὃ
3204 2414 3298 2466 καὶ
3330 2413 3637 2485 ὁριζόμενοι
3657 2417 3753 2470 λέ-

487 2518 594 2560 nus
619 2503 879 2574 estquod
908 2502 1162 2574 pluribus
1203 2501 1407 2574 speciei
1436 2500 1819 2559 differentibus
1854 2501 1907 2556 in
1931 2499 2056 2572 quid

2185 2516 2320 2564 (ouo:
2344 2516 2357 2530 °
2386 2500 2426 2553 Γ
2430 2499 2547 2563 ένος
2568 2501 2687 2554 ἐστὶ
2710 2500 2770 2556 τὸ
2794 2502 2939 2556 κατὰ
2961 2504 3356 2569 πλειόνων,”καὶ
3383 2506 3754 2580 διαφερόντων

486 2602 572 2650 est
606 2596 957 2665 praedicatur.
1712 2642 1713 2649 η

2161 2589 2240 2660 τῷ
2267 2590 2417 2652 εἴδει,
2455 2591 2513 2643 ὲν
2545 2590 2624 2661 τῷ
2652 2590 2706 2644 τί
2738 2593 2855 2644 ἐστι
2890 2593 3386 2663 κατηγορούμενον.

557 2685 824 2742 Similiter
866 2701 971 2743 vox
1009 2685 1216 2758 speciei
1268 2686 1544 2756 duplicem
1591 2684 2061 2755 habetsigniﬁca-

2261 2680 2305 2733 Τὸ
2333 2676 2472 2744 εἶδος
2501 2680 2558 2734 δὲ
2610 2679 2705 2735 δύο
2755 2682 3135 2752 σημαινόμενα
3181 2683 3315 2755 ἔχει.
3354 2686 3589 2754 Λέγεται
3635 2688 3754 2762 γὰρ
3822 2722 3830 2725 -

484 2779 714 2834 tionem.
773 2778 997 2848 Species
1020 2780 1175 2834 enim
1203 2778 1409 2833 dicitur
1452 2778 1624 2848 ﬁgura
1674 2789 1729 2834 et
1756 2779 1967 2845 forma;
2003 2786 2053 2832 ul

2188 2766 2297 2836 ἶδος
2323 2771 2385 2824 τὸ
2413 2774 2596 2842 σχῆμα
2620 2772 2710 2827 καὶ
2742 2774 2924 2844 μορφή
2950 2790 2963 2804 ·
2981 2772 3092 2828 οἷον
3112 2774 3172 2827 τὸ
3195 2771 3334 2840 εἶδος
3363 2776 3458 2831 τοῦ
3488 2779 3757 2848 avspde

487 2869 705 2939 species
753 2868 997 2924 hominis
1022 2876 1239 2924 statuae.
1271 2869 1496 2938 Species
1526 2869 1652 2924 item
1681 2869 1886 2925 dicitur
1915 2868 2056 2939 quod

2186 2879 2273 2925 :o;.
2311 2862 2548 2930 Λέγεται
2576 2862 2738 2917 πάλιν
2782 2859 2939 2928 εἶδος,
2964 2864 3023 2919 τὸ
3053 2865 3385 2937 τασσόμενον
3428 2868 3533 2921 ὑπὸ
3560 2870 3620 2923 τὸ
3654 2870 3755 2937 γι-

488 2959 678 3029 generi
732 2958 1051 3028 subjicitur,
1086 2959 1191 3013 hoc
1214 2966 1321 3025 est,
1358 2958 1509 3029 quod
1536 2974 1603 3014 ex
1630 2975 1829 3030 genere
1859 2959 2057 3015 dividi-

2185 2972 2270 3021 >o;,
2303 2955 2470 3025 ἤγουν
2517 2954 2576 3008 τὸ
2609 2956 2674 3008 ὲκ
2727 2956 2916 3023 γένους
2951 2956 3347 3032 διαιρούμενον.
3386 2960 3523 3032 Περὶ⁵
3552 2961 3754 3018 τούτου

487 3027 581 3103 tur
617 3066 630 3101 :
678 3063 745 3105 ac
772 3027 845 3104 de
871 3048 979 3105 ista
1034 3049 1358 3119 acceptione
1374 3027 1585 3119 speciei
1612 3027 1779 3121 agunt
1815 3050 2056 3122 philoso-

1465 3049 1585 3106 :cici
1612 3027 1779 3121 agunt
1815 3050 2059 3122 philoso-
2086 3027 2129 3086 ο
2163 3045 2315 3117 παρὰ
2338 3048 2451 3111 τοῖς
2482 3046 2793 3116 φιλοσόφοις
2820 3047 2848 3100 ὁ
2879 3047 3034 3117 λόγος

487 3136 606 3207 phi.

557 3228 1015 3302 Quandoquidem
1071 3241 1252 3290 autem
1282 3234 1350 3292 de
1374 3248 1575 3306 genere
1624 3249 1932 3292 sermonem
1958 3235 2058 3291 lia-

2244 3230 2467 3304 Ἐπειδὴ
2491 3232 2548 3286 δὲ
2596 3232 2692 3288 καὶ
2730 3232 2860 3303 περὶ
2891 3233 3083 3302 γένους
3132 3234 3505 3308 διαλεγόμενοι
3536 3236 3634 3290 τοῦ
3672 3240 3757 3294 ετ-

487 3322 682 3378 bentes
704 3323 906 3393 speciei
942 3326 1318 3395 meminimus,
1378 3327 1615 3385 dicendo
1644 3346 1658 3381 :
1684 3327 1870 3384 Genus
1893 3335 1977 3384 est
2006 3329 2056 3385 id

2188 3341 2282 3388 ους
2328 3324 2812 3396 ἐμνημονεύσαμεν
2849 3324 3127 3390 εἰπόντεςο
3159 3325 3318 3391 Γένος
3359 3328 3479 3381 ἐστὶ
3510 3328 3573 3382 τὸ
3604 3328 3757 3384 διαι-

488 3411 636 3478 quod
663 3412 722 3468 in
746 3414 963 3483 species
990 3415 1277 3482 dividitur,
1301 3431 1484 3487 operae
1513 3419 1753 3488 pretium
1785 3427 1872 3475 est
1897 3434 2057 3476 nosse

2190 3416 2425 3484 νούμενον
2478 3417 2563 3479 εἰς
2601 3416 2741 3486 εῐδη.
2788 3416 2901 3470 Kal
2932 3415 3097 3471 πάλιν
3131 3416 3261 3487 περὶ⁸
3300 3415 3396 3470 τοῦ
3429 3417 3606 3481 εῐδους
3636 3420 3759 3474 δια-

486 3503 635 3573 quod
658 3504 851 3571 veluti,
878 3505 1007 3561 dum
1035 3505 1105 3563 de
1137 3518 1293 3578 patre
1322 3509 1619 3581 loquimur,
1653 3512 1966 3567 necessario
1994 3510 2055 3566 de

2188 3506 2442 3576 εγόμενοι
2504 3505 2601 3559 τοῦ
2650 3507 2843 3576 γένους
2903 3506 3394 3580 ἐμνημονεύσαμεν
3455 3510 3756 3576 εἰπόντες·

487 3594 604 3651 ﬁlio
661 3610 883 3665 quoque
914 3597 1251 3654 mentionem
1292 3598 1535 3656 facimus
1567 3598 1705 3671 (ille
1735 3601 1938 3674 quippe
1959 3615 2056 3671 pa-

2186 3594 2315 3661 Εἶδός
2339 3600 2457 3651 ἐστι
2478 3598 2537 3651 τὸ
2558 3599 2621 3652 ὲκ
2646 3598 2834 3668 γένους
2863 3599 3241 3671 διαιρούμενον
3261 3615 3275 3630 ·
3301 3602 3408 3673 χρὴ
3427 3600 3755 3669 γινώσκειν,

486 3694 573 3741 ter
610 3694 719 3751 est,
752 3687 847 3757 qui
880 3688 1048 3744 habet
1088 3688 1348 3761 ﬁlium);
1383 3691 1637 3746 similiter
1685 3690 1816 3746 dum
1850 3691 1919 3746 de
1950 3690 2055 3747 ﬁlio

2191 3705 2242 3741 τι
2274 3688 2462 3759 ὥσπερ
2498 3689 2628 3759 περὶ
2672 3689 2766 3743 τοῦ
2794 3689 3001 3761 πατρὸς
3024 3690 3364 3760 διαλέγοντες
3402 3692 3460 3760 ἐξ
3496 3693 3759 3766 ἀνάγκης

486 3778 817 3849 loquimur,
875 3781 1052 3850 patris
1121 3781 1251 3838 item
1323 3782 1646 3838 necessario
1708 3783 2055 3838 meminimus

2191 3780 2258 3834 :al
2283 3779 2379 3833 τοῦ
2408 3778 2524 3832 υἱοῦ
2549 3780 2960 3851 μνημονεύομεν
2986 3790 3008 3820 ε
3048 3798 3061 3812 ο
3091 3776 3245 3846 οὗτος
3273 3783 3381 3853 γάρ
3411 3784 3529 3837 ἐστι
3559 3786 3760 3856 πατὴρ

488 3870 615 3939 (ille
672 3869 949 3939 siquidem
1010 3871 1155 3928 ﬁlius
1184 3882 1287 3938 est,
1329 3873 1422 3943 qui
1468 3879 1676 3943 patrem
1709 3872 1934 3944 habet).
1970 3872 2057 3928 Sic

2223 3871 2361 3941 ἔχων
2411 3872 2526 3926 υἱόν
2562 3887 2575 3900 ·
2606 3871 2702 3925 καὶ
2748 3873 2881 3944 περὶ
2936 3872 3032 3927 τοῦ
3082 3871 3201 3926 υἱοῦ
3254 3873 3654 3945 διαλεγόμενοι,
3693 3877 3760 3942 ἐξ

490 3967 549 4015 et
587 3959 1115 4030 impraesentiarum,
1137 3963 1486 4033 impossibile
1513 3973 1598 4020 est
1627 3964 1695 4020 de
1717 3978 1917 4035 genere
1947 3971 2059 4019 tra-

2191 3962 2404 4033 ινάγκης
2424 3963 2520 4016 καὶ
2557 3963 2686 4033 περὶ
2719 3964 2925 4035 πατρὸς
2962 3966 3378 4038 μνημονεύομεν
3403 3982 3419 3998 ο
3443 3961 3595 4031 οὗτος
3639 3970 3760 4040 γάρ

489 4060 667 4119 ctare,
705 4053 913 4109 omissa
968 4055 1178 4124 specie,
1218 4054 1306 4109 vel
1344 4053 1413 4109 de
1445 4057 1654 4124 specie,
1698 4056 1867 4111 tacita
1896 4070 2058 4126 gene-

2195 4069 2310 4106 στιν
2347 4052 2481 4117 υἱὸς,
2507 4054 2535 4105 ό
2566 4051 2705 4123 ἔχων
2738 4055 2950 4125 πατέρα
2976 4072 2990 4087 ο
3015 4056 3160 4110 οὕτω
3196 4056 3473 4111 κάνταῦθα
3493 4098 3508 4122 ,
3545 4058 3760 4113 ἀδύνα-

486 4143 570 4200 ris
627 4145 929 4201 mentione.
983 4145 1173 4201 Genus
1218 4143 1427 4200 etenim
1478 4145 1536 4199 in
1593 4145 1807 4215 species
1836 4146 2055 4202 omnino

2188 4160 2254 4196 xw
2292 4143 2545 4214 περὶτοῦ
2590 4144 2783 4212 γένους
2824 4145 3103 4200 διαλαϐεῖν
3132 4146 3290 4208 ἐκτὸς
3336 4146 3431 4200 τοῦ
3480 4147 3689 4213 εἴδους,
3719 4146 3757 4216 ἢ

489 4235 801 4304 dividitur;
828 4245 886 4292 et
920 4236 977 4291 id
1005 4234 1153 4305 quod
1180 4235 1471 4305 speciebus
1488 4252 1555 4292 ex
1586 4252 1645 4293 se
1664 4236 1861 4294 divisis
1890 4245 2058 4303 caret,

2189 4235 2293 4306 περὶ
2319 4232 2413 4287 τοῦ
2450 4234 2624 4299 εἴδους
2661 4235 2817 4300 ἐκτὸς
2841 4235 2934 4290 τοῦ
2984 4237 3196 4306 γένους.
3231 4238 3305 4291 Tb
3328 4237 3438 4309 γὰρ
3472 4237 3633 4307 γένος
3669 4240 3758 4303 εἰς

486 4342 665 4400 genus
695 4342 806 4382 non
843 4334 948 4382 est.
993 4326 1226 4396 Species
1268 4326 1441 4398 igitur
1470 4342 1537 4383 ex
1571 4340 1770 4398 genere
1803 4328 2055 4384 dividun-

2196 4325 2278 4397 ῐδη
2312 4324 2602 4395 διαιρεῖται
2649 4324 2885 4389 πάντως.
2918 4327 3031 4380 Καὶ
3054 4326 3115 4380 τὸ
3147 4327 3222 4398 μὴ
3251 4327 3373 4397 ἔχον
3398 4328 3512 4399 εἴδη
3547 4327 3612 4393 ἐξ
3654 4329 3762 4383 at}.

488 4426 618 4485 tur;
656 4427 825 4487 atque
854 4431 917 4473 ea
951 4432 1074 4487 quae
1109 4432 1287 4488 genus
1331 4433 1443 4474 non
1494 4426 1824 4490 agnoscunt,
1853 4434 2057 4490 nequa-

2190 4415 2257 4469 τοῦ
2289 4416 2663 4487 διαιρούμενα,
2700 4415 2802 4470 ούκ
2839 4416 2954 4471 ἐστι
2988 4418 3173 4486 γένος’
3197 4418 3385 4472 καὶτὰ
3415 4419 3530 4491 εἴδη
3560 4420 3633 4473 ὲκ
3652 4420 3759 4474 τοῦ

485 4524 653 4578 quam
691 4516 825 4564 sunt
853 4509 1092 4579 species.
1128 4508 1335 4564 Eodem
1361 4509 1583 4565 scilicet
1610 4509 1776 4565 modo
1811 4524 1922 4580 quo
1953 4509 2054 4580 pri.

2194 4506 2355 4571 ’ένους
2382 4506 2748 4577 διαιροῦνται·
2780 4509 2875 4562 καὶ
2904 4507 2974 4562 τὰ
3007 4508 3083 4580 μὴ
3120 4508 3312 4581 ἔχοντα
3337 4510 3492 4579 γένος
3533 4511 3645 4565 ούκ
3676 4513 3763 4566 εἰ·

486 4615 614 4657 mus
671 4600 857 4666 homo,
889 4615 985 4657 seu
1018 4600 1196 4656 Adam
1247 4614 1361 4656 non
1385 4598 1591 4657 dicitur
1655 4599 1833 4669 ﬁlius;
1859 4600 2055 4659 dicitur

2191 4600 2250 4654 τὶν
2276 4600 2411 4669 εἴδη.
2444 4600 2555 4655 Kal
2587 4599 2832 4671 ὦσπερό
2862 4600 3079 4672 πρῶτος
3124 4600 3410 4672 ἄνθρωπος
3450 4600 3526 4672 μὴ
3570 4602 3760 4673 ἐσχη-

490 4699 671 4747 tamen
734 4693 933 4763 pater(
950 4692 1142 4747 habuit
1194 4692 1343 4747 enim
1391 4692 1616 4762 ﬁlios);
1648 4693 1779 4749 Seth
1831 4707 1984 4759 vero,
2008 4699 2059 4749 et

2198 4690 2277 4754 ὼς
2302 4691 2536 4762 πατέρα,
2565 4692 2733 4761 ἤγουν
2758 4692 2788 4744 ὁ
2822 4691 3015 4762 Ἀδὰμ,
3046 4692 3109 4744 ού
3148 4692 3366 4760 λέγεται
3394 4692 3511 4755 νεός
3532 4706 3547 4721 ⁸
3588 4692 3767 4761 λέγε-

488 4783 739 4851 parentis
802 4783 890 4839 sui
920 4783 1071 4838 ﬁlius
1108 4782 1316 4839 dicitur
1346 4784 1543 4854 (pater
1586 4784 1735 4839 enim
1763 4784 1931 4852 hujus
1960 4784 2057 4839 fuit

2194 4799 2248 4836 αι
2289 4782 2344 4835 δὲ
2370 4784 2553 4853 πατήρ
2585 4800 2597 4814 ·
2626 4781 2752 4853 ἔσχε
2791 4783 2904 4853 γὰρ
2938 4782 3091 4847 υἱούς
3128 4799 3142 4812 ·
3183 4784 3212 4836 ὁ
3239 4784 3296 4837 δὲ
3335 4783 3475 4853 Σῆθ,
3502 4785 3599 4838 καὶ
3635 4784 3763 4848 υἱὸς

363 4950 373 4954 λ
488 4872 697 4943 Adam)
736 4882 791 4929 et
820 4882 978 4944 pater
1027 4873 1184 4929 illius
1207 4872 1217 4881 ’
1242 4876 1337 4943 qui
1371 4889 1442 4930 ex
1472 4876 1596 4944 ipso
1625 4884 1794 4931 natus
1819 4884 1905 4932 est

2201 4872 2381 4940 έγεται
2411 4872 2506 4926 τοῦ
2561 4874 2817 4937 τεκόντος
2874 4873 3068 4927 αὐτόν·
3106 4874 3232 4944 ἔσχε
3264 4876 3370 4945 γὰρ
3410 4875 3629 4944 πατέρα
3662 4874 3767 4927 τὸν

489 4963 614 5018 nuit
641 4964 786 5019 enim
819 4964 993 5020 tilium
1015 4962 1057 5034 ).
1090 4964 1161 5018 At
1192 4964 1351 5031 Abel,
1390 4965 1537 5021 ﬁlius
1570 4965 1794 5035 quidem
1823 4967 2058 5037 appella-

2196 4963 2383 5035 Αδὰμσ
2424 4964 2519 5017 καὶ
2541 4963 2724 5035 πατὴρ
2748 4964 2967 5033 λέγεται
3001 4964 3095 5018 τοῦ
3118 4964 3400 5035 τεχθέντος
3439 4965 3499 5029 ἐξ
3530 4965 3718 5020 αὐτοῦ
3752 4983 3765 4995 ·

492 5062 604 5122 tur,
663 5069 788 5110 cum
825 5062 1038 5125 patrem
1072 5055 1331 5111 habuerit
1369 5054 1682 5124 Adamum;
1714 5064 1873 5128 pater
1930 5072 2061 5114 vero

2197 5052 2423 5122 γέννησε
2454 5052 2565 5123 γὰρ
2597 5053 2711 5107 υἱόν
2737 5068 2751 5083 ·
2784 5053 2815 5105 ό
2857 5052 2915 5107 δὲ
2957 5051 3147 5113 Ἀϐελ,
3179 5052 3295 5115 υἱὸς
3348 5052 3448 5122 μὲν
3475 5051 3717 5118 λέγεται
3751 5067 3766 5081 ·

491 5161 602 5203 non
627 5147 854 5210 dicitur,
878 5147 1005 5217 quia
1026 5147 1198 5203 ﬁlium
1230 5163 1341 5203 non
1367 5148 1584 5206 habuit.
1612 5147 1818 5207 Eadem
1847 5149 2060 5209 ratione

2198 5162 2291 5215 σχε
2336 5144 2445 5214 γὰρ
2472 5144 2686 5215 πατέρα
2714 5143 2805 5198 τὸν
2847 5143 3017 5215 ’Δδάμ
3036 5161 3050 5175 '
3076 5144 3260 5216 πατὴρ
3286 5144 3344 5197 δὲ
3388 5144 3444 5197 οὐ
3480 5143 3719 5211 λέγεται
3753 5159 3767 5173 ·

491 5238 560 5294 de
587 5253 788 5310 genere
813 5248 868 5295 ct
902 5238 1091 5310 specie
1115 5239 1502 5296 disserendum
1525 5247 1632 5296 est.

2203 5236 2223 5289 3
2250 5235 2359 5305 γὰρ
2380 5234 2538 5304 ἔσχεν
2578 5234 2693 5295 υἱόν
2721 5250 2736 5266 ο
2768 5233 2911 5289 οὕτω
2940 5235 3034 5289 καὶ
3072 5234 3168 5289 ἐπὶ
3230 5230 3260 5272 ἀ
3311 5233 3405 5287 τοῦ
3439 5233 3640 5303 γένους
3664 5234 3772 5288 καὶ

2163 5324 2258 5377 τοῦ
2291 5324 2486 5385 εἴδους.

562 5415 809 5475 Primum
863 5436 1064 5490 genus,
1102 5420 1250 5493 quod
1281 5435 1347 5476 ex
1382 5420 1490 5475 alio
1518 5424 1721 5491 genere
1778 5434 1891 5475 non
1922 5418 2067 5473 divi-

2238 5417 2311 5471 Tb
2335 5418 2553 5489 πρῶτον
2582 5419 2739 5488 γένος
2758 5461 2772 5486 ,
2803 5419 2941 5492 ὅπερ
2978 5420 3040 5473 οὐ
3066 5418 3353 5492 διαιρεῖται
3386 5417 3495 5472 ἀπὸ
3526 5417 3636 5471 τοῦ
3665 5418 3772 5486 ﬂ-

1798 5597 2032 5652 νΑιιιΑε
2072 5594 2477 5653 LECTIONES.

562 5731 592 5771 ι)
628 5728 761 5782 Cod.
798 5728 854 5781 S.
888 5730 995 5784 "il.
1028 5739 1079 5785 et
1125 5729 1276 5796 Regii
1306 5729 1550 5797 quidam,
1590 5732 1717 5798 περὶ
1751 5730 1936 5794 γένους
1968 5733 2061 5783 καὶ
2101 5731 2294 5784 εἴδους.
2327 5730 2417 5782 τοῦ
2449 5728 2959 5798 γενικιιιντάειου,καὶ⁵
2983 5727 3077 5781 τοῦ
3100 5729 3468 5787 εῑδικωτάτου,
3506 5728 3607 5780 καὶ
3651 5732 3781 5783 τῶν

489 5799 840 5877 ὑπαλληλων.
919 5813 939 5841 ε
988 5799 1221 5857 Multiin
1257 5807 1491 5870 utroque
1526 5797 1884 5857 loco’habcnt
1914 5800 2418 5872 ἐμνημονεύσαμεν.
2493 5797 2520 5837 ἀ
2551 5797 2686 5854 Cod.
2737 5798 2793 5854 S.
2834 5797 2939 5855 llil.
2981 5805 3035 5855 ct
3079 5800 3170 5854 alii
3204 5800 3423 5869 quidam
3451 5798 3607 5867 περί.
