3974 6338
266 393 379 459 56‘.)

1683 396 2128 460 DIALECTICA
2141 448 2153 461 .

3423 362 3528 472 ωδ

267 524 418 573 νους,
440 505 562 562 οὐδὲ
592 506 705 577 ἔχει
731 505 837 595 πρὸ
878 509 1046 564 αὐτοῦ
1091 509 1270 583 γένος,
1300 515 1455 584 γένος
1513 516 1673 587 μόνον
1705 518 1823 571 ἐστὶ

1950 519 2120 586 ditur,
2152 533 2252 574 nec
2286 519 2435 575 aliud
2467 534 2633 592 supra
2669 536 2728 577 se
2751 522 3021 594 agnoscit,
3054 537 3229 595 genus
3249 525 3355 591 est,
3389 521 3533 580 dun-

266 600 366 653 καὶ
390 600 491 653 οὐκ
517 598 666 653 ἔστιν
699 594 859 668 εἶδος,
886 603 980 656 καὶ
1012 603 1233 673 λέγεται
1282 608 1642 677 γενικώτατον
1671 610 1845 679 γένος,

265 692 408 762 ὅπερ
428 692 734 763 ὁριζόμενοι
789 696 922 763 φασῖ
957 710 972 726 ο
1011 697 1053 749 Γ
1056 697 1383 753 ενικώτατον
1423 702 1579 769 γένος
1629 703 1849 767 ὲστὶν,δ

176 780 179 781 ⁷
266 784 425 853 γένος
455 784 537 851 ὄν,
565 786 666 839 οὐκ
699 784 844 839 ἔστιν
866 781 1026 853 εἶδος,
1057 787 1147 844 διὰ
1176 790 1236 843 τὸ
1269 790 1412 861 ἔχειν
1444 792 1630 846 ἐπάνω
1680 793 1845 847 αὐτοῦ

264 874 456 944 γένος·
489 874 561 928 τὰ
588 876 644 930 δὲ
673 877 735 943 ἐξ
754 878 920 932 αὑτοῦ
953 879 1309 951 διαιρούμενα
1354 878 1489 953 εἴδη,
1524 884 1620 937 ἐὰν
1649 882 1847 955 ἔχωσιν

266 965 531 1021 ὑποκάτω
571 968 752 1021 αὐτῶν
799 969 935 1025 ἄλλα
967 970 1083 1041 εἴδη
1129 972 1189 1038 ἐξ
1237 973 1421 1029 αὐτῶν
1467 975 1842 1046 διαιρούμενα,

263 1060 363 1113 καὶ
393 1058 511 1131 εἴδη
559 1061 666 1113 εἰσὶ
695 1060 807 1115 τῶν
850 1063 958 1134 πρὸ
983 1064 1189 1129 αὐτῶν,
1220 1066 1389 1135 ἣγουν
1435 1067 1544 1121 τῶν
1570 1068 1754 1122 ἐπάνω
1786 1066 1846 1133 ἐξ

262 1144 343 1205 ὧν
373 1153 697 1223 τέμνονται,
734 1155 828 1209 καὶ
866 1154 1000 1225 γένη
1036 1155 1143 1209 τῶν
1189 1157 1249 1223 ἐξ
1298 1159 1502 1222 αὐτῶν,
1526 1160 1695 1229 ῆγουν
1737 1160 1844 1213 τῶν

261 1244 545 1309 ὑποκάτω,
564 1246 658 1299 καὶ
680 1246 950 1314 λέγονται,
978 1248 1075 1301 καὶ
1102 1248 1257 1321 γένη,
1278 1250 1373 1303 καὶ
1396 1250 1511 1322 εἴδη
1539 1251 1840 1322 ὑπάλληλα.

261 1335 349 1390 Τὰ
387 1337 445 1390 δὲ
473 1337 587 1407 εἴδη
634 1336 704 1391 τὰ
735 1337 940 1407 ἔσχατα
970 1338 1066 1393 καὶ
1094 1340 1404 1411 κατώτερα,
1438 1341 1508 1395 τὰ
1548 1342 1625 1412 μὴ
1651 1343 1843 1412 ἔχοντα

260 1425 524 1479 ὑποκάτω
576 1426 756 1480 αὐτῶν
798 1426 933 1480 ἄλλα
974 1427 1116 1500 εἴδη,
1157 1429 1218 1481 οὗ
1246 1429 1493 1496 λέγονται
1520 1430 1675 1502 γένη,
1705 1433 1843 1488 ἀλλὰ

256 1518 377 1591 εἴδη
411 1518 591 1588 μόνον,
623 1518 710 1572 διὰ
741 1519 802 1572 τὸ
848 1520 923 1591 μὴ
969 1520 1113 1591 ἔχειν
1158 1522 1418 1576 ὑποκάτω
1469 1523 1649 1578 αὐτῶν
1704 1524 1841 1579 ἄλλα

255 1610 375 1680 εἴδη
408 1610 465 1677 ἐξ
490 1610 670 1665 αὐτῶν
712 1610 1087 1683 διαιροὺμενα.
1139 1612 1427 1666 ’Δδύνατον
1454 1614 1561 1684 γὰρ
1606 1616 1838 1687 ῥηθῆναι

255 1704 440 1773 γένος,
478 1704 527 1756 εἴ
564 1703 640 1774 μὴ
663 1703 777 1774 ἔχει
802 1705 1058 1759 ὑποκάτω
1086 1705 1251 1759 αὐτοῦ
1267 1706 1381 1778 εἴδη
1416 1707 1478 1771 ἐξ
1498 1706 1664 1761 αὐτοῦ
1700 1708 1837 1763 διαι-

257 1795 523 1867 ρούμενα.
574 1796 808 1865 Λέγεται
839 1792 933 1851 οὖν
977 1797 1037 1852 τὸ
1083 1793 1246 1865 εἶδος,
1275 1799 1336 1853 τὸ
1368 1802 1445 1872 μὴ
1469 1799 1529 1855 δν
1564 1799 1722 1868 εἶδος,
1754 1804 1832 1857 ει-

253 1886 557 1942 δικώτατον
582 1878 758 1957 γένος.

324 2064 450 2136 Χρὴ
474 2063 533 2118 δὲ
559 2063 869 2143 γινώσκειν,
902 2063 984 2119 ὅτι
1017 2064 1232 2137 ἀνάγκη
1272 2066 1448 2133 ἐστὶν,
1481 2066 1569 2121 ἴνα
1596 2068 1665 2123 τά
1714 2069 1831 2142 εἴδη

250 2156 353 2212 καὶ
378 2156 441 2209 τὸ
475 2156 646 2228 ὄνομα
690 2155 785 2210 τοῦ
834 2156 1026 2225 γένους
1070 2157 1272 2223 αὐτῶν,
1315 2160 1411 2213 καὶ
1454 2159 1550 2215 τὸν
1606 2160 1833 2232 ὁρισμὸν

249 2247 435 2302 αὐτῶν
464 2248 750 2317 δέχωνται,
780 2248 877 2301 καὶ
917 2249 979 2302 τὸ
1016 2248 1176 2317 γένος
1207 2250 1316 2303 άπὸ
1353 2250 1565 2327 γένους,
1601 2250 1707 2316 ἕως
1735 2252 1830 2305 τοῦ

247 2340 645 2409 γενικωτάτου.
693 2339 964 2412 Ἀλλήλων
1003 2341 1061 2394 δὲ
1096 2341 1167 2395 τὰ
1198 2342 1311 2413 εἴδη
1340 2343 1401 2396 οὑ
1447 2343 1705 2398 δύνανται
1740 2345 1832 2398 τὸν

246 2428 481 2502 ὁρισμὸν
520 2429 777 2495 δέξασθαι
837 2440 882 2483 ο.
946 2429 1170 2499 Πρῶτον
1222 2431 1317 2485 καὶ
1344 2432 1709 2500 γενικώτατον
1736 2433 1831 2502 γέ-

246 2538 342 2584 νος
372 2522 522 2574 ἐστὶν
548 2522 583 2592 ὴ
616 2521 794 2575 οὐσία.
828 2521 890 2574 Εἴ
919 2520 1026 2592 γὰρ
1048 2521 1141 2574 καὶ
1165 2520 1424 2592 τέμνεται
1455 2523 1520 2575 ὲκ
1542 2522 1637 2575 τοῦ
1677 2523 1830 2587 ὄντος

244 2614 282 2684 ὴ
315 2610 475 2666 οὐσία
504 2612 599 2665 καὶ
624 2612 685 2665 τὸ
716 2610 1081 2681 συμϐεὸηκός,
1110 2611 1225 2664 ἀλλ’
1261 2611 1362 2665 οὐκ
1390 2612 1505 2665 ἐστι
1541 2613 1695 2680 γένος
1728 2614 1828 2667 αὐ..

245 2705 358 2760 τῶν
384 2704 446 2757 τδ
472 2704 552 2757 ὄν.
596 2703 813 2772 Ἐπειδὴ
838 2704 898 2755 τὸ
929 2702 1028 2772 μὲν
1057 2704 1227 2773 ὄνομα
1261 2702 1355 2757 τοῦ
1378 2702 1528 2767 ὄντος
1553 2703 1826 2774 δέχονται,

244 2798 340 2852 τὸν
364 2797 421 2850 δὲ
449 2795 675 2866 ὁρισμὸν
697 2795 759 2847 οὐ
787 2794 1053 2863 δέχονται.
1084 2794 1158 2847 Τὸ
1186 2794 1295 2865 γάρ
1330 2794 1391 2848 ὃν
1412 2793 1586 2867 οὕτως
1624 2794 1828 2865 ὁρίζον-

240 2908 336 2945 ται
366 2887 412 2927 τ·
445 2887 505 2941 δν
538 2888 656 2941 ἐστὶ
690 2886 923 2957 πρᾶγμα
961 2884 1428 2956 ἢαὺοὺπαρκτον,
1473 2886 1569 2940 καὶ
1602 2886 1679 2957 μὴ
1720 2886 1829 2942 δεό-

246 2994 414 3050 μενον
455 2975 644 3046 ἑτέρου
700 2975 838 3045 πρὸς
883 2973 1141 3028 σύστασιν
1165 2989 1179 3005 ·
1211 2974 1244 3046 ἦ
1276 2974 1338 3027 τὸ
1388 2974 1463 3045 μὴ
1513 2976 1635 3030 καθ’
1662 2978 1827 3032 ἑαυτὸ

239 3069 548 3137 δυνάμενον
578 3062 739 3130 εἶναι,
775 3065 889 3119 ἀλλ’
917 3065 975 3118 ὲν
1010 3064 1184 3135 ἑτέρῳ
1206 3064 1327 3135 ἔχον
1358 3066 1459 3136 τὴν
1489 3066 1722 3139 ὓπαρξιν
1748 3081 1763 3098 ⁸
1790 3069 1823 3141 ὴ

1953 619 2128 676 taxat,
2185 626 2294 665 non
2354 613 2595 681 species,
2648 624 2993 685 vocaturque
3049 615 3528 686 generalissimum

1949 718 2147 771 genus.
2181 703 2339 769 Quod
2371 705 2451 759 sic
2502 704 2777 759 deliniuut
2805 724 2819 760 :
2848 708 3325 776 generalissimum
3354 722 3529 775 genus

1949 794 2087 848 illud
2138 804 2245 861 est,
2288 796 2431 865 quod
2465 812 2639 867 genus
2697 811 2823 851 cum
2875 799 2969 860 sit,
3021 798 3292 851 rationem
3326 798 3527 866 speciei

1946 901 2054 939 non
2092 886 2355 951 admittit,
2390 886 2522 956 quia
2574 902 2742 956 supra
2779 902 2839 942 se
2871 887 3081 940 nullum
3116 902 3288 956 genus
3338 888 3523 942 habet.

1948 974 2081 1042 Quae
2112 992 2243 1032 vero
2279 993 2348 1032 ex
2382 979 2507 1048 ipso
2560 977 2887 1032 dividuntur
2919 976 3159 1048 species,
3209 979 3252 1032 si
3286 978 3424 1033 alias
3459 995 3527 1033 ex

1946 1068 2083 1137 ipsis
2114 1084 2173 1123 se
2196 1068 2407 1123 divisas
2469 1069 2682 1137 species
2734 1068 2999 1133 habeant,
3058 1068 3270 1137 species
3306 1069 3524 1137 quidem

1944 1167 2074 1214 sunt
2111 1175 2373 1230 generum
2403 1159 2626 1213 illorum
2666 1174 2731 1214 ex
2766 1159 2969 1229 quibus
2998 1166 3294 1224 secantur;
3326 1174 3527 1228 genera

1942 1265 2075 1307 vero
2107 1265 2296 1305 earum
2331 1266 2451 1319 qua:
2504 1265 2572 1305 ex
2596 1250 2734 1320 ipsis
2788 1249 3140 1312 dividuntur,
3171 1249 3225 1304 id
3271 1259 3354 1304 est
3383 1248 3524 1302 iule-

1943 1341 2176 1396 riorum.
2207 1340 2273 1394 Et
2304 1341 2620 1409 hujusmodi
2650 1357 2852 1411 genera
2882 1357 2946 1396 ae
2969 1342 3184 1413 species
3200 1342 3517 1397 subalterna

1941 1432 2227 1488 dicuntur.
2260 1432 2329 1487 At
2366 1448 2501 1487 vero
2528 1433 2728 1487 inﬁma:
2756 1434 2995 1503 species,
3030 1448 3154 1501 quae
3180 1434 3284 1489 sub
3307 1449 3367 1488 se
3401 1449 3525 1504 spe-

1940 1522 2053 1577 cies
2121 1522 2257 1576 alias
2308 1536 2415 1589 non
2459 1522 2686 1597 habent,
2741 1538 2943 1593 genera
2979 1522 3206 1578 minime
3238 1535 3521 1588 vocantur,

1939 1613 2034 1669 sed
2064 1621 2274 1668 tantum
2308 1613 2548 1684 species,
2582 1630 2649 1670 eo
2684 1616 2829 1685 quod
2878 1630 2944 1669 ex
2989 1615 3127 1685 ipsis
3161 1617 3375 1686 species
3404 1617 3525 1670 aliae

1938 1718 2048 1759 non
2086 1704 2427 1760 dividantur.
2488 1705 2635 1760 Fieri
2685 1705 2831 1761 enim
2891 1721 3000 1760 non
3041 1714 3228 1775 potest
3259 1716 3319 1761 ut
3350 1722 3523 1776 genus

1939 1796 2269 1867 appelletur,
2303 1795 2453 1867 quod
2487 1813 2555 1853 ex
2596 1812 2657 1853 se
2688 1796 3004 1854 subdivisas
3036 1799 3254 1869 species
3286 1814 3397 1853 non
3424 1800 3523 1853 ha-

1936 1886 2083 1942 beat.
2147 1886 2374 1958 Species
2401 1888 2610 1961 itaque,
2633 1904 2807 1961 genus
2838 1904 2951 1945 non
2995 1896 3106 1956 est,
3135 1890 3354 1960 species
3392 1906 3523 1961 spe-

1934 1976 2238 2032 cialissima
2274 1977 2502 2032 dicitur.

2003 2067 2113 2138 26
2144 2068 2300 2123 Scire
2353 2076 2590 2145 oportet,
2654 2068 2804 2140 quod
2860 2072 3078 2141 species
3108 2080 3165 2128 et
3194 2088 3395 2128 nomen
3453 2086 3520 2126 ac

1939 2156 2321 2213 deﬁnitionem
2365 2160 2585 2228 generis
2631 2160 2719 2215 sui
2747 2162 3067 2217 necessario
3093 2161 3523 2233 suscipiantzid

1932 2248 2081 2319 quod
2131 2251 2300 2304 etiam
2335 2250 2385 2305 ei
2418 2249 2607 2321 generi
2642 2251 2791 2321 quod
2818 2267 2884 2307 ex
2927 2252 3038 2306 alio
3068 2254 3346 2323 superiori
3374 2253 3522 2308 deri-

1932 2350 2115 2404 vatur,
2179 2340 2465 2403 convenit,
2500 2340 2676 2395 donec
2708 2339 2774 2394 ad
2830 2341 3314 2410 generalissimum
3348 2357 3522 2412 genus

1932 2430 2279 2488 ascenderis.
2312 2429 2539 2500 Species
2562 2438 2742 2485 tamen
2769 2430 3005 2484 invicem
3029 2431 3115 2484 sui
3142 2430 3518 2484 definitionem

1932 2523 2222 2579 admittere
2277 2536 2387 2577 non
2423 2528 2684 2592 possunt.
2725 2519 2881 2587 Quod
2916 2531 2972 2575 ut
3028 2520 3374 2576 manifestius
3405 2520 3519 2584 ﬁat,

1929 2615 2034 2670 hac
2062 2615 2281 2670 ratione
2309 2629 2424 2669 rem
2458 2613 2902 2668 consideremus.
2940 2612 3186 2666 Primum
3212 2612 3520 2683 generalis-

1928 2708 2128 2764 simum
2179 2721 2357 2778 genus
2384 2712 2470 2761 est
2519 2704 2839 2759 substantia
2873 2718 2887 2756 :
2961 2703 3067 2759 etsi
3116 2703 3263 2757 enim
3294 2718 3361 2757 ex
3394 2713 3519 2758 ente

1927 2795 2246 2852 dividantur
2276 2792 2593 2849 substantia
2622 2799 2675 2846 et
2710 2790 2989 2856 accidens,
3033 2804 3131 2847 ens
3158 2788 3519 2843 nihilominus

1926 2902 2117 2946 eorum
2178 2901 2357 2958 genus
2384 2899 2497 2939 non
2526 2890 2633 2948 est,
2668 2897 2793 2938 cum
2833 2881 3050 2937 tametsl
3109 2880 3253 2935 entis
3318 2894 3519 2934 nomen

1929 2985 2226 3048 utrumque
2260 2974 2518 3045 recipiat,
2552 2980 2677 3029 non
2721 2980 2906 3028 tamen
2941 2973 3089 3027 cutis
3117 2970 3516 3026 deﬁnitionem.

1925 3068 2063 3124 Nam
2104 3082 2202 3123 ens
2230 3067 2312 3123 sic
2342 3066 2504 3135 vulgo
2528 3064 2793 3123 delinitur
2827 3082 2842 3119 :
2878 3063 2997 3119 Ens
3024 3078 3112 3119 res
3136 3071 3243 3128 est,
3275 3070 3389 3116 tum
3420 3075 3519 3132 per

238 3161 299 3215 δὲ
318 3159 480 3227 οὐσία
511 3155 748 3230 πρᾶγμά
776 3156 926 3209 ἐστιν
952 3154 1361 3227 αὑθύπαρκτον,
1396 3158 1491 3210 καὶ
1531 3157 1606 3228 μὴ
1642 3156 1829 3230 δεόμε-

1932 3176 1989 3217 se
2016 3160 2317 3224 exsistens,
2348 3173 2452 3213 nec
2482 3158 2659 3213 altero
2695 3157 2749 3212 in
2786 3172 2898 3228 quo
2929 3155 3203 3212 subsistat
3237 3154 3513 3225 indigens,

241 3270 335 3307 νον
363 3250 555 3323 ἑτέρου
586 3248 724 3320 πρὸς
760 3247 1044 3311 σύστασιν,
1082 3246 1263 3317 μόνον.
1302 3248 1413 3302 Καὶ
1447 3248 1508 3301 τὸ
1548 3248 1828 3321 συμϐεϐη-

238 3343 361 3408 κὸς,
394 3342 629 3412 πρᾶγμα
657 3338 718 3392 τὸ
743 3339 820 3410 μὴ
853 3338 1156 3393 καθ’ἑαυτὸ
1187 3338 1487 3409 δυνάμενον
1518 3335 1679 3407 εἶναι,
1712 3340 1829 3395 ἀλλ’

236 3436 301 3487 ὲν
336 3432 517 3503 ἑτέρῳ
562 3431 687 3502 ἔχον
721 3430 821 3503 τὴν
852 3429 1109 3502 ὕπαρξιν,
1147 3430 1308 3501 μόνον
1328 3447 1342 3461 ⁸
1372 3431 1481 3485 ἰδοὺ
1512 3417 1635 3485 οὔτε
1668 3434 1700 3505 ὴ
1735 3433 1829 3486 οὑ-

239 3526 335 3578 uia
374 3524 593 3590 ἐδέξατο
621 3522 740 3576 ὅλον
766 3520 856 3575 τὸν
887 3522 1013 3593 ὅρον
1043 3520 1138 3575 τοῦ
1190 3521 1343 3586 ὄντος
1366 3559 1381 3585 ,
1417 3522 1539 3576 οὐδὲ
1572 3522 1633 3576 τὸ
1683 3540 1826 3593 συμ-

235 3616 502 3685 ΰεὸηκός.
550 3612 689 3667 Ἀλλ’
720 3615 756 3684 ὴ
790 3613 890 3684 μὲν
925 3612 1083 3666 οὐσία
1130 3612 1192 3665 τὸ
1226 3613 1426 3683 ἥμισυ,
1460 3613 1556 3667 καὶ
1584 3613 1646 3666 τὸ
1685 3630 1826 3685 συμ-

234 3708 502 3777 ϐεϐηκὸς,
544 3705 606 3760 τὸ
660 3705 790 3759 ἄλλο
814 3705 988 3776 ἥμισυ
1014 3720 1030 3738 ο
1064 3705 1133 3759 τὰ
1162 3704 1218 3758 δὲ
1250 3704 1390 3774 εἴδη,
1423 3706 1521 3759 καὶ
1547 3706 1610 3759 τὸ
1635 3704 1828 3776 ὄνομα,

234 3804 335 3857 καὶ
350 3801 473 3855 ὅλον
488 3800 583 3854 τὸν
608 3798 734 3871 ὅρον
756 3797 851 3851 τοῦ
876 3798 1068 3867 γένους
1086 3796 1292 3850 τέλειον
1321 3796 1538 3851 θέλουσι
1556 3796 1828 3869 δέχεσθαι.

237 3894 411 3946 ’Ὥστε
447 3894 500 3945 εἴ
531 3891 626 3946 καὶ¹
664 3891 930 3961 τέμνηται
960 3889 1022 3941 τὸ
1058 3888 1119 3942 ὄν
1151 3889 1230 3952 εἰς
1261 3888 1471 3959 οὐσίαν,
1502 3890 1598 3944 καὶ
1625 3892 1830 3962 συμϐε-

236 3984 434 4054 ϐηκὸς,
466 3982 582 4036 ἀλλ’
613 3983 713 4036 οὐκ
738 3980 855 4034 ἐστι
891 3978 1048 4048 γένος
1086 3977 1267 4033 αὐτῶν
1301 3994 1314 4009 ’
1350 3977 1476 4032 οὔτε
1519 3979 1626 4051 μὴν
1655 3981 1688 4051 ὴ
1736 3981 1830 4035 οὐ-

236 4079 333 4131 σία
362 4078 509 4131 ἐστὶν
548 4070 692 4137 εῖδος
728 4072 803 4144 μὴ
835 4071 1036 4142 ἔχουσα
1064 4070 1253 4124 ἐπάνω
1283 4069 1459 4140 αὐτῆς
1493 4070 1674 4141 γένος,
1706 4072 1827 4128 ἀλλ’

235 4166 384 4235 αὕτη
422 4167 538 4219 ἐστὶ
570 4162 787 4235 πρῶτον
825 4160 921 4214 καὶ
961 4157 1329 4229 γενικώτατον
1357 4160 1534 4229 γένος.

1930 3260 2045 3307 tum
2076 3266 2197 3321 qua:
2225 3265 2321 3320 per
2353 3265 2415 3305 se
2460 3264 2584 3306 esse
2632 3263 2744 3303 non
2806 3248 2977 3312 valet,
3015 3247 3110 3303 sed
3143 3247 3196 3301 in
3231 3246 3340 3300 alio
3364 3245 3510 3300 exsi-

1928 3343 2187 3399 stentiam
2222 3341 2405 3395 habet.
2442 3337 2766 3395 Substantia
2803 3346 2988 3393 autem
3027 3335 3162 3391 illud
3192 3344 3276 3391 est
3301 3344 3514 3390 tantum

1930 3434 2079 3506 quod
2109 3450 2209 3505 per
2239 3448 2299 3488 se
2327 3432 2567 3499 exsistit,
2598 3447 2701 3488 nec
2730 3432 2843 3485 alia
2869 3446 2928 3485 re
2958 3436 3017 3484 ut
3042 3430 3115 3485 sit
3145 3443 3287 3499 Opus
3315 3428 3507 3485 habet.

1928 3528 1998 3595 At
2039 3542 2173 3582 vero
2205 3525 2473 3581 accidens
2497 3526 2632 3580 osola
2662 3539 2726 3580 ea
2756 3540 2847 3580 res
2884 3530 2992 3588 est,
3043 3537 3166 3592 quae
3197 3536 3295 3591 per
3322 3535 3380 3575 se
3402 3536 3514 3575 non

1878 3668 1883 3683 ,
1931 3625 2113 3688 potest
2152 3630 2297 3678 esse,
2325 3614 2422 3669 sed
2454 3615 2513 3669 in
2544 3615 2719 3669 altero
2746 3628 2908 3668 suum
2934 3626 3058 3667 esse
3083 3611 3266 3667 habet.
3301 3611 3382 3665 En
3403 3625 3514 3679 quo

1923 3718 2090 3780 pacto
2126 3722 2231 3763 nec
2274 3706 2594 3762 substantia
2626 3706 2901 3774 integram
2944 3704 3090 3760 entis
3131 3702 3514 3758 deﬁnitionem

1925 3814 2035 3855 non
2071 3797 2369 3867 receperit,
2405 3810 2587 3867 neque
2638 3795 2945 3860 accidens;
2982 3809 3171 3850 verum
3200 3793 3514 3849 substantia

1923 3890 2214 3946 dimidiam
2245 3896 2462 3943 tantum
2494 3894 2732 3957 partem,
2760 3886 3024 3943 accidens
3067 3888 3195 3942 item
3224 3886 3513 3943 dimidiam

1922 3982 2154 4036 alteram
2179 3987 2417 4051 partem.
2451 3981 2731 4045 Attamen,
2765 3993 2893 4034 cum
2923 3980 2999 4033 ita
3037 3986 3373 4049 comparatae
3398 3978 3514 4034 sint

1923 4073 2163 4145 species,
2189 4080 2317 4128 utet
2349 4085 2578 4136 nomen,
2609 4076 2666 4126 et
2699 4077 2867 4125 totam
2892 4070 3110 4141 generis
3136 4070 3512 4131 deﬁnitionem

1927 4164 2553 4234 accipiant;eapropter
2587 4160 2738 4224 licet,
2790 4175 2891 4215 ens
2943 4159 2999 4213 in
3035 4159 3403 4214 substantiam
3458 4166 3513 4213 et

233 4260 501 4316 accidens
524 4259 826 4324 dividatur;
860 4264 1176 4313 nontamen
1212 4255 1349 4311 illud
1379 4265 1466 4313 est
1490 4270 1682 4314 eorum
1705 4273 1916 4329 genus;
1943 4276 2010 4316 ac
2040 4274 2221 4331 neque
2279 4257 2598 4314 substantia
2662 4263 2749 4312 est
2806 4254 3052 4324 species,
3126 4253 3329 4325 quippe
3391 4266 3512 4323 qua:

232 4350 451 4408 nullum
488 4362 662 4419 genus
691 4347 837 4401 aliud
866 4346 939 4402 sit
960 4346 1254 4416 superius;
1287 4346 1385 4402 sed
1420 4347 1540 4417 ipsa
1571 4349 1813 4419 primum
1852 4367 1917 4407 ac
1938 4349 2421 4423 generalissimum
2456 4360 2634 4417 genus
2656 4352 2762 4402 est.

304 4442 459 4513 Δῦτη
488 4438 580 4496 οὖν
598 4441 759 4495 οὐσία
779 4440 1036 4508 τέμνεται
1075 4442 1156 4504 εἰς
1189 4440 1349 4511 σῶμα
1381 4443 1480 4496 καὶ
1500 4442 1817 4517 ἀσώματον.

230 4538 309 4592 Tb
337 4530 436 4589 οὖν
481 4534 642 4605 σῶμα
681 4533 775 4587 καὶ⁵
809 4532 1124 4603 ἀσώματον,
1173 4532 1289 4604 εἴδη
1330 4535 1438 4589 εἰσὶ
1480 4536 1581 4606 τῆς
1608 4536 1816 4601 οὐσίας.

1995 4448 2121 4517 Ipsa
2151 4446 2316 4516 igitur
2349 4442 2667 4499 substantia
2719 4441 2778 4495 in
2809 4455 3018 4512 corpus
3042 4449 3097 4496 et
3124 4442 3509 4513 incorporeum

1923 4545 2190 4592 secatur:
2224 4548 2290 4588 ac
2334 4532 2575 4603 proinde
2627 4545 2962 4602 corporeum
3012 4542 3066 4588 et
3114 4533 3511 4603 incorporeum

231 4628 412 4684 Πάλιν
426 4625 486 4678 τὸ
502 4624 662 4694 σῶμα
674 4623 928 4693 τέμνεται
954 4624 1034 4687 εἰς
1062 4622 1305 4694 ἔμψυχον
1325 4623 1420 4678 καὶ
1447 4625 1673 4696 ἄψυχονο
1708 4626 1818 4680 ἰδοὺ

1932 4625 2248 4699 substantia:
2292 4624 2509 4694 species
2539 4633 2690 4680 sunt.
2750 4623 2954 4679 lterum
2988 4639 3196 4694 corpus
3245 4625 3514 4681 dividitur

230 4720 407 4774 πάλιν
435 4716 498 4771 τὸ
520 4716 683 4787 σῶμα
707 4711 847 4778 εἶδος
872 4714 954 4779 δν,
992 4715 1092 4785 τῆς
1134 4707 1349 4782 οὐσίας,
1383 4715 1541 4784 γένος
1568 4717 1687 4770 ἐστὶ.
1722 4716 1819 4771 τοῦ

230 4810 485 4883 ἐμψύχου
520 4808 613 4862 καὶ
654 4806 883 4877 ἀψύχου.
920 4806 996 4858 Tb
1039 4804 1285 4876 ἔμψυχον
1332 4806 1499 4862 πάλιν
1526 4808 1822 4879 διαιρεῖται

229 4905 314 4967 εις
344 4898 659 4969 αἰσθητικὸν
713 4899 808 4952 καὶ
861 4896 1208 4967 ἀναίσθητον.
1243 4897 1572 4969 Alconti.be
1597 4899 1696 4970 μὲν
1727 4894 1823 4954 οὖν

227 4998 351 5048 ἐστι
395 4994 456 5045 τὸ
484 4991 643 5056 ζῶον,
670 4990 733 5044 τὸ
764 4989 910 5063 ζωὴν
948 4989 1044 5043 καὶ
1072 4989 1326 5060 αἴσθησιν
1348 4988 1471 5061 ἔχον
1507 5007 1519 5019 ·
1554 4992 1787 5064 amico,
1806 5021 1821 5035 .

226 5104 323 5141 τον
350 5086 409 5139 δὲ
448 5084 511 5137 τὺ
543 5084 709 5155 φυτόν
735 5100 750 5115 ο
781 5083 841 5136 οὐ
882 5082 991 5153 γὰρ
1044 5081 1158 5152 ἔχει
1203 5080 1479 5154 αἴσθησιν.
1534 5085 1821 5155 Ἔμψυχον

225 5177 289 5230 δὲ
341 5175 561 5244 λέγεται
594 5175 655 5227 τὸ
703 5174 871 5243 φυτὸν
929 5173 1019 5226 διὰ
1072 5174 1135 5227 τὸ
1186 5172 1331 5244 ἔχειν
1390 5174 1688 5247 θρεπτικὴν
1724 5177 1821 5230 καὶ

226 5261 538 5331 αὐξητικὴν
565 5260 662 5314 καὶ
698 5259 1025 5331 γεννητικὴν
1064 5260 1314 5332 δύναμιν.
1342 5261 1415 5315 Τὸ
1466 5262 1604 5326 ζῶον
1651 5264 1814 5318 πάλιν

226 5353 491 5424 τέμνεται
546 5354 626 5415 εἰς
682 5353 744 5407 τὸ
793 5353 1011 5421 λογικὸν
1065 5353 1160 5406 καὶ
1202 5353 1412 5422 ἄλογον.
1466 5354 1539 5408 Τὸ
1591 5354 1810 5424 λογικὸν

228 5446 312 5511 εἰς
346 5442 541 5515 θνητὸν
573 5445 668 5500 καὶ
700 5445 985 5501 ἀθάνατον.
1018 5445 1092 5499 Τὸ
1147 5444 1339 5517 θνητὸν
1392 5447 1474 5508 εἰς
1523 5444 1813 5519 ἄνθρωπον

1921 4720 1977 4774 in
2033 4718 2342 4773 animatum
2377 4724 2434 4771 ει
2455 4717 2848 4772 inanimatum.
2916 4714 3074 4771 Unde
3128 4731 3325 4772 rursus
3350 4717 3504 4771 colli-

1919 4808 2088 4880 gitur,
2108 4821 2313 4877 corpus
2338 4820 2467 4861 cum
2487 4806 2810 4863 substantiae
2836 4805 3051 4876 species
3076 4807 3170 4870 sit,
3195 4821 3322 4862 esse
3341 4808 3509 4861 etiam

1921 4915 2097 4972 genus
2130 4899 2363 4955 animati
2398 4905 2456 4968 et
2480 4898 2801 4953 inanimali.
2836 4898 3163 4953 Animatum
3186 4914 3283 4954 seu
3316 4899 3508 4955 vivens

1922 5007 2148 5049 rursum
2184 4990 2451 5047 dividitur
2473 4990 2531 5045 in
2554 4989 2821 5046 sensibile
2861 4997 2915 5045 et
2935 4990 3277 5047 insensibile.
3314 4990 3500 5046 Sensi-

1921 5085 2031 5141 bile
2059 5084 2246 5153 itaque
2271 5088 2359 5139 est
2386 5082 2597 5137 animal
2624 5082 2774 5152 quod
2794 5083 2908 5137 vita
2935 5090 2992 5138 et
3017 5096 3187 5139 sensu
3215 5081 3505 5151 praeditum

1919 5183 2029 5232 est.
2061 5173 2395 5231 lnsensibile
2435 5186 2570 5227 vero
2595 5181 2679 5228 est
2723 5174 2913 5242 planta
2942 5191 2957 5228 :
2989 5188 3158 5229 sensu
3183 5171 3384 5228 etenim
3412 5185 3495 5225 ca-

1917 5276 2021 5322 ret.
2054 5265 2252 5321 Planta
2285 5270 2475 5319 autem
2532 5263 2729 5319 vivens
2770 5264 3002 5327 dicitur,
3049 5264 3179 5333 quia
3220 5261 3504 5317 nutricndi

1913 5367 1969 5415 et
2029 5356 2289 5427 augendi,
2339 5362 2395 5410 et
2447 5354 2748 5427 generandi
2793 5354 2999 5409 virtute
3051 5354 3238 5421 pollet.
3282 5354 3504 5410 Animal

1921 5466 2120 5507 rursus
2150 5449 2425 5505 scinditur
2456 5450 2515 5505 in
2545 5446 2818 5504 rationale
2862 5454 2918 5502 et
2943 5447 3285 5503 irrationale.
3312 5445 3503 5501 Ratio-
3544 5470 3553 5475 ν

1537 5608 1769 5667 VARIA‘J
1807 5610 2204 5669 LECTIONES.

305 5729 329 5802 ξ
367 5715 595 5802 ριιὶιιίιιιι
630 5720 790 5802 cadd.
831 5719 1149 5802 hieadduut
1191 5740 1206 5776 :
1242 5724 1357 5780 Ἵνα
1409 5721 1502 5781 οὖν
1540 5726 1872 5799 σαφέστερον
1899 5726 1931 5802 ᾗ
1954 5728 2012 5782 τὸ
2043 5726 2358 5800 λεγόμενον,
2419 5723 2592 5791 οὕτως
2628 5722 2879 5797 εἴδωμεν,
2911 5732 2969 5779 ut
2994 5716 3250 5781 iulusiori
3278 5713 3494 5787 Logira.

234 5784 255 5826 ί
284 5787 543 5857 Quidam,
574 5789 809 5860 ὁρίζεται
834 5806 847 5821 ο
886 5791 999 5859 alii,
1021 5792 1260 5863 λέγεται.
