3974 6338
492 330 597 399 δτι

1688 328 1749 388 S.
1783 327 2104 389 JOANNIS
2136 326 2563 388 DAMASCENI

3640 328 3744 392 572

483 439 613 493 nale
638 436 694 491 in
730 433 959 488 mortale
985 440 1039 488 et
1067 429 1400 486 immortale.
1438 429 1669 485 Mortale
1696 432 1751 486 in
1782 431 2052 486 hominem

2167 429 2383 499 λογικὸν
2408 430 2502 483 καὶ
2531 428 2599 483 τά
2648 429 2839 497 ἄλογα,
2873 428 3065 497 ἵππον,
3091 428 3229 483 κύνα
3263 431 3358 484 καὶ
3413 432 3482 486 τὰ
3517 433 3746 489 τοιαῦτα

487 527 697 581 ratione
728 520 1038 593 praeditum,
1064 529 1119 577 et
1140 521 1196 576 in
1226 519 1835 590 irrationalia,equum,
1860 533 2055 575 canem

485 625 541 673 et
562 615 760 670 similia
794 630 807 667 :
839 628 960 684 quae
990 612 1211 683 quidem
1235 613 1290 667 in
1326 612 1465 669 alias
1485 612 1699 683 species
1725 612 1949 667 minime
1969 626 2056 667 se-

484 714 705 767 cantur,
722 704 814 759 sed
836 705 890 757 in
910 703 1220 770 individua,
1239 703 1293 758 id
1316 711 1401 759 est
1427 703 1777 774 hypostases,
1808 711 1902 757 aut
1923 718 2055 772 snp-

486 798 686 869 posita.
708 796 979 852 Dividitur
994 798 1265 868 siquidem
1283 797 1448 852 homo
1465 800 1519 852 in
1533 798 1761 854 Petrum
1773 839 1786 864 ,
1804 797 2055 861 Paulum,

485 899 539 942 et
562 897 794 942 caeteros
824 889 1076 960 singulos
1105 889 1378 954 homines,
1404 890 1497 959 qui
1526 906 1635 946 non
1655 898 1785 946 sunt
1807 889 2052 960 species:

488 979 619 1049 quia
644 978 879 1048 species,
916 989 977 1033 ut
1002 979 1115 1050 jam
1147 979 1409 1044 diximus,
1442 980 1559 1035 aliae
1605 980 1835 1034 aliarum
1868 979 2061 1035 deﬁni-

490 1072 669 1125 tiones
705 1086 813 1125 non
850 1071 1145 1126 admittunt
1168 1089 1183 1129 :
1206 1072 1440 1143 exempli
1467 1072 1669 1144 gratia,
1699 1086 1902 1142 corpus
1948 1088 2059 1127 non

492 1161 698 1230 patitur
745 1161 1118 1217 deﬁnitionem
1158 1162 1492 1233 incorporei,
1526 1178 1629 1218 nec
1669 1162 1835 1217 homo
1858 1160 2057 1216 deﬁni-

490 1250 696 1305 tionem
730 1252 878 1319 equi.
908 1251 977 1305 At
1006 1267 1135 1306 vero
1167 1251 1362 1307 Petrus
1390 1261 1445 1307 et
1491 1250 1696 1306 Paulus
1724 1258 1778 1306 et
1818 1249 2061 1307 Joannes

491 1357 655 1395 unam
692 1341 1063 1397 deﬁnitionem
1114 1344 1445 1413 suscipiunt,
1475 1342 1717 1397 hominis
1752 1341 2011 1396 nimirum
2041 1360 2056 1397 :

489 1433 573 1489 sic
595 1432 759 1486 etiam
788 1433 986 1502 reliqui
1007 1433 1210 1505 singuli
1239 1434 1526 1499 homines;
1549 1432 1783 1504 proinde
1806 1448 1908 1488 nec
1933 1448 2062 1503 spe-

488 1524 606 1579 cies
664 1524 908 1579 hominis
941 1534 1091 1589 sunt,
1152 1525 1249 1581 sed
1279 1526 1599 1594 individua,
1634 1525 1737 1583 hoc
1768 1534 1854 1582 est
1887 1525 2061 1596 hypo-

490 1622 669 1671 stases
697 1622 751 1669 et
775 1629 1048 1685 personae.

559 1708 775 1764 Rursus
811 1710 1023 1779 species
1071 1709 1266 1772 divisa,
1292 1706 1651 1764 inferioribus
1693 1708 1830 1773 suis,
1872 1715 1926 1763 et
1957 1723 2061 1764 no-

2161 518 2319 575 ἆτινα
2348 520 2448 573 οὐκ
2499 519 2579 573 ἔτι
2607 519 2862 589 τέμνεται
2886 521 2964 582 εἰς
2998 519 3130 573 ἄλλα
3152 520 3289 591 εἴδη,
3309 521 3516 585 άλλέίς
3540 523 3741 595 ἄτομα,

2162 612 2332 681 ἢγουν
2367 610 2716 675 ὑποστάσεις.
2763 612 3065 682 Διαιρεῖται
3110 610 3221 684 γὰρ
3257 615 3286 666 ὁ
3339 613 3621 686 ἄνθρωπος
3660 616 3742 681 είς

2163 702 2388 773 Πέτρον,
2424 703 2518 757 καὶ
2550 702 2760 757 Παῦλον
2781 743 2796 769 ,
2822 702 2920 757 καὶ
2954 703 3209 776 Ἰωάννην
3239 705 3335 758 καὶ
3368 706 3493 769 τοὺς
3520 705 3744 770 λοιποὺς

2163 795 2305 847 κατὰ
2362 794 2527 865 μέρος
2557 793 2903 867 ἀνθρώπους,
2944 794 3143 865 οἵτινες
3173 795 3271 865 οὐκ
3319 795 3455 865 είσὶν
3497 796 3641 868 είδηο
3671 796 3744 851 τὰ

2162 882 2272 953 γὰρ
2296 882 2433 955 εἴδη,
2454 884 2529 947 ὡς
2554 883 2803 955 είπομεν,
2830 885 2890 938 οὐ
2920 884 3167 956 δέχονται
3193 884 3286 939 τὸν
3318 887 3543 956 όρισμδν
3574 886 3743 960 ἀλλή-

2164 972 2272 1028 λων
2290 989 2304 1004 ·
2339 968 2452 1027 οἷον
2479 973 2537 1028 τὸ
2572 974 2732 1045 σῶμα
2764 976 2823 1028 οὺ
2853 975 3069 1045 δέχεται
3110 976 3200 1030 τὸν
3228 975 3454 1047 ὁρισμὸν
3474 975 3568 1029 τοῦ
3595 977 3741 1031 ἀσω-

2167 1065 2359 1136 μάτου.
2377 1066 2434 1120 Ὀ
2446 1066 2730 1137 ἄνθρωπος
2752 1068 2812 1121 οὐ
2830 1067 3044 1138 δέχεται
3066 1068 3156 1122 τὸν
3179 1068 3405 1139 ὁρισμὸν
3426 1067 3520 1121 τοῦ
3542 1068 3731 1123 ἵππου.

2175 1158 2236 1211 '0
2286 1157 2342 1211 δὲ
2387 1157 2613 1229 Πέτρος,
2641 1159 2736 1212 καὶ
2769 1158 2982 1222 Παῦλος
3002 1198 3017 1225 ,
3046 1159 3142 1212 καὶ
3175 1160 3430 1225 Ἰωάννης
3466 1158 3565 1213 ἕνα
3615 1160 3743 1229 ὅρον

2163 1246 2431 1317 δέχονται,
2462 1249 2554 1302 τὸν
2600 1248 2696 1301 τοῦ
2749 1248 3039 1319 ἀνθρώπου
3068 1264 3085 1279 ⁸
3115 1249 3318 1319 ὁμοίως
3356 1250 3448 1303 καὶ
3479 1251 3528 1302 oi
3560 1248 3743 1302 λοιποὶ

2165 1333 2308 1386 κατὰ
2336 1334 2498 1405 μέρος
2534 1336 2835 1407 ἄνθρωποι.
2868 1338 3030 1391 Ὥστε
3060 1338 3160 1391 οὐκ
3186 1338 3324 1391 είσὶν
3362 1338 3478 1410 εῐδη
3511 1338 3605 1392 τοῦ
3648 1340 3742 1392 άν-

2168 1420 2408 1494 θρώπου,
2435 1425 2551 1478 ἀλλ’
2574 1426 2773 1497 ἄτομα,
2798 1427 2971 1498 ἡγουν
2996 1428 3347 1494 ὑποστάσεις.

2239 1704 2409 1759 Πάλιν
2445 1704 2507 1758 «re
2536 1699 2678 1770 εϊδος
2713 1706 3047 1777 τεμνόμενον
3095 1707 3414 1782 μεταδίδωσι
3460 1712 3571 1773 τοῖς
3604 1709 3739 1764 ὕπο-

488 1815 612 1856 men
646 1807 701 1855 et
719 1799 1094 1856 deﬁnitionem
1122 1815 1278 1856 suam
1312 1799 1553 1870 impertit
1600 1818 1615 1855 :
1651 1815 1841 1855 verum
1869 1800 2052 1856 Petrus

2165 1795 2316 1849 κάτω
2348 1795 2537 1863 αὐτοῦ,
2562 1798 2656 1853 καὶ
2694 1796 2790 1851 τοῦ
2818 1798 3103 1869 ὀνόματος,
3138 1800 3234 1853 καὶ
3270 1800 3363 1853 τοῦ
3396 1800 3648 1872 ὁρισμοῦ.
3675 1800 3737 1854 '0

488 1894 543 1948 in
574 1892 813 1946 animam
865 1900 919 1946 et
948 1907 1148 1962 corpus
1196 1892 1427 1956 divisus,
1475 1905 1575 1946 nec
1602 1892 1797 1945 animae
1844 1886 2063 1961 corpori

488 1999 688 2041 nomen
710 1992 764 2039 et
784 1983 1160 2039 deﬁnitionem
1190 1997 1346 2038 suam
1391 1982 1791 2037 communicat.
1833 1980 2064 2055 [Neque

485 2077 632 2133 enim
679 2075 798 2133 sola
829 2076 1013 2131 anima
1045 2072 1242 2131 Petrus
1275 2080 1382 2140 est,
1440 2088 1542 2141 nec
1572 2074 1753 2130 solum
1791 2071 2058 2147 corpus.]

554 2249 662 2319 2⁸1
693 2248 895 2305 Deinde
928 2263 1077 2312 vero.
1108 2248 1307 2305 divisio
1325 2250 1503 2308 omnis
1528 2250 1741 2324 generis
1758 2251 1811 2306 in
1828 2252 2057 2322 species,

482 2340 552 2396 ad
586 2342 718 2404 duo,
751 2343 836 2396 vel
884 2342 1013 2408 tria,
1046 2350 1140 2398 aut
1170 2358 1297 2399 raro
1336 2343 1403 2397 ad
1431 2352 1670 2415 quatuor
1711 2359 1890 2415 usque
1924 2360 2056 2415 pro-

480 2432 747 2502 greditur.
794 2433 980 2504 Neque
1037 2434 1183 2488 enim
1235 2450 1408 2506 genus
1457 2435 1512 2490 in
1564 2436 1813 2509 quinque
1846 2437 2059 2508 species

486 2532 542 2577 et
574 2523 814 2593 amplius
852 2524 1025 2579 dividi
1081 2512 1304 2595 possit:
1363 2534 1420 2580 at
1462 2526 1626 2581 homo
1681 2527 1735 2581 in
1788 2544 1979 2584 omnes
2004 2539 2059 2584 et

481 2614 731 2683 singulos
779 2615 1033 2672 homines
1097 2616 1384 2684 dividitur,
1426 2618 1519 2687 qui
1566 2618 1786 2689 quidem
1831 2635 2058 2675 numero

479 2703 749 2760 indeﬂniti
792 2714 940 2761 sunt.
985 2706 1330 2779 Quapmpter
1369 2709 1690 2765 divisionem
1746 2712 1945 2779 speciei
2000 2712 2055 2767 in

479 2794 763 2850 individua
790 2796 1079 2852 dicendam
1122 2813 1245 2854 esse
1292 2809 1514 2869 negant,
1551 2800 1645 2856 sed
1697 2800 1883 2870 potius
1920 2817 2057 2857 enu-

479 2886 865 2941 merationem.
920 2886 1079 2942 Patet
1107 2902 1240 2958 ergo
1286 2887 1509 2944 Petrum
1593 2898 1648 2946 et
1707 2890 1933 2945 Paulum
2003 2899 2058 2948 et

477 2971 742 3029 Joannem
777 2975 993 3045 species
1031 2991 1143 3032 non
1177 2993 1321 3042 esse,
1357 2980 1452 3035 sed
1488 2979 1791 3047 individua,
1836 2982 1940 3037 hoc
1969 2990 2056 3038 est

484 3062 859 3134 hypostases;
902 3080 1006 3122 nec
1057 3069 1285 3137 proinde
1324 3069 1487 3124 homo
1537 3069 1679 3126 Petri
1719 3081 1774 3127 et
1824 3073 2055 3143 reliqua-

481 3169 603 3209 rum
624 3171 987 3225 personarum
1020 3175 1194 3231 genus
1238 3168 1343 3226 est,
1377 3161 1471 3217 sed
1502 3163 1737 3233 species.
1772 3164 1927 3220 Unde
1964 3180 2055 3220 se—

478 3244 671 3313 quitur
739 3247 1018 3303 hominem
1097 3249 1554 3320 specialissimam
1619 3266 1744 3308 esse
1796 3254 2053 3323 speciem.

482 3333 712 3405 Species
746 3336 892 3391 enim
935 3346 1020 3393 est
1062 3347 1309 3409 respectu
1364 3343 1687 3411 superioris,
1730 3352 1783 3398 et
1840 3346 2058 3414 species

478 3435 731 3495 respectu
772 3428 1116 3485 inferiorum.
1153 3430 1357 3488 Eodem
1415 3448 1633 3503 quoque
1670 3434 1834 3489 modo
1881 3450 2060 3506 equus

474 3521 532 3567 et
564 3516 739 3580 canis,
764 3524 820 3571 et
863 3518 1089 3585 similia,
1117 3522 1328 3591 species
1367 3522 1587 3592 quidem
1621 3532 1772 3587 sunt,
1811 3539 1920 3580 non
1960 3540 2053 3580 au-

475 3611 586 3657 tem
633 3620 876 3676 genera;
921 3623 991 3663 ex
1020 3624 1131 3680 quo
1186 3611 1245 3665 tit
1273 3619 1331 3664 ut
1379 3612 1796 3682 specialissima:
1831 3617 2046 3685 species

474 3697 610 3751 sint.
645 3697 780 3764 Quae
815 3710 996 3757 autem
1044 3702 1191 3757 inter
1231 3703 1712 3773 generallssimum
1760 3721 1955 3775 genus,
1988 3714 2046 3763 et

2162 1888 2220 1942 δὲ
2251 1888 2455 1959 Πέτρος
2489 1891 2819 1959 τεμνόμενος
2854 1893 2933 1954 είς
2967 1891 3145 1963 ψυχὴν
3186 1892 3281 1945 καὶ
3315 1892 3492 1961 σῶμα,
3520 1892 3642 1946 οὐδὲ
3670 1895 3735 1964 τῇ

2160 1981 2304 2052 ψυχῇ
2333 1980 2652 2055 μεταδίδωσι
2673 1981 2766 2034 τοῦ
2791 1982 3085 2053 ὀνόματος,
3118 1984 3213 2037 καὶ
3256 1982 3346 2037 τοῦ
3379 1984 3504 2054 ὅρου
3547 1982 3736 2052 αὐτοῦ,

2160 2071 2281 2125 οὐδὲ
2310 2071 2387 2147 τῷ
2426 2070 2661 2141 σώματι.
2700 2070 2766 2144 [Β
2794 2071 2931 2126 Οὔτε
2959 2072 3069 2146 γάρ
3096 2075 3229 2148 μόνη
3257 2077 3291 2145 ἡ
3329 2074 3473 2147 ψυχὴ
3508 2076 3736 2149 Πέτρος,

2160 2158 2282 2213 οὕτε
2314 2159 2475 2231 μόνον
2495 2160 2556 2214 τὸ
2580 2161 2760 2232 σῶμα,
2785 2161 2921 2216 άλλά
2944 2162 3003 2217 τὸ
3041 2165 3495 2238 συναμφότερον.]

2233 2251 2357 2305 ¹Ἐτι
2377 2253 2525 2305 πᾶσα
2550 2251 2818 2323 διαίρεσις
2848 2254 2958 2307 ἀπὸ
2979 2253 3168 2323 γένους
3194 2257 3272 2320 είς
3295 2257 3410 2327 εἴδη
3445 2258 3737 2331 γενομένη,

2162 2341 2324 2412 μέχρι
2346 2340 2437 2393 δύο
2465 2340 2499 2411 ἢ
2532 2341 2720 2411 τριῶν,
2756 2343 2997 2406 σπανίως
3025 2343 3082 2397 δὲ
3122 2344 3215 2397 ἐπὶ
3263 2345 3565 2415 τεσσάρων,
3602 2346 3741 2416 φθά-

2158 2450 2258 2488 νει,
2309 2432 2597 2486 Ἀδύνατον
2617 2432 2724 2503 γάρ
2752 2436 2867 2486 ἔστι
2901 2434 3240 2506 διαιρεθῆναι
3270 2435 3428 2505 γένος
3457 2439 3538 2501 είς
3573 2439 3739 2493 πέντε

2158 2523 2296 2593 εῐδη,
2330 2523 2423 2577 καὶ
2456 2523 2661 2578 ἐπάνω.
2698 2523 2756 2578 '0
2795 2524 2852 2578 δὲ
2902 2524 3188 2595 ἄνθρωπος
3221 2528 3302 2591 είς
3354 2527 3564 2591 πάντας
3611 2530 3741 2593 τοὺς

2157 2614 2301 2667 κατὰ
2340 2614 2507 2684 μέρος
2548 2613 2866 2695 ἀνθρώπους
2910 2614 3231 2684 διαιρεῖται·
3273 2616 3472 2681 οἵτινες
3518 2612 3740 2690 ἄπειροί

2157 2706 2263 2758 sict
2294 2704 2373 2776 τῷ
2402 2704 2641 2777 ἀριθμῷ.
2656 2706 2755 2759 ’Διὸ
2796 2705 2938 2769 τινὲς
2962 2706 3083 2759 οὐδέ
3112 2724 3249 2776 φασι
3279 2707 3547 2778 διαίρεσιν
3580 2708 3740 2777 λέγε-

2159 2797 2303 2860 σθαι,
2339 2797 2447 2850 άπὸ
2480 2796 2576 2850 τοῦ
2605 2797 2778 2860 εἴδους
2823 2799 2901 2860 είς
2929 2799 3110 2868 ἄτομα
3133 2838 3148 2861 ,
3183 2798 3299 2852 ἀλλ’
3335 2799 3737 2870 ἀπαρίθμησιν.

2161 2887 2323 2940 Ὅθεν
2352 2887 2530 2957 δῆλον,
2563 2889 2647 2941 ὅτι
2674 2887 2774 2941 οὐκ
2811 2887 2929 2940 ἔστι
2954 2891 2982 2942 ό
3016 2889 3246 2959 Πέτρος,
3277 2889 3371 2943 καὶ
3394 2889 3625 2953 Παῦλος,
3643 2890 3740 2943 καὶ

2169 2977 2426 3050 Ἰωάννης
2481 2977 2619 3049 εἴδη,
2653 2978 2770 3032 ἀλλ’
2795 2976 2993 3050 ἄτομα,
3028 2981 3196 3050 ἦγουν
3238 2980 3581 3044 ὑποστάσεις.
3599 2979 3739 3035 Οὔτε

2156 3069 2185 3122 6
2214 3069 2500 3141 ἄνθρωπος
2529 3068 2684 3138 γένος
2706 3070 2822 3122 ἐστὶ
2857 3068 2952 3123 τοῦ
2984 3068 3219 3140 Πέτρου,
3254 3071 3348 3123 καὶ
3386 3069 3496 3124 τῶν
3532 3071 3739 3125 λοιπῶν

2156 3160 2528 3223 ὕποστάσεων,
2557 3160 2672 3214 ἀλλ’
2702 3157 2861 3223 εἶδος.
2892 3160 2982 3213 Διὸ
2999 3199 3014 3223 ,
3038 3159 3385 3216 εῑδικώτατον
3410 3161 3568 3231 γένος
3589 3164 3738 3217 ἐστὶν

2153 3250 2506 3321 όάνθρωπος.
2535 3247 2693 3313 Εἶδος
2729 3251 2838 3322 γάρ
2883 3251 2998 3303 ἐστι
3053 3249 3149 3303 τοῦ
3201 3250 3407 3312 ἐπάνω.
3452 3251 3546 3305 καὶ
3596 3248 3736 3314 εἶδος

2153 3341 2263 3396 τῶν
2296 3342 2576 3397 ὑποκάτω.
2619 3342 2852 3411 Ὁμοίως
2900 3340 3090 3405 ἵππος,
3117 3343 3211 3395 καὶ
3256 3344 3283 3395 ό
3320 3341 3487 3407 κύων,
3538 3342 3736 3395 καὶτὰ

2154 3432 2404 3498 τοιαῦτα,
2444 3433 2559 3501 είδη
2594 3432 2701 3486 εἰσὶ
2721 3432 2816 3486 καὶ
2857 3431 2917 3485 οὐ
2947 3432 3112 3503 γένη·
3136 3432 3218 3486 διδ
3245 3432 3573 3487 είδικώτατά
3603 3434 3733 3487 είσι.

2159 3524 2241 3577 Τὰ
2264 3523 2320 3577 δὲ
2357 3522 2563 3594 μεταξὺ
2607 3523 2978 3588 γενικωτάτου
3010 3523 3222 3593 γένους,
3258 3523 3353 3575 καὶ
3401 3522 3471 3576 τά
3499 3522 3610 3574 τῶν
3654 3522 3735 3574 εί·

2151 3612 2461 3667 δαωτάτων
2483 3610 2657 3676 εἱδῶν,
2684 3613 2817 3683 γένη
2845 3614 2953 3666 εἰσὶ
2986 3614 3080 3666 καὶ¹
3107 3613 3223 3682 είδη
3253 3612 3551 3683 ὑπάλληλά.
3604 3611 3735 3683 Εῑδη

2149 3704 2207 3759 δὲ
2229 3702 2339 3757 τῶν
2362 3702 2567 3768 ἐπάνω,
2600 3702 2733 3772 γένη
2760 3702 2816 3756 δὲ
2844 3696 2954 3756 τῶν
2989 3703 3265 3759 ὑποκάτω.

474 3788 900 3857 specialissimas
962 3791 1173 3861 species
1228 3791 1468 3847 medium
1527 3802 1799 3863 occupant
1837 3795 2041 3858 locum,
2095 3798 2149 3848 et
2187 3806 2383 3862 genera
2442 3797 2570 3846 sunt
2609 3791 2793 3857 simul,
2854 3799 2911 3847 et
2956 3792 3167 3862 species
3231 3793 3593 3861 subalternaa;
3653 3805 3739 3851 ut-

476 3888 605 3952 pote
644 3897 764 3951 quae
807 3885 1155 3952 superiorum
1219 3885 1442 3955 quidem
1506 3887 1721 3957 species
1746 3887 1879 3954 sint,
1925 3888 2247 3944 inferiorum
2276 3900 2410 3941 vero
2430 3899 2651 3958 genera.
2866 3878 2883 3883 ’

549 3970 723 4040 Atque
762 3972 867 4027 illa:
895 3974 1025 4051 ipsa:
1051 3975 1447 4031 substantiales
1488 3986 1619 4031 sunt
1650 3992 1714 4032 ac
1765 3980 2048 4035 naturales

474 4059 798 4118 diﬂerentiae
851 4073 905 4118 et
938 4065 1254 4135 qualitates,
1293 4082 1418 4137 quae
1454 4068 1771 4136 superiores
1822 4069 2044 4139 quidem

476 4149 749 4216 dividere,
806 4150 1096 4208 inferiores
1162 4167 1290 4207 vero
1342 4156 1694 4220 constituere,
1763 4156 2040 4212 dictmtur.

475 4237 614 4294 Nam
668 4257 872 4312 corpus
937 4250 993 4296 et
1047 4243 1429 4313 incorporeum
1482 4243 1850 4301 substantiam
1902 4247 2046 4302 divi-

475 4330 613 4384 dunt
648 4348 663 4396 ;
711 4331 1169 4400 quemadmodum
1210 4332 1374 4387 etiam
1412 4335 1717 4390 animatum
1764 4344 1820 4392 et
1867 4338 2047 4394 inani:-

2222 3977 2334 4031 Καὶ
2358 3971 2525 4031 αὗταί
2555 3976 2693 4030 εἰσιν
2738 3976 2794 4028 αί
2835 3975 3117 4040 οΰσιὼδεις
3162 3976 3257 4031 καὶ
3295 3981 3521 4046 φυσικαί⁵
3548 3980 3735 4051 διαφο-

2149 4068 2240 4139 ραὶ
2264 4067 2358 4121 καὶ
2387 4068 2690 4145 ποιότητες,
2742 4068 2945 4131 αἵτινες
2972 4068 3243 4137 λέγονται,
3278 4069 3604 4140 διαιρετικαὶ
3636 4075 3735 4142 μὲν

2143 4158 2252 4213 τῶν
2276 4159 2480 4223 ἐπάνω,
2504 4158 2827 4212 συπατικαὶ
2841 4158 2898 4211 δὲ
2918 4158 3025 4213 τῶν
3050 4159 3328 4234 ὑποξεάτω.
3346 4158 3419 4214 Τὸ
3444 4164 3553 4232 γὰρ
3575 4164 3733 4234 σῶμα

2148 4249 2244 4304 καὶ
2297 4248 2585 4321 ἀσώματον
2616 4248 2881 4320 διαιροῦσι
2918 4249 3017 4321 τὴν
3062 4226 3267 4305 οὐσίαν.
3299 4226 3533 4322 Ὁμοίως
3556 4226 3735 4306 καὶτὸ

2150 4341 2414 4412 ἔμψυχον,
2447 4340 2543 4394 καὶ
2570 4339 2631 4394 τὺ
2661 4340 2868 4410 ἄψυχον
2889 4340 3155 4411 διαιροῦσι
3200 4341 3261 4393 τὸ
3294 4341 3452 4409 σῶμα
3482 4357 3496 4371 ·
3531 4340 3735 4410 ὁμοίως

478 4430 690 4474 rnatum
772 4420 1024 4476 dividunt
1089 4438 1313 4494 corpus.
1369 4423 1573 4479 Eodem
1623 4441 1843 4498 quoque
1886 4431 2049 4486 modo

2160 4432 2243 4485 καὶ
2267 4432 2330 4485 τὸ
2377 4430 2699 4502 αἰσθητικὸν
2742 4430 2841 4483 καὶ
2892 4431 2957 4484 τὸ
3003 4430 3331 4501 ἀναίσθητον
3377 4431 3645 4501 διαιροῦσι
3673 4432 3733 4483 τὸ

480 4510 747 4571 sensibile
772 4519 827 4565 et
858 4510 1198 4577 insensibile,
1228 4514 1442 4579 vivens,
1467 4528 1564 4570 seu
1596 4497 1920 4585 animatum,
1955 4520 2044 4575 di-

2160 4522 2412 4593 έμψυχον.
2451 4497 2625 4577 Δῦτται
2670 4523 2771 4593 μὶν
2817 4522 3110 4579 συνιστῶσι
3153 4497 3233 4577 τὸ-
3266 4522 3440 4586 ζῶον
3470 4497 3733 4592 λαμϐάνω

471 4600 665 4656 vidunt
699 4619 714 4668 ;
746 4618 867 4672 quae
901 4618 1096 4674 nempe
1138 4603 1340 4659 animal
1383 4607 1751 4667 constituunt.
1816 4611 2044 4682 Accipio

474 4691 747 4760 siquidem
805 4694 1173 4749 substantiam
1221 4697 1546 4764 animatam,
1596 4700 1935 4768 sensibilem,
1987 4709 2044 4758 et

471 4783 676 4836 animal
710 4782 905 4838 eiiicio.
940 4786 1156 4840 Animal
1186 4788 1333 4841 enim
1359 4798 1445 4845 est
1473 4790 1781 4851 substantia
1829 4794 2042 4849 anima-

474 4879 528 4924 ta
552 4874 853 4929 sensibilis.
890 4874 1110 4931 Rursus
1158 4892 1385 4933 assumo
1425 4880 1792 4938 substantiam
1830 4886 2044 4940 anima-

472 4966 610 5024 tam,
647 4961 1044 5030 insensibilem,
1085 4974 1142 5021 et
1168 4967 1406 5037 lapidem
1443 4969 1607 5026 facio.
1652 4971 1857 5028 lterum
1878 4990 2042 5031 sumo

471 5053 842 5113 substantiam
899 5056 1225 5121 animatam,
1274 5058 1673 5127 insensibilem,
1700 5070 1760 5117 et
1796 5063 2038 5134 plantam

470 5143 673 5198 etlicio.
720 5143 952 5215 Insuper
1014 5148 1282 5211 rationale
1319 5157 1374 5205 et
1420 5151 1745 5209 irrationale
1788 5155 2046 5211 dividunt

470 5233 676 5288 animal
706 5249 723 5298 ;
768 5237 1002 5295 mortale
1052 5237 1181 5293 item
1218 5248 1273 5294 et
1300 5240 1630 5309 immortale,
1664 5244 1933 5300 rationale
1956 5246 2042 5301 di-

470 5324 685 5379 vidunt.
724 5324 1070 5398 Quapropter
1096 5344 1320 5387 assumo
1366 5333 1592 5398 animal,
1631 5334 1777 5404 quod
1825 5343 1912 5392 est
1945 5351 2042 5407 ge-

470 5426 599 5479 nus,
644 5424 701 5474 et
727 5418 999 5477 rationale
1039 5428 1095 5478 et
1122 5423 1387 5488 mortale,
1412 5430 1468 5479 et
1514 5423 1791 5481 hominem
1844 5427 2051 5483 consti-

2148 4611 2257 4682 γὰρ
2295 4612 2484 4671 οὐσίαν
2518 4612 2759 4683 ἔμψυχον
2817 4612 3159 4685 αίσθητικὴν,
3191 4613 3288 4667 καὶ
3308 4612 3446 4667 ποιῶ
3471 4613 3534 4666 τὸ
3570 4613 3728 4676 ξῶοψ

2147 4702 2285 4767 ζῶον
2323 4705 2430 4773 γάρ
2458 4706 2615 4757 ἐστιν
2647 4704 2806 4757 οὐσία
2831 4703 3071 4775 ἔμψυχος
3093 4704 3408 4777 αἰσθητική.
3435 4705 3716 4775 Δαμσάνω

2146 4794 2308 4848 πάλιν
2349 4793 2540 4847 οὐσίαν
2580 4794 2809 4865 ἄψυχον,
2841 4794 3189 4865 ἀναίσθητον,
3244 4795 3341 4849 καὶ
3392 4794 3533 4848 ποιῶ
3558 4795 3727 4853 λίθον,

2144 4885 2314 4938 Πάλιν
2369 4884 2633 4955 λαμϐάνω
2684 4885 2872 4940 οὐσίαν
2923 4885 3167 4957 ἔμψυχον
3193 4929 3209 4950 ,
3244 4886 3571 4957 ἀναίσθητον
3593 4927 3608 4946 ,
3636 4891 3733 4943 καὶ

2143 4975 2285 5035 ποιῶ
2317 4976 2485 5045 φυτόν
2506 4991 2521 5006 ·
2563 4976 2729 5031 πάλιν
2753 4977 2815 5030 τὺ
2871 4977 3117 5046 λογικὸν,
3148 4979 3243 5032 καὶ
3270 4978 3332 5031 τὸ
3370 4979 3565 5047 ἄλογον
3592 4979 3735 5033 διαισ-

2147 5061 2303 5133 ροῦσι
2353 5063 2417 5117 τὸ
2448 5059 2588 5127 ζῶον
2612 5080 2626 5094 ο
2658 5064 2722 5117 τὸ
2771 5064 2963 5137 θνητδν
3002 5067 3098 5127 καὶ
3147 5065 3414 5120 ἀθάνατον
3459 5066 3730 5138 διαιροῦσι

2141 5152 2205 5206 τὸ
2231 5153 2468 5223 λογικόν.
2517 5155 2795 5226 Λαμσάνω
2846 5151 2940 5210 οὖν
2961 5156 3022 5210 τὺ
3065 5154 3223 5222 ζῶον,
3248 5156 3406 5225 γένος
3436 5157 3519 5223 ὃν,
3544 5161 3639 5211 καὶ
3666 5158 3731 5212 τὸ

2144 5241 2363 5310 λογικὸν
2414 5244 2511 5297 καὶ
2538 5244 2601 5298 τὸ
2650 5245 2865 5315 θνητὸν,
2895 5246 2992 5300 καὶ⁷
3036 5246 3271 5302 συνιστῶ
3300 5247 3393 5302 τὸν
3419 5247 3727 5319 ἄνθρωπον.

2149 5336 2471 5407 Ἄνθρωπος
2500 5338 2610 5410 γάρ
2637 5338 2755 5393 ἐστι
2787 5339 2928 5405 ζῶον
2957 5341 3174 5409 λογικὸν
3191 5342 3385 5413 θνητόν
3416 5358 3430 5374 ⁸
3465 5344 3561 5398 καὶ
3588 5343 3733 5415 λαμ-

2158 5426 2308 5485 ϐάνω
2340 5429 2403 5511 ab
2434 5428 2606 5497 ζῶον,
2642 5432 2738 5486 καὶ
2782 5432 2842 5487 τδ
2881 5432 3077 5504 ἄλογον
3096 5474 3113 5503 ,
3153 5434 3251 5489 καὶ
3280 5436 3342 5489 τὸ
3386 5434 3602 5508 θνητὸν,
3631 5435 3731 5492 καὶ

1702 5684 1705 5685 ί
1777 5602 2014 5665 VARI/E2
2055 5603 2460 5663 LECTIONES.

587 5688 616 5731 ⁸
637 5690 761 5747 llaec
789 5693 990 5750 desunt
1041 5697 1095 5751 in
1140 5694 1308 5769 Ἆρες.
1332 5697 1387 5761 7,
1418 5696 1471 5753 in
1502 5696 1655 5754 Colh.
1691 5698 1749 5753 S.
1784 5696 1890 5754 Hil.
1916 5708 1969 5755 ct
1996 5699 2049 5755 in
2080 5711 2189 5757 vet.
2232 5703 2518 5765 translat.;
2552 5704 2806 5777 leguntur
2838 5706 2891 5763 in
2919 5706 3111 5763 fusiori
3154 5704 3367 5778 Logica.
