3974 6338
461 341 565 403 5ῗὸ

1659 337 1719 396 S.
1761 335 2085 396 JOANNIS
2124 333 2554 395 DAMASCENI
3630 328 3720 395 δ’ἴῦ

461 463 515 507 ct
580 449 927 521 speciﬁcans.
995 447 1308 503 dill‘ereutia
1335 463 1399 501 ac
1447 447 1688 517 qualitas
1741 461 2028 516 nuncupa-

2161 451 2306 498 κεῖται
2345 448 2495 518 παρά
2543 449 2657 510 τοῖς
2701 445 3013 515 φιλοσόφοις
3051 445 3322 499 ἱδιαέτατα
3354 443 3616 515 διαφορὰ,
3654 445 3723 510 ὡς

460 549 569 604 tur,
633 539 1052 609 proprietasque
1094 538 1412 602 naturalis;
1465 552 1588 606 quae
1644 537 1864 607 quidem
1927 537 2044 591 uui-

457 646 633 686 vcrsa:
675 632 879 700 speciei
949 630 1472 685 iucommutahiliter
1525 629 1693 694 inest,
1747 643 1811 683 ac
1872 627 2046 682 maxi-

459 737 547 776 me
595 723 820 792 propria
868 722 1202 783 dillerentia,
1263 720 1719 790 philosOphorum
1770 735 1896 782 usu,
1933 717 2045 773 dici

461 813 622 878 solet,
678 823 738 868 ut
789 827 911 882 quae
961 813 1200 866 maxime
1266 811 1487 882 propria
1542 811 1634 876 sit,
1687 826 1752 865 ac
1788 818 2044 864 naturam

460 905 732 960 declaret.
769 906 982 960 Rursus
1055 905 1160 958 hoc
1193 905 1414 958 nomine
1461 904 1628 958 homo
1678 903 1755 956 'ab
1809 903 2048 962 homine,

461 1003 556 1048 aut
589 1012 765 1064 equus
817 997 886 1051 ab
922 1011 1087 1066 equo,
1135 995 1219 1049 vel
1255 995 1412 1048 canis
1464 1009 1494 1048 a
1530 1008 1665 1047 caue
1689 992 1818 1065 [hoc
1844 1002 1929 1047 est
1962 992 2049 1045 in-

461 1089 745 1143 dividuum
797 1089 865 1146 ab
907 1089 1152 1158 ejusdem
1217 1089 1422 1160 speciei
1462 1085 1749 1141 individuo
1798 1082 2047 1155 diilert]:

460 1181 604 1248 quod
624 1181 712 1236 ille
729 1196 978 1251 magnus,
1001 1181 1088 1234 hic
1109 1195 1311 1250 parvus
1331 1181 1436 1246 sit;
1456 1179 1547 1232 ille
1568 1193 1761 1241 senex,
1786 1175 2047 1243 hicjuve-

2145 535 2452 605 οἰκειοτέρα
2518 536 2612 589 καὶ
2663 536 2762 607 τῆς
2822 535 3043 604 φύσεως
3110 535 3519 604 παραστατική.
3573 533 3724 586 Πάλιν

2149 626 2396 699 διαφέρει
2415 627 2702 698 ἄνθρωπος
2730 625 3096 698 ἀνθρώπου,ἢ
3125 626 3292 689 ἵππος
3313 625 3556 695 iuuandi
3589 627 3725 680 κύων

2147 719 2340 782 κυνόςο
2373 720 2422 791 [ιι
2450 719 2727 773 τουτέστιν
2774 719 2978 790 ἄτομον
3019 717 3114 771 τοῦ
3151 715 3431 787 ὁμοειδοῦς
3477 714 3725 787 ἀτόμου“”]

2149 810 2288 864 καθὸ
2331 811 2360 864 6
2403 813 2505 881 μέν
2552 815 2671 865 ἐστι
2723 811 2953 884 μακρὸς,
2989 813 3018 865 6
3049 813 3106 866 δὲ
3153 809 3412 873 κολοϐόςο
3439 811 3467 862 6
3493 809 3589 879 μὲν
3631 825 3728 861 πα-

2148 901 2317 967 λαιὸς,
2357 904 2386 956 6
2423 903 2481 957 δὲ
2541 905 2692 968 νέος·
2722 903 2772 976 [ο
2803 906 2832 958 6
2881 904 2980 974 μὲν
3010 903 3189 973 σιμὸς,
3246 904 3274 955 6
3313 902 3370 955 δὲ
3405 901 3612 973 γρυπὸς
3703 903 3731 954 ὁ

2159 993 2258 1064 μὲν
2281 994 2567 1066 φρόνιμος,
2597 997 2625 1048 6
2649 996 2704 1049 δὲ
2733 996 2936 1067 μωρός.
2974 995 3161 1048 Ταῦτα
3188 994 3367 1048 πάντα
3392 991 3729 1054 ὲπουσιὼδεις

2160 1085 2418 1158 διαφοραὶ
2473 1091 2568 1143 καὶ
2621 1091 2910 1157 ποιότητες
2969 1087 3228 1156 λέγονται
3322 1087 3458 1158 ὅπερ
3515 1085 3630 1139 ἐστὶ
3676 1085 3732 1137 τὸ

2159 1179 2527 1250 συμϐεϐηκὸς,
2563 1182 2690 1252 περὶ
2728 1175 2791 1234 οὗ
2828 1179 3141 1236 ἀκολούθως
3165 1177 3423 1248 ἐροῦμεν.

461 1272 683 1346 ηῖδ[ίΙ¹θ
707 1275 912 1343 91⁸0εεὶ5
955 1273 1204 1338 naribus.
1231 1273 1318 1326 hic
1346 1268 1638 1341 3600035];
1674 1269 1764 1322 me
1793 1267 2055 1336 Ρνυάθιιε,
2099 1264 2188 1323 hic
2227 1271 2483 1325 stolidus.
2521 1269 2715 1326 Omnia
2748 1272 2864 1325 lucc
2909 1269 3225 1326 adventitia:
3300 1267 3618 1324 diﬂ'erentia:
3675 1281 3735 1319 ac

463 1365 758 1436 qualitates
809 1365 1091 1430 dicuntur,
1132 1365 1276 1434 quod
1328 1374 1412 1419 est
1465 1362 1766 1426 accidens;
1805 1359 1873 1413 de
1925 1373 2038 1428 quo
2077 1356 2352 1432 deinceps
2382 1363 2585 1419 dicturi
2617 1379 2832 1418 sumus.

1097 1457 1250 1513 CAP.
1278 1458 1418 1512 XIII.

1041 1524 1126 1605 ὀε
1193 1551 1483 1604 accidente.

539 1637 818 1692 Accidens
855 1644 961 1704 est,
999 1637 1147 1708 quod
1181 1639 1337 1694 adest
1364 1646 1418 1694 et
1471 1636 1629 1693 abest
1658 1637 1778 1692 sine
1810 1635 2052 1707 subjecti

2775 1458 3026 1513 ΚΕΦΑΛ.
3062 1457 3160 1512 II".

2633 1547 2774 1617 Περὶ
2807 1547 3276 1618 συμϐεϐηκότος.

2231 1637 2596 1710 Συμϐεϐηκός
2621 1641 2792 1703 ἐστιν,
2829 1639 2858 1692 ὃ
2885 1639 3118 1707 γίνεται,
3157 1639 3253 1692 καὶ
3295 1639 3614 1708 ἀπογίνεται
3644 1655 3740 1709 χω-

472 1731 724 1784 iuteritu.
776 1730 856 1784 Ac
914 1746 1162 1794 rursum,
1217 1731 1478 1785 accidens
1531 1738 1638 1794 est,
1670 1729 1822 1799 quod
1865 1729 2049 1783 inesse

2161 1729 2246 1801 ρὶς
2273 1730 2372 1800 τῆς
2412 1729 2507 1782 τοῦ
2555 1729 2920 1801 ὑποκειμένου
2951 1729 3179 1802 φθορᾶς.
3226 1731 3337 1784 Καὶ
3377 1731 3542 1785 πάλιν
3563 1747 3577 1760 ο
3603 1729 3632 1783 ὅ
3655 1730 3741 1784 ὲν-

467 1828 522 1873 et
561 1835 664 1874 non
697 1821 878 1876 inesse
912 1821 1090 1876 eidem
1139 1823 1425 1892 contingit.
1481 1821 1668 1876 Potest
1723 1821 1871 1877 enim
1931 1819 2046 1874 ﬁeri

2161 1820 2366 1891 δέχεται
2390 1821 2470 1891 τῷ
2502 1821 2673 1892 αὐτῷ,
2707 1822 2804 1875 καὶ
2848 1817 3010 1886 εἶναι,
3036 1823 3130 1875 καὶ
3171 1821 3248 1892 μὴ
3297 1817 3460 1877 εἶναι.
3491 1823 3601 1876 Καὶ
3636 1821 3740 1891 γὰρ

469 1911 726 1966 υι·ῐιοιηο
772 1913 930 1968 albus
973 1913 1065 1977 sit.
1103 1915 1189 1970 vel
1232 1930 1339 1968 non
1390 1915 1547 1969 albus
1582 1931 1595 1967 :
1627 1913 1823 1968 eodem
1860 1913 2044 1979 modo,

470 2012 530 2056 ut
597 2018 828 2072 procera
889 2013 1122 2073 statura,
1167 2015 1228 2060 ut
1279 2006 1537 2075 prudens,
1571 2013 1632 2059 ut
1684 2007 1859 2060 simus
1895 2004 2045 2075 [hoe,

471 2109 572 2148 nec
623 2110 748 2148 cum
802 2097 980 2160 adest,
1024 2097 1262 2168 speciem
1299 2097 1748 2168 eonservat(non
1801 2096 1945 2150 enim
1979 2095 2046 2149 ad

469 2185 989 2252 ejus‘dellnitionem
1047 2189 1393 2260 assumitur).
1421 2204 1521 2244 nec
1558 2203 1684 2243 cum
1725 2188 1880 2244 abest
1927 2203 2047 2242 eam

472 2276 786 2333 labefactat.
848 2278 1217 2346 Quantumvis
1285 2282 1432 2334 enim
1488 2279 1751 2350 Ethiops
1809 2279 2050 2334 candore

471 2375 678 2432 careat,
731 2369 867 2423 nihil
915 2371 1019 2425 hoc
1077 2371 1298 2436 laeserit,
1337 2379 1396 2425 ut
1449 2387 1520 2426 ne
1575 2371 1742 2425 homo
1791 2370 2045 2425 exsistat.

470 2457 696 2512 Accedit
744 2461 912 2530 igitur
943 2476 1006 2516 ac
1049 2461 1259 2517 recedit
1299 2478 1320 2525 ;
1357 2476 1460 2515 nec
1503 2462 1740 2517 subinde
1786 2462 2062 2532 subjecta:-

472 2549 798 2604 substautiae
846 2553 1114 2608 rationem
1169 2551 1336 2607 Iaedit.
1400 2552 1654 2608 Diximus
1712 2553 1859 2608 enim
1917 2553 2052 2608 sub-

473 2641 734 2696 stantiam
794 2643 1032 2714 subjecti
1109 2645 1232 2698 loco
1259 2659 1324 2699 ac
1393 2645 1636 2700 materia:
1711 2659 1837 2699 esse
1904 2644 2053 2699 acci-

472 2730 670 2802 denti].

544 2819 654 2888 29
713 2817 825 2874 Iloc
866 2837 1031 2891 porro
1098 2821 1358 2878 accidens
1404 2823 1658 2880 bifariam
1727 2825 2047 2880 dividitur:

476 2924 672 2978 nempe
691 2909 744 2963 in
769 2925 886 2964 eam
909 2928 1028 2980 qua:
1045 2913 1413 2968 communiter
1429 2913 1647 2976 dicitur.
1664 2914 2050 2983 differentiam,

477 3006 530 3052 et
551 2999 603 3052 in
628 3015 744 3053 eam
781 3017 902 3070 qua:
942 3003 1183 3072 proprie.
1214 3001 1526 3060 Diﬂ‘erentia
1565 3007 1934 3062 communiter
1963 3008 2058 3066 di-.

476 3097 688 3150 cta,est
713 3092 969 3147 accidens
999 3095 1328 3164 separabile,
1355 3112 1406 3150 ν.
1436 3098 1728 3167 gr.,.sedet
1752 3099 2051 3169 quispiam.
2081 3119 2124 3178 (ς

479 3194 544 3234 ac
568 3181 704 3234 alter
727 3189 855 3236 stat.
884 3182 1098 3254 Quippe
1133 3186 1248 3240 ﬁeri
1293 3196 1498 3257 potest,
1533 3196 1594 3242 ut
1634 3199 1898 3259 surgente
1957 3192 2054 3247 illo

479 3271 574 3342 qui
649 3273 894 3338 sedebat,
951 3283 1006 3332 et
1047 3270 1272 3334 sedente
1341 3279 1432 3332 illo
1484 3281 1576 3350 qui
1627 3282 1832 3348 stabat,
1863 3299 2060 3340 eorum

481 3361 788 3417 dill'ercntia
821 3375 1135 3436 separetur,
1169 3377 1331 3434 atque
1367 3379 1424 3422 ut
1469 3369 1706 3441 quisque
1731 3374 1892 3426 aliam
1960 3389 2060 3442 pro

480 3452 586 3505 alia
643 3455 886 3510 vicissim
937 3459 1197 3528 accipiat.
1261 3457 1408 3525 Quin
1457 3469 1512 3515 et
1550 3477 1580 3514 a
1625 3462 1808 3532 seipso
1856 3462 2061 3518 dicitur

482 3543 610 3612 quis
649 3543 894 3612 differre,
939 3551 1153 3603 ratione
1209 3550 1514 3606 accidentis
1567 3555 1912 3622 separabilis.
1973 3555 2064 3610 Et-

482 3638 628 3690 enim
649 3637 776 3691 dmn
805 3640 961 3693 sedet
991 3655 1054 3696 ac
1086 3643 1298 3712 surgit;
1326 3643 1455 3718 dum
1488 3641 1644 3698 ﬂoret
1673 3653 1852 3708 aetate,
1881 3662 1944 3700 ac
1976 3663 2062 3701 se-

487 3730 664 3782 nescit
699 3746 714 3793 ;
750 3729 880 3784 dum
921 3732 1155 3787 adversa
1189 3734 1508 3791 valetudine
1539 3737 1771 3803 laborat,
1799 3755 1864 3794 ac
1892 3757 2061 3796 sanus

487 3827 590 3885 est,
653 3821 887 3890 aliisque
936 3823 1248 3892 ejusiuodi,
1299 3841 1331 3882 a
1391 3829 1575 3899 seipse
1624 3831 1806 3900 quivis
1857 3833 2059 3888 dill‘crt.

487 3907 716 3978 PrOpria
753 3927 972 3983 quoque
997 3915 1309 3972 diﬂ‘erentia
1339 3927 1446 3984 est,
1474 3921 1732 3977 accidens
1755 3924 1889 3978 illud
1914 3926 2062 3994 quod

489 4001 733 4070 separari
767 4019 872 4058 non
899 4014 1098 4075 potest.
1131 4006 1202 4064 Ut
1236 4013 1283 4065 si
1315 4018 1442 4082 quis
1471 4013 1648 4069 simus
1685 4014 1790 4077 sit.
1818 4031 1929 4070 non
1962 4031 2062 4087 po-

489 4100 597 4146 test
629 4093 743 4148 haac
767 4095 984 4153 simitas
1013 4099 1082 4153 ab
1118 4115 1186 4155 eo
1217 4103 1493 4171 separari.
1526 4102 1848 4174 Eodemque
1899 4107 2063 4162 modo

2153 1909 2430 1981 ἐνδέχεται
2456 1951 2470 1974 ,
2504 1911 2798 1982 ἄνθρωπον
2835 1912 2933 1964 καὶ
2991 1911 3186 1965 λευκόν
3212 1928 3224 1942 ⁸
3250 1912 3453 1982 ὁμοίως
3471 1953 3486 1975 ,
3517 1913 3611 1966 καὶ
3639 1929 3741 1983 μα-

2154 2000 2306 2073 κρὸν,
2338 2001 2433 2055 καὶ
2456 2003 2744 2074 φρόνιμον,
2781 2003 2876 2056 καὶ
2911 2002 3069 2074 σιμόν
3099 2014 3144 2056 Ρ.
3178 2001 3378 2075 [Τοῦτο
3413 2002 3537 2058 οὔτε
3567 2002 3740 2073 παρὸν

2155 2092 2322 2154 σώζει
2356 2093 2417 2146 τὸ
2473 2089 2635 2158 εἶδος.
2673 2096 2748 2149 Ού
2783 2095 2894 2167 γὰρ
2927 2095 3269 2166 λαμϐάνεται
3301 2097 3381 2160 εἰς
3425 2095 3519 2150 τὸν
3543 2095 3638 2150 τοῦ
3672 2095 3742 2150 εῖ-

2152 2181 2276 2243 δους
2308 2183 2556 2254 ὁρισμὸν,
2608 2184 2733 2238 οὔτε
2779 2187 2918 2241 ἀπὸν
2953 2186 3186 2258 φθείρει.
3221 2186 3342 2241 Κᾶν
3372 2187 3481 2258 γὰρ
3522 2187 3597 2257 μὴ
3647 2183 3740 2260 ᾖό

2152 2271 2348 2343 Αἰθίοψ
2390 2275 2604 2340 λευκὸς,
2633 2277 2786 2330 οὐδὲν
2817 2277 3303 2349 παραϐλαϐήσεται
3341 2277 3477 2350 πρὸς
3499 2278 3562 2330 τὸ
3602 2273 3739 2332 εἶναι

2153 2363 2456 2437 ἄνθρωπος.
2496 2368 2712 2422 Γίνεται
2741 2365 2835 2424 οῦν
2861 2373 2956 2424 καὶ
2984 2371 3326 2439 ἀπογίνεται,
3357 2372 3453 2425 καὶ
3481 2370 3579 2442 τὴν
3605 2371 3741 2425 ὑπο.

2154 2456 2416 2529 κειμένην
2456 2458 2646 2513 οὐσίαν
2686 2462 2746 2514 ού
2785 2460 3190 2532 παραϐλὰπτει.
3233 2462 3486 2532 Ἐφημεν
3515 2461 3627 2533 γὰρ
3665 2460 3740 2526 ῶς

2154 2549 2188 2618 ἠ
2218 2549 2376 2603 οὐσία
2403 2550 2764 2623 ὑποκείμενον
2795 2553 2888 2606 καὶ
2918 2552 3021 2624 ὕλη
3052 2554 3137 2618 τίς
3165 2556 3282 2608 ἐστι
3320 2553 3430 2609 τῶν
3464 2553 3742 2624 συμϐεϐη-

2155 2640 2379 2713 aid-:wa

2226 2822 2398 2876 Τοῦτο
2423 2823 2486 2877 τὸ
2525 2825 2874 2896 συμϐεϐηκὸς
2903 2827 3194 2900 διαιρεῖται
3234 2831 3315 2894 εἰς
3343 2829 3438 2884 δύο
3467 2846 3482 2862 ο
3507 2831 3588 2895 εἰς
3637 2829 3741 2902 τὴν

2157 2912 2351 2977 κοινῶς
2382 2912 2682 2986 λεγομένην
2710 2916 2997 2989 διαφορὰν,
3024 2921 3116 2972 καὶ
3147 2923 3226 2984 εἰς
3251 2920 3352 2992 τὴν
3386 2920 3532 2984 ἰδίως
3555 2921 3743 2990 διαφο-

2159 3006 2258 3076 ράν
2277 3023 2291 3036 ο
2328 3006 2524 3070 κοινῶς
2557 3008 2654 3078 μὲν
2687 3004 2784 3062 οὖν
2810 3010 3044 3082 διαφορά
3065 3014 3182 3066 ἐστι
3208 3013 3269 3066 τὸ
3294 3013 3563 3084 χωριστὸν
3599 3031 3744 3084 συμ-

2158 3097 2427 3168 ϐεϐηκύςο
2475 3093 2590 3152 οἷον
2645 3099 2884 3172 κάθηται
2941 3120 3047 3166 τις,
3092 3104 3188 3157 καὶ
3242 3105 3430 3171 ἕτερος
3488 3105 3704 3158 ἵσταται
3727 3119 3746 3136 ⁸

2161 3191 2435 3260 ἐνδέχεται
2476 3190 2586 3262 γάρ
2607 3191 2666 3244 ὲν
2694 3191 2774 3262 τῷ
2813 3194 3110 3262 ἀναστῆναι
3138 3195 3233 3249 τὸν
3265 3195 3596 3266 καθήμενον,
3651 3197 3751 3249 καὶ

2159 3281 2383 3335 καθίσαι
2429 3281 2521 3335 τὸν
2567 3282 2897 3352 ἱστάμενον,
2953 3285 3290 3357 χωρισθῆναι
3339 3285 3438 3358 τὴν
3483 3287 3754 3359 διαφορὰν

2159 3371 2363 3438 αὐτῶν,
2396 3373 2490 3428 κα)⁵
2539 3372 2726 3427 λαϐεῖν
2782 3375 2979 3440 αὐτοὺς
3026 3377 3194 3448 ἀλλην
3242 3378 3359 3432 ἀντ’
3385 3379 3573 3450 ἄλλης.
3639 3381 3754 3432 Καὶ

2161 3462 2358 3522 ἑαυτοῦ
2384 3463 2441 3518 δέ
2480 3482 2564 3528 τις
2601 3463 2821 3533 λέγεται
2869 3465 3171 3538 διαφέρειν,
3233 3469 3458 3522 κατὰτὸ
3484 3470 3754 3539 χωριστὸν

2162 3556 2528 3626 συμϐεϐηκός.
2566 3558 2818 3630 Διαφέρει
2866 3560 2976 3630 γὰρ
3035 3559 3229 3614 ἑαυτοῦ
3277 3563 3336 3613 ὲν
3367 3559 3445 3630 τῷ
3473 3561 3753 3630 καθῆσθαι

2161 3651 2256 3730 καὶ
2301 3650 2622 3706 ἀνίστασθαι
2651 3667 2665 3680 ⁸
2709 3652 2767 3706 ὲν
2793 3651 2872 3722 τῷ
2912 3651 3132 3716 νεάζειν
3183 3654 3276 3707 καὶ
3325 3657 3504 3726 γηρᾷν
3531 3671 3548 3687 ο
3595 3657 3654 3708 ὲν
3675 3653 3756 3726 τῷ

2162 3746 2340 3796 νοσεῖν
2384 3745 2478 3798 καὶ
2507 3745 2801 3812 ὑγιαίνειν,
2845 3749 2942 3800 καὶ
2985 3749 3100 3810 τοῖς
3153 3748 3440 3814 τοιούτοις.
3477 3750 3649 3814 Ἰδῐως
3694 3752 3756 3806 δὲ
3843 3741 3854 3750 ’

2161 3835 2396 3906 διαφορά
2417 3838 2531 3889 ἐστι
2548 3837 2610 3890 τὸ
2634 3837 2938 3909 ἀχώριστον
2964 3838 3312 3910 συμϐεϐηκός
3332 3858 3346 3872 ο
3367 3835 3502 3906 οἷον,
3530 3841 3646 3895 ἔστι
3673 3860 3759 3907 τις

2165 3927 2346 3997 σιμὸς,
2380 3928 2643 3984 ἀδύνατον
2689 3929 3027 4001 χωρισθῆναι
3091 3930 3260 3985 αὑτοῦ
3298 3932 3398 4003 τὴν
3451 3935 3751 4003 σιμότητα,

2163 4019 2366 4088 ὁμοίως
2395 4020 2488 4074 καὶ
2523 4022 2623 4092 τὴν
2661 4022 3031 4095 γλαυκότητα,
3061 4024 3253 4078 καὶτὰ
3285 4025 3532 4080 τοιαῦτα.
3593 4026 3756 4080 Κατά

2163 4107 2336 4162 ταῦτα
2367 4106 2461 4163 οὖν
2484 4111 2555 4165 τὰ
2579 4112 2863 4183 ἀχώριστα
2917 4115 3324 4186 συμϐεϐηκότα,
3378 4117 3580 4188 ἄτομον
3629 4119 3760 4172 ἀτό-

488 4182 556 4238 de
616 4187 794 4241 caesiis
849 4189 1026 4242 oculis
1069 4205 1133 4244 ac
1174 4191 1475 4248 similibus.
1532 4192 1636 4248 Per
1659 4195 1986 4282 htec‘itaque
2010 4206 2054 4253 el

2169 4216 2296 4270 μου,
2316 4201 2600 4256 τουτέστιν
2619 4182 2920 4268 ὑπόστασις
2953 4182 3316 4270 ὑποστάσεως
3337 4182 3609 4278 διαφέρει,
3639 4209 3756 4262 Αὐ-

489 4278 884 4346 iuscparabilia
925 4281 1256 4347 accidentia,
1286 4285 1627 4340 individuum
1653 4287 1722 4341 ab
1758 4278 2054 4360 individuo.

2165 4292 2257 4355 τὸς
2287 4291 2344 4345 δὲ
2369 4291 2563 4345 ἑαυτοῦ
2615 4293 2861 4364 διαφέρει
2909 4295 3189 4350 οὐδέποτε.
3217 4297 3404 4352 Ταῦτα
3430 4299 3488 4350 δὲ
3520 4299 3581 4352 οὐ
3627 4317 3759 4354 συν-

491 4366 596 4422 hoc
635 4377 718 4422 est
755 4369 1066 4441 hypostasis
1097 4376 1166 4429 ab
1199 4376 1483 4447 bypustasi
1513 4378 1720 4434 diﬂ'ert.
1769 4379 2054 4452 Nunquam

2169 4382 2416 4438 τελοῦσιν
2464 4385 2544 4448 εἰς
2584 4387 2866 4456 ὀρισμὸνιι
2889 4385 3010 4458 [τῆς
3037 4388 3275 4461 φύσεως]
3314 4390 3591 4460 ἐνδέχεται
3642 4393 3758 4464 γὰρ

489 4468 676 4514 tamen
722 4463 1018 4533 quisquam
1051 4483 1080 4520 a
1123 4469 1308 4538 seipse
1349 4469 1554 4526 dilI'ert.
1594 4471 1724 4528 Ilaec
1781 4489 1947 4540 porro
1986 4477 2054 4531 ni-

2169 4475 2456 4547 ἄνθρωπον
2481 4471 2622 4530 εἶναι
2655 4477 2835 4547 σιμὸν,
2875 4481 2970 4532 καὶ
3005 4480 3080 4553 μὴ
3119 4459 3278 4534 εἶναι.
3335 4459 3754 4553 Καῖάπογινολ

466 4551 882 4610 'hilconferunt
911 4557 978 4613 ad
1011 4559 1410 4620 deﬁnitionem.
1455 4562 1644 4620 Potest
1701 4566 1848 4622 enim
1897 4567 2054 4624 homo

2175 4567 2344 4638 μένης
2374 4568 2474 4639 τῆς
2509 4567 2914 4642 γλαυκότητος,
2961 4551 3116 4627 οὐδέν
3167 4568 3331 4645 ἦττον
3382 4575 3412 4626 6
3463 4551 3758 4647 ἄνθρωπος

488 4644 666 4700 simus
723 4663 846 4704 esse
892 4657 1088 4706 etnon
1132 4667 1279 4717 esse,
1335 4669 1400 4712 ac
1432 4656 2061 4729 recedenteglaucitate,
2175 4659 2328 4729 μένει
2360 4659 2670 4731 ἄνθρωποςο

489 4736 851 4796 nihilosecius
884 4741 1050 4798 homo
1077 4747 1408 4802 remanebit.

1115 4835 1272 4892 CAP.
1305 4837 1446 4895 XIV.

1087 4923 1167 4978 De
1231 4927 1466 4994 proprio.

559 5007 877 5078 Dilierentia
931 5013 1228 5067 communis
1293 5025 1342 5068 et
1389 5018 1630 5087 propria,
1673 5049 1746 5062 --
1777 5021 2054 5094 Pwprium

2235 5026 2310 5080 Τὸ
2342 5025 2472 5080 [διον
2519 5025 2801 5096 τετραχῶς
2840 5027 3081 5095 λέγεται.
3124 5027 3365 5098 Πρῶτον,
3400 5029 3429 5082 6
3457 5031 3599 5099 μόνῳ
3652 5029 3760 5100 μὲν

482 5110 729 5174 quatuor
780 5104 963 5160 modis
1011 5104 1236 5160 dicitur.
1292 5105 1560 5176 Primum,
1611 5112 1758 5181 quod
1793 5115 1895 5169 soli
1941 5133 2054 5185 spe-

2171 5118 2408 5189 ὐπάρχει
2429 5117 2507 5188 τῷ
2537 5118 2689 5182 εῖδει,
2715 5119 2776 5172 οὐ
2802 5121 2963 5173 παντὶ
2985 5120 3041 5173 δέ
3064 5137 3078 5149 ·
3109 5120 3302 5193 ὥσπερ
3322 5121 3382 5176 τὸ
3415 5127 3760 5194 γεωμετρεῖν

485 5191 587 5248 cici
626 5195 788 5256 inest.
839 5194 935 5248 sed
977 5209 1087 5248 non
1136 5197 1305 5262 oumi,
1353 5206 1415 5252 ut
1463 5199 1672 5256 homini
1722 5213 2054 5272 geometram

2168 5209 2270 5282 τῷ-
2288 5211 2564 5284 ἀνθρώπῳ
2589 5229 2602 5242 ·
2649 5212 2810 5283 μόνος
2859 5213 2969 5283 γὰρ
2998 5215 3026 5267 6
3061 5191 3352 5284 ἄνθρωπος
3403 5191 3753 5285 γεωμέτρης.

479 5291 639 5344 esse;
702 5280 860 5338 solus
914 5280 1062 5338 enim
1124 5282 1290 5340 homo
1342 5296 1622 5358 georuetra
1656 5301 1764 5359 est,
1802 5295 1897 5349 sed
1950 5310 2054 5350 nou

2187 5280 2329 5356 ’Ᾰλλ’
2364 5280 2426 5357 ού
2458 5280 2568 5369 πᾶς
2591 5280 2880 5376 ἄνθρωπος
2905 5280 3247 5378 γεωμέτρης.
3281 5280 3566 5379 Δεύτερον,
3611 5280 3758 5378 ϐπερ

2787 4841 3040 4896 ΚΕΦΑΛ.
3065 4843 3155 4899 IA'.

2851 4938 2992 5004 Περὶ
3018 4935 3189 4991 ἰδίου.

1759 5468 1896 5522 νΑιι
1914 5466 2006 5523 IIE
2053 5467 2462 5529 LECTIONES.

548 5573 576 5600 ⁸³
617 5570 744 5658 Hrcc
765 5555 966 5658 desunt
996 5578 1160 5658 etiam
1202 5580 1256 5635 in
1291 5580 1531 5658 breviori
1575 5582 1792 5658 Lo_gica_.
1871 5593 1898 5620 ο
1939 5584 2065 5640 Haec
2105 5603 2326 5656 quoque
2375 5589 2428 5642 in
2485 5589 2940 5658 compendiosiori
2975 5589 3170 5646 absunt
3197 5587 3505 5643 Dialectica.
3578 5596 3612 5658 ,Ρ
3644 5585 3756 5641 No-

490 5645 970 5730 ειρῃκαὶυσιμὸν,
1009 5650 1127 5730 ,και
1179 5654 1411 5730 γρυπόν.
1450 5645 1820 5730 ρυωιᾱέἰηάσ
1857 5645 2163 5730 sequuntur
2197 5645 2372 5730 usque
2419 5660 2485 5712 ad
2541 5645 2654 5715 huic
2707 5661 2892 5726 verba,
2952 5645 3112 5714 τοῦτο
3157 5661 3216 5713 τὸ
3272 5657 3643 5730 συμϐεϐηκός,
3695 5659 3756 5712 iu

491 5714 956 5785 compendiosiori
999 5714 1492 5788 Logica'absunt."
1522 5735 1550 5774 tt
1583 5725 1787 5781 Desunt
1809 5714 2008 5782 haec-in
2038 5714 2502 5800 breviori'Logica.
2585 5714 2600 5746 ί
