3974 6338
259 300 366 363 577

1637 307 1838 367 DIAIJ

1947 308 2099 369 'ICA.
3410 324 3514 389 δῖε
3544 314 3553 329 ’

264 412 429 466 πει-»τι
450 414 549 483 μὲν
570 412 827 483 ὑπάρχει,
842 414 903 465 οὐ
929 412 1075 485 μόνῳ
1095 412 1174 479 δὲ,
1202 414 1276 477 ὡς
1297 415 1357 468 τὸ
1372 416 1578 470 δίπουν.
1606 416 1719 479 Πᾶς
1739 416 1838 486 γὰρ

1950 418 2131 472 omnis
2171 416 2333 473 homo
2373 427 2455 477 est
2504 430 2802 492 geometra.
2869 423 3143 495 Secundo,
3179 429 3323 500 quod
3366 434 3513 486 omni

260 499 842 573 ἄνθρωποςδίπους,οὑ
873 501 1033 572 μόνος
1066 503 1122 555 δὲ
1153 503 1436 573 ἄνθρωπος
1468 504 1677 569 δίπους,
1714 504 1848 557 ἀλλᾶ

261 598 358 650 καὶ
373 594 788 667 περιστερὰ,καὶ
811 593 877 646 τὰ
896 592 1141 648 τοιαῦτα.
1170 593 1524 665 Τρίτον,ὅπερ
1547 594 1707 647 παντὶ
1726 594 1843 663 μὲν,

261 687 359 739 καὶ
401 685 567 756 μόνῳ,
599 685 701 738 οὒκ
736 684 917 749 ἀεὶδὲ,
939 684 1015 748 ὡς
1037 684 1098 738 τὸ
1118 684 1431 738 πολιοῦσθαι
1450 684 1525 754 τῷ
1556 683 1844 756 ἀνθρώπῳ.

262 777 435 829 τοῦτο
450 775 558 846 γὰρ
585 776 677 827 καὶ
704 775 866 827 παντὶ
887 775 1005 845 μὲν,
1033 776 1125 828 καὶ
1142 775 1287 846 μόνῳ
1298 774 1375 844 τῷ
1396 773 1667 846 ἀνθρώπῳ
1680 776 1848 846 ἁρμόο

265 868 367 930 ζει,
394 868 495 920 οὐκ
512 868 599 919 ἀεὶ
612 864 689 930 δὲ,
710 864 894 918 ἀλλ’ἐν
912 864 988 934 τῷ
1002 865 1478 937 γήρᾳ.Τέταρτον,
1496 865 1630 936 ὅπερ
1642 864 1849 933 γίνεται

266 959 378 1011 τῶν
426 958 592 1029 τριῶν
623 955 854 1026 πρώτων
881 956 1294 1028 συνερχομένων
1322 972 1337 987 ⁸
1362 955 1632 1020 τουτέστι,
1664 956 1844 1020 παντὶ,

264 1048 358 1099 καὶ
388 1045 554 1115 μόνῳ,
587 1045 682 1098 καὶ
720 1044 803 1098 ἀεί
826 1059 839 1073 ·
884 1046 1020 1117 ὅπερ
1050 1047 1140 1099 καὶ
1174 1046 1518 1116 ἀντιστρέφει
1544 1064 1557 1078 ·
1579 1045 1766 1116 ὥσπερ
1787 1046 1848 1098 τὺ

263 1134 583 1203 γελαστικὸν
611 1133 687 1204 τῷ
713 1134 1004 1204 ἀνθρώπῳ,
1031 1134 1093 1186 τὸ
1125 1134 1537 1205 χρεμετιστικὸν
1560 1132 1636 1203 τῷ
1671 1135 1843 1204 ἵππῳ,

268 1228 363 1279 καὶ
388 1226 457 1277 τὰ
484 1224 729 1277 τοιαῦτα.
759 1225 935 1287 Μόνος
967 1224 1077 1294 γὰρ
1120 1224 1407 1294 ἄνθρωπος
1457 1223 1568 1294 ἔχει
1595 1224 1654 1277 τὸ
1678 1222 1846 1293 γελα-

263 1315 472 1376 στικὸν,
502 1316 596 1367 καὶ
626 1316 735 1376 πᾶς
764 1314 1073 1385 ἄνθρωπος,
1118 1313 1212 1365 καὶ
1257 1314 1378 1366 ἀεί·
1419 1315 1466 1366 εί
1505 1315 1598 1367 καὶ
1644 1315 1717 1385 μὴ
1752 1316 1839 1367 ἀεὶ

262 1406 534 1474 κέχρηται
582 1401 839 1474 αὑτῷ.[τ
887 1403 956 1455 Et
999 1419 1051 1455 τι
1092 1402 1200 1475 γὰρ
1249 1400 1569 1473 ἄνθρωπος,
1627 1402 1845 1465 πάντως

264 1496 618 1563 γελαστικόν
647 1496 743 1548 καὶ
774 1496 828 1549 sl’
850 1513 901 1547 τι
922 1494 1265 1562 γελαστικὸν,
1297 1496 1512 1557 πάντως
1538 1492 1840 1564 ἄνθρωπος.

261 1587 437 1640 Τοῦτο
463 1588 571 1657 γάρ
590 1588 737 1639 ἐστιν
774 1586 1171 1658 ἁντιστρέφειν.
1207 1586 1342 1655 Περὶ
1368 1583 1559 1638 τούτου
1604 1584 1696 1636 τοῦ
1749 1600 1844 1653 ση-

262 1679 593 1747 μαινομένου
638 1678 789 1747 παρὰ
826 1678 941 1738 τοῖς
996 1676 1307 1745 φιλοσόφοις
1339 1677 1367 1727 ὁ
1391 1673 1596 1744 λόγος.]
1633 1676 1698 1727 "O
1748 1674 1842 1727 καὶ

1950 508 2170 578 quidem
2210 510 2412 579 speciei
2463 512 2627 577 inest,
2682 514 2778 570 sed
2814 531 2921 571 non
2972 519 3111 585 soli;
3150 528 3209 573 ut
3261 520 3511 590 bipedem

1950 614 2093 657 esse.
2127 599 2318 656 Omnis
2349 604 2548 672 quippe
2593 604 2756 661 homo
2800 607 2955 677 bipes
3005 619 3129 677 est;
3168 620 3221 665 at
3272 630 3379 666 non
3424 630 3517 668 so-

1953 689 2039 745 lus
2068 691 2231 744 homo
2255 700 2337 746 est
2368 693 2540 761 bipes,
2594 697 2685 748 sed
2740 698 2902 750 etiam
2956 699 3230 765 columba,
3267 710 3321 755 ct
3360 703 3515 758 simi-

1951 778 2045 831 lia.
2098 777 2304 842 Tertio,
2355 784 2499 849 quod
2559 784 2706 835 enini
2747 786 2968 853 quidem
3020 803 3081 841 ac
3125 791 3250 854 soli,
3294 801 3346 845 et
3404 808 3515 846 non

1952 882 2202 936 semper;
2252 868 2712 936 quemadmodum
2765 870 2973 925 hotuini
3034 890 3345 933 canescere.
3400 879 3516 936 l'loc

1950 958 2093 1008 enim
2126 959 2273 1010 onmi
2302 965 2352 1012 et
2377 959 2477 1011 soli
2505 959 2708 1012 homini
2742 963 3019 1024 convenit,
3052 972 3107 1017 at
3136 982 3241 1020 non
3276 984 3512 1039 semper;

1949 1058 2134 1096 verum
2166 1043 2218 1095 in
2253 1053 2537 1097 senectute
2571 1054 2803 1098 tantum.
2843 1046 3051 1111 Quarto
3075 1049 3333 1120 denique,
3370 1056 3515 1122 quod

1951 1129 2128 1183 tribus
2162 1131 2353 1200 primis
2403 1132 2452 1183 in
2505 1148 2674 1185 unum
2720 1136 3048 1189 coeuntilms
3096 1141 3375 1209 exsurgit,
3409 1143 3515 1197 hoc

1946 1226 2052 1283 est,
2105 1218 2248 1287 quod
2298 1220 2468 1281 omni,
2522 1235 2586 1273 ac
2633 1220 2755 1285 soli,
2810 1237 3140 1293 semperque
3219 1230 3512 1283 convenit:

1946 1309 2091 1379 quod
2126 1311 2255 1364 item
2284 1311 2658 1375 convertitur,
2710 1313 2788 1365 uti
2822 1314 2966 1368 risus
2998 1315 3231 1381 homini,
3266 1319 3516 1377 hinnitus

1945 1418 2107 1471 equo,
2142 1400 2357 1471 aliaque
2388 1402 2441 1455 id
2475 1417 2667 1471 genus.
2716 1401 2877 1457 Solus
2934 1406 3076 1459 enim
3119 1407 3282 1461 homo
3331 1410 3518 1465 risibi-

1945 1494 2012 1547 lis
2052 1500 2160 1559 est,
2194 1500 2247 1547 et
2308 1493 2487 1547 omnis
2546 1494 2732 1557 homo,
2791 1506 2843 1549 et
2900 1511 3135 1566 semper;
3176 1500 3393 1554 tametsi
3451 1515 3517 1556 ea

1946 1580 2210 1636 facultate
2245 1597 2353 1636 non
2403 1597 2620 1651 semper
2664 1590 2852 1636 utatur
2889 1583 3050 1655 [nam
3088 1587 3135 1639 si
3172 1587 3392 1656 quidem
3423 1599 3511 1644 est

1944 1669 2127 1734 homo,
2170 1669 2435 1723 risibilem
2488 1685 2609 1724 esse
2662 1685 2948 1726 necessum
3001 1680 3105 1737 est,
3150 1690 3212 1729 ac
3246 1678 3516 1746 quidquid

258 1768 673 1837 ὑπογράφοντες
694 1767 875 1838 φαμέν
901 1783 916 1800 ο
955 1766 1116 1819 Ἵδιόν
1152 1768 1297 1819 ἐστιν
1316 1764 1366 1837 [ὃ
1392 1767 1552 1819 παντὶ
1580 1764 1675 1817 καὶ
1705 1765 1838 1836 μόνιῳ

1954 1759 2161 1814 risibile
2190 1767 2295 1825 cst,
2330 1760 2605 1815 hominem
2652 1778 2775 1817 esse
2808 1772 3046 1833 oportet.
3090 1764 3204 1820 Hoc
3246 1778 3330 1821 est
3360 1769 3511 1822 enim

256 1857 339 1926 τῷ
372 1856 525 1918 εῖδει,
566 1856 659 1908 καὶ
695 1856 801 1919 ἀεὶ,
837 1855 1137 1925 ὑπάρχει..
1164 1851 1338 1905 Τοῦτο
1363 1851 1419 1904 δὲ
1449 1850 1649 1922 τριχῶς
1704 1850 1841 1902 διαι-

260 1945 489 2018 ροῦσινο
542 1946 650 2000 ἀπὸ
700 1946 803 2017 τῆς
855 1943 1289 2015 διοργανώσεως,
1328 1942 1396 2014 [ί
1433 1942 1685 1995 τουτέστι
1738 1940 1839 2010 τῆς

257 2035 663 2107 διαπλάσεως,]
694 2036 769 2099 ὡς
794 2035 856 2088 τὸ
888 2034 1276 2104 πλατυώνυχον
1299 2032 1416 2104 [καὶ
1457 2032 1521 2085 τὸ
1547 2030 1836 2103 ὀρθοπερι-

259 2124 594 2197 πατητικδν]
626 2124 704 2195 τῷ
728 2123 998 2195 ἀνθρώπῳ
1018 2139 1032 2154 ⁸
1064 2123 1173 2177 ἀπὸ
1201 2123 1303 2192 τῆς
1332 2121 1633 2192 ἐνεργείας,
1652 2121 1725 2182 ὡς
1756 2119 1835 2189 τῷ

258 2219 397 2288 πυρὶ
427 2217 491 2270 τὸ
518 2217 779 2270 ἀνωτάτω
808 2215 1070 2285 φέρεσθαι
1090 2228 1106 2243 ⁹
1151 2214 1259 2268 ἀπὸ
1285 2216 1382 2283 τῆς
1412 2212 1716 2282 δυνάμεωςο
1761 2210 1837 2272 ὡς

256 2309 491 2378 λέγομεν
542 2306 620 2378 τῷ
674 2310 810 2378 πυρὶ
853 2307 1121 2376 ὑπάρχειν
1182 2304 1554 2377 θερμαντικὴν
1606 2302 1836 2371 δύναμιν

258 2398 705 2469 ὑπερϐάλλουσαν
725 2397 822 2459 τὰς
850 2396 959 2450 τῶν
983 2395 1159 2449 ἄλλων
1175 2394 1441 2464 σωμάτων
1466 2392 1831 2467 θερμότητας.

259 2491 493 2559 Λέγεται
516 2490 575 2543 δὲ
602 2489 663 2542 τὸ
693 2490 822 2542 ἴδιον
863 2487 1190 2549 έπουσιῶδες
1225 2486 1257 2556 ἦ
1281 2482 1699 2546 ὲπεισουσιῶδες
1719 2490 1768 2536 ιι.

1928 1850 2217 1917 converti,
2254 1864 2318 1905 ac
2370 1852 2766 1924 reciprocari].
2814 1854 2893 1909 Ac
2943 1855 3009 1910 de
3051 1856 3153 1910 hoc
3201 1860 3407 1928 preprii
3440 1860 3518 1913 si-

1944 1941 2203 2011 gniﬁcato
2251 1941 2534 1996 disserunt
2580 1943 2926 2014 philosophi;
2990 1946 3155 2015 inque
3206 1948 3352 2003 hunc
3402 1965 3518 2003 mo-

1943 2031 2072 2084 dum
2109 2031 2815 2103 deseribitur:Pr0prium
2872 2043 2977 2101 est,
3033 2038 3179 2106 quod
3236 2039 3407 2105 omni,
3461 2048 3517 2093 et

1938 2123 2041 2176 soli
2098 2123 2322 2193 speciei,
2372 2138 2437 2177 ac
2487 2139 2705 2195 semper
2781 2126 2942 2181 inest.
3017 2126 3131 2183 lloc
3174 2137 3356 2184 autem
3418 2131 3517 2183 tri-

1940 2210 2135 2266 fariam
2183 2212 2478 2269 dividunt:
2527 2216 2597 2270 ab
2642 2218 3029 2286 organicarum
3066 2220 3305 2289 partium
3353 2220 3517 2274 effor-

1939 2304 2215 2367 matione;
2267 2302 2347 2356 sic
2381 2304 2593 2358 homini
2646 2307 2905 2360 convenit
2964 2307 3108 2363 latos
3155 2325 3369 2379 ungues
3420 2311 3518 2363 ha-

1942 2389 2096 2452 bere,
2132 2395 2190 2442 et
2226 2398 2411 2444 erecto
2467 2406 2703 2462 corpore
2759 2394 3059 2451 incedere:
3127 2398 3196 2452 ab
3256 2406 3405 2463 actu,
3457 2411 3518 2453 ut

1946 2480 2057 2549 igni
2088 2494 2313 2547 vergere
2351 2496 2613 2537 sursum:
2652 2499 2681 2536 a
2722 2481 2988 2553 p'otentia,
3023 2495 3078 2541 et
3120 2489 3313 2557 agendi
3351 2491 3423 2555 vi,
3456 2500 3516 2544 nt

260 2584 441 2653 ignem
482 2583 532 2635 vi
565 2579 926 2635 calefaciendi
982 2579 1185 2648 pollere
1218 2577 1479 2641 dicimus,
1544 2589 1664 2644 qua}
1714 2586 2005 2641 corporum
2052 2572 2284 2624 aliorum
2325 2574 2536 2629 calores
2598 2576 2757 2647 longe
2828 2588 3068 2649 superet.
3146 2568 3357 2635 Dicitur
3421 2597 3517 2635 au-

261 2688 370 2734 tem
424 2676 707 2748 proprium
750 2673 1071 2729 substantiae
1131 2671 1471 2740 adjectitinm
1520 2668 1676 2740 quid,
1731 2683 1827 2722 seu
1864 2666 2167 2720 essentiam
2200 2680 2568 2735 consequens.

871 2768 1119 2821 ΚΕΦΑΛ.
1158 2767 1258 2820 ΙΕ’.

620 2858 757 2928 Περὶ
787 2858 906 2911 τῶν
933 2855 1487 2927 κατηγορουμένων.

333 2956 492 3009 Πᾶσα
543 2945 847 3023 κατηγορία
867 2990 882 3013 ,
909 2950 944 3020 ἢ
978 2950 1069 3003 Earl
1100 2948 1262 3002 πλέον
1293 2947 1524 3015 γίνεται,
1551 2946 1585 3017 ἢ
1618 2943 1835 3015 ἐπίσης.

270 3048 391 3100 Ἐπ’
418 3045 639 3098 ἔλαττον
670 3042 727 3095 δὲ
764 3041 1041 3096 οὐδέποτε.
1101 3039 1212 3092 Καὶ
1258 3038 1351 3090 ἐπὶ
1384 3035 1548 3089 πλέον
1590 3035 1711 3106 μὲν,
1748 3035 1838 3087 ὅτε

259 3137 328 3189 τὰ
353 3132 763 3205 καθολικώτερα
808 3127 1240 3202 κατηγοροῦνται
1272 3128 1380 3182 τῶν
1416 3125 1833 3199 μερικωτέρων’

260 3224 671 3296 καθολικώτερα
711 3218 805 3278 οῦν
844 3224 950 3275 είσι
988 3220 1055 3275 τὰ
1091 3221 1275 3274 ἐπάνω
1308 3236 1323 3252 ο
1381 3217 1726 3290 μερικώτερα
1757 3218 1836 3281 δὲ,

260 3319 332 3371 τὰ
353 3317 634 3371 ὑποκάτω.
659 3304 770 3368 Kal
798 3312 1231 3382 καθολικώτερον
1265 3308 1365 3380 μὲν
1396 3311 1614 3363 πάντων
1638 3308 1757 3361 ἐστὶ
1779 3308 1839 3361 τὸ

260 3408 345 3475 δν,
373 3409 451 3461 διὸ
470 3407 567 3461 καὶ
589 3406 807 3460 πάντων
828 3405 1238 3475 κατηγορεῖται.
1280 3400 1390 3454 Kal
1410 3400 1520 3473 γὰρ
1560 3401 1655 3455 καὶ
1681 3403 1714 3471 ή
1745 3399 1840 3453 οὐ·

263 3502 357 3554 σία
391 3500 450 3553 ὃν
494 3498 742 3566 λέγεται,
792 3496 888 3549 καὶ
917 3494 980 3548 τὸ
1023 3491 1370 3563 συμϐεϐηκὸς
1405 3491 1465 3545 ὃν
1491 3492 1728 3561 λέγεται.
1763 3490 1838 3544 Οὐ

262 3590 545 3662 δυνάμεθα
572 3590 628 3643 δὲ
662 3589 836 3642 εἰπεῖν
855 3629 869 3652 ,
896 3587 980 3639 ὃτι
1008 3585 1069 3638 τὸ
1098 3584 1158 3639 ὃν
1189 3583 1347 3638 οὐσία
1380 3583 1545 3638 ἐστίν.
1578 3584 1652 3637 Οὐ
1682 3583 1840 3652 μόνον

261 3685 375 3755 γὰρ
396 3682 548 3735 οὐσία
569 3680 684 3734 ἐστὶ
709 3681 770 3733 τὸ
797 3678 876 3743 ὃν,
910 3677 1043 3732 ἀλλὰ
1072 3676 1165 3730 καὶ
1190 3675 1554 3746 συμϐεϐηκός.
1600 3672 1838 3743 ὐμοίως

264 3776 361 3829 καὶ
392 3774 523 3843 γένη
582 3769 1012 3841 κατηγοροῦνται
1060 3767 1169 3820 τῶν
1210 3766 1388 3833 εἰδῶν,
1420 3765 1495 3827 ὡς
1539 3761 1841 3818 καθολικώ-

260 3882 438 3937 τεραο
462 3865 530 3920 τὰ
565 3863 621 3916 δὲ
647 3863 763 3931 εἴδη
799 3862 859 3913 οὐ
900 3858 1337 3932 κατηγοροῦνται
1386 3855 1495 3909 τῶν
1538 3856 1713 3923 γενῶν
1747 3853 1843 3907 αὑ-

260 3956 395 4008 τῶν.
424 3955 506 4007 Τὰ
541 3952 597 4006 δὲ
632 3953 747 4023 εἴδη
779 3947 1192 4019 καθολικώτερα
1222 3945 1397 4015 γενῶν
1446 3946 1576 4008 εἱσι,
1609 3959 1842 4012 κατηγο-

263 4046 442 4116 ρεῖται
495 4040 732 4111 τοίνυνή
764 4039 920 4093 οὐσία
970 4037 1064 4091 τοῦ
1117 4036 1277 4102 ζώου,
1337 4036 1429 4090 καὶ
1450 4034 1509 4088 τὸ
1541 4034 1676 4097 ζῶον
1743 4032 1838 4086 τοῦ

262 4130 578 4200 ἀνθρώπου.
638 4130 749 4182 Kal
801 4129 910 4198 γὰρ
977 4127 1039 4179 τὸ
1098 4125 1235 4191 ζῶον
1305 4125 1463 4178 οὐσία
1536 4125 1687 4188 ἐστὶ,
1745 4124 1841 4177 καὶ⁸

260 4223 552 4294 ἄνθρωπος
603 4220 743 4287 ζῶόν
780 4222 947 4274 ἔστιν.
975 4218 1087 4272 Οὐκ
1108 4215 1561 4286 ἀντιστρέιξειδέσ
1596 4216 1701 4277 πᾶς
1741 4214 1839 4283 μὲν

259 4316 380 4385 γὰρ
416 4312 697 4381 ἅνθρωπος
719 4352 734 4376 ,
787 4307 955 4372 ζῶον
995 4308 1054 4360 οὺ
1097 4306 1205 4360 πᾶν
1238 4305 1293 4360 δὲ
1317 4305 1473 4370 ζῶον,
1532 4303 1835 4375 ἅνθρωπος.

2508 2763 2617 2833 30
2656 2764 2805 2819 CAP.
2838 2765 2953 2821 xv.

2348 2853 2425 2908 De
2452 2855 2531 2909 his
2572 2873 2689 2925 qua:
2717 2858 3104 2925 prwdicantur.

2017 2943 2375 2999 Pmdicatum
2403 2962 2574 3010 omne,
2614 2957 2707 3000 aut
2753 2953 3017 3018 superius,
3071 2962 3163 3005 aut
3196 2955 3415 3024 aequale.
3442 2986 3513 2996 —

2026 3034 2199 3092 Omne
2224 3037 2599 3106 praedicatum,
2629 3049 2727 3094 aut
2782 3040 2949 3097 latius
3003 3051 3148 3112 patet
3177 3061 3340 3115 quam
3382 3049 3515 3103 sub-~

1939 3126 2171 3197 jeclum,
2213 3136 2307 3183 aut
2347 3145 2538 3200 aeque;
2570 3130 2753 3186 minus
2794 3140 2975 3188 autem
3030 3135 3163 3197 late.-
3205 3152 3510 3207 nunquam.

1942 3215 2134 3272 Latius
2188 3217 2476 3285 nimirum,
2522 3215 2647 3274 cum
2679 3236 2800 3290 qum
2848 3223 3014 3277 latius
3064 3233 3285 3293 patent,
3325 3227 3393 3282 de
3427 3229 3513 3283 his

1944 3296 2077 3380 qua!
2094 3311 2274 3365 minus
2306 3310 2413 3366 late
2445 3319 2669 3382 patent,
2696 3312 3088 3382 praedicantur.
3122 3316 3317 3372 Latius
3340 3333 3514 3387 porro

1946 3412 2133 3475 patent
2190 3404 2523 3474 superiora:
2581 3406 2763 3459 minus
2829 3406 2938 3459 late
2998 3406 3283 3462 inferiora.
3334 3408 3516 3476 Quare

1945 3507 2070 3551 cum
2100 3512 2198 3551 ens
2239 3496 2403 3551 latius
2449 3496 2707 3551 omnibus
2742 3505 2944 3566 pateat,
2978 3496 3045 3551 de
3078 3498 3339 3553 omnibus
3373 3515 3516 3569 quo-

1946 3601 2052 3657 que
2082 3586 2315 3657 proinde
2354 3588 2521 3643 rebus
2567 3588 2926 3656 praedicatur.
2952 3585 3087 3641 Nam
3118 3596 3172 3642 et
3204 3588 3515 3646 substantia

1946 3679 2149 3732 dicitur
2178 3694 2310 3744 ens;
2364 3687 2418 3732 et
2456 3678 2718 3733 accidens
2772 3679 2902 3732 item
2951 3693 3050 3734 ens
3095 3679 3319 3734 dicitur.
3373 3680 3517 3737 Illud

1946 3778 2127 3822 autem
2163 3769 2346 3823 dicere
2368 3784 2475 3821 non
2507 3783 2822 3837 possumus,
2848 3784 2949 3823 ens
2973 3769 3338 3826 substantiam
3367 3787 3512 3829 esse.

1943 3859 2065 3914 Non
2098 3858 2244 3913 enim
2274 3874 2373 3914 ens
2414 3859 2728 3915 substantia
2781 3860 2960 3915 solum
2996 3868 3099 3927 est,
3146 3862 3244 3918 sed
3273 3871 3329 3919 et
3366 3865 3513 3920 acci-

1946 3951 2104 4005 dens.
2137 3949 2336 4003 Eodem
2370 3951 2528 4004 modo
2552 3965 2757 4020 genera
2784 3952 2852 4007 de
2882 3952 3170 4021 speciebus
3206 3948 3516 4024 prmdiCan-

1947 4049 2057 4105 tur,
2090 4050 2147 4095 ut
2182 4056 2303 4110 qua:
2362 4043 2631 4112 ampliora
2688 4052 2842 4098 sunt.
2903 4043 3107 4115 Contra
3169 4049 3388 4117 species
3446 4048 3516 4104 de

1947 4134 2063 4189 Suis
2125 4134 2419 4204 generibus
2484 4135 2706 4191 minime
2779 4135 3171 4207 prtedicantur;
3227 4150 3514 4209 propterea

1948 4225 2092 4296 quod
2126 4225 2337 4295 species
2373 4239 2480 4279 non
2520 4235 2631 4279 tam
2662 4225 2771 4281 late
2810 4234 3053 4296 pateant.
3086 4228 3355 4294 Quocirca
3385 4232 3515 4284 sub-

1947 4317 2151 4371 Stantia
2185 4317 2252 4371 de
2309 4316 2530 4371 animali
2586 4318 2941 4386 praedicatur,
2980 4327 3145 4389 atque
3184 4320 3390 4375 animal
3445 4321 3513 4376 de

258 4406 384 4487 Kal
410 4405 438 4456 ὁ
469 4405 632 4466 ἵππος
658 4402 789 4470 γὰρ,
820 4402 915 4454 καὶ
940 4400 967 4452 ὁ
996 4398 1139 4452 κύων
1166 4396 1282 4461 ζῶά
1304 4398 1440 4449 εἰσιν
1467 4412 1481 4427 ·
1514 4395 1575 4448 οὐ
1607 4397 1753 4448 πᾶσα
1782 4394 1838 4447 δὲ

1950 4408 2168 4462 homine
2197 4425 2208 4460 :
2251 4422 2377 4461 nam
2415 4407 2616 4462 animal
2646 4409 2957 4464 substantia
2988 4418 3093 4474 est,
3132 4419 3182 4465 et
3208 4411 3373 4466 homo
3400 4413 3515 4465 ani-

258 4485 430 4552 οὐσία
478 4492 615 4559 ζῶόν
653 4495 819 4546 ἐστιν.
863 4491 923 4544 '0
952 4489 1097 4553 λίθος
1120 4488 1229 4558 γὰρ
1268 4488 1361 4541 καὶ
1390 4487 1451 4540 τὸ
1480 4485 1634 4550 ξύλον
1686 4486 1842 4539 οὐσία

260 4589 439 4651 ἐστὶν,
480 4586 634 4639 ἆτινα
692 4584 792 4637 οὐκ
838 4582 946 4634 είσὶ
1007 4579 1137 4643 ζῶα.
1185 4578 1413 4647 Ὁμοίως
1456 4578 1550 4630 καὶ
1590 4576 1650 4629 τὸ
1705 4572 1841 4639 εἶδος

260 4680 654 4748 κατηγορεῖται
674 4674 780 4727 τῶν
817 4674 908 4725 ὑπ’
933 4670 1095 4724 αὑτοῦ
1138 4668 1543 4740 περιεχομένων
1602 4667 1838 4737 ἀτόμων,

259 4768 517 4823 τουτέστι
563 4765 670 4818 τῶν
709 4763 1060 4816 ὑποστάσεων
1084 4770 1145 4825 τ,
1168 4761 1242 4823 ὼς
1270 4758 1723 4831 καθολικώτερον.
1767 4758 1839 4810 Τὸ

158 4890 165 4893 -
260 4861 324 4914 δὲ
368 4859 590 4928 ἄτομον,
642 4857 809 4926 ἤγουν
855 4854 1181 4915 ὑπόστασις.
1221 4852 1282 4904 οὐ
1318 4854 1702 4923 κατηγορεῖται
1745 4850 1839 4904 τοῦ

263 4948 468 5009 εἴδους.
499 4946 858 5015 Μερικωτέρα
886 4943 996 5013 γάρ
1023 4946 1137 4995 ἐστι
1153 4940 1245 4993 τοῦ
1268 4941 1438 5004 εἴδους
1459 4943 1492 5009 ἡ
1522 4941 1840 5001 ὑπόστασις.

265 5038 390 5095 Kal
418 5038 618 5108 Πέτρος
645 5038 823 5090 τοίνυν
868 5034 1158 5106 ἄνθρωπός
1189 5033 1328 5100 ἐστι,
1362 5034 1453 5085 καὶ
1493 5032 1706 5097 Παῦλος
1750 5032 1843 5087 ἇν-

1951 4498 2092 4559 mal,
2125 4507 2179 4550 at
2212 4513 2319 4550 non
2356 4512 2386 4551 e
2414 4512 2701 4553 converso.
2762 4497 2998 4569 Quippe,
3057 4502 3239 4556 omnis
3290 4502 3511 4571 quidem

1947 4586 2108 4639 homo
2138 4585 2338 4638 animal
2373 4593 2479 4652 est;
2509 4593 2562 4639 at
2599 4602 2705 4641 non
2741 4602 2905 4644 omne
2946 4588 3147 4643 animal
3197 4596 3281 4644 est
3327 4590 3512 4644 homo.

1950 4674 2231 4744 Siquidem
2258 4683 2309 4729 et
2342 4692 2516 4745 equus
2548 4685 2602 4731 et
2634 4679 2789 4734 canis
2828 4680 3087 4733 animalia
3131 4688 3281 4733 sunt.
3311 4679 3511 4735 Eodem

1947 4763 2110 4815 modo
2150 4777 2312 4821 omne
2359 4764 2561 4817 animal
2634 4766 2940 4821 substantia
2976 4778 3094 4831 cst;
3131 4775 3185 4820 at
3221 4783 3326 4820 non
3384 4770 3511 4821 item

1947 4853 2125 4905 omnis
2163 4853 2493 4919 substantia,
2531 4856 2753 4910 animal.
2787 4856 2919 4909 Nam
2961 4865 3012 4911 et
3055 4857 3193 4927 lapis
3223 4868 3276 4912 et
3307 4858 3510 4927 lignum

1947 4944 2267 4998 substantiae
2308 4953 2457 5005 sunt,
2511 4960 2611 4998 nec
2654 4955 2831 4999 tamen
2883 4956 3168 5016 prepterea
3215 4958 3346 5001 sunt
3393 4951 3512 5001 ani-

1948 5034 2135 5087 malia.
2192 5034 2283 5087 Sic
2335 5034 2499 5087 etiam
2558 5037 2774 5106 species
2838 5046 2896 5092 ut
2958 5039 3123 5094 latius
3192 5048 3385 5108 patens
3446 5039 3514 5093 de

1579 5193 1819 5250 ΥΑΠΙᾹΞ
1858 5192 2264 5249 LECTIONES.

344 5326 372 5356 τ
404 5315 525 5370 "me
550 5316 752 5371 omissa
793 5321 920 5367 sunt
954 5310 1008 5364 in
1040 5310 1278 5365 breviori
1311 5310 1524 5379 Logica.
1562 5378 1565 5379 ν
1606 5317 1627 5344 ³
1662 5306 1865 5379 Logicw
1895 5302 2419 5379 brevioris‘cgdice‘s
2444 5302 2556 5379 ὃ..ἒ
2579 5302 2841 5379 ὑπᾲρχον.
2926 5302 3105 5379 {Haec
3122 5300 3281 5379 etiam
3322 5300 3375 5379 ip
3408 5298 3513 5354 illis

264 5365 999 5453 desuin'tjnttet-quaepaulo
1030 5387 1151 5453 post
1187 5365 1493 5453 sequuntur
1519 5378 1584 5453 τὸ
1612 5365 1954 5453 *ὀρθόπεριπ
1984 5375 2124 5453 .Reg:
2156 5372 2320 5453 2927,

2372 5371 2491 5441 ἦτοι
2529 5369 2889 5435 διαπλᾶσεως,
2934 5372 3009 5434 ώς
3059 5370 3118 5422 τὸ
3154 5369 3516 5441 πλατυόνυχον

263 5439 667 5525 gestiebam.
706 5439 772 5525 ξι·
804 5439 1381 5525 εὶοτρρέτίεειίρῑιιιιι
1413 5450 1465 5501 in
1500 5439 1713 5525 αξιοιιιῑε
1767 5439 2039 5525 brevioris.
2075 5439 2295 5525 ἰοθίειξε
2356 5439 2963 5525 ςοάίείιξιιεςηιςεονιηεε
3003 5454 3124 5525 que.
3167 5439 3513 5525 ίηίθνρῑθίεει

264 5508 541 5587 vetustus,
599 5508 665 5579 et
710 5508 1060 5577 Basileens'is.
1124 5508 1301 5580 Prior,
1375 5519 1829 5588 superingressum
1886 5516 2105 5584 posuit;
2165 5508 2457 5581 posterior,
2506 5508 2869 5564 adventitium.
2922 5511 3047 5563 llatae
3108 5508 3516 5635 smuazt‘wegﬂ

265 5594 703 5635 ιπιηηηηητεδη
735 5592 1045 5635 :nbstnnlim
1078 5588 1406 5635 adieclilium
1436 5586 1559 5635 mild
1582 5627 1595 5635 .
1627 5596 1757 5635 ριρ..
1793 5602 1898 5635 una
1930 5600 2057 5635 voce
2088 5581 2344 5635 exprimit
2375 5579 2731 5635 Porpbvrius.
2762 5580 2852 5635 ubi
2879 5578 3161 5635 nroorium
3195 5577 3427 5635 appellat
3465 5594 3476 5630 ι

264 5577 708 5655 aeramnae;
734 5592 1045 5647 substantia:
1078 5577 1406 5657 adjectitium
1436 5577 1559 5658 quid
1582 5577 1757 5658 ete.,
1793 5577 1899 5658 una
1930 5600 2057 5658 voce
2088 5577 2344 5658 exprimit
2375 5579 2731 5658 Porphyrius,
2762 5580 2852 5635 ubi
2879 5578 3161 5651 proprium
3195 5577 3427 5649 appellat
3464 5578 3476 5630 i

266 5666 421 5736 quod
463 5649 761 5735 σύμφυτον,
789 5672 996 5715 natura
1033 5649 1331 5714 concretum
1361 5649 1465 5713 est'.
1546 5666 1568 5695 ν
1597 5656 1795 5727 Logica
1833 5653 2068 5719 brevior,
2097 5649 2263 5721 ἤγουν
2287 5649 2599 5712 ὑπόστασις.
