3974 6338
509 358 615 420 579

1690 338 1753 397 S.
1792 329 2113 395 JOANNIS
2149 327 2583 390 DAMASCENI

3650 332 3747 396 580

505 468 805 529 individuis
856 461 1209 537 praedicatur,
1254 456 1363 511 hoc
1408 460 1496 510 est
1539 449 1607 506 de
1658 445 2072 537 liypostasibus,

2195 440 2401 537 Ξρῳπός
2458 442 2603 493 ἐστιν
2634 456 2649 471 ο
2690 438 2749 494 οὗ
2792 440 2900 504 πᾶς
2933 439 2989 495 δὲ
3026 442 3331 515 ἄνθρωπος,
3387 445 3617 518 Πέτρος,
3664 454 3752 505 καὶ

503 574 625 633 quae
671 559 776 614 sub
822 534 942 625 ipsa
984 549 1385 608 continentur;
1440 549 1498 597 at
1548 537 1921 598 individuum,
1976 534 2082 588 hoc

502 629 589 706 est
614 645 959 720 hypostasis,
994 644 1064 699 de
1103 639 1287 711 specie
1336 633 1568 690 minime
1606 629 1974 700 praedicatur:
2016 638 2083 681 eo

503 716 669 812 quod
696 716 1041 810 hypostasis,
1096 748 1192 789 seu
1226 727 1509 799 singulare
1543 721 1857 778 subsistens
1895 716 2081 770 minus

505 804 612 883 late
642 804 828 897 pateat
876 839 1041 894 quam
1093 819 1329 890 species.
1384 815 1575 882 itaque
1608 818 1663 865 et
1686 808 1888 863 Petrus
1917 804 2084 859 homo

504 928 610 982 est,
643 895 725 972 -ει
778 915 983 968 Paulus
1040 911 1207 964 homo
1258 912 1380 970 est;
1440 909 1496 955 at
1554 915 1662 954 non
1723 899 1853 953 item
1896 895 2083 950 omnis

505 1007 671 1063 homo
697 1015 751 1061 et
783 1003 1003 1064 Petrus,
1037 1005 1128 1053 aut
1163 996 1391 1049 Paulus.
1425 990 1571 1045 Sunt
1606 989 1752 1044 enim
1791 986 1910 1040 alia:
1944 1000 2085 1055 quo-

506 1115 615 1170 que
642 1100 973 1169 hypostases
1000 1090 1104 1146 sub
1129 1086 1374 1143 hominis
1405 1086 1611 1153 specie.
1649 1078 1793 1145 Quin
1829 1076 2086 1132 diﬁeren-

506 1168 599 1247 tiae
658 1168 879 1261 quoque
902 1187 971 1241 de
1023 1182 1317 1254 speciebus
1370 1176 1579 1248 quibus
1632 1172 1846 1237 insunt,
1900 1184 1966 1223 ac
2015 1168 2084 1225 de

506 1287 754 1355 ipsarum
790 1276 1091 1333 individuis
1136 1272 1546 1344 praedicantur:
1584 1265 1755 1319 latius
1798 1264 1946 1318 enim
1984 1276 2084 1332 pa-

2184 535 2421 598 Παῦλος·
2453 536 2561 588 elei.
2589 534 2699 605 7&9
2723 534 2816 589 καὶ
2845 534 3003 605 ἄλλαι
3046 536 3375 604 ὑποστάσεις
3399 540 3505 595 ὑπὸ
3534 542 3595 595 τὸ
3620 537 3753 608 εἶδος

2183 624 2278 677 τοῦ
2322 622 2633 694 ἀνθρώπου.
2684 625 2798 678 Καὶ
2832 626 2889 678 αἱ
2928 625 3187 699 διαφοραὶ
3222 628 3279 682 δὲ
3320 633 3751 703 κατηγοροῦνται

2182 714 2293 767 τῶν
2318 713 2493 779 εἰδῶν,
2517 710 2597 777 οἷς
2630 714 3021 785 ἐνυπάρχουσι,
3045 717 3142 771 καὶ
3168 717 3278 772 τῶν
3299 720 3521 791 ἀτόμων
3556 722 3751 777 αὐτῶν.

2183 805 2630 876 Καθολικώτεραι
2667 806 2774 879 γάρ
2824 809 2962 861 είσιν
3003 808 3114 879 (l6)
3149 812 3206 863 αί
3239 812 3495 885 διαφοραὶ
3530 814 3635 868 τῶν
3676 815 3755 869 ει-

2183 898 2309 955 δῶν.
2342 899 2414 951 Τὸ
2450 899 2558 970 γὰρ
2584 898 2799 968 λογικὸν
2828 899 3263 975 καθολικώτερόν
3302 905 3420 958 ἐστι
3461 905 3557 960 τοῦ
3586 888 3756 971 εἴδους

2183 987 2278 1041 τοῦ
2305 987 2617 1059 ἀνθρώπου.
2651 989 2725 1041 Οὐ
2746 989 2855 1060 γὰρ
2897 991 3006 1053 πᾶς
3050 990 3150 1061 μὲν
3186 991 3494 1065 ἄνθρωπος,
3521 994 3752 1065 λογικός

2184 1079 2245 1133 οὐ
2298 1079 2408 1143 πᾶς
2465 1079 2522 1132 δὲ
2554 1079 2789 1149 λογικὸς,
2842 1079 3149 1153 ἄνθρωπος.
3199 1084 3310 1138 Καὶ
3334 1085 3363 1137 6
3397 1084 3626 1154 ἄγγελος
3653 1086 3758 1157 γὰρ

2184 1170 2401 1239 λογικὸς
2453 1169 2550 1235 ὢν,
2611 1171 2711 1225 οὐκ
2766 1170 2914 1225 ἔστιν
2963 1172 3271 1245 ἄνθρωπος.
3307 1175 3419 1231 Καὶ
3469 1176 3609 1249 αὕτη
3660 1176 3759 1248 μέν

2190 1262 2335 1315 ἐστιν
2356 1261 2390 1331 ἡ
2415 1261 2508 1314 ἐπὶ
2540 1260 2702 1315 πλέον
2740 1262 3064 1334 κατηγορία.

507 1385 627 1434 teut
686 1374 1014 1431 diﬁ‘erentiae
1080 1384 1245 1440 quam
1294 1363 1532 1436 species.
1592 1359 1807 1414 Etenim
1866 1358 2081 1413 ratione
2118 1356 2410 1427 pneditum
2445 1372 2567 1413 esse
2602 1358 2768 1414 latius
2801 1366 2951 1429 patet
2975 1374 3141 1430 quam
3201 1358 3451 1419 hominis
3525 1360 3757 1434 species:

510 1484 637 1523 nam
688 1466 868 1521 omnis
919 1462 1141 1534 quidem
1194 1459 1361 1513 homo
1405 1452 1695 1510 rationalis
1741 1456 1859 1513 est;
1891 1459 1947 1503 at
1975 1463 2087 1503 non
2162 1448 2290 1502 item
2344 1448 2524 1504 omnis
2561 1449 2850 1506 rationalls
2880 1459 2966 1507 est
3002 1451 3219 1507 homo:
3261 1456 3467 1524 quippe
3536 1455 3762 1525 angelus

510 1561 799 1617 rationalis
839 1568 943 1622 est,
973 1572 1075 1612 nec
1104 1563 1291 1609 tamen
1324 1562 1413 1607 est
1442 1550 1628 1603 homo.
1668 1548 1847 1615 Atque
1878 1534 2193 1613 hujusmodi
2231 1558 2365 1598 sane
2394 1552 2479 1598 est
2519 1542 2903 1613 przedicatum,
2940 1546 3087 1617 quod
3126 1545 3384 1603 diﬁ‘usius
3412 1555 3520 1604 est.

583 1655 940 1709 Prcdicatum
977 1648 1185 1720 a’quale
1229 1645 1485 1712 subiecto.
1505 1671 1575 1682 —
1596 1640 1768 1696 Simia
1799 1646 1947 1708 gestu
1976 1636 2091 1690 solo

511 1746 672 1801 ridet.
720 1774 791 1785 —
830 1741 1195 1796 Praedicatum
1250 1745 1433 1791 autem
1490 1732 1638 1802 quod
1700 1730 1955 1799 subjecto
2005 1732 2091 1781 est

513 1836 748 1908 aequale,
781 1833 917 1890 illud
962 1839 1047 1887 est
1090 1829 1237 1901 quod
1283 1843 1405 1881 cum
1441 1825 1695 1894 subjecto
1721 1818 2084 1876 convertitur.

2280 1636 2345 1689 Ἦ
2367 1636 2422 1690 δὲ
2461 1638 2662 1710 ἐπίσης
2686 1640 2991 1710 κατηγορία
3011 1641 3159 1695 ἐστὶν
3190 1650 3218 1678 ι
3239 1642 3330 1695 ὅτε
3399 1642 3759 1715 ἀντιστρέφει.

2196 1727 2649 1798 Κατηγοροῦνται
2700 1730 2809 1800 γὰρ
2848 1729 2919 1783 τὰ
2961 1730 3069 1784 ἴδια
3107 1730 3218 1786 τῶν
3265 1731 3443 1797 εἰδῶν,
3486 1725 3563 1786 ὢν
3618 1734 3764 1787 ἐστιν

2197 1815 2338 1868 ἴδια·
2363 1817 2457 1871 καὶ
2482 1817 2551 1869 τὰ
2583 1816 2703 1889 είδη
2733 1819 3168 1890 κατηγοροῦνται
3205 1820 3313 1874 τῶν
3371 1821 3522 1875 ἰδίων
3566 1823 3760 1878 αὐτῶν.

513 1906 898 1985 Praedicantur
929 1926 1078 1981 enim
1131 1920 1357 1991 propria
1391 1916 1459 1972 de
1497 1914 1813 1986 speciebus,
1849 1922 2086 1981 quarum

2195 1906 2309 1969 na;
2340 1906 2449 1979 7&9
2476 1906 2783 1998 ἀνρρωπος,
2815 1910 3156 1979 γελαστικὺς,
3178 1912 3272 1965 καὶ
3296 1914 3402 1977 πᾶς
3423 1913 3762 1982 γελαστικδς,

515 2020 736 2091 propria
765 2025 898 2073 sunt
930 2034 944 2069 :
980 2022 1146 2084 atque
1175 2011 1303 2066 item
1337 2008 1553 2078 species
1586 2006 1653 2060 de
1686 2003 1809 2059 suis
1844 1999 2085 2072 propriis

513 2111 908 2182 praedicantur.
956 2104 1031 2161 Ut
1083 2103 1232 2158 enim
1287 2099 1469 2154 omnis
1520 2098 1685 2151 homo
1715 2092 1944 2148 risibilis
1980 2095 2087 2151 est,

518 2181 596 2259 ita
628 2202 810 2258 omnis
848 2198 1082 2254 risibilis
1120 2203 1205 2251 est
1238 2194 1427 2247 homo.
1462 2188 1598 2243 Nam
1646 2184 1899 2257 quamvis
1929 2181 2090 2239 simia

515 2309 739 2367 quoque
767 2291 951 2348 ridere
997 2288 1249 2351 dicatur,
1284 2298 1391 2339 non
1424 2297 1490 2337 ex
1522 2279 1708 2334 animo
1740 2285 1948 2341 tamen,
1994 2272 2091 2329 sed

518 2362 674 2455 gestu
713 2383 833 2438 solo
877 2379 1042 2434 ridet.
1100 2377 1197 2431 Est
1243 2372 1389 2428 enim
1422 2366 1829 2426 imitabundum
1860 2362 2087 2419 animal.

517 2475 865 2546 Quapropter
915 2482 1177 2541 generum
1220 2465 1287 2520 de
1319 2462 1634 2535 speciebus,
1660 2468 1715 2514 et
1748 2456 2092 2512 diﬁerentia-

512 2545 652 2622 rum
697 2567 767 2620 de
817 2560 1133 2633 speciebus,
1185 2571 1253 2612 ac
1306 2554 1622 2625 specierum
1675 2548 1743 2605 de
1791 2545 2092 2603 individuis

519 2654 834 2727 prazdicatlo
855 2652 1019 2708 latior
1044 2649 1269 2713 dicitur;
1291 2645 1650 2716 propriorum
1674 2648 1881 2705 autem,
1912 2651 2091 2708 aequa.

520 2748 596 2803 Ea
646 2761 814 2817 porro
856 2758 980 2814 qua:
1036 2739 1265 2814 aequalis
1319 2732 1733 2806 pmdicationis
1768 2739 1924 2797 sunt,
1958 2744 2093 2785 cono

519 2838 664 2895 verti
692 2836 977 2901 dicuntur,
1014 2846 1079 2888 ac
1103 2830 1388 2900 reciproca
1420 2825 1739 2897 praedicata.

1142 2958 1297 3013 CAP.
1330 2955 1476 3012 XVI.

734 3072 810 3129 De
841 3072 1062 3126 stuiroca
1091 3075 1141 3122 et
1170 3066 1434 3135 a'quivoca
1475 3062 1878 3133 praedicatione.

597 3163 739 3233 Quid
760 3148 984 3217 univaca
1014 3155 1328 3227 pradicatio
1364 3163 1415 3209 et
1440 3152 1725 3223 wquivoca.
1756 3183 1827 3193 --
1850 3150 2094 3207 Univoca

2188 1997 2497 2070 ἄνθρωπος.
2544 1997 2607 2053 Εί
2649 2000 2759 2073 γὰρ
2798 2001 2892 2055 καὶ
2935 2001 3110 2073 γελᾷν
3150 2002 3369 2071 λέγεται
3413 2003 3764 2075 «Mummii

2187 2084 2324 2156 γελᾷ
2354 2088 2421 2157 τῇ
2462 2086 2683 2159 καρδίᾳ,
2727 2088 2865 2143 ἀλλὰ
2906 2090 3065 2160 μόνον
3086 2092 3201 2155 τοῖς
3230 2094 3473 2163 σχήμασι
3493 2109 3508 2125 ο
3549 2112 3767 2166 μιμητι-

2190 2176 2287 2231 κὸν
2314 2177 2422 2249 γὰρ
2458 2176 2611 2241 ζῶόν
2651 2181 2826 2236 ἐστιν.
2860 2180 3074 2251 Ὠστεή
3101 2181 3199 2252 μὲν
3233 2182 3344 2236 τῶν
3399 2183 3570 2252 γενῶν
3629 2184 3767 2239 κατὰ

2189 2268 2298 2322 τῶν
2324 2267 2479 2324 εἰδῶν
2498 2271 2824 2341 κατηγορία,
2849 2273 2944 2326 καὶ
2980 2273 3014 2343 ἡ
3039 2271 3150 2326 τῶν
3172 2273 3451 2346 διαφορῶν
3486 2274 3628 2329 κατὰ
3654 2274 3764 2329 τῶν

2189 2359 2367 2424 εἰδῶν.
2388 2361 2532 2431 καὶή
2563 2361 2671 2416 τῶν
2694 2362 2851 2418 εἰδῶν
2882 2363 3022 2417 κατὰ
3054 2363 3167 2419 τῶν
3196 2365 3437 2437 ἀτόμων,
3462 2364 3557 2419 ἐπὶ
3609 2364 3769 2420 πλέον

2176 2451 2431 2517 λέγεται.
2467 2452 2533 2507 Ἦ
2579 2453 2638 2507 δὲ
2684 2454 2791 2508 τῶν
2840 2454 3008 2520 ἰδίων,
3048 2456 3276 2527 ἐπίσης.
3351 2455 3537 2510 Ταῦτα
3582 2455 3641 2510 δὲ
3699 2456 3771 2511 τὰ

2192 2542 2396 2615 ἐπίσης
2425 2544 2883 2619 ἀντιστρέφοντα,
2931 2546 3028 2603 καὶ
3075 2546 3653 2621 ἁντικατηγορούμενα
3678 2546 3767 2604 λι-

2192 2651 2373 2706 γεται.

2764 2950 3016 3007 κΕοΑΛ.
3044 2949 3162 3020 ις’.

2268 3052 2411 3131 Περί
2434 3064 2798 3134 συνωνύμου
2824 3066 2924 3120 καὶ
2959 3066 3276 3138 ὁμωνύμου
3326 3069 3701 3140 κατηγορίας.

2268 3152 2587 3224 Συνώννμος
2622 3157 2720 3225 μὲν
2744 3157 3051 3229 κατηγορία
3080 3157 3257 3225 ἐστὶν,
3281 3157 3371 3213 ὅτε
3394 3161 3487 3213 καὶ
3514 3160 3575 3214 τὸ
3602 3161 3775 3233 ὄνομα

522 3253 839 3329 praedicatio
891 3258 996 3314 est,
1057 3260 1181 3302 cum
1246 3242 1585 3313 subjectum,
1642 3251 1696 3297 et
1754 3257 1978 3306 nomen.
2040 3249 2087 3298 el

2199 3245 2402 3299 καὶτὸν
2436 3245 2560 3315 ὅρον
2591 3247 2759 3301 αὑτοῦ
2794 3246 2889 3301 τοῦ
2917 3248 3186 3321 ὀνόματος
3215 3250 3429 3322 δέχεται
3457 3252 3518 3305 τὸ
3541 3252 3772 3308 ὑποκεί-

523 3328 899 3404 deﬁnitionem
932 3337 1110 3410 ipsius
1151 3332 1395 3391 nominis
1421 3331 1660 3402 recipit;
1702 3340 1763 3385 ut
1797 3332 2003 3386 animal
2028 3328 2087 3388 de

2203 3335 2433 3406 μένονγ·
2474 3329 2586 3390 οἷον
2609 3336 2669 3391 τὸ
2694 3336 2832 3402 ζῶον
2880 3342 3269 3411 κατηγορεῖται
3298 3339 3392 3395 τοῦ
3437 3340 3723 3412 ἀνθρώπου
3754 3362 3771 3375 ·

523 3435 745 3494 homine
771 3429 1125 3504 praedicatur;
1153 3424 1469 3494 accipitque
1496 3423 1686 3487 homo,
1718 3430 1836 3477 tum
1870 3437 2095 3488 nomen,

522 3535 641 3584 tum
675 3522 1054 3581 deﬁnitionem
1088 3515 1367 3573 animalis.
1400 3514 1619 3569 Animal
1663 3516 1810 3570 enim
1845 3521 1929 3570 est
1952 3514 2099 3570 sub-

524 3616 727 3674 stantia
781 3614 975 3669 vivens
1025 3606 1349 3671 sensibilis,
1405 3604 1684 3675 bomoque
1741 3606 1870 3659 item
1899 3602 2096 3659 deﬁni-

524 3709 730 3765 tionem
760 3705 903 3760 hanc
952 3699 1211 3770 suscipit.
1260 3694 1397 3752 Nam
1434 3696 1604 3753 homo
1649 3695 1813 3753 etiam
1848 3704 1934 3751 est
1959 3694 2095 3752 sub-

524 3800 729 3855 stantia
760 3798 953 3852 vivens
986 3790 1293 3849 sensibilis.
1916 3781 1923 3787 “
2078 3851 2089 3860 .

594 3882 699 3960 ει
735 3882 1040 3955 Ᾰετιυίνοοα
1065 3888 1244 3935 autem
1267 3876 1582 3949 praedicatio
1610 3884 1715 3945 est,
1745 3892 1869 3934 cum
1898 3893 2096 3937 nomen

526 3981 746 4053 quidem
803 3975 1074 4044 suscipit;
1129 3971 1507 4026 deﬁnitionem
1561 3983 1693 4025 vero
1754 3984 1864 4025 non
1917 3970 2094 4026 item:

526 4082 682 4146 puta,
742 4069 919 4138 imago
967 4062 1233 4129 hominis,
1296 4074 1493 4117 nomen
1551 4060 1773 4131 quidem
1830 4061 2093 4128 hominis,

527 4185 637 4226 non
669 4173 850 4222 autem
898 4160 1273 4218 deﬁnitionem
1327 4155 1590 4211 admittit.
1649 4150 1905 4207 Hominis
1946 4152 2094 4207 enim

524 4260 770 4317 deﬁnitio
818 4256 935 4310 hac
961 4258 1046 4308 est
1076 4269 1091 4307 :
1134 4248 1351 4304 Animal
1379 4244 1678 4310 rationale,
1709 4244 1963 4309 mortale,
2003 4244 2095 4298 in-

525 4346 839 4419 telligentiae
874 4358 939 4398 ac
987 4340 1235 4399 scientiae
1268 4352 1466 4409 capax.
1515 4335 1579 4391 AI
1618 4336 1801 4404 imago
1848 4348 1947 4389 nec
1976 4335 2096 4389 ani-

525 4442 635 4497 mal
672 4444 756 4493 est
790 4438 1001 4507 (neque
1046 4431 1194 4487 enim
1241 4438 1327 4485 est
1361 4426 1613 4497 vivens),
1692 4439 1798 4481 nec
1861 4425 2094 4483 rationis

523 4535 821 4608 particeps,
869 4546 973 4587 nec
1028 4527 1402 4601 intelligentiae
1439 4539 1505 4580 ac
1552 4521 1797 4581 scientia:
1824 4534 2020 4590 capax.

2198 3426 2293 3480 καὶ
2313 3426 2528 3498 δέχεται
2556 3427 2584 3481 6
2608 3428 2914 3500 ἄνθρωπος.
2948 3432 3045 3485 καὶ
3070 3431 3131 3485 τὸ
3152 3431 3348 3504 ὄνομα,
3381 3434 3476 3488 καὶ
3505 3434 3597 3489 τὸν
3643 3437 3774 3507 ὅρον

2196 3516 2293 3570 τοῦ
2332 3516 2493 3582 (duo.
2543 3518 2689 3573 Ζῶον
2717 3519 2823 3590 γάρ
2872 3522 3020 3576 ἐστιν
3069 3522 3227 3578 οὐσία
3254 3523 3518 3596 ἔμψυχος,
3577 3525 3775 3598 αἰσθη-

2196 3611 2321 3681 τική
2340 3627 2354 3642 ο
2391 3610 2487 3665 καὶ
2519 3610 2803 3683 ἄνθρωπος
2835 3613 2891 3667 δὲ
2920 3614 3232 3686 ἐπιδέχεται
3254 3615 3349 3670 τδν
3377 3616 3503 3689 ὅρον
3555 3617 3772 3673 τοῦτον.

2198 3698 2369 3752 Οὑσία
2414 3700 2523 3771 7&9
2582 3700 2732 3757 ἐστιν
2760 3703 2789 3756 6
2816 3701 3102 3775 ἄνθρωπος
3138 3704 3232 3759 καὶ
3282 3704 3522 3777 ἔμψυχος
3555 3708 3650 3762 καὶ
3683 3708 3777 3763 αί-

2199 3789 2455 3860 σθητικός
2476 3800 2521 3848 ⁸.

2274 3881 2595 3954 Ὀμώνυμος
2622 3882 2679 3937 δέ
2736 3884 2862 3939 ’ἐστι
2910 3886 3236 3959 κατηγορία,
3282 3888 3371 3944 ὅτε
3406 3889 3467 3945 τὸ
3499 3891 3599 3962 μὲν
3645 3890 3776 3946 ὅνο-

2200 3989 2277 4042 μα
2320 3971 2553 4042 δέχεται.
2604 3973 2708 4026 Τὸν
2761 3974 2827 4028 ’δὲ
2876 3976 3002 4051 ὅρον
3051 3977 3320 4049 οὐδαμῶς,
3359 3975 3550 4052 οἷον,ή
3603 3980 3778 4037 εἰκὼν

2194 4063 2288 4116 τοῦ
2320 4062 2605 4133 ἀνθρώπου
2632 4065 2693 4119 τὸ
2724 4066 2821 4136 μὲν
2849 4066 3018 4137 ὄνομα
3049 4068 3143 4122 τοῦ
3170 4068 3458 4140 ἀνθρώπου
3491 4072 3714 4144 δέχεται
3752 4094 3775 4112 ο

2194 4154 2286 4208 τὸν
2312 4154 2367 4207 δὲ
2398 4156 2522 4226 ὅρον
2566 4155 2661 4209 τοῦ
2695 4155 2985 4228 ἀνθρώπου
3016 4160 3077 4213 οὐ
3131 4160 3363 4230 δέχεται.
3406 4162 3466 4217 '0
3497 4164 3603 4237 7&9
3643 4165 3777 4237 ὄρος

2194 4245 2287 4298 τοῦ
2321 4245 2630 4317 ἀνθρώπου,
2654 4245 2802 4311 ζῶον
2834 4248 3075 4318 λογικὸν,
3131 4250 3348 4323 θνητὸν,
3377 4251 3471 4307 νοῦ
3500 4252 3596 4308 καὶ
3648 4256 3777 4309 ἐπι-

2198 4337 2412 4406 στήμης
2433 4336 2699 4392 δεκτικόν.
2743 4337 2811 4391 Ἦ
2836 4338 2892 4391 δὲ
2923 4339 3111 4405 είκὼν,
3139 4340 3263 4395 οὔτε
3298 4342 3435 4408 ζῶόν
3476 4345 3625 4397 ἔστιν
3656 4345 3676 4415 (
3705 4346 3774 4399 οὗ

2194 4425 2303 4495 γάρ
2326 4428 2471 4479 ἐστιν
2501 4426 2789 4499 ἔμψυχος),
2825 4425 2948 4481 οὔτε
3000 4428 3237 4498 λογικὸν,
3265 4431 3325 4484 οὐ
3354 4430 3445 4486 νοῦ
3498 4431 3592 4487 καὶ
3650 4434 3779 4487 ἑπι-

2198 4518 2414 4587 στήμης
2438 4517 2710 4576 δεκτικόν.

596 4626 799 4698 Regula
831 4622 1482 4694 anteprwdicamentorum
1508 4618 1572 4671 ab
1601 4613 1839 4670 Aristole
1871 4610 2087 4666 tradita.

2265 4609 2384 4681 Χρὴ
2414 4607 2727 4681 γινώσκειν,
2756 4612 2840 4667 ὅτι
2870 4612 2970 4668 ὅσα
3009 4617 3395 4689 κατηγορεῖται
3429 4617 3575 4675 κατά
3596 4635 3780 4689 τινος,

1798 4794 2035 4853 νΑΒΙΕ
2075 4794 2475 4850 LECTIONES.

598 4953 628 4983 ι
666 4939 826 4996 Deest
857 4939 1003 4993 ἐστίν
1025 4938 1082 4994 in
1120 4932 1285 4992 editis
1314 4942 1368 4990 et
1392 4933 1643 5004 pluribus
1670 4930 1939 5004 scriptis;
1974 4945 2077 5004 nec
2101 4929 2301 5004 legisse
2322 4929 2535 5004 videtur
2556 4936 2713 5004 vetus
2743 4929 3038 5004 interpres.

1252 5014 1275 5042 ι
1309 4998 1509 5075 Logica
1530 4998 2091 5075 δτθνὶοιζᾴίσθητική.
2125 4998 2217 5055 Sic
2250 5010 2405 5075 vetus
2435 4999 2535 5053 int.
2557 5007 2610 5053 et
2631 4998 2997 5075 Basileensis;
3025 5000 3265 5075 animata
3317 4998 3395 5056 δι’
3420 5002 3781 5058 insensibilis.

526 5011 680 5065 abest
710 5011 770 5063 τὸ
790 5010 1166 5078 ὑποκείμενον.

3148 4908 3181 4980 θ
3211 4929 3268 5014 in
3297 4931 3495 5014 ιφσίρα
3526 4932 3784 5014 lusisti

525 5079 718 5134 Melius
746 5086 927 5134 tamen
960 5068 1295 5147 αἰσθητικός.
1321 5068 1530 5130 Sensus
1557 5072 1703 5130 enim
1745 5070 1835 5125 hic
1856 5068 1972 5126 est:
1998 5068 2153 5124 homo
2173 5069 2359 5139 quippe
2389 5079 2467 5124 est
2491 5078 2600 5123 tum
2632 5068 2951 5135 substantia,
2980 5077 3089 5123 tum
3131 5071 3424 5137 animatus,
3466 5083 3577 5125 tum
3611 5089 3786 5127 sensu

522 5149 801 5218 pra’ditus.

2022 5227 2250 5286 NOTAE.

597 5354 708 5427 (16)
734 5352 1211 5427 _Ka00.1txt_b_tepat
1237 5350 1349 5427 γάρ
1379 5353 1558 5427 εἰσιν.
1605 5346 1791 5402 Latius
1817 5346 1961 5401 enim
1983 5362 2089 5427 ,ρα-

523 5417 631 5481 terit
656 5425 984 5491 differentiw.
1019 5417 1130 5477 Hoc
1161 5417 1323 5489 log'ic’i
1350 5422 1525 5476 nostri
1549 5434 1659 5474 non
1688 5417 2087 5491 concesserint,

2199 5345 2345 5399 illam
2370 5342 2745 5399 deﬁnitionem
2776 5358 2887 5414 qua
2903 5343 3183 5400 hominem
3222 5358 3345 5401 esse
3375 5344 3529 5399 aiunt
3561 5346 3791 5400 animat

2196 5415 2482 5478 rationale,
2544 5412 2810 5468 mortale."
2849 5412 2964 5470 llac
3018 5415 3165 5470 enim
3241 5415 3522 5476 admissa,
3574 5415 3790 5468 ultima

522 5498 572 5551 si
600 5498 666 5550 de
685 5483 1011 5549 d'iﬁ‘erentiis
1044 5483 1438 5563 propgri'issimis
1469 5503 1652 5563 sermo
1676 5489 1771 5551 sit,
1798 5500 2088 5563 quacum
2194 5484 2521 5563 dill‘erentia,
2549 5487 2780 5563 mortale
2798 5484 3032 5547 scilicet,
3056 5484 3241 5563 specie
3267 5485 3508 5539 humana
3543 5483 3788 5537 univer-

523 5567 977 5645 Speciebusqnas
1015 5552 1376 5645 constituunt
1412 5552 2089 5645 reciprrocenturxNeque
2194 5553 2743 5645 id]!0ff§if_ﬂllipp3
2765 5569 2888 5627 qua
2908 5552 3125 5615 caeteris
3155 5555 3515 5615 animantium
3550 5553 3789 5625 specie-

524 5623 671 5689 enim
724 5623 992 5686 rationale
1026 5632 1192 5685 latius
1237 5637 1383 5698 patet
1421 5623 1596 5698 quam
1629 5627 1811 5681 homo.
1850 5623 1909 5680 In
1946 5623 2086 5698 hanc
2195 5624 2297 5681 bus
2326 5624 2602 5682 contenit.

525 5715 659 5757 vero
714 5701 1041 5757 sententiam
1101 5694 1358 5758 abierunt
1401 5694 1571 5754 Graeci
1627 5703 1849 5767 propter
1896 5694 2081 5750 tritam
