3974 6338
430 246 439 255 ’
483 260 590 325 583

1663 256 1727 317 s.
1761 255 2078 316 JOANNIS
2117 219 2547 315 DAMASCENI

3625 258 3710 322 584

482 372 698 427 Etenim
745 371 848 424 alia
900 378 985 424 est
1034 368 1276 423 hominis
1327 365 1562 438 species,
1608 366 1713 419 alia
1742 367 1889 437 equi.
1922 365 2053 432 Quae

2160 367 2376 438 ἀριθμῷ
2418 365 2766 436 διαφέροντα,
2817 367 2984 438 ἧγουν
3018 365 3366 432 ὑποστάσεις,
3419 367 3580 434 ἄλλος
3629 373 3709 426 καὶ

481 472 662 516 autem
697 473 925 514 numero
958 458 1243 523 differunt,
1272 457 1377 512 hoe
1408 465 1492 512 est
1521 457 1868 527 bypostases,
1908 458 2050 512 alius

2160 458 2307 520 1έὶλλος
2336 457 2605 526 λέγονται.
2636 457 2882 528 Δέγομεν
2912 457 3022 528 γάρ
3041 475 3055 489 ο
3088 458 3244 521 ἄλλος
3273 459 3482 512 ὲστὶνό
3502 462 3708 528 Πέτρος,
3824 517 3828 521 Α

479 561 533 608 et
563 553 702 605 alius
725 551 1005 604 dicuntur.
1049 548 1296 604 Dicimtts
1333 549 1477 603 enim
1506 567 1519 602 :
1550 550 1692 604 alius
1718 559 1802 602 est
1835 548 2047 612 Petrus,

2154 551 2246 603 καὶ
2273 548 2430 612 ἄλλος
2457 549 2485 600 6
2513 547 2744 612 Παῦλος.
2775 548 2850 601 υὺ
2883 548 3158 618 δυνάμεθα
3179 549 3237 604 δὲ
3267 552 3464 614 εἰπεῖν,
3491 553 3574 604 ὅτι
3603 552 3713 606 ἄλλο

478 652 534 696 et
563 641 704 695 alius
757 638 984 693 Paulus.
1039 640 1106 692 At
1149 623 1336 694 dicere
1373 653 1482 691 non
1517 654 1858 707 possumus:
1903 637 2053 691 aliud

2160 640 2268 692 ἐστὶ
2322 639 2544 709 Πέτρος,
2591 640 2685 692 καὶ
2739 638 2868 694 ἄλλο
2930 639 3163 704 Παῦλος,
3228 641 3351 695 ἐπεὶ
3399 641 3710 714 ψευδόμεθα.

477 739 562 787 est
589 730 807 797 Petrus,
836 741 890 786 et
920 730 1071 784 aliud
1112 729 1341 784 Paulus.
1386 729 1604 799 Alioqui
1654 729 1794 784 falso
1820 729 1873 784 id
1904 730 2054 784 dice-

477 839 622 878 mus.
675 822 884 877 Natura
935 822 1083 877 enim
1130 835 1299 875 unum
1323 828 1502 876 sunt:
1546 837 1653 874 non
1701 829 1883 876 tamen
1921 827 2052 875 sunt

478 929 623 969 unus
659 927 913 968 numero.

559 1006 794 1059 Ἀλλοῖον
845 1003 992 1075 quid.
1049 1003 1191 1070 Quid
1245 1003 1502 1072 ἑτεροῖον.
1539 1031 1612 1042 -
1651 1001 1791 1056 Illud
1834 1015 2053 1072 quoque

479 1100 626 1155 scire
687 1112 868 1168 operae
923 1096 1162 1167 pretium
1229 1104 1333 1157 est,
1384 1095 1752 1149 substantiam
1805 1094 2049 1164 quidem,

480 1196 644 1257 atque
683 1187 809 1239 item
837 1184 1229 1240 substantiales
1257 1181 1624 1244 dillerentias.
1664 1180 1808 1235 aliud
1843 1182 2048 1237 vocari:

479 1280 734 1333 accidens
769 1287 950 1330 autem
981 1275 1210 1329 ἀλλοῖον.
1265 1277 1344 1345 (q.
1377 1276 1430 1330 d.
1473 1275 1695 1329 alterius
1726 1274 2046 1344 qualitatis),

479 1366 773 1441 propterea
831 1367 976 1437 quod
1050 1367 1450 1421 substantiales
1511 1366 1836 1421 dilferentiae
1900 1366 2048 1420 circa

477 1459 655 1528 ipsam
685 1458 948 1526 speciem,
980 1457 1083 1510 hoc
1113 1463 1199 1510 est
1239 1457 1384 1510 circa
1417 1464 1666 1509 naturam
1704 1456 1874 1524 ipsam
1913 1470 2051 1510 con—

481 1549 815 1610 siderantur,
867 1561 1098 1616 eamque
1144 1547 1536 1600 constituunt:
1578 1545 1834 1601 accidens
1866 1555 2048 1600 autem

479 1642 624 1694 circa
665 1637 1034 1693 individuum.
1087 1639 1304 1692 Etenim
1352 1638 1658 1691 accidentia
1709 1639 2048 1711 bypostasim

2152 730 2229 800 Τῇ
2284 727 2394 799 γὰρ
2467 727 2627 796 φύσει
2689 727 2750 782 ἓν
2827 731 2967 784 εἰσιν
3018 745 3032 759 ·
3083 729 3186 784 οὐκ
3242 731 3349 784 εἰσὶ
3399 731 3455 786 δὲ
3515 727 3597 797 εἷς
3643 732 3713 804 τῷ

2159 824 2402 896 ἀριθμῷ.

2221 1001 2344 1073 Χρὴ
2379 1002 2435 1056 δὲ
2470 1003 2756 1072 γινώσκειν
2779 1043 2792 1064 ,
2843 1003 2981 1072 δτιή
3019 1003 3118 1074 μὲν
3165 1003 3322 1058 οὐσία
3368 1004 3496 1060 ἄλλο
3539 1005 3709 1058 καλεῖ-

2151 1111 2262 1149 ται.
2305 1095 2535 1165 Ὁμοίως
2567 1094 3035 1174 καὶναὶαοὺσιώδεις
3088 1095 3372 1166 διαφοραίο
3404 1097 3464 1150 16
3487 1097 3545 1150 δὲ
3579 1114 3709 1168 συμ-

2153 1171 2408 1255 ϐεϐηκὸς,
2460 1171 2708 1238 ἀλλοῖονλ
2743 1171 2953 1242 διότιάἱ
2983 1188 3082 1258 μὲν
3131 1187 3409 1254 οὐσιώδεις
3452 1189 3712 1261 διαφοραὶ,

2152 1275 2280 1343 περὶ
2306 1275 2366 1327 16
2397 1271 2557 1339 εἶδος,
2606 1277 2771 1346 ἧγουν
2819 1278 2946 1348 περὶ
2989 1277 3089 1348 τὴν
3148 1276 3311 1346 φύσιν
3369 1277 3711 1347 θεωροῦνται,

2151 1361 2246 1414 καὶ
2271 1361 2473 1432 ταύτην
2507 1363 2824 1416 συνιστώσι·
2851 1364 2912 1416 16
2943 1364 3310 1435 συμϐεϐηκὸς,
3351 1365 3481 1436 περὶ
3508 1365 3568 1416 16
3600 1366 3713 1419 ἆτο-

2155 1469 2289 1522 μον·
2333 1453 2628 1506 συστατικὰ
2674 1454 2782 1525 γὰρ
2825 1455 2924 1525 τῆς
2966 1456 3316 1519 ὑποστάσεως
3345 1455 3412 1508 τὰ
3439 1455 3714 1528 συμϐεϐη-

2153 1544 2310 1599 κότα.
2349 1544 2513 1598 Ἀλλο
2541 1541 2634 1599 οὖν
2676 1547 2824 1600 ἐστιν
2884 1547 3188 1620 ἄνθρωπος,
3223 1549 3315 1601 καὶ
3364 1547 3490 1600 ἄλλο
3541 1547 3715 1612 ἵππος.

2167 1637 2408 1701 Ἀλλοῖός
2433 1638 2489 1692 δὲ
2534 1639 2627 1691 καὶ
2678 1638 2832 1701 ἄλλος
2863 1641 2892 1692 6
2936 1640 3140 1710 Πέτρος
3172 1680 3187 1704 ,
3229 1639 3324 1693 καὶ
3383 1638 3591 1701 ἀλλοῖος
3629 1639 3722 1692 καὶ

477 1730 838 1784 constituunt.
867 1729 1028 1782 Aliud
1063 1729 1230 1798 Igitur
1261 1738 1344 1783 est
1369 1729 1554 1792 homo,
1586 1738 1638 1782 et
1663 1706 1810 1782 aliud
1839 1744 2046 1798 equus:

2160 1731 2308 1795 Ξ).λος
2334 1733 2362 1784 6
2391 1729 2629 1794 Παῦλος.
2688 1716 2932 1785 Πᾶσοῖδὲ
2960 1703 3192 1806 διαιρορᾷ
3238 1730 3504 1802 οὐσιώδης
3537 1748 3594 1783 τε
3629 1732 3720 1786 καὶ

478 1821 622 1876 alius
650 1833 830 1876 autem
859 1821 1128 1892 qualitate
1164 1835 1226 1873 ac
1267 1820 1525 1875 diversus
1569 1819 1794 1884 Petrus;
1828 1831 1877 1874 et
1909 1822 2050 1877 alius

2160 1819 2504 1892 ἑπουσιώδης,
2521 1822 2757 1892 ἑτεροῖον
2782 1824 2944 1874 ποιεῖ’
2973 1822 3033 1874 16
3061 1824 3169 1893 γὰρ
3195 1823 3431 1892 ἑτεροῖον
3457 1821 3720 1891 σημαίνει,

479 1927 543 1966 ac
603 1912 864 1968 diversus
916 1914 1181 1984 qualitate
1245 1911 1467 1969 Paulus.
1517 1911 1688 1965 Porro
1745 1911 2051 1968 differentia

477 2005 681 2067 omnis,
719 2011 828 2056 tam
863 2003 1274 2065 substantialis,
1332 2019 1492 2072 quam
1540 2001 1892 2058 accidentalis
1929 2003 2050 2055 ἑτε-

483 2093 624 2161 ροῖον
679 2093 828 2146 l'acit.
865 2093 1150 2162 Siquidem
1184 2092 1242 2146 16
1269 2093 1524 2164 ἑτεροῖον,
1561 2109 1686 2148 cum
1730 2093 1899 2154 aliud.
1934 2103 2048 2149 tum

366 2191 387 2204 '
485 2181 771 2238 diversum
838 2185 890 2236 in
940 2183 1229 2253 qualitate,
1289 2183 1583 2254 signiﬁcat.
1655 2184 1733 2238 Ae
1798 2193 2050 2240 naturam
2093 2187 2340 2257 quidem,
2373 2188 2506 2259 quid
2571 2202 2660 2244 res
2707 2194 2818 2254 est,
2865 2186 3177 2260 signiﬁcat;

2149 1915 2246 1967 καὶ
2267 1913 2328 1966 16
2348 1913 2496 1980 ἄλλο,
2532 1915 2628 1968 καὶ
2655 1914 2716 1967 16
2744 1914 2974 1970 ἀλλοῖον.
3022 1915 3134 1968 Καὶ
3166 1915 3198 1986 ἡ
3234 1913 3333 1985 μὲν
3397 1912 3558 1981 φύσις
3588 1914 3648 1966 16
3671 1913 3723 1967 τί

2152 2003 2426 2074 σημαίνει.
2471 2003 2536 2057 Ἠ
2570 2004 2627 2057 δὲ
2657 2004 2976 2069 ὑπόστασις,
3033 2004 3124 2058 τὸν
3153 2005 3295 2072 τινα,
3345 2006 3439 2058 καὶ
3482 2003 3598 2058 τόδε
3628 2019 3720 2056 τι·

2150 2096 2303 2148 πᾶσα
2339 2089 2433 2148 οὖν
2460 2095 2693 2165 διαφορὰ
2715 2096 2898 2148 ὁποῖόν
2931 2098 3100 2151 ἐστιν.

3264 2187 3582 2261 hypostasis
3625 2201 3720 2242 au-

478 2283 587 2332 tem
637 2276 783 2331 bunc
829 2275 1144 2345 quemdam,
1197 2283 1362 2346 atque
1424 2277 1528 2331 hoc
1571 2277 1816 2348 aliquid:
1864 2280 2047 2335 omnis
2083 2296 2214 2338 vero
2245 2280 2546 2338 diilerentia
2581 2281 2742 2353 quale
2770 2288 2875 2336 est.

1081 2391 1234 2446 CAP.
1265 2391 1458 2446 XVIII.

478 2500 544 2557 In
573 2500 760 2571 quibus
789 2501 1015 2572 quinque
1063 2504 1328 2572 simplices
1376 2521 1522 2559 voces
1557 2508 1866 2561 conveniant
1914 2508 2048 2562 inter

995 2589 1069 2639 se,
1111 2591 1172 2626 ac
1210 2573 1526 2630 dissideant.
1781 2647 1784 2650 ἢ

546 2683 684 2740 illud
716 2687 862 2742 seire
891 2687 1108 2750 attinet,
1138 2682 1381 2758 quinque
1415 2703 1579 2744 voces
1629 2689 1685 2742 in
1734 2703 1800 2744 eo
1849 2703 2052 2744 conve-

476 2775 620 2840 nire,
656 2777 802 2846 quod
854 2791 1048 2832 omnes
1089 2777 1158 2830 de
1195 2777 1447 2846 pluribus
1492 2777 1878 2847 pmdieentur.
1939 2777 2055 2832 Dil-

479 2867 664 2924 ferunt
721 2876 903 2923 autem
956 2867 1102 2924 inter
1145 2883 1206 2924 se
1261 2869 1406 2938 quod
1462 2883 1636 2938 genus
1692 2869 1761 2924 de
1801 2870 2054 2939 pluribus

475 2959 663 3027 specie
696 2957 1079 3016 didercntibus
1129 2957 1182 3012 in
1219 2959 1348 3029 quid
1400 2968 1485 3014 est
1532 2944 1896 3029 pradicetur;
1928 2977 2056 3032 spe-

476 3053 590 3108 cies
625 3053 752 3106 item
795 3053 850 3128 ip
883 3051 1014 3122 quid
1057 3057 1164 3115 est,
1209 3051 1276 3108 de
1314 3052 1568 3122 pluribus
1607 3067 1839 3110 numero
1899 3053 2056 3110 ditl‘e-

474 3143 726 3196 rentibus
761 3159 776 3196 :
819 3139 1130 3196 dill‘erentia
1174 3156 1304 3197 vero
1347 3150 1403 3197 et
1458 3142 1741 3206 accidens,
1798 3143 1854 3198 in
1895 3145 2059 3214 quale

2759 2394 3010 2447 ΚΕΦΑΛ.
3035 2391 3144 2449 IH'.

2261 2511 2578 2565 Κοινωνὶαι
2604 2509 2702 2565 καὶ
2721 2508 2996 2578 διαφοραὶ
3022 2505 3140 2562 τῶν
3172 2507 3357 2562 πέντε
3377 2507 3611 2578 φωνῶν.

2224 2689 2316 2741 Δεῖ
2358 2687 2666 2757 γινώσκειν,
2711 2689 2794 2743 ὅτι
2850 2686 3199 2742 κοινωνοῦσιν
3241 2687 3296 2741 αἱ
3330 2683 3492 2740 πέντε
3553 2685 3727 2755 (φωναὶ

2155 2775 2433 2848 ἀλλήλαις,
2466 2777 2606 2832 κατὰ
2628 2777 2688 2831 16
2715 2777 2902 2841 πάσας
2944 2776 3086 2830 κατὰ
3117 2775 3386 2830 πλειόνων
3406 2775 3728 2845 κατηγορεῖ-

2159 2869 2304 2924 σθαι.
2327 2868 2657 2940 Διαφέρουσι
2677 2869 2735 2922 δὲ
2760 2869 3038 2939 ἀλλήλων,
3056 2869 3139 2923 ὅτι
3165 2867 3232 2921 16
3263 2866 3363 2936 μὲν
3405 2867 3559 2936 γένος
3590 2865 3729 2918 κατὰ

2159 2959 2443 3023 πλειόνων,
2501 2959 2596 3013 καὶ
2647 2959 3009 3030 διαφερόντων
3063 2957 3143 3030 τῷ
3171 2956 3302 3012 εἴδει
3337 2957 3396 3011 ὲν
3419 2957 3496 3026 τῷ
3522 2955 3576 3009 τί
3614 2955 3728 3008 ἐστι

2159 3055 2578 3124 κατηγορεῖται·
2605 3051 2668 3105 16
2689 3051 2746 3105 δὲ
2768 3046 2908 3116 εἶδος
2941 3050 3084 3108 κατὰ
3133 3050 3394 3104 πλειόνων
3421 3050 3514 3102 καὶ
3543 3047 3728 3116 διαφε-

2139 3143 2365 3214 ρόντων
2392 3141 2468 3212 τῷ
2491 3141 2709 3213 ἀριθμῷ
2732 3142 2789 3194 ὲν
2822 3141 2900 3212 τῷ
2925 3140 2978 3194 τι
3006 3141 3122 3193 ἐστι
3167 3139 3584 3210 κατηγορεῖται·
3608 3137 3642 3206 ἡ
3671 3135 3730 3188 δὲ

474 3231 608 3300 quid
659 3239 764 3293 est,
803 3231 872 3286 de
925 3231 1178 3301 pluribus
1219 3229 1600 3288 diﬂ'erentibus
1652 3233 1884 3302 specie:
1930 3250 2053 3304 pro-

2160 3231 2389 3303 Βιαφορὰ
2448 3231 2543 3285 καὶ
2568 3232 2630 3306 16
2659 3231 3006 3303 συμϐεϐηκὸς
3029 3271 3044 3296 ,
3091 3231 3235 3285 κατὰ
3294 3230 3591 3293 πλειόνων,
3635 3228 3731 3282 καὶ

473 3322 654 3393 prium
686 3321 926 3392 denique
978 3330 1034 3378 et
1089 3324 1288 3394 ipsum,
1343 3323 1399 3378 in
1441 3323 1606 3394 quale
1655 3323 1791 3394 quid
1850 3331 1938 3382 est
1991 3325 2060 3381 de

473 3415 726 3484 pluribus
785 3429 1015 3472 numero
1067 3414 1486 3482 dill‘erentibus;
1537 3417 1644 3474 hoc
1693 3425 1779 3474 est
1829 3417 1899 3474 de
1949 3431 2059 3472 una

472 3506 656 3575 specie
681 3521 746 3562 ac
784 3507 1052 3575 subjectis
1092 3508 1142 3562 ei
1193 3506 1520 3563 individuis.
1566 3506 1738 3564 Porro
1777 3509 1922 3564 inter
1947 3508 2058 3564 dil-

473 3596 765 3652 ferentlam
799 3604 856 3654 et
886 3597 1150 3654 accidens
1206 3598 1312 3654 hoc
1370 3597 1606 3654 interest
1671 3599 2056 3666 discriminis,

472 3689 620 3758 quod
686 3689 996 3745 diﬂ‘erentia
1081 3691 1474 3747 substantialis
1556 3693 1674 3750 sive
1741 3692 2058 3756 essentialis

471 3784 578 3842 est,
613 3778 717 3833 bne
750 3785 835 3833 est
891 3793 1021 3849 pars
1084 3780 1410 3836 substantiae
1467 3795 1565 3837 seu
1615 3783 1876 3851 essentiae
1926 3784 2060 3839 sub-

469 3866 602 3951 iecti
633 3885 659 3921 ιε
693 3868 951 3924 accidens
999 3879 1210 3936 autem,
1269 3887 1380 3928 non
1423 3881 1484 3926 ut
1533 3887 1668 3942 pars
1713 3873 2056 3940 substantiae,

473 3956 571 4012 sed
604 3958 969 4014 adventitium
1003 3969 1108 4016 est.

987 4066 1093 4138 33
1169 4066 1321 4122 CAP.
1379 4067 1566 4123 χιχ..

471 4177 537 4232 Iu
556 4177 741 4250 quibus
777 4195 941 4248 genus
966 4188 1017 4233 et
1054 4177 1356 4299 didm-rentia
1376 4181 1516 4234 inter
1541 4194 1596 4234 se
1631 4179 1966 4248 conveniant,
1997 4197 2059 4236 ac

1140 4257 1420 4299 tscrenent.

1140 4257 1420 4318 tscrepent.

541 4339 687 4394 Inter
736 4353 909 4409 genus
949 4345 1004 4392 et
1041 4337 1402 4394 diﬁ‘erentiam
1462 4338 1566 4394 hoe
1617 4353 1908 4396 commune
1952 4348 2056 4406 est,

468 4429 617 4499 quod
679 4439 974 4497 utrumque
1019 4421 1753 4500 species'comprebendat:
1802 4431 2059 4500 quodque

471 4521 701 4575 univoce
748 4519 817 4576 de
883 4520 1170 4591 speciebus
1222 4535 1286 4575 ac
1344 4521 1644 4577 individuis
1704 4523 2050 4593 praedicetur.

468 4612 606 4666 lllud
639 4621 822 4668 autem
841 4612 985 4668 scire
1015 4612 1265 4667 convenit
1294 4628 1310 4680 ;
1338 4627 1678 4682 quaecunque
1699 4613 1765 4668 de
1787 4629 1844 4668 re
1869 4614 2054 4684 aliqua

471 4712 731 4774 tanquam
763 4705 830 4760 de
856 4704 1124 4775 subjecto,
1151 4704 1256 4760 hoc
1273 4711 1354 4760 est
1371 4704 1624 4770 univoce,
1657 4705 2047 4774 praedicantur,

2141 3323 2521 3400 _6tu<pepdv1wv
2543 3323 2620 3394 τῷ
2659 3324 2786 3378 εῖδει
2819 3325 2878 3378 ὲν
2909 3324 2990 3394 τῷ
3031 3323 3214 3378 ὁποῖόν
3245 3323 3299 3376 τι
3328 3324 3445 3376 ἐστι
3489 3337 3730 3390 κατηγο-

2162 3413 2421 3486 ροῦνταιο
2457 3414 2519 3468 16
2550 3414 2606 3470 δὲ
2635 3415 2765 3468 ἴδιον
2805 3413 2946 3468 κατὰ
3001 3414 3265 3468 πλειόνων
3298 3414 3395 3468 καὶ
3445 3413 3732 3482 διαφερόνο

2158 3520 2267 3558 των
2297 3502 2375 3574 τῷ
2402 3501 2644 3577 ἀριθμῷ,
2675 3504 2923 3557 τουτέστι
2957 3504 3079 3557 καθ’
3103 3503 3222 3566 ἑνὸς
3251 3503 3460 3568 εἴδους,
3491 3505 3588 3556 καὶ
3619 3503 3731 3554 τῶν

2160 3596 2252 3652 ὑπ’
2290 3595 2422 3649 αὐτὸ
2476 3595 2695 3666 ἀτόμων
2720 3597 2778 3650 ὲν
2810 3594 2888 3666 τῷ
2909 3594 3093 3649 ὁποῖον
3148 3597 3556 3665 κατηγορεῖται.
3597 3596 3732 3646 Δια-

2161 3688 2316 3760 φέρει
2342 3688 2400 3742 δὲ
2427 3690 2462 3759 ἠ
2507 3687 2743 3760 διαφορὰ
2789 3687 2885 3742 τοῦ
2940 3687 3380 3758 συμϐεϐηκότος,
3427 3687 3508 3739 ὅτι
3559 3687 3592 3754 ή
3631 3685 3734 3754 μὲν

2159 3776 2393 3849 διαφορά
2432 3776 2694 3847 οὐσιώδης
2739 3777 2904 3843 ἐστὶν,
2954 3777 3122 3847 ἤγουν
3185 3775 3349 3847 μέρος
3402 3775 3499 3844 τῆς
3539 3774 3736 3836 οὐσίας

2157 3867 2253 3924 τοῦ
2298 3866 2660 3938 ὑποκειμένου
2685 3883 2700 3897 ο
2729 3866 2790 3919 16
2817 3866 2875 3920 δὲ
2906 3865 3272 3937 συμϐεϐηκὸς,
3311 3865 3412 3935 οὐχ
3457 3863 3533 3927 ὡς
3565 3862 3738 3934 μέρος

2158 3961 2264 4035 τῆς⁸
2280 3958 2487 4023 οὐσίας,
2511 3958 2626 4013 ἀλλ’
2647 3957 2724 4022 ὡς
2749 3956 3098 4020 ὲπουσιῶδες.

2749 4067 2999 4123 ΚΕΦΑΛ.
3041 4067 3141 4122 ΙΘ’.

2229 4183 2522 4239 Κοινωνὶα
2567 4183 2667 4238 καὶ
2701 4182 2956 4253 διαφορὰ
2983 4181 3199 4253 γένους
3223 4178 3320 4234 καὶ
3349 4177 3662 4248 διαφορᾶς.

2229 4337 2400 4392 Κοινὰ
2431 4337 2493 4391 δὲ
2537 4337 2730 4407 γένους
2780 4337 2876 4390 καὶ
2932 4333 3217 4404 διαφορᾶς,
3266 4331 3328 4386 16
3377 4333 3742 4404 περιεκτικόν

2159 4424 2300 4482 εἶναι
2347 4427 2457 4483 τῶν
2512 4428 2669 4482 εἰδῶν
2713 4427 3000 4499 ἀμφότερα
3035 4436 3059 4466 θ
3085 4467 3100 4492 ,
3151 4425 3247 4479 καὶ
3289 4423 3351 4478 16
3397 4423 3744 4492 συνωνύμως

2160 4515 2584 4591 κατηγορεῖσθαι
2612 4520 2720 4574 τῶν
2749 4517 2907 4572 εἰδῶν
2941 4517 3036 4572 καὶ
3067 4516 3175 4570 τῶν
3233 4514 3475 4584 ἀτόμων.
3515 4514 3643 4584 Χρὴ
3678 4512 3744 4566 δὲ

2156 4611 2450 4680 γινώσκειν
2472 4609 2522 4676 ά,
2560 4613 2641 4664 ὅτι
2687 4613 2789 4664 ὅσα
2839 4609 3228 4679 κατηγορεῖται
3269 4605 3410 4660 κατά
3441 4622 3609 4668 τινος,
3659 4604 3744 4668 ὡς

2160 4702 2282 4757 καθ’
2317 4703 2706 4774 ὑποκειμένου,
2753 4696 3312 4772 ἦγουνσυνωνύμως,
3347 4697 3444 4752 καὶ
3467 4695 3562 4750 τοῦ
3601 4697 3747 4748 ὑπο-

1779 4874 2012 4931 VARLE
2052 4875 2460 4932 LECTlONES.

545 5018 570 5050 ε
603 5007 818 5074 Noster,
851 5007 1103 5064 κοινωνία
1138 5047 1152 5061 .
1179 5044 1194 5059 .
1225 5046 1240 5062 .
1264 5006 1325 5060 16
1360 5007 1707 5078 περιεκτικὸν
1745 5004 1883 5063 εἶναι
1917 5008 2025 5062 τῶν
2063 5007 2221 5063 εἰδῶν
2283 5010 2614 5082 ἀμφότερον.
2689 5009 2717 5051 ά
2749 5009 2947 5067 Noster
3000 5017 3055 5067 et
3107 5009 3241 5082 Reg.
3293 5008 3438 5065 5447
3504 5007 3743 5063 εἰδέναι.

1979 5167 2215 5240 Nom.

467 5287 634 5341 alium
677 5293 726 5339 et
766 5284 952 5354 alium,
986 5283 1204 5354 iduasve
1255 5297 1539 5354 personas.
1586 5281 1756 5354 ίἈλλο
1797 5283 1908 5353 ,μὲν
1950 5283 2045 5354 καὶ

468 5356 597 5412 ἄλλο
625 5355 694 5407 τὰ
717 5355 774 5424 ἐξ
807 5347 881 5408 ὧν
901 5347 944 5405 6⁷
964 5347 1402 5424 Σωτήρ,’ἱη’(ιυίι,
1430 5423 1436 5424 γ
1465 5347 1844 5424 Nazianzenus
1878 5353 2039 5424 epist.

468 5427 594 5548 ΣΑιλ
617 5423 858 5492 CledOn.)
888 5424 1048 5509 Aliud
1077 5423 1281 5504 quidem
1309 5433 1358 5476 et
1387 5423 1534 5504 aliud
1594 5431 1718 5476 sunt
1747 5423 1842 5475 illa
1874 5423 2038 5504 equi-

504 5513 564 5548 us
610 5493 854 5548 Salvator
886 5511 903 5548 :
936 5510 1036 5546 ουκ
1089 5494 1244 5548 ἄλλος
1291 5493 1384 5546 καὶ
1430 5491 1623 5548 ἄλλος.
1660 5509 1762 5546 non
1825 5492 1962 5545 altus
1986 5502 2036 5546 et

504 5513 564 5548 us
610 5491 854 5548 Salvator
885 5511 903 5557 ;
936 5495 1036 5546 οὐκ
1089 5491 1244 5554 ἄλλος
1291 5493 1384 5546 καὶ
1430 5491 1623 5554 ἄλλος,
1660 5509 1762 5546 non
1825 5492 1962 5545 alius
1986 5502 2036 5546 et

467 5565 606 5618 alius
636 5580 651 5616 :
687 5576 732 5616 et
761 5563 918 5616 absit.
974 5563 1116 5629 λέγω
1147 5564 1202 5615 δὲ
1250 5561 1374 5615 ἄλλο
1417 5564 1509 5614 καὶ
1562 5561 1708 5631 ἄλλον
1731 5561 2027 5631 ἔμπαλινῆ

473 5635 560 5700 ἐπὶ
583 5634 679 5703 τῆς
721 5632 947 5705 Τριὰδος
993 5633 1127 5702 ἔχει,
1164 5633 1312 5688 aliud
1344 5649 1460 5686 vero
1489 5641 1536 5686 et
1562 5630 1711 5686 aliud
1748 5631 1865 5686 (lico
1925 5630 2031 5684 αἰδὲ

2153 5285 2277 5354 pari
2314 5285 2519 5354 ratione
2550 5294 2706 5354 atque
2741 5283 2831 5354 ubi
2859 5285 2925 5338 de
2953 5281 3216 5354 Trinitate
3253 5300 3423 5338 sermo
3445 5282 3754 5354 εειεἝχει

2155 5351 2254 5422 μὲν
2289 5354 2395 5424 γὰρ
2435 5351 2594 5417 ἄλλος
2620 5351 2629 5354 ’
2651 5355 2745 5408 καὶ
2769 5353 2946 5418 ἄλλος.
3004 5352 3127 5408 Illic
3181 5355 3436 5422 siquidem
3511 5351 3667 5406 alius
3694 5366 3752 5407 ct

2149 5424 2295 5507 alius
2330 5425 2558 5507 αἰσίῳ-,Ι
2595 5441 2669 5507 ηε
2703 5440 2959 5507 personas
3011 5426 3401 5507 contundam”
3433 5438 3451 5475 :
3480 5424 3574 5477 sed
3634 5440 3754 5504 nun

2146 5493 2295 5616 ἕρμα
2321 5499 2370 5548 e't
2409 5493 2579 5550 aliud.
2626 5493 2749 5549 Tria
2800 5496 2988 5565 quippe
3035 5510 3198 5550 unum
3235 5493 3473 5564 idemque
3521 5502 3656 5548 sunt
3693 5495 3760 5546 in

2191 5573 2426 5616 rimtate.

2191 5573 2313 5618 rtml
2322 5575 2426 5618 ate.
