3974 6338
239 315 345 381 585

1637 299 2105 362 DIALECTICA.

3385 297 3489 361 586

240 423 500 497 κειμένου
550 420 703 494 αὖτῷ
747 419 1082 491 συνωνύμως
1133 414 1675 489 κατηγορηθήσεταν
1708 415 1812 468 ὅσα

1942 411 1983 464 le
2012 409 2187 479 ipsius
2216 421 2435 478 quoque
2464 405 2713 497 subjecto
2754 406 2983 464 univoce
3012 407 3299 479 praedicari
3331 426 3345 463 :
3377 424 3489 464 non

240 517 301 572 δὲ
328 514 673 587 ὁμωνύμως,
709 512 982 583 οὐδαμῶς.
1016 512 1158 565 Ἰδια
1202 510 1260 563 δὲ
1302 509 1396 563 τοῦ
1443 507 1634 576 γένους
1677 505 1814 577 πρὸς

243 608 543 677 διαφοράνο
574 608 657 661 ὅτι
684 606 745 659 τὸ
777 606 933 675 γένος
969 606 1066 659 ἐπὶ
1092 604 1256 658 πλέον
1285 604 1403 657 ἐστὶ
1425 603 1533 657 τῶν
1559 600 1653 654 ὑπ’
1680 600 1815 653 αὐτὸ

244 701 545 771 διαφορῶν,
586 700 680 754 καὶ
709 699 818 754 τῶν
838 699 1016 753 ἄλλων
1053 697 1220 769 τριῶν
1251 695 1445 766 φωνῶν
1466 712 1479 726 ο
1519 695 1604 749 ὅτι
1635 692 1697 746 τὸ
1724 691 1819 761 γέ-

246 812 335 857 νος
364 794 614 864 περιέχει
665 792 766 857 τὰς
794 792 1060 864 διαφοράς
1115 790 1380 860 δυνάμειο
1423 788 1506 842 ὅτι
1554 787 1617 840 τὸ
1660 785 1820 861 γένος

248 888 411 955 φύσει
432 889 699 959 πρότερον
721 885 830 939 τῶν
850 883 1122 957 διαφορῶν
1144 902 1158 916 ο
1188 885 1271 937 ὅτι
1299 882 1372 968 τὸ.
1385 881 1540 952 γένος
1564 881 1622 935 ἐν
1650 879 1730 951 τῷ
1766 879 1820 932 τί

247 981 432 1043 ἐστιν,
464 981 498 1049 ἡ
538 978 595 1031 δὲ
637 977 894 1049 διαφορὰ,
936 977 996 1029 ὲν
1020 974 1099 1046 τῷ
1122 973 1311 1028 ὁποῖόν
1338 973 1390 1027 τί
1439 973 1555 1027 ἐστι
1587 988 1822 1043 κατηγο-

254 1076 466 1141 ρεῖται·
508 1073 590 1126 ὅτι
633 1072 695 1125 τὸ
726 1070 989 1141 προσεχὲς
1034 1068 1189 1137 γένος
1222 1067 1316 1121 ἕν’
1364 1068 1421 1120 αῖ
1447 1067 1505 1121 δὲ
1542 1064 1819 1134 διαφοραὶ,

248 1160 494 1224 πλείους,
549 1159 727 1214 ὅτιτὸ
766 1159 925 1227 γένος
953 1156 1207 1224 ἀναλογεῖ
1257 1154 1397 1229 ὕλῃ,
1448 1156 1631 1227 μορφῇ
1689 1153 1746 1207 δὲ
1787 1153 1824 1225 ἡ

247 1250 508 1321 διαφορά.

866 1339 1115 1393 ΚΕΦΔΛ.
1142 1339 1222 1392 Κ’.

360 1432 654 1486 Κοινωνία
690 1430 788 1485 καὶ
836 1429 1089 1501 διαφορὰ
1116 1428 1332 1499 γένους
1361 1427 1460 1483 καὶ
1488 1429 1711 1496 εῖδους.

319 1586 497 1641 Κοινὰ
530 1587 719 1655 γένους
747 1587 841 1641 καὶ
868 1586 1064 1651 εἴδους,
1095 1587 1192 1641 καὶ
1215 1586 1356 1640 κατὰ
1385 1585 1646 1640 πλειόνων
1669 1587 1729 1639 ἐν
1749 1585 1829 1657 τῷ

248 1678 305 1732 τί
335 1680 455 1732 ἐστι
478 1671 937 1749 κατηγορεῖσθαισ
975 1678 1035 1732 τὸ
1068 1677 1230 1747 φύσει
1269 1680 1512 1751 πρότερα
1542 1673 1681 1732 εἶναι
1715 1679 1828 1733 τῶν

251 1770 345 1823 ὑπ’
367 1770 512 1823 αὑτά
532 1787 546 1800 ⁸
590 1773 669 1835 τὸ,
708 1770 833 1823 ὅλον
862 1787 914 1823 τι
954 1766 1093 1823 εἶναι
1127 1770 1436 1840 ἀμφότερα.
1478 1770 1617 1823 ἰδιά
1650 1771 1707 1824 δὲ
1735 1772 1829 1840 γέ·
1859 1800 1899 1854 Β

249 1878 379 1925 νους
400 1862 498 1914 καὶ
522 1862 694 1925 εῖδους
711 1877 726 1893 ο
743 1862 826 1916 ὅτι
848 1861 909 1916 τὸ
938 1862 1095 1929 γένος
1122 1862 1556 1933 καθολικώτερόν
1584 1865 1701 1917 ἐστι
1728 1863 1824 1918 τοῦ

249 1951 461 2016 εἴδους·
503 1953 587 2007 ὅτι
614 1953 674 2007 τὸ
712 1949 853 2018 εἶδος
881 1952 1192 2026 περιττεύει
1219 1954 1312 2008 τοῦ
1347 1954 1538 2023 γένους
1566 1958 1685 2019 ταῖς
1708 1955 1828 2011 δια-

252 2048 486 2117 φοραῖς⁶
520 2046 603 2100 ὅτι
633 2045 692 2100 τὸ
729 2046 886 2115 γένος
917 2046 1250 2118 συνωνύμως
1300 2051 1687 2119 κατηγορεῖται
1730 2047 1827 2102 τοῦ

251 2136 429 2199 εἴδους
449 2176 466 2199 ,
494 2136 553 2190 rb
582 2136 640 2190 δὲ
666 2131 806 2199 εἶδος
834 2138 937 2191 οὐκ
972 2138 1320 2209 ἀντιστρέφει
1339 2155 1354 2170 ο
1387 2138 1468 2191 ὅτι
1493 2137 1615 2192 οὔτε
1642 2139 1703 2192 τδ
1736 2140 1831 2207 γέ-

252 2244 346 2291 νος
381 2226 754 2295 εἰδικώτατον,
794 2226 920 2283 οῦτε
947 2230 1011 2285 τὸ
1056 2224 1199 2295 εἶδος
1239 2229 1625 2300 γενικώτατον,
1653 2232 1779 2288 οῦτε
1805 2245 1831 2277 ο

248 2319 313 2372 τὸ
341 2319 693 2375 εἰδικώτατον
721 2321 877 2375 ἐσται
910 2322 1088 2390 γένος.

834 2590 1084 2645 ΚΕΦΑΔ.
1123 2591 1253 2648 KA'.

393 2681 686 2736 Κοινωνία
723 2681 824 2737 καὶ
870 2682 1125 2754 διαφορὰ
1149 2685 1366 2756 γένους
1385 2687 1483 2744 καὶ
1510 2689 1687 2746 ὶᾶίου.

332 2842 509 2896 Κοινὰ
547 2843 739 2912 γένους
764 2844 863 2899 καὶ¹
919 2844 1075 2909 ίδίου,
1120 2844 1204 2900 δτι
1259 2846 1330 2901 τὰ
1396 2847 1689 2922 ἀμφότερα
1723 2855 1837 2914 τοῖς

251 2934 459 2991 εἴδεσιν
505 2935 748 3005 ἕπονται,
778 2937 946 3010 ῆγουν
977 2938 1416 3011 κατηγοροῦνται
1440 2959 1454 2972 ο
1506 2942 1589 2997 ὅτι
1631 2943 1830 3015 ἐπίσης

254 3027 694 3099 κατηγοροῦνται
715 3069 729 3091 ,
787 3021 866 3084 ὧν
905 3030 1335 3101 κατηγοροῦνται
1379 3033 1708 3108 ἀμφότεραι
1753 3037 1836 3090 ὅτι

1918 500 2047 556 item
2096 514 2218 569 qua:
2248 499 2548 568 aequivoce.
2603 490 2725 553 "at?
2770 508 2951 554 autem
3004 501 3219 556 ratione
3259 501 3402 555 inter
3432 516 3493 555 se

1918 591 2208 657 dissident,
2242 591 2387 662 quod
2417 606 2590 662 genus
2613 591 2776 647 latius
2806 600 3006 662 pateat,
3037 607 3202 662 quam
3234 594 3497 663 subjectze

1924 684 2003 738 illi
2050 682 2390 747 dill‘ercntiai,
2440 696 2714 752 quamque
2763 682 2884 736 aliae
2937 690 3047 737 tres
3102 697 3264 739 voces
3300 701 3316 752 ;
3347 686 3493 754 quod

1922 782 2206 845 propterea
2229 789 2402 844 genus
2423 781 2692 844 potestate
2711 773 3048 831 dilI‘erentias
3063 776 3457 845 complectatur
3480 794 3493 808 ·

1921 865 2072 937 quod
2102 874 2298 920 natura
2328 864 2667 921 diﬂcrentias
2696 866 2982 921 antecedat
3007 883 3021 920 :
3053 868 3199 936 quod
3255 869 3310 922 in
3365 868 3497 938 quid

1922 965 2007 1013 est
2030 973 2046 1023 ;
2077 956 2380 1013 diﬁerentia
2407 969 2616 1021 contra,
2639 958 2692 1012 in
2719 957 2879 1028 quale
2898 958 3027 1028 quid
3048 968 3133 1015 est
3153 960 3497 1029 prmdicelur:

1923 1047 2072 1121 quod
2131 1049 2502 1119 propinquum
2563 1065 2737 1119 genus
2801 1064 2969 1105 unum
3031 1050 3123 1112 sit,
3181 1049 3502 1105 dilI‘erentize

1923 1150 2106 1196 autem
2136 1142 2321 1213 plures
2354 1160 2367 1196 :
2398 1143 2544 1210 quod
2562 1142 2799 1212 denique
2828 1157 3002 1212 genus
3032 1140 3315 1208 materiae;
3350 1140 3502 1196 dilic-

1926 1234 2105 1286 rentia
2136 1243 2318 1287 autem
2350 1232 2540 1288 forma:
2570 1231 2920 1302 respondeat.

2554 1322 2706 1379 CAP.
2737 1323 2856 1380 XX.

1929 1408 1999 1467 In
2026 1413 2215 1483 quibus
2247 1430 2408 1485 genus
2452 1424 2505 1470 et
2536 1417 2730 1539 aggeris;
2765 1418 2907 1471 inter
2956 1435 3012 1473 se
3064 1418 3395 1493 conveniant,
3442 1433 3505 1471 ac

2594 1503 2688 1539 issi
2729 1498 2872 1539 eant.

2594 1498 2872 1541 assideant.

1998 1577 2149 1631 Inter
2174 1591 2347 1647 genus
2375 1586 2428 1633 et
2470 1577 2707 1647 speciem
2743 1578 2848 1635 hoc
2877 1594 3170 1637 commune
3220 1589 3325 1647 est,
3360 1581 3507 1651 quod

1927 1662 1997 1719 de
2025 1664 2279 1734 pluribus
2308 1665 2361 1720 in
2393 1668 2524 1736 quid
2555 1678 2640 1724 est
2690 1671 3055 1739 praedicentur
3087 1690 3103 1729 :
3129 1674 3277 1743 quod
3313 1680 3508 1727 natura

1928 1770 2012 1818 ea,
2045 1772 2168 1826 quae
2196 1756 2336 1811 infra
2384 1759 2502 1828 ipsa
2537 1768 2687 1827 sunt,
2722 1763 3084 1819 antecedant:
3117 1766 3264 1835 quod
3297 1772 3510 1819 utrum—

1928 1862 2036 1915 que
2068 1856 2240 1903 tolum
2270 1850 2551 1919 quidpiam
2576 1852 2670 1906 sit.
2702 1852 2829 1908 Haec
2856 1861 3038 1911 autem
3068 1856 3253 1925 generi
3278 1871 3343 1911 ac
3383 1872 3511 1927 spe-

1928 1936 2030 1991 ciei
2064 1938 2363 2007 peculiaria
2413 1948 2563 2003 sunt,
2598 1942 2744 2011 quod
2784 1958 2960 2013 gemis
3012 1945 3381 2001 universalius
3434 1946 3511 1999 sit

1928 2043 2094 2097 quam
2138 2030 2393 2098 species:
2428 2033 2577 2101 quod
2633 2036 2845 2104 species
2884 2036 3208 2093 dilTerentiis
3269 2038 3511 2093 abundet

1929 2134 2044 2190 pra:
2100 2136 2301 2192 genere
2333 2140 2348 2177 :
2379 2124 2525 2193 quod
2562 2140 2736 2196 genus
2781 2127 3016 2183 univoce
3053 2126 3120 2184 de
3165 2128 3344 2199 specie
3374 2143 3514 2199 prae-

1930 2212 2168 2278 dicetur,
2210 2229 2317 2268 non
2347 2216 2472 2272 item
2507 2220 2721 2287 species
2753 2219 2820 2275 de
2840 2234 3042 2291 genere
3078 2238 3091 2274 :
3135 2223 3283 2291 quod
3332 2236 3514 2291 neque

1930 2315 2107 2370 genus
2140 2303 2310 2358 ullum
2352 2306 2813 2376 specialissimum
2847 2310 2938 2375 sit,
2994 2324 3172 2380 neque
3225 2310 3353 2366 item
3401 2312 3512 2365 ulla

1931 2392 2148 2464 species
2210 2397 2663 2466 generalissima;
2730 2414 2831 2456 nec
2893 2399 3042 2470 quod
3110 2401 3513 2471 specialissima

1933 2486 2148 2555 species
2176 2501 2347 2557 genus
2380 2504 2503 2545 esse
2537 2492 2734 2561 possit.

2558 2582 2709 2637 CAP.
2746 2582 2886 2638 XXI.

1826 2702 1835 2713 κ
1934 2668 2004 2726 In
2053 2670 2243 2741 quibus
2289 2689 2451 2745 genus
2472 2684 2521 2729 et
2574 2676 2847 2745 proprium
2888 2678 3029 2731 inter
3079 2694 3135 2733 se
3177 2680 3509 2735 conveniant.

2552 2762 2615 2800 ac
2640 2747 2914 2816 differant.

2007 2833 2195 2892 Genus
2245 2844 2301 2892 et
2347 2837 2633 2907 proprium
2699 2839 2755 2891 iu
2803 2838 2908 2893 hoc
2958 2841 3317 2907 conveniunt,
3368 2842 3516 2912 quod

1938 2927 2104 2983 ambo
2135 2928 2350 2999 species
2371 2937 2695 2999 sequantur,
2740 2930 2793 2983 id
2815 2941 2902 2985 est
2921 2931 2989 2986 de
3013 2933 3083 2989 iis
3110 2934 3514 3003 praedicentur‘:

1940 3018 2087 3088 quod
2115 3020 2301 3084 ambo,
2337 3018 2406 3075 de
2460 3020 2528 3075 iis
2582 3020 2652 3075 de
2681 3020 2886 3090 quibus
2942 3024 3329 3093 praedicantur,
3363 3042 3520 3098 aeque

255 3117 593 3189 συνωνύμως
625 3118 1077 3193 κατηγοροῦνται.
1107 3121 1351 3193 Διαφορὰ
1400 3122 1456 3176 δὲ
1488 3122 1583 3177 τοῦ
1622 3124 1833 3193 γένους,

1943 3109 2314 3179 ρτεεὰἰεεηιυι·
2345 3127 2359 3165 :
2401 3111 2549 3180 quod
2585 3111 2817 3168 univoce
2844 3114 3232 3182 pranlicentur.
3269 3115 3386 3173 Hoc
3417 3133 3521 3173 au-

254 3210 358 3263 καὶ
391 3209 524 3264 ἰδίου
548 3251 565 3276 ,
597 3212 679 3264 ὅτι
732 3210 892 3279 φύσει
929 3211 1191 3283 πρότερον
1225 3213 1286 3265 τὸ
1317 3214 1473 3282 γένος
1517 3214 1612 3269 τοῦ
1665 3217 1799 3270 ἰδίου
1820 3233 1834 3248 ⁸

254 3300 346 3354 ὅτι
372 3302 434 3354 τὸ
471 3302 629 3371 γένος
659 3303 803 3357 κατὰ
824 3303 1088 3361 πλειόνων
1118 3304 1276 3360 εἱδῶν
1306 3311 1696 3380 κατηγορεῖται
1718 3348 1735 3376 ,
1776 3310 1840 3363 τὸ

252 3391 317 3444 δὲ
352 3392 509 3459 ῑδιον,
542 3395 660 3459 ἐνός
680 3412 694 3426 ο
716 3396 882 3450 ὅτιτὸ
920 3398 1019 3467 μὲν
1058 3396 1190 3452 ῐδιον
1220 3399 1571 3469 ἀντιστρέφει
1606 3401 1744 3472 πρὸς
1776 3402 1841 3455 τδ

251 3478 426 3550 suo;
452 3485 513 3538 τὸ
540 3486 598 3540 δὲ
642 3487 799 3557 γένος
838 3489 1022 3543 οὐκέτι
1042 3506 1057 3521 υ
1092 3491 1174 3544 ὅτι
1203 3490 1265 3544 τὸ
1303 3490 1401 3562 μὲν
1434 3493 1564 3547 ῖδιον
1585 3493 1733 3566 μόνῳ
1761 3492 1840 3566 τῷ

253 3575 399 3629 εῖδει
423 3577 681 3649 ὑπάρχει,
709 3580 771 3633 τὸ
793 3580 851 3634 δὲ
880 3580 1037 3649 γένος
1070 3580 1130 3635 οὐ
1178 3581 1346 3654 μόνῳ.

848 3757 1103 3814 ΚΕΦΑΛ.
1142 3756 1273 3817 ΚΒ’.

250 3845 561 3902 Κοινωνία
575 3886 591 3913 ,
645 3847 747 3903 καὶ
788 3848 1045 3973 διαφοιὲὰ
1101 3850 1319 3923 γένους
1378 3853 1480 3908 καὶ
1542 3857 1839 3926 συμϐεϐη-

940 3938 978 3973 κ
1019 3937 1138 3973 τοο.

940 3937 1138 3989 κοτος.

335 4004 532 4059 Κοινὺν
556 4006 749 4076 γένους
785 4009 882 4064 καὶ
927 4010 1356 4084 συμϐεϐηκότος,
1379 4015 1441 4069 sb
1485 4016 1629 4073 κατά
1658 4018 1842 4073 πλειό-

250 4110 375 4148 νων
399 4099 840 4169 κατηγορεῖσθαι.
874 4100 1012 4156 Ἰδια
1041 4102 1100 4156 δὲ
1125 4103 1317 4172 γένους
1360 4106 1455 4160 καὶ
1496 4108 1840 4182 συμϐεϐηκό-

250 4202 395 4251 τος,
416 4187 501 4241 δτι
538 4188 600 4242 τὸ
626 4190 782 4259 γένος
815 4192 1081 4265 πρότερον
1130 4194 1367 4268 ὑπάρχει
1395 4196 1504 4252 τῶν
1550 4200 1729 4268 εἰδῶν,
1759 4194 1843 4266 οἷς

252 4277 505 4350 ὑπάρχει
536 4281 604 4335 τά
650 4282 1058 4356 συμϐεϐηκότα,
1086 4286 1158 4342 τὰ
1209 4287 1270 4342 δὲ
1298 4289 1686 4362 συμϐεϐηκότα
1730 4294 1841 4349 τῶν

255 4370 430 4425 εἰδῶν
453 4370 655 4447 ὕστερα
673 4391 689 4407 ο
717 4377 800 4431 ὅτι
828 4377 923 4431 τοῦ
956 4377 1057 4449 μὲν
1085 4378 1298 4448 γένους,
1324 4381 1522 4454 ἐπίσης
1548 4386 1581 4456 ἡ
1612 4387 1837 4459 μετοχὴ,

1944 3211 2053 3260 tem
2084 3203 2230 3260 inter
2267 3210 2564 3275 utrumque
2601 3205 2941 3263 discriminis
2990 3218 3096 3275 est,
3149 3210 3295 3280 quod
3346 3216 3529 3282 genus

1944 3302 2141 3349 natura
2174 3295 2329 3365 prius
2354 3304 2442 3352 est
2470 3299 2695 3368 proprio
2729 3315 2743 3353 :
2785 3301 2931 3371 quod
2972 3290 3146 3373 genus
3179 3304 3248 3360 de
3274 3304 3522 3375 pluribus

1942 3387 2232 3456 speciebus
2283 3390 2654 3459 praedicetur;
2691 3396 2973 3463 proprium
3027 3404 3210 3451 autem
3256 3397 3324 3453 de
3357 3412 3466 3452 una
3503 3416 3519 3452 :

1941 3480 2089 3549 quod
2117 3482 2403 3552 proprium
2460 3497 2587 3540 cum
2649 3486 2833 3556 specie
2884 3495 3284 3557 convertatur;
3347 3486 3537 3561 genus

1942 3580 2126 3627 autem
2167 3588 2274 3629 non
2302 3574 2469 3629 item:
2501 3577 2646 3648 quod
2674 3578 2914 3649 denique
2968 3580 3073 3637 soli
3109 3581 3311 3651 speciei
3350 3581 3519 3649 insit;

1942 3677 2056 3719 non
2088 3664 2218 3719 item
2247 3680 2443 3735 getrus.

2537 3757 2693 3814 CAP.
2746 3757 2921 3817 XXII.

1943 3843 2010 3899 In
2048 3845 2238 3916 quibus
2263 3863 2427 3918 genus
2482 3858 2533 3904 et
2562 3849 2806 3990 uacigens
2835 3852 2973 3907 inter
3021 3868 3077 3907 se
3105 3854 3437 3922 conveniant,
3461 3872 3524 3911 ac

2643 3937 2659 3973 ι
2703 3931 2879 3976 cram.

2643 3931 2879 3976 tierunt.

2012 4006 2128 4065 Hoc
2166 4009 2311 4067 inter
2340 4025 2515 4082 genus
2550 4019 2609 4069 et
2635 4013 2895 4069 accidens
2925 4029 3217 4073 commune
3243 4027 3348 4086 est,
3374 4022 3527 4093 quod

1941 4106 2238 4169 utrumque
2252 4101 2321 4156 de
2342 4100 2589 4172 pluribus
2618 4102 2965 4172 praedicetur.
2985 4101 3112 4161 Haec
3127 4116 3308 4164 autem
3335 4113 3523 4181 generi

1940 4197 1995 4245 et
2028 4189 2296 4247 accidenti
2333 4192 2635 4261 peculiaria
2663 4203 2815 4259 sunt.
2865 4195 3012 4266 quod
3059 4211 3235 4267 genus
3265 4200 3332 4254 sit
3368 4202 3524 4270 prius

1941 4282 2252 4351 speciebus,
2306 4284 2509 4355 quibus
2548 4285 2858 4342 accidentia
2915 4288 3165 4357 insunt;
3215 4292 3525 4348 accidentia

1943 4387 2073 4428 vero
2102 4375 2391 4444 speciebus
2429 4376 2542 4432 sint
2576 4379 2886 4447 posteriora
2918 4396 2933 4435 :
2978 4381 3123 4451 quod
3170 4384 3525 4456 participatio

254 4462 373 4517 τῶν
404 4462 469 4516 δὲ
517 4464 942 4539 συμϐεϐηκότων
1007 4469 1222 4523 οὐκέτι·
1256 4471 1339 4525 ὄτι
1377 4471 1440 4527 τὸ
1495 4475 1835 4547 συμϐεϐηκὸς

1945 4466 2165 4535 generis
2207 4481 2462 4538 peraeque
2512 4469 2585 4525 sit
2618 4487 2633 4536 ;
2671 4471 3038 4527 accidentium
3068 4473 3181 4546 35,
3214 4489 3323 4532 non
3351 4476 3524 4532 item:

256 4556 700 4627 προηγουμένοις
740 4562 853 4623 τοῖς
897 4560 1123 4630 ἀτόμοις
1161 4563 1418 4634 ὑπάρχει,
1451 4566 1547 4620 καὶ
1576 4567 1699 4620 τότε
1728 4571 1843 4633 τοῖς

251 4645 457 4709 εῖδεσι,
488 4645 551 4697 τὸ
573 4646 630 4699 δὲ
670 4646 825 4716 γένος
879 4649 1151 4704 ἀνάπαλιν
1176 4667 1191 4682 ·
1219 4653 1303 4705 ὅτι
1337 4652 1407 4706 τὰ
1430 4655 1563 4725 γένη
1590 4656 1649 4709 ἐν
1688 4656 1767 4728 τῷ
1790 4657 1844 4711 τι

250 4739 385 4791 ἐστι
413 4738 948 4810 κατηγοροῦνται,τὰ
972 4737 1030 4795 δὲ
1059 4742 1445 4816 συμϐεϐηκότα
1489 4746 1636 4819 ἐντῷ
1661 4748 1844 4803 ὁποῖόν

247 4829 313 4885 τί
339 4831 517 4895 ἐστιν,
553 4830 585 4900 ἢ
627 4831 745 4896 πῶς
776 4832 921 4905 ἔχον.
1474 4858 1479 4861 τ

849 4925 1099 4980 ΚΕΦΔΔ.
1142 4926 1270 4983 KI".

333 5013 637 5070 Κοινωνία
666 5013 766 5067 καὶ
806 5013 1062 5084 διαφορὰ
1083 5014 1393 5085 διαφορᾶς,
1422 5016 1521 5070 καὶ
1542 5017 1771 5086 εἴδους.

332 5169 517 5227 Κοινὰ
558 5170 821 5242 διαφορᾶς
867 5169 962 5224 καὶ
1006 5171 1204 5236 εἴδους,
1242 5172 1325 5226 ὅτι
1359 5171 1559 5243 ἐπίσης
1591 5172 1849 5244 μετέχον-

234 5276 379 5319 ται’
413 5260 498 5313 ὅτι
527 5259 614 5313 uel.
648 5259 920 5330 πάρεισιν,
940 5255 1021 5325 οἷς
1048 5261 1389 5332 μετέχονται.
1416 5262 1553 5315 Ἰδια
1585 5263 1848 5336 διαφορᾶς

230 5354 361 5414 καὶ
397 5352 595 5416 εἴδους,
620 5352 754 5425 ὅτιή
776 5352 874 5423 μὲν
904 5351 1137 5422 διαφορὰ
1156 5356 1213 5408 ἐν
1231 5353 1310 5425 τῷ
1332 5355 1516 5409 ὁποῖόν
1547 5356 1599 5410 τι
1619 5357 1758 5423 ἐστι,
1784 5356 1847 5410 τὸ

222 5448 319 5504 δὲ
365 5438 515 5504 εἶδος
558 5444 616 5496 ἐν
642 5442 720 5513 τῷ
751 5443 806 5496 τί
836 5444 952 5496 ἐστι
977 5447 1367 5516 κατηγορεῖται
1391 5462 1406 5476 ·
1436 5446 1521 5499 ὅτι
1547 5447 1584 5517 ἡ
1615 5446 1847 5518 διαφορὰ

1947 4557 2093 4627 quod
2118 4558 2376 4614 accidens
2396 4561 2574 4630 primo
2596 4561 2897 4618 individuis
2918 4563 3070 4629 insit,
3101 4573 3267 4636 atque
3296 4567 3373 4622 ita
3398 4567 3530 4621 sub-

1948 4648 2077 4705 inde
2147 4650 2484 4720 Speciebus;
2563 4669 2737 4724 genus
2805 4664 2994 4711 autem
3052 4665 3318 4712 econtra:
3380 4661 3526 4729 quod

1950 4736 2193 4807 denique
2219 4753 2419 4807 genera
2439 4740 2494 4794 in
2513 4742 2646 4812 quid
2669 4750 2758 4798 est
2778 4743 3185 4813 praedicentur;
3217 4744 3529 4803 accidentia

1949 4840 2083 4882 vero
2118 4826 2171 4881 in
2209 4828 2373 4899 quale
2398 4829 2532 4898 quid
2563 4819 2683 4893 est,
2704 4831 2791 4886 vel
2821 4832 3097 4900 quomodo
3130 4840 3232 4889 est.

2556 4920 2710 4977 CAP.
2748 4922 2944 4979 XXIII.

1952 5011 2021 5065 In
2046 5010 2236 5083 quibus
2275 5012 2580 5083 cii/ferentia
2604 5024 2654 5067 et
2687 5016 2882 5082 species
2928 5017 3067 5070 inter
3098 5032 3153 5071 se
3193 5015 3525 5081 conveniant,

2538 5101 2601 5138 ac
2614 5085 2859 5153 dilerant
2868 5128 2881 5141 .

2023 5172 2375 5231 Conveniunt
2399 5175 2707 5231 differentia
2727 5186 2781 5239 et
2809 5178 3022 5248 species
3048 5217 3064 5244 ,
3107 5177 3251 5248 quod
3281 5192 3535 5247 peraeque

1952 5267 2387 5338 participantur:
2428 5268 2574 5339 quod
2634 5267 2704 5324 iis
2771 5284 2984 5338 semper
3034 5268 3217 5325 adsint
3252 5283 3283 5322 a
3334 5268 3535 5338 quibus

1955 5358 2380 5429 participantur.
2415 5359 2539 5413 Haec
2570 5367 2756 5414 autem
2798 5360 2940 5415 inter
2964 5367 3258 5428 utramque
3293 5358 3537 5429 peculia-

1958 5449 2041 5504 ria
2066 5460 2214 5517 sunt,
2238 5449 2384 5522 quod
2417 5449 2720 5508 differentia
2749 5450 2805 5506 in
2833 5451 2996 5523 quale
3015 5451 3145 5522 quid
3166 5458 3251 5508 est
3274 5467 3292 5517 ;
3322 5450 3541 5522 species

1577 5620 1809 5681 VARIIE
1849 5624 2147 5687 LECTION
2155 5627 2256 5684 ES.

336 5728 369 5758 ο
403 5712 631 5781 Noster,
657 5715 739 5768 ὅτι
762 5715 908 5771 οὔτε.

565 5810 831 5874 Panos.
861 5811 1213 5874 ρωπίαν.

3015 5808 3084 5873 19
