3974 6338
275 279 390 346 589

1692 272 2163 336 DIALECTICA.

3443 278 3551 345 590

272 388 732 465 κατηγορεῖσθαι.
761 387 1085 462 Διαφορὰδὶ
1104 386 1280 455 εῐϐους
1305 389 1401 445 καὶ
1424 388 1858 463 συμϐεϐηκότος,

1987 389 2112 460 ιυοά
2136 389 2205 445 de
2228 388 2480 460 pluribus
2521 386 2911 459 pmdicentur.
2959 384 3076 444 Hoc
3133 399 3314 445 autem
3345 390 3549 450 discri-

272 488 358 541 ὅτι
387 485 450 539 τὸ
481 482 582 555 μὲν
611 478 750 547 εἶδος
778 482 839 538 ἐν
874 481 954 554 τῷ
979 480 1034 537 τι
1064 482 1206 549 ἐστι,
1227 482 1289 537 τὸ
1316 482 1374 537 δὲ
1413 482 1765 555 συμϐεϐηκὸς
1802 483 1861 538 ὲν

272 577 356 650 τῷ
399 575 587 631 ὁποῖόν
633 574 687 630 τί
720 575 841 629 ἐστι
884 576 1317 647 κατηγορεῖταιο
1361 576 1448 630 ὃτι
1476 574 1573 630 τοῦ
1622 575 1799 639 εἴδους
1826 574 1862 644 ἡ

277 670 486 745 μετοχὴ
519 667 641 732 ἑνός
678 667 819 734 ἐστι,
853 666 966 722 τῶν
993 667 1053 722 δὲ
1085 669 1521 741 συμϐεϐηκότων
1552 670 1649 723 καὶ
1681 668 1865 722 πλειό-

278 781 387 818 νων
414 780 502 826 τις
540 760 789 833 μετέχει*
818 761 902 815 ὅτι
930 760 993 813 τὸ
1028 755 1193 827 εἶδος,
1222 761 1385 832 φύσει
1413 761 1686 834 πρότερον
1721 775 1866 832 συμ-

280 856 599 929 ϐεϐηκότων
623 870 638 887 ·
666 855 751 908 ὅτι
787 851 883 907 τοῦ
918 852 1094 917 εἴδους
1121 855 1156 926 ἡ
1188 853 1396 926 μετοχὴ
1436 852 1662 925 ἐπίσης,
1698 851 1769 907 τὰ
1807 850 1867 907 δὲ

281 948 676 1022 συμϐεϐηκότα
703 946 767 1001 τὸ
791 944 995 1018 μᾶλλον
1022 945 1119 999 nat
1147 946 1209 999 τὸ
1230 940 1396 1018 ἦττον
1423 946 1472 1003 8.

856 1037 1113 1093 ΚΕΦΔΛ.
1157 1038 1299 1091 KH’.

281 1131 577 1190 Κοινωνία
603 1129 703 1185 καί
731 1118 1323 1266 διαφοὲὲόηἰῖέξιὲςκαὶ
1347 1127 1690 1198 ἀχωρίστου
1714 1140 1871 1198 συμ-

362 1292 534 1347 Κοινὰ
567 1292 705 1346 ἰδίου
742 1290 840 1346 καὶ
870 1288 1281 1362 συμϐεϐηκότος
1312 1290 1623 1363 ἀχωρίστου
1643 1332 1661 1359 ,
1698 1290 1762 1345 τὸ
1793 1289 1872 1364 μὴ

283 1388 416 1443 ἄνευ
432 1385 611 1440 αὐτῶν
634 1384 894 1455 συστῆναι
912 1383 1120 1448 ἐκεῖνα,
1142 1375 1225 1446 οἷς
1246 1384 1616 1456 ἐνυπάρχουσι
1638 1399 1655 1414 ·
1673 1383 1770 1438 καὶ
1789 1383 1874 1438 ὅτι

284 1474 577 1546 ἀμφότερα
606 1473 695 1527 ἀεὶ
723 1472 969 1543 πάρεισι.
1008 1470 1258 1543 Διαφορὰ
1308 1471 1438 1525 ἰδίου
1465 1471 1562 1526 καὶ
1595 1471 1876 1543 συμϐεϐη·

289 1566 475 1632 κότος,
509 1566 593 1619 ὅτι
625 1565 686 1619 τὸ
713 1563 815 1636 μὲν
844 1563 977 1619 ἴδιον
1009 1563 1091 1617 ἑνὶ
1116 1561 1249 1617 εῐδει
1275 1562 1534 1635 ὑπάρχει,
1565 1562 1627 1617 τὸ
1649 1562 1706 1617 δὲ
1737 1568 1876 1632 συμ-

288 1657 552 1729 ϐεϐηκὸς,
578 1655 829 1711 πλείοσιν
850 1672 864 1690 ’
896 1656 980 1710 ὅτι
1001 1655 1063 1710 τὸ
1087 1656 1185 1728 μὲν
1209 1656 1340 1709 ἴδιον
1363 1656 1714 1727 ἀντιστρέφει
1738 1654 1877 1728 πρὸς

286 1750 354 1803 sb
375 1726 539 1813 εἰδος,
571 1747 631 1802 τὸ
662 1748 721 1803 δὲ
751 1726 1100 1820 συμϐεϐηκὸς
1130 1746 1352 1802 οὐκέτι·
1377 1748 1460 1801 ὃτι
1502 1726 1567 1801 τύ
1602 1748 1702 1819 μὲν
1733 1726 1871 1820 συμ-

1987 1726 2188 1799 speciei
2240 1727 2422 1792 insit;
2475 1726 2740 1782 accidens
2787 1735 2972 1780 autem
3030 1726 3280 1794 pluribus
3324 1745 3339 1782 :

289 1842 531 1915 ϐεϐηκὸς
586 1841 900 1914 ἐπιδέχεται
952 1841 1014 1896 τὸ
1045 1840 1247 1914 μᾶλλον
1279 1842 1375 1897 καὶ
1422 1840 1484 1896 τὸ
1510 1835 1695 1915 ἦττον,
1722 1840 1782 1896 τὸ
1820 1840 1877 1896 δὲ

296 1932 435 1989 [διον
465 1932 742 2006 οὐδαμῶς.

877 2112 1107 2168 ΚΕΦΑΛ
1118 2153 1134 2169 .
1163 2112 1296 2169 ΚΘ¹.

289 2202 436 2275 Περί
464 2200 885 2270 ὑποστάσεως,
918 2202 1019 2258 καὶ
1043 2200 1486 2289 ἐξνυποστάτου,
1519 2200 1619 2258 καὶ
1647 2201 1876 2258 «ir-vxo-

954 2290 1207 2329 στατου.

364 2365 443 2420 Tb
466 2365 566 2437 τῆς
600 2366 959 2430 ὑποστάσεως
1000 2365 1173 2437 ὄνομα
1202 2365 1299 2420 δύο
1347 2367 1627 2439 σημαίνει.
1664 2366 1880 2432 Ἂπλῶς

294 2460 401 2533 μὲν
430 2459 541 2532 γὰρ
567 2459 886 2531 λεγόμενον,
923 2459 1180 2531 σημαίνει
1213 2459 1315 2532 τὴν
1342 2460 1532 2525 ἁπλῶς
1565 2460 1775 2515 οὐσίαν.
1813 2461 1881 2516 Ἠ

291 2553 356 2606 ss
387 2551 512 2605 καθ’
542 2552 743 2624 ἑαυτὴν
768 2552 1068 2617 ὑπόστασις
1092 2550 1155 2605 τὸ
1190 2552 1396 2624 ἄτομον
1429 2553 1755 2625 σημαίνειιι,
1784 2553 1881 2608 καὶ

288 2643 360 2697 τὺ
381 2642 740 2714 ἁφοριστικδν
772 2642 1092 2716 πρόσωπον.
1131 2643 1241 2697 Kal.
1269 2643 1332 2697 τὸ
1368 2642 1794 2699 ἐνυπόστατον
1821 2642 1881 2698 δὲ

290 2733 394 2791 δύο
419 2734 696 2807 σημαίνει.
727 2734 995 2807 Σημαίνει
1026 2735 1137 2807 τὰρ
1168 2735 1351 2790 καὶτὸ
1378 2734 1567 2800 ἁπλῶς
1588 2735 1648 2791 ὅν
1667 2751 1682 2765 ·
1706 2736 1830 2791 καθ’
1851 2736 1882 2791 ὃ

295 2828 722 2899 σημαινόμενον,
750 2827 812 2880 οὐ
847 2826 1012 2898 μόνον
1034 2827 1135 2899 τὴν
1169 2826 1360 2893 ἁπλῶς
1381 2827 1598 2891 οὐσίαν,
1627 2828 1767 2884 ἀλλὰ
1787 2829 1884 2884 καὶ

291 2920 362 2975 τὸ
387 2917 734 2990 συμϐεϐηκὸς
755 2918 1180 2974 ἀνυπόστατον
1207 2919 1505 2991 καλοῦμεν.
1537 2921 1611 2992 Ση
1621 2920 1802 2992 μαίνει
1825 2920 1884 2975 δὲ

295 3011 401 3069 καὶ
426 3012 529 3084 τὴν
554 3010 679 3065 καθ’
710 3010 844 3066 αὐτὸ
869 3011 1191 3079 ὑπόστασιν,
1224 3012 1401 3083 ἦγουν
1426 3012 1487 3067 τὸ
1520 3013 1742 3085 ἄτομον.
1772 3013 1885 3068 Καὶ

1964 483 2130 539 minis
2179 491 2287 548 est,
2324 483 2474 554 quod
2507 483 2722 553 species
2752 482 2807 537 in
2860 482 2991 553 quid
3021 492 3108 538 est
3138 480 3457 542 {accidens
3492 487 3552 542 in

1964 575 2130 646 quale
2162 573 2294 646 quid
2328 583 2413 629 est
2447 575 2818 645 praedicetur:
2863 576 3011 645 quod
3062 575 3230 632 unius
3276 576 3554 634 duntaxat

1965 666 2171 739 speciei
2198 665 2559 737 partieipatio
2583 666 2656 722 sit
2689 683 2704 721 :
2736 674 2793 721 at
2828 667 3129 723 multorum
3178 668 3552 725 accidentium

1965 759 2244 831 quispiam
2280 761 2561 830 particeps
2612 773 2737 815 esse
2769 759 2948 829 possit
2977 777 2992 814 :
3019 760 3169 831 quod
3213 762 3428 832 species
3479 762 3555 819 sit

1967 852 2121 924 prior
2177 859 2379 907 natura
2445 850 2835 907 accidentibus
2878 853 3074 922 :quod
3128 855 3344 924 species
3398 869 3555 925 aequo

1969 943 2333 1016 participetur
2377 961 2395 1013 ;
2437 942 2751 1001 accidentia
2799 953 2983 998 autem
3042 945 3221 1015 magis
3263 956 3321 1002 et
3370 947 3556 1004 minus

1969 1034 2302 1107 suscipiant.

2540 1124 2695 1184 CAP.
2749 1126 2991 1182 XXVIII.

1973 1199 2044 1257 In
2095 1201 2287 1274 quibus
2331 1200 2602 1274 proprium
2642 1207 2692 1253 et
2756 1200 3024 1274 accidens
3055 1198 3413 1268 inseparabile
3446 1210 3557 1255 tum

2370 1270 2679 1324 conveniant
2720 1280 2827 1322 tum
2856 1269 3170 1323 dissideant.

2045 1364 2196 1421 Inter
2245 1363 2531 1434 proprium
2584 1370 2641 1416 et
2705 1362 2970 1417 accidens
3029 1361 3399 1430 inseparabile
3455 1364 3561 1419 hoc

1974 1468 2270 1513 commune
2319 1461 2427 1518 est,
2462 1452 2610 1523 quod
2655 1467 2717 1507 ea
2760 1452 2966 1522 quibus
3018 1453 3233 1518 insunt,
3265 1454 3385 1507 sine
3426 1453 3562 1524 ipsis

1975 1559 2089 1600 non
2137 1543 2493 1609 consistant;
2526 1541 2788 1612 quodque
2837 1550 3134 1611 utrumque
3184 1542 3347 1597 simul
3404 1543 3557 1597 insit.

1977 1637 2094 1692 Hoc
2127 1643 2309 1691 autem
2344 1636 2485 1689 inter
2520 1634 2637 1706 ipsa
2672 1636 2924 1699 interest,
2964 1633 3109 1704 quod
3146 1636 3433 1704 proprium
3467 1636 3559 1688 uni

3412 1727 3561 1797 quod

1978 1818 2267 1890 proprium
2309 1833 2437 1873 cum
2490 1818 2677 1887 specie
2720 1825 3118 1884 convertatur;
3155 1832 3265 1872 non
3300 1819 3428 1872 item
3473 1834 3563 1874 ac—

1978 1908 2195 1965 cidens.
2231 1910 2499 1978 Denique,
2522 1909 2669 1979 quod
2695 1908 2957 1965 accidens
2986 1910 3159 1980 magis
3184 1918 3239 1965 et
3264 1910 3447 1965 minus
3467 1908 3565 1969 ad-

1979 2002 2158 2058 mittat
2184 2020 2201 2071 ;
2229 2002 2514 2075 proprium
2540 2017 2672 2057 vero
2695 2016 3074 2073 nequaquam.

2582 2092 2734 2149 CAP.
2762 2091 2957 2148 XXIX.

2106 2187 2183 2243 De
2210 2185 2509 2258 hypostasi,
2545 2186 2893 2256 enhypostato
2918 2226 2933 2251 ,
2970 2194 3019 2239 et
3051 2184 3429 2256 anltypostato.

2052 2363 2377 2438 Hypostasis
2416 2364 2748 2422 vocabulum
2778 2364 3056 2437 duplicem
3102 2369 3567 2442 signiﬁcationem

1981 2458 2168 2515 habet.
2190 2458 2328 2514 Nam
2352 2474 2477 2515 cum
2493 2458 2749 2515 absolute
2771 2470 3093 2531 usurpatur,
3118 2463 3170 2517 id
3194 2465 3339 2535 quod
3364 2467 3569 2538 simpli-

1979 2552 2122 2609 citer
2178 2551 2398 2610 exsistit
2432 2551 2758 2622 signiﬁcat:
2798 2568 2922 2623 quae
2980 2558 3162 2608 autem
3215 2570 3316 2625 per
3375 2572 3435 2612 se
3481 2566 3570 2612 es:

1982 2644 2319 2716 lrypostasis,
2367 2642 2717 2699 individuum
2756 2642 3035 2714 signiﬁcat
3058 2659 3123 2699 ac
3152 2660 3443 2716 personam
3475 2664 3571 2719 pe-

1981 2735 2271 2793 culiarem.
2304 2735 2506 2793 Eodem
2544 2736 2709 2792 modo
2743 2752 2848 2790 vox
2881 2736 3260 2808 enbypostaton
3290 2740 3567 2811 duplicem

1983 2829 2148 2884 habet
2198 2829 2678 2900 signiﬁcationem.
2741 2827 3036 2899 Signiﬁcat
3098 2832 3245 2885 enim
3303 2841 3358 2888 et
3419 2834 3569 2904 quod

1984 2922 2237 2978 absolute
2272 2929 2356 2978 est
2399 2938 2412 2974 :
2449 2937 2564 2993 quo
2612 2938 2780 2979 sensu
2807 2922 3008 2978 nedum
3045 2922 3419 2980 substantiam
3449 2942 3571 2996 quas

1985 3021 2070 3070 est
2091 3013 2366 3080 absolute,
2398 3015 2494 3070 sed
2528 3023 2583 3069 et
2611 3013 2891 3080 accidens,
2920 3015 3301 3085 enhypostaton
3327 3019 3571 3088 appella-

295 3104 364 3159 τὸ
394 3103 827 3161 ἀνυπόστατον
868 3103 926 3157 δὲ
965 3104 1167 3168 δισσῶς
1212 3103 1457 3175 λέγεται.
1502 3084 1737 3175 Λέγεται
1776 3105 1878 3178 γὰρ

1988 3120 2130 3159 mus.
2159 3104 2423 3175 Designat
2458 3118 2682 3175 quoque
2714 3118 2837 3159 eam
2886 3118 3009 3175 quae
3026 3084 3137 3176 per
3172 3120 3234 3162 se
3286 3084 3379 3164 est
3400 3084 3575 3181 bypo-

296 3196 752 3264 ἀνυπόστατον,
787 3197 884 3251 καὶ
907 3197 970 3251 τὸ
991 3197 1220 3269 μηδαμῆ
1252 3197 1518 3269 μηδαμῶς
1544 3198 1633 3253 όνο
1668 3197 1884 3268 λέγεται

298 3288 469 3345 πάλιν
496 3288 929 3345 ἀνυπόστατον
959 3290 1056 3344 καὶ
1098 3291 1117 3332 ί
1152 3291 1213 3345 τὸ
1244 3289 1619 3361 συμϐεϐηκὸς,
1647 3289 1785 3344 διότι
1823 3291 1887 3345 τὸ

302 3378 658 3451 συμϐεϐηκὸς
689 3381 791 3436 οὐκ
809 3379 928 3454 ἔχει
954 3381 1092 3438 ἰδίαν
1120 3379 1385 3455 ὓπαρξιν,
1412 3380 1528 3436 ἀλλ’
1552 3381 1612 3435 ὲν
1636 3382 1704 3453 τῇ
1732 3380 1891 3452 οὐσίᾳ

300 3472 642 3546 ὑφέστηκεν.

906 3737 1161 3793 ΚΕΦΑΔ.
1200 3738 1282 3792 A'.

299 3826 450 3898 περι
468 3828 723 3919 υιέςτίφςι
762 3828 1325 3919 ξρέμεξιέίῖεωςιβςιέ
1352 3829 1627 3919 Morir
1664 3834 1888 3905 ἀτόμου

520 3916 586 3952 τε
620 3898 723 3953 καὶ
750 3898 1076 3968 προσώπου
1113 3901 1212 3954 καί
1246 3898 1666 3972 ὑποστάσεως.

377 3992 445 4047 οι
481 3991 579 4061 μὲν
625 3990 731 4057 ἔξω
778 3992 1095 4062 φιλόσοφοι,
1149 3992 1293 4047 κατὰ
1340 3993 1433 4048 τὸν
1486 3996 1889 4068 προλεγόμενον

294 4087 491 4156 λόγον,
523 4084 791 4156 διαφορὰν
821 4079 976 4139 εἷπον
1027 4084 1219 4147 οὐσίας
1265 4084 1362 4139 καὶ
1396 4084 1635 4154 φύσεως.
1684 4088 1889 4143 Οὐσίαν

301 4180 416 4252 μὲν
459 4177 707 4241 εἰπόντες
753 4175 867 4248 (19)
917 4175 979 4229 τὸ
1025 4174 1216 4239 ἁπλῶς
1264 4172 1442 4230 εἶναι’
1490 4177 1654 4248 φύσιν
1699 4178 1756 4233 δὲ
1805 4180 1891 4233 οὐσ

298 4274 436 4327 σίαν
459 4271 574 4344 (20)
622 4270 1053 4342 εἰδοποιηοείσαν
1099 4269 1206 4325 ὐπὸ
1249 4269 1357 4327 τῶν
1384 4272 1664 4329 οὐσιωδῶν
1709 4273 1891 4345 διαφο-

1984 3198 2185 3269 stasin,
2230 3198 2337 3253 boc
2395 3207 2482 3254 est
2532 3196 2903 3253 individuum.
2932 3196 3076 3263 Quin
3105 3206 3160 3253 et
3188 3200 3574 3271 anltypostaton

1984 3305 2204 3361 quoque
2249 3289 2454 3361 duplici
2500 3289 2663 3346 modo
2692 3298 3021 3360 usurpatur.
3080 3290 3214 3344 Nam
3247 3300 3301 3346 et
3332 3292 3575 3365 anhypoo

1986 3393 2164 3439 staton
2203 3384 2407 3438 dicitur
2439 3383 2586 3453 quod
2623 3398 2898 3454 nusquam
2936 3382 3166 3439 omnino
3202 3392 3325 3441 est:
3364 3402 3430 3443 ac
3453 3403 3576 3443 rur-

1988 3490 2086 3531 sus
2126 3475 2291 3530 etiam
2356 3475 2615 3531 accidens
2680 3477 3070 3546 anhypostaton
3127 3484 3377 3547 vocatur,
3421 3480 3553 3550 quia

1997 3564 2255 3621 accidens
2283 3567 2563 3636 propriam
2595 3579 2661 3620 ac
2684 3566 3020 3635 peculiarem
3054 3567 3440 3623 exsistentiam
3466 3585 3577 3625 non

1996 3656 2181 3720 habet,
2214 3656 2310 3712 sed
2344 3656 2400 3711 in
2434 3656 2749 3712 substantia
2789 3656 3033 3713 exsistit.

2480 3748 2591 3820 36
2636 3748 2789 3805 CAP.
2821 3748 2984 3804 xxx.

2002 3835 2073 3891 De
2093 3851 2213 3891 voce
2236 3836 2478 3909 οὐσίας,Δ
2510 3837 2574 3892 de
2620 3848 2818 3892 natura
2853 3849 2903 3893 et
2943 3840 3138 3909 forma.
3175 3858 3375 3898 necnon
3401 3842 3467 3899 de
3494 3844 3576 3900 in-

2337 3906 2573 3973 dividuo,
2603 3923 2829 3977 persona
2857 3921 2907 3965 et
2936 3906 3228 3981 hypastast.

2074 3997 2212 4054 Usus
2228 4000 2407 4053 varius
2422 4000 2765 4054 terminorum
2784 3998 3117 4071 philosophis
3135 4021 3197 4059 ac
3214 4003 3489 4061 Pats‘ibus.
3505 4034 3581 4047 -—

1996 4090 2220 4147 Externi
2258 4090 2571 4162 philosophi
2600 4092 2793 4149 eodem
2826 4095 2990 4150 modo
3011 4095 3219 4163 οὐσίας,
3267 4110 3321 4153 et
3340 4098 3577 4167 φύσεως,

1997 4182 2361 4239 diﬁ'erentiain
2394 4192 2732 4240 statuerunt.
2756 4186 2962 4240 Οὐσίαν
2989 4187 3211 4258 quidem
3237 4201 3578 4260 usurparunt

1996 4287 2098 4343 pro
2157 4286 2281 4329 esse
2336 4272 2589 4330 absolute
2616 4285 2673 4330 et
2728 4276 3064 4347 simpliciter
3097 4296 3110 4332 :
3142 4277 3304 4347 φύσιν
3336 4294 3487 4339 vero.
3526 4282 3579 4334 id

404 4450 405 4453 η
1624 4406 1862 4464 νΑιιυΕ
1900 4404 2309 4463 LECTIONES.

386 4502 414 4542 ⁸
448 4499 605 4555 Addo
656 4492 926 4572 τδῆττον
968 4512 1034 4555 ex
1092 4513 1214 4572 uno;
1258 4497 1431 4569 Regio
1491 4508 1546 4555 et
1581 4507 1821 4572 nostro.
1876 4498 1995 4572 _Sic
2026 4498 2208 4572 etiam
2282 4497 2474 4572 Basilo
2521 4498 2827 4572 interpres;
2898 4500 2979 4555 sic
3075 4499 3438 4572 Porphyrius.
3521 4511 3587 4559 ut

302 4572 566 4628 ostendat
594 4569 855 4627 accidens
884 4569 1254 4637 inseparabile
1282 4583 1390 4623 non

1506 4570 1705 4642 ualiter
1739 4567 2229 4642 omnibusinesse,
2262 4569 2576 4642 exemplum
2606 4567 3032 4642 aﬁ‘ert‘duorum
3066 4567 3407 4642 Etliiopum,
3443 4588 3586 4642 quo-

302 4657 436 4699 rum
472 4642 611 4720 alter
638 4636 1186 4720 alterum‘nigfedine
1215 4636 1609 4720 superatij
1630 4640 1741 4720 τὰρ
1771 4638 1970 4720 Αἰθίοψ
2000 4638 2259 4720 Αἰθίοτξοος
2286 4636 2401 4709 ἔχοι
2524 4638 2627 4709 τὴν
2655 4639 2871 4720 χροίαν,
2896 4640 2931 4712 ἢ
2966 4636 3282 4717 ἀνειμένην,
3315 4642 3348 4712 ἢ
3393 4636 3581 4697 ἐπιτε-

299 4711 602 4784 ταμμὲνην
624 4710 767 4765 κατὰ
800 4708 1086 4781 μελανίαν.
1160 4709 1189 4749 h
1223 4708 1357 4780 Reg.
1388 4708 1552 4778 2927,
1581 4708 1755 4781 δηλοῖ.

1858 4710 1877 4750 i
1908 4706 2077 4765 Deest
2097 4706 2194 4762 καί
2224 4708 2279 4763 in
2315 4706 2521 4764 inultis
2571 4706 2876 4766 codicibus.

1832 4825 2067 4882 ΝΟΤΛΕ.

389 4927 506 4998 (I9)
536 4926 766 5005 Οὐσίαν·
813 4923 930 5005 μὲν
973 4923 1249 5005 εἰπόνξες
1268 4937 1280 4951 '
1316 4922 1505 5005 Atque.
1536 4924 1737 5005 οὐσίαν
1769 4924 1891 4996 qui-
1924 4926 1969 4983 D
1998 4920 2214 5005 οὐσίαν,
2244 4935 2419 5005 quam
2446 4918 2630 4976 Latini
2660 4922 2891 4990 primam
2921 4922 3281 5005 substantiam
3310 4922 3589 4997 interpre.

308 4993 607 5061 devineta.
658 4993 979 5049 Ammonius
1010 4994 1066 5048 in
1131 4993 1546 5065 Commentario
1598 4996 1652 5049 in
1697 4993 1892 5065 Gates.

307 5069 492 5146 {Ar-ist.
528 5067 621 5146 ubi
653 5068 717 5121 de
752 5066 1095 5146 substantia.
1118 5064 1208 5146 ait.
1237 5062 1429 5145 οὐσίαν
1455 5064 1492 5146 ἡ
1508 5062 1902 5146 pacarit-bna};-

308 5142 425 5206 ξιν,
458 5138 544 5214 rei
593 5135 884 5214 quamlibet
932 5134 1302 5214 exsistentiam
1352 5134 1903 5214 signiﬁcare,hoeque

303 5204 475 5266 sensu
509 5207 573 5262 de
602 5204 958 5261 accidentibus
976 5205 1206 5276 perinde
1233 5204 1524 5271 enuntiari,
1553 5204 1709 5276 ἢτὴν
1739 5205 1813 5276 μὴ
1840 5207 1901 5276 εν

306 5279 666 5349 ὑποκειμένῳ
699 5276 883 5346 φύσιν,
909 5274 985 5349 vel
1006 5283 1280 5349 naturam,
1307 5291 1424 5349 qua:
1448 5292 1550 5329 non
1577 5274 1749 5349 estin
1774 5274 1901 5349 sub-

300 5353 480 5419 iacto,
508 5345 605 5404 seu
629 5345 748 5417 quae
781 5361 889 5400 non
924 5346 995 5400 sit
1025 5345 1305 5419 accidens.
1334 5345 1530 5400 Verum
1576 5345 1901 5419 Aristoteles

304 5416 507 5476 οὐσίαν
530 5416 745 5488 proprie
769 5425 1047 5488 acceptam
1087 5416 1303 5488 deﬁnit,
1333 5432 1448 5485 qua:
1466 5433 1557 5470 nec
1571 5416 1634 5488 de
1660 5416 1899 5488 subjecto

300 5492 434 5547 alio
456 5485 688 5552 dicatur,
713 5504 803 5543 nec
817 5488 870 5540 in
896 5487 1073 5556 aliqua
1095 5485 1330 5555 subjecto
1354 5488 1435 5556 ﬁt,
1457 5489 1593 5540 velut
1614 5486 1699 5540 hic
1719 5485 1896 5549 homo,

308 5564 412 5615 hic
435 5576 619 5630 equus.
649 5558 766 5626 Qua
797 5556 1118 5630 deﬁnitione
1144 5557 1325 5611 innuit
1347 5556 1696 5630 individuum
1720 5557 1897 5630 solum

304 5626 515 5687 οὐσίαν
550 5646 669 5685 esse
696 5629 919 5700 proprie
951 5635 1247 5700 sumptam,
1272 5627 1401 5700 quia
1426 5626 1698 5700 individui
1728 5627 1901 5700 solius

1998 4998 2209 5048 tantur.
2245 4998 2483 5063 Naturas
2514 5006 2646 5063 vero
2678 5007 3045 5063 communes,
3087 5001 3217 5063 puta
3270 5008 3491 5063 genera,
3535 5008 3592 5052 et

1999 5064 2237 5152 species,
2268 5076 2393 5131 quae
2422 5062 2478 5116 in
2502 5062 2820 5152 individuis
2850 5062 3298 5152 cqrrsiderantur,
3322 5063 3589 5152 δευτέρας

1999 5132 2194 5196 οὐσίας
2238 5139 2552 5202 nuncupat;
2607 5132 2783 5187 nostri
2832 5132 3164 5187 substantias
3214 5132 3587 5190 secundas-di-

2008 5213 2162 5258 cunt.
2195 5202 2352 5268 Quod
2380 5202 2429 5274 si
2466 5216 2596 5257 vero
2621 5209 2878 5274 accurate
2910 5204 3057 5274 loqui
3093 5203 3342 5268 velimus,
3371 5207 3591 5273 quando

2008 5289 2193 5328 sermo
2224 5275 2331 5328 erit
2363 5271 2432 5326 de
2455 5271 2735 5326 communi
2763 5271 2997 5335 natura,
3014 5274 3171 5326 οὐσία
3208 5271 3454 5329 essentia:
3488 5291 3591 5329 no-

2010 5344 2158 5397 mine
2188 5342 2549 5413 exprimetur,
2579 5342 2803 5413 quando
2826 5341 2895 5398 de
2920 5350 3120 5397 natura
3152 5343 3444 5413 singulari,
3475 5349 3593 5401 sive

2010 5358 2158 5397 mine
2188 5358 2549 5413 exprimetur,
2579 5358 2803 5463 quando
2826 5358 2895 5398 ue
2920 5358 3120 5397 natura
3152 5358 3444 5413 singulari,
3475 5362 3591 5401 sive

2007 5415 2076 5467 de
2124 5412 2441 5476 individuo,
2490 5412 2588 5463 οὐσ
2613 5427 2677 5465 αν
2719 5420 2868 5467 recte
2913 5413 3269 5467 substantiam
3332 5415 3591 5470 dicimus.

2008 5482 2350 5538 individuum
2363 5482 2508 5554 enim
2530 5480 2872 5554 estbcpsotb;
2898 5485 3149 5554 πρᾶγμα,
3166 5483 3344 5552 inquit
3368 5485 3596 5542 Ammo-

2010 5554 2155 5617 nius,
2188 5570 2270 5607 res
2299 5553 2592 5607 subsistens
2616 5553 2671 5605 in
2698 5567 2774 5606 se.

2082 5622 2197 5694 (10)
2248 5624 2443 5694 Φύσιν
2488 5621 2864 5694 δὲμούσίαν·
2911 5622 3079 5678 Φύσιν
3113 5640 3263 5693 vero,
3299 5642 3391 5682 seu
3437 5636 3601 5681 natu-

303 5709 408 5761 est
446 5702 666 5773 pr0prie
696 5692 842 5758 'essé.
875 5692 1249 5767 Quamobrem
1288 5692 1443 5754 'illud
1476 5704 1637 5754 vocat
1687 5694 1914 5769 πρώτην
2021 5692 2293 5763 ταπειε.
2329 5692 2673 5761 Aristoteles,
2699 5708 2795 5749 seu
2824 5694 3082 5769 quisquis
3114 5692 3255 5756 alius
3289 5706 3481 5755 auctor
3510 5712 3599 5756 est
