3974 6338
310 485 424 552 597

1674 454 2161 571 "DlaLECTl‘CA.

3486 485 3588 549 598

384 597 526 673 [(24)
567 598 874 671 Ὀμοιότης,
911 602 959 654 εί
991 602 1084 656 καὶ
1112 604 1259 657 δοκεῖ
1286 607 1395 668 τοῖς
1429 605 1679 669 παλαιοῖς
1697 621 1890 675 τετρα-

2074 600 2152 655 De
2172 599 2539 655 similitudine.
2567 629 2632 637 -—
2670 595 3035 663 Quantumvis
3071 592 3381 649 similitudo
3420 610 3586 664 penes

309 690 425 762 χῶς
453 690 701 758 γίνεσθαι
732 692 874 749 κατὰ
917 694 1019 763 τὴν
1065 697 1332 768 ποιότητα
1387 698 1577 769 μόνην,
1608 696 1745 751 ἀλλά
1785 698 1897 762 τοῖς

309 780 602 851 νεωτέροις
636 781 835 848 ἔδοξεν,
866 785 1084 855 πρῶτον
1127 786 1249 855 μὲν,
1280 788 1356 851 ὡς
1395 790 1452 842 ὲν
1497 788 1777 861 κεφαλαίῳ
1802 788 1897 844 καὶ

309 872 455 927 κατὰ
492 873 686 927 οὐσίαν
718 875 989 943 γίνεσθαι,
1019 878 1115 931 καὶ
1146 878 1286 932 κατὰ
1317 880 1611 951 ποιότητα·
1651 880 1773 935 κατ’
1803 880 1898 933 οὖσι

309 962 436 1018 σίαν
462 964 584 1035 μὲν,
613 965 805 1038 ὥσπερ
826 969 953 1031 τοὺς
1000 968 1324 1038 ἀνθρώπους
1367 972 1589 1042 ὁμοίους
1636 961 1896 1041 ἀγγέλοις

306 1055 568 1127 λέγομεν,
633 1058 757 1112 ἀντὶ
818 1060 912 1113 τοῦ
964 1060 1115 1125 ίσους
1137 1063 1381 1133 ,,καίτοι
1428 1065 1547 1129 ταῖς
1608 1066 1895 1137 ποιότησιν

305 1148 558 1221 ἀλλήλων
589 1150 850 1221 πάμπολυ
882 1152 1266 1224 διαφέροντας,
1293 1155 1389 1210 καὶ
1425 1157 1630 1222 ἵππους
1661 1158 1892 1229 ὁμοίως,

307 1241 404 1293 καὶ
430 1241 685 1307 κύκνους,
710 1244 894 1298 καὶτὰ
915 1245 1097 1299 λοιπά.
1130 1247 1285 1302 Ἐπεὶ
1308 1247 1367 1301 δὲ
1399 1249 1434 1321 ἡ
1459 1250 1715 1321 ὁμοιότης
1749 1251 1890 1323 αὕτη

306 1329 442 1383 ποτὲ
481 1331 583 1400 μὲν
608 1333 1027 1403 ἀπαράλλακτος
1057 1335 1405 1407 ἐμφαίνεται,
1431 1338 1564 1393 ποτὲ
1585 1339 1642 1395 δὲ
1667 1341 1809 1394 κατά
1839 1357 1892 1394 τι

304 1420 745 1493 παρηλλαγμένη
763 1439 776 1454 ·
802 1423 1222 1489 ὑποστέλλοντες
1240 1426 1292 1479 οε
1323 1426 1594 1498 αίρετικοὶ
1622 1427 1714 1481 τὸν
1738 1427 1885 1493 Υίδν,

303 1512 499 1582 ὅμοιον
523 1514 688 1570 αὐτὸν
716 1515 905 1584 ελεγον
932 1516 1030 1570 τοῦ
1069 1517 1306 1588 Πατρὺς,
1342 1518 1431 1572 διὰ
1461 1519 1763 1590 μεσότητος
1791 1519 1887 1573 τοῦ

304 1605 741 1675 σημαινομένου,
765 1606 907 1679 πρὸς
949 1609 1015 1662 τὸ
1049 1612 1233 1681 χεῖρον
1281 1610 1725 1682 συναρπάζοντες
1758 1611 1889 1676 τοὺς

299 1696 727 1770 ἀφελεστέρους.
760 1700 854 1753 Διὸ
884 1702 982 1756 καλ⁸
1009 1704 1037 1757 ὁ
1062 1703 1235 1774 μέγας
1262 1703 1564 1770 Βασίλειος,
1595 1722 1613 1755 ι
1635 1705 1697 1758 El
1722 1721 1889 1776 προσ-

299 1788 539 1855 τίθεται,
569 1792 727 1862 φησὶ,
768 1794 865 1846 καὶ
905 1792 966 1847 τὸ
1019 1794 1482 1866 ἀπαραλλάκτως,
1535 1795 1690 1865 κάγὼ
1733 1796 1885 1867 δέχο-

304 1897 432 1950 μαι.
465 1898 485 1933 ι
533 1882 674 1935 Ἀλλ’
708 1883 854 1938 οὕτω
887 1885 987 1955 μὲν
1033 1884 1155 1939 κατ’
1180 1886 1370 1940 οὐσίαν
1393 1904 1409 1921 ο
1452 1887 1593 1941 κατὰ
1635 1888 1693 1941 δὲ
1735 1888 1881 1942 ποιόο

2004 694 2325 766 qualitatem
2359 693 2531 749 solam
2578 707 2642 746 ex
2686 689 3030 759 quadruplici
3062 688 3237 757 capite
3270 687 3403 741 oriri
3444 697 3587 739 vete-

2005 787 2160 843 ribtts
2218 786 2335 841 visa
2395 786 2488 853 sit,
2552 783 2909 839 nihilominus
2961 790 3076 836 tum
3116 781 3416 837 sccumlnm
3458 781 3590 833 sub-

2001 883 2281 948 stantiam,
2321 889 2434 937 tum
2467 878 2770 938 secundum
2827 877 3140 948 qualitatem
3192 875 3414 946 perinde
3443 871 3583 929 sumi

2000 976 2141 1030 solet
2190 991 2219 1029 a
2285 972 2688 1030 recentioribus
2728 989 2740 1026 :
2776 986 2840 1024 ac
2874 967 3174 1027 secundum
3212 967 3578 1024 substantiam

1997 1067 2242 1139 quidem,
2277 1073 2338 1120 ut
2362 1064 2496 1119 dum
2534 1062 2783 1119 homines
2816 1060 3024 1130 augetis
3076 1058 3310 1123 similes,
3363 1059 3467 1112 hoc
3498 1066 3585 1112 est

1994 1159 2256 1231 aequales,
2288 1158 2546 1222 dicimus,
2586 1155 2802 1209 tametsi
2838 1166 3005 1225 penes
3027 1151 3318 1219 qualitates
3350 1149 3491 1203 inter
3525 1164 3585 1203 se

1994 1250 2224 1305 omnino
2282 1248 2485 1303 diversi
2536 1247 2670 1309 sint,
2732 1260 2904 1313 equos
2959 1259 3199 1315 quoque,
3242 1256 3306 1295 ac
3355 1256 3583 1311 cygnos,

1992 1345 2210 1413 aliaque
2249 1341 2301 1398 id
2358 1341 2468 1413 39
2518 1354 2708 1412 genus.
2747 1338 2944 1392 Verum
2977 1333 3413 1405 quandoquidem
3437 1332 3587 1401 ejus-

1993 1437 2136 1491 modi
2210 1433 2535 1496 similitudo,
2602 1432 2804 1487 nullam
2861 1428 3158 1500 aliquando
3207 1424 3585 1496 diSparilalcm

1990 1528 2287 1593 admittit,
2368 1526 2700 1597 quandoque
2790 1537 2921 1578 vero
2998 1519 3313 1574 nonnullam
3382 1517 3589 1586 patitur

1988 1620 2358 1676 diversitatem
2405 1635 2421 1684 ;
2488 1628 2547 1672 ut
2602 1615 2799 1671 Filium
2867 1629 2895 1669 a
2956 1613 3159 1687 deitate
3215 1608 3588 1665 subducerent

1989 1711 2249 1779 haeretici,
2307 1710 2555 1766 eumdem
2591 1706 2738 1761 Patri
2794 1705 3025 1762 similem
3075 1704 3350 1767 dixerunt,
3391 1716 3454 1754 ac
3495 1716 3589 1768 per

1987 1803 2280 1875 ancipitem
2338 1802 2491 1856 vocis
2553 1799 2715 1868 hujus
2755 1813 2978 1853 sensum
3030 1796 3085 1850 in
3145 1794 3333 1867 pejora
3376 1792 3581 1862 simpli-

1986 1910 2080 1951 ces
2133 1894 2507 1949 detraxerunt.
2572 1890 2918 1961 Quapropter
2990 1896 3045 1942 et
3109 1899 3339 1956 magnus
3406 1882 3586 1936 aiebat

300 1988 469 2041 τητα,
487 1973 606 2044 οὐκὶ
627 1975 805 2046 τήνδε,
827 1951 1064 2048 ῆτήνδε,
1082 1977 1218 2032 ἀλλὰ
1241 1980 1443 2045 πᾶσαν,
1466 1980 1633 2050 ἤγουν
1667 1980 1876 2052 σχῆμα,

1997 1981 2350 2053 Basilius(25)
2375 2002 2387 2038 :
2416 2000 2433 2034 ι
2468 1980 2525 2035 Si
2560 1951 2710 2045 voci,
2730 1951 2949 2042 similis,
2976 1951 3444 2042 addatur‘absquc
3474 1972 3580 2026 ulla

302 2067 401 2119 καὶ
429 2065 662 2138 μορφὴν,
682 2066 899 2139 χρῶμα,
927 2069 1145 2140 τέχνην,
1167 2071 1391 2142 ἀρετὴν,
1409 2071 1504 2124 καὶ
1525 2071 1610 2143 ἐφ’
1633 2072 1732 2125 ὅσα
1763 2072 1879 2127 δια-

298 2156 469 2210 τείνει
497 2158 557 2211 τὺ
588 2159 691 2230 τῆς
721 2160 1027 2232 ποιότητος.

1986 2088 2217 2145 prorsus
2241 2072 2587 2135 diversitate,
2613 2072 2786 2141 ipsam
2818 2083 3040 2140 quoque
3065 2066 3239 2121 libens
3263 2064 3524 2133 suscipio.
3558 2082 3576 2114 ι

1983 2164 2162 2236 Atque
2183 2163 2300 2219 haec
2346 2171 2432 2218 est
2484 2160 2785 2219 similitudo
2830 2157 3132 2214 secundum
3194 2153 3581 2211 substantiam.

300 2251 622 2307 Secundum
673 2255 1000 2325 qualitatem
1043 2264 1247 2325 autem,
1285 2274 1394 2314 non
1437 2259 1504 2315 ad
1540 2260 1702 2328 hanc,
1739 2261 2002 2316 autillam
2054 2260 2339 2332 qualitatis
2396 2260 2632 2329 speciem
2680 2258 3094 2318 determinatur,
3122 2256 3215 2310 sed
3247 2254 3301 2307 in
3328 2249 3584 2307 omnibus

299 2345 489 2399 locum
519 2345 707 2409 habet,
767 2355 896 2417 puta
938 2347 1133 2420 ﬁgura,
1175 2350 1375 2419 forma,
1413 2353 1620 2419 colore,
1645 2361 1785 2420 arte,
1820 2352 2051 2422 virtute,
2091 2362 2149 2411 et
2180 2354 2328 2419 aliis,
2357 2352 2427 2407 ad
2473 2365 2596 2422 qua:
2622 2366 2796 2422 genus
2837 2348 3123 2419 qualitatis
3152 2362 3275 2402 sese
3312 2345 3581 2401 extendit-

376 2433 528 2506 Αὕτη
548 2435 604 2489 δὲ
631 2437 666 2507 ὴ
696 2437 920 2509 ποιότης
955 2435 974 2476 ι
1004 2438 1301 2510 διαιρεῖται
1342 2444 1625 2515 τετραχῶς
1652 2461 1668 2475 ·
1718 2445 1752 2515 ἢ
1780 2445 1891 2515 γάρ

301 2526 394 2580 ἑνὶ
430 2528 585 2593 εῖδει,
618 2530 713 2583 καὶ
748 2533 847 2603 μιᾷ
875 2532 1143 2603 ποιότητι,
1181 2534 1477 2608 καθώσπερ
1512 2538 1640 2602 τοὺς
1670 2538 1766 2592 τοῦ
1792 2541 1891 2593 αὐ-

303 2618 407 2672 τοῦ
433 2618 606 2683 εἴδους
619 2621 841 2692 ὁμοίους
865 2624 1116 2695 ἀλλήλοις
1141 2624 1396 2697 λέγομεν,
1430 2622 1543 2683 οἷον
1567 2629 1693 2693 τοὺς
1720 2630 1895 2687 Αἰθίο-

309 2728 425 2773 πας
453 2713 703 2785 ἀλλήλοις
748 2715 968 2786 ὁμοίους
1014 2717 1154 2772 κατὰ
1191 2719 1254 2771 τὸ
1280 2719 1473 2789 μέλαν,
1520 2722 1763 2787 καὶτοὺς
1796 2723 1895 2777 κύ-

308 2822 478 2869 κνους
499 2805 661 2860 πάλιν
683 2808 821 2862 κατὰ
846 2808 907 2862 τὸ
925 2807 1137 2864 λευκόν.
1156 2811 1319 2864 Ὥστε
1340 2811 1471 2876 τοὺς
1490 2812 1691 2878 αὐτοὺς
1705 2814 1891 2887 διπλῇ,

306 2894 408 2948 καὶ
432 2895 553 2949 κατ’
578 2896 768 2952 οὐσίαν
798 2897 1018 2968 ὁμοίους
1055 2899 1309 2970 ἀλλήλοις
1336 2896 1499 2967 εἶναι,
1519 2902 1776 2958 καὶκατὰ
1792 2904 1891 2977 τὴν

304 2987 511 3053 εξδέαν,
532 2989 654 3059 ἦτοι
680 2989 744 3042 τὸ
766 2991 988 3061 χρῶμα,
1020 2990 1054 3061 ἢ
1087 2991 1146 3045 ἒν
1178 2992 1458 3065 διαφόροις
1480 2993 1670 3062 εἴδεσι,
1707 2998 1809 3069 μιᾷ
1829 2998 1888 3052 δὲ

302 3081 377 3148 τῇ
406 3079 543 3152 αὐτῇ
576 3081 842 3152 ποιότητι,
898 3081 1013 3140 οἷον
1045 3084 1106 3140 τὸ
1152 3083 1323 3157 πίπερ
1354 3085 1414 3139 τὸ
1458 3086 1669 3152 λευκὸν,
1698 3089 1793 3142 καὶ
1826 3089 1891 3143 τὺ

309 3172 507 3242 μέλαν,
545 3174 712 3242 ὃμοια
739 3175 991 3246 ἀλλήλοις
1020 3177 1164 3231 κατὰ
1188 3178 1288 3248 τὴν
1317 3177 1604 3247 ποιότητα,
1636 3178 1669 3250 ἢ
1694 3181 1753 3232 ὲν
1774 3181 1890 3245 τοῖς

304 3263 496 3328 αὐτοῖς
545 3265 733 3332 εἴδεσι,
781 3267 1061 3340 διαφόροις
1096 3286 1156 3323 τε
1199 3269 1324 3334 τόις
1368 3271 1653 3342 ποιότησιο
1701 3269 1813 3327 οἷον
1854 3275 1889 3346 ή

2068 2446 2191 2518 Ipsa
2211 2452 2393 2501 autem
2421 2444 2664 2515 qualitas
2692 2440 3089 2513 quadrifariam
3137 2438 3427 2493 dividitur.
3474 2436 3583 2489 Aut

1997 2537 2143 2593 enim
2177 2538 2234 2592 in
2258 2550 2367 2591 una
2415 2535 2619 2605 specie,
2663 2546 2885 2602 unaque
2914 2530 3185 2599 qualitate
3241 2527 3405 2583 simul
3446 2541 3580 2582 cou-

1998 2630 2271 2686 veniunt:
2303 2629 2386 2686 sic
2433 2628 2557 2683 illos
2606 2626 2700 2697 qui
2736 2622 2987 2695 ejusdem
3036 2630 3167 2676 sunt
3216 2618 3441 2690 speciei,
3495 2619 3578 2673 sui

2003 2722 2242 2777 invicem
2280 2720 2493 2777 similes
2522 2718 2783 2783 dicimus,
2822 2726 2948 2785 puta
3000 2713 3294 2783 Ethiopes
3354 2720 3581 2782 propter

2002 2813 2373 2884 nigredinem,
2406 2826 2614 2883 cygnos
2628 2802 2719 2865 "ob
2750 2807 3056 2863 albedinem
3095 2824 3110 2873 ;
3145 2804 3283 2860 adeo
3323 2802 3580 2859 videlicet

2000 2913 2062 2961 ut
2087 2904 2296 2976 duplici
2333 2903 2549 2958 ratione
2580 2900 2936 2961 conveniant,
2974 2896 3285 2954 secundum
3320 2895 3581 2950 substan-

1996 2997 2125 3056 tiam
2148 3004 2203 3053 et
2234 2994 2537 3052 secundum
2575 2990 2976 3064 apparentiam,
3011 2990 3127 3045 sive
3162 2988 3405 3044 colorem
3437 3007 3450 3043 :
3485 2990 3580 3041 aut

1997 3090 2163 3148 etiam
2184 3095 2489 3160 quatenus,
2507 3084 2730 3142 tametsi
2754 3084 2938 3156 specie
2956 3082 3235 3146 dilierant,
3263 3096 3371 3135 una
3397 3090 3579 3135 tamen

1998 3184 2139 3255 ipsis
2171 3183 2319 3237 inest
2351 3180 2638 3252 qualitas:
2672 3185 2734 3234 ut
2763 3177 2919 3248 piper
2950 3175 3138 3229 album
3183 3190 3234 3229 ν.
3272 3188 3357 3244 gr.
3381 3180 3438 3229 et
3490 3173 3579 3227 ni-

1996 3291 2156 3347 grum
2210 3289 2379 3343 penes
2432 3270 2755 3343 qualitatem
2820 3267 3022 3324 similia
3081 3273 3255 3325 sunt:
3302 3274 3398 3319 aut
3445 3263 3576 3319 dum

304 3356 491 3423 φάττα
517 3361 584 3429 τῇ
619 3363 918 3432 περιστερᾷ
947 3360 1110 3433 ὁμοία
1133 3363 1275 3417 κατὰ
1293 3363 1356 3418 τὸ
1381 3363 1599 3432 λευκὸν,
1630 3366 1724 3419 καὶ
1752 3384 1888 3440 πορ-

1997 3368 2158 3424 unica
2193 3366 2415 3438 quidem
2447 3364 2795 3435 speciesest,
2831 3362 3064 3416 diversa:
3092 3375 3222 3415 vero
3250 3359 3575 3428 qualitates,

305 3447 535 3520 φυροῦν,
569 3451 661 3506 καὶ
706 3452 769 3506 τὸ
803 3452 992 3524 μέλαν,
1053 3454 1145 3510 καὶ
1192 3454 1360 3519 ἄλλας
1401 3454 1533 3521 ἴσως
1576 3458 1882 3524 κοινωνίας.

1994 3463 2077 3517 sic.
2098 3461 2395 3533 palumbus
2420 3459 2691 3516 columbae
2717 3455 2919 3513 similis
2940 3462 3026 3510 est
3046 3455 3348 3510 secundum
3362 3452 3574 3515 album,

1625 3594 1859 3651 VARIAE
1904 3594 2195 3653 LECTION
2205 3595 2306 3652 ES.

390 3675 585 3750 “Lego
616 3680 894 3752 ὁμοίοτης,
950 3682 1269 3737 similitudo.
1374 3674 1387 3686 ’

1825 3750 2056 3810 NOTAE.

379 3862 494 3935 (ει)
525 3862 659 3929 Quae
704 3863 926 3920 uncinis
953 3864 1143 3921 clausa
1192 3864 1357 3929 'sunt,
1408 3862 1589 3934 reperi
1648 3867 1704 3935 in
1748 3862 1873 3919 cod.

302 3942 521 3995 nostro,
552 3943 790 4004 suntque
818 3935 992 3990 instar
1028 3935 1347 4005 appendicis
1376 3943 1471 3989 aut
1511 3934 1876 4005 supplementi

300 4005 374 4056 ad
405 4020 467 4057 ea
507 4020 627 4073 quae
675 4006 759 4059 hic
791 4006 996 4074 passim
1027 4004 1358 4059 tractantur.
1406 4004 1644 4060 Omnino
1677 4006 1879 4074 quippe

298 4075 376 4127 de
402 4075 698 4143 όμοιουσίῳ
734 4075 1028 4129 dicendum
1069 4085 1206 4130 erat.
1244 4074 1411 4130 Docet
1455 4074 1622 4144 hujus
1657 4075 1879 4129 addita—

301 4145 476 4221 menti
514 4146 607 4221 vel
655 4145 853 4221 scholii
890 4146 1323 4221 scriptorisive
1359 4144 1879 4221 Damascenus__sit,

300 4214 434 4286 sive
480 4214 620 4270 alius
674 4216 972 4286 quispiam)
1016 4214 1459 4270 'similitudinem
1500 4217 1563 4286 in,
1614 4215 1881 4285 qualitate

302 4284 547 4345 fundari.
578 4295 631 4339 et
666 4284 824 4352 juxta
874 4295 1112 4355 quatuor
1141 4287 1411 4341 duntaxat
1439 4285 1726 4354 qualitatis
1758 4301 1881 4355 spc-

299 4355 421 4426 cies
475 4356 682 4426 aliquid
740 4358 962 4426 proprie
1011 4355 1120 4411 diei
1162 4357 1342 4412 simile
1389 4356 1568 4426 alteri.
1628 4356 1684 4411 ld
1734 4356 1881 4426 quod

298 4424 586 4482 adversus
629 4424 865 4483 Arianos
917 4439 970 4482 et
1024 4426 1397 4481 Semiarianos
1446 4424 1781 4481 Athanasius
1825 4427 1878 4481 in

300 4494 411 4566 line
438 4496 536 4550 lib.
565 4496 641 4551 De
678 4514 822 4566 syn.,
853 4495 1233 4553 Nazianzenus
1259 4497 1463 4565 aliique
1500 4495 1836 4566 adnotarunt
1862 4513 1877 4563 ;

298 4565 552 4637 adeoque
584 4565 768 4637 minus
795 4566 1013 4637 proprie
1041 4565 1607 4637 similitudineindici
1641 4566 1786 4622 inter
1815 4582 1878 4621 ea

1989 3863 2204 3919 Meletio
2246 3863 2610 3931 Antiocheno,
2646 3864 2886 3921 Eusebio
2921 3864 3299 3920 Samosatensi
3349 3872 3403 3919 et
3444 3864 3572 3919 aliis

1989 3935 2268 4000 favebant,
2299 3936 2392 4003 qui
2425 3936 2630 3991 omissa
2657 3951 2789 3990 voce
2811 3935 3120 4005 ὁμοούσιον,
3155 3936 3381 3990 verbum
3412 3936 3571 4004 ὁμοιν

1986 4005 2169 4059 ούσιον
2202 4004 2376 4060 simile
2420 4006 2708 4061 secundum
2757 4005 3116 4060 substantiam
3154 4005 3300 4060 Patri
3335 4007 3569 4075 professi

1986 4087 2146 4132 erant
2175 4077 2230 4131 in
2262 4077 2477 4148 synodo
2509 4077 2877 4148 Seleuciensi,
2899 4091 2964 4130 ac
2995 4076 3568 4148 postmodumvocetn

1989 4146 2690 4218 utramqueadmiserunt.
2741 4146 2858 4213 Qua
2899 4148 2968 4200 de
3004 4162 3062 4200 re
3110 4147 3254 4218 inter
3281 4147 3567 4218 Athanasii

1988 4233 2151 4287 opera
2184 4217 2365 4273 exstat
2389 4218 2744 4286 apusculnm.
2774 4220 2935 4287 cujus
2966 4217 3052 4270 hic
3095 4217 3287 4287 titulus
3318 4223 3425 4270 est.
3462 4217 3568 4266 Ad-

1988 4305 2169 4342 versus
2215 4288 2539 4359 hypocrisin:
2586 4288 2785 4342 Meletii
2814 4298 2863 4341 et
2905 4286 3121 4341 Eusebii
3171 4286 3568 4359 Samosatensis

1989 4357 2350 4428 quodque'ab
2382 4358 2569 4425 aliquo
2615 4359 2828 4413 Paulini
2862 4360 3100 4426 partium
3145 4358 3399 4428 studioso
3417 4357 3571 4428 “scri-

2024 4426 2320 4485 tum‘esse
2364 4430 2680 4485 nullatenus
2730 4429 2943 4483 dubito.
2986 4427 3352 4484 Doctissimus
3404 4426 3567 4480 Cote-

2010 4499 2179 4563 erius,
2207 4509 2244 4554 t.
2264 4498 2320 4569 ll
2346 4498 2678 4569 .ilonument.
2709 4498 2857 4554 Eccl.
2879 4497 3073 4564 Cum,
3092 4497 3567 4569 opistolamiedidit

1988 4568 2179 4624 Basilii
2208 4568 2277 4622 ad
2333 4568 2758 4639 Apollinarium,
2788 4585 2893 4640 qua
2960 4567 3162 4640 ipsum,
3211 4569 3339 4640 dum
3379 4567 3566 4637 iunior

341 4634 720 4720 u;e_ejusdem_
765 4634 976 4720 natura}
1019 4645 1234 4720 suntet
1277 4635 1553 4720 essentia.
1592 4634 1650 4718 In
1684 4637 1877 4720 primis
1910 4649 1953 4703 Ι)
1986 4647 2158 4720 esset,
2193 4634 2415 4720 rogarat
2456 4641 2582 4709 quis
2618 4634 2837 4720 tandem
2873 4634 3021 4695 essét
3067 4638 3332 4694 dictionis
3361 4634 3567 4719 ,ὁμοουο

382 4707 568 4761 silium
595 4708 805 4779 cita_tex
827 4707 993 4779 epis}.
1020 4708 1075 4761 ni
1106 4708 1270 4762 l'allor
1292 4706 1383 4779 il,
1402 4705 1700 4779 Gregorius
1734 4706 1875 4779 Nys-

298 4792 492 4841 senus,
522 4785 664 4831 orat.
689 4777 724 4830 2
751 4776 891 4833 cont.
924 4776 1176 4837 Eunom..
1198 4776 1615 4833 similitudinem
1652 4776 1877 4847 perinde

296 4848 409 4917 peti
444 4849 650 4903 docet:
689 4848 744 4902 1⁸
786 4864 817 4903 a
845 4849 1016 4904 variis
1058 4849 1344 4919 qualitatis
1389 4846 1676 4919 speciebus
1697 4846 1812 4919 32°
1844 4862 1875 4901 a

367 4921 683 4987 oportione,
720 4918 869 4974 velut
899 4917 1299 4973 homo'dicitur
1336 4918 1405 4971 ad
1456 4917 1875 4971 similitudinem

344 4989 393 5043 ei
428 4998 686 5055 creatus;
713 4990 773 5044 5°
804 4990 875 5044 ab
902 4990 1091 5044 eadem
1128 4997 1349 5052 natura,
1383 4997 1444 5041 ut
1478 4987 1609 5042 Seth
1642 4989 1709 5041 ad
1733 4987 1877 5041 simi-

294 5059 585 5115 litudiuem
606 5058 801 5114 Adami
836 5059 1081 5129 genitum
1105 5067 1297 5129 narrat
1326 5058 1632 5129 Scriptura.
1654 5056 1879 5126 Hocque

295 5138 583 5200 postremo
612 5144 782 5186 sensu
816 5127 1055 5200 Verbum
1096 5144 1223 5200 esse
1267 5127 1415 5183 Patri
1453 5127 1881 5200 'similem_con-

293 5197 464 5253 cedit.
502 5198 747 5255 Hilarius
776 5215 998 5271 quoque
1030 5198 1125 5254 lib.
1160 5199 1240 5253 De
1273 5216 1418 5269 ενοι,
1462 5213 1652 5271 ωιτη,
1695 5197 1882 5255 Triui-

294 5278 468 5350 t_atem
506 5269 912 5350 societatemve
964 5285 1333 5350 personarum:
1374 5269 1586 5337 colligit
1636 5285 1700 5323 ex
1759 5283 1881 5350 pcr—

296 5339 443 5394 fecta
475 5340 839 5397 similitudine
858 5339 1162 5397 secundum
1199 5349 1490 5394 naturam:
1527 5353 1692 5409 quam
1725 5339 1883 5409 simi—

295 5409 594 5465 litudinem
629 5410 775 5465 haud
817 5412 958 5467 satis
994 5411 1174 5469 efferri
1226 5417 1379 5479 putat
1410 5408 1557 5465 voce’
1587 5408 1878 5479 ὁμοουσίου

292 5481 793 5536 consubstantialis.
822 5482 1155 5536 Homousion
1195 5478 1389 5542 nescio,
1426 5478 1634 5548 inquit,
1674 5480 1780 5533 nisi
1813 5478 1878 5533 ab

292 5549 501 5621 similis
528 5554 771 5607 essentne
811 5551 1165 5621 confessione.
1199 5549 1455 5606 Vicissim
1480 5564 1650 5604 vero:
1685 5550 1884 5621 Testor

295 5620 471 5676 Deum
503 5622 619 5675 caeli
647 5633 802 5690 atque
834 5619 1008 5688 terrm,
1034 5637 1117 5675 me
1145 5638 1266 5676 cum
1296 5631 1560 5685 neutrum,
1589 5619 1878 5687 audissem,

289 5707 507 5763 semper
528 5701 808 5762 utrumque
842 5694 1090 5752 sensisse,
1117 5692 1257 5763 quod
1286 5708 1379 5761 per
1416 5692 1741 5763 nomwnsion
1781 5692 1879 5745 Ito-

292 5762 547 5817 mousion
591 5760 793 5831 oportet
825 5762 1076 5831 intelligi,
1127 5760 1181 5815 id
1209 5760 1446 5818 estnihil
1478 5760 1651 5815 simile
1691 5777 1879 5815 secun-

287 5834 424 5884 dum
453 5830 734 5902 essentiam
761 5850 874 5887 esse
903 5830 1074 5899 posse.
1109 5835 1211 5887 nisi
1251 5834 1392 5902 quod
1429 5843 1560 5889 esset
1592 5833 1650 5902 in
1691 5830 1877 5886 eadem

289 5914 514 5957 natura.
562 5901 831 5960 Nimirum
873 5904 1135 5974 Basilius,
1189 5900 1472 5977 Nyssenus
1514 5911 1564 5961 et
1609 5900 1873 5974 Hilarius,

1984 4710 2099 4762 σίου
2148 4708 2422 4779 genuinus
2449 4708 2651 4780 sensus
2677 4710 2833 4780 :Asibi
2875 4726 3114 4780 namque
3143 4708 3563 4780 convenientius

1984 4777 2231 4855 viderint
2264 4795 2373 4855 vos
2396 4779 2490 4835 τοῦ
2509 4778 2947 4855 ἀπαραλλάκτως
2978 4777 3408 4855 ὁμοίουλδίιηίίξδ
3425 4778 3566 4855 citra

1985 4847 2269 4903 discrimen
2297 4850 2464 4903 ullum
2490 4847 2879 4905 subsiituatur.
2902 4847 3027 4906 llaec
3044 4849 3281 4904 Basilius
3311 4849 3377 4901 ad
3413 4848 3566 4915 Apol-

1989 4918 2268 4986 linarium,
2305 4923 2397 4989 qui
2446 4921 2693 4976 limresim
2732 4936 2888 4975 suam
2932 4919 3171 4975 nondum
3225 4919 3561 4980 excudcrat,

1987 4991 2235 5060 scripsit.
2274 5005 2399 5044 cum
2429 4992 2549 5059 ipse
2585 4990 2858 5046 Iieletium
2889 4998 3238 5061 sequeretur,
3270 4990 3361 5059 qui
3397 4989 3563 5042 Νὶιοευ·

1988 5075 2113 5132 uam
2153 5061 2313 5117 ﬁdem
2358 5062 2628 5116 hactenus
2679 5078 2745 5116 ex
2781 5069 2896 5116 toto
2940 5060 3225 5132 professus
3263 5067 3560 5132 nouerat.

1993 5129 2106 5184 Non
2149 5146 2234 5186 me
2285 5132 2423 5201 fugit
2457 5132 2745 5201 epistolam
2782 5127 2987 5186 lianc'a
3037 5131 3312 5187 Cotelerio
3352 5127 3538 5201 abjudi

1984 5210 2165 5255 catam
2223 5197 2358 5257 esse
2399 5197 2625 5269 Basilio,
2667 5209 2789 5271 uta
2837 5202 3096 5271 quopiam
3153 5202 3302 5255 illius
3358 5199 3455 5253 aevi
3506 5197 3561 5252 in

1986 5273 2216 5352 gratiam
2251 5272 2574 5342 Apollinarii
2604 5270 2991 5337 conficta’sit’;
3023 5288 3185 5351 quam
3220 5279 3401 5352 tamen
3435 5284 3562 5349 con-

2008 5340 2337 5397 ectationem
2395 5358 2606 5412 aequam
2669 5358 2787 5412 non
2827 5358 2951 5397 esse
3001 5340 3560 5412 reperiethquisquis

2031 5413 2173 5467 asilii
2199 5408 2575 5482 epistolas—59,
2617 5411 2701 5475 '79,
2732 5411 2823 5472 82,
2859 5412 2987 5475 293,
3026 5408 3153 5475 515,
3197 5408 3420 5474 582,633:
3444 5410 3562 5478 qui-

1988 5482 2091 5538 bus
2124 5484 2229 5537 hoc
2264 5485 2349 5538 vir
2384 5483 2582 5538 doctus
2619 5483 2822 5551 aliique
2863 5484 3118 5536 evincere
3161 5488 3453 5542 conantur,
3478 5495 3557 5551 ea

1989 5568 2097 5623 qua
2128 5568 2228 5623 par
2274 5563 2361 5609 est
2393 5554 2699 5607 attentione
2740 5550 2957 5621 legerit.
3001 5552 3119 5623 Non
3152 5551 3295 5623 enim
3348 5551 3402 5604 in
3453 5550 3561 5623 illis

1990 5621 2194 5679 litteris
2241 5633 2470 5679 sanctus
2503 5625 2696 5679 doctor
2726 5632 2888 5691 negat
2922 5622 3209 5692 epistolam
3254 5622 3394 5675 hanc
3432 5621 3543 5676 scri

1988 5695 2168 5763 psisse
2196 5694 2264 5748 ad
2299 5695 2721 5764 Apollinarium,
2764 5695 2858 5747 sed
2890 5694 3117 5748 alteram
3155 5706 3274 5764 qua"
3297 5692 3394 5755 illi,
3436 5706 3562 5746 cum

1987 5765 2232 5820 Sabellio
2261 5763 2400 5835 pene
2432 5765 2806 5831 convenienti,
2839 5763 3045 5822 favisse
3074 5763 3226 5820 visus
3255 5763 3455 5817 fuerat.

2060 5857 2171 5929 (‘25)
2201 5855 2390 5927 Basil.,
2420 5859 2579 5931 epist.
2620 5859 2708 5924 ii,
2753 5857 2831 5912 Ad
2855 5855 3061 5912 Maa‘im
