3962 6320
487 408 591 471 599

1680 430 1740 490 S.
1779 431 1814 491 Ι
1818 431 2020 492 ΟΑΝΝ
2029 436 2097 496 IS
2131 437 2557 503 DAMASCENI

3630 460 3736 521 600

485 533 849 589 purpureum,
879 524 1211 597 nigrumque
1242 531 1507 595 colorem.
1533 544 1587 590 et
1614 537 1745 605 alia,
1770 540 1823 595 in
1855 541 2046 610 quibus

486 607 625 639 ιἠιιιη
646 615 981 639 ...ιη--..ξημι
1044 617 1151 639 ΛΗ-
1170 629 1210 639 Α.
1238 638 1301 639 ,,,
1350 624 1384 639 ,.
1449 625 1483 639 .-
1611 637 1618 639 Α
1809 632 1822 639 -

2162 548 2427 639 Διάφορος
2455 552 2512 607 δὲ
2536 557 2568 626 ἠ
2594 554 2799 611 τούτων
2825 560 3067 630 ποιότης.
3098 561 3370 634 Τέταρτον
3397 564 3649 639 ὁμοίωμα
3674 571 3736 622 τὸ

485 607 626 665 forte
644 615 1006 674 conveniunt.
1042 617 1310 686 Quartum
1340 624 1519 682 simile
1542 637 1645 692 est,
1674 607 1887 699 species
1934 648 2057 703 quae

482 702 755 772 reperitur
787 707 841 760 in
875 708 1112 777 imagine
1144 720 1199 767 et
1220 706 1542 786 exemplari,
1575 722 1735 791 quale
1761 702 2058 782 intercedit

482 792 627 849 inter
645 796 926 854 hominem
958 804 1164 873 pictum
1203 815 1257 860 et
1288 808 1469 863 vivum
1509 829 1525 879 ;
1557 829 1666 884 qua
1692 817 1909 872 ratione
1941 818 2052 874 Deo

481 887 692 944 similes
722 890 959 947 dicimur
993 913 1007 962 ;
1043 897 1148 953 etsi
1183 914 1295 953 rem
1333 901 1657 974 diligentius
1707 907 2055 982 investiganti

430 1044 431 1047 η
481 980 750 1053 immensa
823 987 1080 1054 protinus
1112 982 1343 1062 apparet
1392 996 1708 1055 diversitas.
1753 1002 1851 1056 Illa
1910 980 2054 1059 enim

481 1087 681 1128 nomen
713 1074 1006 1146 duntaxat,
1058 1083 1343 1154 solamque
1403 1087 1631 1158 ﬁguram
1682 1095 2054 1165 participant;

479 1172 535 1217 at
566 1164 730 1220 homo
792 1185 986 1240 reapse
1043 1172 1137 1229 Dei
1176 1178 1450 1248 particeps
1477 1187 1583 1250 est,
1621 1184 1766 1252 ejus,
1806 1164 2053 1258 inquam,

479 1255 767 1323 bonitatis,
792 1261 1079 1333 sapientiae
1108 1281 1172 1320 ac
1193 1267 1432 1336 virtutis,
1453 1276 1708 1341 quamvis
1726 1292 1836 1331 non
1861 1255 2053 1334 eadem

478 1350 715 1405 ratione.
754 1351 898 1409 Deus
940 1357 1145 1428 quippe
1184 1358 1302 1415 haec
1360 1372 1556 1432 suapte
1616 1376 1813 1423 natura
1868 1370 2051 1435 habet,

479 1457 579 1497 nos
606 1459 737 1499 vero
777 1444 871 1501 Dei
916 1452 1317 1521 concessione;
1354 1455 1487 1525 quin
1537 1465 1592 1513 et
1644 1460 1785 1516 alius
1834 1463 1965 1524 alio,
2002 1472 2056 1519 et

477 1532 585 1588 alio
621 1533 784 1590 modo
826 1537 1009 1593 :adeo
1049 1546 1109 1594 ut
1163 1557 1273 1598 non
1327 1545 1597 1602 immensa
1658 1550 1835 1605 solum
1882 1550 2051 1607 Deum

478 1624 626 1682 inter
674 1635 730 1683 et
773 1628 1027 1688 homines
1090 1634 1328 1693 interest
1384 1640 1720 1711 disparitas;
1763 1660 1949 1699 verum
1997 1653 2054 1700 et

476 1716 623 1773 inter
646 1718 902 1778 homines
933 1724 1107 1794 ipsos,
1153 1731 1459 1785 secundum
1494 1734 1930 1803 proportionem.
1966 1737 2053 1805 Si-

476 1810 739 1867 militudo
787 1814 977 1885 itaque
1019 1819 1179 1875 valde
1211 1821 1279 1877 ad
1314 1838 1378 1878 ea
1408 1825 1642 1889 accedit,
1672 1842 1794 1895 quae
1819 1828 1888 1882 ab
1913 1843 2044 1895 uno,

474 1902 559 1957 vel
596 1914 824 1975 propter
852 1907 1105 1965 ordinem
1139 1912 1208 1968 ad
1238 1929 1412 1969 unum
1443 1915 1797 1973 denominata
1825 1926 1977 1975 sunt.

1052 2016 1210 2076 CAP.
1249 2021 1466 2082 XXXII.

1081 2110 1162 2167 De
1202 2115 1460 2173 uiuacis.

544 2196 688 2267 Quid
717 2203 961 2258 univoca.
1004 2235 1078 2246 —
1105 2205 1353 2263 Univoca
1388 2217 1540 2277 sunt,
1571 2227 1695 2282 qua:
1743 2220 1798 2269 et
1828 2212 2056 2270 nomine

472 2299 528 2346 et
572 2293 820 2362 ejusdem
882 2298 1123 2354 nominis
1170 2300 1494 2357 deﬁnitione
1538 2312 1634 2359 aut
1679 2305 2053 2376 descriptione

472 2382 619 2439 inter
668 2401 729 2441 se
773 2389 1160 2445 conveniunt:
1196 2393 1368 2459 velut,
1419 2394 1625 2449 animal
1671 2402 1728 2451 et
1773 2396 2049 2452 hominem

470 2483 528 2531 et
554 2491 757 2546 equum
787 2479 1083 2550 signiﬁcat,
1112 2490 1167 2539 et
1194 2484 1349 2555 juxta
1384 2485 1489 2539 hoc
1535 2502 1736 2543 nomen
1792 2489 2049 2545 animalis

470 2567 703 2636 scilicet,
753 2572 988 2629 univoca
1044 2585 1195 2631 sunt.
1255 2576 1497 2646 Uterque
1555 2581 1701 2635 enim
1759 2581 1953 2636 horum
1995 2591 2051 2637 et

469 2675 670 2717 nomen
698 2672 751 2718 et
784 2664 1166 2724 deﬁnitionem
1199 2670 1453 2728 animalis
1515 2673 1770 2743 suscipit.
1823 2672 1915 2728 Sic
1948 2689 2048 2729 au-

469 2760 581 2809 tem
613 2755 847 2811 univoca
881 2757 1281 2815 describuntur
1310 2779 1325 2815 :
1359 2763 1595 2818 nnivoca
1626 2771 1777 2832 sunt,
1807 2780 2043 2835 quorum

469 2858 673 2900 nomen
734 2862 1028 2904 commune
1087 2857 1195 2914 est,
1232 2859 1287 2907 et
1325 2868 1424 2923 per
1477 2868 1677 2911 nomen
1729 2855 2041 2926 signiﬁcata

470 2936 615 2992 ratio
640 2939 967 2997 substantiae
988 2940 1179 2997 eadem
1209 2951 1315 3000 est.

961 3051 1072 3123 [ιο
1091 3053 1245 3109 CAP.
1286 3055 1527 3112 χχχιιι.

1043 3146 1118 3203 De
1147 3150 1500 3221 polyonymis.

2160 630 2321 703 εἶδος,
2348 641 2409 693 τὸ
2434 643 2526 697 ἐπὶ
2556 646 2764 710 εἰκόνος
2785 649 2884 702 καὶ
2911 649 3007 702 τοῦ
3038 630 3478 724 -παραδενίγματος
3500 674 3515 688 ·
3544 630 3734 730 ὥσπερ

2160 731 2254 783 ἐπὶ
2279 734 2374 787 τοῦ
2405 740 2791 811 γεγραμμένου
2848 740 2990 805 ζώου
3036 746 3128 797 καὶ
3157 745 3375 810 ζῶντος.
3409 747 3547 801 Καθ’
3570 747 3597 801 ὃ
3643 749 3734 803 λὲο

2159 840 2314 891 γουσι
2336 830 2430 881 καὶ
2457 832 2604 899 ἡμᾶς
2651 832 2869 902 ὁμοίους
2899 834 2977 906 τῷ
3005 836 3144 906 Θεῷ.
3180 839 3321 891 Ἀλλ’
3349 840 3425 903 ὡς
3465 840 3614 895 ἔστιν
3647 843 3735 895 eb-

2163 920 2275 987 ρεῖν
2303 918 2381 989 τῷ
2415 922 2661 992 ἀκριϐῶς
2693 927 3007 987 σκοποῦντι.
3053 929 3311 999 πάμπολυ
3349 932 3615 1003 διαφέρει.
3650 934 3732 988 Τὰ

2161 1009 2259 1079 μὲν
2281 1010 2389 1082 γὰρ
2412 1013 2623 1077 οὐδενὸς
2656 1016 2845 1087 ἑτέρου
2872 1018 3180 1089 μετέχουσι,
3216 1021 3357 1094 πλὴν
3397 1026 3487 1076 τοῦ
3525 1025 3732 1096 ὀνόμα-

2157 1119 2247 1165 τος
2298 1104 2392 1157 καὶ
2448 1104 2543 1161 τοῦ
2605 1109 2915 1178 σχήματοςο
2982 1114 3010 1165 ὁ
3046 1112 3127 1165 νδὲ
3192 1113 3475 1185 ἄνθρωπος
3512 1116 3728 1171 καὶτοῦ

2158 1196 2480 1265 πράγματος
2512 1198 2677 1253 αὐτοῦ
2713 1205 2963 1255 κοινωνεῖ
2986 1202 3064 1273 τῷ
3084 1204 3201 1275 Θεῷ
3227 1221 3241 1236 ·
3271 1207 3370 1277 τῆς
3392 1208 3729 1281 ἀγαθὸτητὸς

2156 1301 2320 1354 φημι,
2344 1287 2439 1340 καὶ
2465 1288 2677 1357 σοφίας,
2707 1290 2741 1361 ἢ
2769 1290 3188 1362 καὶδυνάμεως,
3224 1296 3272 1349 εἰ
3297 1296 3388 1349 καὶ
3413 1298 3488 1368 μὴ
3519 1298 3725 1367 ὅμοιος.

2167 1373 2226 1429 ΤΟ
2256 1375 2355 1445 μὲν
2389 1376 2499 1447 γὰρ
2527 1378 2670 1432 κατὰ
2700 1379 2864 1448 φύσιν
2898 1382 3090 1449 ταῦτα,
3122 1386 3285 1455 ἡμεῖς
3305 1386 3362 1440 δὲ
3394 1387 3536 1441 κατὰ
3553 1387 3727 1453 Θὲσιν,

2154 1464 2249 1517 καὶ
2277 1464 2436 1530 ἄλλος
2462 1468 2626 1539 ἄλλῳ.
2659 1470 2822 1524 Ὥστε
2847 1471 2907 1524 οὐ
2936 1473 3073 1542 πρὸς
3098 1474 3190 1528 τὸν
3209 1474 3340 1528 θεὸν
3375 1477 3536 1544 μόνον
3564 1476 3728 1530 ἄπει-

2155 1572 2248 1625 ρος
2294 1557 2327 1627 ὴ
2382 1558 2638 1631 διαφορὰ,
2693 1562 2833 1618 ἀλλὰ
2882 1564 2978 1620 καὶ
3035 1565 3172 1637 πρὸς
3219 1567 3424 1639 ἄλληλα
3453 1569 3594 1622 κατὰ
3626 1568 3728 1639 τὴν

2151 1649 2463 1719 ἀναλογίαν.
2489 1651 2680 1707 Ἔστιν
2732 1648 2828 1710 οὖν
2880 1655 2915 1727 ἡ
2968 1656 3247 1729 ὁμοιότης,
3285 1657 3361 1723 ὡς
3402 1658 3462 1711 ὲν
3490 1659 3601 1722 τοῖς
3629 1657 3726 1727 ἀφ’

2152 1739 2293 1809 ἑνὸς,
2318 1741 2415 1796 καὶ
2443 1742 2581 1815 πρὸς
2601 1742 2710 1817 Em]

2734 2016 2985 2087 ΚΕΦΑΛ.
3022 2031 3146 2088 AB'.

2654 2124 2797 2194 Περὶ
2825 2125 3219 2196 συνωνύμων.

2221 2214 2521 2288 Συνώνυμα
2548 2216 2606 2273 δι
2630 2218 2790 2282 εἰσιν,
2820 2218 2923 2273 ὅσα
2974 2217 3071 2271 καὶ
3114 2216 3196 2288 τῷ
3235 2215 3482 2287 ὀνόματι,
3522 2216 3726 2288 καὶτῷ

2150 2308 2384 2381 ὁρισμῷ,
2423 2310 2455 2380 ἢ
2484 2311 2550 2381 τῇ
2584 2310 2877 2381 ὑπογραφῇ
2907 2309 3002 2364 τοῦ
3028 2309 3190 2364 αὑτοῦ
3212 2308 3493 2379 ὀνόματος,
3528 2323 3725 2361 κοινω-

2151 2402 2360 2456 νοῦσιν’
2395 2395 2527 2464 οἷον,
2558 2401 2618 2454 τὸ
2641 2402 2780 2466 ζῶον
2808 2402 2959 2471 δηλοῖ
2995 2403 3090 2456 καὶ
3144 2401 3235 2455 τὸν
3280 2400 3585 2470 ἄνθρωπον,
3630 2399 3726 2453 καὶ

2148 2493 2240 2547 τὸν
2277 2492 2463 2547 ἵππον.
2520 2493 2629 2547 Καὶ
2664 2493 2805 2546 κατὰ
2851 2494 2913 2547 τὸ
2949 2492 3120 2563 ὄνομα
3166 2490 3343 2557 τοῦτο,
3402 2492 3571 2562 ἧγουν
3625 2488 3723 2543 τοῦ

2148 2583 2314 2649 ζώου,
2353 2584 2646 2653 συνώνυμά
2673 2595 2710 2616 ¹¹
2738 2586 2897 2641 εἰσιν.
2927 2584 3197 2647 Ἕκαστος
3228 2584 3337 2655 γὰρ
3378 2583 3581 2646 αὐτῶν,
3626 2582 3726 2635 καὶ

2146 2678 2206 2729 τὸ
2237 2675 2426 2745 ὄνομα,
2461 2674 2554 2727 καὶ
2572 2674 2911 2746 τὸν-ὁρισμὸν
2932 2674 3025 2728 τοῦ
3049 2673 3187 2739 ζὼου
3202 2673 3434 2743 δέχεται.
3451 2672 3726 2743 Ὑπογρὰ-

2146 2786 2307 2840 φουσι
2338 2767 2394 2821 δὲ
2425 2767 2493 2821 τὰ
2524 2767 2813 2838 συνώνυμα
2863 2767 3037 2831 οὕτως
3062 2784 3077 2798 ·
3127 2764 3419 2835 συνώνυμά
3454 2766 3614 2827 εἰσιν,
3644 2758 3723 2817 ὧν

2145 2861 2207 2915 τό
2254 2878 2314 2914 τε
2342 2860 2514 2931 ὄνομα
2542 2860 2741 2925 κοινὸν,
2775 2861 2870 2913 καὶ
2894 2859 2923 2912 ὁ
2962 2858 3105 2913 κατὰ
3143 2857 3383 2930 τοῦνομα
3421 2857 3580 2927 λόγος
3620 2855 3724 2928 τῆς

2144 2949 2336 3015 οὐσίας
2362 2952 2390 3005 ὁ
2410 2951 2593 3015 αὐτός.

2729 3062 2983 3117 ΚΕΦΔΛ.
3017 3062 3141 3116 AI".

2627 3154 2766 3224 Περὶ
2800 3155 3232 3225 πολυωνύμων.

538 3254 873 3331 Polyonyma
906 3269 1060 3325 sunt,
1114 3279 1237 3333 quae
1261 3265 1582 3323 deﬁnitione
1623 3269 1841 3339 quidem
1900 3273 2044 3328 inter

2215 3266 2553 3337 Πολυώνυμα
2613 3267 2670 3321 δέ
2700 3269 2858 3334 εἰσιν,
2890 3267 2991 3320 ὅσα
3038 3266 3118 3337 τῷ
3159 3265 3257 3336 μὲν
3284 3265 3499 3336 ὁρισμῷ
3522 3282 3722 3319 κοινωο

469 3360 529 3403 se
553 3351 910 3414 conveniunt.
956 3355 1179 3410 nomine
1219 3367 1403 3412 autem
1446 3358 1708 3415 diﬁerunt
1741 3380 1756 3429 ;
1788 3362 1893 3417 hoc
1934 3373 2042 3429 est,

469 3440 691 3511 quando
725 3457 813 3499 res
840 3443 1030 3499 eadem
1073 3447 1311 3504 diversis
1348 3450 1669 3508 nominibus
1714 3455 2043 3524 appellatur,

469 3540 531 3586 nt
558 3532 794 3604 gladius,
817 3536 986 3601 ensis,
1018 3553 1234 3595 mucro.
1269 3538 1398 3597 Haec
1427 3542 1572 3597 enim
1607 3545 1793 3599 omnia
1818 3549 2041 3602 nomina

468 3638 632 3679 uuam
663 3632 717 3681 et
743 3628 992 3682 eamdem
1026 3628 1402 3686 deﬁnitionem
1458 3634 1774 3703 suscipiunt
1801 3653 1815 3703 ;
1846 3652 2044 3707 nempe

468 3714 673 3769 ferrum
716 3732 940 3789 anceps,
980 3719 1033 3774 id
1064 3730 1150 3778 est
1194 3732 1427 3792 utraque
1472 3733 1624 3795 parte
1665 3734 1910 3782 acutum.
1951 3727 2043 3783 Sic

468 3812 654 3860 autem
698 3806 1027 3880 polyonyma
1069 3809 1466 3868 describuntur
1496 3833 1511 3869 :
1536 3815 1869 3889 polyonyma
1914 3827 2043 3875 sunt

468 3897 641 3953 multa
675 3899 921 3967 nomina,
953 3917 1078 3973 qua:
1103 3904 1171 3961 de
1192 3906 1455 3963 reeadem
1483 3907 1762 3964 dicuntur.

1031 4102 1186 4157 CAP.
1235 4103 1476 4159 XXXIV.

877 4192 953 4247 De
974 4194 1156 4249 alteris
1180 4204 1230 4249 et
1259 4196 1631 4269 heteronymis.

534 4302 668 4371 Quae
690 4314 874 4362 autem
908 4313 1146 4377 utroque
1195 4310 1379 4376 modo,
1435 4312 1540 4367 hoc
1565 4322 1671 4380 est,
1721 4317 1944 4371 inomine
1987 4327 2044 4374 et

465 4395 785 4451 deﬁnitione
835 4396 981 4452 inter
1041 4414 1101 4454 se
1153 4398 1521 4470 discrepant;
1556 4410 1652 4457 aut
1684 4420 1852 4458 unum
1911 4408 2043 4462 sub-

462 4487 668 4554 jectum
705 4487 908 4543 habent
940 4504 956 4556 ;
991 4497 1047 4545 et
1103 4497 1217 4544 tum
1254 4490 1613 4564 heteronyma
1662 4492 1946 4561 dicuntur,
1981 4504 2042 4552 ut

2090 3872 2099 3885 ,
2142 3818 2309 3885 ὴκονη
2318 3817 2498 3887 μένος.

2144 3361 2315 3426 νοῦσι,
2351 3360 2427 3431 τῷ
2472 3361 2529 3414 δὲ
2583 3358 2808 3430 ὀνόματι
2867 3358 3244 3430 διαφέρουσιν·
3294 3360 3481 3429 ἢγουν,
3518 3359 3606 3411 ὅτε
3657 3356 3723 3428 τὸ

2143 3450 2275 3504 αὐτὸ
2324 3452 2556 3522 πρᾶγμα
2625 3449 2842 3512 πολλοῖς
2913 3449 3159 3503 καλεῖται
3226 3448 3519 3519 ὀνόμασινο
3583 3442 3720 3516 οἷον,

2144 3544 2447 3612 φάσγανον,
2485 3542 2607 3612 ἄορ,
2650 3540 2855 3611 σπάθη,
2893 3540 3164 3611 μάχαιρα,
3195 3537 3367 3608 ξίφος.
3397 3541 3585 3594 Πάντα
3611 3541 3724 3611 γὰρ

2141 3633 2318 3687 ταῦτα
2370 3632 2438 3686 τὰ
2492 3633 2736 3701 ὀνόματα
2798 3631 2896 3685 ἕνα
2950 3633 3074 3704 ὅρον
3132 3632 3501 3702 ἐπιδέχονταυ
3550 3632 3725 3703 ἤγουν

2143 3725 2360 3796 σίδηρος
2405 3724 2692 3795 ἀμφήκης,
2742 3723 3019 3777 τουτέστιν
3074 3724 3293 3796 σίδηρος
3328 3724 3726 3795 ἀμφοτέρωθεν

2572 3815 2985 3885 ’Υπογράφουσι
3035 3815 3093 3869 δὲ
3140 3814 3211 3869 τὰ
3257 3815 3586 3886 πολυώνυμα
3629 3815 3729 3869 οὓο

2140 3925 2247 3972 τως
2281 3917 2307 3946 υ
2331 3924 2349 3941 ο
2384 3907 2611 3962 πλεῖστα
2632 3907 2872 3979 ὀνόματα
2904 3906 3028 3962 καθ’
3074 3906 3193 3971 ἑνὸς
3217 3907 3544 3980 πράγματος
3574 3915 3601 3943 ο
3631 3907 3724 3961 λε-

2141 4000 2365 4068 γὸμενα.

2722 4110 2974 4166 ΚΕΦΑΔ.
3018 4112 3141 4167 ΛΔθ.

2438 4204 2579 4274 Περὶ
2614 4204 2835 4273 ἐτέρων
2863 4204 2961 4258 καὶ
3004 4204 3410 4275 ἐτερωνύμων.

2211 4321 2293 4374 Τὰ
2333 4319 2390 4374 δὲ
2434 4319 2555 4373 κατ’
2619 4319 2809 4389 ἄμφω,
2850 4317 3019 4389 ἤγουν
3074 4316 3155 4388 τῷ
3202 4316 3427 4388 ὀνόματι
3484 4318 3580 4371 καὶ
3642 4317 3725 4389 τῷ

2138 4410 2351 4484 ὁρισμῷ
2374 4410 2718 4480 διαφέροντα,
2763 4408 2797 4478 ἢ
2848 4408 2905 4461 ἓν
2938 4419 2963 4459 P
2996 4408 3357 4480 ὑποκείμενον
3384 4409 3589 4480 ἔχουσι,
3624 4410 3726 4463 καὶ

2138 4504 2388 4573 λέγονται
2439 4501 2783 4574 ὲτερώνυμα,
2823 4500 2898 4565 ὡς
2927 4501 3191 4564 ἁνάὸασις
3230 4503 3324 4555 καὶ
3375 4502 3678 4565 κατάϐασις
3707 4520 3722 4536 ·

465 4595 730 4635 ascensus
752 4588 805 4636 et
825 4580 1131 4639 descensus
1156 4582 1176 4653 (
1200 4582 1315 4638 haec
1336 4584 1482 4640 enim
1508 4584 1819 4655 subjectum
1845 4604 2036 4653 unum,

2155 4597 2325 4667 ἔχουσι
2365 4595 2475 4667 γὰρ
2515 4595 2575 4648 ἒν
2617 4594 2996 4666 ὑποκείμενον,
3051 4593 3151 4666 τὴν
3195 4593 3438 4665 κλίμακα
3467 4609 3481 4623 ·
3536 4595 3569 4663 ἢ
3620 4594 3725 4647 οὐκ

463 4671 668 4725 scalam
724 4672 1010 4739 nimirum,
1052 4673 1302 4744 habent),
1332 4683 1426 4729 aut
1486 4690 1598 4730 non
1650 4676 1855 4731 habent
1892 4679 2035 4734 idem

2155 4686 2356 4756 ἔχουσιν
2406 4684 2465 4739 ἓν
2507 4683 2903 4754 ὑποκείμενον,
2959 4684 3053 4737 καὶ
3100 4682 3351 4752 λέγονται
3412 4682 3600 4754 ἕτερα,
3644 4682 3723 4747 ὡς

464 4762 814 4832 subjectum;
843 4777 897 4820 et
947 4774 1063 4820 tum
1103 4767 1273 4822 altera
1311 4768 1595 4831 dicuntur,
1635 4780 1693 4823 ut
1728 4771 2038 4828 substantia

2155 4778 2296 4834 νῦσία
2332 4778 2430 4832 καὶ
2461 4776 2827 4849 συμὸεὸηκός.
2875 4775 3060 4830 Ταῦτα
3085 4775 3193 4845 γὰρ
3215 4777 3312 4828 καὶ
3339 4775 3525 4845 ἓτερον
3546 4776 3724 4845 ὄνομα

464 4860 519 4907 et
550 4853 831 4911 accidens.
872 4856 1008 4911 Nam
1040 4858 1157 4913 haec
1186 4870 1241 4914 et
1278 4876 1476 4915 nomen
1507 4862 1765 4928 alterum,
1803 4873 1858 4918 et
1901 4866 2039 4921 alte-

2155 4873 2345 4941 ξχουσι,
2378 4872 2472 4925 καὶ
2503 4870 2698 4940 ἑτέραν
2742 4871 3097 4941 ὑπογραφὴν·
3134 4870 3230 4923 καὶ
3267 4870 3390 4923 οὐδὲ
3424 4869 3640 4939 ἔχουσιν
3663 4869 3723 4924 ἓν

465 4961 581 4999 ram
632 4946 1063 5019 descriptionem
1119 4949 1345 5005 habent.
1410 4950 1787 5024 Utrorumque
1829 4964 2037 5018 autem,

2155 4962 2521 5033 5ποκείμενον.
2553 4961 2773 5016 Τούτων
2801 4962 2857 5015 δὲ
2902 4961 3245 5033 ἀμφοτέρων,
3288 4960 3395 5015 τῶν
3424 4978 3485 5013 τε
3516 4962 3720 5031 ἑτερο)-

465 5039 569 5092 hoc
598 5046 706 5101 est,
746 5046 801 5093 et
838 5040 1320 5112 heteronymorum
1351 5049 1407 5098 ct
1438 5043 1762 5112 alterorum,
1817 5046 1932 5101 haec
1959 5052 2045 5102 est

2155 5053 2357 5125 θύμων,
2406 5054 2502 5107 καὶ
2555 5052 2666 5106 τῶν
2726 5052 2953 5120 ἑτέρων,
3004 5051 3298 5123 ὑπογραφὴ
3348 5051 3524 5125 αὕτη·
3555 5046 3632 5108 ὧν
3661 5052 3726 5108 τὺ

461 5130 808 5204 descriptio:
861 5149 1097 5204 quorum
1158 5151 1383 5205 nomen,
1417 5146 1473 5195 et
1519 5139 1770 5197 deﬁnitio
1828 5139 2045 5197 diversa

2155 5145 2306 5237 ἱνομα
2332 5144 2427 5198 καὶ
2447 5145 2572 5217 ὅρος
2601 5145 2807 5216 ἕτερος.

463 5232 618 5281 sunt.
2163 5262 2169 5268 -

1763 5383 1847 5437 VA
1859 5384 1994 5439 RIXE
2037 5384 2439 5441 LECTIONES.

530 5493 675 5549 unlta
733 5501 1365 5574 mss._o’nlnes.praeter
1422 5494 1547 5574 cod.
1583 5492 1837 5574 S._lli|.;
1870 5498 1941 5574 ita
1979 5505 2189 5574 veteres
2238 5501 2646 5574 translationes,
2711 5502 2932 5574 unieoca
2992 5511 3135 5574 sunt.
3179 5501 3334 5556 Edita
3387 5503 3721 5574 συνώνυμος.

463 5575 488 5603 ιι
520 5564 577 5619 In
610 5578 781 5631 marg.
805 5563 1095 5655 cod."2_928
1133 5563 1329 5655 legitnr
1348 5606 1363 5631 ,
1390 5564 1846 5655 μᾶλλονιοῦτωςς.
1872 5566 1932 5621 ἓν
1964 5569 2498 5655 προσω.πον-ποξιλοῖς
2525 5571 2788 5655 ὁνόμασιν
2817 5573 3200 5655 ὑποκείμενον.
3250 5574 3367 5655 lino
3390 5575 3567 5655 potius
3594 5563 3723 5655 sici

463 5651 570 5710 {ora
598 5648 824 5710 persona
847 5633 1027 5710 muttis
1066 5634 1366 5710 nominibus
1384 5633 1682 5704 designata.
1725 5636 1919 5710 Aptisz
1964 5633 2302 5710 scripsisset,
2352 5639 2411 5692 ἓν
2441 5633 2698 5710 πρᾶγμα,
2728 5658 2809 5695 res
2840 5659 2968 5697 una.
3021 5633 3058 5679 ὀ
3081 5641 3338 5696 Nonnulli
3381 5633 3543 5699 codd:
3597 5646 3721 5710 καθ’

462 5702 799 5786 ξνὸςῆκυρεου
834 5702 1215 5786 πράγματοςη
1284 5704 1396 5786 P'ln
1430 5702 1623 5786 novem
1654 5702 1789 5761 mss.
1840 5707 1998 5786 Reg.,
2033 5702 2096 5762 in'
2125 5702 2294 5786 Coll).
2314 5718 2371 5786 et
2401 5710 2454 5763 in
2488 5702 2716 5786 nostris,
2750 5712 2821 5765 τὰ
2848 5712 2907 5765 δὲ
2942 5713 3062 5767 κατ’
3094 5713 3264 5785 ἄμφω
3295 5702 3651 5786 διαφέροντα,
3684 5716 3716 5786 ἦ

462 5773 539 5827 ἓν.
573 5771 669 5827 Sic
702 5781 916 5828 veteres
959 5771 1307 5843 interpretes,
1350 5775 1482 5841 Quae
1513 5783 1689 5831 autent
1723 5771 2012 5834 secundam
2048 5778 2203 5834 ambo
2237 5780 2514 5850 cli/ferunt,
2549 5781 2626 5836 vel
2651 5771 2834 5854 unum,
2869 5794 2973 5839 etc.
