3962 6320
318 424 423 490 601

828 650 969 713 Περὶ
998 656 1386 722 παρωνύμων.

394 764 515 818 Εἰσὶ
543 762 600 816 δέ
620 780 741 816 τινα
762 761 903 832 μέσα
929 772 958 812 ει
983 761 1091 814 τῶν
1107 763 1413 833 ὁμωνύμων
1432 764 1525 818 καὶ
1552 766 1902 836 συνωνύμων·

320 854 685 908 κοινωνοῦντα
718 852 813 905 καὶ
855 852 1180 922 διαφέροντα
1206 852 1284 922 τῷ
1327 871 1389 907 τε
1436 855 1681 926 ὀνόματι,
1710 857 1804 909 καὶ
1828 856 1907 927 τῷ

318 947 451 1020 ὅρῳ,
478 947 514 1001 ἆ
533 963 656 999 τινα
685 945 935 1014 λέγονται
964 946 1275 1017 παρώνυμα
1297 964 1312 976 ·
1348 947 1424 1011 ὡς
1453 949 1562 1003 ἀπὸ
1597 949 1696 1018 τῆς
1726 966 1906 1021 γραμ-

322 1038 583 1108 ματικῆς,
614 1038 1022 1108 γραμματικός.
1046 1037 1377 1091 Κοινωνοῦσι
1406 1038 1515 1111 γὰρ
1548 1039 1626 1109 τῷ
1654 1041 1902 1109 ὀνόματι·

318 1129 638 1201 διαφέρουσι
662 1128 719 1182 δὲ
747 1128 888 1181 κατά
943 1126 1096 1197 λῆξιν
1156 1128 1249 1182 τοῦ
1281 1131 1563 1200 ὀνόματος,
1600 1132 1767 1202 ῆγουν
1807 1131 1905 1201 τὴν

317 1220 639 1274 τελευταίαν
668 1220 940 1289 συλλαϐήν
958 1235 973 1249 ⁸
1002 1221 1097 1273 καὶ
1132 1221 1293 1275 πάλιν
1315 1221 1395 1291 τῷ
1440 1223 1553 1293 ὅρῳ
1590 1223 1906 1277 κοινωνοῦσί

315 1324 379 1361 τε
409 1309 502 1361 καὶ
521 1309 904 1379 διαφέρουσιν*
959 1310 1043 1363 ὅτι
1085 1311 1119 1379 ἡ
1163 1310 1264 1381 μὲν
1306 1312 1668 1384 γραμματικὴ
1696 1312 1903 1382 γνῶσίς

317 1399 504 1452 ἔστιν’
569 1399 599 1452 6
646 1399 706 1453 δὲ
739 1399 1152 1471 γραμματικὸς.
1213 1401 1373 1455 οὐσία
1421 1402 1481 1454 ὲν
1615 1403 1901 1473 ἡγνῶσις.

315 1479 637 1563 Παρώνυμα
686 1492 746 1545 δέ
791 1495 952 1559 εἰσιν,
1012 1494 1114 1548 ὅσα
1147 1494 1256 1547 ἀπό
1291 1510 1440 1557 τινος
1484 1494 1811 1565 διαφέροντα
1837 1498 1902 1566 τῇ

316 1583 562 1650 πτώσει,
617 1585 787 1657 ῆγουν
855 1587 923 1658 τῇ
1002 1586 1288 1657 ὀνόματος,
1356 1585 1457 1657 τὴν
1525 1588 1901 1660 προσηγορίαν

312 1672 454 1746 εχει.
1926 1670 1939 1677 ”

388 1855 482 1948 As!
510 1853 568 1908 δὲ
590 1852 901 1948 γινώσκειν,
942 1854 1022 1948 ώς
1062 1856 1097 1927 ή
1124 1855 1536 1948 γραμματικὴ,
1571 1856 1721 1927 καὶὴ
1765 1873 1900 1926 μου-
1932 1889 1975 1948 Β

314 1944 450 2017 and)
481 1953 532 2007 ⁸,
559 1944 708 2015 καὶὴ
737 1944 1052 2016 δικαιοσύνη
1083 1947 1185 2000 οὐκ
1216 1946 1322 2000 εἰσὶ
1360 1946 1695 2017 παρώνυμα,
1720 1949 1836 2003 ἀλλ’
1871 1950 1901 2003 6

318 2035 602 2107 μουσικὸς,
658 2036 753 2089 καὶ
797 2037 826 2089 6
869 2037 1280 2109 γραμματικὸς.
1332 2038 1426 2091 καὶ
1479 2040 1508 2092 6
1559 2039 1794 2103 δίκαιος.
1839 2039 1903 2094 '0

310 2127 427 2199 γὰρ
486 2126 873 2199 γραμματικὸς
929 2130 995 2181 ὲκ
1046 2130 1146 2198 τῆς
1202 2131 1594 2202 γραμματικῆς
1646 2147 1893 2203 παρωνο-

317 2219 526 2291 μάσθη,
565 2220 661 2273 καὶ
703 2219 732 2272 6
790 2219 1051 2290 μουσικὸς
1082 2221 1148 2275 ὲκ
1190 2222 1293 2293 τῆς
1328 2222 1616 2293 μουσικῆς,
1646 2225 1740 2278 καὶ
1767 2226 1795 2277 6
1822 2223 1901 2278 δί-

315 2326 477 2373 καιος
499 2311 563 2363 ὲκ
590 2309 688 2380 τῆς
721 2309 1095 2383 δικαιοσύνης.

388 2399 483 2449 Δεῖ
508 2397 566 2450 δὲ
591 2396 903 2467 γινώσκειν,
923 2400 1007 2454 ὅτι
1046 2400 1117 2455 τὰ
1146 2400 1461 2474 παρώνυμα
1484 2402 1800 2475 περιέχουσι
1832 2403 1900 2457 τὰ

311 2487 412 2556 ἀφ’
442 2482 519 2543 ὧν
561 2490 1110 2561 παρωνομάσθησαν·
1152 2494 1227 2557 ὡς
1275 2494 1305 2546 6
1340 2495 1751 2565 γραμματικὸς,
1799 2494 1899 2565 τὴν

312 2577 737 2649 γραμματικὴν,
763 2579 859 2632 καὶ
885 2583 914 2634 6
944 2580 1153 2646 δίκαιος
1192 2582 1291 2653 τὴν
1343 2584 1711 2654 δικαιοσύνην.
1735 2583 1817 2636 Τὰ
1841 2583 1899 2637 δὲ

312 2672 413 2741 ἀφ’
445 2670 584 2734 ἑνὸς,
613 2669 883 2740 οὐδαμῶς.
918 2673 993 2728 Οὐ
1027 2674 1138 2747 γὰρ
1164 2676 1410 2747 περιέχει
1436 2676 1497 2729 τὸ
1529 2675 1773 2747 ίατρικδν
1802 2676 1899 2748 ἐρ-

312 2762 534 2833 γαλεῖον
557 2760 658 2831 τὴν
696 2761 978 2833 ίατρικήν.

897 2875 1149 2932 ηοω.
1188 2877 1330 2946 aqu

511 2993 653 3063 Περὶ
678 2993 797 3050 τῶν
837 2993 988 3048 δέκα
1038 2990 1450 3062 γενικωτάτων
1481 2994 1693 3063 γενῶν.

381 3081 508 3139 τῶν
532 3083 843 3155 λεγομένων
883 3084 954 3138 τὰ
1000 3082 1101 3153 μὲν
1136 3082 1324 3147 ἁπλῶς
1356 3084 1450 3137 καὶ
1481 3084 1615 3138 ἄνευ
1643 3084 1894 3156 συμπλο-

308 3178 416 3247 κῆς
438 3176 678 3245 λέγεται,
704 3175 780 3239 ὡς
800 3176 979 3242 οὐσία,
1012 3174 1382 3246 συμϐεϐηκὸς,
1414 3176 1508 3229 καὶ
1536 3175 1605 3229 τὰ
1649 3176 1891 3242 τοιαῦτα,

502 3230 640 3338 μετὰ
663 3230 1015 3337 συμπλοκῆς,
1045 3230 1122 3330 ῶς
1160 3230 1567 3340 hacac-apex“,
1596 3230 1894 3339 Σωκράτηξ
1921 3230 1967 3292 C

309 3360 613 3429 φιλοσοφεῖ.
640 3357 763 3412 Τῶν
787 3358 844 3413 δὲ
870 3357 1059 3422 ἁπλῶς
1092 3356 1423 3429 λεγομένων,
1462 3358 1559 3412 καὶ
1593 3358 1723 3413 ἄνευ
1753 3376 1893 3430 συμ-

309 3452 544 3522 πλοκῆς,
568 3452 629 3505 τὸ
653 3452 751 3521 μὲν
771 3450 960 3505 οὐσίαν
987 3450 1265 3521 σημαίνει,
1310 3445 1424 3504 οἷον
1458 3450 1767 3522 ἄνθρωπος,
1798 3449 1893 3503 in»

307 3562 434 3605 πη.
470 3542 544 3595 T6
570 3543 627 3596 δὲ
661 3536 1001 3609 πόσον,οἷον,
1034 3541 1149 3605 δύο,
1196 3541 1344 3613 τρία,
1373 3541 1597 3613 δίπηχυ,
1632 3542 1890 3613 τρίπηχυ.

307 3636 387 3689 T6
413 3636 471 3689 δὲ
505 3634 640 3704 πρὸς
660 3635 738 3700 τί,
762 3632 836 3698 ώς
868 3634 1072 3706 πατὴρ,
1108 3634 1246 3699 υίὸς.
1282 3633 1354 3687 Τὸ
1390 3634 1637 3699 δὲποῖον,
1666 3631 1740 3697 ὡς
1769 3634 1892 3687 λευ-

308 3728 426 3790 κὸν,
455 3727 643 3798 μέλαν.
676 3727 752 3779 T6
783 3726 841 3780 δὲ
866 3725 991 3792 ποῦ,
1013 3726 1089 3789 ὼς
1115 3727 1172 3781 ὲν
1198 3725 1336 3798 ναῷ,
1365 3726 1424 3779 ὲν
1451 3726 1628 3797 ἀγορᾷ
1661 3736 1707 3778 ⁸.
1735 3726 1808 3778 Τὸ
1837 3725 1893 3779 δὲ

308 3819 468 3882 πότε,
496 3818 572 3882 ώς
604 3819 829 3890 πέρυσι,
860 3818 1008 3889 χθὲς,
1063 3818 1324 3890 σήμερον.
1351 3817 1426 3872 T6
1469 3815 1526 3871 δὲ
1560 3816 1793 3882 κεῖσθαι,
1819 3817 1895 3882 ὡς

306 3912 375 3963 τὸ
406 3910 680 3978 ἵστασθαι,
702 3909 997 3982 καθῆσθαι.
1023 3910 1096 3964 T6
1122 3910 1178 3964 δὲ
1199 3910 1364 3981 ἔχειν,
1389 3909 1539 3973 ὼςτὺ
1561 3909 1891 3977 ἐνδεδύσθαι,

308 4005 410 4059 καὶ
435 4004 804 4061 ύποδεδέσθαι.
832 4004 907 4060 T6
926 4004 984 4059 δὲ
1013 4006 1213 4069 ποιεῖν,
1243 4004 1317 4071 ὡς
1338 4004 1399 4058 τὸ
1430 4004 1629 4066 καίειν.
1653 4005 1892 4075 τέμνειν.

308 4093 390 4149 T6
427 4094 485 4147 δὲ
517 4092 774 4165 πάσχειν,
806 4094 883 4158 ώς
921 4093 983 4147 τὸ
1025 4093 1300 4159 καίεσθαι,
1365 4095 1686 4166 τέμνεσθαι.
1727 4089 1897 4150 Αὒται

310 4186 373 4239 αἱ
395 4186 529 4239 δέκα
579 4186 830 4255 λέγονται
872 4186 1227 4258 κατηγορίαι,
1273 4186 1350 4251 ώς
1403 4188 1467 4239 ὲκ
1515 4186 1610 4240 τοῦ
1641 4186 1897 4251 λέγεσθαι

311 4278 456 4332 κατά
486 4295 669 4334 τινων.
694 4278 769 4333 T6
806 4278 913 4350 γὰρ
934 4278 1243 4351 ἀγορεύειν,
1267 4278 1447 4347 λέγειν
1477 4279 1621 4334 ὲστί.

1722 435 2189 498 DIALECTICA.

906 538 1158 594 ΚΕΦΛΛ.
1181 542 1285 595 AE'
1928 564 1976 614 Α

3481 427 3588 495 αθ

2599 545 2756 599 CAP.
2784 544 2995 599 XXXV.

2518 655 2594 711 De
2642 657 3063 710 dcuomiuatims.

2080 766 2222 823 Sunt
2250 774 2432 823 autem
2461 769 2750 831 nonnulla.
2778 782 2900 837 quae
2922 769 3067 821 inter
3084 767 3315 821 univoca
3344 774 3398 821 et
3419 766 3591 837 aequi-

2006 874 2143 913 voca
2178 858 2420 914 medium
2473 859 2658 914 locum
2714 865 2899 913 tenent
2931 876 2946 924 ;
2973 867 3136 928 atque
3180 867 3234 913 et
3266 859 3489 914 nomine
3534 866 3591 914 et

2005 949 2331 1005 definitione
2367 951 2568 1020 partim
2599 949 2965 1010 conveniunt,
3021 949 3219 1019 partim
3268 949 3537 1005 dissident
3570 968 3584 1004 :

2004 1058 2127 1113 quae
2153 1041 2370 1112 quidem
2400 1040 2811 1096 denominativa
2839 1040 3104 1095 dicuntur
3126 1080 3141 1106 ,
3174 1049 3235 1093 ut
3264 1056 3293 1093 a
3320 1056 3591 1109 gramma-

2005 1134 2115 1189 tica
2169 1133 2583 1204 grammaticus.
2645 1132 2877 1187 Nomine
2947 1132 3150 1202 quippe
3202 1132 3585 1188 conveniunt:

2004 1238 2194 1277 verum
2228 1222 2466 1278 nominis
2503 1221 2915 1285 terminatione,
2950 1222 3055 1276 hoc
3089 1231 3173 1277 est
3194 1230 3440 1276 extrema
3480 1222 3592 1293 syl—

2005 1312 2129 1367 laba
2156 1311 2436 1366 ditl‘erunt.
2486 1313 2565 1367 Ac
2613 1328 2835 1373 rursum
2881 1312 3203 1368 delinitione
3255 1314 3591 1380 conveniunt

2004 1417 2070 1457 ac
2097 1402 2417 1471 discrepant
2448 1420 2464 1469 ;
2500 1402 2767 1473 quoniam
2810 1400 3173 1472 grammatica
3205 1401 3437 1456 scientia
3465 1408 3587 1454 est:

2003 1491 2396 1564 grammaticus
2420 1501 2625 1560 autem,
2657 1490 2970 1548 substantia
3009 1490 3065 1545 in
3094 1504 3203 1561 qua
3226 1498 3309 1546 est
3332 1489 3587 1546 scientia.

2004 1582 2430 1639 Denominativa
2466 1591 2649 1638 autem
2690 1591 2842 1649 sunt,
2885 1598 3009 1654 qua:
3061 1582 3132 1637 ab
3182 1583 3391 1653 aliquo,
3424 1581 3592 1636 dissi-

2003 1676 2192 1732 dentia
2232 1690 2391 1741 casu,
2441 1675 2547 1733 hoc
2576 1683 2663 1733 est
2710 1676 2953 1732 nominis
2994 1674 3313 1744 inﬂexione,
3345 1674 3589 1746 appella-

2003 1769 2211 1823 tionem
2242 1768 2474 1823 habent.

2075 1856 2372 1912 Sciendum
2406 1864 2589 1912 autem
2625 1856 2775 1928 quod
2806 1870 2911 1912 nec
2940 1855 3318 1927 grammatica,
3338 1869 3441 1909 nec
3466 1869 3591 1908 mu-

2002 1947 2142 2012 sica,
2169 1945 2528 2016 necjustitia,
2559 1945 2971 2001 denominativa
2998 1952 3126 1999 sunt
3153 1961 3168 1999 :
3194 1943 3287 1999 sed
3309 1956 3587 2013 gramma-

2003 2039 2175 2103 ticus,
2245 2035 2494 2092 musicus
2552 2045 2607 2093 et
2660 2036 2870 2107 justus.
2930 2034 3068 2090 Nam
3118 2033 3514 2107 grammaticus
3556 2048 3588 2088 a

2003 2128 2366 2202 grammatica
2411 2128 2824 2197 denominatur,
2859 2136 2916 2186 et
2964 2125 3215 2183 musicus
3264 2142 3296 2181 a
3352 2124 3586 2194 musica,

2000 2231 2055 2277 et
2080 2221 2267 2291 justus
2294 2233 2324 2274 a
2343 2219 2585 2290 justitia.

2074 2310 2213 2366 lllud
2241 2312 2370 2366 item
2414 2326 2579 2367 nosse
2602 2317 2844 2383 oportet,
2896 2310 3041 2381 quod
3066 2307 3495 2375 denominativa,
3523 2322 3587 2363 ea

2000 2417 2030 2456 a
2095 2403 2297 2475 quibus
2354 2404 2712 2463 denominata
2782 2411 2936 2468 sunt,
2994 2402 3478 2472 complectantur,
3530 2411 3590 2454 ut

2000 2497 2399 2567 grammaticus
2427 2494 2869 2568 grammaticam,
2913 2493 3101 2564 justus
3124 2492 3421 2562 justitiam.
3456 2490 3590 2556 Quae

2001 2598 2183 2644 autem
2216 2588 2286 2643 ab
2319 2603 2430 2644 uno
2466 2587 2749 2651 dicuntur,
2781 2600 3155 2656 nequaquam.
3209 2583 3399 2654 Neque
3439 2584 3586 2640 enim

1998 2675 2277 2734 medicum
2304 2678 2740 2734 instrumentum
2766 2674 3099 2731 medicinam
3129 2674 3399 2732 continet.

2490 2872 2597 2947 ω
2622 2870 2777 2929 CAP.
2816 2869 3061 2927 xxxvr.

2234 2983 2315 3041 De
2351 2984 2529 3040 decem
2557 2984 2833 3055 generibus
2860 2982 3303 3054 generaliuimt's.

2066 3073 2145 3130 Ea
2172 3089 2295 3147 quae
2328 3075 2619 3136 dicuntur,
2661 3071 2882 3142 partim'
2920 3069 3248 3140 simpliciter
3278 3077 3334 3125 et
3384 3068 3591 3137 absque

1998 3166 2383 3237 complexione
2415 3164 2704 3227 dicuntur,
2742 3171 2802 3217 ut
2827 3159 3163 3227 substantia,
3215 3168 3271 3215 et
3299 3158 3587 3223 accidens,

1996 3267 2051 3314 et
2107 3259 2366 3315 similia:
2408 3256 2612 3326 partim
2652 3269 2781 3310 cum
2832 3252 3241 3323 complexione,
3292 3260 3353 3308 ut
3412 3266 3590 3322 equus

1995 3350 2196 3414 currit,
2237 3347 2496 3405 Socrates
2524 3345 2971 3418 philosophatur.
3002 3345 3208 3400 Eorum
3259 3354 3445 3400 autem
3470 3360 3593 3415 qua

1994 3442 2317 3513 simpliciter
2352 3449 2408 3495 et
2439 3440 2558 3495 sine
2596 3436 2979 3509 complexione
3010 3436 3275 3491 dicuntur
3312 3453 3327 3491 :
3363 3436 3418 3490 l'
3441 3436 3591 3493 aliud

1994 3533 2363 3590 Substantiam
2399 3531 2700 3602 signiﬁcat,
2742 3537 2801 3584 ut
2836 3529 3023 3593 homo,
3078 3543 3298 3598 equus;
3340 3528 3398 3583 2°
3437 3528 3593 3583 aliud

1993 3625 2387 3696 quantitatem,
2423 3632 2485 3678 ut
2535 3623 2671 3689 duo,
2705 3621 2831 3686 tria,
2867 3620 3209 3684 tricubitum,
3280 3618 3579 3690 quadricu-

1995 3717 2211 3783 bitum;
2267 3717 2322 3772 5°
2344 3716 2492 3770 aliud
2548 3715 2616 3770 ad
2687 3712 2894 3784 aliquid
2932 3751 2949 3778 ,
3014 3722 3073 3766 ut
3132 3720 3289 3782 pater
3328 3749 3345 3777 ,
3401 3711 3592 3772 ﬁlius;

1993 3809 2050 3863 4⁸⁵
2079 3808 2225 3863 aliud
2254 3807 2437 3878 quale,
2480 3814 2540 3861 ut
2574 3806 2781 3869 album,
2817 3804 3074 3874 nigrum;
3106 3803 3163 3859 5°
3194 3802 3348 3857 aliud
3383 3803 3500 3867 ubi,
3534 3810 3594 3856 ut

1999 3904 2056 3957 in
2110 3900 2338 3971 templo,
2392 3901 2448 3954 in
2503 3897 2668 3963 foro;
2720 3898 2776 3953 6⁸
2826 3896 2978 3952 aliud
3032 3895 3281 3967 quando,
3337 3901 3397 3949 ut
3447 3907 3594 3949 anno

1998 3992 2299 4065 superiori,
2324 3992 2468 4056 beri,
2507 3991 2695 4054 hodie.
2731 4006 2902 4057 cras;
2964 3992 3022 4045 7·
3064 3989 3210 4044 aliud
3242 3988 3408 4044 situm
3443 4001 3592 4054 esse,

1996 4094 2059 4139 ut
2088 4091 2257 4149 stare,
2281 4081 2473 4139 sedere
2501 4100 2518 4149 ;
2562 4082 2617 4138 8°
2648 4081 2796 4136 aliud
2825 4081 3049 4145 habere,
3072 4091 3132 4135 ut
3162 4078 3416 4134 indutum
3442 4091 3592 4133 esse.

1997 4174 2302 4229 calceatum
2349 4186 2516 4236 esse;
2564 4170 2621 4225 9'
2645 4168 2793 4224 aliud
2828 4182 3025 4239 agere,
3056 4175 3113 4220 ut
3148 4180 3329 4230 urere,
3363 4179 3591 4230 secare;

2000 4266 2089 4319 10°
2110 4263 2261 4319 aliud
2292 4261 2429 4334 pati.
2480 4272 2534 4316 ut
2557 4262 2664 4326 uri,
2700 4263 2903 4316 secari.
2939 4257 3066 4314 Haec
3097 4257 3286 4313 decem
3324 4254 3593 4326 pradica-

2000 4366 2183 4414 menta
2218 4357 2502 4419 dicuntur,
2532 4355 2663 4425 quia
2715 4354 2783 4409 de
2816 4351 3150 4424 quibusdam
3194 4350 3589 4421 praedicantur.

2003 4446 2139 4505 Nam
2172 4450 2358 4506 dicere
2390 4458 2445 4505 et
2473 4447 2776 4519 praedicare
2805 4446 2951 4502 idem
2988 4454 3138 4502 sunt.

382 4538 507 4612 Χρὴ
538 4538 596 4593 δὲ
618 4538 929 4609 γινώσκειν,
978 4540 1060 4595 ὅτι
1110 4539 1342 4595 ἕκαστον
1382 4539 1588 4594 τούτων
1620 4539 1731 4593 τῶν
1761 4537 1896 4592 δέκα

2074 4540 2371 4597 Sciendum
2433 4549 2519 4595 est
2562 4548 2745 4595 autem
2801 4536 3234 4606 unumquodque
3271 4533 3465 4590 borum
3506 4547 3597 4603 ge-

312 4631 680 4707 κατηγοριῶν,
713 4632 1078 4703 γενικώτατον
1127 4633 1286 4703 γένος
1336 4633 1489 4686 ἐστί’
1544 4631 1752 4685 τούτων
1802 4627 1895 4685 οὖν

2010 4648 2197 4689 nerum
2244 4645 2422 4702 genus
2469 4646 2595 4687 esse
2635 4629 3136 4701 generalissimum.
3172 4627 3380 4680 Horum
3432 4640 3597 4695 porro

310 4726 423 4779 τῶν
452 4724 585 4780 δέκα
600 4725 967 4797 κατηγοριῶν,
987 4726 1096 4779 τῶν
1119 4726 1212 4779 καὶ
1228 4726 1607 4795 γενικωτάτων
1629 4724 1826 4795 γενῶν,
1863 4724 1896 4796 ἡ

316 4819 417 4888 μὲν
439 4818 558 4887 μία,
575 4817 906 4872 οὐσίαὲστίν·
930 4818 1055 4872 αἰδὲ
1069 4818 1243 4883 ἐννέα,
1263 4816 1665 4888 συμϐεϐηκότα.
1692 4818 1813 4871 Εἰσὶ
1844 4817 1901 4869 δὲ

310 4901 507 4959 αὗται·
530 4906 768 4971 αόὑσέα,
790 4905 833 4976 β’
849 4905 1105 4976 ποσὸν,γ⁹
1125 4907 1262 4979 πρὸς
1287 4907 1362 4971 τί,
1395 4907 1435 4961 δ’
1468 4909 1640 4971 ποῖον,
1676 4913 1717 4960 ε’
1750 4906 1902 4971 πότε,

314 5006 373 5066 ς’
389 5000 456 5054 τὸ
484 5000 609 5066 ποῦ,
639 5000 683 5067 ζ’
706 4999 938 5067 κεῖσθαι,
974 5006 1023 5072 η’
1049 4999 1215 5071 ἔχειν.
1250 4999 1295 5052 θ’
1341 5002 1534 5063 ποιεῖν,
1574 5005 1608 5051 ι’
1642 4997 1892 5068 πάσχειν.

906 5109 1160 5164 ΚΕΦΑΛ.
1191 5106 1315 5162 ΛΖ’.

316 5222 460 5293 Περὶ
509 5221 975 5293 δμογενῶνέκαὶ
1034 5222 1377 5293 ὀμοειδῶνον
1417 5218 1775 5290 ἑτερογενῶν
1839 5238 1905 5275 τε

435 5293 535 5348 καὶ
561 5292 921 5362 ἐτεροειὸῶν,
958 5292 1316 5364 καὶάριθμῷ
1355 5292 1781 5361 διαφερόντων.

399 5384 673 5456 Ὀμογενῆ
703 5388 845 5442 εἰσιν
893 5388 995 5441 ὅσα
1042 5385 1150 5440 ὑπὸ
1204 5384 1303 5458 τὴν
1347 5384 1517 5456 αὐτὴν
1560 5382 1899 5454 κατηγορίαν

2005 4723 2196 4778 decem
2233 4722 2791 4793 praedicamentorum
2824 4734 2994 4774 unum
3024 4718 3297 4771 duntaxat
3329 4715 3599 4770 substan-

2012 4815 2088 4867 tia
2119 4820 2249 4879 cst;
2300 4812 2513 4882 reliqua
2570 4827 2791 4876 novem,
2851 4809 3176 4863 accidentia.
3243 4804 3377 4861 Sunt
3416 4813 3598 4859 autem

2009 4903 2128 4959 lucc
2169 4904 2505 4968 substantia,
2561 4902 2870 4973 quantitas,
2936 4899 3000 4954 ad
3050 4897 3284 4968 aliquid,
3338 4896 3598 4967 qualitas,

2009 4997 2254 5067 quando,
2298 4996 2413 5061 ubi,
2446 4996 2616 5050 situm
2649 5010 2796 5056 esse,
2837 4991 3062 5056 habere,
3095 5004 3280 5061 agere,
3322 4988 3458 5057 pati.

2582 5105 2739 5162 CAP.
2768 5103 3036 5159 XXXVII.

2008 5217 2087 5274 De
2135 5216 2483 5286 homogeueis,
2514 5225 2562 5269 et
2592 5213 2920 5275 homoideis;
2951 5213 3113 5286 deque
3149 5206 3499 5286 heterogeneis
3549 5214 3601 5260 et

2258 5280 2591 5345 hcteroideis.
2637 5300 2699 5337 ac
2725 5300 2941 5337 numero
2974 5280 3358 5349 differentibus.

2079 5383 2432 5451 Homegonca
2475 5385 2605 5435 sunt
2642 5391 2764 5446 quae
2806 5375 2912 5430 sub
2944 5373 3135 5428 eodem
3182 5369 3606 5442 prazdicamento

1618 5558 1850 5614 γΑιιιΑε
1887 5556 2295 5615 LECTIONES.

393 5688 426 5730 1
464 5676 620 5731 Edita
660 5687 713 5731 et
746 5691 878 5732 mss.
914 5676 1161 5731 nonnulli
1202 5676 1386 5746 μέσον.
1464 5683 1488 5713 τ
1526 5672 1684 5746 Nulla
1717 5672 1806 5727 hic
1822 5672 2050 5746 _m‘entio
2083 5669 2388 5746 transfugam
2422 5683 2555 5746 mss.
2581 5664 2914 5746 quibusdam
2935 5682 2960 5746 _;
3005 5663 3067 5746 in
3116 5662 3242 5746 aliis
3267 5662 3414 5746 nulla
3435 5660 3606 5746 justi:

319 5752 415 5803 (ire
438 5764 458 5813 ,°
494 5730 577 5803 at
603 5730 892 5817 utramque
918 5730 1225 5817 contextus
1269 5747 1442 5801 series
1484 5745 1674 5817 exigit.
1752 5754 1773 5781 ι
1809 5743 1966 5799 Colb.
2009 5741 2116 5796 cod
2176 5740 2214 5795 ὃ
2278 5740 2385 5796 llil.
2417 5747 2471 5794 et
2501 5730 2633 5810 Reg.
2668 5752 2811 5793 mnus
2845 5736 2904 5789 ἐν
2924 5735 3121 5809 and);
3162 5744 3217 5791 et
3274 5730 3440 5806 paulo
3485 5739 3607 5801 post

318 5820 378 5877 in
413 5812 542 5876 cod.
569 5818 628 5874 S.
656 5817 760 5873 llil.
792 5812 842 5874 ét
862 5816 996 5890 Reg.
1032 5816 1197 5883 2950,
1226 5812 1719 5889 σήμερονμύριον.
