3962 6320
445 427 555 494 603

1631 443 1692 503 S.
1721 443 2044 505 JOANNIS
2080 445 2510 509 DAMASCENI

3599 456 3706 521 604

444 540 789 595 collocantur
826 541 847 611 (
885 550 944 597 ut
986 543 1152 601 homo
1207 556 1263 601 et
1307 562 1486 616 equus
1523 552 1566 622 ).
1647 552 2013 626 Heterogenea

2129 557 2393 613 τάττεται·
2428 558 2475 632 ἶί
2514 559 2590 621 ὡς
2614 559 2897 631 ἄνθρωπος
2935 559 3028 613 καὶ
3088 560 3298 637 ῖππος].
3375 562 3703 637 Ἐτερογενῆ

443 639 660 699 contra,
691 649 813 705 quae
837 636 942 691 sub
976 637 1088 693 alio
1114 645 1281 711 atque
1310 642 1421 695 alio
1451 659 1652 713 genere
1690 655 1818 702 sunt
1848 648 2024 720 (puta,

444 721 648 775 animal
686 725 757 777 et'
780 725 1009 780 scientia
1041 727 1061 798 )
1100 744 1115 782 :
1154 729 1270 784 haec
1292 731 1441 785 enim
1484 749 1684 802 genere
1737 736 2023 792 dill‘erunt.

446 811 689 868 Rursum
722 815 1014 873 bomoidea
1064 827 1216 884 sunt,
1246 836 1371 891 qua:
1426 825 1532 879 sub
1590 826 1781 880 eadem
1841 828 2027 897 specie

440 913 769 971 censentur,
794 922 860 963 ac
889 909 1214 966 substantia:
1241 914 1456 970 ratione
1507 915 1656 971 inter
1716 932 1776 972 se
1822 933 2024 975 conve-

442 994 622 1061 niunt,
647 1007 708 1052 ut
732 997 927 1056 Petrus
962 1011 1016 1056 et
1038 1000 1242 1060 Paulus
1271 1023 1285 1059 :
1319 1004 1635 1063 beteroidea
1657 1019 1874 1078 contra,
1900 1026 2025 1082 qua:

445 1088 517 1143 ab
558 1089 797 1146 invicem
853 1094 1041 1164 specie
1088 1094 1396 1166 dill‘erunt;
1433 1100 1537 1155 hoc
1565 1109 1672 1165 est,
1730 1118 1854 1172 qua:
1888 1105 2025 1160 sub-

445 1180 664 1235 stantia;
713 1183 927 1239 ratione
975 1184 1123 1243 inter
1185 1203 1247 1244 se
1299 1187 1665 1262 discrepant;
1715 1203 1776 1248 ut
1831 1195 2021 1262 homo,

443 1283 642 1339 equus.
671 1270 913 1330 Numero
941 1284 1125 1333 autem
1164 1278 1451 1349 dill‘erunt,
1489 1298 1614 1354 qua:
1652 1284 2020 1344 accidentium

444 1364 704 1432 congerie
732 1365 1053 1423 distinctam
1105 1383 1172 1427 ac
1216 1380 1490 1429 secretam
1544 1376 1860 1447 hypostasis
1908 1395 2023 1437 suae

443 1452 841 1522 pmprietatem
893 1456 1115 1527 habent,
1170 1473 1409 1533 suntque
1466 1474 1629 1520 nacta
1684 1469 2020 1538 peculiarem

442 1555 508 1596 ac
538 1558 635 1614 per
672 1560 733 1601 se
766 1548 1143 1605 exsistentiam
1178 1553 1321 1620 ;hoc
1349 1564 1454 1625 est,
1481 1556 1787 1630 individua,
1820 1570 1881 1616 ut
1918 1564 2022 1620 Pe-

442 1638 585 1697 trus,
612 1633 839 1705 Paulus,
877 1654 943 1694 ac
973 1641 1174 1713 singuli
1207 1644 1485 1703 homines.

510 1723 713 1796 Regula
770 1735 1443 1801 anteprmdicamentorum.
1484 1770 1556 1781 —
1598 1740 1805 1800 Eorum
1851 1759 2020 1815 porro

440 1832 564 1886 qua:
614 1834 844 1888 prorsus
898 1824 1261 1898 beterogenea
1321 1839 1471 1897 sunt,
1508 1832 1741 1890 diversa:
1798 1852 2019 1907 quoque

440 1910 621 1976 specie
670 1912 991 1971 differentiae
1044 1926 1193 1987 sunt,
1247 1928 1308 1975 ut
1341 1922 1598 1979 animalis
1636 1934 1688 1981 et
1750 1927 2015 1984 scientia.
2051 1892 2093 1949 Β

439 1999 658 2055 Animal
688 2006 833 2059 enim
866 2007 971 2063 sub
1002 2010 1311 2065 substantia
1335 2023 1446 2080 est,
1472 2014 1704 2070 scientia
1746 2018 1850 2073 sub
1877 2034 2018 2089 qua-

440 2089 615 2147 litate.
648 2095 829 2165 Atque
856 2098 1114 2157 animalis
1165 2103 1387 2173 quidem
1429 2104 1770 2173 dili'crentiaa,
1805 2111 2018 2166 consti-

440 2187 663 2242 tuentes
689 2187 975 2256 nimirum,
1025 2202 1155 2248 sunt
1183 2195 1511 2265 animatum,
1568 2202 1865 2270 sensibile;
1929 2204 2017 2259 sin

438 2286 627 2330 sermo
672 2279 852 2335 estde
880 2280 1278 2353 dividentibus,
1326 2289 1615 2356 rationale,
1666 2292 2016 2361 irrationale,

440 2363 688 2430 volucre,
723 2374 1017 2438 terrestre,
1051 2374 1309 2444 aquatile.
1336 2375 1593 2433 Scientize
1610 2379 1833 2450 quidem
1858 2380 2017 2437 diﬂ‘e-

436 2455 633 2512 rentiae
668 2467 821 2525 sunt,
874 2463 1192 2522 viventibus
1235 2475 1292 2523 et
1319 2471 1683 2530 rationalibus
1714 2473 1923 2539 inesse,
1957 2490 2022 2531 ac

437 2554 701 2614 praeterea
731 2553 1091 2609 mutationem
1136 2571 1281 2627 aegre
1328 2558 1623 2618 admittere
1655 2580 1670 2617 :
1707 2563 2021 2622 dividentes

2129 646 2187 700 δέ
2225 651 2384 716 εἰσιν,
2419 650 2520 705 ὅσα
2549 650 2643 705 ὑπ’
2667 649 2836 721 άλλην
2865 651 2960 705 καὶ
2998 651 3167 724 ἀλλην
3193 657 3529 727 κατηγορίαν
3565 658 3703 711 εἰσίν

2129 738 2227 810 [ὡς
2275 738 2413 803 ζῶον
2469 742 2563 799 καὶ
2615 741 2945 814 ἐπιστήμη1.
3003 744 3190 799 Ταῦτα
3236 746 3406 817 ἔτερα
3440 748 3523 819 τῷ
3551 750 3702 818 γένει

2126 831 2262 883 εἰσίν
2285 847 2298 861 ⁸
2333 832 2556 904 ὁμοειδῆ
2585 833 2646 886 δέ
2686 834 2843 901 εἰσιν,
2866 836 2969 890 ὅσα
2992 836 3099 889 ὑπθι
3140 836 3202 889 τὸ
3232 839 3366 892 αὐτὸ
3399 835 3539 905 εἶδος
3567 842 3701 896 τάτ-

2124 937 2298 985 τεται,
2332 922 2426 975 καὶ
2449 924 2765 978 κοινωνοῦσι
2820 924 2898 996 τῷ
2951 925 3095 997 λόγῳ
3128 929 3228 1000 τῆς
3251 929 3459 995 οὐσίας,
3489 931 3567 994 ὡς
3595 932 3699 986 Πέ-

2122 1025 2272 1080 τρος,
2313 1011 2409 1066 καὶ
2438 1013 2668 1078 Παῦλος.
2712 1015 3013 1087 Ἐτεροειδῆ
3064 1019 3194 1083 είσι,
3223 1019 3294 1074 τά
3319 1018 3397 1090 τῷ
3429 1021 3560 1074 εἴδει
3582 1021 3700 1075 δια-

2124 1103 2358 1173 φέροντα
2399 1090 2678 1176 anmth
2741 1107 2907 1178 ἧγουν
2936 1109 3036 1162 ὅσα
3076 1109 3155 1181 τῷ
3190 1110 3334 1182 λόγῳ
3385 1112 3484 1183 τῆς
3509 1113 3700 1178 οὐσίας

2122 1195 2490 1267 διαφέρουσιν,
2543 1198 2621 1261 ὡς
2668 1198 3184 1272 άνθρωπος,ῖππος.
3233 1202 3478 1273 Ἀριθμῷ
3505 1204 3565 1257 δέ
3583 1205 3698 1259 δια-

2123 1289 2402 1360 φέρουσιν,
2425 1290 2524 1345 ὃσα
2551 1294 2618 1363 τῇ
2658 1293 2955 1365 συμπλοκῇ
2981 1294 3090 1348 τῶν
3134 1295 3560 1368 συμὸεὸηκὸτων
3598 1298 3698 1369 τὴν

2125 1379 2367 1452 ἰδιότητα
2400 1383 2498 1452 τῆς
2547 1384 2761 1448 οἰκείας
2803 1384 3156 1452 ὑποστάσεως
3197 1388 3567 1458 ἁφωρίσαντο,
3601 1391 3699 1443 καὶ

2120 1471 2218 1543 τὴν
2240 1474 2362 1526 καθ’
2388 1474 2518 1551 αὐτὸ
2560 1476 2859 1547 ἐσχήκασιν
2887 1476 3143 1547 ὕπαρξιν,
3190 1479 3358 1551 ἡγουν
3395 1478 3467 1532 τά
3493 1480 3696 1551 ἄτομα,

2119 1564 2194 1630 ὡς
2217 1566 2445 1638 Πέτρος,
2464 1546 2568 1621 καὶ
2591 1546 2824 1634 Παῦλος,
2851 1572 2944 1625 καὶ
2969 1546 3340 1637 ἕκαστοςντῶν
3364 1546 3696 1663 άνθρρπῶν.

2189 1738 2312 1794 Τῶν
2345 1738 2564 1794 πάντων
2613 1740 2948 1812 ἑτερογενῶν
2991 1742 3179 1816 ἕτεραι
3226 1744 3305 1815 τῷ
3339 1744 3469 1800 εἴδει
3504 1744 3601 1800 καὶ
3639 1747 3697 1801 αἱ

2119 1830 2408 1902 διαφοραί·
2445 1828 2577 1900 οἷον,
2607 1831 2749 1898 ζώου
2800 1836 2893 1889 καὶ
2934 1836 3265 1909 ἐπιστήμης.
3312 1838 3387 1890 Τὸ
3441 1837 3540 1907 μὲν
3586 1837 3698 1908 γὰρ

2124 1922 2264 1986 ζῶον
2289 1924 2394 1977 ὑπὸ
2423 1924 2521 1997 τὴν
2548 1925 2738 1981 οὐσίαν
2767 1927 2936 1992 τέλει,
2983 1929 3017 1998 ἡ
3060 1928 3119 1983 δὲ
3165 1931 3469 2001 ἐπιστήμη,
3504 1930 3609 1983 ὑπὸ
3637 1930 3699 1983 τὸ

2125 2014 2296 2067 ποῖον.
2325 2014 2432 2068 Τοῦ
2469 2014 2568 2086 μὲν
2602 2010 2696 2069 οὖν
2734 2014 2873 2079 ζώου
2925 2017 3198 2089 διαφοραὶ,
3226 2019 3546 2071 συστατικαὶ
3575 2018 3696 2090 μὲν,

2121 2105 2183 2159 τὸ
2212 2104 2549 2176 ἐμψυχον,τδ
2569 2106 2908 2178 αἰσθητικὸν,
2930 2107 3253 2180 διαιρετικαὶ
3286 2110 3364 2173 δὲ,
3379 2110 3440 2163 τὸ
3454 2110 3694 2179 λογικὸν,

2121 2196 2183 2250 τὸ
2213 2196 2428 2266 ἄλογον,
2464 2198 2520 2251 τὸ
2545 2199 2766 2270 πτηνὸν,
2802 2199 2865 2253 τὸ
2889 2204 3164 2271 χερσαῖον,
3198 2201 3260 2255 τὸ
3311 2202 3548 2272 ἔνυδρον,
3582 2203 3698 2271 Τῆς

2119 2289 2176 2344 δὲ
2210 2291 2519 2361 ἐπιστήμης
2550 2292 2874 2345 συστατικαὶ
2909 2293 3026 2363 μὲν,
3058 2293 3120 2347 τὸ
3147 2296 3259 2358 τοῖς
3304 2294 3569 2365 ἐμψύχοις
3600 2296 3698 2350 καὶ

2119 2381 2354 2451 λογικοῖς
2378 2384 2707 2456 ἐνυπάρχειν
2724 2425 2740 2451 ,
2772 2384 2851 2438 ἔτι
2907 2385 2965 2439 δὲ
3010 2385 3105 2440 καλ⁵
3128 2385 3189 2439 τὸ
3216 2387 3656 2458 δυσμετάϐλητον
3676 2403 3692 2419 ·

2114 2473 2447 2547 διαιρετικαὶ
2490 2476 2579 2538 δὲ,
2633 2478 3019 2549 γραμματικὴ,
3069 2478 3378 2548 φιλοσοφία.
3414 2471 3524 2545 *Ης
3584 2479 3698 2551 γὰρ

2116 2568 2454 2640 κατηγορίας
2480 2569 2715 2640 ὑπάρχει
2740 2568 2801 2622 τὸ
2832 2570 3009 2637 γένος,
3051 2571 3269 2643 ἐκείνης
3298 2572 3394 2624 καὶ
3436 2570 3499 2624 τὸ
3531 2567 3694 2636 εἶδος,

436 2641 644 2734 autem,
686 2645 1071 2714 grammatica,
1102 2644 1210 2718 42
1244 2647 1614 2721 philosophia.
1646 2651 1823 2725 Cujus
1866 2656 2013 2712 enim

2122 2659 2212 2713 και
2238 2659 2294 2713 αι
2317 2658 2412 2713 τοῦ
2439 2660 2611 2724 εἴδους
2631 2661 2887 2734 διαφοραί
2910 2680 2925 2696 ο
2965 2661 3074 2716 τῶν
3099 2662 3157 2716 δὲ
3188 2641 3276 2716 sic?
3293 2662 3498 2732 ἄλληλα
3521 2665 3699 2731 γενῶν

436 2726 849 2796 pradicamenti
918 2750 1095 2806 genus
1170 2746 1298 2804 est,
1361 2741 1608 2810 ejusdem
1667 2746 1832 2800 etiam
1901 2762 2013 2816 spe-

2122 2767 2178 2804 τε
2228 2752 2326 2805 καὶ⁵
2352 2751 2509 2806 εἱδῶν
2537 2752 2690 2807 οὺδέν
2719 2726 2918 2808 κωλύει
2937 2754 3037 2819 τὰς
3056 2753 3229 2817 αὑτὰς
3245 2750 3383 2808 εἶναι
3407 2726 3693 2828 διαφορὰς,

434 2818 551 2875 cies
577 2828 686 2885 est.
727 2832 893 2896 atque
922 2827 1099 2899 ipsius
1138 2832 1344 2900 speciei
1368 2832 1712 2891 dill‘erentim.
1762 2838 1833 2892 At
1882 2839 2013 2896 nihil

2122 2841 2167 2894 εἰ
2199 2842 2390 2913 καὶμὴ
2419 2843 2621 2911 πάσας,
2670 2838 2783 2901 οἷον
2827 2853 2879 2913 ιι,
2903 2846 2964 2899 τὸ
3001 2818 3140 2911 ζῶον
3174 2846 3236 2899 οὐ
3266 2846 3485 2900 δύναται
3511 2818 3696 2899 ’ποιεῖν

434 2916 583 2965 vetat
612 2914 917 2971 mediorum
934 2933 1199 2990 generum
1224 2936 1289 2977 ac
1313 2924 1624 2993 specierum
1647 2927 1864 2985 easdem
1891 2946 2013 2989 esse

2122 2932 2320 2998 άζωον.
2353 2936 2627 3010 Διαφορὰς
2673 2935 2732 2992 δὲ
2776 2936 3015 2993 ἐνταῦθά
3045 2954 3191 3010 φημι
3225 2937 3325 3004 τὰς
3356 2936 3697 3000 συνιστὼσας

434 2999 1073 3073 ditl'erentias;tametsi
1126 3026 1239 3067 non
1302 3027 1496 3073 omnes
1571 3018 1725 3074 velut
1780 3020 2010 3091 animal,
2119 3025 2277 3082 αὐτά.

434 3091 581 3160 quod
614 3092 979 3154 inanimatam
1012 3099 1225 3159 edicere
1268 3120 1378 3160 non
1410 3113 1617 3177 potest.
1655 3108 2000 3172 Dilferentias
2038 3125 2221 3172 autem
2287 3133 2355 3174 eo
2393 3117 2502 3175 loci
2559 3134 2656 3177 eas
2696 3118 2916 3176 demum
2966 3118 3237 3190 intelligo,
3291 3135 3413 3192 qua:
3478 3118 3695 3177 consti-

435 3195 597 3243 tuunt
624 3189 897 3260 ejusmodi
923 3211 1124 3267 genera
1148 3207 1203 3254 et
1229 3202 1465 3272 species.
2620 3218 2623 3223 '
3154 3189 3170 3190 ί
3309 3189 3323 3192 ⁷

512 3276 682 3301 ob.--“
720 3300 765 3301 η
805 3284 854 3301 ..
926 3288 962 3301 Α.
1187 3290 1199 3301 .
1257 3291 1269 3301 .
1438 3294 1519 3301 .__
1666 3296 1677 3301 -
3656 3300 3661 3301 ,

504 3276 684 3376 -En'am
704 3284 997 3343 accidentia
1030 3306 1158 3346 sua:
1178 3290 1368 3348 habent
1413 3294 1763 3365 differentias,
1807 3306 1916 3355 etc.
1941 3332 2005 3343 —

2180 3301 2300 3373 Χρὴ
2327 3302 2385 3357 δὲ
2410 3302 2815 3373 γινώσκειν,δτι
2847 3305 2904 3359 αἱ
2936 3303 3092 3360 ἐννέα
3120 3303 3467 3376 κατηγορίαι,
3492 3305 3569 3367 αἱ.
3598 3300 3697 3361 ἐκ·

433 3368 591 3430 Scire
620 3381 802 3432 autem
850 3389 1090 3449 oportet,
1139 3394 1372 3456 excepta
1422 3388 1755 3458 substantia,
1802 3393 2013 3465 reliqua

2122 3390 2202 3458 τὸς
2361 3368 2566 3461 οὐσίας,
2592 3368 2805 3467 ἔχουσιν
2833 3397 3063 3468 ἐκάστη,
3109 3396 3160 3450 εί
3186 3368 3286 3451 καί
3303 3368 3693 3467 συμϐεϐηκότα

432 3478 626 3522 novem
670 3468 1098 3555 praedicamenta
1125 3516 1142 3544 ,
1195 3478 1416 3536 etiamsi
1462 3482 1771 3540 accidentia
1849 3486 1964 3542 sint
1995 3527 2011 3552 ,

2122 3486 2239 3551 εἰσὶ,
2292 3488 2625 3552 συστατικὰς
2680 3489 2777 3543 καὶ
2827 3487 3171 3559 διαιρετικάς
3228 3489 3519 3560 διαφορὰς,
3594 3491 3695 3544 καὶ

431 3557 636 3617 habere
667 3571 850 3621 tamen
900 3550 1145 3639 singula,
1198 3578 1312 3627 tam
1360 3576 1787 3643 constituentes,
1842 3550 2007 3651 quam

2122 3579 2314 3653 ἑκάστῃ
2340 3579 2523 3635 αὐτῶν
2546 3550 2910 3650 γενικώτατον
2938 3550 3098 3651 γένος
3129 3550 3277 3647 ἐστὶ,
3308 3550 3410 3637 καὶ.
3433 3550 3547 3652 ἔχει
3593 3585 3695 3638 καὶ

427 3648 739 3743 dividentes
795 3655 1161 3727 diﬂ‘erentias,
1202 3677 1268 3718 ac
1339 3667 1778 3738 unumquodque
1835 3648 2009 3741 genus

2122 3669 2242 3740 ιε’δη,
2276 3648 2374 3725 ἆξαι
2394 3670 2525 3742 γένη
2559 3648 2865 3742 summ,
2907 3648 3004 3726 κάι
3029 3672 3352 3727 clamo-cm
3382 3648 3516 3743 ετδῆ.
3545 3673 3693 3727 Πάνυ

426 3741 905 3807 generalissimum
928 3762 1077 3815 esse,
1103 3753 1426 3824 pariterque
1452 3756 1666 3825 species
1707 3773 1770 3812 ac
1801 3775 2006 3830 genera

2122 3780 2210 3827 τως
2240 3764 2349 3835 γὰρ
2380 3765 2462 3819 ὅτι
2489 3741 2521 3803 ί
2579 3764 2709 3820 ἔνθα
2744 3741 2920 3833 γένος,
2954 3766 3072 3819 ἐκεῖ
3125 3765 3245 3835 εῖδη
3299 3767 3393 3821 καὶ
3430 3741 3690 3837 διαφοραὶ¹

426 3830 847 3891 subalternatim
864 3840 1069 3909 posita,
1100 3857 1318 3901 necnon
1340 3849 1771 3917 specialissimas
1795 3857 2007 3922 species

2122 3830 2436 3926 Βιαιρετικαί
2461 3856 2628 3910 εἰσιν·
2673 3830 2834 3911 αὗται
2866 3856 2976 3928 γάρ
3014 3857 3153 3912 εἰσιν
3180 3830 3242 3912 αἱ⁷
3282 3830 3695 3932 διαιροῦσαι-τὰ

428 3920 652 4021 habere.
697 3925 911 3983 Etenim
933 3931 1027 3987 ubi
1055 3947 1229 4003 genus
1248 3945 1359 3998 est,
1383 3936 1497 3992 illic
1525 3940 1743 4009 species
1773 3920 1837 3997 ac
1866 3943 2006 3998 diri-

2122 3920 2245 4019 γένη
2274 3950 2355 4013 είς
2386 3947 2502 4018 εἴδη
2524 3966 2538 3980 ⁸
2566 3950 2660 4002 καὶ
2691 3948 2819 4005 ἔνθα
3057 3952 3165 4004 εἰσὶ
3208 3951 3302 4005 καὶ
3363 3920 3693 4005 συστατικοιὶ

423 4012 622 4072 dentes
652 4016 991 4098 dill’erentias
1032 4040 1261 4083 necesse
1287 4036 1537 4086 estesse.
1571 4031 1707 4086 Nam
1765 4033 1847 4089 hrc
1880 4042 2010 4090 sunt

2122 4012 2367 4108 διαφοραί
2391 4055 2405 4069 ’
2434 4012 2596 4093 αἶλται
2619 4039 2727 4109 γάρ
2758 4042 2897 4095 εἰσιν
2923 4012 3331 4095 αίσυνιστῶσαι
3359 4043 3428 4096 τὰ
3451 4042 3589 4113 εἴδη.

422 4123 545 4175 ηυδε
573 4127 769 4180 genera
803 4117 856 4171 in
885 4119 1097 4187 species
1135 4122 1429 4179 dividunt:
1460 4125 1704 4195 itemque
1738 4127 1830 4184 ubi
1863 4138 1995 4186 sunt
2033 4132 2269 4204 species,
2303 4133 2414 4189 illic
2444 4141 2578 4189 sunt
2622 4142 2678 4190 et
2706 4134 3035 4192 differentiae
3106 4135 3535 4193 constituentes.
3590 4133 3691 4191 Ha:

427 4215 661 4269 namque
691 4215 823 4263 sunt
854 4226 978 4280 qum
1007 4214 1361 4269 constituunt
1385 4216 1622 4287 species.

496 4290 668 4349 Unum
713 4299 881 4355 tribus
932 4303 1103 4358 modis
1150 4305 1366 4362 dicitur.
1394 4338 1467 4349 —-
1495 4307 1619 4365 Jam
1672 4327 1804 4369 vero
1833 4328 2000 4369 unum

423 4383 601 4440 tribus
627 4388 806 4442 modis
834 4388 1085 4460 dicitur;
1131 4409 1350 4467 nempe,
1392 4406 1489 4454 aut
1524 4416 1746 4471 genere,
1780 4410 1839 4457 ut
1901 4404 2001 4461 lto-

418 4476 623 4533 minem
639 4486 694 4533 et
714 4495 938 4549 equum,
980 4499 1150 4540 unum
1186 4500 1251 4543 ac
1290 4487 1431 4545 idem
1474 4506 1678 4563 genere
1706 4493 1945 4553 dicimus
1976 4513 1991 4549 :

416 4581 544 4623 nam
574 4571 994 4629 constituuntur
1019 4577 1121 4632 sub
1150 4577 1341 4635 eodem
1366 4596 1589 4653 genere,
1617 4586 1843 4641 animali
1892 4588 1995 4643 sei-

415 4657 547 4716 licet
581 4678 595 4715 :
624 4669 721 4717 aut
774 4665 976 4735 specie,
1032 4677 1092 4722 ut
1149 4669 1435 4729 Socratem
1465 4686 1529 4732 ac
1564 4676 1868 4743 Platonem,
1899 4680 1995 4751 qui

412 4752 517 4806 sub
542 4754 731 4810 eadem
759 4758 941 4833 specie
971 4768 1123 4827 sunt,
1161 4764 1265 4819 hoc
1307 4774 1391 4821 est
1432 4752 1536 4823 sub
1572 4768 1814 4834 homine,
1861 4770 1999 4827 dici-

417 4857 541 4897 mus
570 4858 741 4899 unum
770 4861 834 4901 ac
856 4846 998 4903 idem
1034 4852 1219 4921 specie
1254 4870 1269 4910 :
1300 4862 1395 4909 aut
1425 4856 1664 4929 denique
1707 4875 1944 4915 numero
1974 4875 1991 4919 :

410 4942 474 4987 ut
503 4933 784 4992 Socratem
819 4955 989 4995 unum
1034 4957 1183 5008 esse,
1226 4947 1455 5003 seorsim
1486 4965 1518 5005 a
1556 4950 1785 5023 reliquis
1814 4951 1995 5007 homi—

414 5024 580 5084 nibus
605 5028 948 5101 seiunctum,
974 5033 1235 5094 dicimus.

2179 4312 2254 4367 Τὸ
2289 4312 2347 4367 ἓν
2402 4310 2604 4384 τριχῶς
2662 4310 3036 4382 λαμϐάνεται’
3067 4311 3099 4383 ἢ
3128 4312 3308 4381 γένει,
3350 4308 3463 4367 οἶόν
3501 4332 3686 4387 φαμεν

2105 4403 2393 4475 ἄνθρωπον
2424 4403 2522 4457 καὶ
2546 4403 2733 4468 ἵππον,
2762 4402 2821 4456 ἓν
2853 4402 2934 4473 τῷ
2964 4402 3133 4471 γένει,
3182 4404 3279 4457 καὶ
3324 4405 3524 4460 ταυτόν
3545 4422 3560 4439 ι
3592 4407 3686 4477 ὑφ’

2104 4494 2165 4549 ἓν
2185 4494 2294 4565 γὰρ
2312 4495 2469 4564 γένος
2501 4495 2661 4558 εἰσὶν,
2688 4494 2796 4548 ὑπὸ
2819 4493 2881 4548 τὸ
2910 4491 3078 4557 ζῶον·
3112 4492 3145 4563 ἢ
3170 4494 3326 4561 εῖδει,
3358 4494 3436 4561 ὡς
3459 4497 3687 4571 Σωκρά-

2102 4604 2201 4659 την
2236 4587 2439 4658 φαμὲν,
2469 4587 2563 4640 καὶ
2590 4586 2853 4640 Πλάτωνα
2880 4586 2971 4655 ὑφ’
2990 4585 3048 4638 ἓν
3070 4580 3210 4648 εἶδος
3239 4586 3421 4651 ὄντας,
3454 4588 3561 4642 ὑπὸ
3592 4589 3686 4644 τὸν

2101 4680 2410 4751 ἄνθρωπον,
2443 4678 2503 4732 ἓν
2529 4674 2668 4732 εἶναι
2698 4678 2776 4748 τῷ
2810 4678 2940 4731 εῖδει
2975 4677 3071 4731 καὶ
3100 4679 3295 4732 ταυτόν
3314 4695 3328 4708 ·
3358 4679 3390 4751 ἦ
3434 4681 3681 4753 ἀριθμῷ,
3738 4722 3743 4725 ,

2099 4771 2176 4835 ὡς
2233 4770 2531 4842 Σωκράτην
2578 4769 2758 4842 φαμὲν
2814 4768 2911 4823 ἕνα
2957 4765 3097 4823 εἶναι.
3145 4769 3268 4825 καθ’
3321 4772 3535 4840 ἑαυτὸν,
3570 4774 3683 4829 τῶν

2098 4862 2299 4917 λοιπῶν
2324 4861 2628 4936 ἀνθρώπων
2666 4860 3097 4934 κεχωρισμένον.

2030 4633 2074 4688 Ι)

1705 5170 1943 5229 VARUS
1973 5168 2224 5228 LECTIO
2238 5168 2394 5226 NES.

478 5319 500 5358 ⁸
523 5316 734 5377 Desunt
761 5322 878 5411 haec
914 5322 970 5411 in
998 5322 1158 5383 editis
1184 5335 1239 5410 e_t
1265 5342 1423 5395 mss.,
1451 5329 1729 5411 supplevit
1743 5344 1875 5411 vero
1895 5328 2260 5411 Gombetisius
2280 5344 2347 5385 ex
2364 5326 2647 5385 verisimili
2665 5327 3005 5411 coniectura,
3025 5334 3085 5381 ut
3100 5333 3159 5411 et
3188 5327 3320 5382 illud
3352 5328 3670 5411 eremplutn

402 5388 637 5481 alterum
666 5394 810 5481 quod
846 5402 1034 5481 postea
1070 5399 1340 5481 sequitur.
1394 5388 1617 5481 (Movit
1648 5416 1777 5481 me,_
1807 5402 2006 5481 inquit,
2040 5401 2112 5481 ad
2180 5410 2479 5481 utrumque
2512 5388 2821 5468 exemplum
2860 5388 3250 5481 inserendum,
3272 5398 3420 5481 quod
3478 5388 3676 5481 aperte

402 5460 607 5552 indicet
634 5460 813 5552 tertiis
844 5460 934 5548 illa
968 5460 1334 5551 praecessisse.
1362 5471 1662 5552 cuistatim
1694 5460 1969 5552 subditur,
1994 5460 2003 5465 ⁷
2030 5470 2141 5552 {uec
2179 5460 2465 5552 cilferu'ut.
2513 5460 2703 5552 genere
2748 5468 3080 5552 :__quqdque
3101 5468 3185 5552 ita
3218 5460 3483 5552 «intimum
3516 5460 3677 5552 Vm!"

400 5537 661 5619 postulat.
694 5531 780 5587 Uti
804 5531 1079 5619 enim'nec
1119 5540 1558 5619 insequentibus
1582 5542 1792 5619 desunt
1839 5531 2108 5619 exempla.
2179 5531 2281 5594 ita"
2310 5555 2412 5619 nec
2450 5531 2626 5619 initio
2665 5531 2865 5619 capitis
2907 5531 3203 5619 defuerint:
3230 5537 3322 5591 Sic
3350 5549 3443 5619 ιρι.
3470 5607 3482 5619 _
3506 5541 3678 5607 paulo

403 5600 1093 5689 inferiushexetnplicausa
1126 5600 1610 5689 adductutn,_o?ov,
1641 5612 1701 5664 τὸ
1725 5611 1864 5675 ζῶον
1893 5611 1955 5664 οὐ
1980 5600 2013 5664 δ

2122 5628 2203 5663 ται
2247 5613 2423 5663 ποιεῖν
2453 5609 2515 5663 τὸ
2555 5600 2753 5673 άζωονξ
2793 5608 3038 5678 plerique
3070 5607 3302 5689 _codi_t:es
3331 5600 3675 5689 desiderant,

403 5684 505 5723 nec
543 5670 674 5739 legit
700 5670 856 5729 vetus
890 5675 1037 5754 .int.,
1074 5679 1221 5732 edita
1247 5670 1606 5760 tatuen'bene'
1635 5670 2048 5760 reprmsentjrnt.
2090 5700 2110 5733 ι
2152 5680 2471 5760 Exet_up_lum
2503 5670 2666 5760 porro
2715 5670 3257 5760 utrumquealiunde
3287 5693 3414 5760 npn‘
3458 5670 3674 5760 petivit,

398 5745 934 5820 quam_ex_‘auf_toris
962 5756 1248 5820 contextu.
1282 5761 1339 5803 ut
1368 5752 1541 5807 series
1572 5745 1798 5805 indicat.
1874 5761 1901 5791 ιι
1930 5750 2053 5805 llaec
2078 5745 2409 5820 exemplain
2447 5745 2636 5806 multis
2666 5745 2951 5806 codicibus
2980 5752 3204 5805 absunt.
3314 5757 3341 5786 ν
3375 5745 3539 5803 Deest
3588 5749 3675 5803 ὅτι

408 5822 464 5863 tn
493 5810 615 5865 cod.
659 5810 714 5865 S.
763 5812 870 5869 llil.
907 5821 960 5869 et
988 5817 1313 5886 quibusdam
1341 5821 1499 5890 aliis;
1532 5829 1584 5878 ct
1619 5822 1782 5893 paulo
1813 5832 1933 5891 post
1971 5823 2024 5878 in
2054 5810 2415 5878 multis'abest
2444 5820 2582 5875 ἐκεῖ.
