3962 6320
256 410 369 475 eos

839 519 1095 576 ΚΕΦΑΛ.
1122 521 1254 577 ΑΠ’.

763 610 905 678 Περὶ
935 610 1042 666 τοῦ
1081 610 1152 666 ἐν
1176 613 1318 669 τινί.

330 701 406 757 Τὸ
434 703 492 756 tv
514 704 641 768 τινί,
682 701 987 774 ἑνδεκαχεῖκ
1036 703 1279 775 [λέγεται
1309 702 1386 776 ³ι]⁶
1418 709 1467 758 α’
1492 704 1569 769 ὡς
1597 704 1753 774 γένος
1778 705 1837 758 tv

258 792 414 859 εἴδει,
440 794 518 858 ὡς
544 794 607 848 τὸ
632 793 774 859 ζῶον
805 796 865 849 tv
891 793 968 866 τῷ
989 793 1201 867 ὁρισμῷ
1227 793 1322 848 τοῦ
1353 793 1668 867 ἀνθρώπου·
1693 795 1738 866 β’
1760 795 1838 860 ὡς

259 881 404 949 είδος
428 885 487 937 tv
504 885 673 954 γένει,
696 883 773 950 ὡς
796 884 893 941 άνθ
904 902 1084 957 ρωπος
1099 886 1237 957 ὲντῇ
1263 885 1529 954 διαιρέσει
1546 884 1643 939 τοῦ
1669 884 1835 950 ζὼου·

257 983 312 1046 γ’
336 977 396 1031 tv
421 976 595 1049 τόπῳ,
648 977 727 1041 ὡς
778 978 960 1048 ίερευς
991 978 1051 1031 tv
1077 976 1157 1049 τῷ
1187 975 1327 1048 ναῷο
1371 975 1414 1030 δ’
1449 976 1511 1031 tv
1534 976 1733 1048 χρόνῳ,
1762 976 1840 1041 ὡς

258 1069 389 1123 Νῶε
421 1068 481 1122 tv
506 1066 585 1139 τῷ
600 1066 882 1139 καιρῷτοῦ
909 1066 1316 1140 κατακλυσμοῦ*
1347 1073 1387 1122 ε’
1415 1069 1474 1122 tv
1501 1067 1731 1138 ἀγγείῳ,
1762 1067 1839 1129 ὡς

261 1156 407 1224 οἶνος
432 1160 493 1213 tv
518 1160 754 1232 κρατῆρι
774 1167 851 1225 ’ς’
879 1160 953 1224 ὡς
972 1161 1093 1215 ὅλον
1117 1161 1174 1213 tv
1192 1159 1433 1231 μέρεσιν,
1447 1160 1523 1224 ὡς
1542 1158 1839 1232 Σωκράτης

260 1251 324 1305 tv
349 1254 462 1314 τοῖς
474 1252 697 1317 οἰκείοις
724 1251 931 1323 μέλεσι,
954 1252 1166 1324 κεφαλῇ
1190 1269 1253 1305 τε
1266 1252 1359 1305 καὶ
1375 1252 1660 1323 χερσὶ,καὶ
1689 1250 1837 1305 ποσί·

256 1342 601 1397 τοῦτοδὲούκ
617 1344 763 1397 ἐστιν
785 1345 843 1398 tv
867 1343 997 1411 τινὶ,
1022 1344 1135 1398 ἀλλ’
1162 1345 1220 1399 tv
1242 1343 1408 1398 τισιν⁹
1428 1342 1473 1407 ζ’
1492 1345 1568 1407 ὡς
1591 1344 1651 1397 τὸ
1676 1343 1840 1416 μέρος

258 1432 321 1486 tv
338 1432 465 1504 ὅλῳ,
492 1432 568 1495 ὡς
587 1433 821 1504 κεφαλὴ,
850 1435 971 1505 χεὶρ
1002 1436 1061 1488 tv
1080 1432 1382 1506 Σωκράτει·
1413 1434 1465 1506 η’
1490 1434 1567 1499 ὡς
1596 1430 1735 1498 εἶδος
1780 1436 1839 1488 tv

260 1523 390 1595 ὕλη,
410 1524 489 1588 ὡς
501 1518 639 1588 εἶδος
667 1523 762 1579 τοῦ
785 1525 1101 1597 ἀνδριάντος
1125 1526 1184 1578 tv
1199 1524 1276 1596 τῷ
1294 1525 1499 1596 χαλκῷο
1525 1525 1569 1579 θ’
1587 1526 1663 1591 ὡς
1679 1527 1738 1580 tv
1758 1526 1837 1594 τῷ

260 1614 533 1687 ποιητικῷ
576 1616 754 1686 αίτίῳ,
775 1616 850 1680 ὡς
878 1614 948 1670 τά
979 1615 1154 1670 πάντα
1176 1617 1233 1671 tv
1251 1616 1330 1688 τῷ
1354 1615 1492 1688 Θεῷο
1518 1622 1549 1670 ι’
1574 1615 1649 1680 ὡς
1675 1619 1733 1671 tv
1760 1615 1841 1687 τῷ

260 1705 461 1777 τελικῷ
483 1706 660 1775 αἰτίῳ,
690 1706 765 1771 ὡς
789 1707 823 1777 ἤ
856 1706 1009 1777 κλίνη
1034 1708 1092 1760 tv
1128 1709 1195 1778 τῇ
1229 1706 1338 1761 τῶν
1371 1705 1676 1777 ἀνθρώπων
1694 1706 1841 1760 ’ἀνα-

264 1797 502 1852 παύσει·
525 1797 613 1852 διὰ
641 1797 742 1870 τὴν
768 1798 1077 1853 ἀνάπαυσιν
1097 1798 1207 1872 γὰρ
1224 1798 1332 1853 τῶν
1364 1798 1667 1871 ἀνθρώπων
1690 1799 1841 1868 γίνε-

1647 404 2118 474 DIALECTICA.

3415 413 3526 479 606

2506 523 2662 580 CAP.
2693 523 2960 580 XXXVII.

2552 614 2629 670 De
2652 617 2707 669 in
2730 618 2931 686 aliqua.

2010 705 2069 760 in
2114 704 2304 777 aliquo
2349 705 2603 761 undecim
2644 705 2825 761 modis
2868 707 3069 762 dicitur
3104 722 3118 761 :
3153 705 3206 759 l°
3248 714 3311 760 ut
3354 721 3530 777 genus

1938 800 1996 855 in
2043 796 2257 865 specie;
2328 795 2471 852 velut
2513 794 2715 849 animal
2773 795 2829 851 in
2882 796 3119 853 hominis
3162 796 3527 862 deﬁnitione;

1937 889 1995 944 2°
2028 897 2089 944 ιιι
2136 893 2347 962 species
2392 890 2450 945 in
2505 905 2728 962 genere,
2788 890 2939 945 velut
2972 890 3135 945 homo
3169 890 3227 945 in
3271 890 3529 947 animalis

1939 979 2216 1037 divisione
2251 999 2267 1049 ;
2308 983 2365 1037 5°
2399 981 2453 1035 in
2509 981 2655 1045 loco,
2702 981 2849 1035 sicut
2882 980 3142 1036 sacerdos
3175 979 3228 1033 in
3271 982 3475 1050 templo
3509 997 3526 1047 ;

1938 1071 1995 1126 4°
2019 1072 2073 1126 in
2106 1080 2375 1142 tempore,
2427 1072 2506 1128 uti
2534 1071 2649 1127 Noe
2681 1071 2738 1126 in
2794 1072 2987 1128 diluvii
3022 1078 3269 1141 tempore
3300 1087 3316 1136 ;
3386 1072 3441 1126 5°
3471 1072 3528 1126 in

1939 1179 2093 1229 vase,
2118 1164 2591 1234 quemadmodum
2625 1165 2815 1219 vinum
2850 1164 2904 1218 in
2955 1163 3197 1234 poculo;
3238 1161 3298 1216 6-
3330 1170 3389 1216 ut
3439 1170 3529 1216 to-

1940 1262 2058 1310 tum
2083 1254 2139 1310 in
2167 1256 2441 1326 partibus,
2464 1255 2632 1311 veluti
2666 1254 2927 1310 Socrates
2984 1255 3039 1310 in
3076 1255 3193 1311 suis
3245 1254 3529 1319 membris,

1940 1347 2205 1402 nimirum
2238 1347 2291 1402 in
2323 1349 2522 1418 capite,
2552 1346 2608 1402 in
2641 1348 2899 1403 manibus
2945 1362 3010 1403 ac
3045 1346 3317 1418 pedibus:
3354 1360 3532 1416 quan-

1939 1451 2103 1507 quam
2140 1437 2248 1493 hoc
2270 1453 2378 1492 non
2404 1446 2488 1493 est
2520 1437 2577 1491 in
2610 1436 2817 1507 aliquo,
2845 1436 2941 1493 sed
2972 1437 3028 1492 in
3063 1436 3344 1507 aliquibus
3382 1450 3527 1504 esse;

1941 1526 1995 1581 7°
2042 1535 2101 1582 ut
2161 1543 2290 1598 pars
2350 1530 2404 1583 in
2467 1537 2603 1595 toto,
2663 1528 2743 1584 uti
2796 1536 3007 1600 caput,
3078 1543 3276 1583 manus
3326 1528 3384 1583 in
3423 1526 3528 1583 So-

1940 1627 2123 1686 crate;
2157 1618 2213 1675 8°
2254 1629 2316 1675 ut
2356 1619 2535 1676 forma
2566 1621 2621 1676 in
2655 1621 2910 1686 materia,
2946 1620 3096 1675 velut
3129 1627 3325 1675 statuae
3350 1619 3527 1674 forma

1941 1709 1996 1764 in
2028 1725 2136 1765 aere
2169 1726 2185 1776 ;
2225 1710 2281 1765 9°
2309 1718 2369 1765 ut
2421 1712 2477 1765 in
2527 1726 2697 1766 causa
2732 1709 3020 1775 eﬂiciente,
3067 1709 3527 1781 quemadmodum

1944 1798 1999 1854 in
2039 1798 2151 1856 Deo
2180 1808 2310 1857 sunt
2349 1801 2575 1867 omnia;
2617 1800 2708 1856 10°
2752 1808 2813 1856 ut
2860 1801 2916 1854 in
2960 1815 3124 1855 causa
3164 1798 3352 1863 ﬁnali,
3381 1797 3529 1854 velut

262 1906 358 1945 ται
391 1891 547 1963 κλίνη
569 1908 584 1922 ο
617 1898 686 1947 ια’
699 1860 787 1956 ’ὡς
814 1895 873 1947 tv
912 1860 1280 1966 ὑποκειμένῳ,
1313 1894 1390 1963 ὡς
1416 1860 1609 1951 λευκὸν
1646 1860 1839 1947 ξν-σώ-

1947 1887 2126 1945 lectus
2177 1888 2235 1944 in
2286 1888 2530 1946 hominis
2582 1889 2808 1960 requie:
2859 1888 3128 1960 siquidem
3164 1895 3224 1943 ut
3275 1886 3528 1942 homines

268 1999 424 2053 ματι.
466 1985 664 2038 ἰστέον
698 1985 755 2039 δὲ
776 1985 858 2039 ὅτι
884 1985 1027 2057 μέρη
1055 1984 1175 2040 ὅλου
1192 1984 1446 2055 λέγονται
1470 2001 1486 2018 ·
1521 1985 1642 2040 ὅλον
1671 1984 1728 2040 δὲ
1751 1983 1843 2056 μέ·

270 2090 402 2146 ρους
429 2076 702 2149 οὐδαμῶς,
728 2076 844 2132 ἀλλ’
868 2077 990 2132 ὅλον
1023 2077 1084 2132 tv
1116 2076 1327 2150 μέρεσι.

851 2345 1101 2402 ΚΕΦΔΛ.
1139 2345 1263 2403 ΛΘ’.

771 2438 901 2492 Ἔτι
926 2438 1061 2507 περὶ
1095 2439 1338 2506 οὐσίας,

242 2552 245 2555 λ
337 2527 515 2585 Oricia.
572 2528 694 2585 ἐστὶ
741 2532 977 2601 πρᾶγμα
1028 2530 1437 2602 αὐθύπαρκτον,
1479 2528 1554 2601 μὴ
1592 2528 1842 2600 δεόμενον

258 2622 458 2695 ἑτέρου
488 2622 626 2695 πρὸς
655 2621 942 2677 σύστασιν·
966 2621 1063 2677 καὶ
1119 2621 1282 2677 πάλιν
1308 2637 1324 2653 ο
1354 2619 1511 2674 οὐσία
1550 2620 1667 2674 ἐστὶ
1726 2621 1836 2674 πᾶν

264 2716 466 2788 ὅτιπερ
514 2714 919 2771 αὔθυπόστατόν
945 2716 1083 2780 ἑστι,
1106 2714 1201 2771 καὶ
1240 2714 1317 2786 μῆ
1361 2714 1420 2767 tv
1446 2713 1619 2786 ἑτέρῳ
1638 2713 1752 2786 ἔχει
1781 2712 1844 2768 τὸ

260 2797 409 2859 εἶναι
433 2820 449 2835 ·
485 2804 653 2876 ἤγουν
679 2806 743 2859 τδ
781 2804 859 2875 μὴ
887 2804 955 2857 δι’
981 2803 1109 2859 ἄλλο
1128 2802 1213 2869 ὃν,
1245 2804 1382 2875 μηδὲ
1424 2805 1482 2859 tv
1512 2803 1683 2876 ἑτέρῳ
1711 2802 1837 2875 ἕχον

256 2894 365 2966 τὴν
395 2893 651 2967 ὕπαρξιν,
707 2897 784 2968 μὴ
818 2894 1074 2967 δεόμενον
1120 2895 1297 2966 ἑτέρῳ
1349 2894 1490 2964 πρὸς
1542 2894 1840 2949 σύστασινο

260 2986 384 3041 ἀλλ’
404 2987 463 3041 tv
489 2986 670 3058 ἑαυτῷ
700 2987 782 3054 ὃν,
809 2988 868 3042 tv
917 2979 963 3055 ᾧ
985 2986 1082 3041 καὶ
1112 2985 1172 3040 τὺ
1211 2985 1561 3058 συμϐεϐηκδς
1604 2984 1717 3057 ἔχει
1742 2984 1843 3058 τὴν

258 3076 533 3149 ὓπαρξιν
568 3078 631 3133 τὸ
680 3078 790 3150 γὰρ
813 3077 1023 3149 Ϊχρῶμα
1051 3075 1142 3131 διὰ
1184 3076 1246 3131 τὸ
1285 3076 1446 3149 σῶμα
1483 3078 1729 3147 γέγονεν,
1754 3078 1842 3131 ἶνα

1941 1980 2316 2051 requiescant,
2354 1981 2532 2040 lectus
2561 1980 2854 2037 conﬁcitur
2887 1998 2902 2046 ;
2943 1980 3030 2036 ll°
3063 1987 3123 2035 ut
3147 1980 3203 2035 in
3233 1979 3483 2047 subjecto
3508 2018 3525 2043 ,

1941 2070 2089 2127 sicut
2122 2072 2334 2127 candor
2364 2073 2420 2128 in
2455 2088 2711 2143 corpore.
2748 2071 3049 2129 Sciendum
3080 2086 3250 2144 porro
3268 2078 3375 2135 est,
3402 2084 3527 2140 par-

1940 2170 2053 2218 tem
2086 2163 2259 2220 totius
2287 2164 2399 2219 dici
2436 2181 2452 2232 ;
2485 2174 2542 2221 at
2574 2180 2688 2222 non
2720 2166 2849 2222 item
2896 2172 3074 2221 totum
3123 2164 3386 2237 partium,
3430 2162 3528 2219 sed

1942 2258 2121 2310 totum
2147 2253 2205 2311 in
2236 2256 2509 2327 partibus.

2520 2346 2676 2405 CAP.
2710 2345 2958 2403 XXXIX.

2399 2437 2477 2494 De
2498 2439 2801 2494 substantia
2839 2439 3054 2494 ilerum.

2014 2525 2340 2585 Substantia
2371 2538 2458 2586 est
2479 2545 2568 2586 res
2593 2544 2691 2600 per
2717 2545 2778 2587 se
2797 2530 3095 2596 exsistens,
3129 2543 3232 2585 nec
3257 2528 3373 2584 ullo
3395 2528 3527 2595 alio,

1941 2617 2010 2673 ad
2038 2617 2144 2674 hoc
2175 2627 2236 2674 ut
2265 2620 2361 2682 sit,
2394 2633 2535 2690 opus
2568 2620 2799 2676 habens.
2832 2618 3073 2686 Rursus,
3103 2619 3418 2674 substantia
3444 2629 3531 2676 est

1942 2709 2209 2782 quidquid
2246 2725 2416 2781 perse
2440 2710 2720 2775 subsistit,
2762 2725 2940 2781 neque
2972 2710 3028 2765 in
3077 2710 3186 2764 alio
3213 2724 3374 2766 suum
3398 2724 3529 2765 esse

1943 2799 2110 2855 habet
2137 2816 2153 2865 ;
2182 2799 2238 2855 id
2261 2806 2366 2866 est,
2399 2800 2546 2871 quod
2592 2814 2702 2855 non
2755 2809 2841 2856 est
2872 2809 3096 2871 propter
3139 2800 3313 2865 aliud,
3352 2814 3531 2870 neque

1943 2888 2000 2943 in
2030 2888 2206 2944 altero
2237 2904 2397 2947 suam
2445 2890 2828 2946 exsistentiam
2865 2890 3051 2956 habet,
3104 2889 3259 2945 nullo
3309 2889 3419 2945 alio
3472 2897 3532 2945 ιιι

1942 2982 2215 3040 consistat
2245 2982 2521 3055 indigens.
2563 2983 2707 3050 Quin
2747 2984 2933 3055 potius
2968 2983 3023 3038 in
3050 2983 3159 3055 43
3190 2983 3377 3054 seipso
3405 2993 3527 3048 est;

1943 3071 2113 3145 inque
2144 3089 2212 3129 eo
2258 3074 2523 3131 accidens
2576 3089 2737 3130 suum
2774 3090 2902 3131 esse
2952 3074 3140 3131 habet.
3186 3073 3325 3129 Nam
3379 3075 3532 3130 color

256 3169 449 3241 χρώζῃ
477 3169 629 3238 αὐτὸ,
671 3170 735 3224 οὐ
785 3169 849 3224 τὸ
891 3169 1053 3241 σῶμα
1114 3168 1207 3223 διὰ
1247 3168 1310 3223 τδ
1358 3169 1582 3240 χρῶμα.
1627 3169 1740 3224 Καὶ
1777 3168 1839 3223 τὸ

1945 3175 2168 3238 propter
2183 3181 2385 3237 corpus
2406 3167 2648 3232 exsistit,
2675 3174 2734 3221 ut
2753 3166 2934 3237 ipsum
2970 3167 3181 3222 imbuat
3201 3176 3258 3221 et
3286 3166 3523 3221 alliciat:

259 3260 463 3331 χρῶμα
499 3261 560 3315 tv
598 3258 678 3332 τῷ
728 3260 941 3331 σώματι
999 3258 1258 3331 ὑπάρχει,
1292 3259 1356 3313 οὐ
1396 3259 1457 3313 τὸ
1486 3259 1646 3331 σῶμα
1668 3260 1725 3312 tv
1765 3258 1844 3330 τῷ

257 3349 541 3423 χρώματι.
564 3352 728 3407 Ὅθεν
749 3352 845 3406 καὶ
874 3349 935 3405 τὸ
955 3350 1154 3423 χρῶμα
1186 3348 1283 3404 τοῦ
1319 3348 1570 3420 σώματος
1598 3349 1840 3419 λέγεται,

259 3446 362 3500 καὶ
380 3444 442 3500 οὐ
478 3446 541 3500 τὸ
576 3445 735 3515 σῶμα
762 3444 856 3498 τοῦ
889 3442 1204 3517 χρώματος.
1246 3442 1515 3506 Πολλάκις
1549 3443 1844 3516 τοιγαροῦν

254 3534 673 3607 άλλασσομένου
694 3534 791 3589 τοῦ
814 3536 1125 3607 χρώματος,
1149 3535 1246 3589 καὶ
1286 3534 1781 3605 μεταϐαλλομένου,
1805 3536 1840 3606 ἡ

256 3630 422 3685 οὐσία
454 3630 517 3684 οὐ
557 3627 979 3698 μεταϐάλλεται,
1000 3628 1171 3699 ἤγουν
1205 3627 1267 3681 τὸ
1309 3626 1468 3697 σῶμα
1489 3668 1504 3693 ,
1534 3627 1670 3683 ἀλλὰ
1691 3627 1843 3698 μένει

259 3718 324 3772 τὸ
354 3717 507 3773 αὑτό.
539 3717 772 3787 Λέγεται
797 3718 854 3773 δὲ
877 3718 1037 3774 οὐσία
1066 3718 1218 3790 παρά
1248 3719 1309 3774 τὸ
1337 3714 1481 3773 εἶναι
1517 3717 1569 3792 [ῐ
1594 3720 1801 3791 κυρίως
1823 3736 1839 3751 ·

258 3807 612 3878 συμϐεϐηκὸς
645 3809 703 3862 δὲ
734 3810 886 3879 παρά
931 3808 995 3862 τδ
1037 3808 1379 3879 συμϐαίνειν,
1422 3808 1518 3863 καὶ
1562 3808 1693 3862 ποτὲ
1742 3808 1841 3880 μὲν

259 3893 425 3967 εἶναι,
457 3897 587 3952 ποτὲ
613 3898 671 3952 δὲ
704 3898 778 3970 μὴ
805 3896 947 3952 εῖναι
964 3913 980 3929 ·
1010 3896 1045 3969 ἤ
1069 3897 1221 3969 παρὰ
1245 3896 1305 3952 τὸ
1342 3897 1651 3969 ἐνδέχεσθαι
1683 3899 1741 3952 tv
1762 3896 1842 3969 τῷ

258 3987 413 4055 αὐτῷ
463 3987 769 4059 πράγματι,
817 3990 911 4043 καὶ
973 3985 1112 4044 εἶναι
1164 3990 1227 4044 τὸ
1272 3990 1407 4045 αὐτὸ
1466 3990 1839 4064 συμϐεϐηκὸς,

257 4081 361 4135 καὶ
389 4080 466 4151 μὴ
494 4076 655 4142 εἶναι,
684 4080 824 4135 ἀλλὰ
848 4080 911 4135 τὸ
935 4081 1180 4137 ἐναντίον
1208 4080 1422 4156 αὐτοῦ]

861 4262 1115 4318 ΚΕΦΑΛ.
1147 4261 1239 4318 Μ’.

819 4353 960 4422 Περὶ
1011 4354 1275 4422 φύσεως.

326 4442 497 4507 Φύσις
518 4442 668 4497 ἔστιν
688 4442 833 4515 άρχὴ
857 4444 963 4513 τῆς
984 4443 1220 4498 ἑκάστου
1237 4442 1344 4497 τῶν
1368 4443 1540 4499 ὄντων
1566 4444 1837 4517 κινήσεώς

1944 3273 2054 3315 non
2087 3266 2268 3314 autem
2297 3265 2512 3322 contra,
2549 3272 2751 3329 corpus
2778 3258 2849 3314 ob
2876 3257 3138 3314 colorem.
3187 3257 3392 3329 Estque
3432 3272 3530 3313 co—

1942 3350 2028 3405 lor
2067 3350 2122 3406 in
2154 3364 2387 3421 corpore
2417 3364 2566 3417 ;non
2592 3349 2721 3405 item
2746 3364 2952 3419 corpus
2984 3350 3041 3404 in
3062 3349 3269 3406 colore.
3292 3350 3373 3404 Ac
3405 3364 3533 3419 pro-

1943 3442 2072 3498 inde
2101 3442 2307 3499 dicitur
2335 3443 2589 3513 corporis
2622 3442 2800 3508 color,
2830 3456 2938 3495 non
2975 3449 3157 3497 autem
3204 3456 3406 3510 corpus
3430 3456 3527 3497 co-

1943 3534 2096 3590 loris.
2123 3533 2315 3603 Itaque
2342 3549 2725 3604 szepenumero
2746 3540 2957 3589 mutato
2981 3533 3192 3599 colore,
3216 3534 3528 3592 substantia

1940 3634 2148 3692 tamen,
2195 3625 2304 3682 hoc
2335 3635 2421 3682 est
2464 3642 2694 3697 corpus,
2741 3641 3088 3697 nequaquam
3120 3634 3393 3689 mutatur,
3430 3626 3526 3682 sed

1940 3724 2147 3773 statum
2199 3732 2361 3773 suum
2408 3718 2631 3772 retinet.
2683 3715 2901 3770 Dicitur
2970 3723 3152 3770 autem
3215 3714 3526 3770 substantia

1940 3808 2121 3873 οὐσία,
2167 3823 2237 3865 eo
2283 3807 2431 3878 quod
2473 3811 2522 3864 ei
2561 3809 2580 3878 (
2608 3807 2873 3879 proprie)
2907 3807 3198 3862 conveniat
3226 3821 3371 3863 esse.
3404 3798 3427 3872 [
3454 3806 3529 3863 Ut

1938 3909 2165 3959 econtra
2241 3900 2499 3956 accidens
2596 3900 2803 3955 dicitur
2885 3913 2954 3954 eo
3025 3898 3172 3968 quod
3269 3897 3525 3964 accidat,

1940 4007 2007 4048 ac
2037 3993 2110 4050 sit
2147 3991 2479 4064 quandoque
2531 3997 2587 4046 et
2629 3988 2968 4060 quandoque
3020 3989 3165 4045 absit
3198 4005 3214 4044 :
3242 3988 3359 4043 sive
3395 3988 3525 4059 quia

1939 4084 2174 4157 contigit
2212 4083 2358 4139 idem
2383 4081 2643 4137 accidens
2680 4079 2858 4136 eidem
2895 4080 2973 4135 rei
3019 4088 3075 4136 et
3104 4081 3289 4136 inesse
3318 4087 3374 4136 et
3414 4095 3526 4136 non

1940 4176 2125 4235 inesse
2154 4194 2170 4246 ;
2212 4176 2325 4232 imo
2349 4182 2406 4232 et
2436 4175 2562 4246 ejus
2597 4174 2967 4229 contrarium.
3000 4171 3022 4246 ]

2571 4262 2745 4321 CAP.
2770 4264 2882 4322 XL.

2549 4356 2627 4412 De
2685 4367 2906 4413 natura.

2006 4445 2213 4503 Natura
2254 4454 2341 4503 est
2380 4446 2711 4518 principium
2768 4456 2956 4503 motus
3002 4452 3058 4502 et
3098 4446 3302 4517 quietis
3334 4446 3522 4516 cujus-

255 4554 316 4590 τε
345 4535 441 4590 καὶ
471 4536 707 4606 ἠρεμίας
731 4552 748 4568 °
800 4531 938 4601 οἷον,
977 4539 1013 4609 ἤ
1063 4538 1133 4608 γῆ
1201 4540 1432 4592 κινεῖται
1461 4539 1561 4608 μὲν
1600 4540 1737 4611 πρὸς
1775 4540 1837 4594 τὸ

1945 4552 2043 4607 que
2096 4536 2222 4591 rei:
2276 4552 2330 4591 v.
2365 4551 2450 4608 gr.
2513 4544 2690 4600 terra,
2753 4543 3046 4599 movetur,
3110 4550 3235 4590 cum
3296 4549 3523 4605 germen

259 4626 586 4699 βλαστάνειν
603 4642 621 4660 °
657 4627 857 4697 ἠρεμεῖ
875 4626 954 4693 δὲ,
987 4626 1127 4680 κατὰ
1150 4626 1247 4698 τὴν
1268 4628 1333 4680 ὲκ
1369 4626 1539 4681 τόπου
1560 4628 1643 4690 είς
1670 4628 1835 4681 τόπον

260 4718 590 4788 μετάϐασιν.
638 4717 714 4771 Οὐ
754 4717 865 4788 γὰρ
908 4721 1140 4771 κινεῖται
1181 4717 1292 4773 ἀπὸ
1330 4718 1497 4771 τόπου
1536 4719 1617 4783 είς
1647 4718 1832 4774 τόπον.

266 4811 335 4863 Ἤ
363 4805 460 4865 οὖν
492 4808 657 4879 ἀρχῆ,
706 4808 801 4863 καὶ
830 4808 863 4878 ἡ
911 4807 1060 4862 αἰτία
1080 4808 1181 4879 τῆς
1218 4807 1488 4880 κινήσεώς
1523 4826 1583 4863 τε
1622 4809 1837 4880 καὶτῆς

256 4900 500 4971 ἠρεμίας
557 4900 747 4968 αὐτῆς,
809 4897 933 4953 καθ’
964 4899 1030 4970 ἤν
1089 4898 1334 4969 πέφυκεν
1376 4898 1521 4953 οὕτω
1571 4899 1837 4955 κινεῖσθαι

259 4993 355 5045 καὶ
372 4992 605 5063 ἠρεμεῖν
623 4988 920 5056 οὐσιωδῶς,
974 4989 1146 5059 ἤγουν
1180 4989 1451 5057 φυσικῶς,
1481 4991 1577 5043 καὶ
1601 4991 1662 5044 οὐ
1692 4991 1837 5046 κατά

259 5081 633 5155 συμϐεϐηκὸς,
655 5080 817 5152 φύσις
842 5079 1084 5150 λέγεται,
1133 5080 1287 5154 παρὰ
1315 5081 1377 5135 τὸ
1408 5079 1631 5136 τοιῶσδε
1659 5098 1836 5152 πεφυ-

1938 4622 2087 4679 edit:
2131 4622 2373 4692 quiescit
2419 4632 2628 4687 autem,
2678 4622 2827 4693 quod
2873 4623 3072 4677 attinet
3101 4622 3170 4675 ad
3214 4622 3519 4678 transitum

1940 4713 2161 4769 deloco
2199 4714 2254 4768 in
2300 4713 2506 4769 locum.
2550 4713 2741 4785 Neque
2793 4713 2942 4769 enim
2990 4720 3244 4766 movetur
3285 4713 3355 4769 de
3399 4713 3525 4768 loco

1941 4804 2000 4858 in
2041 4804 2245 4860 locum.
2281 4803 2558 4870 Quocirca
2599 4805 2932 4876 principium
2982 4811 3038 4858 et
3079 4818 3251 4858 causa
3284 4803 3524 4873 hujusce

1941 4902 2123 4951 motus
2151 4903 2206 4950 et
2250 4896 2475 4966 quietis,
2508 4912 2607 4967 per
2652 4912 2818 4967 quam
2854 4896 2931 4951 ita
2962 4910 3053 4951 res
3089 4895 3353 4965 quaelibet
3384 4896 3517 4951 sub-

1939 4988 2274 5043 stantialiter
2309 4995 2437 5044 nata
2469 4997 2581 5053 est,
2613 4989 2733 5045 sive
2763 4994 3088 5059 comparata
3119 4995 3206 5042 est
3231 5001 3261 5040 a
3291 4993 3517 5052 natura,

1941 5094 2005 5135 ac
2045 5093 2155 5135 non
2206 5093 2275 5135 ex
2314 5079 2613 5147 accidenti,
2664 5087 2726 5135 ut
2770 5089 3061 5135 moveatur
3113 5093 3180 5134 ac
3234 5076 3512 5148 quiescat,

1536 5243 1773 5300 VARUS
1814 5241 2225 5300 LECTIONES.

330 5365 361 5394 ι
393 5355 553 5411 Deest
578 5353 794 5428 λέγεται
839 5357 898 5428 in
928 5355 1185 5428 _edit.ret
1236 5371 1394 5423 mss.,
1453 5357 1506 5412 in
1560 5360 1682 5414 solo
1732 5358 1855 5417 cod.
1893 5360 1951 5413 S.
2011 5358 2116 5413 Hil.
2180 5372 2344 5428 supra
2404 5357 2604 5412 lineam
2663 5354 2975 5428 suppletum
3024 5352 3129 5408 fuit
3178 5350 3517 5428 correctoris

262 5441 450 5501 manu.
514 5422 789 5501 _Iln’cod.
832 5426 890 5501 _S.
927 5425 1117 5481 Hilarii
1148 5442 1177 5481 a
1225 5436 1540 5501 correctore
1575 5429 1820 5501 additum
1876 5438 1966 5501 est
2020 5422 2266 5501 κυρίωςζ
2299 5435 2354 5481 et
2400 5428 2455 5501 in
2508 5422 3294 5501 margine_'_qtta:sequuntur,
3368 5422 3519 5501 velut

262 5494 588 5568 supplenda,
620 5497 1062 5568 ascripsitf,quze
1103 5505 1284 5551 tamen
1323 5497 1376 5568 in
1401 5498 1563 5568 nullo
1602 5500 1791 5555 codice
1838 5500 1946 5555 alio
1982 5490 2175 5568 reperi.
2210 5490 2416 5561 Horum
2443 5497 2561 5568 loco
2595 5490 2867 5568 in_Colb'.‘
2892 5500 2948 5568 et
3002 5492 3188 5568 Regiis
3244 5490 3517 5568 nonnulli,

413 5565 521 5618 alia
553 5559 827 5647 leguntur:
857 5559 1086 5647 ‘Ti'pév
1111 5568 1261 5647 ἐστιν
1278 5565 1455 5647 ..οὐσία⁵
1472 5566 1706 5647 εἴρηται,
1740 5569 1836 5622 καὶ
1860 5570 1945 5647 είς
1973 5559 2210 5647 διᾲφορέι
2236 5559 2440 5647 θυσίας.
2462 5565 2595 5637 πρὸς
2623 5564 2692 5647 τά
2721 5559 3130 5647 συμϐεϐηκότα,
3159 5559 3235 5647 ὼνς
3279 5559 3339 5647 tv
3364 5560 3515 5647 αὐτῇ

262 5634 501 5706 ἑχόντων
676 5634 1102 5706 συμϐεϐηκότων
1143 5635 1244 5706 τὴν
1278 5634 1526 5706 ὕπαρξιν.

1626 5630 1809 5709 ίρήται
1857 5630 1937 5691 δὲ’
1962 5630 2219 5707 καὶπερὶ
2270 5630 2932 5709 διαιρέᾼσεωςΑαὺτῆ-ςζῇκαὶ
2959 5630 3014 5709 τί
3057 5630 3305 5709 διαφέρει
3328 5630 3515 5709 ,οὐσία

262 5698 372 5779 ibin!
397 5698 972 5779 obateﬁtbvdtcttpogév
996 5720 1010 5734 '
1056 5706 1141 5779 ὅτι
1176 5698 1245 5756 δί*
1284 5698 1481 5779 αὐτῶν
1512 5698 1669 5779 ουσία
1694 5698 2336 5779 γἐίδοποιουμένηξτοίον
2380 5698 2527 5779 εἶδος
2580 5698 2854 5770 ἀποτελεῖ,
2903 5704 2997 5779 καὶ
3054 5698 3235 5757 τοιάδε
3282 5698 3514 5769 γίνεται.

265 5774 493 5844 Εἴρηται
511 5773 572 5827 δὲ
603 5775 698 5827 καὶ
742 5775 793 5828 τί
827 5773 989 5843 φύσις
1034 5775 1125 5830 καὶ
1155 5775 1359 5847 μορφὴ,
1406 5778 1495 5831 καὶ
1525 5778 1577 5831 τί
1599 5778 1897 5843 ὑπόστασις
1936 5773 2030 5833 καὶ
2056 5773 2344 5846 πρόσωπον
2372 5776 2467 5830 καὶ
2497 5776 2721 5846 ἄτομον,
2746 5789 2799 5831 κ.
2826 5790 2879 5828 τ.
2914 5773 2958 5826 t.
