3962 6320
1676 287 1736 345 S.
1780 282 2100 345 JOANNIS
2141 277 2575 340 DAMASCENI
3647 269 3746 328 ΩΟ

2697 390 2770 444 Τὸ
2796 388 2981 462 σῶμα,

467 305 580 365 me

1155 406 1397 478 Corpus,
2090 402 2132 458 A

482 525 538 567 tn
578 508 904 570 animatum,
948 518 1043 558 seu
1074 501 1288 563 vivens,
1566 507 1619 550 υι
1651 493 2014 548 inanimatnm
2051 509 2062 542 :

2169 488 2247 550 εἰς
2279 485 2539 557 ἔμψυχον,
3252 482 3346 533 καὶ
3374 480 3601 552 ἄψυχον.

1148 589 1378 653 Vivens,

484 694 540 747 in
567 689 832 748 sensibile
857 733 871 756 ,
1070 683 1426 754 zoophytum,
1617 688 1671 733 et
1701 674 2020 732 insensibile
2052 715 2065 729 .

1126 774 1421 836 Sensibile,

486 884 541 936 in
570 876 862 940 rationale,
1608 871 1663 917 ct
1697 858 2021 915 irrationale
2055 876 2067 911 :

1112 956 1427 1021 Rationale,

488 1078 542 1116 Ill
579 1059 829 1122 mortale,
1612 1053 1667 1099 et
1709 1041 2022 1096 immortale
2055 1056 2069 1092 :

1150 1142 1402 1207 Mortale,

487 1250 545 1302 in
572 1245 876 1307 hominem,
953 1241 1170 1304 bovem,
1245 1249 1472 1306 equum,
1537 1244 1588 1287 et
1663 1231 1748 1285 his
1824 1229 2071 1284 similia:

1182 1329 1376 1393 llomo,

491 1435 548 1488 in
598 1432 846 1492 Petrum,
905 1425 1160 1489 Paulum,
1194 1431 1538 1488 czeterosque
1593 1415 1844 1486 singulos
1896 1413 2077 1466 horni-

491 1542 646 1594 nes,
684 1522 779 1593 qui
839 1519 1060 1589 quidem
1118 1513 1426 1576 individua,
1484 1520 1538 1566 ct
1601 1511 1952 1579 hypostases,
2013 1519 2078 1557 ac

492 1631 748 1691 personze
779 1624 932 1670 sunt.

563 1728 781 1800 Corpus
833 1720 1161 1780 substantiae
1207 1716 1420 1787 species
1474 1721 1582 1777 est,
1639 1726 1704 1765 ac
1753 1723 1927 1780 genus
1957 1706 2156 1804 επὶ-,Β

495 1823 672 1888 mati;
716 1819 1046 1881 animatum,
1091 1811 1343 1882 corporis
1375 1807 1611 1878 species,
1650 1820 1714 1860 ac
1747 1818 1920 1873 genus
1952 1816 2077 1856 seu-

493 1914 714 1979 sibilis;
762 1907 1052 1970 sensibile,
1080 1921 1178 1961 seu
1212 1901 1438 1964 animal,
1485 1899 1701 1968 species
1734 1896 1984 1961 animati,
2017 1908 2081 1948 ac

495 2022 675 2078 genus
711 2001 1044 2065 rationalis;
1096 1995 1390 2059 rationale,
1439 1993 1654 2064 species
1699 1988 1976 2051 animalis,
2019 2001 2102 2048 ac,

501 2099 756 2155 mortalis
783 2109 992 2166 genus;
1026 2089 1285 2153 mortale,
1323 2085 1614 2140 rationalis
1643 2081 1859 2152 species
1899 2094 1962 2133 ac
1987 2093 2081 2149 ge-

501 2203 609 2243 nus
652 2171 939 2248 hominis;
997 2180 1164 2234 homo
1207 2175 1473 2244 denique,
1511 2169 1909 2241 specialissima
1961 2181 2085 2236 spe-

499 2276 648 2342 cies;
704 2273 912 2344 quippe
965 2276 1051 2323 est
1109 2265 1323 2336 species
1376 2261 1663 2324 mortalis;
1718 2258 1978 2326 Petrique
2031 2261 2087 2309 et

503 2363 657 2418 Pauli
695 2357 1060 2416 nihilominus
1089 2353 1344 2424 species;
1391 2365 1514 2418 qua:
1547 2346 1768 2417 quidem
1803 2353 1998 2398 natura
2033 2349 2087 2396 et

502 2457 678 2509 forma
733 2467 799 2507 ac
845 2448 1156 2506 substantia
1221 2453 1326 2505 est,
1380 2440 1536 2509 juxta
1586 2439 1734 2509 quod
1789 2441 2088 2492 senserunt

495 2546 682 2604 sancti
721 2543 930 2599 Patres.

571 2658 707 2728 Quae
746 2655 988 2712 medium
1031 2655 1284 2708 obtinent
1310 2652 1492 2706 locum
1544 2650 1686 2703 inter
1729 2642 2088 2716 generalissi-

501 2768 652 2806 mum
681 2766 879 2822 genus,
929 2747 984 2802 id
1014 2755 1121 2812 est,
1162 2744 1571 2806 substantiam;
1618 2755 1684 2795 ac
1721 2738 1934 2808 species
1964 2751 2091 2806 spe-

503 2841 869 2903 cialissimas,
897 2846 1030 2907 puta
1062 2834 1332 2897 hominis,
1372 2831 1554 2892 bovis,
1597 2835 1732 2892 etc.,
1766 2825 2090 2881 subalterna

503 2942 731 3001 genera,
769 2941 835 2980 ac
874 2924 1212 2978 subalterme
1251 2918 1464 2990 species
1499 2923 1650 2971 sunt.
1690 2913 1960 2968 Dicuntur
1989 2925 2089 2964 au-

507 3032 615 3076 tem
647 3017 974 3074 essentiales
1007 3022 1062 3069 et
1101 3011 1384 3068 naturales
1410 3004 1738 3064 differentia;
1772 3013 1826 3059 et
1852 3001 2092 3072 qualita-

2708 575 2782 628 Τὸ
2809 574 3090 645 ἔμψυχον,

2171 674 2251 736 εἰς
2280 670 2621 741 αἰσθητικὸν,
2703 669 2980 738 ζωόφυτον
3005 667 3117 740 (55)

2278 763 2439 828 ζῶον,
2695 761 2768 815 Τὸ
2794 760 2951 825 ζῶον,

2173 858 2252 920 είς
2292 855 2528 925 λογικὸν,

3268 666 3363 719 καὶ
3408 667 3754 738 ἀναίσθητον.

3455 758 3640 828 φυτόν.

3281 851 3376 904 καὶ
3406 850 3620 920 ἄλογον.

2704 947 2778 1000 Τὸ
2815 946 3053 1015 λογικὸν,

2175 1045 2254 1106 εἰς
2289 1042 2499 1113 θνητὸν,
3289 1036 3382 1089 καὶ
3414 1034 3698 1088 ἀθάνατον.

2706 1131 2780 1183 Τὸ
2820 1129 3032 1200 θνητὸν,

2178 1228 2258 1290 εἰς
2307 1224 2612 1297 ἄνθρωπον,
2666 1222 2812 1293 βοῦν,
2844 1222 3036 1287 ἵππον,
3086 1219 3245 1284 κύνα,
3287 1221 3380 1273 καὶ
3411 1219 3480 1272 τὰ
3512 1216 3754 1272 τοιαῦτα.

2680 1315 2811 1368 Ἀνο
2823 1331 3024 1386 ρωπος,

2180 1413 2258 1474 εἰς
2312 1409 2540 1481 Πέτρον,
2603 1406 2838 1470 Παῦλον,
2884 1407 2977 1459 καὶ
3011 1406 3138 1469 τούς
3171 1404 3393 1467 λοιποὺς
3424 1403 3568 1457 κατὰ
3597 1403 3761 1474 μέρος

2180 1501 2526 1572 ἀνθρώπους,
2554 1499 2750 1564 οἵτινές
2780 1500 2917 1552 εἰσιν
2938 1497 3139 1568 ἄτομα,
3171 1498 3269 1550 καὶ
3291 1498 3643 1561 ὑποστάσεις,
3671 1495 3765 1550 καὶ⁸

2184 1595 2472 1666 πρόσωπα.

2261 1709 2449 1762 Ἔστιν
2468 1704 2563 1762 οὖν
2602 1710 2636 1780 ἡ
2673 1710 2834 1763 οὐσία
2864 1708 3023 1778 γένος
3062 1707 3457 1777 γενικώτατον*
3489 1707 3549 1760 τὸ
3587 1706 3766 1777 σῶμα,

2187 1801 2326 1868 εἶδος
2355 1804 2458 1874 τῆς
2488 1803 2696 1867 οὐσίας,
2729 1804 2825 1856 καὶ
2847 1802 3002 1870 γένος
3015 1800 3109 1854 τοῦ
3130 1801 3377 1871 ἐμψύχου
3405 1818 3418 1830 ·
3443 1800 3504 1852 τὸ
3530 1799 3771 1868 ἔμψυχον

2185 1891 2324 1958 εἶδος
2374 1893 2470 1947 τοῦ
2533 1893 2807 1964 σώματος,
2845 1893 2938 1946 καὶ
2970 1892 3125 1960 γένος
3175 1889 3270 1943 τοῦ
3317 1888 3672 1959 αἰσθητικοῦ·
3713 1887 3772 1940 τὸ

2184 1985 2501 2057 αἰσθητικὸν
2535 1985 2696 2051 ζῶον,
2751 1982 2887 2049 εἶδος
2911 1984 3004 2038 τοῦ
3037 1982 3309 2054 ἐμψύχου,
3346 1983 3444 2036 καὶ
3484 1982 3641 2050 γένος
3679 1979 3771 2034 τοῦ

2183 2081 2438 2150 λογικοῦο
2473 2080 2533 2134 τὸ
2556 2079 2794 2148 λογικὸν,
2828 2073 2966 2142 εἶδος
3006 2077 3102 2130 τοῦ
3158 2077 3319 2142 ζώου,
3361 2075 3454 2130 καὶ
3499 2069 3635 2136 εἶδος
3679 2074 3774 2126 το)

2187 2171 2384 2244 θνητοῦ
2405 2172 2498 2224 ’τὸ
2532 2170 2748 2240 θνητὸν,
2774 2165 2911 2234 εἶδος
2949 2167 3044 2222 τοῦ
3075 2166 3317 2236 λογικοῦ,
3358 2166 3452 2220 καὶ
3504 2166 3662 2234 γένος
3681 2163 3772 2216 τοῦ

2187 2261 2476 2334 ἀνθρώπου
2497 2277 2511 2292 ο
2540 2263 2568 2315 ὁ
2595 2260 2884 2332 ἄνθρωπος
2911 2258 3260 2312 εἰδικώτατον
3287 2255 3426 2320 εἶδος
3445 2273 3458 2286 ·
3494 2251 3634 2319 εἶδος
3667 2256 3774 2326 γάρ

2189 2356 2304 2407 ἐστι
2356 2352 2450 2407 τοῦ
2514 2352 2732 2424 θνητοῦ,
2796 2353 2892 2406 καὶ
2945 2347 3085 2415 εἶδος
3123 2351 3352 2422 Πέτρου,
3404 2349 3500 2402 καὶ
3535 2347 3773 2408 [Iasi/ou,

2188 2447 2326 2515 ὅπερ
2347 2445 2466 2500 ἐστὶ
2491 2444 2655 2514 φύσις
2675 2444 2770 2498 καὶ
2791 2445 2973 2516 μορφὴ
2993 2444 3087 2497 καὶ
3103 2443 3260 2496 οὐσία
3286 2441 3426 2496 κατὰ
3442 2443 3569 2506 τοὺς
3590 2441 3780 2510 ἁγίους

2191 2535 2332 2590 Πατέ
2341 2553 2460 2606 ρας.

2263 2648 2449 2703 Ταῦτα
2476 2649 2544 2703 τὰ
2574 2648 2714 2720 μέσα
2746 2648 2841 2702 τοῦ
2879 2649 3246 2718 γενικωτάτου
3276 2648 3490 2716 γένους,
3526 2647 3648 2718 ἦτοι
3685 2648 3782 2718 τῆς

2191 2742 2401 2807 οὐσίας,
2435 2743 2531 2796 καὶ
2560 2742 2669 2794 τῶν
2699 2741 3067 2796 είδικωτάτων
3095 2740 3273 2804 εἱδῶν,
3315 2741 3436 2812 ἦτοι
3465 2740 3780 2811 ἀνθρώπου,

2197 2835 2343 2906 βοὸς,
2371 2836 2506 2906 γένη
2544 2836 2671 2898 εἰσὶ,
2731 2836 2827 2889 καὶ
2871 2835 2983 2905 εἴδη
3034 2835 3338 2905 ὐπάλληλα.
3387 2835 3576 2888 Ταῦτα
3605 2834 3666 2887 δὲ
3698 2833 3786 2886 λέ·

2195 2942 2381 2992 γονται
2407 2924 2688 2988 οὐσιῶδεις
2719 2925 2813 2979 καὶ
2851 2926 3081 2995 φυσικαὶ
3116 2925 3392 2997 διαφοραὶ,
3422 2927 3520 2980 καλ⁵
3562 2927 3785 2995 ποιότη-

2195 3035 2287 3078 τες
2307 3016 2637 3088 διαιρετικαὶ
2663 3015 2773 3070 τῶν
2797 3017 3003 3084 ἐπάνω,
3029 3017 3120 3070 καὶ
3140 3019 3463 3072 συστατικαὶ¹
3501 3018 3616 3071 τῶν
3649 3019 3784 3072 ὐπο-

505 3124 616 3177 tes,
658 3127 784 3182 quae
817 3109 1077 3164 nimirum
1121 3104 1406 3174 superiora
1451 3098 1724 3161 dividant,
1777 3109 1841 3149 ac
1875 3093 2088 3149 consti-

2198 3111 2369 3175 κάτω,
2411 3113 2506 3165 καὶ
2537 3111 2795 3165 εἰδοποιοὶ
2848 3110 2958 3164 τῶν
3021 3110 3387 3164 είδικωτάτων
3435 3109 3614 3175 εἱδῶν,
3661 3127 3786 3162 συν-

507 3212 665 3261 tuant
714 3201 998 3263 inferiora,
1058 3197 1412 3264 formantque
1467 3191 1684 3262 species
1746 3183 2093 3256 specialissi-

509 3311 669 3360 mas;
709 3296 857 3366 ipsas
902 3291 1094 3360 utique
1135 3284 1549 3347 constituendo,
1590 3290 1644 3337 et
1667 3277 1967 3336 dividendo
1996 3291 2095 3330 na-

508 3399 690 3444 turam
739 3401 769 3439 a
815 3393 1032 3439 natura.
1091 3379 1299 3434 Natura
1351 3391 1521 3448 porro
1567 3376 1636 3432 de
1689 3373 2094 3445 spccialissima

503 3477 694 3551 specie
728 3475 936 3529 dicitur
975 3490 988 3526 :
1037 3485 1102 3524 ac
1137 3469 1358 3540 quidem
1403 3466 1536 3538 quid
1591 3464 1860 3527 essentia,
1911 3471 1965 3516 et
1995 3476 2095 3515 na-

512 3585 658 3634 tura,
693 3577 746 3622 et
780 3567 956 3620 forma
991 3563 1083 3629 sit,
1113 3562 1321 3617 dictum
1352 3571 1436 3615 est
1461 3577 1472 3612 :
1500 3557 1632 3628 quid
1666 3558 1794 3612 item
1824 3556 2094 3628 hyposta-

509 3667 611 3730 sis,
643 3670 700 3718 et
730 3659 1104 3720 individuum,
1153 3665 1208 3710 et
1241 3667 1479 3725 persona
1509 3669 1522 3706 :
1552 3650 1687 3722 quid
1728 3651 1894 3705 etiam
1922 3648 2096 3719 enhy-

513 3767 798 3831 postaton,
853 3763 907 3810 et
946 3755 1352 3825 anhypostaton
1391 3767 1404 3804 :
1465 3749 1596 3820 quid
1643 3758 1905 3817 praeterea
1952 3745 2097 3798 inter

515 3850 892 3910 substantiam
920 3855 974 3903 et
1011 3844 1270 3900 accidens
1308 3844 1379 3897 sit
1419 3840 1797 3897 discriminis:
1833 3838 2098 3909 quodque

508 3941 830 4000 substantia
892 3937 1273 3994 accidentibus
1333 3933 1686 4005 praestantior
1743 3933 1834 3996 sit,
1891 3930 2099 4002 quippe

517 4048 642 4088 cum
686 4031 801 4084 hazc
837 4043 998 4084 suum
1041 4042 1166 4082 esse
1215 4028 1268 4079 in
1311 4025 1404 4078 illa
1452 4023 1715 4078 habeant.
1762 4020 1980 4074 Dictum
2014 4026 2099 4074 est

519 4129 744 4194 insuper
778 4121 846 4176 de
870 4120 1046 4192 ipsius
1077 4117 1372 4178 divisione,
1404 4113 1644 4185 quidque
1674 4115 1816 4167 inter
1840 4112 2101 4167 substan-

517 4215 652 4271 tiam
713 4228 777 4268 ac
840 4208 1234 4266 substantiales
1267 4205 1602 4260 differentias
1652 4205 1888 4262 intersit.
1919 4211 1978 4257 ut
2014 4201 2099 4256 ni-

517 4310 718 4363 mirum
751 4303 1061 4360 substantia
1104 4317 1200 4370 per
1233 4314 1327 4354 eas
1379 4298 1670 4352 informata
1709 4305 1913 4352 certam
1972 4311 2094 4366 spe~

517 4401 658 4455 ciem
717 4396 984 4460 absolvat,
1027 4408 1091 4448 ac
1143 4402 1352 4447 certam
1406 4389 1695 4444 contrahat
1751 4390 2098 4460 qualitatem.

513 4492 732 4546 Dictum
768 4501 989 4558 quoque
1020 4493 1105 4541 est
1136 4483 1266 4554 quid
1323 4482 1395 4538 sit
1450 4490 1669 4545 natura,
1718 4481 1849 4551 quid
1907 4481 2104 4545 forma,

520 4584 654 4656 quid
686 4581 1028 4654 hypostasis,
1067 4577 1198 4650 quid
1244 4591 1502 4647 persona,
1535 4573 1668 4645 quid
1715 4573 2061 4629 individuum
2094 4593 2107 4629 :

520 4685 690 4746 utque
719 4689 844 4730 cum
878 4671 1094 4744 profani
1133 4669 1245 4742 49
1289 4676 1542 4724 auctores
1572 4665 1640 4721 de
1674 4666 1744 4720 iis
1773 4669 2110 4734 censuerint,

2199 3203 2426 3258 ιστῶσαι
2456 3203 2615 3270 αὐτὰ,
2632 3205 2726 3258 καὶ
2755 3202 3060 3274 διαιροῦσαι
3084 3202 3245 3272 φύσιν
3261 3202 3366 3256 ἀπὸ
3392 3203 3631 3272 φύσεως.
3651 3203 3788 3256 Ἡδὲ

2198 3296 2358 3366 φύσις
2381 3296 2472 3351 ἐπὶ
2495 3295 2588 3350 τοῦ
2611 3295 2963 3350 είδικωτάτου
2989 3295 3265 3349 τάττεται.
3291 3293 3356 3346 Τί
3385 3294 3484 3364 μὲν
3517 3289 3614 3348 οὖν
3640 3295 3790 3348 ἐστιν

2196 3391 2378 3455 οὐσία,
2395 3390 2486 3443 καὶ
2515 3389 2697 3457 φύσις,
2727 3389 2820 3441 καὶ
2841 3389 3024 3460 μορφὴ
3047 3389 3266 3459 εἴρηται
3291 3404 3305 3418 ’
3349 3388 3441 3442 καὶ
3464 3388 3518 3441 τί
3542 3389 3790 3442 ὑπόστα-

2200 3499 2302 3546 σις,
2341 3482 2433 3535 καὶ
2463 3482 2684 3552 ἄτομον,
2717 3481 2812 3534 καὶ
2839 3480 3152 3550 πρόσωπον,
3213 3480 3576 3534 ἐνυπόστατόν
3605 3499 3667 3534 τε
3698 3481 3792 3534 καὶ

2202 3573 2577 3629 ἀνυπόστατον
2599 3591 2610 3603 ·
2642 3572 2740 3625 καὶ
2769 3572 2850 3635 τίς
2878 3572 3109 3642 διαφορὰ
3154 3571 3341 3635 οὐσίας
3385 3573 3481 3626 καὶ
3513 3574 3794 3644 συμϐεϐη-

2199 3666 2372 3720 κότων
2395 3667 2422 3704 h
2444 3680 2458 3694 '
2490 3666 2586 3718 καὶ
2604 3665 2678 3728 ὼς
2701 3663 3012 3735 κυριωτέρα
3038 3663 3232 3734 ἐστὶνὴ
3259 3664 3417 3717 οὐσία
3441 3663 3549 3718 τῶν
3580 3665 3794 3736 συμϐε-

2198 3758 2465 3827 ϐηκότων,
2491 3756 2566 3821 ὠς
2596 3757 2652 3809 ὲν
2677 3757 2814 3827 αὐτῇ
2846 3756 3078 3826 ἐχόντων
3111 3754 3218 3809 τῶν
3243 3756 3674 3827 συμϐεϐηκότων
3699 3759 3797 3830 τὴν

2200 3850 2454 3922 ὓπαρξιν.
2501 3850 2730 3922 Εἴρηται
2759 3850 2815 3903 δὲ
2859 3849 2952 3903 καὶ
2973 3851 3102 3922 περὶ
3129 3850 3228 3920 τῆς
3259 3850 3578 3920 διαιρέσεως
3602 3852 3795 3921 αὐτῆς,

2199 3945 2293 3997 καὶ
2311 3944 2360 3998 τί
2383 3943 2802 4014 διαφέρειούσία
2829 3942 2936 3996 τῶν
2965 3942 3240 3996 οὐσιωδῶν
3277 3943 3586 4014 διαφορῶνο
3615 3945 3700 3998 ὅτι
3730 3934 3801 3996 δι’

2199 4036 2400 4100 αὐτῶν,
2432 4038 2465 4106 ἡ
2494 4037 2652 4089 οὐσία
2678 4035 3087 4108 είδοποιουμένη
3121 4035 3323 4090 τοιόνδε
3355 4031 3494 4099 εἶδος
3521 4037 3798 4099 ἀποτελεῖ,

2203 4129 2296 4182 καὶ
2321 4128 2496 4183 τοιάδε
2533 4129 2742 4195 γίνεται
2779 4130 2822 4181 i.
2867 4128 3094 4198 Εἴρηται
3121 4128 3177 4182 δὲ
3200 4129 3296 4182 καὶ
3319 4128 3575 4198 τίφύσις,
3619 4131 3716 4182 καί
3752 4126 3801 4182 τί

2206 4217 2407 4290 μορφὴ,
2424 4219 2520 4272 καὶ
2546 4218 2598 4271 τί
2628 4218 2952 4284 ὑπόστασις,
2979 4221 3074 4272 καὶ
3101 4219 3412 4291 πρόσωπον,
3439 4221 3533 4274 καὶ
3557 4221 3766 4292 ἄτομον
3785 4237 3798 4251 ·

2205 4308 2323 4372 πῶς
2360 4325 2420 4360 τε
2454 4310 2504 4361 οί
2532 4307 2637 4373 ἔξω
2682 4310 2811 4381 περὶ
2876 4308 3086 4363 τούτων
3144 4309 3429 4378 ἐδόξασαν,
3475 4312 3572 4365 καὶ
3617 4311 3735 4371 πῶς
3755 4312 3804 4364 oi

2213 4401 2359 4471 ἅγιοι
2386 4401 2648 4473 Πατέρες.
2678 4403 2726 4455 οἱ
2755 4401 2855 4471 τῆς
2878 4402 3158 4471 ἀληθείας,
3185 4403 3280 4456 καὶ
3314 4403 3416 4472 τῆς
3442 4404 3617 4468 ὅντως
3653 4404 3804 4475 φιλο⁸

2219 4496 2408 4564 σοφίας
2438 4495 2679 4567 μαθηταὶ
2728 4496 2826 4549 καὶ
2859 4495 3169 4549 διδάσκαλοι
3212 4497 3631 4572 ώρθοτόμησαν.
3667 4499 3804 4569 Φέρε

2218 4587 2284 4657 δὴ
2309 4587 2403 4641 νῦν
2437 4589 2509 4641 τὰ
2532 4587 2640 4642 ἴδια
2673 4589 2772 4659 τῆς
2807 4589 2998 4654 οὐσίας
3025 4590 3288 4662 εἴπωμεν.

520 4781 635 4826 tum
683 4768 858 4825 sancti
906 4765 1098 4822 Patres
1128 4763 1380 4818 veritatis
1403 4776 1468 4817 ac
1514 4777 1655 4816 vene
1698 4759 2056 4832 philosophiae
2089 4766 2341 4838 discipuli
2370 4767 2576 4836 pariter
2607 4783 2672 4824 ac
2703 4767 2962 4826 doctores
2999 4779 3149 4828 recta
3187 4773 3463 4828 ιειιυρι-ίιιι
3491 4787 3556 4828 ac
3597 4774 3811 4830 docuc.

521 4866 652 4920 rint.
690 4862 804 4934 Age
827 4862 993 4934 igitur
1023 4872 1172 4915 nunc
1201 4873 1324 4928 qua:
1368 4864 1500 4913 sunt
1531 4856 1859 4913 substantia:
1890 4861 2111 4930 propria
2151 4879 2515 4933 exponamus.

1848 5039 2090 5096 VARIE
2132 5043 2431 5100 LECTION
2439 5046 2545 5102 ES.

585 5161 618 5201 ι
657 5157 891 5225 Quidam
920 5154 1082 5210 codd.
1114 5153 1252 5226 πρὸς
1275 5154 1344 5208 τὰ
1372 5154 1780 5226 συμϐεϐηκότα,
1823 5171 1924 5211 nec
1965 5157 2124 5212 male.

2209 5161 2224 5200 ί
2259 5159 2664 5240 Μεδηριυτίηιί,
2687 5167 2838 5240 τοῖον
2863 5162 3001 5232 εἶδος
3041 5169 3319 5239 ἀποτελεῖ,
3343 5173 3438 5227 καὶ
3478 5174 3686 5240 τοιάδε,
3720 5175 3816 5230 καὶ

517 5233 636 5285 τοῖα
661 5229 895 5299 γίνεται.
926 5226 1016 5281 Sic
1050 5232 1207 5281 vetus
1241 5227 1720 5312 interpres,‘talem
1747 5227 1972 5295 speciem
2001 5230 2229 5299 perﬁcit,
2255 5242 2304 5286 et
2344 5226 2490 5298 talis,
2523 5243 2574 5288 et
2619 5236 2746 5291 talis
2779 5238 2861 5304 ﬁt.

2012 5403 2243 5465 NOTAE.

586 5518 702 5588 ('55)
724 5519 1063 5588 Ζωόφυτον.
1100 5519 1438 5589 zoophytum.
1466 5517 1728 5589 Ζωόφυτα
1755 5517 2014 5576 dicuntur
2041 5537 2105 5576 ea

518 5590 720 5660 quibus
741 5591 919 5660 inesse
945 5603 1166 5660 sensum
1191 5588 1396 5655 ferunt,
1419 5605 1560 5658 quae,
1585 5599 1644 5643 ut
1662 5588 1876 5644 Plinius
1909 5592 2104 5645 scribit

519 5657 612 5714 lib.
647 5675 722 5723 Ix,
751 5657 864 5714 Nec
907 5659 1244 5722 animalium,
1277 5675 1369 5714 nec
1419 5660 1700 5730 fruticum,
1761 5661 1851 5716 sed
1889 5662 2100 5715 tertiam

519 5743 584 5785 ea:
612 5738 830 5800 utroque
861 5739 1108 5784 naturam
1133 5730 1343 5798 habent,
1381 5731 1571 5787 urticae
1607 5740 1739 5802 puta
1783 5733 2008 5788 marinze
2040 5741 2095 5788 et

2215 5528 2478 5610 spongiae.
2514 5529 2806 5610 Nemesius
2831 5548 2954 5610 cap.
2989 5535 3152 5610 1,οε
3181 5545 3294 5594 nat.
3328 5537 3469 5610 hom.
3496 5554 3560 5594 ex
3595 5541 3820 5596 Aristo-

2215 5600 2320 5684 tele
2346 5599 2447 5684 lib.
2469 5618 2561 5657 vni
2589 5601 2664 5684 De
2693 5603 2820 5684 hist.
2850 5599 3100 5674 animat”
3129 5622 3255 5680 cap.
3300 5611 3351 5676 1,
3381 5609 3467 5667 his
3491 5611 3655 5666 addit
3699 5614 3821 5684 pin-

2211 5683 2334 5736 nas,
2366 5680 2602 5742 ostreas,
2639 5681 2830 5733 ιθειεε.
