3962 6320
210 305 283 371 6ῖί
295 302 315 364 l

1617 302 1745 366 DIA
1758 306 1939 369 [ΕΘΓ
1949 308 2087 368 ΙΟᾹ.

3400 311 3505 373 622

288 437 451 490 nam
491 434 591 507 τῆς
629 432 847 499 οὐσίας,
898 434 958 486 τὸ
1004 433 1079 506 μὴ
1129 437 1185 488 ἐν
1236 436 1584 507 ὑποκειμένῳ
1635 434 1795 493 εἶναι.

1980 417 2268 488 Proprium
2303 420 2624 474 substantiae
2658 430 2764 481 est,
2816 434 2924 474 non
2958 436 3077 475 esse
3110 420 3166 476 in
3224 422 3499 492 subjecto.

208 531 364 601 Δῦτη
388 529 500 601 γὰρ
532 528 736 598 μᾶλλον
762 526 1055 581 ὑπόκειται
1106 530 1220 591 τοῖς
1269 528 1677 599 συμϐεϐηκόσιν
1723 532 1802 594 εἰς

208 624 273 677 τὸ
298 618 463 681 εἶναι.
489 623 585 674 καὶ
608 619 731 691 οὐχὶ
771 618 915 689 αῦτη
940 621 998 671 ὲν
1025 620 1196 690 ἑτέρῳ
1225 620 1339 691 ἔχει
1392 621 1491 693 τὴν
1545 620 1801 693 ὓπαρξιν.

209 714 385 769 Τοῦτο
409 714 465 767 δὲ
495 712 624 765 ἴδιον
669 711 765 765 καὶ
795 711 904 764 τῶν
946 712 1221 765 οὖσιωδῶν
1260 712 1535 783 διαφορῶν
1569 714 1707 769 ἐστι.
1734 714 1807 767 Τὸ

210 808 323 876 γὰρ
348 808 407 858 ὲν
436 803 817 873 ὑποκειμένῳ,
850 802 976 855 οὔτε
1036 800 1213 873 παρὸν
1269 802 1455 868 σώζει,
1503 802 1629 856 οὔτε
1670 804 1808 859 ἀπὸν

211 898 447 968 φθείρει.
480 895 572 949 Διὸ
593 895 714 948 οὐδὲ
741 895 800 947 ὲν
833 892 913 964 τῷ
941 894 1160 966 ὁρισμῷ
1189 892 1526 966 λαμϐάνεται
1553 912 1566 925 ο
1602 896 1808 967 συμϐε-

209 990 385 1059 ϐηκὸς
414 988 526 1058 γὰρ
560 987 783 1049 πάντως
811 986 959 1040 ἐστίν
994 1002 1008 1016 ’
1037 987 1174 1040 αἰδὲ
1201 985 1489 1052 οὑσιώδεις
1547 988 1808 1061 διαφοραὶ

208 1083 315 1137 οὐκ
334 1082 441 1135 etot
480 1078 891 1152 συμϐεϐηκότα.
924 1078 1037 1134 Καὶ
1069 1079 1345 1150 παροῦσαι
1375 1081 1487 1151 γὰρ
1544 1080 1804 1147 σώζουσι,

209 1174 312 1228 καὶ⁸
374 1172 613 1227 ἀπιοῦσαι
656 1171 670 1222 ι
726 1171 1030 1243 φθείρουσι.
1071 1172 1163 1226 Διὸ
1217 1172 1312 1227 καὶ
1347 1173 1405 1227 ὲν
1454 1174 1531 1244 τῷ
1593 1174 1809 1246 ὁρισμῷ

208 1268 279 1322 λα
289 1265 612 1337 μϐἀνονται.

284 1439 450 1492 Ἰδιον
479 1439 557 1501 δὲ,
584 1439 681 1493 καὶ
709 1439 772 1493 τὸ
795 1439 1132 1512 συνωνύμως
1154 1444 1613 1515 κατηγορεῖσθαι,
1637 1446 1806 1516 ἧγουν

211 1531 565 1603 μεταδιδόναι
592 1531 688 1584 τοῦ
732 1532 1022 1603 ὀνόματος,
1058 1534 1276 1589 καὶτοῦ
1333 1536 1592 1607 ὁρισμοῦ,
1621 1538 1718 1593 καὶ
1751 1538 1811 1591 τὺ

212 1624 293 1696 μὴ
308 1624 455 1693 ἔχειν
485 1642 538 1677 τι
565 1623 828 1678 ἐναντίον.
858 1624 949 1695 Τῷ
980 1625 1088 1697 γὰρ
1118 1625 1270 1699 λίθῳ,
1299 1628 1466 1698 ἤγουν
1492 1628 1627 1700 αὐτῇ
1654 1629 1811 1700 οὐσίᾳ

204 1715 307 1769 τοῦ
349 1716 524 1781 λίθου,
576 1715 726 1769 οὐδὲν
785 1717 1027 1770 ἐναντίον
1061 1734 1074 1745 ’
1124 1721 1218 1771 καὶ
1252 1718 1313 1772 τὸ
1349 1721 1424 1791 μὴ
1459 1720 1805 1790 ἐπιδέχεσθαι

206 1808 272 1861 τὸ
303 1808 505 1877 μᾶλλον
538 1807 634 1861 καὶ
661 1808 723 1861 τὸ
750 1803 934 1880 ἦττον.
985 1807 1158 1862 Τοῦτο
1187 1809 1244 1861 δὲ
1272 1811 1366 1863 καὶ
1392 1810 1502 1863 τῶν
1530 1811 1806 1864 οὑσιωδῶν

210 1898 490 1969 διαφορῶν
508 1900 657 1952 ἐστιν
680 1900 831 1953 ίδιον.
848 1898 980 1951 Οὐδὲ
1007 1900 1119 1969 γάρ
1144 1900 1292 1952 ἐστιν
1316 1901 1344 1953 ὁ
1368 1900 1464 1955 ἄνθ
1474 1918 1655 1971 ρωπος
1675 1901 1809 1971 μᾶλ-

213 1988 307 2043 λον
336 1990 430 2042 τοῦ
461 1990 630 2043 ἵππου
667 1990 846 2054 οὐσία,
880 1990 912 2059 ἢ
946 1988 1088 2053 ζῶον
1121 2006 1135 2021 ·
1168 1990 1291 2044 οὐδὲ
1329 1993 1358 2044 ό
1381 1992 1552 2057 ἵππος
1601 1993 1805 2062 μᾶλλον

206 2078 306 2132 τοῦ
334 2078 647 2144 ἀνθρώπου.
673 2080 782 2132 Καὶ
804 2079 864 2131 τὸ
884 2078 993 2131 τῶν
1050 2079 1312 2132 ἐναντίων
1349 2076 1489 2134 εἶναι
1544 2081 1797 2135 δεκτικὸν

217 2170 515 2240 ἀναμέρος,
551 2170 613 2223 οὐ
641 2170 764 2223 καθ’
815 2169 1049 2241 αὐτὴνι,
1084 2171 1222 2225 ἀλλὰ
1254 2171 1396 2225 κατὰ
1443 2171 1543 2243 τὴν
1603 2174 1803 2245 ἑαυτῆς

208 2262 535 2334 μεταϐολήν.
600 2263 890 2317 Ἐναντίων
954 2263 1013 2316 δὲ
1064 2262 1242 2331 λέγω,
1308 2265 1739 2336 συμϐεϐηκότων
1782 2308 1799 2334 ,

203 2354 329 2408 ἐπεὶ
362 2356 638 2410 οὑσιωδῶν
673 2356 714 2423 ι,
747 2356 1020 2427 οὐδαμῶς.
1044 2355 1119 2409 Τὸ
1151 2357 1261 2428 γὰρ
1304 2356 1523 2426 λογικὸν
1548 2359 1647 2411 οὐκ
1673 2360 1797 2412 ὲπι-

201 2447 429 2518 δέχεται
469 2448 531 2502 τὸ
580 2449 795 2518 ἄλογον.
845 2450 920 2501 Τὸ
965 2448 1024 2501 δὲ
1087 2450 1247 2521 σῶμα
1288 2451 1666 2524 θερμαίνεται,
1708 2451 1801 2504 καὶ

207 2538 687 2609 μεταϐαλλόμενον
721 2540 957 2610 ψύχεται
991 2556 1005 2570 ·
1060 2543 1155 2593 και
1202 2541 1373 2613 ψυχὴ,
1410 2541 1545 2595 ποτὲ
1582 2542 1682 2613 μὲν
1711 2541 1798 2594 δέ·

205 2647 366 2701 χεται
398 2633 623 2701 ἀρετὴν,
649 2633 781 2688 ποτὲ
812 2632 868 2685 δὲ
900 2631 992 2684 καὶ
1032 2632 1251 2686 κακίαν.

1909 510 2046 564 Nam
2083 511 2198 579 ipsa
2253 511 2434 580 potius
2487 511 2868 567 accidentibus
2925 514 3241 583 subjicitur,
3296 527 3355 572 ιιι
3386 519 3504 572 exi-

1912 613 2101 670 stant;
2145 621 2208 659 ac
2251 619 2358 658 non
2412 604 2526 674 ipsa
2582 607 2636 658 in
2701 608 2813 659 alio
2848 621 2970 661 esse
3029 609 3264 664 obtinet.
3327 610 3505 680 Atque

1910 698 2197 768 proprium
2252 699 2380 761 hoc,
2436 697 2503 751 ad
2540 698 2935 752 substantiales
2991 714 3212 770 qquuc
3246 699 3504 756 differen-

1912 791 2015 846 tias
2052 790 2310 861 pertinet.
2348 789 2482 844 Nam
2510 790 2657 861 quod
2705 801 2790 846 est
2838 791 2892 844 in
2929 791 3202 861 subjecto,
3242 810 3343 850 nec
3375 812 3500 850 cum

1912 883 2065 938 adest
2095 882 2228 937 illud
2264 890 2469 948 servat,
2506 896 2608 936 nec
2638 881 2909 935 interimit
2940 898 3066 936 cum
3114 886 3307 941 abest:
3352 887 3502 942 unde

1910 990 2013 1030 nec
2039 976 2345 1031 assumitur
2372 976 2426 1029 in
2465 974 2788 1030 deﬁnitione
2819 975 3090 1043 (omnino
3118 979 3322 1047 quippe
3358 979 3501 1031 acci-

1911 1068 2049 1124 dens
2098 1072 2239 1139 est).
2290 1069 2361 1123 At
2410 1067 2735 1124 ditl‘erentiae
2794 1069 3217 1135 substantiales,
3276 1071 3503 1127 minime

1912 1160 2157 1228 gentium
2199 1159 2506 1214 accidentia
2560 1167 2735 1213 sunt:
2787 1168 2953 1229 atque
3009 1171 3063 1214 et
3112 1176 3237 1216 cum
3302 1162 3503 1215 adsunt

1912 1263 2242 1307 conservant
2275 1252 2610 1321 subjectum.
2645 1261 2701 1306 et
2744 1267 2868 1304 cum
2906 1253 3128 1312 absunt.
3184 1255 3496 1323 perimunt:

1911 1358 2023 1413 quo
2059 1343 2224 1397 etiam
2256 1343 2482 1397 nomine
2512 1352 2877 1398 assumuntur
2916 1344 2969 1397 in
3008 1344 3358 1401 deﬁnitione.

1984 1433 2119 1488 Illud
2154 1435 2320 1488 etiam
2362 1435 2693 1492 substantia:
2733 1437 3016 1506 proprium
3049 1446 3156 1495 est,
3194 1438 3338 1507 quod
3372 1438 3499 1491 uui-

1912 1542 2047 1582 voce
2093 1526 2463 1597 praedicetur;
2512 1528 2615 1584 hoc
2647 1540 2751 1593 est,
2783 1539 2838 1584 et
2884 1545 3105 1591 nomen.
3146 1540 3196 1584 et
3224 1531 3502 1586 deﬁnitio-

1913 1634 2037 1674 nem
2074 1620 2337 1690 impertit.
2376 1619 2530 1680 item,
2571 1623 2715 1689 quod
2757 1625 3099 1675 contrarium
3133 1638 3243 1676 non
3274 1624 3494 1679 habeat.

1912 1708 2048 1763 Nam
2096 1710 2280 1779 lapidi,
2316 1712 2419 1765 hoc
2452 1722 2554 1772 est,
2588 1713 2784 1781 lapidis
2834 1716 3156 1770 substantizc
3185 1717 3320 1770 nihil
3354 1732 3491 1771 con-

1912 1802 2143 1856 trarium
2194 1810 2299 1857 est.
2352 1802 2492 1858 lllud
2529 1812 2811 1875 prteterca,
2855 1806 3002 1876 quod
3037 1823 3136 1862 nec
3169 1808 3365 1878 magis,
3398 1826 3498 1863 nec

1911 1895 2097 1949 minus
2150 1895 2414 1966 recipiat;
2461 1897 2610 1966 quod
2663 1898 2828 1951 etiam
2882 1898 3317 1955 differentiarum
3366 1901 3499 1955 sub-

1910 1986 2257 2041 stantialium
2301 1992 2587 2059 proprium
2624 1998 2727 2044 est.
2760 1988 2871 2044 Nec
2920 1992 3065 2045 enim
3104 1993 3266 2046 homo
3319 1994 3496 2061 magis

1916 2087 2002 2133 est
2051 2079 2381 2147 substantia,
2413 2089 2506 2134 aut
2536 2081 2760 2146 animal,
2796 2097 2958 2152 quam
2989 2078 3164 2153 equits
3195 2103 3208 2149 ;
3240 2100 3342 2137 nec
3376 2100 3497 2137 rur-

1914 2186 2080 2234 sum,
2133 2186 2312 2241 equus
2351 2173 2526 2243 magis
2581 2188 2747 2242 quam
2795 2174 2979 2229 homo.
3043 2174 3179 2231 lllud
3235 2177 3493 2246 denique,

1908 2263 2051 2333 quod
2085 2262 2158 2318 sit
2194 2279 2366 2334 capax
2396 2266 2843 2332 contrariorum,
2882 2266 3046 2337 idque
3089 2268 3311 2323 divisim
3333 2308 3347 2331 ,
3379 2284 3487 2320 non

1908 2356 2211 2410 secundum
2258 2357 2423 2420 idem,
2469 2357 2564 2413 sed
2617 2374 2714 2428 per
2763 2359 2850 2415 sui
2903 2358 3284 2415 mutationem.
3343 2360 3494 2413 Con-

1914 2449 2087 2503 traria
2126 2457 2309 2504 autem
2352 2451 2477 2506 dico
2506 2451 2815 2506 accidentia
2848 2467 2862 2505 :
2908 2467 3009 2507 nec
3059 2453 3203 2507 enim
3241 2451 3495 2506 substan-

1909 2542 2120 2596 tialium
2147 2558 2321 2614 capax
2352 2553 2457 2600 est.
2492 2543 2649 2610 Quod
2686 2560 2922 2615 namque
2947 2544 3179 2599 rationis
3214 2545 3490 2613 particeps

1908 2644 2012 2700 est,
2072 2649 2183 2690 non
2232 2635 2474 2691 admittit
2521 2638 2682 2703 illud,
2740 2639 2885 2708 quod
2942 2638 3155 2692 ratione
3199 2643 3391 2691 caret:
3434 2643 3489 2688 at

202 2743 417 2799 corpus
474 2730 722 2794 calescit,
771 2738 824 2784 et
874 2746 969 2802 per
1003 2731 1364 2786 mutationem
1399 2730 1677 2802 frigescit;
1712 2739 1877 2802 atque
1909 2730 2091 2785 anima
2152 2747 2552 2805 nonnunquam
2621 2736 2902 2799 virtutem,
2970 2748 3368 2803 nonnunquam
3439 2740 3493 2788 et

199 2821 405 2875 vitium
445 2821 703 2892 suscipit.

803 2916 1053 2972 ΚΕΦᾹΛ.
1079 2916 1221 2972 MH'.

2497 2917 2653 2971 CAP.
2692 2915 2923 2971 XLVIII.

202 3010 347 3086 'Ett_
369 3008 501 3076 περὶ
532 3006 1136 3087 τῶνριίογενῶτᾳκαὶ
1163 3010 1472 3087 όμρειγδῶν,
1535 3013 1794 3087 ἑτερογε-

1909 3005 2109 3063 Ilerum
2144 3013 2206 3064 de
2234 3011 2566 3079 homogeneis
2609 3021 2657 3064 et
2705 3010 3018 3087 homoideis,
3045 3009 3229 3087 neque
3283 3010 3490 3087 Izclerq~

269 3078 398 3153 νῶν
422 3095 514 3153 Δτις
572 3080 674 3153 καί
708 3078 1095 3149 ⁷ἐτεροιιιδιῖιν,
1156 3078 1254 3136 καὶ
1304 3078 1792 3153 «momentum

270 3149 371 3203 καὶ
401 3149 628 3219 ἀριθμῷ
647 3150 1078 3221 διαφερόντων.

278 3240 555 3310 Ὅμογενῆ
608 3243 769 3304 εἰσιν,
802 3243 905 3296 ὅσα
944 3241 1051 3296 ὑπὸ
1080 3242 1182 3312 τὴν
1236 3242 1407 3313 αὐτὴν
1461 3243 1797 3313 κατηγορίαν

194 3332 495 3387 τάσσονται
524 3348 538 3361 ⁸
578 3328 717 3399 οἷον,
772 3334 872 3387 ὅσα
919 3333 1023 3387 ὑπὸ
1064 3333 1166 3402 τὴν
1199 3333 1391 3387 οὐσίαν
1421 3352 1432 3364 ο
1467 3333 1670 3402 ὁμοίως
1701 3332 1795 3385 καὶ

193 3424 291 3478 ἐπὶ
322 3424 431 3476 τῶν
471 3424 650 3477 ἄλλων
680 3425 838 3478 ἐννέα
887 3424 1259 3497 κατηγοριῶν.
1293 3426 1385 3477 Δεῖ
1418 3424 1527 3495 γὰρ
1557 3433 1596 3460 ω
1632 3423 1795 3491 γινώ-

196 3532 372 3580 σκειν,
404 3515 483 3578 ὡς
502 3516 637 3569 δέκα
684 3516 822 3569 εἰσιν
864 3517 919 3569 αξ
954 3518 1125 3571 πᾶσαι
1175 3515 1525 3586 κατηγορίαι,
1562 3516 1682 3586 ἦτοι
1720 3514 1788 3568 τὰ

193 3606 546 3674 γενικώτατα
604 3608 761 3677 γένη,
803 3608 892 3675 ὑφ’
921 3606 987 3671 ἃς
1040 3607 1381 3678 ἀναφέρεται
1430 3609 1582 3660 πᾶσα
1641 3606 1794 3677 φωνὴ

194 3698 387 3762 ἁπλῶς
442 3700 734 3771 λεγομένη.
792 3702 915 3756 Εἰσὶ
958 3702 1015 3756 δὲ
1065 3694 1227 3757 αὗται
1255 3718 1268 3732 ·
1318 3707 1389 3765 α’,
1433 3701 1624 3754 οὐσία·
1658 3696 1789 3763 οἷον,

193 3790 342 3854 λίθος
368 3807 383 3820 ·
420 3791 490 3861 β’,
528 3794 705 3847 ποσόν
728 3811 743 3824 ·
776 3789 907 3860 οἷον,
944 3795 1058 3861 δύο,
1087 3796 1242 3865 cpia“
1266 3801 1337 3863 γ’,
1369 3794 1506 3864 πρός
1532 3811 1582 3846 τι
1608 3810 1621 3821 ·
1656 3790 1790 3856 οἷον,

195 3882 405 3953 πατὴρ,
438 3882 551 3947 υἱός
572 3898 585 3909 ·
614 3883 676 3951 δ’,
706 3887 886 3938 ποῖον’
916 3880 1049 3951 οἷον,
1072 3885 1286 3949 λευκὸν,
1314 3885 1482 3955 μέλαν
1507 3900 1519 3913 ⁸
1547 3885 1610 3948 ε’,
1647 3883 1750 3936 ποῦ
1773 3901 1789 3916 ο

191 3968 339 4039 οἷον,
370 3977 430 4027 ὲν
456 3974 736 4045 Δαμασκῷ
764 3986 817 4039 η,
850 3974 1009 4029 τοῦτο
1039 3976 1096 4029 δὲ
1130 3977 1300 4029 τόπου
1330 3978 1446 4029 ἐστὶ
1473 3975 1786 4047 δηλωτικόν

195 4066 270 4131 ς’,
296 4068 428 4121 πότε
451 4086 465 4098 ·
499 4068 645 4138 χθὲς,
669 4068 857 4139 αὔριον
874 4087 887 4100 ·
917 4068 1073 4123 τοῦτο
1097 4069 1289 4141 χρόνου
1310 4072 1427 4123 ἐστὶ
1453 4069 1753 4140 δηλωτικόν
1772 4086 1784 4099 ·

193 4159 260 4225 ζ’,
310 4161 456 4230 ἔχειν
484 4176 498 4189 ³
548 4155 660 4214 οἷον
684 4202 699 4227 ,
738 4162 954 4231 ἱμάτιον
1011 4164 1201 4234 φέρειν
1223 4181 1236 4194 ·
1267 4171 1339 4234 η’,
1374 4164 1585 4217 κεῖσθαι
1616 4181 1629 4194 ·
1679 4160 1789 4218 οἷον

192 4250 448 4305 ἵστασθαι
469 4292 485 4313 ,
537 4253 866 4319 καθέζεσθαι
890 4271 903 4284 ·
938 4252 981 4307 θ’
1004 4295 1018 4320 ,
1052 4258 1259 4309 ποιεῖν’
1302 4251 1415 4309 οἷον
1442 4295 1456 4320 ,
1487 4258 1662 4310 καίειν
1688 4274 1701 4288 ο
1733 4256 1783 4323 ι’,

192 4345 426 4414 πάσχειν
458 4361 476 4379 ⁸
505 4341 637 4408 οἷον,
668 4346 946 4399 καίεσθαι.

270 4437 597 4507 Ἐτερογενῆ
626 4438 683 4490 δέ
708 4439 868 4501 εἰσιν,
909 4439 1012 4492 ὅσα
1063 4441 1155 4494 ὑπ’
1206 4441 1375 4513 ἄλλην
1435 4442 1778 4511 κατηγορίαν

192 4528 293 4579 εἰσί
315 4544 328 4557 ο
363 4529 462 4579 καὶ
495 4529 736 4599 ὁμογενῆ
766 4531 865 4601 μὲν
890 4533 919 4584 ὁ
941 4531 1235 4603 ἄνθρωπος
1266 4534 1360 4586 καὶ
1419 4534 1603 4597 ἵππος.
1646 4535 1783 4588 Ὑπὸ

1967 3084 2141 3151 ςεηεὶε
2181 3091 2230 3135 ει
2271 3082 2623 3143 Itetcroideis;
2682 3097 2877 3134 necnon
2923 3080 2988 3132 de
3036 3080 3487 3150 homohyposlatt‘s

1969 3170 2036 3205 ac
2069 3154 2134 3205 de
2164 3169 2383 3206 numero
2414 3151 2805 3221 (li/ferentibus.

1970 3244 2318 3313 Hontogeuea
2346 3250 2495 3306 sunt,
2528 3258 2651 3310 qua:
2698 3242 2804 3296 sub
2836 3241 3029 3297 eodem
3059 3240 3487 3308 pru'dicamento

1896 3336 2272 3395 collocantur,
2307 3341 2365 3385 ut
2406 3333 2591 3387 omnia
2622 3347 2748 3400 qua:
2796 3332 2900 3385 sub
2944 3330 3255 3386 substantia
3296 3332 3482 3384 conti-

1894 3435 2100 3480 nentur
2130 3442 2142 3477 :
2177 3422 2486 3491 eodemque
2518 3422 2683 3476 modo
2717 3422 2770 3474 in
2815 3421 2943 3476 aliis
2976 3435 3169 3475 novem
3215 3421 3488 3490 praedii-a~

1895 3516 2122 3570 mentis.
2168 3514 2465 3569 Sciendum
2519 3520 2607 3568 est
2652 3513 2800 3568 enim
2856 3526 2979 3568 esse
3024 3511 3253 3567 omnino
3292 3510 3482 3565 decem

1894 3610 2367 3679 pmdicamcnta;
2415 3609 2518 3661 hoc
2573 3615 2658 3661 est
2725 3604 3199 3661 universalissitua
3252 3619 3478 3674 genera,

1894 3702 1961 3756 ad
1999 3717 2122 3772 qua!
2157 3718 2258 3755 vox
2305 3702 2487 3753 omnis
2537 3698 2771 3769 simplex
2818 3698 3076 3754 refertur.
3123 3696 3259 3751 Sunt
3299 3706 3480 3751 autem

1896 3796 2012 3850 haec
2042 3813 2055 3847 ε
2082 3796 2130 3847 Ι.
2170 3794 2505 3852 substantia,
2533 3799 2594 3844 ut
2625 3791 2762 3860 lapis
2790 3807 2803 3855 ;
2832 3790 2885 3843 ‘2.
2920 3790 3221 3859 quantitas,
3254 3796 3312 3842 ιιι
3346 3789 3477 3852 duo,

1894 3889 2040 3947 tria;
2074 3888 2129 3941 5.
2163 3886 2228 3940 ad
2271 3883 2506 3953 aliquid,
2542 3891 2601 3936 ut
2636 3892 2813 3952 pater,
2872 3883 3054 3948 ﬁlius;
3098 3882 3152 3935 4.
3190 3883 3431 3952 qualitas
3460 3922 3475 3943 .

1895 3989 1951 4033 ιιι
1981 3979 2194 4043 album,
2245 3977 2498 4047 nigrum;
2546 3975 2601 4029 5.
2638 3974 2751 4038 ubi,
2806 3983 2867 4028 ιιι
2914 3973 3167 4028 Damasci
3199 3992 3212 4027 :
3248 3975 3350 4028 hoc
3380 3988 3479 4027 au-

1894 4079 2000 4123 tem
2037 4072 2312 4140 signiﬁcat
2362 4070 2578 4130 locum;
2632 4067 2687 4121 6.
2740 4066 2985 4137 quando,
3034 4075 3094 4121 ιιι
3129 4066 3272 4129 beri,
3300 4082 3471 4121 cras:

1891 4161 2038 4230 quod
2083 4162 2302 4229 quidem
2354 4168 2573 4229 tempus
2621 4158 2947 4223 indieat;7.
2993 4158 3216 4217 habere,
3269 4166 3327 4210 ιιι
3382 4174 3477 4212 ve-

1890 4264 2027 4307 stem
2063 4252 2242 4319 ferre;
2297 4254 2350 4308 8.
2402 4253 2570 4307 situm
2628 4266 2774 4314 esse,
2829 4259 2889 4304 ιιι
2944 4261 3112 4315 stare,
3146 4249 3370 4311 sedere;
3418 4250 3470 4303 9.

1816 4384 1858 4437 Β
1890 4361 2073 4416 agere,
2109 4357 2168 4400 ιιι
2197 4361 2388 4407 nrt-re;
2430 4344 2514 4398 10.
2548 4345 2682 4414 pati,
2716 4353 2775 4396 ut
2814 4343 2924 4396 uri.

1959 4438 2335 4507 lleterngenea
2372 4453 2539 4508 porro
2586 4446 2735 4500 sunt,
2771 4452 2891 4505 qua:
2949 4436 3053 4490 sub
3111 4435 3223 4489 alio
3265 4440 3319 4488 et
3362 4433 3472 4487 alio

1886 4532 2322 4601 prazdicauiento
2350 4531 2732 4584 continentur.
2769 4529 2947 4596 Atque
2983 4529 3318 4596 liontogcnea
3349 4528 3472 4594 qui-

191 4620 284 4689 τὴν
340 4620 532 4674 οὐσίαν
597 4622 706 4692 γάρ
770 4626 910 4677 εἰσιν
970 4625 1281 4697 ἀμφότερα.
1327 4627 1650 4698 Ἐτερογενῆ
1670 4628 1781 4683 δὲό

1909 4626 2004 4678 lem
2059 4632 2189 4677 sunt
2222 4624 2385 4677 homo
2425 4631 2478 4674 et
2527 4638 2751 4691 equus;
2803 4637 2927 4674 nam
2990 4620 3153 4675 ambo
3196 4620 3299 4674 sub
3333 4618 3467 4673 snli-

192 4710 477 4782 ἅνθρωπος
513 4712 607 4767 καὶ
632 4715 937 4787 ἐπιστήμη.
981 4717 1039 4769 '0
1076 4716 1174 4786 μὲν
1207 4716 1317 4787 γὰρ
1350 4717 1641 4789 ἄνθρωπος
1672 4721 1778 4773 ὑπὸ

192 4799 284 4870 τὴν
334 4802 527 4855 οὐσίαν
592 4804 740 4858 ἐστίν
778 4823 792 4837 ·
851 4809 882 4877 ή
950 4808 1232 4878 ἐπιστήμη
1295 4808 1400 4861 ὑπὸ
1455 4809 1557 4880 τὴν
1621 4811 1774 4864 ποιό-

194 4908 345 4947 τῑτα.

244 4936 520 5059 ⁸Ὀμοειδῆ
555 4990 715 5055 εἰσιν,
743 4990 847 5045 ὃσα
882 4992 986 5045 ὑπὸ
1028 4992 1091 5046 τὸ
1139 4992 1273 5046 αὐτὸ
1309 4990 1447 5057 εἶδος
1486 4995 1774 5049 τάσσονται

196 5076 281 5128 καὶ
309 5080 629 5134 κοινωνοῦσι
658 5082 736 5153 τῷ
779 5082 923 5155 λόγῳ
949 5084 1047 5155 τῆς
1079 5085 1271 5149 οὐσίας
1309 5103 1323 5117 ·
1363 5082 1497 5151 οἷον,
1539 5088 1768 5159 Πέτρος,

196 5169 282 5219 καὶ
304 5171 515 5237 Παῦλος
538 5191 551 5204 '
585 5175 894 5249 ἀμφότεροι
924 5178 1015 5248 ὑφ’
1038 5178 1096 5231 ἓν
1120 5174 1265 5242 εἶδός
1299 5181 1429 5244 εἰσι,
1469 5182 1532 5234 τὸ
1553 5181 1648 5235 τοῦ
1677 5183 1774 5236 ἀν-

1880 4718 2084 4771 stantia
2146 4724 2320 4771 sunt:
2377 4716 2745 4785 heterogenca
2808 4724 3030 4778 autem;
3077 4721 3137 4767 ut
3189 4712 3351 4765 homo
3411 4720 3466 4764 et

1876 4808 2109 4863 scientia
2153 4822 2168 4860 :
2209 4824 2335 4860 nam
2377 4808 2540 4861 homo
2574 4809 2677 4862 sub
2718 4807 3022 4862 substantia
3066 4813 3187 4870 est;
3233 4804 3465 4859 scientia

1878 4912 2060 4957 autem
2096 4901 2204 4956 sub
2243 4902 2531 4969 qualitate.

1954 4995 2062 5065 5o
2093 4993 2391 5048 llomoidea
2426 5007 2619 5047 rursus
2654 4999 2805 5053 sunt,
2839 5006 2960 5060 quae
2988 4989 3091 5044 sub
3111 4987 3301 5043 eadem
3339 5004 3465 5059 spe-

1878 5089 1962 5143 cie
2008 5091 2282 5151 locantur,
2321 5102 2385 5140 ac
2435 5086 2690 5140 essentia:
2736 5085 2951 5139 ratione
3000 5086 3143 5139 inter
3170 5097 3230 5137 se
3259 5096 3464 5135 convc-

1878 5185 2057 5245 niunt,
2093 5190 2150 5236 ut
2182 5180 2383 5236 Petrus
2435 5188 2490 5234 et
2520 5179 2747 5234 Paulus.
2802 5180 2982 5233 Ambo
3028 5178 3175 5233 enim
3214 5176 3317 5231 sub
3369 5188 3465 5227 ea-

196 5256 402 5328 θρὼπου
435 5282 448 5294 ⁸
476 5267 757 5340 ἑτεροειδῆ
785 5269 845 5322 δέ
872 5272 1032 5336 εἰσιν,
1067 5272 1170 5326 ὅσα
1206 5271 1284 5341 τῷ
1318 5273 1449 5325 εῖδει
1484 5272 1774 5345 διαφέρου-

1915 5290 1998 5328 em
2038 5275 2280 5330 hominis
2320 5274 2506 5346 specie
2540 5281 2689 5329 sunt.
2732 5270 3059 5328 Heteroidea
3091 5277 3310 5332 autem,
3341 5280 3464 5339 qua:

1436 5415 1672 5472 VARle
1732 5416 2143 5474 LECTIONES.

260 5510 300 5593 ἱ.
318 5517 465 5593 Εᾴἰι.
504 5521 770 5593 παρόντα.
812 5566 825 5579 .

195 5586 301 5638 κατ’
334 5590 487 5643 αὐτό.

854 5566 867 5580 .
904 5566 919 5580 .
958 5567 970 5581 .
1016 5528 1228 5583 ἀπόντα
1253 5529 1455 5599 quibus
1489 5532 1846 5587 consentiunt
1881 5533 2130 5587 nonnulli
2168 5532 2411 5587 codices.
2490 5531 2517 5570 ιι
2554 5530 2658 5583 Alii
2692 5528 2833 5582 κατὰ
2874 5527 3093 5582 ταύτόν.
3124 5526 3259 5597 Reg.
3293 5527 3462 5590 2925i,

605 5591 620 5630 ¹
650 5593 807 5649 Edita
831 5598 1202 5663 ἐπουσιωδῶν,
1236 5591 1333 5655 sed
1378 5600 1541 5665 falso,
1574 5604 1675 5657 etsi
1713 5602 1933 5659 faveant
1956 5604 2177 5660 codices
2208 5603 2479 5657 nonnulli.
2514 5601 2651 5655 Cod.
2701 5599 2760 5654 S.

2816 5600 2925 5655 ιιῑι.
2968 5599 3173 5667 aliique
3234 5600 3464 5661 habent,

194 5654 276 5745 ξῗὶ
300 5659 596 5727 οὖσιωδῶνς
622 5680 832 5745 εκκίῖξξθ
860 5669 1148 5745 Ιςεςιιιιιιιιι
1182 5654 1363 5745 tiatur,
1403 5654 1541 5745 ἐπεί
1560 5654 1833 5726 οϋύσιωδῶν
1862 5693 1874 5704 ·
1902 5677 2045 5729 unde
2075 5676 2163 5729 alii
2192 5674 2524 5745 interpretes
2561 5673 3019 5745 verterunt,_qnia
3052 5654 3468 5745 substantiulcm

195 5739 531 5799 nequaquam.
612 5746 649 5773 ιη
681 5736 835 5791 Colb.
873 5736 955 5791 δεῖ
982 5741 1058 5792 δέ.

1138 5752 1163 5778 η
1200 5742 1356 5796 Coll).
1393 5744 1543 5798 addit
1587 5760 1599 5794 :
1657 5747 1715 5796 ἐν
1760 5745 1941 5815 Τύρῳ.
1980 5746 2069 5801 Sic
2116 5757 2273 5801 vetus
2318 5741 2630 5814 interpres,
2676 5753 2731 5795 tt!
2780 5744 2829 5797 in
2868 5742 3009 5812 Tyro
3056 5743 3111 5794 in
3174 5741 3472 5794 Damasw.
