3962 6320
487 329 616 395 ’623

1700 322 1762 382 S.
1797 317 2119 382 JOANNIS
2152 314 2584 380 DAMASCENI

3658 330 3758 397 621

509 442 718 515 specie,
779 440 885 495 hoc
942 445 1028 494 est
1077 436 1334 494 essentia
1384 437 1618 504 ratione,
1676 434 1971 496 dissident,
2026 437 2087 485 ut

2214 446 2299 494 rw,
2349 431 2520 502 ἤγουν
2553 432 2632 504 τῷ
2680 433 2826 506 λόγῳ
2873 435 2972 506 τῆς
3017 435 3242 502 οὐσίας·
3275 436 3410 507 οἷον,
3459 439 3761 515 ἄνθρωπος,

463 559 482 574 ~
512 535 679 589 homo
727 538 784 588 et
831 545 1029 600 equus.
1082 529 1154 584 At
1198 544 1330 585 vero
1359 529 1537 585 sancti
1582 527 1795 593 Patres,
1828 525 2089 594 homoge-

511 640 615 680 nea
643 631 697 680 et
724 621 1041 687 homoidea,
1084 636 1185 692 pro
1227 621 1296 676 iis
1327 637 1449 692 quae
1480 619 1765 691 ὀμοούσια,
1801 633 1898 674 seu
1933 631 2091 670 coes-

2195 524 2290 577 καὶ
2336 524 2522 589 ἵππος.
2572 528 2634 580 Ol
2669 526 2725 580 δὲ
2762 527 2907 596 ἅγιοι
2969 529 3211 599 Πατέρες
3241 530 3478 603 ὁμογενῆ
3509 535 3605 588 καὶ
3636 536 3764 606 ὃμο-

2204 615 2320 686 ειδῆ
2376 616 2576 670 ταυτὸν
2605 617 2844 685 λέγουσι,
2874 618 2942 672 τὰ
2975 620 3271 690 ὁμοούσια,
3314 623 3484 693 ἤγουν
3522 624 3623 690 τὰς
3665 629 3766 683 ὑπὸ

513 713 767 772 seutialia
826 719 978 775 sunt,
1037 711 1144 765 hoc
1192 721 1278 766 est
1329 725 1428 780 pro
1487 705 1876 782 hypostasibus
1903 705 2084 761 eidem

2214 707 2257 761 ςδ
2287 707 2422 762 αὐτὸ
2458 704 2597 774 εἶδος
2643 710 2990 776 ὑποστάσεις.

513 804 720 878 speciei
749 802 1040 873 subjectis,
1074 800 1376 872 accipiunt.

585 896 726 966 Quid
772 896 1216 964 homohypostata
1253 903 1302 948 et
1345 889 1827 960 heterohypostata.
1863 918 1933 930 —
1971 884 2090 941 Jam

2271 881 2688 950 Ὀμοῦπόστατά
2716 884 2872 946 εἰσιν,
2896 885 2984 939 ὅτε
3005 885 3098 940 δύο
3122 888 3312 958 φύσεις
3334 891 3391 944 ὲν
3420 894 3518 965 μιᾷ
3539 893 3766 950 ὑποστά-

512 1007 646 1048 vero
671 988 1136 1058 homohypostata
1169 992 1319 1048 sunt,
1352 999 1476 1038 cum
1512 982 1634 1037 dua:
1667 990 1876 1037 natura:
1901 981 1956 1035 in
1984 994 2090 1033 una

2214 989 2280 1026 ret
2327 971 2588 1040 ἑνωθῶσι,
2619 975 2714 1028 καὶ
2753 975 2882 1046 μίαν
2916 976 3115 1047 σχῶσιν
3149 979 3447 1036 ὑπόστασιν
3495 982 3765 1052 σύνθετον,

513 1079 804 1152 bypostasi
853 1077 1205 1147 copulantur,
1257 1088 1536 1143 unamque
1577 1073 1940 1142 compositam
1990 1069 2083 1138 hy-

514 1173 780 1245 postasim
827 1185 890 1226 ac
919 1183 1212 1241 personam
1244 1167 1511 1232 eiiiciunt,
1542 1174 1603 1220 ut
1650 1166 1832 1218 anima
1869 1170 1924 1218 et
1969 1176 2097 1216 cor-

514 1281 640 1336 pus.
676 1265 1172 1333 lleternhypostata
1205 1268 1387 1315 autem
1411 1273 1474 1313 ac
1499 1271 1728 1312 numero
1757 1254 2092 1320 differentia,

2193 1066 2287 1118 καὶ
2334 1064 2391 1118 ἓν
2422 1066 2732 1136 πρόσωπον,
2777 1067 2854 1131 ὼς
2895 1068 3042 1140 ψυχὴ
3076 1069 3171 1124 καὶ
3223 1072 3404 1142 σῶμα.
3449 1074 3765 1147 Ἐτεροῦπό-

2195 1176 2365 1212 στατα
2399 1159 2456 1212 δὲ
2490 1160 2585 1213 καὶ
2620 1159 2839 1232 ἀριθμῷ
2879 1160 3224 1233 διαφέροντα,
3262 1166 3363 1219 ὃσα
3393 1169 3461 1236 τῇ
3487 1168 3766 1240 συμπλοκῇ

2192 1247 2302 1303 τῶν
2361 1251 2791 1324 συμϐεϐηκότων
2845 1252 2944 1324 τὴν
2978 1254 3219 1325 ἰδιότητα
3257 1257 3358 1326 τῆς
3408 1259 3614 1323 οἰκείας
3643 1260 3769 1314 ὑπο·

513 1372 635 1429 (ιυιε
677 1371 776 1426 ρει·
836 1354 1208 1409 accidentium
1271 1349 1710 1421 complexionem
1775 1345 2094 1418 hypostasis

2214 1341 2446 1405 ττάσεως
2478 1342 2827 1413 ἀφωρίσαντο
2858 1351 2884 1379 °
2917 1362 2930 1375 ·
2958 1345 3146 1414 ἤγουν,
3180 1346 3280 1400 ὅσα
3329 1349 3444 1412 τοῖς
3499 1350 3768 1424 0031.65.61;—

513 1461 628 1503 suze
660 1444 1070 1516 proprietatemj
1093 1442 1410 1498 distinctam
1443 1439 1687 1505 habent;
1713 1437 1817 1492 hoc
1840 1447 1946 1504 est,
1975 1451 2096 1506 quae

2214 1433 2319 1486 ιόσι
2347 1433 2697 1506 διαφέρουσιν
2739 1436 3006 1508 ἀλλήλων,
3060 1437 3157 1490 καὶ
3200 1438 3299 1510 τὴν
3349 1440 3645 1512 ἀναμέρος,
3681 1442 3772 1496 καὶ

514 1537 896 1593 accidentium
929 1536 1146 1590 ratione
1192 1535 1338 1590 inter
1369 1549 1428 1590 se
1465 1533 1805 1602 discrepant,
1839 1544 1902 1583 ac
1932 1544 2098 1586 seor—

2214 1526 2320 1580 ιαθ’
2353 1527 2486 1581 αὐτὸ
2527 1527 2765 1600 ἔσχηκεν
2795 1527 3062 1600 ὓπαρξιν·
3090 1524 3221 1595 οἷον,
3249 1531 3318 1584 τὰ
3343 1531 3538 1604 ἄτομα,
3569 1534 3772 1604 Πέτρος

514 1631 618 1684 sim
643 1641 696 1684 et
729 1643 828 1698 per
873 1642 932 1683 se
957 1626 1257 1691 exsistunt,
1287 1627 1440 1680 velut
1477 1623 1800 1687 individua;
1837 1629 1962 1688 puta
1993 1619 2094 1675 Pe-

495 1733 614 1778 trus
641 1731 695 1778 et
732 1720 960 1776 Paulus.
999 1720 1156 1775 Alius
1195 1719 1341 1774 enim
1379 1719 1468 1772 hic
1498 1727 1601 1783 est,
1635 1723 1688 1771 et
1714 1715 1854 1769 alius
1880 1711 1990 1768 ille.

1120 1812 1274 1869 CAP.
1312 1811 1498 1866 XLIX.

937 1906 1017 1962 De
1044 1915 1242 1978 quanto
1265 1915 1314 1959 et
1344 1904 1667 1976 quantitate.

579 1999 879 2068 Quantitas
930 2005 1015 2053 est
1071 1996 1344 2051 uuitatum
1390 1995 1703 2066 congeries.
1731 1992 1868 2049 Nam
1909 1993 2094 2048 unita-

503 2102 623 2149 item
651 2105 814 2147 nemo
836 2090 975 2145 dicit
1005 2104 1129 2145 esse
1152 2088 1538 2158 quantitatem,
1582 2103 1773 2142 verum
1808 2085 2094 2155 quantita-

515 2184 590 2239 tis
637 2181 991 2254 principium.
1030 2178 1246 2234 Unitate
1293 2179 1461 2249 igitur
1495 2184 1551 2231 et
1579 2177 1789 2231 unitate
1833 2177 1887 2230 in
1923 2188 2092 2229 unum

515 2269 851 2326 coeuntibus
914 2267 1024 2322 duo
1081 2265 1238 2320 ﬁunt.
1298 2263 1376 2318 Ex
1429 2278 1540 2334 quo
1599 2263 1954 2334 perspicuum
2011 2268 2096 2315 est

515 2362 883 2434 quantitatem
935 2359 1267 2414 divisionem
1312 2372 1423 2411 non
1467 2370 1616 2422 esse,
1669 2355 1765 2411 sed
1820 2353 2094 2409 unitatum

514 2451 828 2525 congeriem
860 2463 926 2504 ac
951 2447 1419 2517 coniunctionem.
1455 2444 1670 2500 Etenim
1699 2444 1811 2500 duo
1843 2444 1897 2497 in
1925 2457 2096 2497 unum

500 2555 572 2602 et
610 2558 782 2600 unum
817 2540 1055 2597 seorsim
1082 2539 1354 2603 dividere,
1381 2538 1484 2593 hoc
1512 2536 1734 2608 proprie
1759 2535 1961 2591 divisio
1989 2541 2095 2588 est:

509 2647 573 2692 at
600 2650 771 2692 unum
804 2641 860 2689 et
888 2647 1060 2688 unum
1104 2631 1215 2688 duo
1258 2630 1466 2694 dicere,
1505 2627 1869 2685 connexionis
1915 2625 2098 2696 potius

503 2729 787 2784 rationem
811 2724 994 2780 habet.

591 2817 894 2875 Sciendum
945 2822 1032 2871 est
1079 2821 1264 2869 autem
1315 2809 1463 2882 quod
1516 2809 1802 2881 quantitas
1855 2816 1940 2866 est
1981 2809 2098 2879 ipsa

519 2925 783 2966 mensura
820 2917 876 2964 et
923 2920 1191 2962 numerus
1234 2904 1531 2975 (mensura
1584 2903 1776 2973 utique
1825 2902 2097 2966 metiens,

519 3009 575 3064 et
630 3009 896 3052 numerus
946 2990 1311 3062 numerans),
1367 2998 1578 3062 quanta
1627 2998 1814 3044 autem
1857 3003 1919 3044 ea
1977 3004 2100 3060 qua:

505 3104 754 3146 .numero
777 3101 844 3142 ac
873 3098 1151 3142 mensurae
1186 3081 1587 3154 subjiciuntur;
1626 3081 1734 3136 hoc
1757 3089 1865 3148 est,
1891 3096 2012 3151 quae
2045 3081 2098 3135 in

2197 1618 2293 1671 καὶ
2356 1617 2589 1681 Παῦλος.
2629 1617 2826 1683 ’Ἄλλος
2870 1619 2981 1692 γᾴρ
3028 1620 3177 1674 ἐστιν
3205 1651 3208 1653 λ
3235 1615 3424 1687 οὗτος,
3477 1624 3574 1676 καὶ
3617 1624 3772 1690 ἄλλος

2199 1711 2427 1775 ἐκεῖνος.

2788 1807 3040 1861 ΚΕΦΔΛ.
3075 1808 3209 1862 ΜΘ¹.

2523 1899 2663 1968 Περὶ
2707 1900 2905 1955 ποσοῦ
2935 1900 3033 1954 καί
3066 1902 3426 1970 ποσότητος.

2271 1993 2515 2063 Ποσότης
2543 1993 2663 2046 ἐστὶ
2705 1994 2909 2064 σωρεία
2960 1995 3228 2065 μονάδων.
3267 1995 3378 2065 Τὴν
3409 1996 3518 2068 γὰρ
3575 1998 3776 2068 μονάδα⁵

2200 2087 2260 2140 οὐ
2293 2104 2424 2156 φασι
2459 2087 2734 2158 ποσότητα
2762 2104 2778 2120 ο
2809 2087 3038 2157 μονάδος
3073 2083 3167 2141 οῦν
3191 2088 3284 2142 καὶ
3311 2089 3539 2153 μονάδος
3570 2108 3777 2145 συνεισ-

2201 2180 2510 2250 ερχομένων
2540 2179 2781 2248 γίνονται
2816 2190 2844 2230 P
2875 2179 2988 2234 δύο.
3039 2181 3202 2236 Ὥστε
3234 2181 3294 2234 οὐ
3333 2181 3599 2253 διαίρεσίς
3637 2185 3780 2237 ἐστιν

2202 2273 2235 2341 ἡ
2267 2271 2541 2341 ποσότης,
2591 2271 2728 2324 ἀλλὰ
2777 2271 2979 2341 σωρεία
3040 2271 3138 2324 καὶ
3194 2274 3462 2342 συνάφεια
3515 2275 3779 2344 μονάδων.

2203 2361 2276 2414 Τὸ
2309 2362 2406 2433 μὲν
2446 2362 2555 2430 γὰρ
2578 2363 2648 2416 τὰ
2688 2362 2781 2415 δύο
2823 2361 3023 2415 διελεῖν
3059 2363 3141 2427 είς
3184 2362 3242 2416 ἓν
3279 2364 3574 2436 ἀναμέρος,
3627 2364 3783 2419 τοῦτο

2202 2452 2465 2525 διαίρεσίς
2496 2454 2646 2507 ἐστι⁹
2669 2454 2730 2506 τὸ
2760 2454 2817 2508 δὲ
2848 2454 2910 2508 τὸ
2945 2454 3038 2520 ἓν,
3085 2456 3180 2510 καὶ
3217 2456 3277 2510 τὸ
3309 2454 3389 2522 ἓν,
3436 2456 3530 2512 δύο
3586 2459 3779 2521 εἰπεῖν,

2205 2546 2363 2600 τοῦτο
2389 2546 2592 2616 μᾶλλον
2619 2547 2886 2617 συνάφειά
2920 2550 3094 2602 ἐστιν.

2290 2811 2486 2865 ’ἰστέον
2507 2811 2565 2866 δὲ
2588 2811 2668 2866 ὅτι
2712 2811 2950 2881 ποσότης
3001 2797 3117 2880 μέν’
3158 2812 3307 2864 ἐστιν
3329 2809 3460 2864 αὐτὸ
3491 2810 3552 2864 τὸ
3585 2811 3784 2882 μέτρον

2207 2903 2302 2958 καὶ
2330 2906 2358 2958 ὁ
2385 2904 2620 2976 ἀριθμός
2640 2921 2654 2936 ο
2686 2904 2748 2958 τὸ
2800 2903 3056 2976 μετροῦν,
3103 2902 3198 2957 καὶ
3231 2903 3260 2955 ὁ
3289 2901 3542 2972 ἀριθμῶν
3574 2918 3587 2932 ·
3647 2903 3786 2956 ποσὰ

2207 2995 2264 3048 δὲ
2293 2996 2361 3050 τὰ
2384 2995 2463 3066 τῷ
2489 2994 2730 3067 ἀριθμῷ,
2753 2995 2848 3050 καὶ
2874 2995 2952 3065 τῷ
2975 2994 3160 3066 μέτρῳ
3195 2994 3532 3064 ὑποκείμενα
3557 3010 3570 3025 ⁸
3595 2995 3782 3066 ἤγουν,

2206 3081 2276 3136 τὰ
2310 3083 2658 3155 μετρούμενα
2684 3084 2780 3137 καὶ
2811 3082 3216 3155 ἀριθμούμενα.
3250 3083 3370 3137 Τῶν
3397 3083 3454 3137 δὲ
3484 3084 3695 3146 ποσῶν,
3716 3084 3784 3137 τά

521 3193 813 3238 numerum
841 3184 898 3234 et
931 3189 1254 3232 mensuram
1293 3173 1522 3230 cadunt.
1555 3171 1899 3240 Quantorum
1939 3187 2098 3243 porro

2214 3138 2322 3246 μέν.
2342 3138 2448 3229 εἱσι
2473 3138 2828 3247 διωρισμένα,
2851 3138 3016 3228 Ιἰτείδὲ
3039 3138 3262 3246 συνεχῆ.
3306 3174 3534 3245 Συνεχὲς
3564 3176 3668 3244 μὲν
3683 3138 3784 3228 ὀὖν

507 3276 630 3330 ralia
676 3273 912 3328 discreta
944 3278 1074 3325 sunt
1095 3309 1111 3335 ,
1139 3268 1246 3323 alia
1281 3267 1565 3323 continua.
1603 3265 1940 3321 Continuum
1975 3274 2096 3331 est,

523 3380 650 3420 cum
713 3377 885 3428 unum
935 3367 1022 3417 est
1072 3358 1220 3430 quod
1273 3358 1574 3425 metimur;
1605 3373 1660 3412 v.
1696 3371 1805 3427 gr.,
1854 3355 2104 3411 occurrit

521 3471 694 3510 unum
729 3450 956 3524 aliquod
1004 3451 1213 3522 lignum
1255 3448 1567 3505 bicubitum
1621 3447 1708 3503 vel
1737 3447 2102 3514 tricubitum;

512 3546 641 3601 sive
685 3545 852 3599 etiam
891 3541 1054 3613 lapis,
1085 3547 1184 3595 aut
1230 3539 1366 3610 quid
1396 3538 1618 3595 simile:
1670 3551 1912 3608 cumque
1947 3537 2000 3591 id
2031 3537 2106 3592 sit

537 3651 732 3702 unum,
769 3635 1032 3690 metimur
1058 3632 1217 3699 illud,
1258 3639 1317 3688 et
1364 3631 1688 3688 continuum
1723 3629 1949 3684 dicitur.
1980 3627 2107 3684 Dis-

516 3738 696 3784 -creta
743 3735 926 3782 autem
983 3733 1136 3791 sunt,
1179 3740 1304 3796 quae
1355 3723 1500 3780 inter
1547 3737 1609 3779 se
1643 3721 1892 3792 sejuncta
1929 3729 2101 3777 sunt:

515 3833 592 3880 .ut
617 3823 672 3878 in
699 3822 888 3878 decem
926 3819 1078 3876 saxis
1109 3824 1204 3872 aut
1237 3817 1426 3872 decem
1455 3815 1693 3886 palmis:
1741 3813 1857 3868 haec
1901 3812 2106 3883 quippe

529 3917 599 3972 ab
627 3915 861 3971 invicem
913 3919 1167 3983 separata
1203 3915 1353 3966 sunt.
1401 3907 1556 3962 Talia
1605 3906 1776 3975 igitur
1824 3903 2104 3959 numerari

515 4008 813 4066 dicuntur,
857 4003 968 4058 nisi
1017 4003 1088 4058 ob
1117 4001 1370 4072 exiguam
1406 3997 1756 4067 singulorum
1791 3995 2011 4059 molem,
2042 4007 2107 4047 ac

522 4099 939 4156 multitudinem
975 4093 1160 4150 modio
1209 4091 1523 4156 metiamur,
1562 4095 1655 4144 aut
1695 4102 1758 4142 re
1806 4087 1991 4157 aliqua
2027 4084 2105 4140 si-

516 4190 666 4254 mili,
698 4189 847 4244 velut
885 4185 1154 4247 triticum,
1181 4191 1277 4238 aut
1305 4180 1438 4252 quid
1472 4180 1676 4237 simile.

597 4281 870 4338 Continuo
903 4278 1039 4341 alia,
1089 4277 1201 4330 alia
1231 4271 1486 4327 discreta.
1523 4299 1595 4312 —-
1620 4268 1897 4325 Continua
1940 4282 2108 4339 porro

529 4372 826 4437 deﬁniunt,
858 4383 946 4433 ea,
976 4382 1213 4438 quorum
1258 4371 1443 4435 partes
1475 4361 1753 4418 communi
1786 4361 1972 4430 aliquo
1999 4367 2110 4415 ter-

2206 3266 2376 3329 ἐστιν,
2408 3266 2494 3319 ὅτε
2517 3265 2576 3318 ἓν
2605 3265 2722 3318 ἐστι
2756 3266 2818 3318 τὸ
2849 3265 3219 3336 μετρούμενον
3253 3281 3266 3296 ο
3319 3264 3508 3337 ὥσπερ
3537 3266 3597 3319 ἓν
3634 3266 3784 3332 ξύλον

2208 3358 2522 3428 εὑρίσκεται
2559 3358 2784 3430 δίπηχυ,
2809 3357 3124 3430 τρίπηχυ,ἢ
3151 3357 3315 3422 λίθος,
3343 3359 3377 3430 ἤ
3407 3377 3458 3412 τι
3481 3359 3590 3412 τῶν
3615 3358 3787 3414 τοιού-

2206 3468 2333 3505 των.
2374 3451 2484 3504 Kal
2507 3447 2765 3521 ὑπάρχων
2792 3453 3076 3523 μετρεῖται
3098 3492 3114 3518 ,
3140 3451 3234 3504 καὶ
3263 3451 3352 3505 διὰ
3374 3451 3532 3504 τοῦτο
3572 3451 3783 3522 λέγεται

2207 3544 2454 3614 συνεχές.
2496 3543 2842 3614 Διωρισμένα
2867 3542 2927 3596 δέ
2956 3544 3084 3608 είσι,
3111 3542 3180 3596 τὰ
3207 3542 3302 3596 ἀπ’
3331 3542 3580 3614 ἀλλήλων
3617 3561 3785 3615 κεχω-

2209 3634 2438 3706 ρισμένα
2471 3651 2485 3666 ο
2542 3635 2619 3698 ὡς
2673 3635 2768 3688 ἐπὶ
2815 3635 2948 3688 δέκα
3012 3633 3277 3704 λίθων,ἢ
3319 3633 3453 3687 δέκα
3503 3636 3779 3704 φοινίκων·

2205 3722 2380 3777 ταῦτα
2405 3724 2515 3796 γὰρ
2547 3725 2931 3797 κεχωρισμένα
2986 3725 3126 3778 εἰσὶν
3167 3723 3262 3778 ἀπ’
3292 3724 3561 3796 ἀλλήλων.
3604 3726 3785 3779 Ταῦτα

2206 3808 2301 3868 οὖν
2323 3813 2676 3886 ἀριθμεῖσθαι
2707 3813 2979 3883 λέγονται,
3011 3816 3060 3868 εί
3100 3814 3178 3885 μὴ
3199 3813 3289 3868 διὰ
3311 3815 3659 3886 σμικρότητα
3697 3816 3786 3869 καὶ

2208 3904 2413 3976 πλῆθος
2471 3905 2787 3978 μετρηθῶσι
2847 3905 3038 3980 μοδίφ,
3069 3906 3112 3980 ἤ
3142 3923 3252 3961 τινι
3299 3905 3530 3977 τοιούτῳ
3552 3921 3569 3937 ⁸
3597 3906 3784 3978 ὥσπερ

2212 4000 2383 4062 σῖτος,
2419 3996 2515 4051 καί
2546 4015 2598 4052 τι
2625 3996 2888 4052 τοιοῦτον.

2289 4259 2596 4336 Ὀρίζονται
2633 4263 2691 4318 δὲ
2723 4262 2792 4317 τὰ
2829 4263 2929 4334 μὲν
2985 4261 3206 4333 συνεχῆ,
3238 4258 3314 4317 ὧν
3343 4262 3415 4317 τὰ
3454 4261 3624 4334 μόρια
3656 4261 3787 4332 πρός

2210 4375 2333 4411 τινα
2369 4356 2548 4411 κοινὸν
2587 4356 2713 4428 ὅρον
2764 4355 3142 4410 συνάπτουσιν.
3184 4353 3334 4418 Ἑνδς
3371 4354 3480 4426 γὰρ
3514 4354 3668 4418 ὄντος
3697 4351 3787 4406 τοῦ

521 4473 680 4527 mino
712 4467 1068 4539 copulantur.
1115 4461 1252 4517 Nam
1289 4476 1412 4517 cum
1442 4459 1651 4530 lignum
1684 4455 1910 4527 aliquod
1947 4455 2098 4510 bicu-

2217 4450 2375 4515 ξύλου
2421 4449 2519 4502 τοῦ
2566 4449 2848 4520 διπήχεος,
2884 4448 3051 4518 ἤγουν
3076 4446 3172 4499 δύο
3223 4447 3423 4516 πήχεις
3461 4445 3698 4516 ἔχοντος,
3730 4442 3787 4496 τὸ

527 4565 710 4621 bitutu
747 4559 994 4626 sit;lioc
1047 4567 1152 4623 est,
1197 4555 1340 4612 duos
1390 4552 1613 4608 cubitus
1656 4549 1892 4615 habeat;
1945 4548 2112 4603 unius

531 4655 705 4711 cubiti
737 4653 884 4718 linis,
925 4661 980 4707 et
1011 4648 1246 4705 alterius
1302 4644 1473 4701 cubiti
1525 4641 1887 4714 principium,
1939 4653 2110 4694 unum

529 4757 633 4804 est.
664 4745 955 4802 Oolmrent
990 4742 1139 4796 enim
1168 4739 1312 4793 inter
1340 4752 1400 4793 se
1425 4743 1593 4805 atque
1622 4733 1925 4802 conjuncta
1957 4739 2110 4794 sunt;

532 4853 643 4892 non
675 4843 858 4890 autem
896 4841 1026 4890 sunt
1070 4831 1141 4886 ab
1187 4829 1424 4884 invicem
1466 4826 1667 4881 divisa.
1717 4826 1786 4877 At
1819 4838 1950 4892 vero
1997 4822 2113 4880 dis-

532 4935 683 4983 creta
733 4940 799 4981 ea
857 4930 1008 4987 sunt,
1060 4934 1292 4991 quorum
1349 4925 1535 4986 partes
1604 4929 1715 4970 non
1780 4885 2112 4982 copulantur

532 5019 814 5074 communi
843 5015 1032 5084 aliquo
1077 5009 1340 5072 termino,
1369 5015 1428 5061 ut
1461 5008 1513 5060 in
1543 5005 1733 5060 decem
1763 5004 1934 5059 saxis.
1973 5001 2111 5056 Nam

533 5112 580 5169 si
614 5111 860 5182 quinque
889 5115 944 5162 et
978 5104 1225 5175 quinque
1275 5113 1555 5164 numeres,
1609 5104 1958 5152 communem
1997 5104 2112 5150 ter-

533 5204 770 5266 minum,
821 5199 916 5270 qui
943 5196 1188 5268 copulet,
1230 5191 1438 5248 nullum
1483 5190 1752 5246 invenies.
1796 5187 2012 5244 Etenim
2064 5186 2110 5242 si

532 5291 746 5365 aliquid
777 5289 996 5348 dederis
1029 5287 1177 5359 quod
1226 5285 1370 5340 inter
1409 5282 1611 5354 quinos
1653 5287 1712 5337 et
1765 5279 1965 5350 quinos
2000 5293 2114 5334 me-

535 5387 687 5442 dium
742 5385 1148 5460 interponatur,
1199 5378 1312 5448 jam
1365 5377 1502 5431 liunt
1565 5373 1846 5439 undecim,
1895 5378 1949 5427 et
2000 5385 2112 5429 non

535 5473 763 5531 discreti
787 5474 839 5530 id
869 5475 1048 5548 ipsum
1079 5470 1346 5528 declarat.

2214 4545 2368 4608 τέλος
2411 4541 2507 4597 τοῦ
2557 4541 2676 4605 ἐνὸς
2726 4542 2950 4612 πήχεος,
2987 4538 3082 4593 καὶ
3113 4540 3146 4610 ή
3175 4539 3320 4608 ἀρχὴ
3381 4536 3542 4592 ἄλλου
3590 4538 3791 4607 πήχεος

2218 4637 2318 4708 μία
2349 4635 2484 4690 ἐστί,
2522 4632 2938 4704 Κεκολλημέναι
2984 4629 3094 4702 γάρ
3141 4633 3244 4684 εἰσι
3283 4629 3381 4683 καὶ
3411 4628 3789 4699 συνημμέναι,

2215 4728 2311 4783 καὶ
2339 4727 2440 4781 οὐκ
2480 4726 2618 4780 εἰσὶν
2643 4726 2740 4780 ἀπ’
2760 4723 3002 4797 ἀλλήλων
3056 4721 3417 4794 διῃρημέναι·
3442 4721 3510 4773 τά
3536 4719 3593 4772 δὲ
3615 4719 3794 4787 διωρι-

2217 4819 2414 4890 σμένα,
2450 4810 2524 4871 ὧν
2557 4815 2628 4870 τὰ
2653 4815 2827 4887 μόρια
2877 4814 3012 4886 πρός
3064 4830 3185 4866 τινα
3215 4811 3391 4864 κοινὸν
3429 4810 3553 4882 ὅρον
3581 4809 3644 4863 οῦ
3672 4825 3794 4860 συν-

2215 4915 2502 4976 άπτουσιν,
2532 4911 2608 4975 ὡς
2639 4910 2731 4963 ἐπὶ
2766 4909 2900 4963 δέκα
2923 4907 3105 4962 λίθων.
3143 4905 3272 4961 Ἐὰν
3319 4905 3430 4976 γὰρ
3481 4901 3796 4973 ἀριθμήσῃς

2213 5003 2374 5056 πέντε
2392 5000 2486 5055 καὶ
2504 4999 2688 5063 πέντε,
2706 4997 2804 5050 οὐκ
2823 4996 3006 5067 ἔχουσι
3021 4994 3199 5048 κοινὸν
3216 4995 3340 5065 ὅρον
3351 4993 3442 5047 τὸν
3460 4992 3796 5045 συνάπτοντα

2215 5093 2433 5159 αύτούς,
2469 5092 2532 5144 El
2570 5091 2680 5162 γὰρ
2725 5089 2919 5152 δώσεις
2946 5107 2998 5142 τι
3035 5085 3239 5158 μεταξὺ
3293 5086 3404 5140 τῶν
3467 5084 3652 5147 πέντε,
3707 5081 3798 5134 καὶ

2211 5188 2322 5242 τῶν
2349 5189 2533 5252 πέντε,
2594 5185 2837 5255 γίνονται
2879 5182 3072 5236 ἕνδεκα
3111 5181 3202 5235 καί⁷
3231 5181 3290 5234 οὐ
3325 5179 3488 5234 δέκα·
3537 5177 3634 5232 καὶ
3667 5173 3797 5228 αὐτὸ

2211 5283 2269 5337 δὲ
2284 5281 2344 5335 τὸ
2357 5280 2530 5351 ὄνομα
2555 5277 2726 5349 δηλοῖ,
2758 5274 2854 5329 τοῦ
2884 5272 3141 5344 συνεχοῦς
3173 5269 3382 5326 καὶτοῦ
3409 5263 3796 5340 διωρισμένου.

2151 5378 2403 5434 decem.
2484 5372 2628 5441 Quin
2684 5371 2864 5443 ipsum
2915 5381 3134 5440 quoque
3181 5381 3381 5422 nomen
3434 5360 3687 5420 continui
3734 5372 3797 5413 ac

1844 5621 2084 5680 ἾΑΒΙΑΞ
2120 5618 2530 5680 LECTlONES.

611 5758 638 5790 ο
660 5749 746 5806 ΔΙ.
769 5745 1102 5819 ἀφωρίσατο.
1181 5756 1208 5796 ιι
1235 5742 1314 5800 Ita
1359 5756 1496 5798 mss.
1539 5755 1757 5800 omnes.
1779 5739 1925 5798 Edit.
1961 5737 2195 5809 γίνεται.
