  <div class='ocr_page' id='page_1' title='image "/cluster/home/n/w/nwhite01/storage/ocr_20150623/94/hvd.32044052838174/396.png"; bbox 0 0 3962 6320; ppageno 0'>
   <div class='ocr_carea' id='block_1_1' title="bbox 200 350 319 417">
    <p class='ocr_par' dir='ltr' id='par_1_1' title="bbox 200 350 319 417">
     <span class='ocr_line' id='line_1_1' title="bbox 200 350 319 417; baseline -0.034 0"><span class='ocrx_word' id='word_1_1' title='bbox 200 350 319 417; x_wconf 67' lang='grc'><strong>625</strong></span> 
     </span>
    </p>
   </div>
   <div class='ocr_carea' id='block_1_2' title="bbox 1582 337 2055 400">
    <p class='ocr_par' dir='ltr' id='par_1_2' title="bbox 1582 337 2055 400">
     <span class='ocr_line' id='line_1_2' title="bbox 1582 337 2055 400; baseline -0.002 0"><span class='ocrx_word' id='word_1_2' title='bbox 1582 337 2055 400; x_wconf 60' lang='grc' dir='ltr'><strong>ΒΙΑΙΕΕΤΙΟᾹ.</strong></span> 
     </span>
    </p>
   </div>
   <div class='ocr_carea' id='block_1_3' title="bbox 3360 346 3473 408">
    <p class='ocr_par' dir='ltr' id='par_1_3' title="bbox 3360 346 3473 408">
     <span class='ocr_line' id='line_1_3' title="bbox 3360 346 3473 408; baseline 0 0"><span class='ocrx_word' id='word_1_3' title='bbox 3360 346 3473 408; x_wconf 72' lang='lat'><strong>6‘26</strong></span> 
     </span>
    </p>
   </div>
   <div class='ocr_carea' id='block_1_4' title="bbox 285 444 1803 530">
    <p class='ocr_par' dir='ltr' id='par_1_4' title="bbox 285 447 1794 528">
     <span class='ocr_line' id='line_1_4' title="bbox 285 447 1794 528; baseline -0.008 -15"><span class='ocrx_word' id='word_1_4' title='bbox 285 458 430 513; x_wconf 75' lang='grc' dir='ltr'>Ὑπὸ</span> <span class='ocrx_word' id='word_1_5' title='bbox 472 455 573 528; x_wconf 81' lang='grc' dir='ltr'>μὲν</span> <span class='ocrx_word' id='word_1_6' title='bbox 622 449 716 509; x_wconf 76' lang='grc' dir='ltr'>οὖν</span> <span class='ocrx_word' id='word_1_7' title='bbox 750 453 811 507; x_wconf 75' lang='grc' dir='ltr'>τὸ</span> <span class='ocrx_word' id='word_1_8' title='bbox 850 450 1211 523; x_wconf 80' lang='grc' dir='ltr'><strong>διωρισμένον</strong></span> <span class='ocrx_word' id='word_1_9' title='bbox 1266 447 1434 502; x_wconf 78' lang='grc' dir='ltr'>ποσὸν</span> <span class='ocrx_word' id='word_1_10' title='bbox 1483 448 1794 517; x_wconf 82' lang='grc' dir='ltr'>ἀνάγεταιὸ</span> 
     </span>
    </p>
   </div>
   <div class='ocr_carea' id='block_1_5' title="bbox 1912 444 3483 530">
    <p class='ocr_par' dir='ltr' id='par_1_5' title="bbox 1967 444 3483 530">
     <span class='ocr_line' id='line_1_5' title="bbox 1967 444 3483 530; baseline 0.009 -29"><span class='ocrx_word' id='word_1_11' title='bbox 1967 446 2071 519; x_wconf 80' lang='lat'><strong>51</strong></span> <span class='ocrx_word' id='word_1_12' title='bbox 2106 445 2315 515; x_wconf 79' lang='lat' dir='ltr'><strong>Species</strong></span> <span class='ocrx_word' id='word_1_13' title='bbox 2344 444 2648 516; x_wconf 77' lang='lat' dir='ltr'><strong>&#39;discretw,</strong></span> <span class='ocrx_word' id='word_1_14' title='bbox 2698 468 2981 520; x_wconf 80' lang='lat' dir='ltr'><strong>numerus,</strong></span> <span class='ocrx_word' id='word_1_15' title='bbox 3019 457 3213 511; x_wconf 86' lang='lat' dir='ltr'><strong>oratio.</strong></span> <span class='ocrx_word' id='word_1_16' title='bbox 3246 488 3313 497; x_wconf 94' lang='lat'><strong>--</strong></span> <span class='ocrx_word' id='word_1_17' title='bbox 3343 457 3483 530; x_wconf 67' lang='lat' dir='ltr'><strong>[Eth</strong></span> 
     </span>
    </p>
   </div>
   <div class='ocr_carea' id='block_1_6' title="bbox 200 539 1795 623">
    <p class='ocr_par' dir='ltr' id='par_1_6' title="bbox 200 539 1795 623">
     <span class='ocr_line' id='line_1_6' title="bbox 200 539 1795 623; baseline -0.01 -15"><span class='ocrx_word' id='word_1_18' title='bbox 200 551 460 623; x_wconf 77' lang='grc' dir='ltr'>ἀριθμὸς,</span> <span class='ocrx_word' id='word_1_19' title='bbox 498 548 594 602; x_wconf 85' lang='grc' dir='ltr'><strong>καί</strong></span> <span class='ocrx_word' id='word_1_20' title='bbox 622 548 651 600; x_wconf 88' lang='grc' dir='ltr'>ὁ</span> <span class='ocrx_word' id='word_1_21' title='bbox 686 546 863 615; x_wconf 86' lang='grc' dir='ltr'>λόγος.</span> <span class='ocrx_word' id='word_1_22' title='bbox 906 544 1166 616; x_wconf 84' lang='grc' dir='ltr'><strong>Ἀριθμὸν</strong></span> <span class='ocrx_word' id='word_1_23' title='bbox 1202 540 1438 597; x_wconf 71' lang='grc' dir='ltr'>ἐνταῦθα</span> <span class='ocrx_word' id='word_1_24' title='bbox 1465 540 1697 612; x_wconf 88' lang='grc' dir='ltr'>λέγομεν</span> <span class='ocrx_word' id='word_1_25' title='bbox 1725 539 1795 593; x_wconf 80' lang='grc' dir='ltr'><strong>τά</strong></span> 
     </span>
    </p>
   </div>
   <div class='ocr_carea' id='block_1_7' title="bbox 201 634 1792 716">
    <p class='ocr_par' dir='ltr' id='par_1_7' title="bbox 201 634 1792 716">
     <span class='ocr_line' id='line_1_7' title="bbox 201 634 1792 716; baseline -0.009 -17"><span class='ocrx_word' id='word_1_26' title='bbox 201 643 610 716; x_wconf 80' lang='grc' dir='ltr'>ἀριθμούμενα.</span> <span class='ocrx_word' id='word_1_27' title='bbox 646 641 731 695; x_wconf 82' lang='grc' dir='ltr'><strong>Τὰ</strong></span> <span class='ocrx_word' id='word_1_28' title='bbox 758 640 867 710; x_wconf 83' lang='grc' dir='ltr'><strong>γάρ</strong></span> <span class='ocrx_word' id='word_1_29' title='bbox 897 636 1300 711; x_wconf 83' lang='grc' dir='ltr'><strong>ἀριθμούμενα,</strong></span> <span class='ocrx_word' id='word_1_30' title='bbox 1342 634 1563 697; x_wconf 86' lang='grc' dir='ltr'>πάντως</span> <span class='ocrx_word' id='word_1_31' title='bbox 1605 634 1792 704; x_wconf 91' lang='grc' dir='ltr'>διωρι-</span> 
     </span>
    </p>
   </div>
   <div class='ocr_carea' id='block_1_8' title="bbox 205 725 1791 809">
    <p class='ocr_par' dir='ltr' id='par_1_8' title="bbox 205 725 1791 809">
     <span class='ocr_line' id='line_1_8' title="bbox 205 725 1791 809; baseline -0.008 -18"><span class='ocrx_word' id='word_1_32' title='bbox 205 738 383 809; x_wconf 85' lang='grc' dir='ltr'>σμένα</span> <span class='ocrx_word' id='word_1_33' title='bbox 412 736 573 799; x_wconf 78' lang='grc' dir='ltr'>είσὶν,</span> <span class='ocrx_word' id='word_1_34' title='bbox 598 735 674 800; x_wconf 85' lang='grc' dir='ltr'>ὡς</span> <span class='ocrx_word' id='word_1_35' title='bbox 699 733 990 788; x_wconf 78' lang='grc' dir='ltr'><strong>δέδεικται.</strong></span> <span class='ocrx_word' id='word_1_36' title='bbox 1029 730 1141 785; x_wconf 78' lang='grc' dir='ltr'>Καὶ</span> <span class='ocrx_word' id='word_1_37' title='bbox 1166 731 1196 783; x_wconf 85' lang='grc' dir='ltr'>ὁ</span> <span class='ocrx_word' id='word_1_38' title='bbox 1226 729 1383 798; x_wconf 88' lang='grc' dir='ltr'><strong>λόγος</strong></span> <span class='ocrx_word' id='word_1_39' title='bbox 1409 728 1466 782; x_wconf 78' lang='grc' dir='ltr'><strong>δὲ</strong></span> <span class='ocrx_word' id='word_1_40' title='bbox 1491 725 1791 799; x_wconf 87' lang='grc' dir='ltr'>διωρισμέ-</span> 
     </span>
    </p>
   </div>
   <div class='ocr_carea' id='block_1_9' title="bbox 203 816 1792 899">
    <p class='ocr_par' dir='ltr' id='par_1_9' title="bbox 203 816 1792 899">
     <span class='ocr_line' id='line_1_9' title="bbox 203 816 1792 899; baseline -0.008 -16"><span class='ocrx_word' id='word_1_41' title='bbox 203 848 295 894; x_wconf 85' lang='grc' dir='ltr'><strong>νος</strong></span> <span class='ocrx_word' id='word_1_42' title='bbox 334 830 502 882; x_wconf 84' lang='grc' dir='ltr'>ὲστίν.</span> <span class='ocrx_word' id='word_1_43' title='bbox 540 828 601 881; x_wconf 90' lang='lat'><strong>&#39;0</strong></span> <span class='ocrx_word' id='word_1_44' title='bbox 630 827 737 899; x_wconf 78' lang='grc' dir='ltr'><strong>γάρ</strong></span> <span class='ocrx_word' id='word_1_45' title='bbox 765 825 924 893; x_wconf 81' lang='grc' dir='ltr'><strong>λόγος</strong></span> <span class='ocrx_word' id='word_1_46' title='bbox 973 821 1381 893; x_wconf 80' lang='grc' dir='ltr'><strong>ἀριθμούμενος</strong></span> <span class='ocrx_word' id='word_1_47' title='bbox 1406 820 1529 882; x_wconf 84' lang='grc' dir='ltr'>ταῖς</span> <span class='ocrx_word' id='word_1_48' title='bbox 1560 816 1792 882; x_wconf 78' lang='grc' dir='ltr'><strong>λέξεσιν,</strong></span> 
     </span>
    </p>
   </div>
   <div class='ocr_carea' id='block_1_10' title="bbox 203 909 1790 990">
    <p class='ocr_par' dir='ltr' id='par_1_10' title="bbox 203 909 1790 990">
     <span class='ocr_line' id='line_1_10' title="bbox 203 909 1790 990; baseline -0.008 -17"><span class='ocrx_word' id='word_1_49' title='bbox 203 922 310 974; x_wconf 79' lang='grc' dir='ltr'><strong>οὐκ</strong></span> <span class='ocrx_word' id='word_1_50' title='bbox 334 921 444 990; x_wconf 73' lang='grc' dir='ltr'>ἔχει</span> <span class='ocrx_word' id='word_1_51' title='bbox 469 919 650 974; x_wconf 82' lang='grc' dir='ltr'>κοινὸν</span> <span class='ocrx_word' id='word_1_52' title='bbox 672 920 800 989; x_wconf 84' lang='grc' dir='ltr'>ὅρον</span> <span class='ocrx_word' id='word_1_53' title='bbox 828 917 920 970; x_wconf 88' lang='grc' dir='ltr'><strong>τδν</strong></span> <span class='ocrx_word' id='word_1_54' title='bbox 952 914 1297 969; x_wconf 83' lang='grc' dir='ltr'>συνάπτοντα</span> <span class='ocrx_word' id='word_1_55' title='bbox 1315 912 1385 966; x_wconf 82' lang='grc' dir='ltr'>τὰ</span> <span class='ocrx_word' id='word_1_56' title='bbox 1410 911 1577 983; x_wconf 87' lang='grc' dir='ltr'>μόρια</span> <span class='ocrx_word' id='word_1_57' title='bbox 1601 909 1790 963; x_wconf 81' lang='grc' dir='ltr'>αὐτοῦ.</span> 
     </span>
    </p>
   </div>
   <div class='ocr_carea' id='block_1_11' title="bbox 217 1001 1794 1085">
    <p class='ocr_par' dir='ltr' id='par_1_11' title="bbox 217 1001 1794 1085">
     <span class='ocr_line' id='line_1_11' title="bbox 217 1001 1794 1085; baseline -0.008 -18"><span class='ocrx_word' id='word_1_58' title='bbox 217 1013 346 1066; x_wconf 76' lang='grc' dir='ltr'><strong>Ἐὰν</strong></span> <span class='ocrx_word' id='word_1_59' title='bbox 375 1014 485 1083; x_wconf 79' lang='grc' dir='ltr'><strong>γὰρ</strong></span> <span class='ocrx_word' id='word_1_60' title='bbox 515 1012 614 1085; x_wconf 77' lang='grc' dir='ltr'><strong>ἔχῃ</strong></span> <span class='ocrx_word' id='word_1_61' title='bbox 642 1011 774 1065; x_wconf 85' lang='grc' dir='ltr'><strong>δέκα</strong></span> <span class='ocrx_word' id='word_1_62' title='bbox 806 1009 982 1075; x_wconf 81' lang='grc' dir='ltr'>λέξεις</span> <span class='ocrx_word' id='word_1_63' title='bbox 1010 1010 1037 1062; x_wconf 88' lang='grc' dir='ltr'><strong>ό</strong></span> <span class='ocrx_word' id='word_1_64' title='bbox 1074 1006 1255 1075; x_wconf 86' lang='grc' dir='ltr'>λόγος,</span> <span class='ocrx_word' id='word_1_65' title='bbox 1289 1004 1385 1059; x_wconf 76' lang='grc' dir='ltr'><strong>καὶ</strong></span> <span class='ocrx_word' id='word_1_66' title='bbox 1413 1004 1596 1075; x_wconf 84' lang='grc' dir='ltr'>διέλῃς</span> <span class='ocrx_word' id='word_1_67' title='bbox 1623 1001 1794 1065; x_wconf 80' lang='grc' dir='ltr'>αὑτάς</span> 
     </span>
    </p>
   </div>
   <div class='ocr_carea' id='block_1_12' title="bbox 207 1095 1795 1172">
    <p class='ocr_par' dir='ltr' id='par_1_12' title="bbox 207 1095 1795 1172">
     <span class='ocr_line' id='line_1_12' title="bbox 207 1095 1795 1172; baseline -0.008 -13"><span class='ocrx_word' id='word_1_68' title='bbox 207 1106 291 1169; x_wconf 81' lang='grc' dir='ltr'><strong>είς</strong></span> <span class='ocrx_word' id='word_1_69' title='bbox 336 1106 500 1159; x_wconf 88' lang='grc' dir='ltr'>πέντε</span> <span class='ocrx_word' id='word_1_70' title='bbox 550 1104 644 1158; x_wconf 75' lang='grc' dir='ltr'>καὶ</span> <span class='ocrx_word' id='word_1_71' title='bbox 681 1104 843 1157; x_wconf 88' lang='grc' dir='ltr'>πέντε</span> <span class='ocrx_word' id='word_1_72' title='bbox 870 1144 885 1167; x_wconf 92' lang='grc'><strong>,</strong></span> <span class='ocrx_word' id='word_1_73' title='bbox 927 1102 1025 1155; x_wconf 69' lang='grc' dir='ltr'>οὐκ</span> <span class='ocrx_word' id='word_1_74' title='bbox 1076 1100 1260 1172; x_wconf 77' lang='grc' dir='ltr'>ἔχουσι</span> <span class='ocrx_word' id='word_1_75' title='bbox 1308 1097 1485 1152; x_wconf 83' lang='grc' dir='ltr'>κοινὸν</span> <span class='ocrx_word' id='word_1_76' title='bbox 1535 1097 1660 1168; x_wconf 85' lang='grc' dir='ltr'>ὅρον</span> <span class='ocrx_word' id='word_1_77' title='bbox 1703 1095 1795 1148; x_wconf 80' lang='grc' dir='ltr'><strong>τὸν</strong></span> 
     </span>
    </p>
   </div>
   <div class='ocr_carea' id='block_1_13' title="bbox 211 1187 1792 1264">
    <p class='ocr_par' dir='ltr' id='par_1_13' title="bbox 211 1187 1792 1264">
     <span class='ocr_line' id='line_1_13' title="bbox 211 1187 1792 1264; baseline -0.01 -8"><span class='ocrx_word' id='word_1_78' title='bbox 211 1198 558 1256; x_wconf 76' lang='grc' dir='ltr'><strong>συνάπτοντα</strong></span> <span class='ocrx_word' id='word_1_79' title='bbox 609 1196 799 1260; x_wconf 83' lang='grc' dir='ltr'>αὐτάς.</span> <span class='ocrx_word' id='word_1_80' title='bbox 839 1194 963 1249; x_wconf 76' lang='grc' dir='ltr'>Ἐὰν</span> <span class='ocrx_word' id='word_1_81' title='bbox 1015 1194 1124 1264; x_wconf 79' lang='grc' dir='ltr'>γὰρ</span> <span class='ocrx_word' id='word_1_82' title='bbox 1166 1190 1473 1262; x_wconf 86' lang='grc' dir='ltr'>παρεντεθῇ</span> <span class='ocrx_word' id='word_1_83' title='bbox 1502 1207 1557 1243; x_wconf 91' lang='grc' dir='ltr'><strong>τι</strong></span> <span class='ocrx_word' id='word_1_84' title='bbox 1605 1191 1664 1243; x_wconf 82' lang='grc' dir='ltr'>ὲν</span> <span class='ocrx_word' id='word_1_85' title='bbox 1714 1187 1792 1258; x_wconf 84' lang='grc' dir='ltr'><strong>τῷ</strong></span> 
     </span>
    </p>
   </div>
   <div class='ocr_carea' id='block_1_14' title="bbox 212 1280 1795 1361">
    <p class='ocr_par' dir='ltr' id='par_1_14' title="bbox 212 1280 1795 1361">
     <span class='ocr_line' id='line_1_14' title="bbox 212 1280 1795 1361; baseline -0.008 -17"><span class='ocrx_word' id='word_1_86' title='bbox 212 1292 388 1361; x_wconf 81' lang='grc' dir='ltr'>μέσῳ,</span> <span class='ocrx_word' id='word_1_87' title='bbox 425 1289 667 1359; x_wconf 86' lang='grc' dir='ltr'>γίνονται</span> <span class='ocrx_word' id='word_1_88' title='bbox 697 1287 915 1352; x_wconf 72' lang='grc' dir='ltr'>ἕνδεκα,</span> <span class='ocrx_word' id='word_1_89' title='bbox 950 1286 1043 1340; x_wconf 78' lang='grc' dir='ltr'><strong>καὶ</strong></span> <span class='ocrx_word' id='word_1_90' title='bbox 1066 1286 1129 1338; x_wconf 80' lang='grc' dir='ltr'><strong>οὐ</strong></span> <span class='ocrx_word' id='word_1_91' title='bbox 1158 1284 1310 1338; x_wconf 85' lang='grc' dir='ltr'>δέκα.</span> <span class='ocrx_word' id='word_1_92' title='bbox 1356 1282 1588 1354; x_wconf 78' lang='grc' dir='ltr'>Ὁμοίως</span> <span class='ocrx_word' id='word_1_93' title='bbox 1634 1280 1729 1334; x_wconf 75' lang='grc' dir='ltr'><strong>καὶ</strong></span> <span class='ocrx_word' id='word_1_94' title='bbox 1761 1281 1795 1351; x_wconf 81' lang='grc' dir='ltr'>ἡ</span> 
     </span>
    </p>
   </div>
   <div class='ocr_carea' id='block_1_15' title="bbox 207 1372 1796 1449">
    <p class='ocr_par' dir='ltr' id='par_1_15' title="bbox 207 1372 1796 1449">
     <span class='ocr_line' id='line_1_15' title="bbox 207 1372 1796 1449; baseline -0.006 -14"><span class='ocrx_word' id='word_1_95' title='bbox 207 1379 358 1446; x_wconf 75' lang='grc' dir='ltr'>λέξις</span> <span class='ocrx_word' id='word_1_96' title='bbox 414 1377 797 1449; x_wconf 82' lang='grc' dir='ltr'>ἀριθμουμένη</span> <span class='ocrx_word' id='word_1_97' title='bbox 829 1377 928 1440; x_wconf 85' lang='grc' dir='ltr'><strong>τάς</strong></span> <span class='ocrx_word' id='word_1_98' title='bbox 972 1374 1269 1441; x_wconf 82' lang='grc' dir='ltr'>συλλαϐάς,</span> <span class='ocrx_word' id='word_1_99' title='bbox 1306 1374 1407 1427; x_wconf 84' lang='grc' dir='ltr'><strong>οὐκ</strong></span> <span class='ocrx_word' id='word_1_100' title='bbox 1451 1373 1566 1444; x_wconf 72' lang='grc' dir='ltr'>ἔχει</span> <span class='ocrx_word' id='word_1_101' title='bbox 1616 1372 1796 1426; x_wconf 78' lang='grc' dir='ltr'>κοινὸν</span> 
     </span>
    </p>
   </div>
   <div class='ocr_carea' id='block_1_16' title="bbox 204 1461 1795 1539">
    <p class='ocr_par' dir='ltr' id='par_1_16' title="bbox 204 1461 1795 1539">
     <span class='ocr_line' id='line_1_16' title="bbox 204 1461 1795 1539; baseline -0.004 -17"><span class='ocrx_word' id='word_1_102' title='bbox 204 1470 339 1539; x_wconf 82' lang='grc' dir='ltr'>ὅρον</span> <span class='ocrx_word' id='word_1_103' title='bbox 403 1467 744 1521; x_wconf 81' lang='grc' dir='ltr'>συνάπτοντα</span> <span class='ocrx_word' id='word_1_104' title='bbox 778 1482 793 1497; x_wconf 76' lang='grc' dir='ltr'><strong><em>ο</em></strong></span> <span class='ocrx_word' id='word_1_105' title='bbox 832 1461 978 1533; x_wconf 80' lang='grc' dir='ltr'>οἷον,</span> <span class='ocrx_word' id='word_1_106' title='bbox 1035 1464 1374 1536; x_wconf 69' lang='grc' dir='ltr'><strong>Σωκράτης⁸</strong></span> <span class='ocrx_word' id='word_1_107' title='bbox 1415 1463 1621 1535; x_wconf 83' lang='grc' dir='ltr'>μεταξὺ</span> <span class='ocrx_word' id='word_1_108' title='bbox 1672 1464 1795 1535; x_wconf 82' lang='grc' dir='ltr'>τῆς,</span> 
     </span>
    </p>
   </div>
   <div class='ocr_carea' id='block_1_17' title="bbox 205 1555 1796 1630">
    <p class='ocr_par' dir='ltr' id='par_1_17' title="bbox 205 1555 1796 1630">
     <span class='ocr_line' id='line_1_17' title="bbox 205 1555 1796 1630; baseline -0.003 -17"><span class='ocrx_word' id='word_1_109' title='bbox 205 1558 321 1625; x_wconf 85' lang='grc' dir='ltr'>Σω,</span> <span class='ocrx_word' id='word_1_110' title='bbox 374 1560 679 1630; x_wconf 79' lang='grc' dir='ltr'>συλλαϐῆς,</span> <span class='ocrx_word' id='word_1_111' title='bbox 716 1558 937 1629; x_wconf 74' lang='grc' dir='ltr'>καὶτῆς</span> <span class='ocrx_word' id='word_1_112' title='bbox 983 1557 1096 1629; x_wconf 86' lang='grc' dir='ltr'><strong>κρά</strong></span> <span class='ocrx_word' id='word_1_113' title='bbox 1121 1598 1136 1625; x_wconf 93' lang='grc'><strong>,</strong></span> <span class='ocrx_word' id='word_1_114' title='bbox 1181 1556 1482 1630; x_wconf 81' lang='grc' dir='ltr'>συλλαϐῆς,</span> <span class='ocrx_word' id='word_1_115' title='bbox 1523 1556 1631 1611; x_wconf 78' lang='grc' dir='ltr'><strong>οὐκ</strong></span> <span class='ocrx_word' id='word_1_116' title='bbox 1678 1555 1796 1609; x_wconf 76' lang='grc' dir='ltr'>ἔστι</span> 
     </span>
    </p>
   </div>
   <div class='ocr_carea' id='block_1_18' title="bbox 204 1650 1079 1725">
    <p class='ocr_par' dir='ltr' id='par_1_18' title="bbox 204 1650 1079 1725">
     <span class='ocr_line' id='line_1_18' title="bbox 204 1650 1079 1725; baseline -0.001 -18"><span class='ocrx_word' id='word_1_117' title='bbox 204 1652 399 1717; x_wconf 81' lang='grc' dir='ltr'>κοινὸς</span> <span class='ocrx_word' id='word_1_118' title='bbox 419 1653 545 1725; x_wconf 84' lang='grc' dir='ltr'>ὅρος</span> <span class='ocrx_word' id='word_1_119' title='bbox 571 1651 860 1707; x_wconf 82' lang='grc' dir='ltr'>συνάπτων</span> <span class='ocrx_word' id='word_1_120' title='bbox 886 1650 1079 1715; x_wconf 81' lang='grc' dir='ltr'>αὑτάς.</span> 
     </span>
    </p>
   </div>
   <div class='ocr_carea' id='block_1_19' title="bbox 284 1915 1797 1989">
    <p class='ocr_par' dir='ltr' id='par_1_19' title="bbox 284 1915 1797 1989">
     <span class='ocr_line' id='line_1_19' title="bbox 284 1915 1797 1989; baseline -0.002 -18"><span class='ocrx_word' id='word_1_121' title='bbox 284 1917 497 1989; x_wconf 83' lang='grc' dir='ltr'>Συνεχῆ</span> <span class='ocrx_word' id='word_1_122' title='bbox 518 1917 574 1971; x_wconf 74' lang='grc' dir='ltr'><strong>δὲ</strong></span> <span class='ocrx_word' id='word_1_123' title='bbox 599 1918 743 1972; x_wconf 82' lang='grc' dir='ltr'>ποσὰ</span> <span class='ocrx_word' id='word_1_124' title='bbox 767 1917 954 1985; x_wconf 85' lang='grc' dir='ltr'>πέντε,</span> <span class='ocrx_word' id='word_1_125' title='bbox 986 1917 1170 1989; x_wconf 85' lang='grc' dir='ltr'>σῶμα,</span> <span class='ocrx_word' id='word_1_126' title='bbox 1194 1916 1511 1987; x_wconf 74' lang='grc' dir='ltr'>ἐπιφάνεια,</span> <span class='ocrx_word' id='word_1_127' title='bbox 1536 1915 1797 1986; x_wconf 81' lang='grc' dir='ltr'>γραμμὴ,</span> 
     </span>
    </p>
   </div>
   <div class='ocr_carea' id='block_1_20' title="bbox 203 2006 1799 2083">
    <p class='ocr_par' dir='ltr' id='par_1_20' title="bbox 203 2006 1799 2083">
     <span class='ocr_line' id='line_1_20' title="bbox 203 2006 1799 2083; baseline -0.003 -20"><span class='ocrx_word' id='word_1_128' title='bbox 203 2009 415 2074; x_wconf 78' lang='grc' dir='ltr'>τόπος,</span> <span class='ocrx_word' id='word_1_129' title='bbox 476 2009 685 2081; x_wconf 87' lang='grc' dir='ltr'>χρόνος.</span> <span class='ocrx_word' id='word_1_130' title='bbox 739 2011 863 2083; x_wconf 82' lang='grc' dir='ltr'>Χρὴ</span> <span class='ocrx_word' id='word_1_131' title='bbox 920 2009 977 2063; x_wconf 83' lang='grc' dir='ltr'>δὲ</span> <span class='ocrx_word' id='word_1_132' title='bbox 1023 2008 1336 2079; x_wconf 82' lang='grc' dir='ltr'>γινώσκειν,</span> <span class='ocrx_word' id='word_1_133' title='bbox 1397 2010 1545 2078; x_wconf 80' lang='grc' dir='ltr'>ὃτιὴ</span> <span class='ocrx_word' id='word_1_134' title='bbox 1595 2006 1799 2078; x_wconf 85' lang='grc' dir='ltr'>στιγμὴ</span> 
     </span>
    </p>
   </div>
   <div class='ocr_carea' id='block_1_21' title="bbox 206 2100 1796 2175">
    <p class='ocr_par' dir='ltr' id='par_1_21' title="bbox 206 2100 1796 2175">
     <span class='ocr_line' id='line_1_21' title="bbox 206 2100 1796 2175; baseline -0.002 -20"><span class='ocrx_word' id='word_1_135' title='bbox 206 2101 419 2165; x_wconf 73' lang='grc' dir='ltr'>ἄποσός</span> <span class='ocrx_word' id='word_1_136' title='bbox 451 2104 621 2157; x_wconf 78' lang='grc' dir='ltr'>ἐστιν.</span> <span class='ocrx_word' id='word_1_137' title='bbox 653 2104 729 2157; x_wconf 76' lang='grc' dir='ltr'><strong>Οὐ</strong></span> <span class='ocrx_word' id='word_1_138' title='bbox 763 2105 875 2174; x_wconf 81' lang='grc' dir='ltr'>γὰρ</span> <span class='ocrx_word' id='word_1_139' title='bbox 935 2104 1234 2175; x_wconf 84' lang='grc' dir='ltr'>μετρεῖται,</span> <span class='ocrx_word' id='word_1_140' title='bbox 1280 2101 1401 2156; x_wconf 74' lang='grc' dir='ltr'><strong>οὐδὲ</strong></span> <span class='ocrx_word' id='word_1_141' title='bbox 1448 2100 1796 2172; x_wconf 77' lang='grc' dir='ltr'>ἀριθμεῖταιο</span> 
     </span>
    </p>
   </div>
   <div class='ocr_carea' id='block_1_22' title="bbox 206 2192 1801 2267">
    <p class='ocr_par' dir='ltr' id='par_1_22' title="bbox 206 2192 1801 2267">
     <span class='ocr_line' id='line_1_22' title="bbox 206 2192 1801 2267; baseline 0.001 -21"><span class='ocrx_word' id='word_1_142' title='bbox 206 2194 404 2266; x_wconf 78' lang='grc' dir='ltr'>ἐπειδὴ</span> <span class='ocrx_word' id='word_1_143' title='bbox 448 2196 549 2248; x_wconf 81' lang='grc' dir='ltr'>οὐκ</span> <span class='ocrx_word' id='word_1_144' title='bbox 594 2195 709 2267; x_wconf 84' lang='grc' dir='ltr'>ἔχει</span> <span class='ocrx_word' id='word_1_145' title='bbox 750 2195 1009 2266; x_wconf 82' lang='grc' dir='ltr'>οὐδεμίαν</span> <span class='ocrx_word' id='word_1_146' title='bbox 1038 2197 1347 2252; x_wconf 78' lang='grc' dir='ltr'>διάστασιν.</span> <span class='ocrx_word' id='word_1_147' title='bbox 1386 2195 1452 2249; x_wconf 82' lang='grc' dir='ltr'>Ἦ</span> <span class='ocrx_word' id='word_1_148' title='bbox 1474 2195 1543 2248; x_wconf 70' lang='grc' dir='ltr'><strong>δὲ</strong></span> <span class='ocrx_word' id='word_1_149' title='bbox 1562 2192 1801 2266; x_wconf 85' lang='grc' dir='ltr'>γραμμὴ</span> 
     </span>
    </p>
   </div>
   <div class='ocr_carea' id='block_1_23' title="bbox 204 2284 1801 2359">
    <p class='ocr_par' dir='ltr' id='par_1_23' title="bbox 204 2284 1801 2359">
     <span class='ocr_line' id='line_1_23' title="bbox 204 2284 1801 2359; baseline 0.001 -22"><span class='ocrx_word' id='word_1_150' title='bbox 204 2284 325 2354; x_wconf 79' lang='grc' dir='ltr'>ἔχει</span> <span class='ocrx_word' id='word_1_151' title='bbox 353 2286 483 2356; x_wconf 83' lang='grc' dir='ltr'>μίαν</span> <span class='ocrx_word' id='word_1_152' title='bbox 502 2286 782 2342; x_wconf 87' lang='grc' dir='ltr'>διάστασιν</span> <span class='ocrx_word' id='word_1_153' title='bbox 812 2305 825 2320; x_wconf 90' lang='grc'><strong>·</strong></span> <span class='ocrx_word' id='word_1_154' title='bbox 860 2288 976 2342; x_wconf 73' lang='grc' dir='ltr'>ἐστι</span> <span class='ocrx_word' id='word_1_155' title='bbox 1015 2287 1125 2359; x_wconf 86' lang='grc' dir='ltr'>γὰρ</span> <span class='ocrx_word' id='word_1_156' title='bbox 1157 2287 1338 2359; x_wconf 85' lang='grc' dir='ltr'>μῆκος</span> <span class='ocrx_word' id='word_1_157' title='bbox 1361 2286 1623 2350; x_wconf 77' lang='grc' dir='ltr'>ἀπλατές.</span> <span class='ocrx_word' id='word_1_158' title='bbox 1650 2285 1801 2357; x_wconf 78' lang='grc' dir='ltr'>Αὕτη</span> 
     </span>
    </p>
   </div>
   <div class='ocr_carea' id='block_1_24' title="bbox 205 2372 1803 2451">
    <p class='ocr_par' dir='ltr' id='par_1_24' title="bbox 205 2372 1803 2451">
     <span class='ocr_line' id='line_1_24' title="bbox 205 2372 1803 2451; baseline 0.001 -22"><span class='ocrx_word' id='word_1_159' title='bbox 205 2372 309 2430; x_wconf 73' lang='grc' dir='ltr'>οὖν</span> <span class='ocrx_word' id='word_1_160' title='bbox 336 2377 443 2433; x_wconf 78' lang='grc' dir='ltr'><strong>ὑπὸ</strong></span> <span class='ocrx_word' id='word_1_161' title='bbox 472 2377 531 2431; x_wconf 82' lang='grc' dir='ltr'><strong>τὸ</strong></span> <span class='ocrx_word' id='word_1_162' title='bbox 565 2379 788 2450; x_wconf 82' lang='grc' dir='ltr'>συνεχὲς</span> <span class='ocrx_word' id='word_1_163' title='bbox 821 2379 988 2433; x_wconf 80' lang='grc' dir='ltr'>ποσὸν</span> <span class='ocrx_word' id='word_1_164' title='bbox 1024 2380 1312 2449; x_wconf 82' lang='grc' dir='ltr'>ἀνάγεται.</span> <span class='ocrx_word' id='word_1_165' title='bbox 1344 2379 1461 2433; x_wconf 83' lang='grc' dir='ltr'>Μία</span> <span class='ocrx_word' id='word_1_166' title='bbox 1497 2377 1607 2451; x_wconf 82' lang='grc' dir='ltr'>γὰρ</span> <span class='ocrx_word' id='word_1_167' title='bbox 1666 2373 1803 2432; x_wconf 79' lang='grc' dir='ltr'>οὖσα</span> 
     </span>
    </p>
   </div>
   <div class='ocr_carea' id='block_1_25' title="bbox 209 2471 1803 2545">
    <p class='ocr_par' dir='ltr' id='par_1_25' title="bbox 209 2471 1803 2545">
     <span class='ocr_line' id='line_1_25' title="bbox 209 2471 1803 2545; baseline 0.003 -23"><span class='ocrx_word' id='word_1_168' title='bbox 209 2472 519 2539; x_wconf 83' lang='grc' dir='ltr'>μετρεῖται,</span> <span class='ocrx_word' id='word_1_169' title='bbox 555 2472 746 2526; x_wconf 76' lang='grc' dir='ltr'>καὶτὰ</span> <span class='ocrx_word' id='word_1_170' title='bbox 783 2473 949 2545; x_wconf 88' lang='grc' dir='ltr'>μόρια</span> <span class='ocrx_word' id='word_1_171' title='bbox 998 2474 1169 2543; x_wconf 82' lang='grc' dir='ltr'>αὐτῆς</span> <span class='ocrx_word' id='word_1_172' title='bbox 1214 2472 1401 2544; x_wconf 73' lang='grc' dir='ltr'>ἔχουσι</span> <span class='ocrx_word' id='word_1_173' title='bbox 1448 2471 1629 2526; x_wconf 83' lang='grc' dir='ltr'>κοινὸν</span> <span class='ocrx_word' id='word_1_174' title='bbox 1674 2472 1803 2542; x_wconf 84' lang='grc' dir='ltr'>ὅρον</span> 
     </span>
    </p>
   </div>
   <div class='ocr_carea' id='block_1_26' title="bbox 208 2564 1804 2638">
    <p class='ocr_par' dir='ltr' id='par_1_26' title="bbox 208 2564 1804 2638">
     <span class='ocr_line' id='line_1_26' title="bbox 208 2564 1804 2638; baseline 0.002 -22"><span class='ocrx_word' id='word_1_175' title='bbox 208 2565 561 2619; x_wconf 81' lang='grc' dir='ltr'>συνάπτοντα</span> <span class='ocrx_word' id='word_1_176' title='bbox 583 2564 743 2630; x_wconf 80' lang='grc' dir='ltr'>αὐτὰ,</span> <span class='ocrx_word' id='word_1_177' title='bbox 764 2566 865 2635; x_wconf 78' lang='grc' dir='ltr'>τὴν</span> <span class='ocrx_word' id='word_1_178' title='bbox 896 2566 1103 2637; x_wconf 82' lang='grc' dir='ltr'>μεταξὺ</span> <span class='ocrx_word' id='word_1_179' title='bbox 1125 2568 1362 2638; x_wconf 84' lang='grc' dir='ltr'>στιγμήν</span> <span class='ocrx_word' id='word_1_180' title='bbox 1395 2583 1410 2598; x_wconf 89' lang='grc'><strong>·</strong></span> <span class='ocrx_word' id='word_1_181' title='bbox 1425 2565 1719 2636; x_wconf 76' lang='grc' dir='ltr'>ἐπιφάνεια</span> <span class='ocrx_word' id='word_1_182' title='bbox 1745 2565 1804 2619; x_wconf 82' lang='grc' dir='ltr'>δέ</span> 
     </span>
    </p>
   </div>
   <div class='ocr_carea' id='block_1_27' title="bbox 204 2656 1800 2731">
    <p class='ocr_par' dir='ltr' id='par_1_27' title="bbox 204 2656 1800 2731">
     <span class='ocr_line' id='line_1_27' title="bbox 204 2656 1800 2731; baseline 0.003 -23"><span class='ocrx_word' id='word_1_183' title='bbox 204 2657 356 2721; x_wconf 72' lang='grc' dir='ltr'>ἐστι,</span> <span class='ocrx_word' id='word_1_184' title='bbox 388 2656 449 2709; x_wconf 82' lang='grc' dir='ltr'><strong>τὸ</strong></span> <span class='ocrx_word' id='word_1_185' title='bbox 478 2657 584 2724; x_wconf 78' lang='grc' dir='ltr'><strong>ἔξω</strong></span> <span class='ocrx_word' id='word_1_186' title='bbox 608 2659 774 2729; x_wconf 86' lang='grc' dir='ltr'>μέρος</span> <span class='ocrx_word' id='word_1_187' title='bbox 794 2658 890 2712; x_wconf 80' lang='grc' dir='ltr'><strong>τοῦ</strong></span> <span class='ocrx_word' id='word_1_188' title='bbox 922 2656 1195 2731; x_wconf 86' lang='grc' dir='ltr'>σώματος,</span> <span class='ocrx_word' id='word_1_189' title='bbox 1222 2659 1376 2731; x_wconf 79' lang='grc' dir='ltr'>παρὰ</span> <span class='ocrx_word' id='word_1_190' title='bbox 1404 2658 1466 2713; x_wconf 80' lang='grc' dir='ltr'><strong>τὸ</strong></span> <span class='ocrx_word' id='word_1_191' title='bbox 1490 2658 1800 2729; x_wconf 88' lang='grc' dir='ltr'>φαίνεσθαι.</span> 
     </span>
    </p>
   </div>
   <div class='ocr_carea' id='block_1_28' title="bbox 210 2748 1805 2822">
    <p class='ocr_par' dir='ltr' id='par_1_28' title="bbox 210 2748 1805 2822">
     <span class='ocr_line' id='line_1_28' title="bbox 210 2748 1805 2822; baseline 0.002 -21"><span class='ocrx_word' id='word_1_192' title='bbox 210 2749 375 2817; x_wconf 85' lang='grc' dir='ltr'>Ἔχει</span> <span class='ocrx_word' id='word_1_193' title='bbox 410 2749 464 2801; x_wconf 80' lang='grc' dir='ltr'><strong>δὲ</strong></span> <span class='ocrx_word' id='word_1_194' title='bbox 505 2748 599 2803; x_wconf 82' lang='grc' dir='ltr'><strong>δύο</strong></span> <span class='ocrx_word' id='word_1_195' title='bbox 658 2750 1001 2819; x_wconf 78' lang='grc' dir='ltr'>διαστάσεις,</span> <span class='ocrx_word' id='word_1_196' title='bbox 1068 2752 1244 2822; x_wconf 85' lang='grc' dir='ltr'>μῆκος</span> <span class='ocrx_word' id='word_1_197' title='bbox 1289 2752 1385 2806; x_wconf 71' lang='grc' dir='ltr'><strong>καὶ</strong></span> <span class='ocrx_word' id='word_1_198' title='bbox 1426 2751 1651 2814; x_wconf 80' lang='grc' dir='ltr'>πλάτος.</span> <span class='ocrx_word' id='word_1_199' title='bbox 1695 2750 1805 2805; x_wconf 78' lang='grc' dir='ltr'><strong>Καὶ</strong></span> 
     </span>
    </p>
   </div>
   <div class='ocr_carea' id='block_1_29' title="bbox 206 2839 1806 2916">
    <p class='ocr_par' dir='ltr' id='par_1_29' title="bbox 206 2839 1806 2916">
     <span class='ocr_line' id='line_1_29' title="bbox 206 2839 1806 2916; baseline 0.001 -21"><span class='ocrx_word' id='word_1_200' title='bbox 206 2839 357 2911; x_wconf 71' lang='grc' dir='ltr'>αὕτη</span> <span class='ocrx_word' id='word_1_201' title='bbox 383 2842 439 2895; x_wconf 84' lang='grc' dir='ltr'>δὲ</span> <span class='ocrx_word' id='word_1_202' title='bbox 469 2842 567 2913; x_wconf 88' lang='grc' dir='ltr'><strong>μία</strong></span> <span class='ocrx_word' id='word_1_203' title='bbox 614 2839 769 2909; x_wconf 83' lang='grc' dir='ltr'>οὖσα,</span> <span class='ocrx_word' id='word_1_204' title='bbox 824 2846 1140 2916; x_wconf 83' lang='grc' dir='ltr'>μετρεῖται,</span> <span class='ocrx_word' id='word_1_205' title='bbox 1206 2845 1303 2898; x_wconf 71' lang='grc' dir='ltr'>καὶ</span> <span class='ocrx_word' id='word_1_206' title='bbox 1325 2843 1395 2897; x_wconf 82' lang='grc' dir='ltr'>τὰ</span> <span class='ocrx_word' id='word_1_207' title='bbox 1425 2844 1592 2915; x_wconf 90' lang='grc' dir='ltr'>μόρια</span> <span class='ocrx_word' id='word_1_208' title='bbox 1632 2843 1806 2914; x_wconf 77' lang='grc' dir='ltr'>αὐτῆς</span> 
     </span>
    </p>
   </div>
   <div class='ocr_carea' id='block_1_30' title="bbox 204 2935 1805 3010">
    <p class='ocr_par' dir='ltr' id='par_1_30' title="bbox 204 2935 1805 3010">
     <span class='ocr_line' id='line_1_30' title="bbox 204 2935 1805 3010; baseline 0 -22"><span class='ocrx_word' id='word_1_209' title='bbox 204 2937 402 3007; x_wconf 79' lang='grc' dir='ltr'>ἔχουσι</span> <span class='ocrx_word' id='word_1_210' title='bbox 448 2936 627 2992; x_wconf 82' lang='grc' dir='ltr'>κοινὸν</span> <span class='ocrx_word' id='word_1_211' title='bbox 670 2939 798 3010; x_wconf 85' lang='grc' dir='ltr'>ὅρον</span> <span class='ocrx_word' id='word_1_212' title='bbox 836 2938 1181 2992; x_wconf 88' lang='grc' dir='ltr'>συνάπτοντα</span> <span class='ocrx_word' id='word_1_213' title='bbox 1223 2938 1366 2991; x_wconf 80' lang='grc' dir='ltr'>αὐτὰ</span> <span class='ocrx_word' id='word_1_214' title='bbox 1391 2977 1406 2999; x_wconf 85' lang='grc'><strong>,</strong></span> <span class='ocrx_word' id='word_1_215' title='bbox 1452 2936 1549 3008; x_wconf 80' lang='grc' dir='ltr'><strong>τὴν</strong></span> <span class='ocrx_word' id='word_1_216' title='bbox 1601 2935 1805 3007; x_wconf 81' lang='grc' dir='ltr'>μεταξὺ</span> 
     </span>
    </p>
   </div>
   <div class='ocr_carea' id='block_1_31' title="bbox 204 3026 1807 3101">
    <p class='ocr_par' dir='ltr' id='par_1_31' title="bbox 204 3026 1807 3101">
     <span class='ocr_line' id='line_1_31' title="bbox 204 3026 1807 3101; baseline 0.002 -25"><span class='ocrx_word' id='word_1_217' title='bbox 204 3026 507 3101; x_wconf 83' lang='grc' dir='ltr'>γραμμήν.</span> <span class='ocrx_word' id='word_1_218' title='bbox 564 3027 685 3100; x_wconf 88' lang='grc' dir='ltr'><strong>Χρὴ</strong></span> <span class='ocrx_word' id='word_1_219' title='bbox 706 3027 762 3080; x_wconf 87' lang='grc' dir='ltr'><strong>δὲ</strong></span> <span class='ocrx_word' id='word_1_220' title='bbox 799 3028 1114 3096; x_wconf 85' lang='grc' dir='ltr'>γινώσκειν,</span> <span class='ocrx_word' id='word_1_221' title='bbox 1159 3029 1243 3082; x_wconf 82' lang='grc' dir='ltr'><strong>ὅτι</strong></span> <span class='ocrx_word' id='word_1_222' title='bbox 1270 3030 1302 3100; x_wconf 86' lang='grc' dir='ltr'><strong>ή</strong></span> <span class='ocrx_word' id='word_1_223' title='bbox 1330 3029 1429 3099; x_wconf 85' lang='grc' dir='ltr'><strong>μὲν</strong></span> <span class='ocrx_word' id='word_1_224' title='bbox 1474 3027 1655 3100; x_wconf 83' lang='grc' dir='ltr'>ὁμαλὴ</span> <span class='ocrx_word' id='word_1_225' title='bbox 1712 3027 1807 3082; x_wconf 76' lang='grc' dir='ltr'>καὶ</span> 
     </span>
    </p>
   </div>
   <div class='ocr_carea' id='block_1_32' title="bbox 207 3116 1807 3191">
    <p class='ocr_par' dir='ltr' id='par_1_32' title="bbox 207 3116 1807 3191">
     <span class='ocr_line' id='line_1_32' title="bbox 207 3116 1807 3191; baseline 0.003 -24"><span class='ocrx_word' id='word_1_226' title='bbox 207 3116 308 3188; x_wconf 72' lang='grc' dir='ltr'>ἴση</span> <span class='ocrx_word' id='word_1_227' title='bbox 345 3117 639 3187; x_wconf 72' lang='grc' dir='ltr'>ἐπιφάνεια</span> <span class='ocrx_word' id='word_1_228' title='bbox 681 3119 941 3184; x_wconf 78' lang='grc' dir='ltr'>ἐπίπεδος</span> <span class='ocrx_word' id='word_1_229' title='bbox 962 3120 1186 3190; x_wconf 86' lang='grc' dir='ltr'>λέγεται</span> <span class='ocrx_word' id='word_1_230' title='bbox 1206 3137 1220 3152; x_wconf 69' lang='grc'><strong><em>⁸</em></strong></span> <span class='ocrx_word' id='word_1_231' title='bbox 1248 3123 1282 3191; x_wconf 87' lang='grc' dir='ltr'><strong>ή</strong></span> <span class='ocrx_word' id='word_1_232' title='bbox 1305 3120 1362 3173; x_wconf 85' lang='grc' dir='ltr'><strong>δὲ</strong></span> <span class='ocrx_word' id='word_1_233' title='bbox 1395 3118 1680 3190; x_wconf 84' lang='grc' dir='ltr'>ἀνώμαλος</span> <span class='ocrx_word' id='word_1_234' title='bbox 1711 3120 1807 3174; x_wconf 76' lang='grc' dir='ltr'><strong>καὶ</strong></span> 
     </span>
    </p>
   </div>
   <div class='ocr_carea' id='block_1_33' title="bbox 208 3208 1806 3285">
    <p class='ocr_par' dir='ltr' id='par_1_33' title="bbox 208 3208 1806 3285">
     <span class='ocr_line' id='line_1_33' title="bbox 208 3208 1806 3285; baseline 0.002 -23"><span class='ocrx_word' id='word_1_235' title='bbox 208 3208 451 3277; x_wconf 82' lang='grc' dir='ltr'>σκολιά,</span> <span class='ocrx_word' id='word_1_236' title='bbox 497 3210 687 3275; x_wconf 82' lang='grc' dir='ltr'>ἁπλῶς</span> <span class='ocrx_word' id='word_1_237' title='bbox 729 3212 1046 3282; x_wconf 81' lang='grc' dir='ltr'>ἐπιφάνεια.</span> <span class='ocrx_word' id='word_1_238' title='bbox 1085 3213 1157 3266; x_wconf 70' lang='lat' dir='ltr'><strong>To</strong></span> <span class='ocrx_word' id='word_1_239' title='bbox 1195 3213 1254 3267; x_wconf 82' lang='grc' dir='ltr'><strong>δὲ</strong></span> <span class='ocrx_word' id='word_1_240' title='bbox 1295 3212 1457 3284; x_wconf 86' lang='grc' dir='ltr'>σῶμα</span> <span class='ocrx_word' id='word_1_241' title='bbox 1494 3212 1607 3284; x_wconf 76' lang='grc' dir='ltr'>ἔχει</span> <span class='ocrx_word' id='word_1_242' title='bbox 1656 3215 1806 3285; x_wconf 87' lang='grc' dir='ltr'>τρεῖς</span> 
     </span>
    </p>
   </div>
   <div class='ocr_carea' id='block_1_34' title="bbox 203 3302 1803 3376">
    <p class='ocr_par' dir='ltr' id='par_1_34' title="bbox 203 3302 1803 3376">
     <span class='ocr_line' id='line_1_34' title="bbox 203 3302 1803 3376; baseline 0.001 -20"><span class='ocrx_word' id='word_1_243' title='bbox 203 3302 549 3370; x_wconf 75' lang='grc' dir='ltr'>διαστάσεις,</span> <span class='ocrx_word' id='word_1_244' title='bbox 610 3304 808 3375; x_wconf 80' lang='grc' dir='ltr'>μῆκος,</span> <span class='ocrx_word' id='word_1_245' title='bbox 868 3305 1091 3372; x_wconf 88' lang='grc' dir='ltr'>πλάτος,</span> <span class='ocrx_word' id='word_1_246' title='bbox 1136 3304 1322 3376; x_wconf 84' lang='grc' dir='ltr'>βάθος,</span> <span class='ocrx_word' id='word_1_247' title='bbox 1367 3306 1536 3376; x_wconf 74' lang='grc' dir='ltr'>ἤγουν</span> <span class='ocrx_word' id='word_1_248' title='bbox 1587 3306 1762 3376; x_wconf 84' lang='grc' dir='ltr'>πάχος</span> <span class='ocrx_word' id='word_1_249' title='bbox 1788 3321 1803 3335; x_wconf 90' lang='grc'><strong>·</strong></span> 
     </span>
    </p>
   </div>
   <div class='ocr_carea' id='block_1_35' title="bbox 204 3395 1806 3471">
    <p class='ocr_par' dir='ltr' id='par_1_35' title="bbox 204 3395 1806 3471">
     <span class='ocr_line' id='line_1_35' title="bbox 204 3395 1806 3471; baseline 0.001 -22"><span class='ocrx_word' id='word_1_250' title='bbox 204 3397 312 3449; x_wconf 72' lang='grc' dir='ltr'><strong>καὶ</strong></span> <span class='ocrx_word' id='word_1_251' title='bbox 344 3395 404 3449; x_wconf 81' lang='grc' dir='ltr'>ἓν</span> <span class='ocrx_word' id='word_1_252' title='bbox 454 3397 735 3469; x_wconf 84' lang='grc' dir='ltr'>ὑπάρχον,</span> <span class='ocrx_word' id='word_1_253' title='bbox 797 3401 1115 3470; x_wconf 81' lang='grc' dir='ltr'>μετρεῖται·</span> <span class='ocrx_word' id='word_1_254' title='bbox 1162 3399 1255 3452; x_wconf 80' lang='grc' dir='ltr'><strong>καὶ</strong></span> <span class='ocrx_word' id='word_1_255' title='bbox 1304 3398 1374 3451; x_wconf 79' lang='grc' dir='ltr'>τὰ</span> <span class='ocrx_word' id='word_1_256' title='bbox 1417 3398 1584 3471; x_wconf 90' lang='grc' dir='ltr'>μόρια</span> <span class='ocrx_word' id='word_1_257' title='bbox 1640 3396 1806 3452; x_wconf 80' lang='grc' dir='ltr'>αὑτοῦ</span> 
     </span>
    </p>
   </div>
   <div class='ocr_carea' id='block_1_36' title="bbox 205 3488 1804 3562">
    <p class='ocr_par' dir='ltr' id='par_1_36' title="bbox 205 3488 1804 3562">
     <span class='ocr_line' id='line_1_36' title="bbox 205 3488 1804 3562; baseline 0.001 -21"><span class='ocrx_word' id='word_1_258' title='bbox 205 3488 402 3558; x_wconf 74' lang='grc' dir='ltr'>έχουσι</span> <span class='ocrx_word' id='word_1_259' title='bbox 430 3491 609 3544; x_wconf 84' lang='grc' dir='ltr'>κοινὸν</span> <span class='ocrx_word' id='word_1_260' title='bbox 641 3491 769 3562; x_wconf 86' lang='grc' dir='ltr'>ὅρον</span> <span class='ocrx_word' id='word_1_261' title='bbox 797 3492 1141 3546; x_wconf 83' lang='grc' dir='ltr'>συνάπτοντα</span> <span class='ocrx_word' id='word_1_262' title='bbox 1164 3490 1323 3557; x_wconf 81' lang='grc' dir='ltr'>αὐτὰ,</span> <span class='ocrx_word' id='word_1_263' title='bbox 1344 3490 1445 3562; x_wconf 81' lang='grc' dir='ltr'>τὴν</span> <span class='ocrx_word' id='word_1_264' title='bbox 1458 3490 1804 3560; x_wconf 79' lang='grc' dir='ltr'>ἐπιφάνειαν.</span> 
     </span>
    </p>
   </div>
   <div class='ocr_carea' id='block_1_37' title="bbox 204 3581 1809 3654">
    <p class='ocr_par' dir='ltr' id='par_1_37' title="bbox 204 3581 1809 3654">
     <span class='ocr_line' id='line_1_37' title="bbox 204 3581 1809 3654; baseline 0 -19"><span class='ocrx_word' id='word_1_265' title='bbox 204 3581 327 3635; x_wconf 70' lang='grc' dir='ltr'><strong>Καὶ</strong></span> <span class='ocrx_word' id='word_1_266' title='bbox 358 3582 389 3634; x_wconf 86' lang='grc' dir='ltr'><strong>ό</strong></span> <span class='ocrx_word' id='word_1_267' title='bbox 426 3581 591 3648; x_wconf 87' lang='grc' dir='ltr'>τόπος</span> <span class='ocrx_word' id='word_1_268' title='bbox 631 3583 690 3637; x_wconf 80' lang='grc' dir='ltr'><strong>δὲ</strong></span> <span class='ocrx_word' id='word_1_269' title='bbox 738 3584 1039 3653; x_wconf 77' lang='grc' dir='ltr'>ἐπιφάνειά</span> <span class='ocrx_word' id='word_1_270' title='bbox 1081 3585 1199 3637; x_wconf 79' lang='grc' dir='ltr'>ἐστι</span> <span class='ocrx_word' id='word_1_271' title='bbox 1238 3581 1333 3636; x_wconf 81' lang='grc' dir='ltr'>τοῦ</span> <span class='ocrx_word' id='word_1_272' title='bbox 1373 3583 1557 3654; x_wconf 85' lang='grc' dir='ltr'>ἀέρος.</span> <span class='ocrx_word' id='word_1_273' title='bbox 1594 3581 1653 3637; x_wconf 77' lang='grc'><strong>’0</strong></span> <span class='ocrx_word' id='word_1_274' title='bbox 1698 3583 1809 3653; x_wconf 81' lang='grc' dir='ltr'>γὰρ</span> 
     </span>
    </p>
   </div>
   <div class='ocr_carea' id='block_1_38' title="bbox 215 3674 1808 3749">
    <p class='ocr_par' dir='ltr' id='par_1_38' title="bbox 215 3674 1808 3749">
     <span class='ocr_line' id='line_1_38' title="bbox 215 3674 1808 3749; baseline -0.002 -20"><span class='ocrx_word' id='word_1_275' title='bbox 215 3674 393 3739; x_wconf 76' lang='grc' dir='ltr'>τόπος</span> <span class='ocrx_word' id='word_1_276' title='bbox 425 3692 543 3742; x_wconf 90' lang='grc' dir='ltr'>σου,</span> <span class='ocrx_word' id='word_1_277' title='bbox 582 3677 899 3747; x_wconf 75' lang='grc' dir='ltr'>ἐπιφάνεια,</span> <span class='ocrx_word' id='word_1_278' title='bbox 927 3677 1095 3749; x_wconf 71' lang='grc' dir='ltr'>ἤγουν</span> <span class='ocrx_word' id='word_1_279' title='bbox 1124 3676 1185 3730; x_wconf 84' lang='grc' dir='ltr'><strong>τὸ</strong></span> <span class='ocrx_word' id='word_1_280' title='bbox 1207 3675 1356 3740; x_wconf 85' lang='grc' dir='ltr'>τέλος</span> <span class='ocrx_word' id='word_1_281' title='bbox 1380 3674 1475 3728; x_wconf 78' lang='grc' dir='ltr'>τοῦ</span> <span class='ocrx_word' id='word_1_282' title='bbox 1520 3674 1808 3745; x_wconf 88' lang='grc' dir='ltr'>περιέχον-</span> 
     </span>
    </p>
   </div>
   <div class='ocr_carea' id='block_1_39' title="bbox 206 3764 1809 3839">
    <p class='ocr_par' dir='ltr' id='par_1_39' title="bbox 206 3764 1809 3839">
     <span class='ocr_line' id='line_1_39' title="bbox 206 3764 1809 3839; baseline -0.004 -18"><span class='ocrx_word' id='word_1_283' title='bbox 206 3767 310 3830; x_wconf 80' lang='grc' dir='ltr'><strong>τός</strong></span> <span class='ocrx_word' id='word_1_284' title='bbox 342 3785 403 3820; x_wconf 90' lang='grc' dir='ltr'><strong>σε</strong></span> <span class='ocrx_word' id='word_1_285' title='bbox 431 3768 595 3839; x_wconf 83' lang='grc' dir='ltr'>ἀέρος</span> <span class='ocrx_word' id='word_1_286' title='bbox 625 3769 764 3835; x_wconf 74' lang='grc' dir='ltr'>ἐστὶ,</span> <span class='ocrx_word' id='word_1_287' title='bbox 800 3770 897 3826; x_wconf 79' lang='grc' dir='ltr'>καὶ</span> <span class='ocrx_word' id='word_1_288' title='bbox 925 3769 1000 3833; x_wconf 84' lang='grc' dir='ltr'><strong>ὡς</strong></span> <span class='ocrx_word' id='word_1_289' title='bbox 1023 3768 1341 3839; x_wconf 77' lang='grc' dir='ltr'>ἐπιφάνεια,</span> <span class='ocrx_word' id='word_1_290' title='bbox 1365 3765 1472 3820; x_wconf 81' lang='grc' dir='ltr'>ὑπὸ</span> <span class='ocrx_word' id='word_1_291' title='bbox 1497 3766 1557 3819; x_wconf 85' lang='grc' dir='ltr'><strong>τὸ</strong></span> <span class='ocrx_word' id='word_1_292' title='bbox 1586 3764 1809 3835; x_wconf 85' lang='grc' dir='ltr'>συνεχὲς</span> 
     </span>
    </p>
   </div>
   <div class='ocr_carea' id='block_1_40' title="bbox 207 3858 1809 3935">
    <p class='ocr_par' dir='ltr' id='par_1_40' title="bbox 207 3858 1809 3935">
     <span class='ocr_line' id='line_1_40' title="bbox 207 3858 1809 3935; baseline -0.002 -21"><span class='ocrx_word' id='word_1_293' title='bbox 207 3862 388 3914; x_wconf 79' lang='grc' dir='ltr'>ποσὸν</span> <span class='ocrx_word' id='word_1_294' title='bbox 419 3861 707 3931; x_wconf 82' lang='grc' dir='ltr'>ἀνάγεται.</span> <span class='ocrx_word' id='word_1_295' title='bbox 764 3863 925 3918; x_wconf 78' lang='grc' dir='ltr'>Καὶό</span> <span class='ocrx_word' id='word_1_296' title='bbox 947 3864 1141 3935; x_wconf 86' lang='grc' dir='ltr'>χρόνος</span> <span class='ocrx_word' id='word_1_297' title='bbox 1178 3862 1235 3915; x_wconf 81' lang='grc' dir='ltr'><strong>δὲ</strong></span> <span class='ocrx_word' id='word_1_298' title='bbox 1272 3862 1558 3933; x_wconf 88' lang='grc' dir='ltr'>μετρεῖται</span> <span class='ocrx_word' id='word_1_299' title='bbox 1608 3860 1689 3922; x_wconf 87' lang='grc' dir='ltr'><strong>είς</strong></span> <span class='ocrx_word' id='word_1_300' title='bbox 1716 3858 1809 3911; x_wconf 81' lang='grc' dir='ltr'><strong>τὸν</strong></span> 
     </span>
    </p>
   </div>
   <div class='ocr_carea' id='block_1_41' title="bbox 208 3948 1810 4027">
    <p class='ocr_par' dir='ltr' id='par_1_41' title="bbox 208 3948 1810 4027">
     <span class='ocr_line' id='line_1_41' title="bbox 208 3948 1810 4027; baseline -0.005 -17"><span class='ocrx_word' id='word_1_301' title='bbox 208 3954 660 4027; x_wconf 81' lang='grc' dir='ltr'>παρεληλυθότα,</span> <span class='ocrx_word' id='word_1_302' title='bbox 692 3956 788 4010; x_wconf 78' lang='grc' dir='ltr'><strong>καὶ</strong></span> <span class='ocrx_word' id='word_1_303' title='bbox 815 3957 896 4019; x_wconf 79' lang='grc' dir='ltr'>εἰς</span> <span class='ocrx_word' id='word_1_304' title='bbox 930 3956 1021 4008; x_wconf 80' lang='grc' dir='ltr'><strong>τὸν</strong></span> <span class='ocrx_word' id='word_1_305' title='bbox 1055 3954 1355 4025; x_wconf 78' lang='grc' dir='ltr'>μέλλονταο</span> <span class='ocrx_word' id='word_1_306' title='bbox 1397 3952 1493 4006; x_wconf 78' lang='grc' dir='ltr'>καὶ</span> <span class='ocrx_word' id='word_1_307' title='bbox 1532 3951 1719 4022; x_wconf 77' lang='grc' dir='ltr'>έχουσι</span> <span class='ocrx_word' id='word_1_308' title='bbox 1740 3948 1810 4003; x_wconf 75' lang='grc' dir='ltr'>τὰ</span> 
     </span>
    </p>
   </div>
   <div class='ocr_carea' id='block_1_42' title="bbox 213 4040 1805 4120">
    <p class='ocr_par' dir='ltr' id='par_1_42' title="bbox 213 4040 1805 4120">
     <span class='ocr_line' id='line_1_42' title="bbox 213 4040 1805 4120; baseline 0 -22"><span class='ocrx_word' id='word_1_309' title='bbox 213 4048 389 4120; x_wconf 78' lang='grc' dir='ltr'>μόρια</span> <span class='ocrx_word' id='word_1_310' title='bbox 426 4047 593 4101; x_wconf 75' lang='grc' dir='ltr'>αὐτοῦ</span> <span class='ocrx_word' id='word_1_311' title='bbox 641 4048 821 4102; x_wconf 84' lang='grc' dir='ltr'>κοινὸν</span> <span class='ocrx_word' id='word_1_312' title='bbox 864 4049 988 4119; x_wconf 83' lang='grc' dir='ltr'>ὅρον</span> <span class='ocrx_word' id='word_1_313' title='bbox 1028 4047 1369 4102; x_wconf 84' lang='grc' dir='ltr'>συνάπτοντα</span> <span class='ocrx_word' id='word_1_314' title='bbox 1400 4044 1567 4109; x_wconf 81' lang='grc' dir='ltr'>αὐτὰ,</span> <span class='ocrx_word' id='word_1_315' title='bbox 1602 4043 1664 4097; x_wconf 81' lang='grc' dir='ltr'><strong>τὸ</strong></span> <span class='ocrx_word' id='word_1_316' title='bbox 1689 4040 1805 4098; x_wconf 79' lang='grc' dir='ltr'>νῦν.</span> 
     </span>
    </p>
   </div>
   <div class='ocr_carea' id='block_1_43' title="bbox 211 4136 1807 4211">
    <p class='ocr_par' dir='ltr' id='par_1_43' title="bbox 211 4136 1807 4211">
     <span class='ocr_line' id='line_1_43' title="bbox 211 4136 1807 4211; baseline -0.005 -15"><span class='ocrx_word' id='word_1_317' title='bbox 211 4142 292 4196; x_wconf 80' lang='grc' dir='ltr'><strong>τὸ</strong></span> <span class='ocrx_word' id='word_1_318' title='bbox 311 4140 374 4195; x_wconf 77' lang='grc' dir='ltr'><strong>δὲ</strong></span> <span class='ocrx_word' id='word_1_319' title='bbox 404 4140 502 4194; x_wconf 77' lang='grc' dir='ltr'>νῦν</span> <span class='ocrx_word' id='word_1_320' title='bbox 528 4138 734 4195; x_wconf 78' lang='grc' dir='ltr'>ἄποσόν</span> <span class='ocrx_word' id='word_1_321' title='bbox 765 4142 934 4195; x_wconf 82' lang='grc' dir='ltr'>ἐστιν.</span> <span class='ocrx_word' id='word_1_322' title='bbox 984 4140 1117 4195; x_wconf 83' lang='grc' dir='ltr'>Ἰδοὺ</span> <span class='ocrx_word' id='word_1_323' title='bbox 1143 4136 1238 4194; x_wconf 81' lang='grc' dir='ltr'><strong>οὖν</strong></span> <span class='ocrx_word' id='word_1_324' title='bbox 1266 4139 1396 4211; x_wconf 86' lang='grc' dir='ltr'>τρία</span> <span class='ocrx_word' id='word_1_325' title='bbox 1430 4139 1569 4191; x_wconf 74' lang='grc' dir='ltr'>εἰσὶν</span> <span class='ocrx_word' id='word_1_326' title='bbox 1602 4136 1807 4191; x_wconf 82' lang='grc' dir='ltr'>ἄποσα·</span> 
     </span>
    </p>
   </div>
   <div class='ocr_carea' id='block_1_44' title="bbox 214 4227 1810 4306">
    <p class='ocr_par' dir='ltr' id='par_1_44' title="bbox 214 4227 1810 4306">
     <span class='ocr_line' id='line_1_44' title="bbox 214 4227 1810 4306; baseline -0.006 -16"><span class='ocrx_word' id='word_1_327' title='bbox 214 4236 251 4306; x_wconf 76' lang='grc' dir='ltr'><strong>ἡ</strong></span> <span class='ocrx_word' id='word_1_328' title='bbox 274 4234 472 4305; x_wconf 77' lang='grc' dir='ltr'>μονάς,</span> <span class='ocrx_word' id='word_1_329' title='bbox 505 4235 601 4288; x_wconf 71' lang='grc' dir='ltr'><strong>καὶ</strong></span> <span class='ocrx_word' id='word_1_330' title='bbox 629 4234 662 4305; x_wconf 83' lang='grc' dir='ltr'><strong>ή</strong></span> <span class='ocrx_word' id='word_1_331' title='bbox 698 4234 921 4306; x_wconf 83' lang='grc' dir='ltr'>στιγμὴ,</span> <span class='ocrx_word' id='word_1_332' title='bbox 951 4233 1049 4287; x_wconf 75' lang='grc' dir='ltr'><strong>καὶ</strong></span> <span class='ocrx_word' id='word_1_333' title='bbox 1081 4232 1142 4286; x_wconf 79' lang='grc' dir='ltr'>τὸ</span> <span class='ocrx_word' id='word_1_334' title='bbox 1175 4232 1290 4286; x_wconf 83' lang='grc' dir='ltr'>νῦν.</span> <span class='ocrx_word' id='word_1_335' title='bbox 1338 4230 1448 4283; x_wconf 75' lang='grc' dir='ltr'><strong>Καὶ</strong></span> <span class='ocrx_word' id='word_1_336' title='bbox 1474 4228 1682 4300; x_wconf 80' lang='grc' dir='ltr'>κυρίως</span> <span class='ocrx_word' id='word_1_337' title='bbox 1711 4227 1810 4299; x_wconf 82' lang='grc' dir='ltr'><strong>μὲν</strong></span> 
     </span>
    </p>
   </div>
   <div class='ocr_carea' id='block_1_45' title="bbox 213 4321 1807 4395">
    <p class='ocr_par' dir='ltr' id='par_1_45' title="bbox 213 4321 1807 4395">
     <span class='ocr_line' id='line_1_45' title="bbox 213 4321 1807 4395; baseline -0.003 -16"><span class='ocrx_word' id='word_1_338' title='bbox 213 4328 395 4381; x_wconf 76' lang='grc' dir='ltr'>ταῦτα</span> <span class='ocrx_word' id='word_1_339' title='bbox 422 4327 602 4381; x_wconf 88' lang='grc' dir='ltr'>πάντα</span> <span class='ocrx_word' id='word_1_340' title='bbox 633 4326 705 4381; x_wconf 81' lang='grc' dir='ltr'>τὰ</span> <span class='ocrx_word' id='word_1_341' title='bbox 738 4328 879 4381; x_wconf 77' lang='grc' dir='ltr'>ἑπτὰ</span> <span class='ocrx_word' id='word_1_342' title='bbox 923 4327 1181 4395; x_wconf 85' lang='grc' dir='ltr'>λέγονται</span> <span class='ocrx_word' id='word_1_343' title='bbox 1233 4323 1398 4377; x_wconf 85' lang='grc' dir='ltr'><strong>ποσά⁹</strong></span> <span class='ocrx_word' id='word_1_344' title='bbox 1431 4329 1504 4390; x_wconf 85' lang='grc' dir='ltr'>α’,</span> <span class='ocrx_word' id='word_1_345' title='bbox 1536 4321 1807 4394; x_wconf 74' lang='grc' dir='ltr'>ἀριθμόςο</span> 
     </span>
    </p>
   </div>
   <div class='ocr_carea' id='block_1_46' title="bbox 215 4416 1812 4491">
    <p class='ocr_par' dir='ltr' id='par_1_46' title="bbox 215 4416 1812 4491">
     <span class='ocr_line' id='line_1_46' title="bbox 215 4416 1812 4491; baseline -0.021 0"><span class='ocrx_word' id='word_1_346' title='bbox 215 4417 285 4489; x_wconf 67' lang='grc' dir='ltr'><strong>β’»</strong></span> <span class='ocrx_word' id='word_1_347' title='bbox 302 4418 467 4488; x_wconf 72' lang='grc' dir='ltr'>λόγος</span> <span class='ocrx_word' id='word_1_348' title='bbox 491 4435 505 4448; x_wconf 91' lang='grc'><strong>·</strong></span> <span class='ocrx_word' id='word_1_349' title='bbox 529 4426 600 4487; x_wconf 85' lang='grc' dir='ltr'>γ’,</span> <span class='ocrx_word' id='word_1_350' title='bbox 626 4420 820 4490; x_wconf 89' lang='grc' dir='ltr'>χρόνος</span> <span class='ocrx_word' id='word_1_351' title='bbox 845 4436 856 4449; x_wconf 88' lang='grc'><em>’</em></span> <span class='ocrx_word' id='word_1_352' title='bbox 875 4419 941 4484; x_wconf 84' lang='grc' dir='ltr'><strong>δ’,</strong></span> <span class='ocrx_word' id='word_1_353' title='bbox 971 4419 1138 4482; x_wconf 89' lang='grc' dir='ltr'>τόπος</span> <span class='ocrx_word' id='word_1_354' title='bbox 1161 4435 1174 4450; x_wconf 89' lang='grc'><strong>·</strong></span> <span class='ocrx_word' id='word_1_355' title='bbox 1202 4424 1265 4484; x_wconf 82' lang='grc' dir='ltr'>ε’,</span> <span class='ocrx_word' id='word_1_356' title='bbox 1287 4417 1522 4491; x_wconf 79' lang='grc' dir='ltr'>γραμμή</span> <span class='ocrx_word' id='word_1_357' title='bbox 1545 4432 1558 4446; x_wconf 92' lang='grc'><strong>·</strong></span> <span class='ocrx_word' id='word_1_358' title='bbox 1597 4421 1673 4480; x_wconf 80' lang='grc' dir='ltr'><strong>ς’,</strong></span> <span class='ocrx_word' id='word_1_359' title='bbox 1699 4416 1812 4468; x_wconf 62' lang='lat' dir='ltr'><strong>em.</strong></span> 
     </span>
    </p>
   </div>
   <div class='ocr_carea' id='block_1_47' title="bbox 214 4512 754 4583">
    <p class='ocr_par' dir='ltr' id='par_1_47' title="bbox 214 4512 754 4583">
     <span class='ocr_line' id='line_1_47' title="bbox 214 4512 754 4583; baseline -0.002 -15"><span class='ocrx_word' id='word_1_360' title='bbox 214 4513 422 4583; x_wconf 70' lang='grc' dir='ltr'>φάνεια</span> <span class='ocrx_word' id='word_1_361' title='bbox 443 4530 456 4543; x_wconf 82' lang='grc'><em>’</em></span> <span class='ocrx_word' id='word_1_362' title='bbox 477 4512 542 4578; x_wconf 79' lang='grc' dir='ltr'><strong>ζ’,</strong></span> <span class='ocrx_word' id='word_1_363' title='bbox 570 4513 754 4583; x_wconf 84' lang='grc' dir='ltr'>σῶμα.</span> 
     </span>
    </p>
   </div>
   <div class='ocr_carea' id='block_1_48' title="bbox 1896 538 3483 609">
    <p class='ocr_par' dir='ltr' id='par_1_48' title="bbox 1896 538 3483 609">
     <span class='ocr_line' id='line_1_48' title="bbox 1896 538 3483 609; baseline 0.008 -16"><span class='ocrx_word' id='word_1_364' title='bbox 1896 538 1961 593; x_wconf 87' lang='lat' dir='ltr'><strong>ad</strong></span> <span class='ocrx_word' id='word_1_365' title='bbox 1999 538 2367 609; x_wconf 90' lang='lat' dir='ltr'><strong>quantitatem</strong></span> <span class='ocrx_word' id='word_1_366' title='bbox 2396 539 2695 599; x_wconf 83' lang='lat' dir='ltr'><strong>discretam</strong></span> <span class='ocrx_word' id='word_1_367' title='bbox 2730 561 2997 603; x_wconf 90' lang='lat' dir='ltr'><strong>numerus</strong></span> <span class='ocrx_word' id='word_1_368' title='bbox 3028 564 3094 602; x_wconf 90' lang='lat' dir='ltr'><strong>ac</strong></span> <span class='ocrx_word' id='word_1_369' title='bbox 3128 550 3310 605; x_wconf 80' lang='lat' dir='ltr'><strong>oratio</strong></span> <span class='ocrx_word' id='word_1_370' title='bbox 3342 553 3483 605; x_wconf 81' lang='lat' dir='ltr'><strong>refe-</strong></span> 
     </span>
    </p>
   </div>
   <div class='ocr_carea' id='block_1_49' title="bbox 1896 630 3486 713">
    <p class='ocr_par' dir='ltr' id='par_1_49' title="bbox 1896 630 3486 713">
     <span class='ocr_line' id='line_1_49' title="bbox 1896 630 3486 713; baseline 0.008 -28"><span class='ocrx_word' id='word_1_371' title='bbox 1896 639 2117 687; x_wconf 91' lang='lat' dir='ltr'><strong>runtur.</strong></span> <span class='ocrx_word' id='word_1_372' title='bbox 2155 630 2262 688; x_wconf 87' lang='lat' dir='ltr'><strong>Per</strong></span> <span class='ocrx_word' id='word_1_373' title='bbox 2298 648 2589 689; x_wconf 85' lang='lat' dir='ltr'><strong>numerum</strong></span> <span class='ocrx_word' id='word_1_374' title='bbox 2628 650 2793 704; x_wconf 89' lang='lat' dir='ltr'><strong>porro</strong></span> <span class='ocrx_word' id='word_1_375' title='bbox 2834 652 2900 693; x_wconf 89' lang='lat' dir='ltr'><strong>ea</strong></span> <span class='ocrx_word' id='word_1_376' title='bbox 2939 639 3319 711; x_wconf 76' lang='lat' dir='ltr'><strong>intelligimus,</strong></span> <span class='ocrx_word' id='word_1_377' title='bbox 3362 658 3486 713; x_wconf 73' lang='lat' dir='ltr'><strong>quae</strong></span> 
     </span>
    </p>
   </div>
   <div class='ocr_carea' id='block_1_50' title="bbox 1898 722 3487 804">
    <p class='ocr_par' dir='ltr' id='par_1_50' title="bbox 1898 722 3487 804">
     <span class='ocr_line' id='line_1_50' title="bbox 1898 722 3487 804; baseline 0.008 -27"><span class='ocrx_word' id='word_1_378' title='bbox 1898 722 1954 777; x_wconf 89' lang='lat' dir='ltr'><strong>in</strong></span> <span class='ocrx_word' id='word_1_379' title='bbox 1982 738 2272 779; x_wconf 91' lang='lat' dir='ltr'><strong>numerum</strong></span> <span class='ocrx_word' id='word_1_380' title='bbox 2303 724 2532 780; x_wconf 89' lang='lat' dir='ltr'><strong>cadunt.</strong></span> <span class='ocrx_word' id='word_1_381' title='bbox 2558 724 2692 792; x_wconf 72' lang='lat' dir='ltr'><strong>Quae</strong></span> <span class='ocrx_word' id='word_1_382' title='bbox 2714 726 2862 782; x_wconf 88' lang='lat' dir='ltr'><strong>enim</strong></span> <span class='ocrx_word' id='word_1_383' title='bbox 2893 741 3279 798; x_wconf 80' lang='lat' dir='ltr'><strong>numerantur,</strong></span> <span class='ocrx_word' id='word_1_384' title='bbox 3326 734 3487 804; x_wconf 87' lang='lat' dir='ltr'><strong>plane</strong></span> 
     </span>
    </p>
   </div>
   <div class='ocr_carea' id='block_1_51' title="bbox 1898 813 3487 885">
    <p class='ocr_par' dir='ltr' id='par_1_51' title="bbox 1898 813 3487 885">
     <span class='ocr_line' id='line_1_51' title="bbox 1898 813 3487 885; baseline 0.005 -16"><span class='ocrx_word' id='word_1_385' title='bbox 1898 813 2142 870; x_wconf 85' lang='lat' dir='ltr'><strong>discreta</strong></span> <span class='ocrx_word' id='word_1_386' title='bbox 2166 823 2320 882; x_wconf 90' lang='lat' dir='ltr'><strong>sunt,</strong></span> <span class='ocrx_word' id='word_1_387' title='bbox 2353 816 2429 870; x_wconf 88' lang='lat' dir='ltr'><strong>uti</strong></span> <span class='ocrx_word' id='word_1_388' title='bbox 2457 815 2569 885; x_wconf 89' lang='lat' dir='ltr'><strong>jam</strong></span> <span class='ocrx_word' id='word_1_389' title='bbox 2602 816 2709 871; x_wconf 75' lang='lat' dir='ltr'><strong>fuit</strong></span> <span class='ocrx_word' id='word_1_390' title='bbox 2749 827 3060 874; x_wconf 88' lang='lat' dir='ltr'><strong>ostensum.</strong></span> <span class='ocrx_word' id='word_1_391' title='bbox 3093 822 3173 875; x_wconf 88' lang='lat' dir='ltr'><strong>Ac</strong></span> <span class='ocrx_word' id='word_1_392' title='bbox 3204 822 3332 878; x_wconf 88' lang='lat' dir='ltr'><strong>item</strong></span> <span class='ocrx_word' id='word_1_393' title='bbox 3366 837 3487 877; x_wconf 86' lang='lat' dir='ltr'><strong>ora-</strong></span> 
     </span>
    </p>
   </div>
   <div class='ocr_carea' id='block_1_52' title="bbox 1898 905 3485 980">
    <p class='ocr_par' dir='ltr' id='par_1_52' title="bbox 1898 905 3485 980">
     <span class='ocr_line' id='line_1_52' title="bbox 1898 905 3485 980; baseline 0.007 -22"><span class='ocrx_word' id='word_1_394' title='bbox 1898 906 1975 960; x_wconf 89' lang='lat' dir='ltr'><strong>tio</strong></span> <span class='ocrx_word' id='word_1_395' title='bbox 2000 905 2242 962; x_wconf 90' lang='lat' dir='ltr'><strong>discrcta</strong></span> <span class='ocrx_word' id='word_1_396' title='bbox 2266 916 2370 962; x_wconf 89' lang='lat' dir='ltr'><strong>est.</strong></span> <span class='ocrx_word' id='word_1_397' title='bbox 2394 905 2531 961; x_wconf 88' lang='lat' dir='ltr'><strong>Nam</strong></span> <span class='ocrx_word' id='word_1_398' title='bbox 2562 922 2689 962; x_wconf 92' lang='lat' dir='ltr'><strong>cum</strong></span> <span class='ocrx_word' id='word_1_399' title='bbox 2712 924 2808 979; x_wconf 91' lang='lat' dir='ltr'><strong>per</strong></span> <span class='ocrx_word' id='word_1_400' title='bbox 2837 909 3110 967; x_wconf 87' lang='lat' dir='ltr'><strong>dictiones</strong></span> <span class='ocrx_word' id='word_1_401' title='bbox 3140 924 3485 980; x_wconf 86' lang='lat' dir='ltr'><strong>numeratur,</strong></span> 
     </span>
    </p>
   </div>
   <div class='ocr_carea' id='block_1_53' title="bbox 1897 997 3488 1073">
    <p class='ocr_par' dir='ltr' id='par_1_53' title="bbox 1897 997 3488 1073">
     <span class='ocr_line' id='line_1_53' title="bbox 1897 997 3488 1073; baseline 0.006 -23"><span class='ocrx_word' id='word_1_402' title='bbox 1897 997 2111 1051; x_wconf 88' lang='lat' dir='ltr'><strong>nullmn</strong></span> <span class='ocrx_word' id='word_1_403' title='bbox 2139 1012 2515 1068; x_wconf 49' lang='lat' dir='ltr'><strong>.communem</strong></span> <span class='ocrx_word' id='word_1_404' title='bbox 2569 1001 2885 1067; x_wconf 85' lang='lat' dir='ltr'><strong>terminum,</strong></span> <span class='ocrx_word' id='word_1_405' title='bbox 2929 1002 3025 1073; x_wconf 90' lang='lat' dir='ltr'><strong>qui</strong></span> <span class='ocrx_word' id='word_1_406' title='bbox 3056 1012 3239 1072; x_wconf 87' lang='lat' dir='ltr'><strong>partes</strong></span> <span class='ocrx_word' id='word_1_407' title='bbox 3263 1005 3405 1060; x_wconf 86' lang='lat' dir='ltr'><strong>inter</strong></span> <span class='ocrx_word' id='word_1_408' title='bbox 3428 1018 3488 1060; x_wconf 76' lang='lat' dir='ltr'><strong>se</strong></span> 
     </span>
    </p>
   </div>
   <div class='ocr_carea' id='block_1_54' title="bbox 1898 1091 3485 1155">
    <p class='ocr_par' dir='ltr' id='par_1_54' title="bbox 1898 1091 3485 1155">
     <span class='ocr_line' id='line_1_54' title="bbox 1898 1091 3485 1155; baseline 0.005 -10"><span class='ocrx_word' id='word_1_409' title='bbox 1898 1098 2216 1155; x_wconf 87' lang='lat' dir='ltr'><strong>connectat,</strong></span> <span class='ocrx_word' id='word_1_410' title='bbox 2249 1091 2437 1147; x_wconf 85' lang='lat' dir='ltr'><strong>habet.</strong></span> <span class='ocrx_word' id='word_1_411' title='bbox 2463 1092 2676 1147; x_wconf 86' lang='lat' dir='ltr'><strong>Etenim</strong></span> <span class='ocrx_word' id='word_1_412' title='bbox 2709 1101 2768 1148; x_wconf 92' lang='lat' dir='ltr'><strong>ut</strong></span> <span class='ocrx_word' id='word_1_413' title='bbox 2797 1096 2978 1150; x_wconf 82' lang='lat' dir='ltr'><strong>oratio</strong></span> <span class='ocrx_word' id='word_1_414' title='bbox 3001 1094 3189 1152; x_wconf 91' lang='lat' dir='ltr'><strong>decem</strong></span> <span class='ocrx_word' id='word_1_415' title='bbox 3212 1097 3485 1153; x_wconf 81' lang='lat' dir='ltr'><strong>dictiones</strong></span> 
     </span>
    </p>
   </div>
   <div class='ocr_carea' id='block_1_55' title="bbox 1898 1181 3485 1258">
    <p class='ocr_par' dir='ltr' id='par_1_55' title="bbox 1898 1181 3485 1258">
     <span class='ocr_line' id='line_1_55' title="bbox 1898 1181 3485 1258; baseline 0.004 -23"><span class='ocrx_word' id='word_1_416' title='bbox 1898 1181 2313 1252; x_wconf 89' lang='lat' dir='ltr'><strong>complectatur,</strong></span> <span class='ocrx_word' id='word_1_417' title='bbox 2338 1198 2542 1254; x_wconf 86' lang='lat' dir='ltr'><strong>easque</strong></span> <span class='ocrx_word' id='word_1_418' title='bbox 2566 1183 2620 1238; x_wconf 90' lang='lat' dir='ltr'><strong>in</strong></span> <span class='ocrx_word' id='word_1_419' title='bbox 2639 1185 2885 1256; x_wconf 88' lang='lat' dir='ltr'><strong>quinque</strong></span> <span class='ocrx_word' id='word_1_420' title='bbox 2903 1194 2960 1241; x_wconf 89' lang='lat' dir='ltr'><strong>et</strong></span> <span class='ocrx_word' id='word_1_421' title='bbox 2981 1188 3227 1258; x_wconf 87' lang='lat' dir='ltr'><strong>quinque</strong></span> <span class='ocrx_word' id='word_1_422' title='bbox 3250 1187 3485 1254; x_wconf 87' lang='lat' dir='ltr'><strong>dividas,</strong></span> 
     </span>
    </p>
   </div>
   <div class='ocr_carea' id='block_1_56' title="bbox 1897 1272 3491 1346">
    <p class='ocr_par' dir='ltr' id='par_1_56' title="bbox 1897 1272 3491 1346">
     <span class='ocr_line' id='line_1_56' title="bbox 1897 1272 3491 1346; baseline 0.006 -19"><span class='ocrx_word' id='word_1_423' title='bbox 1897 1272 2051 1328; x_wconf 85' lang='lat' dir='ltr'><strong>deest</strong></span> <span class='ocrx_word' id='word_1_424' title='bbox 2078 1275 2707 1344; x_wconf 84' lang='lat' dir='ltr'><strong>communisterminus,</strong></span> <span class='ocrx_word' id='word_1_425' title='bbox 2749 1280 2843 1346; x_wconf 88' lang='lat' dir='ltr'><strong>qui</strong></span> <span class='ocrx_word' id='word_1_426' title='bbox 2874 1294 2969 1335; x_wconf 87' lang='lat' dir='ltr'><strong>cas</strong></span> <span class='ocrx_word' id='word_1_427' title='bbox 3005 1279 3238 1339; x_wconf 71' lang='lat' dir='ltr'><strong>invicem</strong></span> <span class='ocrx_word' id='word_1_428' title='bbox 3282 1294 3491 1337; x_wconf 84' lang='lat' dir='ltr'><strong>conne-</strong></span> 
     </span>
    </p>
   </div>
   <div class='ocr_carea' id='block_1_57' title="bbox 1898 1364 3483 1441">
    <p class='ocr_par' dir='ltr' id='par_1_57' title="bbox 1898 1364 3483 1441">
     <span class='ocr_line' id='line_1_57' title="bbox 1898 1364 3483 1441; baseline 0.003 -21"><span class='ocrx_word' id='word_1_429' title='bbox 1898 1374 2029 1420; x_wconf 87' lang='lat' dir='ltr'><strong>ctat.</strong></span> <span class='ocrx_word' id='word_1_430' title='bbox 2066 1364 2201 1421; x_wconf 79' lang='lat' dir='ltr'><strong>Nam</strong></span> <span class='ocrx_word' id='word_1_431' title='bbox 2233 1368 2279 1423; x_wconf 92' lang='lat' dir='ltr'><strong>si</strong></span> <span class='ocrx_word' id='word_1_432' title='bbox 2309 1368 2442 1439; x_wconf 90' lang='lat' dir='ltr'><strong>quid</strong></span> <span class='ocrx_word' id='word_1_433' title='bbox 2499 1368 2741 1425; x_wconf 89' lang='lat' dir='ltr'><strong>medium</strong></span> <span class='ocrx_word' id='word_1_434' title='bbox 2785 1372 3193 1441; x_wconf 83' lang='lat' dir='ltr'><strong>interponatur,</strong></span> <span class='ocrx_word' id='word_1_435' title='bbox 3230 1371 3483 1427; x_wconf 88' lang='lat' dir='ltr'><strong>undecim</strong></span> 
     </span>
    </p>
   </div>
   <div class='ocr_carea' id='block_1_58' title="bbox 1898 1456 3489 1534">
    <p class='ocr_par' dir='ltr' id='par_1_58' title="bbox 1898 1456 3489 1534">
     <span class='ocr_line' id='line_1_58' title="bbox 1898 1456 3489 1534; baseline 0.004 -24"><span class='ocrx_word' id='word_1_436' title='bbox 1898 1456 2126 1522; x_wconf 87' lang='lat' dir='ltr'><strong>ﬁunt,_et</strong></span> <span class='ocrx_word' id='word_1_437' title='bbox 2149 1474 2265 1513; x_wconf 86' lang='lat' dir='ltr'><strong>non</strong></span> <span class='ocrx_word' id='word_1_438' title='bbox 2276 1462 2482 1516; x_wconf 89' lang='lat' dir='ltr'><strong>decem.</strong></span> <span class='ocrx_word' id='word_1_439' title='bbox 2504 1460 2706 1517; x_wconf 86' lang='lat' dir='ltr'><strong>Eodem</strong></span> <span class='ocrx_word' id='word_1_440' title='bbox 2727 1462 2888 1518; x_wconf 86' lang='lat' dir='ltr'><strong>modo</strong></span> <span class='ocrx_word' id='word_1_441' title='bbox 2910 1462 3081 1519; x_wconf 88' lang='lat' dir='ltr'><strong>dictio</strong></span> <span class='ocrx_word' id='word_1_442' title='bbox 3102 1479 3341 1534; x_wconf 89' lang='lat' dir='ltr'><strong>quoque,</strong></span> <span class='ocrx_word' id='word_1_443' title='bbox 3360 1478 3489 1518; x_wconf 92' lang='lat' dir='ltr'><strong>cum</strong></span> 
     </span>
    </p>
   </div>
   <div class='ocr_carea' id='block_1_59' title="bbox 1900 1551 3491 1624">
    <p class='ocr_par' dir='ltr' id='par_1_59' title="bbox 1900 1551 3491 1624">
     <span class='ocr_line' id='line_1_59' title="bbox 1900 1551 3491 1624; baseline 0.001 -19"><span class='ocrx_word' id='word_1_444' title='bbox 1900 1566 1997 1621; x_wconf 90' lang='lat' dir='ltr'><strong>per</strong></span> <span class='ocrx_word' id='word_1_445' title='bbox 2020 1565 2079 1606; x_wconf 88' lang='lat' dir='ltr'><strong>se</strong></span> <span class='ocrx_word' id='word_1_446' title='bbox 2132 1551 2376 1622; x_wconf 84' lang='lat' dir='ltr'><strong>syllabas</strong></span> <span class='ocrx_word' id='word_1_447' title='bbox 2416 1561 2762 1618; x_wconf 88' lang='lat' dir='ltr'><strong>numeratur,</strong></span> <span class='ocrx_word' id='word_1_448' title='bbox 2804 1555 3087 1608; x_wconf 91' lang='lat' dir='ltr'><strong>communi</strong></span> <span class='ocrx_word' id='word_1_449' title='bbox 3120 1555 3355 1609; x_wconf 83' lang='lat' dir='ltr'><strong>termino</strong></span> <span class='ocrx_word' id='word_1_450' title='bbox 3375 1567 3491 1624; x_wconf 87' lang='lat' dir='ltr'><strong>quo</strong></span> 
     </span>
    </p>
   </div>
   <div class='ocr_carea' id='block_1_60' title="bbox 1899 1644 3488 1713">
    <p class='ocr_par' dir='ltr' id='par_1_60' title="bbox 1899 1644 3488 1713">
     <span class='ocr_line' id='line_1_60' title="bbox 1899 1644 3488 1713; baseline 0.001 -14"><span class='ocrx_word' id='word_1_451' title='bbox 1899 1645 2041 1713; x_wconf 78' lang='lat' dir='ltr'><strong>ipsae</strong></span> <span class='ocrx_word' id='word_1_452' title='bbox 2074 1644 2218 1699; x_wconf 83' lang='lat' dir='ltr'><strong>inter</strong></span> <span class='ocrx_word' id='word_1_453' title='bbox 2253 1659 2313 1700; x_wconf 90' lang='lat' dir='ltr'><strong>se</strong></span> <span class='ocrx_word' id='word_1_454' title='bbox 2335 1654 2767 1711; x_wconf 88' lang='lat' dir='ltr'><strong>connectantur,</strong></span> <span class='ocrx_word' id='word_1_455' title='bbox 2794 1656 2948 1701; x_wconf 84' lang='lat' dir='ltr'><strong>caret</strong></span> <span class='ocrx_word' id='word_1_456' title='bbox 2979 1662 2991 1694; x_wconf 83' lang='lat'>:</span> <span class='ocrx_word' id='word_1_457' title='bbox 3033 1655 3094 1701; x_wconf 90' lang='lat' dir='ltr'><strong>ut</strong></span> <span class='ocrx_word' id='word_1_458' title='bbox 3127 1648 3180 1701; x_wconf 92' lang='lat' dir='ltr'><strong>in</strong></span> <span class='ocrx_word' id='word_1_459' title='bbox 3206 1648 3309 1702; x_wconf 92' lang='lat' dir='ltr'><strong>hac</strong></span> <span class='ocrx_word' id='word_1_460' title='bbox 3333 1660 3488 1712; x_wconf 88' lang='lat' dir='ltr'><strong>voce,</strong></span> 
     </span>
    </p>
   </div>
   <div class='ocr_carea' id='block_1_61' title="bbox 1904 1733 3493 1805">
    <p class='ocr_par' dir='ltr' id='par_1_61' title="bbox 1904 1733 3493 1805">
     <span class='ocr_line' id='line_1_61' title="bbox 1904 1733 3493 1805; baseline 0.007 -17"><span class='ocrx_word' id='word_1_461' title='bbox 1904 1733 2172 1800; x_wconf 77' lang='lat' dir='ltr'><strong>Socrates,</strong></span> <span class='ocrx_word' id='word_1_462' title='bbox 2208 1735 2354 1791; x_wconf 90' lang='lat' dir='ltr'><strong>inter</strong></span> <span class='ocrx_word' id='word_1_463' title='bbox 2386 1735 2628 1805; x_wconf 77' lang='lat' dir='ltr'><strong>syllabas</strong></span> <span class='ocrx_word' id='word_1_464' title='bbox 2656 1736 2728 1793; x_wconf 90' lang='lat' dir='ltr'><strong>So</strong></span> <span class='ocrx_word' id='word_1_465' title='bbox 2764 1748 2818 1794; x_wconf 89' lang='lat' dir='ltr'><strong>et</strong></span> <span class='ocrx_word' id='word_1_466' title='bbox 2856 1756 2967 1804; x_wconf 84' lang='lat' dir='ltr'><strong>cra,</strong></span> <span class='ocrx_word' id='word_1_467' title='bbox 3010 1739 3196 1795; x_wconf 90' lang='lat' dir='ltr'><strong>nullus</strong></span> <span class='ocrx_word' id='word_1_468' title='bbox 3220 1746 3306 1795; x_wconf 86' lang='lat' dir='ltr'><strong>est</strong></span> <span class='ocrx_word' id='word_1_469' title='bbox 3338 1753 3493 1799; x_wconf 83' lang='lat' dir='ltr'><strong>com-</strong></span> 
     </span>
    </p>
   </div>
   <div class='ocr_carea' id='block_1_62' title="bbox 1905 1829 2924 1903">
    <p class='ocr_par' dir='ltr' id='par_1_62' title="bbox 1905 1829 2924 1903">
     <span class='ocr_line' id='line_1_62' title="bbox 1905 1829 2924 1903; baseline 0.003 -20"><span class='ocrx_word' id='word_1_470' title='bbox 1905 1829 2090 1885; x_wconf 87' lang='lat' dir='ltr'><strong>munis</strong></span> <span class='ocrx_word' id='word_1_471' title='bbox 2117 1830 2411 1896; x_wconf 84' lang='lat' dir='ltr'><strong>terminus,</strong></span> <span class='ocrx_word' id='word_1_472' title='bbox 2437 1831 2532 1901; x_wconf 89' lang='lat' dir='ltr'><strong>qui</strong></span> <span class='ocrx_word' id='word_1_473' title='bbox 2561 1846 2655 1887; x_wconf 82' lang='lat' dir='ltr'><strong>eas</strong></span> <span class='ocrx_word' id='word_1_474' title='bbox 2682 1832 2924 1903; x_wconf 86' lang='lat' dir='ltr'><strong>copulet.</strong></span> 
     </span>
    </p>
   </div>
   <div class='ocr_carea' id='block_1_63' title="bbox 1972 1921 3491 1998">
    <p class='ocr_par' dir='ltr' id='par_1_63' title="bbox 1972 1921 3491 1998">
     <span class='ocr_line' id='line_1_63' title="bbox 1972 1921 3491 1998; baseline 0.001 -21"><span class='ocrx_word' id='word_1_475' title='bbox 1972 1921 2179 1991; x_wconf 78' lang='lat' dir='ltr'><strong>Species</strong></span> <span class='ocrx_word' id='word_1_476' title='bbox 2206 1927 2491 1991; x_wconf 67' lang='lat' dir='ltr'><strong>continuat,</strong></span> <span class='ocrx_word' id='word_1_477' title='bbox 2530 1928 2691 1994; x_wconf 82' lang='lat' dir='ltr'><strong>linea,</strong></span> <span class='ocrx_word' id='word_1_478' title='bbox 2728 1927 3054 1998; x_wconf 75' lang='lat' dir='ltr'><strong>superﬁcies,</strong></span> <span class='ocrx_word' id='word_1_479' title='bbox 3099 1942 3309 1996; x_wconf 77' lang='lat' dir='ltr'><strong>corpus,</strong></span> <span class='ocrx_word' id='word_1_480' title='bbox 3346 1924 3491 1980; x_wconf 78' lang='lat' dir='ltr'><strong>locus</strong></span> 
     </span>
    </p>
   </div>
   <div class='ocr_carea' id='block_1_64' title="bbox 1900 2017 3493 2089">
    <p class='ocr_par' dir='ltr' id='par_1_64' title="bbox 1900 2017 3493 2089">
     <span class='ocr_line' id='line_1_64' title="bbox 1900 2017 3493 2089; baseline 0.002 -21"><span class='ocrx_word' id='word_1_481' title='bbox 1900 2023 1950 2069; x_wconf 84' lang='lat' dir='ltr'><strong>et</strong></span> <span class='ocrx_word' id='word_1_482' title='bbox 1990 2024 2214 2085; x_wconf 82' lang='lat' dir='ltr'><strong>tempus.</strong></span> <span class='ocrx_word' id='word_1_483' title='bbox 2250 2047 2313 2056; x_wconf 93' lang='lat'>—</span> <span class='ocrx_word' id='word_1_484' title='bbox 2345 2018 2416 2072; x_wconf 83' lang='lat' dir='ltr'><strong>At</strong></span> <span class='ocrx_word' id='word_1_485' title='bbox 2446 2033 2581 2073; x_wconf 85' lang='lat' dir='ltr'><strong>vero</strong></span> <span class='ocrx_word' id='word_1_486' title='bbox 2615 2018 2898 2073; x_wconf 63' lang='lat' dir='ltr'><strong>continua:</strong></span> <span class='ocrx_word' id='word_1_487' title='bbox 2953 2018 3304 2089; x_wconf 79' lang='lat' dir='ltr'><strong>quantitates</strong></span> <span class='ocrx_word' id='word_1_488' title='bbox 3325 2017 3493 2087; x_wconf 84' lang='lat' dir='ltr'><strong>quin-</strong></span> 
     </span>
    </p>
   </div>
   <div class='ocr_carea' id='block_1_65' title="bbox 1901 2107 3495 2178">
    <p class='ocr_par' dir='ltr' id='par_1_65' title="bbox 1901 2107 3495 2178">
     <span class='ocr_line' id='line_1_65' title="bbox 1901 2107 3495 2178; baseline 0.001 -18"><span class='ocrx_word' id='word_1_489' title='bbox 1901 2121 2014 2177; x_wconf 85' lang='lat' dir='ltr'><strong>que</strong></span> <span class='ocrx_word' id='word_1_490' title='bbox 2040 2115 2173 2162; x_wconf 87' lang='lat' dir='ltr'><strong>sunt</strong></span> <span class='ocrx_word' id='word_1_491' title='bbox 2204 2123 2218 2159; x_wconf 87' lang='lat'><strong>:</strong></span> <span class='ocrx_word' id='word_1_492' title='bbox 2254 2121 2483 2177; x_wconf 87' lang='lat' dir='ltr'><strong>corpus,</strong></span> <span class='ocrx_word' id='word_1_493' title='bbox 2544 2107 2897 2178; x_wconf 88' lang='lat' dir='ltr'><strong>superﬁcies,</strong></span> <span class='ocrx_word' id='word_1_494' title='bbox 2942 2110 3107 2175; x_wconf 90' lang='lat' dir='ltr'><strong>linea,</strong></span> <span class='ocrx_word' id='word_1_495' title='bbox 3140 2109 3320 2172; x_wconf 89' lang='lat' dir='ltr'><strong>locus,</strong></span> <span class='ocrx_word' id='word_1_496' title='bbox 3353 2114 3495 2162; x_wconf 90' lang='lat' dir='ltr'><strong>tem-</strong></span> 
     </span>
    </p>
   </div>
   <div class='ocr_carea' id='block_1_66' title="bbox 1903 2195 3496 2271">
    <p class='ocr_par' dir='ltr' id='par_1_66' title="bbox 1903 2195 3496 2271">
     <span class='ocr_line' id='line_1_66' title="bbox 1903 2195 3496 2271; baseline 0.001 -20"><span class='ocrx_word' id='word_1_497' title='bbox 1903 2212 2028 2267; x_wconf 87' lang='lat' dir='ltr'><strong>pus.</strong></span> <span class='ocrx_word' id='word_1_498' title='bbox 2064 2195 2222 2253; x_wconf 84' lang='lat' dir='ltr'><strong>Scire</strong></span> <span class='ocrx_word' id='word_1_499' title='bbox 2256 2212 2478 2269; x_wconf 89' lang='lat' dir='ltr'><strong>quoque</strong></span> <span class='ocrx_word' id='word_1_500' title='bbox 2502 2214 2797 2255; x_wconf 88' lang='lat' dir='ltr'><strong>necessum</strong></span> <span class='ocrx_word' id='word_1_501' title='bbox 2826 2208 2912 2255; x_wconf 91' lang='lat' dir='ltr'><strong>est</strong></span> <span class='ocrx_word' id='word_1_502' title='bbox 2959 2210 3228 2271; x_wconf 90' lang='lat' dir='ltr'><strong>punctum</strong></span> <span class='ocrx_word' id='word_1_503' title='bbox 3273 2199 3496 2270; x_wconf 89' lang='lat' dir='ltr'><strong>quanti-</strong></span> 
     </span>
    </p>
   </div>
   <div class='ocr_carea' id='block_1_67' title="bbox 1904 2289 3494 2362">
    <p class='ocr_par' dir='ltr' id='par_1_67' title="bbox 1904 2289 3494 2362">
     <span class='ocr_line' id='line_1_67' title="bbox 1904 2289 3494 2362; baseline 0.001 -18"><span class='ocrx_word' id='word_1_504' title='bbox 1904 2290 2041 2345; x_wconf 84' lang='lat' dir='ltr'><strong>tatis</strong></span> <span class='ocrx_word' id='word_1_505' title='bbox 2071 2306 2271 2362; x_wconf 83' lang='lat' dir='ltr'><strong>expers</strong></span> <span class='ocrx_word' id='word_1_506' title='bbox 2325 2306 2474 2346; x_wconf 92' lang='lat' dir='ltr'><strong>esse.</strong></span> <span class='ocrx_word' id='word_1_507' title='bbox 2506 2289 2645 2346; x_wconf 84' lang='lat' dir='ltr'><strong>Nam</strong></span> <span class='ocrx_word' id='word_1_508' title='bbox 2688 2307 2791 2347; x_wconf 90' lang='lat' dir='ltr'><strong>nec</strong></span> <span class='ocrx_word' id='word_1_509' title='bbox 2816 2292 2870 2346; x_wconf 91' lang='lat' dir='ltr'><strong>in</strong></span> <span class='ocrx_word' id='word_1_510' title='bbox 2920 2307 3265 2359; x_wconf 83' lang='lat' dir='ltr'><strong>mensuram,</strong></span> <span class='ocrx_word' id='word_1_511' title='bbox 3305 2307 3408 2348; x_wconf 87' lang='lat' dir='ltr'><strong>nec</strong></span> <span class='ocrx_word' id='word_1_512' title='bbox 3438 2292 3494 2346; x_wconf 91' lang='lat' dir='ltr'><strong>in</strong></span> 
     </span>
    </p>
   </div>
   <div class='ocr_carea' id='block_1_68' title="bbox 1904 2380 3492 2453">
    <p class='ocr_par' dir='ltr' id='par_1_68' title="bbox 1904 2380 3492 2453">
     <span class='ocr_line' id='line_1_68' title="bbox 1904 2380 3492 2453; baseline 0.004 -19"><span class='ocrx_word' id='word_1_513' title='bbox 1904 2395 2196 2435; x_wconf 90' lang='lat' dir='ltr'><strong>numerum</strong></span> <span class='ocrx_word' id='word_1_514' title='bbox 2228 2380 2380 2435; x_wconf 87' lang='lat' dir='ltr'><strong>cadit</strong></span> <span class='ocrx_word' id='word_1_515' title='bbox 2414 2399 2427 2436; x_wconf 92' lang='lat'><strong>:</strong></span> <span class='ocrx_word' id='word_1_516' title='bbox 2465 2390 2622 2436; x_wconf 89' lang='lat' dir='ltr'><strong>caret</strong></span> <span class='ocrx_word' id='word_1_517' title='bbox 2654 2382 2927 2453; x_wconf 86' lang='lat' dir='ltr'><strong>siquidem</strong></span> <span class='ocrx_word' id='word_1_518' title='bbox 2959 2384 3492 2440; x_wconf 88' lang='lat' dir='ltr'><strong>omnidimensione.</strong></span> 
     </span>
    </p>
   </div>
   <div class='ocr_carea' id='block_1_69' title="bbox 1878 2473 3496 2531">
    <p class='ocr_par' dir='ltr' id='par_1_69' title="bbox 1878 2473 3496 2531">
     <span class='ocr_line' id='line_1_69' title="bbox 1878 2473 3496 2531; baseline 0.004 -8"><span class='ocrx_word' id='word_1_519' title='bbox 1878 2473 1974 2526; x_wconf 81' lang='lat' dir='ltr'><strong>.At</strong></span> <span class='ocrx_word' id='word_1_520' title='bbox 2003 2473 2149 2528; x_wconf 89' lang='lat' dir='ltr'><strong>linea</strong></span> <span class='ocrx_word' id='word_1_521' title='bbox 2180 2488 2346 2527; x_wconf 84' lang='lat' dir='ltr'><strong>unam</strong></span> <span class='ocrx_word' id='word_1_522' title='bbox 2377 2473 2545 2528; x_wconf 86' lang='lat' dir='ltr'><strong>habet</strong></span> <span class='ocrx_word' id='word_1_523' title='bbox 2592 2474 3002 2531; x_wconf 89' lang='lat' dir='ltr'><strong>dimensionem</strong></span> <span class='ocrx_word' id='word_1_524' title='bbox 3033 2491 3047 2529; x_wconf 90' lang='lat'><strong>:</strong></span> <span class='ocrx_word' id='word_1_525' title='bbox 3083 2483 3170 2531; x_wconf 90' lang='lat' dir='ltr'><strong>est</strong></span> <span class='ocrx_word' id='word_1_526' title='bbox 3199 2476 3347 2530; x_wconf 90' lang='lat' dir='ltr'><strong>enim</strong></span> <span class='ocrx_word' id='word_1_527' title='bbox 3374 2475 3496 2530; x_wconf 87' lang='lat' dir='ltr'><strong>lon-</strong></span> 
     </span>
    </p>
   </div>
   <div class='ocr_carea' id='block_1_70' title="bbox 1904 2566 3497 2639">
    <p class='ocr_par' dir='ltr' id='par_1_70' title="bbox 1904 2566 3497 2639">
     <span class='ocr_line' id='line_1_70' title="bbox 1904 2566 3497 2639; baseline 0.001 -18"><span class='ocrx_word' id='word_1_528' title='bbox 1904 2566 2097 2638; x_wconf 87' lang='lat' dir='ltr'><strong>gitudo</strong></span> <span class='ocrx_word' id='word_1_529' title='bbox 2159 2567 2477 2623; x_wconf 88' lang='lat' dir='ltr'><strong>latitudinis</strong></span> <span class='ocrx_word' id='word_1_530' title='bbox 2529 2583 2777 2638; x_wconf 84' lang='lat' dir='ltr'><strong>expers;</strong></span> <span class='ocrx_word' id='word_1_531' title='bbox 2832 2579 3174 2639; x_wconf 87' lang='lat' dir='ltr'><strong>quapropter</strong></span> <span class='ocrx_word' id='word_1_532' title='bbox 3204 2568 3497 2624; x_wconf 86' lang='lat' dir='ltr'><strong>reducitur</strong></span> 
     </span>
    </p>
   </div>
   <div class='ocr_carea' id='block_1_71' title="bbox 1907 2656 3497 2729">
    <p class='ocr_par' dir='ltr' id='par_1_71' title="bbox 1907 2656 3497 2729">
     <span class='ocr_line' id='line_1_71' title="bbox 1907 2656 3497 2729; baseline 0.001 -17"><span class='ocrx_word' id='word_1_533' title='bbox 1907 2658 1974 2713; x_wconf 88' lang='lat' dir='ltr'><strong>ad</strong></span> <span class='ocrx_word' id='word_1_534' title='bbox 2013 2658 2342 2713; x_wconf 88' lang='lat' dir='ltr'><strong>continuam</strong></span> <span class='ocrx_word' id='word_1_535' title='bbox 2384 2658 2778 2729; x_wconf 85' lang='lat' dir='ltr'><strong>quantitatem.</strong></span> <span class='ocrx_word' id='word_1_536' title='bbox 2804 2656 2943 2713; x_wconf 86' lang='lat' dir='ltr'><strong>Nam</strong></span> <span class='ocrx_word' id='word_1_537' title='bbox 2984 2674 3113 2714; x_wconf 89' lang='lat' dir='ltr'><strong>cum</strong></span> <span class='ocrx_word' id='word_1_538' title='bbox 3168 2674 3277 2713; x_wconf 91' lang='lat' dir='ltr'><strong>una</strong></span> <span class='ocrx_word' id='word_1_539' title='bbox 3307 2659 3405 2724; x_wconf 89' lang='lat' dir='ltr'><strong>sit,</strong></span> <span class='ocrx_word' id='word_1_540' title='bbox 3439 2658 3497 2713; x_wconf 90' lang='lat' dir='ltr'><strong>in</strong></span> 
     </span>
    </p>
   </div>
   <div class='ocr_carea' id='block_1_72' title="bbox 1906 2749 3498 2822">
    <p class='ocr_par' dir='ltr' id='par_1_72' title="bbox 1906 2749 3498 2822">
     <span class='ocr_line' id='line_1_72' title="bbox 1906 2749 3498 2822; baseline 0 -18"><span class='ocrx_word' id='word_1_541' title='bbox 1906 2764 2227 2805; x_wconf 88' lang='lat' dir='ltr'><strong>mensuram</strong></span> <span class='ocrx_word' id='word_1_542' title='bbox 2257 2749 2435 2815; x_wconf 83' lang='lat' dir='ltr'><strong>cadit,</strong></span> <span class='ocrx_word' id='word_1_543' title='bbox 2483 2749 2720 2822; x_wconf 88' lang='lat' dir='ltr'><strong>ejusque</strong></span> <span class='ocrx_word' id='word_1_544' title='bbox 2772 2758 2961 2821; x_wconf 88' lang='lat' dir='ltr'><strong>partes</strong></span> <span class='ocrx_word' id='word_1_545' title='bbox 2994 2765 3347 2806; x_wconf 89' lang='lat' dir='ltr'><strong>communem</strong></span> <span class='ocrx_word' id='word_1_546' title='bbox 3383 2758 3498 2805; x_wconf 81' lang='lat' dir='ltr'><strong>ter-</strong></span> 
     </span>
    </p>
   </div>
   <div class='ocr_carea' id='block_1_73' title="bbox 1907 2843 3498 2914">
    <p class='ocr_par' dir='ltr' id='par_1_73' title="bbox 1907 2843 3498 2914">
     <span class='ocr_line' id='line_1_73' title="bbox 1907 2843 3498 2914; baseline -0.002 -16"><span class='ocrx_word' id='word_1_547' title='bbox 1907 2844 2120 2898; x_wconf 90' lang='lat' dir='ltr'><strong>minum</strong></span> <span class='ocrx_word' id='word_1_548' title='bbox 2152 2843 2380 2910; x_wconf 84' lang='lat' dir='ltr'><strong>habent,</strong></span> <span class='ocrx_word' id='word_1_549' title='bbox 2413 2858 2524 2914; x_wconf 91' lang='lat' dir='ltr'><strong>quo</strong></span> <span class='ocrx_word' id='word_1_550' title='bbox 2570 2844 2718 2899; x_wconf 90' lang='lat' dir='ltr'><strong>inter</strong></span> <span class='ocrx_word' id='word_1_551' title='bbox 2742 2858 2802 2899; x_wconf 90' lang='lat' dir='ltr'><strong>se</strong></span> <span class='ocrx_word' id='word_1_552' title='bbox 2832 2852 3271 2908; x_wconf 88' lang='lat' dir='ltr'><strong>connectantur;</strong></span> <span class='ocrx_word' id='word_1_553' title='bbox 3300 2857 3498 2912; x_wconf 87' lang='lat' dir='ltr'><strong>nempe</strong></span> 
     </span>
    </p>
   </div>
   <div class='ocr_carea' id='block_1_74' title="bbox 1908 2936 3497 3007">
    <p class='ocr_par' dir='ltr' id='par_1_74' title="bbox 1908 2936 3497 3007">
     <span class='ocr_line' id='line_1_74' title="bbox 1908 2936 3497 3007; baseline -0.004 -14"><span class='ocrx_word' id='word_1_554' title='bbox 1908 2936 2304 2993; x_wconf 87' lang='lat' dir='ltr'><strong>intermedium</strong></span> <span class='ocrx_word' id='word_1_555' title='bbox 2356 2944 2650 3007; x_wconf 90' lang='lat' dir='ltr'><strong>punctum.</strong></span> <span class='ocrx_word' id='word_1_556' title='bbox 2690 2936 3029 3007; x_wconf 86' lang='lat' dir='ltr'><strong>Superlieies</strong></span> <span class='ocrx_word' id='word_1_557' title='bbox 3066 2943 3251 2990; x_wconf 87' lang='lat' dir='ltr'><strong>autem</strong></span> <span class='ocrx_word' id='word_1_558' title='bbox 3282 2944 3369 2990; x_wconf 86' lang='lat' dir='ltr'><strong>est</strong></span> <span class='ocrx_word' id='word_1_559' title='bbox 3397 2947 3497 2989; x_wconf 75' lang='lat' dir='ltr'><strong>ex-</strong></span> 
     </span>
    </p>
   </div>
   <div class='ocr_carea' id='block_1_75' title="bbox 1908 3027 3499 3099">
    <p class='ocr_par' dir='ltr' id='par_1_75' title="bbox 1908 3027 3499 3099">
     <span class='ocr_line' id='line_1_75' title="bbox 1908 3027 3499 3099; baseline -0.002 -17"><span class='ocrx_word' id='word_1_560' title='bbox 1908 3028 2082 3083; x_wconf 81' lang='lat' dir='ltr'><strong>terior</strong></span> <span class='ocrx_word' id='word_1_561' title='bbox 2118 3028 2377 3098; x_wconf 88' lang='lat' dir='ltr'><strong>corporis</strong></span> <span class='ocrx_word' id='word_1_562' title='bbox 2409 3043 2562 3099; x_wconf 87' lang='lat' dir='ltr'><strong>pars,</strong></span> <span class='ocrx_word' id='word_1_563' title='bbox 2591 3042 2714 3098; x_wconf 67' lang='lat' dir='ltr'><strong>qua:</strong></span> <span class='ocrx_word' id='word_1_564' title='bbox 2744 3028 2955 3084; x_wconf 87' lang='lat' dir='ltr'><strong>dicitur</strong></span> <span class='ocrx_word' id='word_1_565' title='bbox 2985 3028 3303 3098; x_wconf 77' lang='grc' dir='ltr'>ἐπιφάνεια,</span> <span class='ocrx_word' id='word_1_566' title='bbox 3346 3027 3499 3097; x_wconf 84' lang='grc' dir='ltr'>παρὰ</span> 
     </span>
    </p>
   </div>
   <div class='ocr_carea' id='block_1_76' title="bbox 1908 3117 3499 3192">
    <p class='ocr_par' dir='ltr' id='par_1_76' title="bbox 1908 3117 3499 3192">
     <span class='ocr_line' id='line_1_76' title="bbox 1908 3117 3499 3192; baseline 0 -21"><span class='ocrx_word' id='word_1_567' title='bbox 1908 3118 1971 3171; x_wconf 84' lang='grc' dir='ltr'>τὸ</span> <span class='ocrx_word' id='word_1_568' title='bbox 1996 3117 2322 3188; x_wconf 86' lang='grc' dir='ltr'>φαίνεσθαι;</span> <span class='ocrx_word' id='word_1_569' title='bbox 2367 3117 2474 3174; x_wconf 89' lang='lat' dir='ltr'><strong>hoc</strong></span> <span class='ocrx_word' id='word_1_570' title='bbox 2498 3126 2605 3185; x_wconf 88' lang='lat' dir='ltr'><strong>est,</strong></span> <span class='ocrx_word' id='word_1_571' title='bbox 2633 3119 2703 3174; x_wconf 87' lang='lat' dir='ltr'><strong>ab</strong></span> <span class='ocrx_word' id='word_1_572' title='bbox 2730 3134 2800 3175; x_wconf 87' lang='lat' dir='ltr'><strong>eo</strong></span> <span class='ocrx_word' id='word_1_573' title='bbox 2829 3120 2978 3190; x_wconf 91' lang='lat' dir='ltr'><strong>quod</strong></span> <span class='ocrx_word' id='word_1_574' title='bbox 3010 3127 3293 3192; x_wconf 84' lang='lat' dir='ltr'><strong>appareat.</strong></span> <span class='ocrx_word' id='word_1_575' title='bbox 3321 3117 3499 3173; x_wconf 82' lang='lat' dir='ltr'><strong>Habet</strong></span> 
     </span>
    </p>
   </div>
   <div class='ocr_carea' id='block_1_77' title="bbox 1910 3208 3498 3281">
    <p class='ocr_par' dir='ltr' id='par_1_77' title="bbox 1910 3208 3498 3281">
     <span class='ocr_line' id='line_1_77' title="bbox 1910 3208 3498 3281; baseline -0.001 -18"><span class='ocrx_word' id='word_1_576' title='bbox 1910 3222 2078 3279; x_wconf 91' lang='lat' dir='ltr'><strong>porro</strong></span> <span class='ocrx_word' id='word_1_577' title='bbox 2120 3209 2262 3264; x_wconf 87' lang='lat' dir='ltr'><strong>duas</strong></span> <span class='ocrx_word' id='word_1_578' title='bbox 2294 3208 3130 3281; x_wconf 70' lang='lat' dir='ltr'><strong>dimensiones,longitudinem</strong></span> <span class='ocrx_word' id='word_1_579' title='bbox 3159 3217 3215 3265; x_wconf 87' lang='lat' dir='ltr'><strong>et</strong></span> <span class='ocrx_word' id='word_1_580' title='bbox 3244 3208 3498 3264; x_wconf 84' lang='lat' dir='ltr'><strong>latitudi-</strong></span> 
     </span>
    </p>
   </div>
   <div class='ocr_carea' id='block_1_78' title="bbox 1910 3299 3499 3372">
    <p class='ocr_par' dir='ltr' id='par_1_78' title="bbox 1910 3299 3499 3372">
     <span class='ocr_line' id='line_1_78' title="bbox 1910 3299 3499 3372; baseline 0.001 -17"><span class='ocrx_word' id='word_1_581' title='bbox 1910 3316 2061 3356; x_wconf 90' lang='lat' dir='ltr'><strong>nem.</strong></span> <span class='ocrx_word' id='word_1_582' title='bbox 2099 3299 2228 3356; x_wconf 65' lang='grc' dir='ltr'><strong>Βαξο</strong></span> <span class='ocrx_word' id='word_1_583' title='bbox 2252 3314 2477 3372; x_wconf 90' lang='lat' dir='ltr'><strong>quoque</strong></span> <span class='ocrx_word' id='word_1_584' title='bbox 2523 3317 2651 3357; x_wconf 80' lang='lat' dir='ltr'><strong>cum</strong></span> <span class='ocrx_word' id='word_1_585' title='bbox 2685 3318 2797 3358; x_wconf 89' lang='lat' dir='ltr'><strong>una</strong></span> <span class='ocrx_word' id='word_1_586' title='bbox 2823 3303 2918 3367; x_wconf 91' lang='lat' dir='ltr'><strong>sit,</strong></span> <span class='ocrx_word' id='word_1_587' title='bbox 2974 3318 3252 3359; x_wconf 64' lang='lat' dir='ltr'><strong>mensurae</strong></span> <span class='ocrx_word' id='word_1_588' title='bbox 3301 3303 3499 3358; x_wconf 91' lang='lat' dir='ltr'><strong>idonea</strong></span> 
     </span>
    </p>
   </div>
   <div class='ocr_carea' id='block_1_79' title="bbox 1910 3392 3497 3464">
    <p class='ocr_par' dir='ltr' id='par_1_79' title="bbox 1910 3392 3497 3464">
     <span class='ocr_line' id='line_1_79' title="bbox 1910 3392 3497 3464; baseline 0.002 -18"><span class='ocrx_word' id='word_1_589' title='bbox 1910 3401 1996 3448; x_wconf 82' lang='lat' dir='ltr'><strong>est</strong></span> <span class='ocrx_word' id='word_1_590' title='bbox 2028 3409 2042 3445; x_wconf 88' lang='lat'><strong>:</strong></span> <span class='ocrx_word' id='word_1_591' title='bbox 2080 3392 2314 3464; x_wconf 83' lang='lat' dir='ltr'><strong>ejusque</strong></span> <span class='ocrx_word' id='word_1_592' title='bbox 2335 3401 2523 3463; x_wconf 84' lang='lat' dir='ltr'><strong>partes</strong></span> <span class='ocrx_word' id='word_1_593' title='bbox 2564 3394 2771 3450; x_wconf 87' lang='lat' dir='ltr'><strong>habent</strong></span> <span class='ocrx_word' id='word_1_594' title='bbox 2792 3411 3143 3451; x_wconf 89' lang='lat' dir='ltr'><strong>communem</strong></span> <span class='ocrx_word' id='word_1_595' title='bbox 3173 3394 3497 3461; x_wconf 88' lang='lat' dir='ltr'><strong>terminum,</strong></span> 
     </span>
    </p>
   </div>
   <div class='ocr_carea' id='block_1_80' title="bbox 1910 3486 3496 3557">
    <p class='ocr_par' dir='ltr' id='par_1_80' title="bbox 1910 3486 3496 3557">
     <span class='ocr_line' id='line_1_80' title="bbox 1910 3486 3496 3557; baseline 0.001 -18"><span class='ocrx_word' id='word_1_596' title='bbox 1910 3500 2024 3555; x_wconf 91' lang='lat' dir='ltr'><strong>quo</strong></span> <span class='ocrx_word' id='word_1_597' title='bbox 2075 3487 2804 3552; x_wconf 87' lang='lat' dir='ltr'><strong>connectantur;nimirum</strong></span> <span class='ocrx_word' id='word_1_598' title='bbox 2859 3486 3209 3557; x_wconf 88' lang='lat' dir='ltr'><strong>interjectam</strong></span> <span class='ocrx_word' id='word_1_599' title='bbox 3272 3486 3496 3541; x_wconf 89' lang='lat' dir='ltr'><strong>lineam.</strong></span> 
     </span>
    </p>
   </div>
   <div class='ocr_carea' id='block_1_81' title="bbox 1913 3575 3497 3648">
    <p class='ocr_par' dir='ltr' id='par_1_81' title="bbox 1913 3575 3497 3648">
     <span class='ocr_line' id='line_1_81' title="bbox 1913 3575 3497 3648; baseline 0.001 -18"><span class='ocrx_word' id='word_1_600' title='bbox 1913 3575 2216 3630; x_wconf 87' lang='lat' dir='ltr'><strong>Sciendum</strong></span> <span class='ocrx_word' id='word_1_601' title='bbox 2273 3583 2360 3631; x_wconf 84' lang='lat' dir='ltr'><strong>est</strong></span> <span class='ocrx_word' id='word_1_602' title='bbox 2396 3585 2581 3632; x_wconf 88' lang='lat' dir='ltr'><strong>autem</strong></span> <span class='ocrx_word' id='word_1_603' title='bbox 2652 3576 2798 3647; x_wconf 90' lang='lat' dir='ltr'><strong>quod</strong></span> <span class='ocrx_word' id='word_1_604' title='bbox 2832 3577 3119 3648; x_wconf 85' lang='lat' dir='ltr'><strong>aequabilis</strong></span> <span class='ocrx_word' id='word_1_605' title='bbox 3150 3576 3497 3646; x_wconf 82' lang='lat' dir='ltr'><strong>superﬁcies,</strong></span> 
     </span>
    </p>
   </div>
   <div class='ocr_carea' id='block_1_82' title="bbox 1914 3664 3487 3736">
    <p class='ocr_par' dir='ltr' id='par_1_82' title="bbox 1914 3664 3487 3736">
     <span class='ocr_line' id='line_1_82' title="bbox 1914 3664 3487 3736; baseline 0.001 -18"><span class='ocrx_word' id='word_1_606' title='bbox 1914 3664 2174 3735; x_wconf 87' lang='lat' dir='ltr'><strong>planities</strong></span> <span class='ocrx_word' id='word_1_607' title='bbox 2238 3664 2445 3721; x_wconf 91' lang='lat' dir='ltr'><strong>dicitur</strong></span> <span class='ocrx_word' id='word_1_608' title='bbox 2475 3680 2489 3717; x_wconf 91' lang='lat'><strong>:</strong></span> <span class='ocrx_word' id='word_1_609' title='bbox 2530 3666 2885 3736; x_wconf 67' lang='lat' dir='ltr'><strong>inaequabilis</strong></span> <span class='ocrx_word' id='word_1_610' title='bbox 2935 3674 3119 3722; x_wconf 89' lang='lat' dir='ltr'><strong>autem</strong></span> <span class='ocrx_word' id='word_1_611' title='bbox 3152 3673 3208 3721; x_wconf 86' lang='lat' dir='ltr'><strong>et</strong></span> <span class='ocrx_word' id='word_1_612' title='bbox 3238 3667 3487 3736; x_wconf 87' lang='lat' dir='ltr'><strong>obliqua,</strong></span> 
     </span>
    </p>
   </div>
   <div class='ocr_carea' id='block_1_83' title="bbox 1911 3755 3502 3827">
    <p class='ocr_par' dir='ltr' id='par_1_83' title="bbox 1911 3755 3502 3827">
     <span class='ocr_line' id='line_1_83' title="bbox 1911 3755 3502 3827; baseline -0.001 -15"><span class='ocrx_word' id='word_1_613' title='bbox 1911 3755 2236 3826; x_wconf 88' lang='lat' dir='ltr'><strong>superﬁcies</strong></span> <span class='ocrx_word' id='word_1_614' title='bbox 2284 3755 2639 3825; x_wconf 87' lang='lat' dir='ltr'><strong>simpliciter.</strong></span> <span class='ocrx_word' id='word_1_615' title='bbox 2675 3756 2745 3810; x_wconf 88' lang='lat' dir='ltr'><strong>At</strong></span> <span class='ocrx_word' id='word_1_616' title='bbox 2774 3771 3002 3827; x_wconf 89' lang='lat' dir='ltr'><strong>corpus,</strong></span> <span class='ocrx_word' id='word_1_617' title='bbox 3047 3756 3251 3827; x_wconf 88' lang='lat' dir='ltr'><strong>triplici</strong></span> <span class='ocrx_word' id='word_1_618' title='bbox 3284 3756 3502 3812; x_wconf 85' lang='lat' dir='ltr'><strong>dimen-</strong></span> 
     </span>
    </p>
   </div>
   <div class='ocr_carea' id='block_1_84' title="bbox 1911 3848 3515 3921">
    <p class='ocr_par' dir='ltr' id='par_1_84' title="bbox 1911 3848 3515 3921">
     <span class='ocr_line' id='line_1_84' title="bbox 1911 3848 3515 3921; baseline 0 -18"><span class='ocrx_word' id='word_1_619' title='bbox 1911 3848 2068 3905; x_wconf 84' lang='lat' dir='ltr'><strong>sione</strong></span> <span class='ocrx_word' id='word_1_620' title='bbox 2119 3855 2364 3914; x_wconf 90' lang='lat' dir='ltr'><strong>constat,</strong></span> <span class='ocrx_word' id='word_1_621' title='bbox 2414 3863 2613 3919; x_wconf 90' lang='lat' dir='ltr'><strong>nempe</strong></span> <span class='ocrx_word' id='word_1_622' title='bbox 2660 3849 3028 3921; x_wconf 82' lang='lat' dir='ltr'><strong>longitudine,</strong></span> <span class='ocrx_word' id='word_1_623' title='bbox 3087 3849 3381 3906; x_wconf 88' lang='lat' dir='ltr'><strong>latitudine</strong></span> <span class='ocrx_word' id='word_1_624' title='bbox 3430 3863 3515 3914; x_wconf 50' lang='lat' dir='ltr'><strong>ac,</strong></span> 
     </span>
    </p>
   </div>
   <div class='ocr_carea' id='block_1_85' title="bbox 1913 3941 3501 4014">
    <p class='ocr_par' dir='ltr' id='par_1_85' title="bbox 1913 3941 3501 4014">
     <span class='ocr_line' id='line_1_85' title="bbox 1913 3941 3501 4014; baseline 0.003 -19"><span class='ocrx_word' id='word_1_625' title='bbox 1913 3941 2299 4012; x_wconf 83' lang='lat' dir='ltr'><strong>profunditate</strong></span> <span class='ocrx_word' id='word_1_626' title='bbox 2323 3957 2339 4007; x_wconf 90' lang='lat'><strong>;</strong></span> <span class='ocrx_word' id='word_1_627' title='bbox 2373 3941 2477 3995; x_wconf 87' lang='lat' dir='ltr'><strong>hoc</strong></span> <span class='ocrx_word' id='word_1_628' title='bbox 2498 3950 2583 3996; x_wconf 87' lang='lat' dir='ltr'><strong>est</strong></span> <span class='ocrx_word' id='word_1_629' title='bbox 2606 3941 2870 3997; x_wconf 87' lang='lat' dir='ltr'><strong>crassitie</strong></span> <span class='ocrx_word' id='word_1_630' title='bbox 2896 3958 2910 3994; x_wconf 91' lang='lat'><strong>:</strong></span> <span class='ocrx_word' id='word_1_631' title='bbox 2945 3956 3187 4014; x_wconf 89' lang='lat' dir='ltr'><strong>cumque</strong></span> <span class='ocrx_word' id='word_1_632' title='bbox 3213 3957 3387 4002; x_wconf 86' lang='lat' dir='ltr'><strong>unum</strong></span> <span class='ocrx_word' id='word_1_633' title='bbox 3403 3957 3501 4001; x_wconf 63' lang='grc' dir='ltr'><strong>εις</strong></span> 
     </span>
    </p>
   </div>
   <div class='ocr_carea' id='block_1_86' title="bbox 1911 4031 3501 4104">
    <p class='ocr_par' dir='ltr' id='par_1_86' title="bbox 1911 4031 3501 4104">
     <span class='ocr_line' id='line_1_86' title="bbox 1911 4031 3501 4104; baseline 0.001 -19"><span class='ocrx_word' id='word_1_634' title='bbox 1911 4031 2097 4098; x_wconf 88' lang='lat' dir='ltr'><strong>sistat,</strong></span> <span class='ocrx_word' id='word_1_635' title='bbox 2127 4031 2234 4087; x_wconf 85' lang='lat' dir='ltr'><strong>sub</strong></span> <span class='ocrx_word' id='word_1_636' title='bbox 2256 4046 2576 4087; x_wconf 88' lang='lat' dir='ltr'><strong>mensuram</strong></span> <span class='ocrx_word' id='word_1_637' title='bbox 2609 4031 2776 4099; x_wconf 89' lang='lat' dir='ltr'><strong>cadit,</strong></span> <span class='ocrx_word' id='word_1_638' title='bbox 2801 4047 2866 4087; x_wconf 90' lang='lat' dir='ltr'><strong>ac</strong></span> <span class='ocrx_word' id='word_1_639' title='bbox 2892 4040 3079 4103; x_wconf 91' lang='lat' dir='ltr'><strong>partes</strong></span> <span class='ocrx_word' id='word_1_640' title='bbox 3098 4034 3220 4104; x_wconf 85' lang='lat' dir='ltr'><strong>ejus</strong></span> <span class='ocrx_word' id='word_1_641' title='bbox 3251 4049 3501 4089; x_wconf 89' lang='lat' dir='ltr'><strong>commu-</strong></span> 
     </span>
    </p>
   </div>
   <div class='ocr_carea' id='block_1_87' title="bbox 1915 4123 3500 4197">
    <p class='ocr_par' dir='ltr' id='par_1_87' title="bbox 1915 4123 3500 4197">
     <span class='ocr_line' id='line_1_87' title="bbox 1915 4123 3500 4197; baseline 0.001 -20"><span class='ocrx_word' id='word_1_642' title='bbox 1915 4138 2040 4177; x_wconf 88' lang='lat' dir='ltr'><strong>nem</strong></span> <span class='ocrx_word' id='word_1_643' title='bbox 2082 4123 2292 4177; x_wconf 91' lang='lat' dir='ltr'><strong>habent</strong></span> <span class='ocrx_word' id='word_1_644' title='bbox 2345 4123 2672 4191; x_wconf 90' lang='lat' dir='ltr'><strong>terminum,</strong></span> <span class='ocrx_word' id='word_1_645' title='bbox 2717 4139 2827 4193; x_wconf 90' lang='lat' dir='ltr'><strong>quo</strong></span> <span class='ocrx_word' id='word_1_646' title='bbox 2854 4124 3500 4197; x_wconf 57' lang='lat' dir='ltr'><strong>conjungantur;nimis</strong></span> 
     </span>
    </p>
   </div>
   <div class='ocr_carea' id='block_1_88' title="bbox 1914 4213 3502 4287">
    <p class='ocr_par' dir='ltr' id='par_1_88' title="bbox 1914 4213 3502 4287">
     <span class='ocr_line' id='line_1_88' title="bbox 1914 4213 3502 4287; baseline 0.001 -19"><span class='ocrx_word' id='word_1_647' title='bbox 1914 4229 2037 4269; x_wconf 86' lang='lat' dir='ltr'><strong>rum</strong></span> <span class='ocrx_word' id='word_1_648' title='bbox 2070 4213 2443 4285; x_wconf 87' lang='lat' dir='ltr'><strong>superﬁciem.</strong></span> <span class='ocrx_word' id='word_1_649' title='bbox 2489 4213 2634 4280; x_wconf 84' lang='lat' dir='ltr'><strong>Quin</strong></span> <span class='ocrx_word' id='word_1_650' title='bbox 2676 4215 2835 4272; x_wconf 91' lang='lat' dir='ltr'><strong>locus</strong></span> <span class='ocrx_word' id='word_1_651' title='bbox 2869 4216 3229 4285; x_wconf 86' lang='lat' dir='ltr'><strong>etiam,aeris</strong></span> <span class='ocrx_word' id='word_1_652' title='bbox 3264 4216 3502 4287; x_wconf 60' lang='lat' dir='ltr'><strong>superﬁ-n</strong></span> 
     </span>
    </p>
   </div>
   <div class='ocr_carea' id='block_1_89' title="bbox 1914 4305 3502 4380">
    <p class='ocr_par' dir='ltr' id='par_1_89' title="bbox 1914 4305 3502 4380">
     <span class='ocr_line' id='line_1_89' title="bbox 1914 4305 3502 4380; baseline 0.001 -18"><span class='ocrx_word' id='word_1_653' title='bbox 1914 4307 2031 4362; x_wconf 91' lang='lat' dir='ltr'><strong>cies</strong></span> <span class='ocrx_word' id='word_1_654' title='bbox 2067 4317 2173 4362; x_wconf 87' lang='lat' dir='ltr'><strong>est.</strong></span> <span class='ocrx_word' id='word_1_655' title='bbox 2233 4305 2370 4361; x_wconf 86' lang='lat' dir='ltr'><strong>Nam</strong></span> <span class='ocrx_word' id='word_1_656' title='bbox 2409 4306 2568 4362; x_wconf 89' lang='lat' dir='ltr'><strong>locus</strong></span> <span class='ocrx_word' id='word_1_657' title='bbox 2602 4315 2731 4362; x_wconf 90' lang='lat' dir='ltr'><strong>tuus</strong></span> <span class='ocrx_word' id='word_1_658' title='bbox 2762 4308 3087 4380; x_wconf 80' lang='lat' dir='ltr'><strong>superﬁcies</strong></span> <span class='ocrx_word' id='word_1_659' title='bbox 3121 4321 3243 4379; x_wconf 90' lang='lat' dir='ltr'><strong>est;</strong></span> <span class='ocrx_word' id='word_1_660' title='bbox 3286 4310 3389 4365; x_wconf 89' lang='lat' dir='ltr'><strong>hoc</strong></span> <span class='ocrx_word' id='word_1_661' title='bbox 3416 4317 3502 4365; x_wconf 91' lang='lat' dir='ltr'><strong>est</strong></span> 
     </span>
    </p>
   </div>
   <div class='ocr_carea' id='block_1_90' title="bbox 1912 4398 3503 4474">
    <p class='ocr_par' dir='ltr' id='par_1_90' title="bbox 1912 4398 3503 4474">
     <span class='ocr_line' id='line_1_90' title="bbox 1912 4398 3503 4474; baseline 0.002 -20"><span class='ocrx_word' id='word_1_662' title='bbox 1912 4407 2224 4454; x_wconf 79' lang='lat' dir='ltr'><strong>extremum</strong></span> <span class='ocrx_word' id='word_1_663' title='bbox 2262 4398 2411 4456; x_wconf 89' lang='lat' dir='ltr'><strong>aeris</strong></span> <span class='ocrx_word' id='word_1_664' title='bbox 2438 4400 2736 4456; x_wconf 88' lang='lat' dir='ltr'><strong>ambientis</strong></span> <span class='ocrx_word' id='word_1_665' title='bbox 2762 4416 2822 4457; x_wconf 89' lang='lat' dir='ltr'><strong>se</strong></span> <span class='ocrx_word' id='word_1_666' title='bbox 2850 4420 2864 4457; x_wconf 89' lang='lat'><strong>:</strong></span> <span class='ocrx_word' id='word_1_667' title='bbox 2890 4411 3056 4473; x_wconf 88' lang='lat' dir='ltr'><strong>atque</strong></span> <span class='ocrx_word' id='word_1_668' title='bbox 3086 4411 3148 4457; x_wconf 90' lang='lat' dir='ltr'><strong>ut</strong></span> <span class='ocrx_word' id='word_1_669' title='bbox 3177 4401 3503 4474; x_wconf 86' lang='lat' dir='ltr'><strong>superﬁcies</strong></span> 
     </span>
    </p>
   </div>
   <div class='ocr_carea' id='block_1_91' title="bbox 1842 4490 3506 4566">
    <p class='ocr_par' dir='ltr' id='par_1_91' title="bbox 1842 4490 3506 4566">
     <span class='ocr_line' id='line_1_91' title="bbox 1842 4490 3506 4566; baseline 0.001 -18"><span class='ocrx_word' id='word_1_670' title='bbox 1842 4497 1888 4553; x_wconf 87' lang='lat' dir='ltr'><strong>D</strong></span> <span class='ocrx_word' id='word_1_671' title='bbox 1915 4499 2021 4558; x_wconf 87' lang='lat' dir='ltr'><strong>est,</strong></span> <span class='ocrx_word' id='word_1_672' title='bbox 2058 4491 2351 4546; x_wconf 89' lang='lat' dir='ltr'><strong>reducitur</strong></span> <span class='ocrx_word' id='word_1_673' title='bbox 2390 4490 2459 4546; x_wconf 91' lang='lat' dir='ltr'><strong>ad</strong></span> <span class='ocrx_word' id='word_1_674' title='bbox 2484 4494 2809 4548; x_wconf 87' lang='lat' dir='ltr'><strong>continuam</strong></span> <span class='ocrx_word' id='word_1_675' title='bbox 2841 4496 3232 4566; x_wconf 88' lang='lat' dir='ltr'><strong>quantitatem.</strong></span> <span class='ocrx_word' id='word_1_676' title='bbox 3258 4494 3506 4566; x_wconf 86' lang='lat' dir='ltr'><strong>Itemque</strong></span> 
     </span>
    </p>
   </div>
   <div class='ocr_carea' id='block_1_92' title="bbox 220 4587 3504 4679">
    <p class='ocr_par' dir='ltr' id='par_1_92' title="bbox 220 4587 3504 4679">
     <span class='ocr_line' id='line_1_92' title="bbox 220 4587 3504 4679; baseline -0.005 -16"><span class='ocrx_word' id='word_1_677' title='bbox 220 4619 445 4679; x_wconf 89' lang='lat' dir='ltr'><strong>tempus</strong></span> <span class='ocrx_word' id='word_1_678' title='bbox 475 4609 756 4676; x_wconf 89' lang='lat' dir='ltr'><strong>metimur,</strong></span> <span class='ocrx_word' id='word_1_679' title='bbox 792 4622 992 4678; x_wconf 88' lang='lat' dir='ltr'><strong>nempe</strong></span> <span class='ocrx_word' id='word_1_680' title='bbox 1022 4608 1077 4661; x_wconf 88' lang='lat' dir='ltr'><strong>in</strong></span> <span class='ocrx_word' id='word_1_681' title='bbox 1100 4604 1441 4677; x_wconf 65' lang='lat' dir='ltr'><strong>praeteritum</strong></span> <span class='ocrx_word' id='word_1_682' title='bbox 1474 4612 1529 4659; x_wconf 89' lang='lat' dir='ltr'><strong>et</strong></span> <span class='ocrx_word' id='word_1_683' title='bbox 1560 4601 1834 4666; x_wconf 79' lang='lat' dir='ltr'><strong>futurum,</strong></span> <span class='ocrx_word' id='word_1_684' title='bbox 1874 4607 2041 4665; x_wconf 89' lang='lat' dir='ltr'><strong>atque</strong></span> <span class='ocrx_word' id='word_1_685' title='bbox 2063 4587 2245 4659; x_wconf 85' lang='lat' dir='ltr'><strong>ipsius</strong></span> <span class='ocrx_word' id='word_1_686' title='bbox 2275 4595 2464 4658; x_wconf 85' lang='lat' dir='ltr'><strong>partes</strong></span> <span class='ocrx_word' id='word_1_687' title='bbox 2486 4604 2837 4647; x_wconf 89' lang='lat' dir='ltr'><strong>communem</strong></span> <span class='ocrx_word' id='word_1_688' title='bbox 2869 4591 3167 4645; x_wconf 81' lang='lat' dir='ltr'><strong>terminum</strong></span> <span class='ocrx_word' id='word_1_689' title='bbox 3221 4606 3334 4661; x_wconf 91' lang='lat' dir='ltr'><strong>quo</strong></span> <span class='ocrx_word' id='word_1_690' title='bbox 3372 4605 3504 4647; x_wconf 87' lang='lat' dir='ltr'><strong>con-</strong></span> 
     </span>
    </p>
   </div>
   <div class='ocr_carea' id='block_1_93' title="bbox 216 4698 1605 4771">
    <p class='ocr_par' dir='ltr' id='par_1_93' title="bbox 216 4698 1605 4771">
     <span class='ocr_line' id='line_1_93' title="bbox 216 4698 1605 4771; baseline -0.008 -11"><span class='ocrx_word' id='word_1_691' title='bbox 216 4710 522 4759; x_wconf 85' lang='lat' dir='ltr'><strong>nectantur</strong></span> <span class='ocrx_word' id='word_1_692' title='bbox 580 4703 810 4768; x_wconf 87' lang='lat' dir='ltr'><strong>habent,</strong></span> <span class='ocrx_word' id='word_1_693' title='bbox 864 4717 1065 4771; x_wconf 90' lang='lat' dir='ltr'><strong>nempe</strong></span> <span class='ocrx_word' id='word_1_694' title='bbox 1110 4714 1257 4754; x_wconf 90' lang='lat' dir='ltr'><strong>nunc</strong></span> <span class='ocrx_word' id='word_1_695' title='bbox 1308 4698 1605 4770; x_wconf 89' lang='lat' dir='ltr'><strong>temporis.</strong></span> 
     </span>
    </p>
   </div>
   <div class='ocr_carea' id='block_1_94' title="bbox 1684 4683 3503 4761">
    <p class='ocr_par' dir='ltr' id='par_1_94' title="bbox 1684 4683 3503 4761">
     <span class='ocr_line' id='line_1_94' title="bbox 1684 4683 3503 4761; baseline -0.006 -12"><span class='ocrx_word' id='word_1_696' title='bbox 1684 4693 1845 4749; x_wconf 86' lang='lat' dir='ltr'><strong>Nunc</strong></span> <span class='ocrx_word' id='word_1_697' title='bbox 1882 4700 2047 4761; x_wconf 88' lang='lat' dir='ltr'><strong>porro</strong></span> <span class='ocrx_word' id='word_1_698' title='bbox 2082 4684 2394 4752; x_wconf 85' lang='lat' dir='ltr'><strong>quantitate</strong></span> <span class='ocrx_word' id='word_1_699' title='bbox 2447 4691 2622 4738; x_wconf 90' lang='lat' dir='ltr'><strong>caret.</strong></span> <span class='ocrx_word' id='word_1_700' title='bbox 2674 4683 2755 4737; x_wconf 88' lang='lat' dir='ltr'><strong>En</strong></span> <span class='ocrx_word' id='word_1_701' title='bbox 2811 4684 2983 4754; x_wconf 81' lang='lat' dir='ltr'><strong>igitur</strong></span> <span class='ocrx_word' id='word_1_702' title='bbox 3033 4684 3141 4737; x_wconf 89' lang='lat' dir='ltr'><strong>tria</strong></span> <span class='ocrx_word' id='word_1_703' title='bbox 3212 4690 3345 4741; x_wconf 84' lang='lat' dir='ltr'><strong>sunt</strong></span> <span class='ocrx_word' id='word_1_704' title='bbox 3388 4697 3503 4738; x_wconf 92' lang='lat' dir='ltr'><strong>non</strong></span> 
     </span>
    </p>
   </div>
   <div class='ocr_carea' id='block_1_95' title="bbox 218 4773 3505 4867">
    <p class='ocr_par' dir='ltr' id='par_1_95' title="bbox 218 4773 3505 4867">
     <span class='ocr_line' id='line_1_95' title="bbox 218 4773 3505 4867; baseline -0.003 -17"><span class='ocrx_word' id='word_1_705' title='bbox 218 4803 452 4867; x_wconf 89' lang='lat' dir='ltr'><strong>quanta,</strong></span> <span class='ocrx_word' id='word_1_706' title='bbox 506 4794 792 4860; x_wconf 89' lang='lat' dir='ltr'><strong>nimirum,</strong></span> <span class='ocrx_word' id='word_1_707' title='bbox 834 4796 1042 4861; x_wconf 84' lang='lat' dir='ltr'><strong>unitas,</strong></span> <span class='ocrx_word' id='word_1_708' title='bbox 1104 4805 1391 4867; x_wconf 90' lang='lat' dir='ltr'><strong>punctum,</strong></span> <span class='ocrx_word' id='word_1_709' title='bbox 1446 4801 1501 4848; x_wconf 92' lang='lat' dir='ltr'><strong>et</strong></span> <span class='ocrx_word' id='word_1_710' title='bbox 1528 4805 1698 4845; x_wconf 89' lang='lat' dir='ltr'><strong>nunc.</strong></span> <span class='ocrx_word' id='word_1_711' title='bbox 1734 4788 1812 4840; x_wconf 87' lang='lat' dir='ltr'><strong>Ac</strong></span> <span class='ocrx_word' id='word_1_712' title='bbox 1850 4776 2076 4852; x_wconf 76' lang='grc' dir='ltr'>ρτορῐίθ</span> <span class='ocrx_word' id='word_1_713' title='bbox 2116 4773 2339 4844; x_wconf 74' lang='grc' dir='ltr'><strong>(ιυίαεω</strong></span> <span class='ocrx_word' id='word_1_714' title='bbox 2377 4782 2586 4845; x_wconf 67' lang='lat' dir='ltr'><strong>septem</strong></span> <span class='ocrx_word' id='word_1_715' title='bbox 2614 4774 2730 4830; x_wconf 50' lang='lat' dir='ltr'><strong>hac</strong></span> <span class='ocrx_word' id='word_1_716' title='bbox 2760 4783 2967 4846; x_wconf 73' lang='lat' dir='ltr'><strong>quanta</strong></span> <span class='ocrx_word' id='word_1_717' title='bbox 3033 4773 3296 4839; x_wconf 71' lang='lat' dir='ltr'><strong>dicuntur</strong></span> <span class='ocrx_word' id='word_1_718' title='bbox 3341 4793 3357 4831; x_wconf 72' lang='grc' dir='ltr'><strong>ε</strong></span> <span class='ocrx_word' id='word_1_719' title='bbox 3397 4790 3505 4830; x_wconf 75' lang='lat' dir='ltr'><strong>nll-</strong></span> 
     </span>
    </p>
   </div>
   <div class='ocr_carea' id='block_1_96' title="bbox 221 4881 2066 4959">
    <p class='ocr_par' dir='ltr' id='par_1_96' title="bbox 221 4881 2066 4959">
     <span class='ocr_line' id='line_1_96' title="bbox 221 4881 2066 4959; baseline -0.01 -14"><span class='ocrx_word' id='word_1_720' title='bbox 221 4904 439 4952; x_wconf 82' lang='lat' dir='ltr'><strong>nierus,</strong></span> <span class='ocrx_word' id='word_1_721' title='bbox 476 4890 676 4954; x_wconf 83' lang='lat' dir='ltr'><strong>oratio,</strong></span> <span class='ocrx_word' id='word_1_722' title='bbox 720 4898 961 4959; x_wconf 88' lang='lat' dir='ltr'><strong>tempus,</strong></span> <span class='ocrx_word' id='word_1_723' title='bbox 1021 4891 1202 4952; x_wconf 84' lang='lat' dir='ltr'><strong>locus,</strong></span> <span class='ocrx_word' id='word_1_724' title='bbox 1235 4890 1403 4952; x_wconf 86' lang='lat' dir='ltr'><strong>linea,</strong></span> <span class='ocrx_word' id='word_1_725' title='bbox 1452 4881 1801 4956; x_wconf 89' lang='lat' dir='ltr'><strong>superﬁcies,</strong></span> <span class='ocrx_word' id='word_1_726' title='bbox 1842 4885 2066 4944; x_wconf 86' lang='lat' dir='ltr'><strong>corpus.</strong></span> 
     </span>
    </p>
   </div>
   <div class='ocr_carea' id='block_1_97' title="bbox 294 4974 1815 5053">
    <p class='ocr_par' dir='ltr' id='par_1_97' title="bbox 294 4974 1815 5053">
     <span class='ocr_line' id='line_1_97' title="bbox 294 4974 1815 5053; baseline -0.007 -16"><span class='ocrx_word' id='word_1_727' title='bbox 294 4981 458 5037; x_wconf 72' lang='grc' dir='ltr'>Κατὰ</span> <span class='ocrx_word' id='word_1_728' title='bbox 492 4981 837 5052; x_wconf 79' lang='grc' dir='ltr'>συμϐεϐηκὸς</span> <span class='ocrx_word' id='word_1_729' title='bbox 867 4982 922 5035; x_wconf 83' lang='grc' dir='ltr'><strong>δὲ</strong></span> <span class='ocrx_word' id='word_1_730' title='bbox 956 4981 1189 5053; x_wconf 86' lang='grc' dir='ltr'>λέγομεν</span> <span class='ocrx_word' id='word_1_731' title='bbox 1226 4980 1389 5047; x_wconf 85' lang='grc' dir='ltr'>ποσά,</span> <span class='ocrx_word' id='word_1_732' title='bbox 1418 4977 1596 5034; x_wconf 76' lang='grc' dir='ltr'>καὶτὰ</span> <span class='ocrx_word' id='word_1_733' title='bbox 1627 4978 1683 5029; x_wconf 83' lang='grc' dir='ltr'>ὲν</span> <span class='ocrx_word' id='word_1_734' title='bbox 1712 4974 1815 5027; x_wconf 61' lang='grc' dir='ltr'>αὐτ</span> 
     </span>
    </p>
   </div>
   <div class='ocr_carea' id='block_1_98' title="bbox 218 5060 1816 5143">
    <p class='ocr_par' dir='ltr' id='par_1_98' title="bbox 218 5060 1816 5143">
     <span class='ocr_line' id='line_1_98' title="bbox 218 5060 1816 5143; baseline -0.008 -16"><span class='ocrx_word' id='word_1_735' title='bbox 218 5076 339 5136; x_wconf 85' lang='grc' dir='ltr'>τοῖς</span> <span class='ocrx_word' id='word_1_736' title='bbox 378 5070 758 5142; x_wconf 78' lang='grc' dir='ltr'>θεωρούμενα,</span> <span class='ocrx_word' id='word_1_737' title='bbox 807 5071 1029 5143; x_wconf 77' lang='grc' dir='ltr'>πρᾶξιν,</span> <span class='ocrx_word' id='word_1_738' title='bbox 1072 5071 1291 5142; x_wconf 87' lang='grc' dir='ltr'>κίνησιν</span> <span class='ocrx_word' id='word_1_739' title='bbox 1318 5109 1334 5133; x_wconf 87' lang='grc'><strong>,</strong></span> <span class='ocrx_word' id='word_1_740' title='bbox 1383 5068 1585 5141; x_wconf 85' lang='grc' dir='ltr'>χρῶμα</span> <span class='ocrx_word' id='word_1_741' title='bbox 1624 5060 1816 5118; x_wconf 81' lang='grc' dir='ltr'>καὶτὰ</span> 
     </span>
    </p>
   </div>
   <div class='ocr_carea' id='block_1_99' title="bbox 219 5155 1813 5233">
    <p class='ocr_par' dir='ltr' id='par_1_99' title="bbox 219 5155 1813 5233">
     <span class='ocr_line' id='line_1_99' title="bbox 219 5155 1813 5233; baseline -0.008 -14"><span class='ocrx_word' id='word_1_742' title='bbox 219 5163 459 5219; x_wconf 81' lang='grc' dir='ltr'>τοιαῦτα</span> <span class='ocrx_word' id='word_1_743' title='bbox 484 5178 497 5191; x_wconf 84' lang='grc'><strong>’</strong></span> <span class='ocrx_word' id='word_1_744' title='bbox 527 5158 671 5229; x_wconf 75' lang='grc' dir='ltr'>οἷον,</span> <span class='ocrx_word' id='word_1_745' title='bbox 701 5164 749 5215; x_wconf 85' lang='grc' dir='ltr'>εἰ</span> <span class='ocrx_word' id='word_1_746' title='bbox 773 5164 832 5216; x_wconf 83' lang='grc' dir='ltr'>ἐν</span> <span class='ocrx_word' id='word_1_747' title='bbox 876 5162 1056 5233; x_wconf 82' lang='grc' dir='ltr'>πολλῷ</span> <span class='ocrx_word' id='word_1_748' title='bbox 1113 5162 1324 5232; x_wconf 86' lang='grc' dir='ltr'>γίνεται</span> <span class='ocrx_word' id='word_1_749' title='bbox 1354 5162 1387 5231; x_wconf 87' lang='grc' dir='ltr'>ἠ</span> <span class='ocrx_word' id='word_1_750' title='bbox 1420 5158 1621 5230; x_wconf 77' lang='grc' dir='ltr'>πρᾶξις</span> <span class='ocrx_word' id='word_1_751' title='bbox 1660 5155 1754 5208; x_wconf 73' lang='grc' dir='ltr'>καὶ</span> <span class='ocrx_word' id='word_1_752' title='bbox 1778 5155 1813 5224; x_wconf 79' lang='grc' dir='ltr'><strong>ἡ</strong></span> 
     </span>
    </p>
   </div>
   <div class='ocr_carea' id='block_1_100' title="bbox 222 5251 1808 5326">
    <p class='ocr_par' dir='ltr' id='par_1_100' title="bbox 222 5251 1808 5326">
     <span class='ocr_line' id='line_1_100' title="bbox 222 5251 1808 5326; baseline -0.006 -16"><span class='ocrx_word' id='word_1_753' title='bbox 222 5257 469 5326; x_wconf 81' lang='grc' dir='ltr'>κίνησις,</span> <span class='ocrx_word' id='word_1_754' title='bbox 505 5254 688 5325; x_wconf 75' lang='grc' dir='ltr'>φαμὲν</span> <span class='ocrx_word' id='word_1_755' title='bbox 722 5253 924 5325; x_wconf 85' lang='grc' dir='ltr'>πολλὴν</span> <span class='ocrx_word' id='word_1_756' title='bbox 954 5253 1175 5326; x_wconf 80' lang='grc' dir='ltr'>πρᾶξιν,</span> <span class='ocrx_word' id='word_1_757' title='bbox 1204 5255 1299 5307; x_wconf 72' lang='grc' dir='ltr'><strong>καὶ</strong></span> <span class='ocrx_word' id='word_1_758' title='bbox 1335 5252 1537 5323; x_wconf 84' lang='grc' dir='ltr'>πολλὴν</span> <span class='ocrx_word' id='word_1_759' title='bbox 1567 5251 1808 5320; x_wconf 87' lang='grc' dir='ltr'>κίνησιν·</span> 
     </span>
    </p>
   </div>
   <div class='ocr_carea' id='block_1_101' title="bbox 223 5335 1813 5415">
    <p class='ocr_par' dir='ltr' id='par_1_101' title="bbox 223 5335 1813 5415">
     <span class='ocr_line' id='line_1_101' title="bbox 223 5335 1813 5415; baseline -0.006 -16"><span class='ocrx_word' id='word_1_760' title='bbox 223 5347 275 5399; x_wconf 77' lang='grc' dir='ltr'><strong>εί</strong></span> <span class='ocrx_word' id='word_1_761' title='bbox 318 5344 383 5397; x_wconf 73' lang='grc' dir='ltr'>δὲ</span> <span class='ocrx_word' id='word_1_762' title='bbox 418 5345 478 5395; x_wconf 82' lang='grc' dir='ltr'><strong>ὲν</strong></span> <span class='ocrx_word' id='word_1_763' title='bbox 507 5344 674 5415; x_wconf 85' lang='grc' dir='ltr'>ὀλίγῳ</span> <span class='ocrx_word' id='word_1_764' title='bbox 703 5382 717 5407; x_wconf 89' lang='grc'><strong>,</strong></span> <span class='ocrx_word' id='word_1_765' title='bbox 772 5342 980 5415; x_wconf 78' lang='grc' dir='ltr'>ὀλίγην.</span> <span class='ocrx_word' id='word_1_766' title='bbox 1027 5344 1262 5415; x_wconf 82' lang='grc' dir='ltr'>Ὁμοίως</span> <span class='ocrx_word' id='word_1_767' title='bbox 1309 5343 1405 5397; x_wconf 79' lang='grc' dir='ltr'>καὶ</span> <span class='ocrx_word' id='word_1_768' title='bbox 1445 5343 1494 5394; x_wconf 86' lang='grc' dir='ltr'><strong>εί</strong></span> <span class='ocrx_word' id='word_1_769' title='bbox 1538 5341 1596 5393; x_wconf 80' lang='grc' dir='ltr'>ὲν</span> <span class='ocrx_word' id='word_1_770' title='bbox 1632 5335 1813 5408; x_wconf 81' lang='grc' dir='ltr'>πολλῷ</span> 
     </span>
    </p>
   </div>
   <div class='ocr_carea' id='block_1_102' title="bbox 227 5430 1820 5507">
    <p class='ocr_par' dir='ltr' id='par_1_102' title="bbox 227 5430 1820 5507">
     <span class='ocr_line' id='line_1_102' title="bbox 227 5430 1820 5507; baseline -0.004 -18"><span class='ocrx_word' id='word_1_771' title='bbox 227 5434 451 5506; x_wconf 80' lang='grc' dir='ltr'>σώματι</span> <span class='ocrx_word' id='word_1_772' title='bbox 484 5432 749 5506; x_wconf 74' lang='grc' dir='ltr'>λευκότης</span> <span class='ocrx_word' id='word_1_773' title='bbox 787 5434 895 5507; x_wconf 77' lang='grc' dir='ltr'>εἴη,</span> <span class='ocrx_word' id='word_1_774' title='bbox 937 5436 1141 5507; x_wconf 81' lang='grc' dir='ltr'>φαμὲν,</span> <span class='ocrx_word' id='word_1_775' title='bbox 1170 5434 1306 5488; x_wconf 81' lang='grc' dir='ltr'>πολὺ</span> <span class='ocrx_word' id='word_1_776' title='bbox 1336 5432 1529 5489; x_wconf 86' lang='grc' dir='ltr'>λευκόν</span> <span class='ocrx_word' id='word_1_777' title='bbox 1551 5450 1564 5464; x_wconf 88' lang='grc'><strong>·</strong></span> <span class='ocrx_word' id='word_1_778' title='bbox 1604 5434 1654 5485; x_wconf 89' lang='grc' dir='ltr'>εἰ</span> <span class='ocrx_word' id='word_1_779' title='bbox 1684 5430 1743 5492; x_wconf 69' lang='grc' dir='ltr'><strong>δὲ</strong></span> <span class='ocrx_word' id='word_1_780' title='bbox 1760 5430 1820 5482; x_wconf 86' lang='grc' dir='ltr'><strong>έν</strong></span> 
     </span>
    </p>
   </div>
   <div class='ocr_carea' id='block_1_103' title="bbox 224 5528 647 5600">
    <p class='ocr_par' dir='ltr' id='par_1_103' title="bbox 224 5528 647 5600">
     <span class='ocr_line' id='line_1_103' title="bbox 224 5528 647 5600; baseline 0.007 -18"><span class='ocrx_word' id='word_1_781' title='bbox 224 5529 418 5600; x_wconf 71' lang='grc' dir='ltr'>ὀλίγῳ,</span> <span class='ocrx_word' id='word_1_782' title='bbox 449 5528 647 5598; x_wconf 80' lang='grc' dir='ltr'>ὀλίγον.</span> 
     </span>
    </p>
   </div>
   <div class='ocr_carea' id='block_1_104' title="bbox 313 5793 1818 5870">
    <p class='ocr_par' dir='ltr' id='par_1_104' title="bbox 313 5793 1818 5870">
     <span class='ocr_line' id='line_1_104' title="bbox 313 5793 1818 5870; baseline -0.005 -13"><span class='ocrx_word' id='word_1_783' title='bbox 313 5800 437 5857; x_wconf 76' lang='grc' dir='ltr'><strong>Ἔτι</strong></span> <span class='ocrx_word' id='word_1_784' title='bbox 479 5798 571 5852; x_wconf 77' lang='grc' dir='ltr'><strong>τοῦ</strong></span> <span class='ocrx_word' id='word_1_785' title='bbox 626 5800 792 5854; x_wconf 73' lang='grc' dir='ltr'>ποσοῦ</span> <span class='ocrx_word' id='word_1_786' title='bbox 814 5839 829 5867; x_wconf 89' lang='grc'><strong>,</strong></span> <span class='ocrx_word' id='word_1_787' title='bbox 860 5797 919 5852; x_wconf 75' lang='grc' dir='ltr'>τὸ</span> <span class='ocrx_word' id='word_1_788' title='bbox 951 5798 1050 5870; x_wconf 78' lang='grc' dir='ltr'><strong>μὲν</strong></span> <span class='ocrx_word' id='word_1_789' title='bbox 1099 5795 1246 5851; x_wconf 82' lang='grc' dir='ltr'>ἔστιν</span> <span class='ocrx_word' id='word_1_790' title='bbox 1309 5794 1654 5867; x_wconf 85' lang='grc' dir='ltr'>ὡρισμένον,</span> <span class='ocrx_word' id='word_1_791' title='bbox 1681 5793 1818 5849; x_wconf 77' lang='grc' dir='ltr'>τὸδὲ</span> 
     </span>
    </p>
   </div>
   <div class='ocr_carea' id='block_1_105' title="bbox 1999 4959 3508 5037">
    <p class='ocr_par' dir='ltr' id='par_1_105' title="bbox 1999 4959 3508 5037">
     <span class='ocr_line' id='line_1_105' title="bbox 1999 4959 3508 5037; baseline 0.001 -22"><span class='ocrx_word' id='word_1_792' title='bbox 1999 4962 2212 5028; x_wconf 83' lang='lat' dir='ltr'><strong>Quanta</strong></span> <span class='ocrx_word' id='word_1_793' title='bbox 2243 4976 2335 5030; x_wconf 86' lang='lat' dir='ltr'><strong>per</strong></span> <span class='ocrx_word' id='word_1_794' title='bbox 2388 4959 2656 5017; x_wconf 78' lang='lat' dir='ltr'><strong>accidens.</strong></span> <span class='ocrx_word' id='word_1_795' title='bbox 2684 4990 2755 5002; x_wconf 90' lang='lat'><strong><em>—</em></strong></span> <span class='ocrx_word' id='word_1_796' title='bbox 2784 4961 2862 5018; x_wconf 89' lang='lat' dir='ltr'><strong>Ea</strong></span> <span class='ocrx_word' id='word_1_797' title='bbox 2917 4975 3149 5037; x_wconf 74' lang='lat' dir='ltr'><strong>quoque</strong></span> <span class='ocrx_word' id='word_1_798' title='bbox 3179 4967 3387 5032; x_wconf 88' lang='lat' dir='ltr'><strong>quanta</strong></span> <span class='ocrx_word' id='word_1_799' title='bbox 3410 4975 3508 5032; x_wconf 91' lang='lat' dir='ltr'><strong>per</strong></span> 
     </span>
    </p>
   </div>
   <div class='ocr_carea' id='block_1_106' title="bbox 1923 5052 3510 5122">
    <p class='ocr_par' dir='ltr' id='par_1_106' title="bbox 1923 5052 3510 5122">
     <span class='ocr_line' id='line_1_106' title="bbox 1923 5052 3510 5122; baseline -0.003 -11"><span class='ocrx_word' id='word_1_800' title='bbox 1923 5056 2185 5111; x_wconf 87' lang='lat' dir='ltr'><strong>accidens</strong></span> <span class='ocrx_word' id='word_1_801' title='bbox 2215 5052 2477 5117; x_wconf 84' lang='lat' dir='ltr'><strong>dicimus,</strong></span> <span class='ocrx_word' id='word_1_802' title='bbox 2513 5068 2637 5122; x_wconf 77' lang='lat' dir='ltr'><strong>qua:</strong></span> <span class='ocrx_word' id='word_1_803' title='bbox 2666 5054 2723 5107; x_wconf 91' lang='lat' dir='ltr'><strong>in</strong></span> <span class='ocrx_word' id='word_1_804' title='bbox 2772 5054 2884 5110; x_wconf 88' lang='lat' dir='ltr'><strong>illis</strong></span> <span class='ocrx_word' id='word_1_805' title='bbox 2908 5053 3372 5121; x_wconf 88' lang='lat' dir='ltr'><strong>considerantur;</strong></span> <span class='ocrx_word' id='word_1_806' title='bbox 3403 5054 3510 5108; x_wconf 85' lang='lat' dir='ltr'><strong>hoc</strong></span> 
     </span>
    </p>
   </div>
   <div class='ocr_carea' id='block_1_107' title="bbox 1922 5143 3505 5215">
    <p class='ocr_par' dir='ltr' id='par_1_107' title="bbox 1922 5143 3505 5215">
     <span class='ocr_line' id='line_1_107' title="bbox 1922 5143 3505 5215; baseline -0.004 -12"><span class='ocrx_word' id='word_1_807' title='bbox 1922 5155 2028 5212; x_wconf 87' lang='lat' dir='ltr'><strong>est,</strong></span> <span class='ocrx_word' id='word_1_808' title='bbox 2062 5146 2356 5209; x_wconf 85' lang='lat' dir='ltr'><strong>actionem,</strong></span> <span class='ocrx_word' id='word_1_809' title='bbox 2385 5152 2617 5209; x_wconf 90' lang='lat' dir='ltr'><strong>motum,</strong></span> <span class='ocrx_word' id='word_1_810' title='bbox 2646 5144 2915 5210; x_wconf 88' lang='lat' dir='ltr'><strong>colorem,</strong></span> <span class='ocrx_word' id='word_1_811' title='bbox 2955 5146 3172 5215; x_wconf 88' lang='lat' dir='ltr'><strong>aliaque</strong></span> <span class='ocrx_word' id='word_1_812' title='bbox 3197 5143 3250 5198; x_wconf 89' lang='lat' dir='ltr'><strong>id</strong></span> <span class='ocrx_word' id='word_1_813' title='bbox 3276 5158 3452 5215; x_wconf 86' lang='lat' dir='ltr'><strong>genus</strong></span> <span class='ocrx_word' id='word_1_814' title='bbox 3490 5161 3505 5197; x_wconf 88' lang='lat'><strong>:</strong></span> 
     </span>
    </p>
   </div>
   <div class='ocr_carea' id='block_1_108' title="bbox 1923 5236 3509 5311">
    <p class='ocr_par' dir='ltr' id='par_1_108' title="bbox 1923 5236 3509 5311">
     <span class='ocr_line' id='line_1_108' title="bbox 1923 5236 3509 5311; baseline -0.003 -16"><span class='ocrx_word' id='word_1_815' title='bbox 1923 5257 1972 5295; x_wconf 83' lang='grc' dir='ltr'><strong>ν.</strong></span> <span class='ocrx_word' id='word_1_816' title='bbox 2000 5255 2107 5311; x_wconf 88' lang='lat' dir='ltr'><strong>gr.,</strong></span> <span class='ocrx_word' id='word_1_817' title='bbox 2135 5238 2181 5294; x_wconf 90' lang='lat' dir='ltr'><strong>si</strong></span> <span class='ocrx_word' id='word_1_818' title='bbox 2210 5236 2385 5292; x_wconf 90' lang='lat' dir='ltr'><strong>multo</strong></span> <span class='ocrx_word' id='word_1_819' title='bbox 2416 5237 2683 5306; x_wconf 86' lang='lat' dir='ltr'><strong>temporis</strong></span> <span class='ocrx_word' id='word_1_820' title='bbox 2707 5238 2888 5308; x_wconf 89' lang='lat' dir='ltr'><strong>spatio</strong></span> <span class='ocrx_word' id='word_1_821' title='bbox 2907 5238 3054 5292; x_wconf 92' lang='lat' dir='ltr'><strong>actio</strong></span> <span class='ocrx_word' id='word_1_822' title='bbox 3080 5238 3265 5306; x_wconf 88' lang='lat' dir='ltr'><strong>aliqua</strong></span> <span class='ocrx_word' id='word_1_823' title='bbox 3296 5251 3361 5292; x_wconf 91' lang='lat' dir='ltr'><strong>ac</strong></span> <span class='ocrx_word' id='word_1_824' title='bbox 3387 5250 3509 5291; x_wconf 85' lang='lat' dir='ltr'><strong>mo-</strong></span> 
     </span>
    </p>
   </div>
   <div class='ocr_carea' id='block_1_109' title="bbox 1926 5333 3512 5402">
    <p class='ocr_par' dir='ltr' id='par_1_109' title="bbox 1926 5333 3512 5402">
     <span class='ocr_line' id='line_1_109' title="bbox 1926 5333 3512 5402; baseline -0.003 -9"><span class='ocrx_word' id='word_1_825' title='bbox 1926 5346 2019 5394; x_wconf 86' lang='lat' dir='ltr'><strong>tus</strong></span> <span class='ocrx_word' id='word_1_826' title='bbox 2041 5337 2157 5401; x_wconf 88' lang='lat' dir='ltr'><strong>ﬁat,</strong></span> <span class='ocrx_word' id='word_1_827' title='bbox 2187 5335 2417 5399; x_wconf 82' lang='lat' dir='ltr'><strong>multam</strong></span> <span class='ocrx_word' id='word_1_828' title='bbox 2445 5334 2720 5389; x_wconf 87' lang='lat' dir='ltr'><strong>actionem</strong></span> <span class='ocrx_word' id='word_1_829' title='bbox 2739 5333 3003 5402; x_wconf 90' lang='lat' dir='ltr'><strong>dicimus,</strong></span> <span class='ocrx_word' id='word_1_830' title='bbox 3028 5348 3093 5388; x_wconf 89' lang='lat' dir='ltr'><strong>ac</strong></span> <span class='ocrx_word' id='word_1_831' title='bbox 3126 5333 3361 5389; x_wconf 92' lang='lat' dir='ltr'><strong>multum</strong></span> <span class='ocrx_word' id='word_1_832' title='bbox 3394 5346 3512 5388; x_wconf 84' lang='lat' dir='ltr'><strong>mo-</strong></span> 
     </span>
    </p>
   </div>
   <div class='ocr_carea' id='block_1_110' title="bbox 1930 5420 3512 5494">
    <p class='ocr_par' dir='ltr' id='par_1_110' title="bbox 1930 5420 3512 5494">
     <span class='ocr_line' id='line_1_110' title="bbox 1930 5420 3512 5494; baseline -0.003 -13"><span class='ocrx_word' id='word_1_833' title='bbox 1930 5436 2083 5490; x_wconf 80' lang='lat' dir='ltr'><strong>tum;</strong></span> <span class='ocrx_word' id='word_1_834' title='bbox 2114 5436 2341 5490; x_wconf 79' lang='lat' dir='ltr'><strong>contra,</strong></span> <span class='ocrx_word' id='word_1_835' title='bbox 2362 5423 2409 5479; x_wconf 92' lang='lat' dir='ltr'><strong>si</strong></span> <span class='ocrx_word' id='word_1_836' title='bbox 2440 5424 2641 5494; x_wconf 78' lang='lat' dir='ltr'><strong>exiguo</strong></span> <span class='ocrx_word' id='word_1_837' title='bbox 2696 5420 2966 5493; x_wconf 89' lang='lat' dir='ltr'><strong>temporis</strong></span> <span class='ocrx_word' id='word_1_838' title='bbox 2998 5421 3202 5491; x_wconf 87' lang='lat' dir='ltr'><strong>spatio,</strong></span> <span class='ocrx_word' id='word_1_839' title='bbox 3230 5421 3512 5490; x_wconf 77' lang='lat' dir='ltr'><strong>exiguam.</strong></span> 
     </span>
    </p>
   </div>
   <div class='ocr_carea' id='block_1_111' title="bbox 1931 5510 3514 5582">
    <p class='ocr_par' dir='ltr' id='par_1_111' title="bbox 1931 5510 3514 5582">
     <span class='ocr_line' id='line_1_111' title="bbox 1931 5510 3514 5582; baseline -0.006 -10"><span class='ocrx_word' id='word_1_840' title='bbox 1931 5515 2137 5573; x_wconf 86' lang='lat' dir='ltr'><strong>Eodem</strong></span> <span class='ocrx_word' id='word_1_841' title='bbox 2162 5513 2347 5581; x_wconf 87' lang='lat' dir='ltr'><strong>modo,</strong></span> <span class='ocrx_word' id='word_1_842' title='bbox 2372 5514 2417 5570; x_wconf 89' lang='lat' dir='ltr'><strong>si</strong></span> <span class='ocrx_word' id='word_1_843' title='bbox 2439 5521 2524 5570; x_wconf 89' lang='lat' dir='ltr'><strong>est</strong></span> <span class='ocrx_word' id='word_1_844' title='bbox 2553 5513 2764 5567; x_wconf 87' lang='lat' dir='ltr'><strong>candor</strong></span> <span class='ocrx_word' id='word_1_845' title='bbox 2794 5512 2850 5567; x_wconf 90' lang='lat' dir='ltr'><strong>in</strong></span> <span class='ocrx_word' id='word_1_846' title='bbox 2887 5511 3085 5567; x_wconf 87' lang='lat' dir='ltr'><strong>multis</strong></span> <span class='ocrx_word' id='word_1_847' title='bbox 3115 5510 3371 5582; x_wconf 89' lang='lat' dir='ltr'><strong>partibus</strong></span> <span class='ocrx_word' id='word_1_848' title='bbox 3387 5524 3514 5564; x_wconf 85' lang='lat' dir='ltr'><strong>cor-</strong></span> 
     </span>
    </p>
   </div>
   <div class='ocr_carea' id='block_1_112' title="bbox 1929 5601 3514 5680">
    <p class='ocr_par' dir='ltr' id='par_1_112' title="bbox 1929 5601 3514 5680">
     <span class='ocr_line' id='line_1_112' title="bbox 1929 5601 3514 5680; baseline -0.005 -16"><span class='ocrx_word' id='word_1_849' title='bbox 1929 5609 2107 5680; x_wconf 88' lang='lat' dir='ltr'><strong>poris,</strong></span> <span class='ocrx_word' id='word_1_850' title='bbox 2165 5608 2399 5661; x_wconf 90' lang='lat' dir='ltr'><strong>multum</strong></span> <span class='ocrx_word' id='word_1_851' title='bbox 2441 5606 2738 5662; x_wconf 88' lang='lat' dir='ltr'><strong>candorem</strong></span> <span class='ocrx_word' id='word_1_852' title='bbox 2790 5603 3071 5673; x_wconf 86' lang='lat' dir='ltr'><strong>dicimus;</strong></span> <span class='ocrx_word' id='word_1_853' title='bbox 3101 5605 3149 5660; x_wconf 91' lang='lat' dir='ltr'><strong>si</strong></span> <span class='ocrx_word' id='word_1_854' title='bbox 3195 5603 3253 5658; x_wconf 90' lang='lat' dir='ltr'><strong>in</strong></span> <span class='ocrx_word' id='word_1_855' title='bbox 3296 5601 3514 5674; x_wconf 83' lang='lat' dir='ltr'><strong>paucis,</strong></span> 
     </span>
    </p>
   </div>
   <div class='ocr_carea' id='block_1_113' title="bbox 1931 5715 2191 5772">
    <p class='ocr_par' dir='ltr' id='par_1_113' title="bbox 1931 5715 2191 5772">
     <span class='ocr_line' id='line_1_113' title="bbox 1931 5715 2191 5772; baseline 0.004 -18"><span class='ocrx_word' id='word_1_856' title='bbox 1931 5715 2191 5772; x_wconf 83' lang='lat' dir='ltr'><strong>paucum.</strong></span> 
     </span>
    </p>
   </div>
   <div class='ocr_carea' id='block_1_114' title="bbox 2003 5784 3518 5866">
    <p class='ocr_par' dir='ltr' id='par_1_114' title="bbox 2003 5784 3518 5866">
     <span class='ocr_line' id='line_1_114' title="bbox 2003 5784 3518 5866; baseline -0.011 -16"><span class='ocrx_word' id='word_1_857' title='bbox 2003 5793 2289 5862; x_wconf 79' lang='lat' dir='ltr'><strong>Quantitas</strong></span> <span class='ocrx_word' id='word_1_858' title='bbox 2345 5792 2525 5866; x_wconf 83' lang='lat' dir='ltr'><strong>ﬁnita,</strong></span> <span class='ocrx_word' id='word_1_859' title='bbox 2582 5802 2630 5849; x_wconf 81' lang='lat' dir='ltr'><strong>et</strong></span> <span class='ocrx_word' id='word_1_860' title='bbox 2681 5791 2918 5864; x_wconf 79' lang='lat' dir='ltr'><strong>inﬁnita,</strong></span> <span class='ocrx_word' id='word_1_861' title='bbox 2973 5804 3065 5848; x_wconf 74' lang='lat' dir='ltr'><strong>seu</strong></span> <span class='ocrx_word' id='word_1_862' title='bbox 3120 5784 3518 5855; x_wconf 74' lang='lat' dir='ltr'><strong>indeﬁnita.--</strong></span> 
     </span>
    </p>
   </div>
  </div>
