3962 6320
467 453 470 456 .
521 409 625 470 £427

1702 411 1760 470 s.
1793 409 2114 471 JOANNIS
2142 409 2570 476 DAMASCENI
2624 370 2637 381 ’

3665 410 3772 476 6‘28

526 521 798 576 Praeterea
817 518 1096 588 quantitas
1124 518 1321 587 partim
1345 518 1498 573 llnita
1531 525 1636 583 est,
1671 521 1872 590 partim
1907 519 2086 576 inlini-

2205 519 2471 592 ἀόριστον.
2529 517 2852 591 Ὠρισμένον
2911 519 3009 588 μὲν
3064 511 3160 572 οὖν
3215 519 3330 572 ἐστι
3377 517 3440 572 τὸ
3475 518 3773 591 δυνάμενον

524 622 601 666 ta.
632 607 812 662 Finita
833 617 939 673 est,
963 623 1126 678 quam
1147 609 1328 664 metiri
1357 623 1653 679 possumus
1671 624 1736 664 ac
1757 624 2050 665 numerare
2074 625 2089 662 :

523 699 765 764 infinita,
799 713 920 769 quae
949 699 1019 754 ob
1042 699 1302 754 eximiam
1342 700 1774 772 magnitudinem
1804 699 1910 770 52
1943 713 2096 755 men-

522 803 709 846 suram
763 802 981 844 omnem
1035 802 1101 843 ac
1152 803 1445 844 numerum
1495 790 1744 853 excedit;
1780 777 2094 859 diciturque

520 896 720 951 magna
772 889 829 937 et
856 881 1028 936 multa
1077 879 1386 938 indeﬁnite.
1443 881 1534 936 Sic
1561 881 1820 947 dicimus,
1861 881 2091 936 multam

519 973 616 1028 Dei
664 972 1132 1040 misericordiam;
1172 988 1428 1044 magnum
1487 973 1582 1030 Dei
1617 973 1782 1030 Verbi
1836 974 2093 1028 incarna-

517 1065 686 1121 tionis
707 1065 1049 1135 mysterium.

588 1155 726 1209 lllud
758 1163 938 1210 autem
971 1155 1114 1212 scire
1132 1157 1350 1222 attinet,
1382 1156 1728 1212 Aristotelem
1751 1171 2006 1224 magnum
2037 1165 2092 1210 et

517 1261 766 1316 parvum,
802 1247 1032 1301 multum
1061 1254 1115 1301 et
1145 1261 1405 1317 paucum,
1455 1247 1636 1315 majus
1665 1259 1720 1301 et
1745 1247 1948 1311 minus,
1973 1261 2092 1300 am-

516 1337 662 1408 plius
684 1345 737 1392 et
762 1339 1014 1407 paucius,
1033 1338 1256 1407 duplum
1281 1354 1344 1392 ac
1364 1337 1672 1402 dimidium,
1705 1338 1918 1406 aliaque
1941 1337 2092 1406 ejus-

516 1411 807 1491 tnodl,suh
825 1429 892 1483 iis
916 1429 1193 1483 collocare
1212 1443 1332 1499 qua:
1351 1437 1482 1484 sunt
1503 1429 1569 1486 ad
1593 1428 1822 1496 aliquid.
1846 1427 2090 1484 Dicimus

517 1518 704 1588 itaque
737 1518 854 1573 ﬂeri
885 1533 1049 1586 posse
1083 1526 1142 1571 ut
1166 1517 1356 1572 eadem
1392 1533 1500 1583 res,
1539 1517 1642 1572 alia
1678 1525 1842 1586 atque
1872 1517 1977 1570 alia
2005 1529 2092 1570 ra-

519 1606 688 1667 tione,
729 1605 796 1658 ad
831 1603 976 1658 aliud
1001 1613 1166 1672 atque
1193 1607 1340 1660 aliud
1371 1606 1856 1676 prtedicatnentum
1889 1605 2092 1660 refera-

519 1704 626 1748 tur.
670 1693 881 1748 Etenim
922 1710 984 1747 ea
1015 1711 1137 1764 qua:
1168 1694 1330 1749 modo
1360 1697 1774 1758 recensuimus,
1807 1703 1866 1750 ut
1896 1710 2090 1750 nume-

519 1799 638 1838 rum
673 1793 726 1840 et
757 1800 1064 1840 mensuram
1092 1786 1356 1851 indicant,
1376 1787 1443 1842 ad
1461 1788 1820 1858 quantitatem
1844 1786 2091 1842 referun-

2203 610 2522 681 μετρεῖσθαι
2551 610 2584 681 ἢ
2619 608 2993 683 ἀριθμεῖσθαι.
3030 610 3103 662 Τὸ
3129 609 3186 662 δὲ
3215 609 3488 680 ἀόριστον,
3514 612 3574 665 τὸ
3598 613 3769 685 ὑπερο

2199 706 2297 774 οχῇ
2328 721 2436 758 τινι
2468 702 2810 773 ὑπερϐάλλον
2841 703 2952 756 πᾶν
3010 699 3233 771 μέτρον,
3271 701 3368 754 καὶ
3425 703 3605 757 πάντα
3650 706 3773 777 ἀρι-

2199 790 2358 860 θμόν.
2403 791 2509 845 Καὶ
2564 791 2783 858 λέγεται
2833 791 2976 861 μέγα
3025 790 3121 843 καὶ
3175 790 3312 844 πολὺ
3363 793 3665 862 ἀορίστως,
3697 793 3773 857 ὡς

2194 881 2427 951 λέγομεν
2477 882 2674 953 πολλὴν
2707 881 2804 953 τὴν
2843 879 3247 952 εὐσπλαγχνίαν
3278 883 3373 936 τοῦ
3433 883 3590 950 Θεοῦ,
3632 886 3776 957 μέγα

2193 974 2256 1027 τὸ
2293 975 2590 1046 μυστήριον
2621 975 2720 1045 τῆς
2744 973 2838 1028 τοῦ
2870 973 3009 1028 Θεοῦ
3041 975 3218 1040 Λόγου
3245 976 3580 1045 οἰκονομίας.

2263 1152 2385 1222 Χρὴ
2433 1150 2756 1218 γινώσκειν⁹,
2807 1153 2889 1206 ὅτι
2911 1154 2940 1206 ὁ
2981 1153 3360 1224 Ἀριστοτέλης
3391 1153 3452 1206 τὸ
3483 1154 3627 1225 μέγα
3675 1155 3774 1210 καὶ

2196 1241 2424 1309 μικρὸν,
2471 1239 2607 1293 πολύ
2643 1259 2701 1294 τε
2727 1243 2822 1295 καὶ
2859 1241 3060 1310 ὀλίγον,
3097 1243 3158 1295 τὸ
3187 1242 3403 1313 μεῖζον,
3451 1243 3546 1296 καὶ
3596 1244 3656 1297 τὸ
3685 1263 3776 1315 μι-

2193 1330 2476 1402 κρότερον,
2504 1331 2604 1384 καὶ
2627 1331 2688 1384 τὸ
2722 1331 3071 1404 ὀλιγώτερον,
3101 1334 3196 1388 καὶ
3218 1334 3422 1397 πλεῖον,
3449 1335 3544 1387 καὶ
3574 1335 3774 1390 διπλά-

2194 1437 2327 1485 σιον,
2383 1422 2477 1474 καὶ
2525 1421 2720 1490 ἥμισυ,
2780 1424 2968 1476 καὶτὰ
3011 1423 3238 1477 τοιαῦτα
3263 1464 3277 1488 ,
3329 1425 3432 1477 ὑπὸ
3461 1426 3530 1478 τὰ
3561 1426 3692 1495 πρός
3719 1444 3776 1481 τι

2191 1513 2392 1582 τίθησι.
2439 1512 2684 1583 Λέγομεν
2728 1510 2820 1568 οὖν
2869 1515 2952 1569 ὅτι
3000 1514 3223 1568 δυνατὸν
3255 1516 3313 1568 τὸ
3363 1517 3495 1570 αὐτὸ
3537 1520 3778 1588 πρᾶγμα

2192 1605 2313 1656 κατ’
2343 1604 2497 1658 ἄλλον
2545 1605 2637 1657 καὶ⁵
2688 1605 2849 1658 ἄλλον
2901 1606 3102 1659 σκοπὸν
3129 1607 3220 1660 ὑπ’
3251 1607 3418 1678 ἄλλην
3462 1609 3557 1660 καὶ
3603 1609 3776 1679 ἄλλην

2193 1697 2528 1768 κατηγορίαν
2573 1696 2891 1765 ἀνάγεσθαι.
2944 1698 3032 1760 Ὠς
3073 1699 3172 1767 μὲν
3232 1699 3340 1768 γὰρ
3390 1699 3621 1769 ἀριθμὸν
3676 1701 3779 1754 καὶ

2199 1786 2394 1856 μέτρον
2455 1786 2716 1856 δηλοῦντα
2763 1786 2831 1840 τὰ
2897 1786 3304 1857 προειρημένα,
3367 1787 3472 1840 ὑπὸ
3507 1788 3568 1840 τὸ
3607 1789 3779 1841 ποσὸν

519 1885 607 1930 tur
639 1895 652 1931 :
683 1885 742 1930 ut
771 1887 951 1932 autem
981 1879 1187 1934 habent
1215 1881 1359 1934 inter
1392 1894 1452 1934 se
1478 1855 1834 1942 relationem,
1858 1891 1910 1934 et
1931 1888 1990 1933 ut
2023 1881 2086 1934 ad

2205 1877 2488 1944 ἅνάγονται
2512 1855 2530 1906 ν·
2554 1877 2629 1940 ὡς
2657 1877 2713 1930 δὲ
2746 1855 2951 1947 σχέσιν-
2974 1855 3166 1947 ἔχοντα
3225 1878 3361 1948 πρὸς
3410 1879 3634 1949 ἄλληλα,
3675 1882 3778 1933 καὶ

518 1967 750 2023 invicem
783 1969 949 2035 dicta,
970 1971 1038 2024 ad
1061 1970 1267 2040 aliquid
1295 1968 1610 2026 referuntur
1637 1985 1652 2023 :
1683 1970 1950 2040 siquidem
1975 1986 2089 2025 ma-

517 2075 684 2128 gnum
723 2061 939 2116 ratione
973 2063 1122 2132 parvi
1151 2079 1408 2133 magnum
1431 2063 1724 2127 dicitur,et
1745 2064 1971 2134 duplum
2006 2081 2090 2120 re-

517 2157 709 2219 spectu
741 2150 990 2220 dimidii;
1019 2161 1071 2207 et
1105 2154 1314 2224 reliqua
1341 2153 1534 2209 eodem
1566 2154 1748 2209 modo.
1771 2153 1946 2209 Porro
1966 2170 2090 2209 cor-

518 2255 640 2309 pus.
677 2251 734 2295 ut
779 2251 863 2297 est
908 2245 1177 2308 naturale,
1216 2245 1284 2298 ad
1333 2246 1700 2300 substantiam
1751 2255 1981 2317 spectat.
2020 2247 2091 2303 Ut

515 2341 696 2384 autem
734 2333 1178 2388 mathematicum
1201 2375 1214 2399 ,
1250 2335 1302 2388 id
1353 2343 1462 2399 est,
1503 2336 1603 2390 sub
1637 2350 1952 2390 mensuram
2000 2351 2091 2389 ca-

514 2422 671 2486 dens,
700 2425 764 2477 ad
797 2427 1157 2492 quantitatem
1203 2426 1502 2481 reducitur.
1539 2427 1618 2481 Ad
1649 2427 1782 2494 ha‘c,
1811 2429 2090 2497 quantitas

517 2515 714 2582 partim
761 2517 1156 2585 magnitudine,
1202 2519 1395 2587 partim
1447 2518 1804 2574 multitudine
1851 2528 2087 2576 constat.

515 2607 592 2658 Ac
626 2607 1054 2676 magnitudinem
1095 2609 1314 2678 quidem
1369 2610 1628 2664 metimur
1672 2627 1685 2661 :
1736 2626 2088 2681 numeramus

515 2704 696 2753 autem
725 2700 1146 2755 multitudinem.
1176 2701 1602 2771 Magnitudinem
1631 2717 1797 2772 porro
1823 2713 2088 2774 quantum

516 2789 796 2859 sequitur;
829 2801 1054 2862 quotum
1095 2801 1300 2859 autem,
1339 2794 1769 2851 multitudinem.

587 2878 877 2946 Quantitas
925 2892 1105 2937 autem
1158 2883 1261 2937 tria
1297 2891 1420 2938 sunt
1455 2886 1840 2956 propria,qu;e
1866 2889 2085 2957 quidem

517 2973 864 3025 consectaria
920 2973 1202 3029 dicuntur.
1229 2973 1494 3039 Primum,
1520 2983 1579 3028 ut
1599 2979 1937 3033 contrarium
1964 2996 2074 3035 non

516 3058 734 3113 habeat.
798 3060 932 3114 Nam
987 3076 1213 3130 corpus,
1251 3061 1388 3116 nihil
1426 3062 1604 3131 ipsum
1645 3079 1741 3134 per
1769 3081 1831 3120 se
1863 3075 2086 3121 contra-

513 3152 658 3206 rium
709 3151 890 3206 habet.
923 3151 1206 3218 Quatenus
1234 3161 1414 3211 autem
1457 3156 1640 3210 album
1683 3155 1824 3211 forte
1851 3167 1957 3224 est,
1988 3159 2087 3212 ali-

513 3242 646 3312 quid
673 3243 832 3299 habet
871 3245 1240 3310 contrarium,
1274 3261 1466 3316 nempe
1493 3249 1734 3316 nigrum.

586 3333 718 3388 illud
743 3350 906 3403 porro
939 3335 1376 3406 intelligendum,
1411 3338 1628 3393 binario
1669 3339 1884 3393 nullum
1919 3341 2087 3394 alium

513 3438 800 3478 numerum
849 3425 1194 3480 contrarium
1245 3441 1368 3481 esse
1402 3443 1415 3480 :
1453 3441 1576 3481 nam
1635 3429 1681 3483 si
1734 3430 1826 3492 sit,
1857 3445 2089 3485 necesse

511 3524 600 3572 est
620 3513 737 3568 fore
770 3516 994 3569 multos.
1030 3515 1234 3571 Omnes
1255 3518 1460 3586 quippe
1500 3518 1592 3571 alii
1629 3520 1842 3573 numeri
1867 3531 2089 3574 contra-

511 3605 579 3659 rii
629 3613 792 3659 erunt
837 3621 851 3658 :
887 3605 1207 3674 injustaque
1261 3615 1460 3660 natura
1511 3607 1838 3676 reperietur,
1881 3625 2003 3679 qua:
2034 3611 2087 3664 in

512 3711 680 3750 unum
747 3697 1024 3750 contraria
1078 3697 1251 3750 multa
1300 3699 1650 3754 instruxerit.
1709 3698 1896 3770 Neque
1939 3703 2085 3756 enim

508 3786 626 3841 ﬁeri
660 3795 860 3856 potest,
885 3793 944 3841 ut
975 3787 1068 3841 uni
1112 3789 1282 3841 multa
1314 3789 1698 3845 adversentur.

581 3878 914 3942 Secundum,
962 3886 1022 3933 ut
1065 3893 1165 3934 nec
1214 3879 1388 3949 magis
1439 3895 1541 3934 nec
1595 3880 1778 3934 minus
1809 3883 2092 3952 recipiat:

509 3982 686 4037 neque
709 3967 854 4023 enim
895 3968 1013 4022 dua:
1041 3969 1232 4038 palma:
1265 3968 1438 4037 magis
1465 3969 1584 4023 dua:
1621 3979 1771 4035 sunt,
1796 3987 1956 4041 quam
1982 3973 2093 4028 duo

510 4057 778 4114 homines.
823 4057 990 4113 Porro
1034 4059 1180 4128 quod
1228 4059 1565 4114 contrarium
1611 4076 1721 4117 non
1761 4063 1940 4130 habet,
1991 4078 2092 4120 nec

507 4151 681 4220 magis
705 4167 804 4207 nec
839 4151 1018 4206 minus
1057 4151 1264 4221 recipit.

578 4240 827 4296 Tertium
891 4240 1152 4310 denique,
1212 4246 1359 4310 quod
1408 4242 1509 4295 soli
1569 4258 1633 4298 ac
1677 4245 1828 4298 omni
1883 4254 2088 4314 quanto

504 4334 764 4385 convenit
786 4371 801 4392 ,
837 4331 1047 4400 aequale
1097 4343 1220 4388 esse
1243 4347 1306 4385 ac
1335 4333 1620 4402 inaequale.
1649 4333 1816 4389 Linea
1842 4337 1990 4393 enim
2023 4338 2083 4392 li-

505 4436 624 4478 nea:
651 4422 880 4491 mqualis
908 4436 972 4476 ac
1005 4422 1293 4492 inaequalis
1325 4433 1433 4478 est.

1177 4513 1331 4569 CAP.
1370 4515 1428 4569 L.

671 4603 743 4658 De
765 4605 831 4658 iis
861 4621 977 4674 qua:
1011 4605 1080 4659 ad
1136 4605 1361 4677 aliquid,
1396 4608 1501 4661 sive
1533 4606 1597 4661 de
1633 4609 1908 4663 relatione.

577 4696 708 4763 Qua;
753 4698 892 4752 ratio
929 4714 1110 4752 eorum
1149 4713 1267 4767 qua:
1307 4697 1374 4750 ad
1401 4697 1624 4768 aliquid.
1660 4730 1729 4740 —
1761 4700 1842 4753 Ad
1873 4699 2077 4770 aliquid

504 4801 567 4841 ea
601 4796 753 4850 sunt,
786 4802 907 4855 qua:
933 4785 986 4840 id
1011 4787 1156 4856 quod
1185 4796 1336 4848 sunt,
1372 4787 1608 4841 aliorum
1643 4803 1767 4843 esse
1793 4788 2074 4854 dicuntur,

2195 1969 2269 2033 ὡς
2296 1969 2430 2040 πρὸς
2485 1968 2689 2038 ἄλληλα
2740 1967 3027 2036 λεγόμενα,
3059 1969 3164 2022 ὑπὸ
3191 1980 3218 2019 q
3259 1970 3394 2040 πρός
3429 1988 3502 2024 τι.
3537 1971 3610 2024 Τὸ
3660 1973 3778 2043 γὰρ

2201 2062 2363 2132 μέγα,
2413 2061 2549 2131 πρὸς
2571 2061 2632 2113 τὸ
2664 2061 2859 2132 μικρὸν
2903 2060 3124 2130 λέγεται
3155 2063 3295 2132 μέγα
3315 2077 3329 2092 ⁸
3365 2063 3459 2116 καὶ
3487 2063 3548 2116 τὸ
3577 2063 3776 2118 διπλάο

2200 2168 2337 2214 σιον,
2393 2151 2528 2222 πρὸς
2551 2151 2613 2204 τδ
2642 2152 2812 2222 ἥμισυ
2848 2169 2860 2182 ·
2895 2152 3098 2222 ὁμοίως
3156 2154 3249 2206 καὶ
3285 2153 3354 2206 τὰ
3392 2153 3576 2214 λοιπά.
3610 2154 3682 2207 Τὸ
3713 2154 3777 2210 δὲ

2199 2244 2380 2315 σῶμα,
2420 2243 2558 2297 καθὸ
2589 2244 2686 2313 μὲν
2716 2244 2942 2312 φυσικόν
2999 2246 3136 2310 ἐστι,
3187 2245 3292 2298 ὑπὸ
3325 2245 3422 2316 τὴν
3450 2246 3638 2299 οὐσίαν
3672 2249 3777 2300 ἀν-

2196 2334 2409 2402 άγεται.
2444 2332 2597 2386 Καθὸ
2629 2332 2686 2386 δὲ
2731 2333 3140 2404 μαθηματικὸν,
3181 2334 3348 2404 ἤγουν
3379 2335 3776 2406 μετρούμενον,

2196 2427 2300 2479 ὑπὸ
2321 2425 2383 2478 τὸ
2413 2426 2598 2479 ποσόν.
2637 2426 2758 2479 Ἔτι
2793 2426 2886 2478 τοῦ
2913 2425 3101 2487 ποσοῦ,
3131 2425 3191 2478 τὸ
3215 2427 3310 2496 μὲν
3345 2425 3595 2496 μέγεθος,
3624 2427 3685 2480 τὸ
3714 2425 3778 2479 δὲ

2196 2516 2420 2587 πλῆθος.
2455 2517 2527 2569 Τὸ
2562 2516 2660 2585 μὲν
2703 2511 2797 2569 οὖν
2829 2515 3058 2586 μέγεθος
3113 2518 3426 2586 μετρεῖται·
3455 2516 3516 2569 τὸ
3549 2516 3603 2570 δὲ
3629 2517 3778 2588 πλῆ-

2195 2609 2286 2672 θος
2339 2607 2674 2678 ἀριθμεῖται.
2718 2606 3027 2660 Ἀκολουθεῖ
3055 2606 3111 2660 δὲ
3137 2606 3198 2660 τὸ
3224 2607 3452 2679 πηλίκον
3495 2608 3573 2676 τῷ
3606 2609 3779 2678 μεγὲο

2195 2702 2276 2754 θει
2298 2717 2311 2730 ο
2348 2701 2408 2751 τὸ
2436 2698 2492 2753 δὲ
2527 2698 2714 2765 πόσον,
2741 2698 2819 2770 τῷ
2845 2699 3060 2770 πλήθει.

2268 2877 2402 2930 Ἰδια
2424 2875 2482 2929 δέ
2504 2878 2607 2929 εισι
2642 2877 2736 2930 τοῦ
2768 2876 2935 2930 ποσοῦ
2963 2877 3110 2948 τρία,
3157 2877 3317 2931 ἅτινα
3342 2875 3592 2944 λέγονται
3621 2893 3776 2948 παρη

2192 2965 2608 3036 ακολουθήματα
2629 2983 2642 2996 ·
2673 2966 2906 3038 πρῶτον,
2937 2966 2996 3018 τὸ
3033 2966 3108 3036 μὴ
3136 2965 3278 3036 ἔχειν
3305 2984 3357 3019 τι
3375 2965 3613 3018 ἐναντίον
3643 2965 3774 3019 καθ’

2193 3057 2342 3110 αὑτό.
2374 3056 2447 3108 Τὸ
2483 3058 2593 3128 γὰρ
2644 3057 2804 3128 σῶμα
2854 3056 2984 3110 αὐτὸ
3030 3056 3151 3110 καθ’
3207 3057 3346 3110 αὐτὸ
3403 3057 3502 3109 οὐκ
3563 3056 3676 3126 ἔχει
3721 3074 3776 3110 τι

2195 3148 2452 3204 ἐναντίον.
2479 3149 2631 3202 Καθὸ
2658 3149 2714 3202 δέ
2739 3151 2854 3202 ἐστι
2877 3149 3036 3220 τυχὸν
3059 3149 3270 3217 λευκὸν,
3295 3148 3472 3220 ἐχειτι
3498 3149 3772 3216 ἐναντίον,

2192 3241 2252 3293 τὸ
2279 3240 2468 3309 μέλαν.

2264 3331 2384 3403 Χρὴ
2411 3331 2468 3384 δὲ
2507 3323 2830 3398 γινώσκειν,
2864 3332 2946 3384 ὅτι
2979 3331 3058 3401 τῷ
3095 3331 3186 3384 δύο
3217 3330 3434 3404 ἀριθμῷ
3479 3331 3579 3386 οὐκ
3617 3332 3775 3386 ἔστιν

2189 3425 2428 3487 ἐναντίος
2499 3423 2655 3486 ἄλλος
2727 3424 3002 3494 ἀριθμόςο
3057 3425 3108 3476 ει
3152 3427 3260 3496 γὰρ
3326 3423 3518 3488 ἔσται,
3577 3423 3776 3480 πολλοὶ

2189 3518 2422 3572 ἔσονται.
2454 3515 2663 3580 Πάντες
2691 3515 2799 3588 γὰρ
2837 3518 2884 3570 οἱ
2915 3515 3061 3571 ἄλλοι
3091 3517 3314 3588 ἀριθμώ⁸
3343 3518 3577 3570 ἐναντίοι
3611 3516 3774 3572 ἔσον-

2189 3626 2278 3662 ται
2299 3627 2310 3638 ·
2339 3609 2431 3662 καὶ
2457 3608 2776 3678 εὑρίσκεται
2802 3607 2962 3676 φύσις
2987 3607 3190 3672 ἄδικος,
3219 3609 3298 3661 ἑνὶ
3323 3607 3494 3662 πολλὰ
3547 3609 3774 3662 ἐναντία

2193 3698 2528 3764 ἀντιτάξασα
2553 3708 2599 3753 ι’.
2645 3699 2718 3752 Οὐ
2776 3698 2886 3770 γὰρ
2938 3699 3211 3770 ἐνδέχεται
3267 3698 3347 3752 ἐνὶ
3403 3696 3571 3751 πολλὰ
3621 3693 3774 3754 εἶναι

2189 3793 2430 3846 ἐναντία.

2265 3883 2547 3954 Δεύτερον,
2584 3881 2644 3934 τὸ
2691 3880 2768 3952 μὴ
2819 3879 3164 3950 ἐπιδέχεσθαι
3207 3879 3270 3934 τὸ
3313 3879 3513 3951 μᾶλλον
3569 3879 3665 3934 καὶ
3707 3880 3774 3933 τδ

2189 3969 2372 4046 ἦττον.
2400 3974 2474 4026 Οὐ
2504 3971 2612 4042 γὰρ
2644 3973 2692 4024 οἱ
2730 3970 2822 4024 δύο
2842 3970 3079 4040 φοίνικές
3109 3973 3216 4024 εἰσι
3253 3971 3451 4041 μᾶλλον
3481 3970 3594 4036 δύο,
3615 3971 3772 4042 ἢπερ

2188 4069 2236 4120 οἱ
2264 4065 2358 4118 δύο
2378 4064 2674 4136 ἄνθρωποι.
2709 4062 2784 4114 Τὸ
2812 4061 2868 4114 δὲ
2893 4061 2966 4131 μὴ
2991 4061 3113 4132 ἔχον
3148 4061 3410 4127 ἐναντίον,
3441 4062 3540 4114 οὐκ
3584 4061 3772 4114 ἐπιδέ-

2189 4175 2343 4229 χεται
2369 4157 2431 4209 τὸ
2462 4155 2662 4226 μᾶλλον
2690 4156 2784 4207 καὶ
2799 4154 2858 4208 τὸ
2906 4149 3088 4226 ἦττον.

2250 4243 2441 4313 Τρίτον
2476 4241 2532 4294 δὲ
2560 4241 2588 4294 ὂ
2620 4242 2766 4311 μόνῳ
2818 4242 2913 4295 καὶ
2963 4239 3126 4294 παντὶ
3189 4238 3267 4310 τῷ
3323 4238 3504 4310 ποσῷ,
3547 4238 3607 4292 τὸ
3646 4239 3770 4292 ἴσον

2187 4334 2282 4388 καὶ
2330 4334 2534 4387 ἄνισον.
2592 4333 2827 4404 Γραμμὴ
2886 4331 2994 4403 γὰρ
3053 4331 3320 4404 γραμμῆς
3358 4332 3450 4402 ἴση
3496 4330 3612 4384 ἐστὶ
3665 4329 3768 4383 καὶ

2185 4426 2387 4489 ἄνισος.

2787 4516 3038 4568 ΚΕΦΔΛ.
3071 4515 3155 4568 N'.

2681 4609 2821 4677 Περὶ
2853 4606 2972 4661 τῶν
2995 4607 3146 4674 πρός
3165 4623 3239 4659 τι.

2245 4701 2390 4771 Πρός
2416 4717 2470 4754 τι
2494 4699 2667 4754 ταῦτά
2697 4702 2861 4766 εἰσιν,
2898 4700 2998 4753 ὅσα
3026 4697 3165 4752 αὐτὰ
3190 4697 3333 4768 ἅπερ
3355 4697 3526 4764 ἐστὶν,
3553 4696 3768 4770 ἑτέρων

2184 4785 2324 4843 εἶναι
2354 4789 2570 4859 λέγεται
2597 4797 2620 4826 ³
2642 4808 2656 4822 ·
2682 4791 2714 4858 ἤ
2745 4787 2994 4842 ὁπωσοῦν
3016 4787 3190 4850 ἄλλως
3221 4786 3358 4858 πρὸς
3410 4787 3616 4857 ἕτερον.
3644 4789 3770 4842 Καὶ

502 4877 588 4929 vel
621 4878 814 4946 quovis
844 4877 953 4931 alio
983 4877 1146 4930 modo
1169 4877 1234 4932 ad
1272 4875 1502 4932 alterum
1532 4877 1870 4935 referuntur.
1900 4881 2075 4949 Atque

2207 4881 2380 4952 τέρων
2416 4881 2514 4950 μὲν
2569 4877 2706 4935 εἶναι
2765 4881 2982 4948 λέγεται
3012 4896 3026 4910 °
3056 4879 3132 4942 ὡς
3172 4877 3352 4948 πατὴρ
3385 4877 3526 4932 υἱοῦ.
3559 4878 3619 4930 ’0
3645 4878 3770 4950 γὰρ

504 4967 741 5020 aliorum
793 4983 916 5023 esse
945 4967 1226 5032 dicuntur,
1261 4978 1319 5020 ut
1367 4977 1518 5037 pater
1557 4969 1647 5022 lilii
1697 4973 1884 5042 (pater
1929 4973 2073 5026 cuitu

2205 4971 2360 5041 πατὴρ
2388 4971 2608 5035 πάντως
2642 4971 2758 5025 υἱοῦ
2799 4971 3016 5040 λέγεται
3059 4971 3261 5041 πατήρ.
3299 4969 3441 5041 Πρὸς
3469 4969 3657 5038 ἕτερον
3705 4971 3769 5024 δὲ

501 5057 727 5111 omnino
784 5057 877 5111 lilii
917 5065 1072 5126 pater
1119 5056 1387 5124 dicitur),
1449 5059 1516 5112 ad
1567 5059 1714 5113 aliud
1747 5067 1950 5123 autem,
2019 5069 2077 5115 ut

2205 5080 2248 5126 ›;
2271 5063 2447 5133 μέγας
2499 5062 2638 5134 πρὸς
2693 5064 2921 5134 μικρὸν,
2957 5063 3050 5116 καὶ⁵
3095 5062 3228 5114 πολὺ
3275 5061 3413 5131 πρὸς
3452 5059 3653 5128 ὀλίγον.
3684 5060 3771 5114 Οὐ

500 5165 755 5218 maguum
779 5149 846 5202 ad
889 5163 1141 5218 parvum,
1179 5162 1243 5202 ac
1284 5149 1513 5203 multum
1553 5149 1619 5202 ad
1652 5166 1882 5220 paucum
1919 5169 1932 5202 :
1966 5167 2074 5205 non

2205 5151 2282 5224 ap
2323 5151 2542 5222 λέγεται
2606 5153 2790 5222 ὀλίγου
2849 5152 2984 5207 πολύ
3008 5171 3022 5184 ·
3073 5152 3209 5208 ἀλλὰ
3259 5152 3397 5208 πολὺ
3461 5153 3594 5224 πρὸς
3641 5151 3766 5206 ὀλε-

499 5241 642 5294 enim
699 5237 900 5295 dicitur
922 5239 1084 5312 pauci
1148 5241 1401 5305 multum,
1444 5241 1539 5296 sed
1573 5242 1806 5296 multum
1833 5243 1899 5296 ad
1938 5259 2069 5314 pau-

499 5346 646 5384 cum.

571 5418 724 5477 Scire
771 5431 952 5480 autem
1003 5439 1183 5495 opera:
1214 5423 1448 5494 pretium
1491 5431 1596 5487 est,
1635 5438 1760 5477 cum
1784 5425 2066 5494 quidpiam

502 5512 801 5570 secundum
856 5531 915 5570 se
945 5515 1352 5582 consideratur,
1406 5531 1517 5570 non
1561 5530 1684 5571 esse
1714 5514 1781 5569 ad
1808 5515 2014 5587 aliquid
2051 5535 2064 5582 ;

2173 5263 2288 5313 γον.

2252 5425 2371 5496 Χρὴ
2393 5425 2452 5478 δὲ
2481 5427 2794 5493 γινώσκειν,
2839 5425 2922 5478 ὅτι
2958 5426 3084 5480 ὃταν
3112 5443 3164 5479 τι
3197 5425 3316 5479 καθ’
3343 5425 3506 5478 ἑαυτὸ
3541 5424 3772 5496 θεωρῆ-

2179 5536 2292 5580 ται,
2346 5518 2447 5571 οὐκ
2490 5517 2606 5571 ἔστι
2666 5519 2801 5589 πρός
2831 5535 2883 5571 τι
2910 5533 2924 5549 ο
2955 5518 3120 5588 ἡνίκα
3137 5516 3195 5570 δὲ
3234 5519 3334 5588 σχῇ
3380 5515 3564 5586 σχέσιν
3611 5515 3776 5588 πρὸς

1806 5674 2042 5730 VABIE
2069 5674 2478 5732 LECTlONES.

567 5813 598 5866 τ
622 5800 769 5864 Edit.
803 5808 907 5864 ὑπὸ
932 5810 992 5862 τό

1095 5819 1115 5847 τ
1150 5810 1228 5866 Ita
1259 5825 1394 5865 mss.
1422 5825 1630 5866 omnes.
1668 5814 1796 5870 edit.
1843 5815 2224 5883 ἁντεισὰξασα.
2305 5824 2326 5853 ³
2369 5813 2539 5880 Alias,
2567 5812 2834 5883 λέγονται.
2888 5809 3048 5865 Deest
3087 5807 3142 5870 in
3170 5805 3353 5872 editis,
