3962 6320
263 364 370 425 ϐΞῦ

1631 346 2095 407 DIALECTICA.

3418 332 3521 393 ϐ’ἶο

259 474 473 540 ἕτερον,
510 467 628 522 τότε
663 464 880 533 λέγεται
932 460 1068 531 πρός
1094 476 1166 512 τι.
1215 458 1375 509 Ὥστε
1425 452 1584 507 τοῦτό
1641 455 1756 507 ἐστι
1783 452 1845 506 τὸ

1962 465 2072 504 :uni
2108 455 2291 502 autem
2318 446 2383 502 ad
2409 447 2642 501 alterum
2668 444 2833 500 liabet
2851 442 3251 507 habitudinem,
3279 448 3395 494 tuin
3427 448 3523 495 ue-

262 560 404 616 εἶναι
432 559 540 613 τῶν
573 558 713 629 πρός
740 574 814 618 τι,
849 554 944 607 καὶ
988 552 1127 621 αῦτη
1159 549 1336 604 αὐτῶν
1370 549 1516 600 ἐστιν
1538 547 1572 617 ὴ
1605 544 1841 597 ὑπόστα-

266 673 372 719 σις,
406 658 464 707 ἐν
486 652 567 723 τῷ
613 651 748 723 πρὸς
788 650 977 717 ἕτερον
1016 645 1293 713 λέγεσθαι,
1317 642 1485 711 ἠγουν
1504 641 1562 692 ἐν
1582 637 1661 707 τῷ
1700 636 1845 707 ἔχειν

268 748 452 815 σχέσιν
477 743 611 814 πρὸς
641 741 850 811 ἓτερον.
895 738 961 790 Ἠ
989 737 1099 807 γὰρ
1132 733 1268 805 πρὸς
1295 730 1499 801 ἄλληλα
1557 729 1744 798 σχέσις
1776 726 1844 778 τὰ

266 838 400 910 πρός
432 854 484 889 τι
518 837 683 889 ποιεῖ.

339 1017 459 1069 Τῶν
498 1013 555 1066 δὲ
602 1009 737 1081 πρὸς
766 1026 817 1061 τι
854 1004 989 1077 (36),
1034 1003 1104 1056 τὰ
1158 1000 1257 1072 μὲν
1304 998 1384 1069 τῷ
1436 994 1587 1065 αὐτῷ
1617 993 1843 1062 ὀνόματι

269 1108 650 1178 ὀνομάζονται,
679 1103 753 1164 ὡς
784 1100 958 1169 φίλος,
992 1095 1150 1165 φίλου
1179 1093 1333 1161 φίλος
1357 1109 1368 1121 ·
1401 1089 1617 1160 ἐχθρὸς,
1645 1083 1840 1156 ἐχθροῦ

269 1197 484 1268 ἐχθρός.
512 1195 592 1246 Τὰ
620 1193 677 1245 δὲ
720 1191 892 1260 ἑτέρῳ
928 1187 1175 1256 ὀνόματι,
1212 1184 1288 1245 ὠς
1323 1182 1528 1251 πατὴρ,
1576 1178 1692 1230 υἱοῦ
1740 1191 1842 1227 πα-

268 1288 398 1362 τὴρ,
420 1282 742 1345 διδάσκαλος
775 1275 1022 1350 μαθητοῦ
1049 1272 1390 1333 διδάσκαλος.

339 1464 512 1521 Πάλιν
540 1463 647 1516 τῶν
687 1460 825 1531 πρός
863 1475 937 1522 τι,
991 1456 1060 1509 τὰ
1098 1453 1197 1524 μὲν
1238 1450 1361 1505 καθ’
1420 1447 1730 1519 ὑπεροχὴν,
1770 1444 1843 1507 ὼς

266 1562 329 1616 τὸ
363 1559 571 1630 μεῖζον,
612 1555 895 1623 ἐλάττονος
939 1549 1145 1620 μεῖζον.
1175 1546 1255 1598 Τὰ
1289 1544 1347 1596 δὲ
1389 1543 1531 1596 κατὰ
1569 1541 1629 1593 τὸ
1660 1539 1844 1610 κρίνον

270 1654 363 1707 καὶ
388 1648 733 1721 κρινόμενον,
758 1645 831 1706 ὡς
864 1643 1164 1711 ἐπιστήμη,
1192 1633 1491 1705 ἐπιστητοῦ
1536 1634 1841 1703 ἐπιστήμη.

283 1744 345 1795 'H
374 1743 486 1810 γὰρ
512 1738 789 1806 ἐπιστήμη
813 1733 987 1804 κρίνει
1009 1732 1067 1784 τὸ
1093 1728 1414 1796 ἐπιστητόν·
1441 1725 1609 1795 ἤγουν
1644 1726 1678 1793 ἡ
1705 1723 1844 1791 γνῶ-

1948 555 2097 596 mum
2126 540 2190 594 ad
2212 539 2419 609 aliquid
2451 539 2580 592 dici.
2610 536 2723 592 lioc
2767 537 2950 605 itaque
2973 543 3057 589 est
3090 550 3153 588 ex
3178 548 3372 588 eorum
3400 546 3526 588 esse

1948 649 2181 689 numero
2214 648 2334 703 qua:
2361 639 2493 688 sunt
2519 630 2587 684 ad
2628 630 2837 699 aliquid
2863 646 2877 694 ;
2905 636 3099 697 estque
3130 627 3245 680 inec
3276 626 3523 695 ipsorum

1946 725 2214 792 essentia,
2243 732 2302 778 ut
2326 724 2391 777 ad
2416 725 2655 778 alterum
2697 720 2983 783 dicantur;
3021 719 3127 773 lioc
3156 725 3261 783 est,
3298 715 3526 770 relatio-

1947 832 2072 870 nem
2105 816 2171 870 ad
2200 818 2430 870 alterum
2469 814 2728 868 habeant.
2754 810 2937 864 Mutua
2962 810 3231 879 siquidem
3262 804 3524 862 habitudo

1946 916 1999 958 et
2036 906 2255 970 relatio,
2293 920 2357 960 ea
2379 919 2501 974 qua:
2533 904 2600 957 ad
2629 900 2837 971 aliquid
2864 907 3017 963 sunt,
3061 900 3243 953 cilieit.

2017 996 2121 1067 53
2156 995 2330 1050 Porro
2361 1010 2552 1051 eorum
2584 1010 2708 1065 qua:
2736 995 2800 1047 ad
2837 990 3048 1061 aliquid
3081 999 3242 1055 sunt,
3276 988 3525 1059 qumdam

1946 1091 2141 1145 eodem
2180 1090 2405 1143 nomine
2439 1087 2767 1151 efferuntur,
2810 1095 2868 1140 ut
2902 1086 3150 1149 amicus,
3190 1083 3352 1136 amici
3394 1082 3523 1135 ami-

1946 1196 2081 1245 cus;
2129 1180 2421 1241 inimicus,
2464 1179 2671 1232 inimici
2714 1178 3017 1231 inimicus:
3051 1173 3301 1243 quaedam
3343 1179 3528 1225 autent

1946 1270 2165 1326 diverso
2216 1271 2440 1327 nomine
2469 1315 2482 1337 ,
2543 1278 2603 1323 ut
2638 1280 2817 1340 pater,
2857 1268 2954 1322 ﬁlli
2999 1276 3192 1337 pater;
3237 1264 3527 1336 magister,

1946 1362 2208 1430 discipuli
2239 1362 2527 1430 magister.

2017 1450 2264 1506 Rationes
2294 1463 2524 1522 quatuor
2553 1452 2888 1513 relationum,
2934 1467 3023 1504 seu
3072 1448 3437 1517 fundamenta.
3464 1478 3532 1488 --

1947 1542 2215 1604 Rursum,
2252 1559 2440 1598 eorum
2474 1560 2594 1614 qute
2624 1545 2689 1597 ad
2734 1541 2962 1611 aliquid,
2999 1544 3108 1594 alia
3148 1540 3532 1611 prarcellentia:

1947 1639 2165 1689 ratione
2202 1634 2484 1701 dicuntur,
2522 1644 2582 1690 ut
2612 1636 2791 1705 majus
2817 1676 2831 1698 ,
2865 1636 3077 1688 minore
3110 1634 3312 1703 majus.
3369 1633 3490 1685 Alia
3512 1671 3527 1695 ,

1948 1727 2164 1780 ratione
2192 1726 2499 1796 judicantis
2526 1737 2578 1783 et
2606 1728 2842 1797 judicati
2868 1746 2881 1793 ;
2912 1736 2970 1781 ut
3003 1727 3234 1782 scientia
3260 1735 3377 1790 est,
3409 1727 3531 1795 ejus

276 1848 361 1892 σις
394 1829 574 1899 κρίνει
610 1825 669 1878 τὸ
708 1821 966 1892 γνωστόν.
1002 1819 1111 1873 Καὶ
1141 1817 1392 1886 αἴσθησις
1413 1856 1426 1882 ,
1472 1814 1731 1883 αἰσθητοῦ
1764 1812 1846 1865 αε-

1962 1818 2095 1887 ιιιυύ
2123 1820 2252 1873 sciri
2282 1829 2498 1889 potest,
2527 1823 2785 1877 scicntia.
2811 1821 3029 1875 Etenim
3058 1820 3289 1875 scientia
3317 1819 3533 1889 jtldiCat

273 1922 469 1991 σῦησις
490 1936 503 1948 ·
533 1919 629 1972 καὶ
661 1917 830 1979 Θέσις,
859 1912 1015 1966 θετοῦ
1058 1910 1208 1971 θέσις
1228 1926 1241 1936 ·
1278 1908 1374 1961 καὶ
1407 1905 1618 1969 στάσις,
1648 1901 1843 1956 στατοῦ

1964 1911 1996 1964 d
2029 1912 2174 1980 quod
2210 1912 2264 1965 in
2299 1914 2590 1968 scientiam
2629 1915 2817 1979 cadit;
2858 1915 2963 1969 hoc
3000 1922 3086 1968 est
3111 1955 3124 1979 ,
3164 1913 3410 1983 cognitio
3443 1911 3534 1981 ju-

281 2013 472 2073 στάσις
492 2024 507 2039 ’
540 2010 633 2062 καλ¹
667 2004 973 2066 ἀνάκλισις,
1003 1996 1295 2054 ἁνακλιτοῦ
1324 1996 1626 2058 ἀνακλισις,
1659 1994 1752 2046 καὶ
1781 1992 1849 2044 τὰ

1962 2002 2129 2069 licat,
2166 2005 2218 2059 id
2254 2007 2401 2075 quod
2443 2008 2703 2077 cognosci
2744 2014 3129 2077 comparatum
3171 2016 3275 2061 est.
3322 2005 3533 2059 Sensus

271 2103 523 2157 τοιαῦτα.
567 2100 649 2152 Τὰ
677 2098 732 2150 δὲ
764 2094 905 2147 κατὰ
938 2092 1169 2162 δύναμιν
1191 2089 1286 2142 καὶ
1322 2086 1648 2155 ἀδυναμίαν.
1680 2084 1845 2137 Δύνα-

276 2214 368 2268 μιν
407 2195 528 2265 μὲν,
558 2192 631 2253 ὡς
671 2189 733 2241 τὸ
763 2188 1054 2257 θερμαῖνον
1097 2184 1190 2235 καὶ
1217 2179 1650 2249 θερμαινόμενον
1672 2193 1685 2206 ο
1722 2176 1851 2227 ἁδυ-

270 2288 474 2358 ναμίαν
515 2284 591 2347 δὲ,
644 2282 706 2334 τὸ
765 2277 908 2332 κατὰ
967 2275 1222 2344 στέρησιν
1266 2275 1366 2341 τῆς
1406 2270 1718 2339 δυνάμεως’
1774 2267 1849 2330 ὡς

272 2382 508 2449 λέγομεν
569 2372 873 2443 ἀδυναμίαν
935 2368 1080 2439 ἔχειν
1124 2369 1221 2437 τὴν
1265 2364 1386 2433 ὄψιν
1430 2364 1561 2432 ὁρᾷν
1602 2360 1699 2431 τὴν
1758 2361 1850 2413 ἄν-

273 2488 473 2542 αστρον
505 2470 756 2538 σφαῖραν.
796 2464 876 2516 Τὰ
909 2462 967 2514 δὲ
997 2460 1136 2514 κατὰ
1166 2458 1227 2510 τὸ
1255 2457 1426 2510 αἴτιον
1450 2456 1545 2508 καὶ
1585 2452 1848 2516 αίτιατὸν,

273 2564 348 2625 ὡς
380 2562 581 2631 πατὴρ,
619 2556 736 2610 υἱοῦ
773 2554 977 2622 πατήρ.

1945 2110 2187 2165 quoque,
2225 2098 2300 2151 rei
2334 2098 2618 2155 sensibilis
2654 2114 2855 2154 sensus
2887 2110 3009 2163 est;
3059 2098 3283 2167 positio,
3320 2097 3397 2151 rei
3432 2111 3532 2166 po-

1949 2189 2069 2241 sita:
2121 2190 2364 2257 positio;
2408 2192 2574 2246 statio
2616 2192 2780 2255 item,
2825 2192 2906 2247 rei
2949 2192 3151 2246 stantis
3209 2191 3427 2254 statio;
3469 2202 3534 2242 ac

1955 2281 2267 2347 recubitus,
2319 2285 2695 2339 recumbentis
2752 2285 3082 2349 recubitus;
3120 2292 3430 2352 caiteraque
3465 2280 3534 2334 ad

1960 2373 2213 2425 eumdem
2255 2374 2499 2427 modum.
2542 2375 2663 2428 Alia
2702 2376 2915 2429 ratione
2947 2376 3206 2445 potentiae
3252 2380 3306 2428 et
3357 2375 3533 2442 impo-

1957 2465 2143 2518 tentia:
2176 2485 2187 2519 :
2228 2468 2487 2536 potentiae
2518 2467 2801 2533 nimirum,
2831 2476 2892 2522 ut
2919 2466 3270 2530 calelaciens,
3301 2474 3355 2520 et
3385 2465 3533 2535 quod

1958 2554 2176 2621 caieﬁt;
2217 2556 2557 2625 impotentia:
2596 2573 2727 2611 vero
2754 2598 2768 2622 ,
2818 2573 2915 2628 per
2967 2558 3224 2627 potenti-.e
3264 2557 3533 2627 privatio-

276 2672 442 2722 nem;
481 2666 539 2709 ul
584 2669 707 2708 cum
750 2651 987 2705 dicimus
1033 2647 1392 2714 impotentem
1429 2657 1553 2698 esse
1590 2642 1849 2706 Oculum,
1891 2654 1948 2697 ut
1982 2648 2172 2702 orbem
2216 2664 2325 2703 non
2365 2650 2644 2705 stellatum
2702 2658 3051 2705 contueatur.
3125 2648 3244 2703 Alia
3299 2648 3535 2718 denique

275 2750 488 2804 ratione
516 2761 729 2809 causae,
764 2755 819 2799 et
851 2744 971 2813 ejus
1005 2742 1149 2811 quod
1180 2746 1262 2794 est
1292 2753 1360 2793 ex
1392 2751 1582 2799 causa,
1620 2745 1679 2790 ut
1712 2745 1885 2806 pater,
1928 2739 2023 2793 lilii
2062 2750 2234 2810 pater.

350 2845 511 2897 Ἴδιον
538 2843 593 2895 δὲ
613 2841 720 2893 τῶν
743 2838 878 2910 πρός
905 2856 980 2900 τι,
1001 2838 1062 2890 τὸ
1092 2837 1227 2904 πρὸς
1254 2834 1678 2902 ἀντιστρέφοντα
1698 2831 1853 2898 λέγε-

277 2935 422 2988 σθαι.
448 2933 603 2995 Φίλος
620 2932 747 3001 γὰρ,
771 2930 925 2998 φίλου
950 2927 1121 2997 φίλος,
1143 2927 1237 2980 καὶ
1256 2925 1429 2995 φίλος,
1454 2923 1609 2991 φίλου
1628 2923 1780 2992 φίλος
1799 2923 1817 2958 ι
1836 2938 1850 2952 ⁸

2033 2836 2261 2906 Propria
2285 2836 2813 2892 relationum.-Iloc
2837 2822 3016 2891 atitem
3042 2851 3233 2890 eorum
3263 2850 3383 2905 qua:
3405 2843 3536 2891 sunt

1960 2927 2025 2981 ad
2064 2929 2273 2998 aliquid
2311 2931 2597 3000 proprium
2634 2939 2749 2994 est,
2789 2936 2938 3000 quod
2976 2937 3170 2982 mutuo
3203 2937 3538 2982 convertan-

274 3025 624 3087 διδάσκαλος,
662 3020 900 3093 μαθητοῦ
928 3018 1273 3081 διδάσκαλος·
1306 3016 1573 3086 μαθητὴς,
1599 3014 1851 3067 διδασκά-

1962 3026 2072 3073 tur.
2108 3018 2320 3075 Etenim
2354 3022 2601 3084 amicus,
2642 3022 2804 3077 amici
2835 3020 3049 3075 amicus
3077 3018 3322 3074 dicitur:
3361 3020 3535 3089 magi-

275 3119 371 3171 λου
400 3116 670 3187 μαθητής.
696 3114 803 3166 Καὶ
828 3111 887 3165 τὸ
916 3111 1029 3179 ἅμα
1051 3113 1117 3179 τῇ
1160 3109 1320 3177 φύσει
1349 3103 1510 3161 εἶναι.
1543 3108 1616 3160 Τὸ
1644 3106 1700 3160 δὲ
1736 3106 1853 3177 ἅμα

275 3214 345 3282 τῇ
381 3209 539 3278 φύσει
568 3206 702 3269 ἐστὶ,
742 3205 803 3258 τὸ
842 3204 1218 3274 συνεισφέρειν
1256 3202 1350 3254 καὶ
1383 3199 1853 3269 συνεισφέρεσθαι,

278 3303 376 3355 καὶ
420 3301 765 3369 συναναιρεῖν
813 3296 909 3350 καὶ
965 3292 1428 3365 συναναιρεῖσθαι.
1487 3291 1700 3361 Πατρὸς
1745 3290 1855 3359 γὰρ

278 3392 452 3453 ὄντος,
479 3390 697 3450 πάντως
726 3388 817 3439 καὶ
840 3388 869 3439 ὁ
891 3386 1001 3448 υίὸς
1027 3385 1201 3450 ἔσται,
1230 3385 1324 3436 καὶ
1346 3383 1555 3453 πατρὸς
1581 3381 1653 3452 μὴ
1681 3381 1853 3447 ὄντος,

278 3484 401 3536 οὐδὲ
436 3482 551 3545 υἱὸς
580 3481 765 3533 ἔσται·
797 3480 942 3543 τίνος
975 3479 1084 3549 γὰρ
1119 3478 1271 3529 ἔσται
1307 3476 1423 3538 υίὸς
1456 3476 1531 3545 μὴ
1566 3474 1718 3536 ὄντος
1752 3490 1856 3524 πα-

275 3575 444 3647 τρόςς
470 3576 577 3626 Καὶ
607 3573 721 3625 υίοῦ
767 3571 842 3643 μὴ
878 3572 1050 3636 ὃντος,
1087 3570 1209 3623 οὐδὲ
1232 3567 1413 3638 πατὴρ
1455 3567 1628 3620 ἔσται.
1664 3567 1720 3618 Ὀ
1750 3565 1857 3633 γὰρ

280 3670 362 3741 μὴ
391 3668 530 3737 ἔχων
565 3666 700 3732 υἱὸν,
735 3667 834 3719 οὐκ
867 3663 1020 3718 ἔσται
1069 3663 1255 3733 πατήρ
1278 3679 1295 3694 ο
1330 3661 1472 3714 ὥστε
1514 3660 1857 3728 συναναιρεῖ-

274 3781 376 3815 ται
413 3763 442 3815 ὁ
468 3762 580 3823 υίὸς
599 3759 676 3830 τῷ
702 3778 807 3813 πατ
819 3760 891 3829 ρἰ,
924 3758 1020 3810 καὶ
1048 3758 1076 3809 ὁ
1103 3756 1286 3826 πατὴρ
1309 3754 1387 3825 τῷ
1437 3752 1557 3823 υἱῷ.
1596 3753 1860 3804 Συναναι-

279 3859 462 3928 ρείται
492 3855 547 3909 δὲ
569 3856 720 3925 οὑχή
764 3854 1063 3915 ὑπόστασις
1090 3850 1276 3913 αὑτοῦ,
1320 3848 1434 3901 ἀλλ’
1484 3848 1518 3918 ἡ
1556 3847 1757 3915 σχέσις.
1794 3843 1859 3897 Ei

276 3951 396 4021 γὰρ
423 3949 519 4002 καὶ
553 3948 704 4019 μένει
742 3950 770 4001 ὁ
799 3946 934 4009 υίὸς,
965 3945 1080 3998 ἀλλ’
1112 3945 1211 4014 οὐχ
1245 3943 1360 4006 υίὸς
1400 3942 1581 4012 μένει·
1617 3940 1691 4010 μὴ
1721 3938 1860 4009 ἔχων

277 4039 393 4108 γὰρ
423 4037 655 4107 πατέρα,
688 4035 804 4098 πῶς
837 4034 994 4087 ἔσται
1041 4033 1191 4097 υίός;
1223 4032 1288 4085 Et
1344 4031 1439 4085 xui.
1482 4031 1715 4101 λέγομεν
1748 4029 1861 4082 υἱὸν

276 4129 379 4183 τοῦ
433 4128 985 4199 τετελευτηκότος,ἢ
1040 4128 1101 4179 οὐ
1158 4123 1365 4194 κυρίως
1416 4121 1669 4193 λέγομεν,
1722 4122 1862 4176 ἀλλὰ

279 4219 769 4289 καταχρηστικῶς·
808 4216 947 4290 ἢὼς
983 4218 1057 4288 μὴ
1103 4215 1438 4285 ἀπολομένου
1490 4213 1587 4267 τοῦ
1632 4214 1858 4282 πατρὸς,

280 4308 380 4362 καὶ
412 4310 492 4370 είς
519 4308 581 4360 τὸ
627 4305 704 4377 μὴ
743 4302 882 4359 εἶναι
914 4311 1283 4376 χωρήσαντος,
1317 4303 1406 4356 διὰ
1435 4304 1496 4356 τδ
1545 4303 1642 4372 τῆς
1679 4302 1862 4372 ψυχῆς

279 4400 350 4453 άθ
360 4400 576 4453 ἄνατον.

1956 3114 2693 3185 ster,discipnlismagister:
2733 3114 2976 3183 itemque
3019 3112 3333 3181 discipulus
3359 3154 3373 3175 ,
3420 3127 3537 3166 ma-

1955 3201 2111 3271 gistri
2147 3203 2476 3274 discipulus.
2527 3203 2665 3259 Illud
2719 3206 2848 3260 item
2871 3247 2886 3271 ,
2917 3205 3064 3275 quod
3098 3206 3211 3259 sint
3240 3205 3405 3259 simul
3435 3220 3536 3259 na-

1956 3301 2099 3347 tura.
2134 3294 2307 3350 Simul
2340 3312 2503 3367 porro
2532 3306 2729 3351 natura
2757 3312 2901 3363 esse,
2928 3304 3015 3352 est
3044 3298 3210 3351 simul
3236 3297 3447 3353 inferre
3473 3312 3539 3351 ac

1957 3384 2123 3438 simul
2170 3387 2394 3453 inferri,
2435 3389 2598 3444 simul
2656 3389 2851 3445 tollere
2899 3404 2964 3443 ac
3016 3389 3184 3445 simul
3223 3391 3363 3444 tolli.
3402 3389 3538 3446 Nam

1957 3476 2003 3530 si
2030 3490 2185 3545 pater
2213 3480 2321 3543 sit,
2352 3482 2498 3535 ﬁlius
2525 3497 2747 3551 quoque
2779 3482 2851 3535 sit
2881 3496 3109 3537 necesse
3130 3491 3215 3536 est
3244 3501 3258 3537 τ
3291 3498 3355 3537 ac
3380 3482 3427 3536 si
3456 3492 3541 3538 est

1960 3568 2104 3625 ﬁlius
2126 3609 2140 3633 ,
2171 3587 2398 3627 necesse
2454 3582 2539 3627 est
2570 3582 2630 3627 ut
2662 3575 2734 3629 sit
2764 3582 2817 3628 et
2847 3582 3022 3644 pater.
3056 3574 3291 3628 Econtra
3315 3614 3329 3638 ,
3365 3575 3411 3629 si
3443 3590 3541 3645 pa-

1958 3668 2041 3716 ter
2076 3678 2184 3717 non
2221 3674 2304 3719 est
2326 3703 2340 3725 ,
2375 3679 2442 3718 ne
2472 3665 2616 3720 ﬁlius
2648 3666 2868 3735 quidem
2900 3666 3025 3721 erit.
3059 3666 3364 3736 Cuiusnam
3394 3668 3541 3722 enim
3636 3703 3640 3708 ι

1960 3752 2069 3806 erit
2097 3752 2246 3809 ﬁlius
2270 3794 2283 3816 ,
2318 3754 2363 3807 si
2395 3769 2504 3807 non
2537 3763 2624 3810 est
2650 3756 2849 3825 pater?
2878 3758 2922 3811 si
2955 3757 3085 3811 item
3113 3758 3258 3813 [ilius
3286 3774 3395 3813 non
3424 3768 3539 3823 est,

1960 3858 2030 3897 ne
2063 3855 2217 3912 pater
2250 3846 2471 3914 quidem
2500 3848 2630 3903 erit.
2657 3845 2770 3903 Nec
2792 3850 2939 3904 enim
2974 3860 3130 3920 pater
3159 3861 3279 3920 est,
3309 3856 3399 3923 qui
3432 3854 3542 3907 ﬁlio

1961 3944 2168 3989 careat.
2227 3937 2415 4007 Itaque
2462 3939 2607 3995 ﬁlius
2656 3940 2822 3995 simul
2859 3956 2983 3995 cum
3026 3953 3178 4012 patre
3219 3946 3448 4011 tollitur,
3490 3955 3545 4001 et

1963 4036 2120 4098 pater
2148 4029 2317 4084 simul
2350 4047 2479 4086 cum
2509 4033 2642 4090 ﬁlio.
2692 4034 2870 4091 Simul
2920 4046 3103 4093 autem
3152 4039 3385 4103 tollitur,
3433 4054 3545 4093 non

1961 4122 2083 4190 ejus
2112 4138 2381 4192 persona,
2416 4126 2513 4181 sed
2549 4128 2764 4184 relatio.
2810 4128 2944 4183 Nam
2998 4130 3103 4184 etsi
3153 4137 3403 4183 remanet
3449 4133 3544 4197 qui

1963 4221 2048 4269 est
2083 4215 2271 4282 ﬁlius;
2307 4225 2550 4273 attamen
2589 4234 2697 4274 non
2741 4229 2990 4276 remanet
3036 4221 3202 4277 tilius.
3248 4221 3350 4286 Qui
3395 4221 3541 4276 enim

1966 4315 2176 4376 patrem
2219 4323 2327 4363 non
2367 4310 2564 4375 habet,
2607 4313 2700 4382 qui
2742 4313 2962 4369 tandem
3004 4314 3150 4370 ﬁlius
3182 4330 3304 4370 esse
3337 4312 3546 4383 queat?

1892 4392 1937 4447 Β
1966 4397 2122 4463 Quod
2155 4399 2202 4455 si
2232 4401 2398 4454 etiam
2430 4400 2678 4457 defuncti
2714 4405 2958 4461 hominis
2990 4404 3161 4459 [ilium
3195 4405 3458 4467 dicimus,
3492 4404 3548 4458 id

280 4507 468 4550 tamen
506 4495 593 4550 vel
626 4511 735 4550 non
771 4496 1009 4550 dicimus
1044 4495 1302 4566 pr0prie,
1339 4493 1433 4548 sed
1470 4494 1742 4561 abusive;
1774 4496 1860 4549 vel
1899 4495 2004 4550 hoc
2034 4497 2110 4551 ita
2139 4497 2503 4570 intelligimus
2525 4540 2541 4565 ,
2579 4500 2728 4571 quod
2792 4501 2863 4557 ob
2896 4502 3094 4557 anima:
3161 4503 3547 4558 immortalita-

279 4598 396 4644 tem
430 4604 540 4643 non
579 4588 803 4658 perierit
837 4599 1015 4657 pater,
1045 4595 1100 4642 et
1140 4588 1193 4639 in
1225 4585 1464 4639 nihilum
1499 4585 1723 4640 abierit.

361 4681 478 4751 Χρὴ
499 4680 555 4733 δὲ
581 4679 797 4744 εἰδέναι,
822 4681 904 4733 ὅτι
935 4679 1137 4747 ἑκάστη
1169 4678 1475 4747 κατηγορία
1496 4677 1860 4745 γενικώτατον

281 4771 443 4842 γένος
473 4770 612 4833 ἐστὶ,
649 4771 744 4823 καὶ
775 4770 910 4841 ἔχει,
939 4770 1033 4823 καὶ
1060 4769 1217 4839 γένη,
1250 4770 1347 4822 καὶ
1391 4769 1507 4839 εἴδη
1548 4769 1854 4841 ὑπάλληλα,

282 4864 384 4918 καὶ
406 4864 506 4927 τὰς
529 4863 866 4933 διαιρετικὰς
892 4863 999 4915 τῶν
1030 4862 1227 4931 γενῶν,
1255 4864 1349 4915 καὶ
1381 4862 1710 4926 συστατικὰς
1746 4863 1856 4917 τῶν

284 4953 442 5007 εἱδῶν
474 4952 759 5023 διαφορὰς,
808 4951 904 5006 καὶ
940 4949 1265 5005 είδικώτατα.
1310 4949 1459 5020 εἴδη,
1507 4949 1603 5003 καὶ
1636 4949 1816 5019 ἄτομα
1838 4963 1853 4979 ⁸

2038 4675 2363 4746 Di/ferentiaz
2387 4681 2765 4736 substantiales
2796 4698 2857 4736 ac
2882 4684 3189 4753 hypostases
3221 4686 3387 4740 solius
3422 4686 3548 4740 sub.

1959 4765 2388 4820 stantiw.—Jam
2415 4783 2547 4823 vero
2569 4769 2703 4823 illud
2734 4772 3205 4827 considerandum
3232 4784 3351 4841 est,
3376 4785 3548 4846 quod-

1958 4859 2043 4913 vis
2076 4858 2562 4927 prredicamentum
2597 4862 3134 4918 universalissimum
3168 4881 3344 4934 genus
3372 4884 3496 4923 esse
3526 4886 3543 4935 ;

1960 4955 2124 5019 atque
2163 4965 2363 5021 genera
2403 4966 2467 5005 ac
2505 4953 2724 5021 species
2756 4955 3105 5011 subalternas
3141 4956 3365 5022 habere,
3406 4973 3557 5013 nec-ﬁ

1556 5102 1793 5157 VARUE
1826 5100 2232 5160 LECTIONES.

371 5232 385 5265 ι
417 5225 495 5282 Ita
522 5225 646 5282 cod.
678 5225 737 5297 S.
773 5223 937 5297 ililar.
975 5230 1029 5278 et
1067 5221 1235 5297 Begg.
1270 5227 1423 5297 trcs_:
1461 5218 1514 5297 ii_i
1540 5217 1730 5297 multis
1797 5233 1925 5273 vero
1978 5236 2088 5277 non
2139 5223 2428 5292 reperitur,
2465 5239 2565 5280 nec
2606 5225 2769 5281 etiam
2800 5228 2857 5282 in
2890 5228 3071 5283 editis.
3112 5227 3167 5281 ln
3195 5228 3330 5297 Reg.
3370 5226 3537 5293 2927,

1759 5375 1989 5433 NOTAE.

287 5298 638 5369 repetitionis
673 5296 793 5352 loco
824 5295 1044 5365 legitur,
1075 5287 1292 5364 ιχσρδς,
1319 5289 1513 5360 ἐχθροῦ
1537 5287 1750 5359 ἐχθρός.

362 5480 472 5544 (36)
513 5476 636 5531 Τῶν
668 5477 736 5529 δὲ
768 5476 916 5542 πρός
941 5491 1017 5527 τι.
1061 5473 1226 5525 Porro
1257 5487 1440 5544 eorum
1473 5487 1589 5539 qua:
1626 5470 1694 5523 ad
1738 5470 1844 5523 ali-

288 5542 416 5617 quid
448 5542 589 5600 sunt.
616 5546 982 5599 Damascenus
1011 5543 1211 5617 aliique
1243 5542 1437 5606 Grgeci,
1465 5544 1626 5594 etiam
1655 5556 1846 5617 recen-

290 5612 484 5680 tiores,
516 5617 808 5671 relationes
840 5615 1057 5683 proprie
1095 5615 1292 5674 dictas,
1325 5626 1462 5683 quas
1509 5612 1679 5683 nostri
1710 5627 1848 5683 prie-

288 5688 671 5740 dicamcntales
700 5679 993 5754 appellant,
1037 5700 1067 5736 a
1112 5679 1697 5754 transreudentalibus,
1734 5682 1848 5734 sive

294 5759 591 5825 improprie
630 5752 885 5827 sumptis,
928 5772 1034 5809 non
1074 5756 1207 5808 satis
1243 5752 1572 5813 distinxere;
1627 5752 1700 5804 uti
1749 5766 1849 5805 nec

1955 5468 2072 5548 ipse
2099 5467 2474 5548 philosophus.
2494 5468 2546 5548 _U
2559 5469 2662 5548 nde
2709 5471 2811 5524 sub
2842 5473 3273 5548 eodeurgenere
3315 5476 3541 5530 relatio-

1956 5539 2042 5609 nis
2072 5552 2291 5605 genere,
2339 5547 2396 5609 ut
2430 5539 2750 5594 relationem
2780 5543 2950 5609 patris
2988 5539 3302 5606 ad'ﬁlium,
3336 5553 3391 5598 et
3444 5545 3543 5601 lilii

1956 5608 2022 5681 ad
2052 5617 2279 5681 patrem,
2314 5608 2395 5661 sic
2433 5609 2699 5672 ordinem,
2731 5608 2825 5665 seu
2854 5612 3130 5681 potentiae,
3165 5628 3264 5667 seu
3301 5615 3549 5670 scientia:

1958 5678 2023 5756 ad
2057 5677 2573 5756 objectastatuunt.
2605 5681 2715 5733 imo
2752 5677 3067 5749 relationes,
3094 5699 3216 5751 qua:
3246 5686 3365 5739 sola
3396 5700 3547 5739 men-

1959 5748 2031 5803 tis
2060 5748 2394 5818 cogitatione
2419 5748 2729 5817 ﬁnguntur.
