3962 6320
423 373 523 436 631
1607 372 1648 431 S
1705 369 2025 439 JOANNIS
2068 370 2495 440 DAMASCENI

3588 364 3696 430 632

422 503 534 543 non
563 485 940 548 dilierentias,
979 499 1103 538 cum
1139 483 1454 540 dividentes
1482 500 1658 556 genus
1678 528 1693 553 ,
1727 493 1844 544 tum
1875 501 2012 542 con-

2135 485 2238 540 ιύδὲ
2283 485 2340 539 αἱ
2375 480 2699 542 σοστοιτικαὶ
2723 479 2979 551 διαφοραὶ
3021 478 3270 546 Αέγονται
3307 476 3610 542 οὐσιῶδεις,
3642 471 3694 530 εἰ

418 577 722 632 stituentes
755 575 970 645 species
995 592 1010 643 ;
1047 589 1112 630 ac
1142 573 1381 644 denique
1411 575 1847 645 specialissimas
1877 592 2007 647 spe-

419 669 570 735 cies,
619 665 1036 738 individuaque.
1085 664 1196 722 Nec
1251 681 1384 723 vero
1419 666 1744 722 differentia:
1787 669 2002 724 consti-

2117 577 2195 650 μὴ
2233 577 2403 649 μόνης
2423 576 2519 646 τῆς
2543 574 2752 638 οὐσίας,
2787 573 2908 627 οὐδὲ
2956 573 3026 626 τὰ
3057 572 3236 642 ἄτομοι
3265 569 3519 640 λέγονται
3560 568 3698 622 ὓπο-

2113 670 2356 735 στάσεις,
2386 670 2432 721 εἰ
2472 667 2547 738 μὴ
2581 665 2684 736 τῆς
2712 665 2904 729 οὐσίας
2935 665 3123 736 μόνης,

415 765 668 820 tuentes,
707 755 1108 812 substantiales
1154 755 1442 824 dicuntur,
1490 766 1857 830 praeterquam
1901 759 2076 818 solius
2116 760 2488 817 substantiae:
2522 775 2623 814 nec
2656 772 2853 814 rursus
2895 757 3178 813 individua
3218 755 3568 828 appellantur
3599 753 3698 826 hy-

413 854 668 915 postases
693 889 707 912 ,
746 847 853 901 nisi
891 847 1058 902 etiam
1092 848 1267 903 solius
1293 849 1608 905 subtantize.

485 941 566 993 Ac
602 955 782 1010 neque
810 941 942 995 illud
975 943 1344 1013 ignorantium
1369 983 1384 1010 ,
1416 944 1590 1015 ipsam
1623 961 1845 1016 quoque
1875 947 2006 1002 sub-

417 1031 723 1098 stantiam,
763 1041 822 1086 ut
857 1049 978 1105 quae
1028 1036 1101 1089 sit
1148 1051 1357 1105 genus,
1416 1047 1472 1092 et
1509 1037 1894 1098 habitudinem
1937 1043 2003 1094 ad

417 1125 650 1180 alterum
681 1125 915 1192 habeat,
949 1127 1014 1181 ad
1045 1143 1106 1182 ea
1134 1128 1326 1184 referri
1359 1145 1480 1200 qua:
1509 1138 1640 1186 sunt
1675 1130 1740 1186 ad
1773 1131 2002 1202 aliquid.

2181 940 2300 1012 Χρὴ
2335 940 2393 993 δὲ
2430 940 2654 1004 εἰδέναι,
2693 939 2774 993 ὅτι
2820 939 2916 993 καὶ
2944 938 3084 1007 αὑτὴ
3119 939 3152 1008 ἡ
3208 937 3388 1002 οὐσία,
3422 939 3498 1004 ὡς
3538 941 3696 1008 γένος

2111 1034 2204 1086 καὶ
2239 1033 2427 1102 σχέσιν
2471 1033 2668 1103 ἔχουσα
2695 1043 2724 1071 ιλ
2760 1031 2898 1102 πρὸς
2957 1032 3167 1102 ἕτερον,
3212 1031 3319 1084 ὑπὸ
3348 1029 3417 1084 τὰ
3473 1033 3612 1104 πρός
3639 1050 3696 1088 τι

2116 1126 2403 1192 ἀνάγεται.
2435 1126 2509 1177 Τὸ
2537 1124 2645 1196 γὰρ
2695 1124 2874 1193 γένος,
2907 1123 3065 1177 εἰδῶν
3118 1125 3240 1178 ἐστι
3281 1123 3460 1193 γένος,
3500 1127 3596 1180 καὶ
3626 1127 3696 1182 τὰ

416 1218 551 1274 Nam
591 1235 764 1287 genus
804 1221 1117 1290 specierum
1155 1231 1239 1277 est
1279 1239 1455 1294 genus
1479 1265 1493 1289 ,
1531 1231 1586 1278 et
1625 1224 1844 1294 species
1874 1233 2005 1279 sunt

2144 1216 2224 1287 ἴδη
2251 1216 2440 1284 γένους
2464 1216 2600 1269 εἰσιν
2620 1214 2758 1286 εἴδη,
2788 1216 2881 1268 καὶ
2917 1214 3024 1269 τῶν
3046 1215 3183 1286 πρός
3209 1215 3262 1270 τί
3291 1217 3448 1272 εἰσιν.

417 1308 602 1377 generi
653 1310 897 1378 species,
920 1325 1100 1380 exque
1127 1327 1318 1377 eorum
1347 1328 1580 1370 numero
1600 1355 1614 1379 ,
1647 1330 1770 1385 quae
1799 1315 1866 1370 ad
1903 1316 2006 1368 ali-

416 1399 552 1469 quid
586 1399 872 1455 dicuntur.

489 1487 598 1562 54.
634 1487 938 1563 Eaplicatio
963 1493 1074 1546 alia
1095 1493 1429 1562 fundamenti
1456 1495 1795 1550 relationum.
1819 1526 1891 1536 —
1913 1495 2005 1552 ln-

420 1592 611 1646 super,
651 1593 714 1633 ea
752 1595 876 1650 quae
913 1592 1040 1637 sunt
1080 1583 1144 1637 ad
1189 1584 1397 1653 aliquid
1422 1627 1436 1650 ,
1479 1595 2006 1659 etconvertuntur,

421 1677 516 1724 aut
549 1669 604 1723 in
640 1669 744 1738 iis,
775 1687 897 1740 quae
931 1688 1027 1742 per
1079 1690 1137 1728 se
1191 1683 1378 1742 stant,
1412 1685 1468 1732 et
1513 1679 1866 1747 consistunt;
1905 1681 2009 1736 hoc

420 1767 507 1815 est
530 1799 546 1824 ,
579 1761 634 1815 in
667 1761 1000 1819 substantiis
1028 1765 1414 1822 habitudinem
1444 1767 1648 1823 habent
1679 1786 1691 1821 :
1726 1777 1820 1824 aut
1853 1771 1907 1824 in
1941 1771 2006 1826 iis

2186 1478 2311 1533 Ἔτι
2334 1480 2400 1534 τὰ
2419 1478 2558 1552 πρός
2576 1495 2650 1544 τι,
2672 1482 2768 1534 καὶ
2790 1481 2924 1552 πρὸς
2955 1481 3380 1552 ἀντιστρέφοντα
3401 1484 3693 1555 Λεγόμενα,

2115 1571 2150 1640 ἢ
2182 1573 2243 1627 ὲν
2297 1574 2408 1635 τοῖς
2455 1569 2872 1641 αὑθεδράστοις,
2920 1571 3102 1642 έχουσι
3139 1573 3238 1644 τὴν
3271 1572 3474 1645 σχέσιν,
3527 1577 3698 1645 ὴγουν

2117 1665 2301 1720 οὐσίαι
2319 1681 2332 1694 ·
2360 1664 2392 1735 ἦ
2424 1666 2524 1718 οὐκ
2555 1667 2614 1718 ἐν
2643 1667 2756 1728 τοῖς
2785 1663 3195 1737 αὐθεδράστοις,
3227 1667 3392 1737 ὴγουν
3415 1667 3701 1739 συμϐεϐη-

2119 1758 2261 1810 κόσι.
2284 1757 2396 1814 Καὶ
2428 1757 2476 1809 εἰ
2513 1759 2572 1811 ὲν
2605 1759 2715 1820 τοῖς
2745 1757 3163 1828 αὺθεδράστοις,
3196 1757 3228 1828 ἢ
3263 1757 3469 1830 φυσικὴ
3513 1759 3701 1813 αὐτῶν

421 1866 546 1920 quae
585 1867 680 1921 per
709 1869 768 1908 se
799 1855 954 1908 lirma
985 1863 1040 1909 et
1076 1857 1295 1912 stabilia
1329 1875 1437 1913 non
1475 1869 1648 1925 sunt;
1708 1876 1905 1932 nempe
1954 1863 2008 1917 in

2135 1866 2263 1902 ,στιν
2294 1851 2327 1918 ὴ
2360 1849 2563 1919 σχέσις,
2591 1848 2668 1913 ὡς
2699 1848 2908 1920 πατρὸς
2953 1847 3050 1902 καὶ
3088 1847 3204 1902 υἱοῦ
3227 1866 3240 1880 ·
3272 1849 3306 1919 ἦ
3350 1850 3412 1902 οὑ
3460 1851 3690 1919 φυσική.

423 1943 830 2001 accidentibus.
862 1943 919 1998 Si
953 1947 1008 2001 in
1044 1945 1113 2002 iis
1145 1964 1268 2017 qua:
1304 1965 1402 2019 per
1437 1966 1498 2006 se
1531 1951 1884 2013 consistunt,
1919 1962 2013 2006 aut

422 2048 616 2093 eorum
655 2035 920 2096 habitudo
955 2038 1230 2094 naturalis
1274 2046 1391 2106 est,
1441 2048 1502 2094 ut
1542 2041 1720 2112 patris
1768 2049 1822 2096 et
1873 2041 2010 2098 lilii:

426 2133 521 2176 aut
560 2140 668 2179 non
709 2127 1004 2187 naturalis.
1053 2127 1109 2182 Si
1146 2129 1376 2186 minime
1425 2131 1698 2187 naturalis
1749 2139 1878 2200 est;
1918 2141 2014 2186 aut

425 2226 510 2269 est
539 2230 568 2268 a
606 2215 864 2284 fortuna,
899 2229 960 2274 ut
995 2235 1190 2276 servus
1223 2230 1279 2276 et
1313 2221 1568 2277 dominus
1599 2243 1612 2278 :
1643 2231 1738 2278 aut
1772 2224 1840 2280 ab
1875 2235 2012 2290 arte,

425 2314 487 2360 ut
517 2306 826 2384 discipulus
865 2319 919 2365 et
957 2315 1260 2382 magister;
1302 2322 1397 2369 aut
1438 2315 1508 2370 ab
1545 2325 1601 2370 et
1635 2315 1854 2371 actione
1880 2354 1896 2379 ,
1953 2326 2012 2370 ut

426 2397 637 2453 amicus
671 2407 724 2458 et
757 2400 991 2471 amicus,
1027 2401 1285 2457 inimicus
1333 2413 1388 2459 et
1421 2403 1701 2461 inimicus.
1736 2405 1793 2459 Si
1828 2413 2009 2462 autem

425 2487 482 2540 in
515 2487 585 2543 iis
619 2505 741 2559 qua:
773 2505 884 2546 non
921 2499 1052 2546 sunt
1084 2509 1179 2566 per
1209 2509 1269 2549 se
1301 2491 1457 2555 ﬁrma
1478 2535 1494 2562 ,
1526 2511 1724 2567 nempe
1755 2496 2014 2552 acciden-

425 2575 576 2632 tibus
605 2594 617 2639 ;
653 2590 746 2640 aut
774 2588 856 2635 est
893 2583 1192 2647 naturalis,
1227 2591 1284 2648 ut
1321 2583 1550 2656 duplum
1584 2593 1640 2642 et
1676 2586 2008 2642 dimidium:

427 2675 525 2720 aut
551 2669 776 2736 minime
811 2675 1082 2728 naturalis
1119 2672 1204 2746 [ut
1228 2691 1488 2748 magnum
1522 2684 1577 2732 et
1609 2691 1863 2748 parvum.
1897 2677 2013 2734 lloc

426 2759 576 2815 enim
602 2764 768 2820 sortis
795 2765 980 2835 potius
1005 2767 1109 2834 sit,
1131 2781 1296 2837 quam
1329 2777 1563 2824 naturae.
1593 2769 1862 2824 Caeterum
1889 2786 2013 2828 sors

2117 1943 2180 1996 Εἰ
2211 1942 2267 1994 δὲ
2291 1941 2351 1994 οὐ
2383 1940 2609 2012 φυσικὴ,
2645 1940 2678 2011 ἢ
2705 1940 2924 2012 τυχικὴ,
2951 1940 3028 2004 ὡς
3057 1940 3244 2004 δοῦλος
3274 1940 3369 1994 καὶ
3393 1940 3696 2011 δεσπότηςο

2117 2034 2150 2105 ἦ
2183 2032 2430 2103 τεχνικὴ,
2461 2033 2534 2096 ὡς
2569 2031 2818 2103 μαθητὴς
2847 2032 2942 2086 καὶ
2972 2031 3320 2096 διδάσκαλος
3354 2031 3387 2103 ἢ
3433 2049 3701 2104 προαιρε-

2117 2126 2265 2196 τικὴ,
2304 2125 2378 2189 ὡς
2401 2124 2554 2194 φίλος
2587 2125 2681 2178 καὶ
2712 2125 2886 2194 φίλος,
2929 2123 3123 2195 ἐχθρὸς
3155 2125 3250 2177 καὶ
3298 2123 3511 2195 ἐχθρός.
3538 2125 3601 2178 Εἰ
3629 2123 3695 2178 δὲ

2117 2219 2218 2272 οὐκ
2247 2220 2306 2272 ὲν
2333 2220 2446 2282 τοῖς
2471 2217 2883 2289 αὐθεδράστοις,
2912 2216 3028 2270 ἀλλ’
3053 2219 3112 2271 ὲν
3134 2218 3248 2278 τοῖς
3267 2216 3702 2287 συμϐεσηκόσιν,

2119 2311 2152 2382 ἢ
2181 2311 2412 2380 φυσικὴ,
2446 2310 2522 2371 ὡς
2554 2310 2615 2362 τὸ
2644 2309 2949 2375 διπλάσιον,
2987 2309 3083 2362 καὶ
3109 2309 3169 2362 τὸ
3199 2309 3400 2380 ἥμισυ·
3434 2309 3468 2381 ἦ
3509 2309 3571 2362 οὐ
3599 2325 3705 2377 φυ-

2122 2404 2249 2475 σικὴ
2273 2402 2374 2476 [ὡς
2407 2404 2550 2474 μέγα
2578 2405 2672 2457 καὶ
2702 2404 2898 2475 μικρόν
2915 2420 2929 2434 '
2957 2403 3116 2458 τοῦτο
3135 2403 3245 2472 γὰρ
3264 2402 3435 2474 τύχης
3469 2401 3700 2473 μᾶλλον,

2127 2498 2160 2569 ἦ
2191 2497 2430 2566 φύσεωςο
2459 2497 2610 2569 Τύχη
2631 2497 2688 2550 δὲ
2717 2500 2812 2551 καὶ
2854 2496 3175 2568 προαίρεσις
3201 2497 3258 2551 ὲν
3294 2498 3405 2560 τοῖς
3435 2496 3535 2548 οὐκ
3566 2493 3710 2548 αὖθ-

2121 2590 2406 2659 εδράστοις
2437 2589 2620 2660 χώραν
2657 2589 2758 2642 οὐκ
2796 2588 3032 2659 ἔχουσιν,
3083 2589 3133 2642 ei
3163 2588 3238 2658 μή
3267 2587 3320 2640 τί
3367 2604 3472 2640 που
3499 2585 3706 2656 φανείη

2121 2683 2259 2754 πρὸς
2283 2681 2410 2736 ἄλλο
2443 2681 2543 2753 τὴν
2568 2681 2847 2754 ἀναφορὰν
2869 2680 2990 2752 ἕχον
3016 2679 3403 2751 αὑθέδραστον,
3436 2678 3531 2732 καὶ
3555 2675 3710 2732 κατά

2129 2773 2481 2845 συμϐεϐηκὸς
2513 2773 2642 2838 ἴσως
2675 2773 2966 2845 λεγόμενον
2988 2772 3063 2845 v].

425 2859 481 2905 rt
510 2853 710 2916 electio
747 2855 803 2908 in
835 2856 904 2912 iis
940 2858 1122 2912 locum
1161 2875 1268 2918 non
1306 2859 1548 2928 habent,
1579 2876 1703 2933 quae
1739 2876 1849 2917 nou
1887 2872 2016 2918 sunt
2054 2881 2154 2936 per
2187 2881 2246 2922 se
2279 2865 2472 2933 ﬁrma;
2510 2865 2619 2921 nisi
2651 2865 2984 2936 quandoque
3017 2863 3227 2934 aliquid
3291 2861 3543 2916 videatur
3607 2874 3707 2914 re-

430 2944 562 2998 ferri
594 2947 661 2999 ad
689 2947 838 3001 aliud
869 2963 966 3024 per
992 2965 1049 3004 se
1076 2951 1391 3014 consistens
1419 2960 1473 3007 et
1506 2953 1724 3017 ﬁrmum
1745 2993 1760 3018 ,
1789 2969 1854 3008 ac
1879 2954 2024 3026 quod
2069 2956 2256 3012 forsan
2285 2972 2382 3028 per
2410 2957 2670 3014 accidens
2704 2953 3100 3028 praedicetur].

500 3035 802 3104 Relationes
830 3039 884 3092 in
917 3040 1038 3109 aliis
1065 3044 1345 3116 calegoriis
1376 3043 1694 3112 fundantur.
1726 3077 1795 3086 ——
1814 3045 2003 3104 Enim-

2182 3049 2303 3120 Χρὴ
2337 3049 2393 3102 δὲ
2426 3049 2494 3103 τὰ
2527 3050 2662 3120 πρὸς
2693 3067 2746 3102 τι
2777 3058 2803 3086 ι
2840 3049 3106 3120 πρότερον
3136 3047 3227 3101 ὑπ’
3253 3045 3420 3116 ἄλλην
3448 3062 3698 3115 κατηγο-

430 3143 562 3183 vero
589 3137 848 3202 oportet,
872 3139 932 3186 ut
958 3148 1081 3202 quae
1111 3133 1178 3188 ad
1208 3134 1416 3206 aliquid
1449 3137 1730 3202 dicuntur,
1760 3137 1828 3193 ad
1855 3139 2002 3194 aliud

2135 3138 2244 3206 ρίαν
2273 3138 2593 3208 ἀνάγεσθαι,
2613 3139 2690 3202 ὼς
2712 3137 2834 3193 καθ’
2858 3137 3026 3191 ἑαυτὰ
3059 3135 3428 3208 Θεωρούμενα,
3458 3135 3552 3190 καὶ
3577 3136 3713 3190 τότε

335 3267 338 3271 ,
429 3220 918 3290 pzmdicamentum
966 3226 1123 3294 prius
1175 3227 1532 3294 reducantur,
1581 3240 1842 3298 tanquam
1890 3231 2007 3302 ipsa

429 3327 528 3380 per
563 3329 624 3373 se
664 3315 1056 3385 considerata;
1093 3332 1156 3372 ac
1197 3330 1311 3373 tum
1351 3319 1612 3386 demum,
1651 3329 1711 3375 ut
1755 3321 2016 3377 habentia

429 3416 746 3474 respectum
771 3407 838 3462 ad
865 3409 1102 3464 alterum
1126 3449 1142 3475 ,
1175 3409 1242 3465 ad
1273 3426 1336 3466 ea
1367 3427 1490 3482 qua:
1517 3412 1584 3468 ad
1615 3413 1826 3484 aliquid
1854 3424 1984 3472 sunt
2005 3453 2020 3476 ,

2121 3231 2194 3292 ὠς
2231 3230 2418 3301 σχέσιν
2447 3230 2641 3301 ἔχοντα
2670 3231 2804 3302 πρὸς
2834 3230 3040 3301 ἕτερον,
3073 3228 3178 3283 ὑπὸ
3219 3229 3288 3282 τὰ
3329 3228 3465 3300 πρός
3504 3246 3558 3282 τι
3577 3245 3590 3257 ·
3619 3227 3716 3283 δεῖ

2127 3321 2234 3392 γὰρ
2259 3323 2524 3394 πρότερον
2553 3318 2694 3379 εἶναι
2723 3341 2777 3377 τι
2802 3321 3067 3392 ἀσχέτως,
3099 3323 3192 3376 καὶ
3217 3321 3339 3374 τότε
3379 3319 3712 3391 θεωρεῖσθαι

2131 3419 2191 3470 ὲν
2221 3417 2372 3488 αὐτῷ
2406 3417 2616 3488 σχέσιν.

431 3496 770 3554 referantur.
821 3498 1035 3580 Quippe
1074 3502 1232 3574 prius
1264 3503 1477 3582 aliquid
1514 3519 1746 3562 necesse
1787 3515 1872 3562 est
1905 3506 2026 3565 sine
2067 3507 2392 3565 habitudine
2426 3525 2490 3565 ac
2527 3509 2794 3566 relatione
2821 3525 2976 3574 esse,
3011 3523 3077 3564 ac
3143 3517 3256 3563 tum
3326 3506 3711 3562 habitudinem

430 3593 488 3648 in
528 3594 648 3678 ipso
687 3598 1064 3664 considerare.

503 3685 778 3750 Habitudo
818 3698 1036 3758 autem,
1080 3707 1178 3748 seu
1220 3691 1452 3757 relatio,
1495 3692 1739 3762 alicujus
1778 3693 1848 3749 ad
1881 3693 2017 3750 alte-

433 3791 556 3834 rum
593 3779 1067 3851 ali‘ectiodicitur,
1103 3799 1167 3839 ac
1203 3793 1463 3856 tanquam
1501 3785 1882 3856 apprOpriatio
1920 3801 2017 3840 eo-

430 3886 556 3938 rum
598 3889 721 3943 quae
762 3875 1156 3946 przedicantur,
1209 3877 1295 3932 vel
1338 3877 1407 3933 de
1447 3877 1797 3945 substantia,
1834 3877 1918 3932 vel
1951 3878 2019 3934 de

432 3964 503 4018 iis
529 3950 650 4035 quae
676 3953 1044 4024 substantiam
1075 3970 1340 4026 alliciunt.
1377 3970 1502 4026 Haec
1537 3980 1717 4026 autem
1743 4011 1757 4035 ,
1791 3981 1884 4026 aut
1921 3987 2018 4026 na-

434 4061 589 4118 tura,
621 4067 716 4111 aut
753 4059 974 4114 fortuna
996 4101 1010 4126 ,
1048 4071 1143 4116 aut
1170 4071 1322 4127 arte,
1356 4069 1453 4118 aut
1481 4062 1765 4124 voluntate
1798 4062 2017 4117 consti-

434 4156 685 4205 tuuntur.

1085 4244 1242 4307 CAP.
1287 4243 1373 4300 LI.

899 4337 971 4401 De
1006 4339 1154 4408 quali
1195 4348 1244 4400 et
1284 4339 1564 4410 qualitate.

507 4424 760 4504 Qualitas
793 4436 914 4495 est,
953 4444 1051 4508 per
1089 4445 1256 4503 quam
1301 4431 1498 4500 quales
1537 4429 1760 4500 quidam
1809 4446 2024 4487 nuncu-

2195 3698 2386 3769 Σχέσις
2421 3697 2478 3751 δὲ
2509 3705 2538 3746 γ
2577 3695 2818 3765 λέγεται,
2854 3697 2888 3766 ὴ
2931 3694 3080 3758 τινὸς
3111 3692 3248 3764 πρὸς
3276 3692 3486 3764 ἕτερον,
3527 3691 3560 3761 ἢ
3594 3692 3714 3747 τῶν

2125 3791 2248 3844 κατ’
2295 3791 2506 3856 οὐσίαν,
2560 3789 2593 3860 ἢ
2642 3789 2752 3842 τῶν
2800 3786 2930 3860 περὶ
2973 3786 3071 3857 τὴν
3113 3784 3304 3838 οὐσίαν
3351 3785 3470 3837 κατ’
3515 3783 3714 3836 οὐσίαν

2125 3881 2620 3953 κατηγορουμένων
2661 3878 2922 3945 διάθεσις,
2967 3878 3136 3949 ἤγουν
3174 3875 3468 3938 οἰκείωσις.
3516 3873 3714 3928 Ταῦτα

2123 3973 2181 4026 δέ
2228 3975 2409 4037 ἐστιν,
2440 3972 2473 4043 ἢ
2524 3970 2720 4042 φύσει,
2755 3971 2788 4042 ἢ
2843 3969 3018 4043 τύχῃ,
3053 3970 3088 4040 ἢ
3122 3968 3284 4041 τέχνῃ
3307 4011 3322 4034 ,
3358 3968 3390 4022 ἢ
3441 3968 3713 4041 προαιρέ-

2128 4079 2230 4118 σει.

2711 4241 2964 4296 ΚΕΦΑΛ.
2995 4239 3124 4295 ΝΑ⁹.

2495 4331 2636 4400 Περὶ
2661 4332 2839 4387 ποιοῦ
2868 4333 2967 4386 καὶ
2997 4333 3332 4402 ποιότητος.

2200 4423 2430 4496 Ποιότης
2486 4424 2624 4489 ἐστὶ,
2678 4423 2802 4478 καθ’
2837 4425 2905 4495 ἢν
2953 4424 3098 4478 ποιοί
3145 4441 3290 4488 τινες
3323 4422 3711 4494 ὀνομάζονται.

434 4525 663 4587 pantur.
697 4519 774 4574 Ae
805 4533 1026 4576 rursum
1051 4565 1066 4590 ,
1095 4521 1338 4592 qualitas
1367 4530 1451 4578 est
1475 4560 1489 4585 ,
1523 4537 1620 4592 per
1648 4537 1813 4592 quam
1844 4521 1899 4576 hi
1931 4522 2012 4592 qui

2135 4518 2241 4578 Kal
2272 4516 2468 4580 πάλιν,
2521 4515 2748 4586 ποιότης
2787 4515 2925 4581 ἐστὶ,
2955 4515 3080 4569 καθ’
3129 4515 3196 4588 ἢν
3241 4515 3592 4587 παρωνύμως
3640 4516 3717 4570 τὰ

435 4623 500 4663 ea
531 4607 868 4678 afﬁciuntur,
901 4611 1354 4669 denominatioue
1383 4612 1666 4669 dicuntur.
1701 4613 1914 4668 Etenim
1938 4653 1954 4679 ,
1989 4628 2020 4666 a

436 4703 730 4781 prudentia
762 4705 972 4772 dicitur
1002 4707 1278 4780 prudens,
1306 4707 1401 4778 qui
1436 4707 1600 4762 habet
1630 4704 1978 4779 prudentiam
2006 4721 2020 4771 ;

440 4805 495 4849 et
522 4795 739 4853 calidus
773 4797 1002 4866 dicitur,
1035 4801 1128 4871 qui
1161 4800 1368 4856 caloris
1398 4799 1679 4870 particeps
1707 4805 1814 4854 est.

512 4886 770 4946 C‘oncreta
799 4891 1088 4960 abstractis
1117 4894 1277 4955 latius
1304 4901 1503 4962 patent.
1523 4919 1592 4932 -—-
1617 4890 1912 4948 Sciendum
1939 4898 2025 4947 est

2132 4610 2428 4681 μετέχοντα
2463 4608 2632 4679 αὐτῆς
2678 4608 2920 4677 λέγεται.
2967 4611 3064 4664 Ἐκ
3105 4611 3214 4683 γὰρ
3246 4610 3347 4680 τῆς
3390 4610 3717 4682 φρονήσεως

2130 4703 2396 4776 φρόνιμος
2426 4701 2667 4770 λέγεται,
2691 4705 2721 4756 ὁ
2758 4702 2897 4772 ἔχων
2917 4702 3018 4774 τὴν
3051 4703 3336 4774 φρόνησιν,
3366 4703 3462 4756 καὶ
3505 4703 3717 4776 Θερμὺς

2128 4795 2367 4863 λέγεται,
2396 4795 2424 4847 ὁ
2466 4793 2709 4864 μετέχων
2738 4793 3092 4865 Θερμότητος.

2201 4885 2323 4958 Χρὴ
2347 4885 2405 4938 δὲ
2439 4886 2659 4952 εἰδέναι,
2695 4885 2776 4939 ὅτι
2818 4884 2881 4938 τὸ
2913 4885 3065 4939 ποιὸν
3114 4885 3550 4958 καθολικώτερόν
3593 4885 3720 4942 ἐστι

1751 5043 1986 5104 VARIE
2026 5039 2325 5098 LECTION
2333 5039 2434 5096 ES.

515 5167 542 5238 ξι
583 5157 740 5238 Multi
765 5157 990 5238 _codice_s
1034 5157 1249 5238 habent
1265 5157 1408 5230 ἕχον,
1445 5162 1667 5238 perinde
1698 5133 1942 5238 ac‘edita
1971 5178 1988 5217 :
2029 5160 2124 5217 sed
2159 5157 2447 5238 legendum
2495 5157 2924 5238 cumncagteris,‘
2946 5156 3165 5238 ἔχουσα.
3247 5163 3270 5192 ν
3300 5155 3662 5238 pombeﬁsius
3699 5174 3717 5212 :

449 5249 469 5282 ‹
500 5229 707 5286 Desunt
729 5230 919 5284 clausa
955 5229 1068 5300 haec
1107 5231 1160 5284 in
1219 5226 1539 5287 Dainasceni
1571 5249 1705 5288 mss.
1764 5233 2042 5297 omnibus,
2072 5226 2237 5300 quos'
2258 5229 2510 5294 viderim,
2543 5228 2850 5300 codicibus.
2885 5228 3045 5300 Cum
3075 5235 3256 5280 tamen
3289 5226 3479 5300 deesse
3525 5227 3722 5300 aliqua

445 5301 583 5355 satis

629 5301 982 5371 perspicuum
1011 5299 1104 5371 sit,
1137 5301 1454 5367 postulante
1500 5303 1717 5358 ratione
1764 5296 2036 5366 methodi,’
2061 5296 2120 5354 u't
2155 5301 2256 5355 hoc
2285 5314 2504 5371 quoque
2549 5298 2862 5371 divisionis
2887 5297 3192 5371 membrum
3240 5296 3503 5371 eremplo
3523 5297 3723 5371 aliquo

445 5365 838 5449 illustraretur.
870 5369 1066 5440 Accepi
1091 5365 1223 5449 ergo
1269 5387 1299 5424 a
1340 5371 1657 5445 Blemmyda
1677 5372 1821 5449 apud
1854 5365 2021 5444 quem
2048 5380 2162 5449 tota
2193 5365 2575 5449 illa‘doctrina
2609 5369 2738 5440 περὶ
2768 5367 3172 5449 αὑθεᾷρςάστωνέ
3203 5366 3418 5449 natabat
3446 5365 3723 5449 αὐοεδράτ

449 5459 612 5504 στων,
645 5441 836 5495 iisdem
887 5436 1030 5510 pene
1075 5436 1280 5504 verbis,
1329 5450 1518 5511 atque,
1551 5436 1612 5498 ἰιι
1639 5436 1889 5510 videtur,-
1914 5459 1978 5498 ex
2011 5443 2200 5498 eodem
2249 5441 2370 5511 ipso
2411 5436 2770 5511 Damasceno,
2811 5436 3083 5511 exstabat.
3129 5436 3310 5490 Potuit
3341 5437 3434 5490 ille
3468 5436 3720 5511 nancisci

449 5512 657 5566 nostris
683 5513 1032 5582 integriorem
1066 5511 1336 5572 codicem.
1359 5532 1376 5564 ι

1407 5507 1682 5585 Quidquid
1708 5515 1778 5569 sit
1807 5507 2426 5585 deihticsupplemento
2449 5524 2516 5564 ex
2553 5508 3182 5585 Blemmydainutuato;
3232 5520 3394 5585 nemo
3435 5507 3725 5585 negaverit

450 5582 702 5635 nonnihil
735 5577 822 5635 hic
851 5582 1067 5653 deesse,
1109 5577 1850 5653 hiatumque'animadvertit
1879 5577 2333 5653 Gravius—noster
2357 5581 2412 5653 in
2444 5579 2612 5653 veteri
2648 5577 3008 5653 translatione
3026 5592 3136 5653 ,_ac
3176 5577 3441 5653 asterisco
3481 5579 3722 5653 notavit,

452 5666 556 5707 nec
586 5651 1101 5722 tatuensupplerit.
1181 5653 1300 5722 {in
1336 5649 1522 5711 inultis
1569 5655 1852 5710 codicibus
1895 5656 1948 5709 in
1985 5652 2252 5720 singulari
2276 5651 2520 5722 legitur,
2550 5650 2612 5702 τὸ
2639 5649 2776 5722 πρός
2812 5666 2864 5702 τι
2895 5687 2908 5700 .
2943 5687 2957 5702 .

2994 5687 3008 5701 .
3030 5647 3106 5710 ὡς
3143 5647 3264 5700 καθ’
3295 5645 3456 5698 ἑαυτὸ
3477 5647 3722 5712 Θεωροῦ-

459 5735 684 5796 μενον,
713 5721 805 5796 ita}.
832 5715 954 5773 τότε
1000 5720 1075 5796 ὡς
1130 5720 1332 5796 σχέσιν.
1369 5723 1494 5792 ἔχον
1534 5724 1671 5795 πρὸς
1697 5725 1900 5796 ἕτερον.
1980 5733 2005 5772 y
2050 5715 2174 5780 lianc
2220 5715 2381 5785 edita'
2414 5721 2528 5780 sola
2573 5715 2872 5784 exhibent,
2908 5733 3008 5780 uec
3049 5716 3196 5772 aliud
3229 5732 3394 5788 quam
3444 5715 3722 5776 schoiium

456 5791 688 5866 margini
725 5791 852 5845 olim
883 5791 1186 5859 appositum
1219 5791 1460 5866 sapiunt.
