3962 6320
258 313 372 377 633

1657 305 2009 367 DIALECTI
2014 308 2126 371 CA.

3432 313 3540 380 634

257 435 365 505 τῆς
394 431 705 503 ποιότητος.
729 427 805 484 Τδ
833 426 945 499 γὰρ
979 425 1135 481 ποιδν
1156 422 1414 497 σημαίνει
1440 420 1538 494 τὴν
1560 421 1843 491 ποιότητα,

1972 431 2139 478 iutem
2188 428 2353 498 quale
2400 429 2567 486 latius
2604 438 2794 502 patere
2826 445 2992 502 quam
3025 429 3372 501 qualitatem.
3401 428 3539 484 Nam

262 533 362 585 καὶ
392 528 455 582 τὸ
497 526 726 598 μετέχον
756 523 947 593 αὐτῆς,
977 521 1146 592 ῆγουν
1179 519 1280 590 τῆς
1314 517 1620 588 ποιότητος,
1650 514 1727 576 ὡς
1756 514 1851 566 καὶ

258 623 329 677 τὸ
351 617 649 692 θερμὸν,τὸ
665 616 787 687 ἔχον
804 614 1118 687 θερμότητα
1133 622 1155 650 ι
1171 629 1186 644 ·
1207 614 1353 665 atomi.
1382 609 1480 681 μὲν
1508 608 1617 679 γάρ
1642 607 1781 692 είσιν
1802 607 1851 658 οἱ

262 687 483 787 ἔχοντες
505 712 604 783 τὴν
630 712 896 781 ποιότητα
912 726 925 740 ·
950 704 1086 771 οἷον,
1104 709 1153 762 oi
1186 705 1403 776 ἔχοντες
1417 705 1517 776 τὴν
1536 687 1853 775 θερμότητα

263 810 466 881 θερμοὶ
493 809 767 876 λέγονται.
792 806 905 860 Καὶ
932 806 981 858 οἱ
1019 804 1117 875 μὲν
1139 802 1331 874 θερμοί
1364 803 1502 855 εἰσιν
1522 818 1535 832 ·
1568 802 1601 871 ἠ
1637 799 1693 852 δὲ
1727 798 1852 869 θερ-

267 905 466 975 μότης,
496 901 742 972 ποιότης.
788 898 1026 967 Λέγεται
1066 896 1124 950 δὲ
1176 895 1440 959 πολλάκις
1495 893 1591 947 καὶ
1624 892 1764 964 αὕτη
1815 893 1850 963 ὴ

264 997 494 1066 ποιότης
523 994 704 1048 ποιόν·
733 992 935 1064 ὁμοίως
976 990 1071 1045 καὶ
1114 989 1209 1043 ἐπὶ
1251 987 1348 1042 τοῦ
1397 986 1567 1041 ποσοῦ
1605 986 1702 1042 καὶ
1754 985 1854 1057 τῆς

266 1088 592 1161 ποσότητος.

342 1176 465 1237 Τῶν
494 1182 550 1235 δὲ
578 1181 903 1251 ποιοτήτων,
930 1179 989 1233 αἱ
1017 1177 1117 1250 μὲν
1135 1178 1249 1241 τοῖς
1285 1175 1552 1248 ἐμψύχοις
1580 1175 1676 1229 καὶ
1706 1174 1855 1245 λογι-

266 1280 391 1340 κοῖς
420 1277 729 1347 ὑπάρχουσι
767 1272 1038 1345 σώμασιν,
1061 1272 1138 1336 ὡς
1176 1271 1480 1342 ἐπιστῆμαι
1509 1269 1604 1323 καὶ
1636 1267 1853 1339 ἀρεταὶ,

266 1371 416 1425 νόσοι
442 1387 503 1422 τε
531 1368 626 1422 καὶ
644 1368 847 1436 ύγείαι.
866 1367 978 1419 Kal.
1003 1364 1256 1434 λέγονται
1272 1364 1358 1429 Ege
1368 1381 1414 1428 ις
1434 1362 1530 1418 καὶ
1551 1361 1821 1425 διαθέσεις
1836 1377 1851 1392 ·

268 1464 330 1517 αἱ
351 1462 431 1528 δὲ,
468 1463 564 1516 καὶ
606 1463 718 1523 τοῖς
748 1459 1017 1530 ἐμψύχοις
1066 1459 1305 1522 καὶτοῖς
1337 1457 1587 1527 ἀψύχοις,
1623 1456 1699 1520 ὡς
1732 1455 1857 1526 θερ-

273 1554 450 1627 μότης
484 1555 579 1607 καὶ
621 1552 807 1622 ψύξις.
854 1550 1054 1623 Μορφὴ
1089 1550 1187 1605 καὶ
1247 1550 1457 1620 σχῆμα,
1490 1548 1722 1620 δύναμις
1765 1549 1857 1602 καὶ

268 1647 572 1716 ἀδυναμία.
611 1645 832 1699 Τούτων
875 1645 934 1698 δὲ
993 1646 1049 1697 αἱ
1100 1644 1200 1714 μέν
1239 1646 1346 1697 εἰσι
1379 1642 1642 1712 δυνάμει,
1692 1642 1748 1695 ai
1799 1641 1857 1694 δὲ

272 1739 557 1811 ἐνεργείᾳ·
597 1738 692 1792 καὶ
721 1739 769 1790 εί
810 1736 908 1808 μὲν
935 1736 1187 1806 δυνάμει,
1217 1735 1433 1789 ποιοῦσι
1475 1735 1708 1805 δύναμιν
1760 1733 1857 1787 καὶ

269 1830 606 1900 ἀδυναμίαν.
638 1830 703 1882 Εἰ
742 1828 799 1881 δὲ
839 1826 1109 1898 ἐνεργείᾳ,
1148 1826 1181 1897 ἢ
1232 1825 1323 1879 διὰ
1370 1826 1571 1897 βάθους
1611 1826 1860 1898 κεχωρή-

271 1940 461 1987 κασιν,
498 1921 636 1992 ὠςή
691 1920 965 1991 θερμότης
1012 1920 1081 1973 δι’
1127 1919 1248 1972 ὅλου
1281 1918 1377 1972 τοῦ
1417 1918 1619 1988 πυρός’
1673 1918 1769 1971 καὶ
1822 1918 1856 1988 ἡ

272 2014 542 2085 λευκότης
567 2013 635 2067 δι’
668 2013 791 2066 ὅλου
822 2012 917 2065 τοῦ
946 2011 1237 2081 γάλακτος,
1274 2012 1370 2064 καὶ
1402 2011 1503 2081 τῆς
1532 2010 1729 2080 χιόνος,
1763 2009 1860 2063 καὶ

273 2108 428 2162 ποιεῖ
465 2106 639 2169 πάθος
677 2105 776 2159 καὶ
810 2102 1127 2176 παθητικὴν
1168 2104 1466 2174 ποιότητα·
1501 2103 1534 2172 ἢ
1569 2103 1855 2173 ἐπιπολῆς,

274 2200 377 2255 καὶ
402 2198 618 2253 ποιοῦσι
650 2198 840 2268 σχῆμα
878 2198 974 2251 καὶ
1009 2198 1253 2267 μορφήν·
1292 2197 1430 2249 είσὶν
1460 2191 1552 2249 οὖν
1586 2197 1684 2267 τῆς
1710 2196 1861 2248 ποιό-

271 2308 443 2364 τητος
473 2292 588 2361 εῐδη
622 2290 887 2359 τέσσαρα,
926 2288 1040 2354 ἕξις
1070 2288 1166 2341 καὶ
1200 2286 1462 2353 διάθεσις,
1488 2286 1720 2357 δύναμις
1767 2287 1862 2339 καὶ

273 2381 573 2453 ἀδυναμία,
605 2381 779 2445 πάθος
818 2382 913 2435 καὶ
951 2380 1232 2453 παθητικὴ
1259 2380 1503 2453 ποιότης,
1546 2380 1733 2451 σχῆμα
1765 2378 1863 2432 καὶ

278 2477 491 2549 μορφήο

347 2655 611 2728 Διαφέρει
631 2654 689 2709 δὲ
714 2653 829 2719 ἕξις
849 2653 1165 2720 διαθέσεως,
1198 2652 1283 2707 ὅτι
1308 2653 1342 2724 ἡ
1372 2652 1472 2724 μὲν
1508 2651 1621 2720 ἕξις
1661 2652 1865 2722 δυσμε-

274 2748 550 2818 τάϐλητός
584 2748 757 2813 ἐστιν,
797 2747 891 2800 καὶ
926 2746 1298 2815 χρονιωτέρα·
1348 2740 1462 2799 οἷον
1493 2748 1527 2817 ἡ
1572 2746 1862 2817 φρόνησιςο

274 2843 341 2897 οὐ
389 2841 525 2912 ταχὺ
558 2841 669 2913 γὰρ
715 2839 1114 2910 μεταϐάλλεται
1156 2856 1244 2903 τις
1289 2837 1397 2893 ἀπὸ
1427 2840 1742 2910 φρονήσεως
1784 2839 1866 2900 είς

276 2934 618 3007 ἀφροσύνην.
656 2932 888 3003 Ὁμοίως
929 2932 1090 3003 καὶή
1133 2933 1446 3003 ἐπιστήμη,
1491 2933 1581 2987 ὅτε
1622 2930 1868 3003 ἀκριϐῶς

275 3048 366 3094 τις
401 3028 713 3092 ἐπίσταται,
746 3027 843 3080 καὶ
876 3025 1323 3098 δυσμετάϐλητός
1362 3027 1511 3080 ἐστιν
1553 3026 1613 3079 ὲν
1644 3027 1793 3097 αύτῷ
1833 3027 1866 3096 ἡ

1953 518 2115 587 quale
2147 523 2203 573 et
2232 518 2558 588 qualitatem
2600 521 2907 591 signiﬁcat,
2934 529 2988 576 et
3017 520 3165 591 quod
3203 520 3324 591 ejus
3367 519 3542 591 parti-

1953 624 2083 679 ceps
2109 619 2233 674 est,
2272 625 2467 681 nempe
2495 613 2784 682 qualitatis
2813 632 2827 667 :
2873 624 2931 667 ut
2971 612 3212 668 calidum
3257 612 3501 667 calorem
3523 652 3540 678 ,

1952 709 2008 757 et
2055 704 2203 773 quod
2234 704 2475 758 calorem
2528 706 2719 760 habet.
2770 705 2977 772 Quales
3031 706 3175 761 enim
3227 713 3395 769 sunt,
3449 704 3544 773 qui

1953 794 2279 863 qualitatem
2312 795 2557 851 habent:
2598 804 2657 851 ut
2691 797 2784 866 qui
2819 797 3025 853 habent
3052 798 3295 853 calorem
3322 837 3337 862 ,
3376 794 3543 849 calidi

1954 886 2241 942 dicuntur.
2298 886 2377 941 Ita
2424 888 2630 954 calidi,
2678 889 2874 958 quales
2922 897 3093 942 sunt:
3128 888 3282 942 calor
3322 895 3543 949 autem,

1954 979 2220 1049 qualitas.
2253 976 2400 1044 Quin
2435 994 2681 1050 μετεωρο
2708 980 2874 1035 etiam
2904 978 3145 1048 qualitas
3176 978 3296 1046 ipsa
3322 1014 3337 1039 ,
3374 973 3541 1043 quale

1954 1070 2157 1126 dicitur
2186 1088 2201 1126 :
2232 1071 2537 1141 eodemque
2571 1071 2735 1126 modo
2769 1072 2825 1126 in
2857 1078 3069 1141 quanto
3101 1078 3155 1123 et
3181 1068 3513 1138 quantitate.

2028 1163 2323 1230 Qualitatis
2353 1165 2553 1233 species
2603 1174 2853 1234 quatuor.
2877 1193 2948 1205 -——
2972 1162 3145 1216 Porro
3175 1160 3505 1230 qualitatum
3529 1195 3547 1221 ,

1956 1256 2076 1311 alia:
2108 1258 2162 1311 iu
2200 1258 2499 1319 animatis,
2545 1272 2609 1311 ac
2660 1258 2878 1312 ratione
2926 1254 3175 1326 przeditis
3217 1250 3549 1322 corporibus

1955 1350 2166 1410 insunt,
2216 1358 2275 1402 ut
2306 1348 2552 1404 scientiae
2592 1356 2646 1404 et
2690 1349 2957 1412 virtutes,
3013 1348 3189 1401 morbi
3234 1353 3288 1400 et
3322 1345 3541 1400 sanita-

1956 1449 2084 1508 tes;
2134 1440 2509 1510 dicuuturque
2576 1440 2797 1495 habitus
2841 1447 2897 1495 et
2942 1439 3360 1509 dispositiones.
3415 1436 3549 1490 Alia:

1957 1540 2139 1620 autem
2163 1572 2178 1595 ,
2211 1540 2265 1588 et
2299 1533 2357 1587 in
2389 1532 2652 1587 animatis
2674 1572 2689 1598 ,
2724 1540 2779 1585 et
2811 1532 2884 1587 iis
2915 1547 3038 1598 qua:
3079 1531 3262 1584 anima
3312 1536 3545 1591 carent,

1959 1635 2021 1681 ut
2062 1627 2236 1692 calor,
2292 1625 2469 1696 frigus
2492 1665 2507 1692 ,
2553 1624 2729 1681 forma
2752 1666 2767 1689 ,
2798 1624 2903 1695 55
2939 1624 3111 1694 ﬁgura
3134 1666 3149 1690 ,
3201 1622 3445 1691 potentia
3495 1627 3552 1675 et

1960 1718 2305 1789 impotentia.
2341 1718 2522 1787 Atque
2563 1717 2679 1772 hate
2725 1716 2928 1786 partim
2985 1721 3296 1784 potestate,
3350 1712 3550 1784 partim

1962 1821 2088 1866 actu
2122 1820 2274 1866 sunt.
2311 1810 2370 1865 Si
2409 1816 2715 1881 potestate,
2751 1808 3056 1879 potentiam
3090 1814 3143 1860 et
3172 1803 3553 1874 impotentiam

1960 1905 2227 1961 efficiunt.
2260 1902 2357 1959 Sin
2387 1913 2568 1958 autem
2601 1910 2760 1967 actu,
2785 1900 2870 1955 vel
2900 1900 2965 1955 ad
2996 1899 3169 1953 imum
3201 1895 3551 1968 pervadunt,

1963 2008 2022 2053 ut
2050 2000 2208 2053 calor
2236 2007 2408 2053 totum
2441 1996 2694 2068 pervadit
2725 1998 2907 2066 ignem
2937 2011 2950 2047 :
2984 1992 3216 2057 candor,
3249 1991 3332 2044 lac
3367 1997 3547 2042 totum

1960 2102 2014 2147 et
2046 2093 2225 2146 nivem
2254 2108 2269 2157 ;
2305 2099 2534 2160 tumque
2578 2089 2895 2159 passionem
2941 2095 2996 2142 et
3032 2083 3318 2156 patibilem
3374 2079 3558 2150 quali-

1965 2194 2131 2241 tatem
2162 2185 2370 2239 faciunt
2414 2203 2427 2238 :
2461 2184 2543 2238 vel
2583 2183 2637 2236 in
2679 2181 2974 2250 superﬁcie
3030 2186 3242 2233 tantum
3280 2193 3295 2240 ;
3347 2189 3412 2230 ac
3438 2181 3557 2227 tum

1964 2278 2193 2349 figuram
2225 2283 2279 2331 et
2314 2275 2549 2330 formam
2586 2274 2854 2329 eﬁiciunt.
2892 2271 3193 2337 Qualitatis
3224 2269 3393 2339 igitur
3419 2280 3558 2336 qua-

1963 2380 2090 2426 tuor
2120 2376 2249 2425 sunt
2281 2368 2531 2439 species,
2567 2367 2790 2421 habitus
2831 2372 2887 2420 et
2929 2362 3265 2433 dispositio;
3314 2357 3555 2429 potentia

1963 2472 2019 2520 et
2056 2462 2424 2534 impotentia;
2456 2462 2647 2531 passio
2676 2467 2731 2514 et
2768 2457 3017 2530 patibilis
3051 2454 3339 2526 qualitas;
3381 2451 3560 2522 ﬁgura

1948 2564 2018 2610 et
2057 2555 2256 2609 forma.

2038 2644 2209 2699 Porro
2240 2640 2426 2698 differt
2475 2641 2705 2696 habitus
2746 2654 2775 2693 a
2830 2635 3230 2706 dispositione,
3264 2630 3410 2703 quod
3460 2630 3561 2684 ha-

1966 2737 2117 2793 bitus
2146 2734 2364 2791 diﬁicile
2394 2733 2597 2787 mutari
2640 2730 2838 2802 possit,
2878 2736 2954 2783 ‘ac
2980 2728 3054 2782 sit
3094 2724 3446 2787 diuturnior,
3502 2730 3562 2777 ut

1968 2829 2282 2903 prudentia.
2315 2825 2439 2882 Non
2466 2827 2619 2881 enim
2648 2824 2763 2878 cito
2800 2820 2928 2893 quis
2954 2836 2984 2874 a
3020 2818 3315 2890 prudentia
3348 2815 3415 2869 ad
3461 2815 3567 2868 ini-

1970 2923 2324 2995 prudentiam
2381 2925 2657 2972 mutatur.
2722 2913 2930 2970 Eodem
2985 2925 3211 2982 quoque
3283 2905 3451 2962 modo
3508 2905 3566 2959 in

1970 3017 2200 3071 scientia
2229 3032 2246 3081 ;
2274 3013 2367 3067 ubi
2398 3011 2525 3081 quis
2570 3014 2835 3063 accurate
2868 3004 3115 3060 sciverit.
3161 2999 3298 3055 Nam
3321 3009 3376 3055 et
3410 3000 3468 3053 in
3501 3006 3568 3053 eo

276 3124 508 3194 γνῶσις,
542 3122 657 3187 ἕξις
685 3122 802 3175 ἐστί
821 3138 834 3149 ·
867 3120 960 3175 καὶ⁸
997 3122 1030 3191 ἡ
1063 3093 1306 3192 ἀνδρεία,
1333 3121 1429 3173 καὶ
1457 3122 1489 3191 ἠ
1517 3093 1865 3190 σωφροσύνη,

1973 3108 2221 3179 cognitio
2266 3106 2357 3160 vix
2403 3109 2586 3174 potest
2637 3098 2862 3154 mutari.
2923 3095 3158 3150 Habitus
3209 3093 3373 3148 etiam
3416 3097 3567 3152 sunt,

280 3215 375 3271 καὶ
409 3217 442 3286 ἡ
473 3213 809 3283 δικαιοσύνη.
834 3212 1113 3276 Διαθέσεις
1159 3212 1217 3265 δέ
1242 3214 1349 3266 είσι
1376 3213 1443 3265 τὰ
1467 3212 1748 3283 εὐκίνητα,
1776 3212 1872 3266 καὶ

278 3305 501 3377 ταχέως
527 3304 966 3376 μεταϐάλλοντα⁶
997 3298 1131 3371 οἷον,
1160 3304 1457 3375 θερμότης,
1481 3303 1661 3373 ψύξις,
1695 3304 1872 3372 νόσος,

280 3395 465 3463 ὑγεία,
484 3395 664 3449 καὶτὰ
682 3394 931 3449 τοιαῦτα·
955 3395 1225 3449 διάκειται
1259 3394 1360 3465 μὲν
1388 3397 1498 3464 γὰρ
1523 3395 1668 3448 κατὰ
1694 3396 1872 3450 ταῦτα

279 3491 311 3543 ὁ
365 3487 676 3559 ἄνθρωπος.
726 3487 954 3558 Ταχέως
999 3487 1057 3539 δὲ
1097 3487 1497 3557 μεταϐάλλεται
1542 3488 1608 3540 ὲκ
1664 3487 1872 3560 θερμοῦ

280 3580 497 3652 ψυχρὸς
526 3582 842 3649 γενόμενος,
875 3581 969 3634 καὶ
1001 3582 1067 3635 ἐκ
1100 3581 1257 3635 νόσου
1290 3581 1471 3653 ὑγιής.
1503 3580 1617 3636 Καὶ
1645 3581 1785 3637 αὐτὰ
1816 3582 1873 3635 δὲ

278 3671 485 3735 ταῦτα,
525 3667 658 3736 οἷον,
691 3672 724 3742 ἡ
759 3671 934 3735 νόσος,
961 3672 1057 3725 καὶ
1090 3672 1124 3743 ἡ
1153 3671 1337 3739 ὑγεία,
1375 3673 1472 3726 καὶ
1514 3672 1587 3727 τὰ
1620 3672 1871 3739 τοιαῦτα,

282 3764 386 3817 ἐὰν
424 3756 529 3816 ὦσι
566 3760 772 3831 μόνιμα
793 3760 889 3815 καὶ
915 3760 1359 3830 δυσμετάϐλητα,
1387 3760 1532 3827 ἕξεις
1560 3761 1697 3815 εἰσί·
1734 3759 1874 3814 καθ-

279 3853 593 3923 ολικωτὲρα
614 3852 675 3905 δέ
724 3853 872 3905 ἐστιν
906 3853 939 3921 ἡ
984 3850 1259 3915 διάθεσις·
1285 3851 1586 3923 ἀμφότεροι
1636 3852 1734 3923 μὲν
1766 3852 1876 3924 γὰρ

281 3947 563 4009 διαθέσεις
605 3946 889 4015 λέγονται·
921 3944 1194 3998 διάκειται
1225 3945 1336 4016 γάρ
1374 3962 1491 4009 πως
1540 3946 1663 3998 κατ’
1705 3944 1879 4008 αὑτὰς

282 4038 314 4090 ό
362 4036 680 4107 ἄνθρωπος’
724 4034 841 4089 ἀλλ’
890 4036 925 4105 ἡ
968 4034 1068 4106 μὲν
1114 4034 1600 4107 δυσμετάϐλητος,
1635 4035 1877 4102 διάθεσις

288 4130 475 4199 μόνον.

1974 3197 2270 3261 fortitudo,
2304 3192 2692 3264 temperantia,
2721 3189 2964 3261 justitia.
3016 3185 3287 3241 Similiter
3350 3196 3572 3252 quoque

1972 3290 2371 3360 dispositiones
2422 3291 2597 3348 sunt,
2643 3296 2765 3355 quae
2812 3278 2973 3333 facile
3018 3275 3243 3331 mobilia
3286 3281 3460 3336 sunt,
3508 3284 3574 3323 ac

1973 3385 2141 3440 citius
2185 3382 2579 3443 immutantur,
2608 3382 2670 3429 ut
2699 3372 2876 3435 calor,
2943 3367 3149 3438 frigus,
3198 3365 3449 3425 morbus,
3486 3375 3578 3415 sa-

1975 3480 2143 3540 nitas,
2178 3484 2233 3530 et
2265 3473 2371 3526 alia
2399 3471 2450 3525 id
2492 3483 2692 3541 genus.
2727 3463 2801 3519 Ut
2830 3462 2976 3518 enim
3025 3474 3124 3531 per
3165 3473 3229 3513 ea
3262 3457 3428 3510 homo
3453 3453 3572 3507 dis-

1979 3570 2213 3644 ponitur
2240 3581 2306 3621 ac
2338 3564 2596 3625 afﬁcitur,
2629 3560 2706 3614 ita
2740 3558 2850 3613 cito
2893 3568 3116 3626 quoque
3162 3557 3411 3605 mutatur
3439 3564 3453 3600 :
3489 3544 3575 3598 ni-

1981 3664 2207 3726 mirum,
2239 3674 2309 3715 ex
2370 3653 2553 3711 calido
2590 3650 2773 3706 factus
2831 3645 3093 3718 frigidus,
3134 3650 3191 3699 et
3243 3657 3308 3697 ex
3367 3645 3579 3708 aegroto

1982 3769 2180 3812 sanus.
2211 3750 2358 3817 Quin
2394 3748 2510 3802 hare
2537 3746 2660 3816 ipsa
2692 3755 2932 3812 quoque,
2966 3745 3101 3808 puta
3138 3733 3392 3794 morbus,
3426 3727 3581 3784 sani—

1984 3856 2093 3912 tas,
2126 3860 2193 3901 ac
2220 3840 2453 3905 similia,
2488 3838 2535 3892 si
2567 3835 2832 3890 diuturna
2865 3839 2920 3886 et
2940 3843 3085 3901 aegre
3114 3823 3404 3881 mutabilia
3427 3828 3580 3885 sunt,

1983 3944 2043 3999 in
2082 3938 2334 3994 habitum
2367 3937 2688 3987 transeunt.
2728 3926 3005 3983 Caeterum
3059 3920 3230 3976 latius
3270 3923 3420 3989 patet
3470 3912 3585 3968 dis-

1986 4032 2214 4106 positio.
2245 4024 2464 4081 Etenim
2500 4021 2664 4076 ambo
2691 4018 2916 4090 quidem
2944 4011 3344 4085 dispositiones
3388 4006 3583 4062 dicun-

1989 4098 2077 4182 tur
2128 4134 2305 4178 :nam
2341 4132 2438 4189 per
2474 4128 2572 4169 eas
2640 4112 2812 4166 homo
2872 4114 3024 4163 certa
3091 4101 3328 4173 quadam
3369 4098 3585 4152 ratione

283 4222 611 4294 disponitur
643 4237 709 4278 ac
740 4222 977 4278 aﬁlcitur
1024 4241 1037 4279 :
1082 4238 1273 4279 verum
1339 4240 1403 4281 ea
1472 4227 1770 4299 dispositio
1817 4236 1873 4285 et
1937 4221 2187 4284 affectio,
2225 4230 2349 4288 quae
2401 4210 2767 4267 mutationem
2821 4218 2965 4275 aegre
3017 4199 3294 4271 suscipit,
3361 4193 3584 4249 habitus

288 4316 605 4388 appeIIatur
630 4335 645 4373 :
669 4331 794 4387 quae
826 4323 1012 4371 autem
1068 4315 1230 4371 facile
1278 4325 1546 4387 mutatur,
1583 4321 1880 4393 dispositio
1919 4334 1986 4375 ac
2018 4312 2243 4371 affectio
2275 4303 2662 4361 tantummodo
2687 4299 2913 4355 dicitur.

360 4382 629 4485 Ᾰεύτερον
662 4382 804 4477 είδος
834 4413 1144 4483 ποιότητος,
1176 4413 1408 4485 δύναμις
1452 4382 1545 4470 καί
1578 4382 1865 4489 ἀδυναμία,

2054 4406 2309 4464 Secunda
2339 4401 2555 4473 species
2578 4396 2894 4468 qualitatis.
2915 4390 3161 4464 potentia
3186 4393 3295 4454 est,
3329 4392 3382 4438 et
3406 4382 3586 4452 impo-

289 4505 453 4560 ἅτινα
494 4505 594 4558 οὐκ
644 4506 780 4558 εἰσὶν
824 4505 1109 4576 ὲνεργείᾳ³
1144 4504 1328 4576 ἔχουσι
1373 4507 1429 4561 δὲ
1466 4509 1882 4581 ἐπιτηδειότητα

290 4598 391 4651 καὶ
417 4597 647 4667 δύναμιν
679 4596 931 4667 φυσικὴν,
953 4597 986 4669 ἢ
1018 4598 1507 4669 ἀνεπιτηδειότητα
1528 4615 1540 4628 ·
1566 4600 1642 4666 ὥς
1670 4620 1876 4674 φαμεν,

288 4688 388 4742 τὸν
418 4689 520 4758 μὲν
551 4689 713 4743 παῖδα
736 4690 962 4760 δυνάμει
997 4691 1276 4759 μουσικόν.
1300 4691 1363 4744 Εἰ
1386 4692 1495 4764 γὰρ
1527 4694 1621 4747 καὶ
1657 4695 1733 4765 μὴ
1764 4694 1878 4765 ἔχει

291 4779 550 4851 ἐνεργείᾳ
571 4780 673 4851 τὴν
704 4781 994 4852 μουσικὴν,
1024 4782 1141 4836 ἀλλ’
1162 4781 1274 4853 ἔχει
1307 4785 1723 4856 ἐπιτηδειότητα
1744 4788 1882 4857 πρὸς

289 4873 358 4925 τὸ
387 4873 645 4939 δέξασθαι
671 4875 769 4945 τὴν
799 4876 1070 4946 μουσικήν
1092 4892 1104 4905 ·
1143 4875 1203 4929 τὸ
1236 4876 1290 4929 δὲ
1341 4877 1558 4947 ἄλογον,
1604 4878 1879 4948 ἄμουσονο

291 4965 375 5029 ὡς
402 4966 543 5036 μήτε
575 4967 826 5038 ἐνεργείᾳ
856 4967 983 5039 ἔχον
1013 4968 1113 5039 τὴν
1142 4969 1430 5040 μουσικὴν,
1472 4972 1611 5041 μήτε
1649 4970 1882 5041 δυνάμε-

292 5074 389 5113 νον
417 5058 586 5131 αὐτὴν
626 5059 904 5125 δέξασθαι.
926 5062 1036 5115 Καὶ
1060 5063 1123 5117 τὸ
1158 5063 1391 5135 σκληρὸν
1415 5063 1472 5117 δὲ
1503 5062 1736 5136 δύναμιν
1767 5063 1881 5137 ἔχει

293 5149 394 5205 τοῦ
428 5151 505 5223 μὴ
532 5152 743 5224 ταχέως
763 5153 1114 5226 διαιρεῖσθαι.

1990 4500 2162 4557 tentia
2191 4516 2204 4552 :
2236 4508 2358 4565 qua:
2387 4490 2611 4562 quidem
2649 4497 2776 4543 actu
2809 4501 2918 4541 non
2945 4491 3115 4541 sunt:
3148 4493 3340 4536 verum
3365 4483 3589 4530 natura-

1986 4594 2095 4648 lem
2138 4585 2506 4660 aptitudinem
2562 4597 2626 4636 ac
2679 4580 3010 4650 potentiam,
3044 4574 3133 4631 vel
3162 4566 3586 4641 ineptitudinem

1989 4656 2217 4737 habent.
2251 4670 2735 4743 Quemadmodum
2781 4670 3023 4724 dicimus
3062 4677 3296 4737 puerum
3356 4656 3583 4730 quidem

1986 4769 2236 4843 potentia
2289 4764 2568 4820 musicum
2616 4759 2897 4833 (quamvis
2941 4758 3090 4813 enim
3130 4752 3404 4808 musicam
3458 4755 3586 4803 actu

1986 4876 2100 4918 non
2129 4859 2353 4923 habeat,
2387 4855 2469 4911 sic
2499 4862 2685 4908 tamen
2722 4860 2924 4907 natura
2956 4851 3314 4916 comparatus
3358 4848 3468 4904 est,
3529 4848 3589 4894 ut

1990 4952 2264 5010 musicam
2306 4948 2598 5019 suscipere
2626 4944 2828 5016 possit)
2857 4959 2871 5007 ;
2911 4941 3138 4996 brutum
3181 4950 3314 4992 vero
3344 4932 3588 5003 appella-

1988 5061 2113 5101 mus
2164 5041 2554 5106 immusicum;
2606 5038 2813 5108 quippe
2857 5032 3007 5106 quod
3061 5045 3163 5087 nec
3207 5039 3335 5083 actu
3389 5023 3589 5078 habeat

1986 5136 2283 5201 musicam,
2319 5147 2425 5188 nec
2444 5145 2568 5187 eam
2607 5129 2786 5199 possit
2816 5126 3085 5194 recipere.
3114 5120 3259 5188 Quin
3300 5125 3356 5175 et
3383 5116 3586 5170 durum

1992 5227 2297 5299 potentiam
2328 5224 2519 5289 habet,
2555 5235 2630 5279 ne
2655 5218 2822 5275 facile
2852 5216 3159 5271 dividatur.

1606 5355 1842 5417 νΑΙιιΑΞ)
1880 5356 2286 5415 LECTIONES.

374 5469 842 5553 '“Combefisius:
876 5469 1055 5553 {Milli
1094 5470 1322 5534 indulsi,
1356 5479 1415 5526 ut
1444 5471 1783 5553 sine'codice
1829 5487 1929 5544 pro
1978 5472 2335 5553 θερμότητος,
2350 5464 2761 5553 Δηυοᾶίετιιιμίιι
2794 5462 2976 5553 editis
3006 5468 3063 5518 et
3084 5475 3246 5553 Διιιεε.
3301 5460 3587 5553 ποιότητος

299 5540 620 5613 scriberem.
656 5541 767 5597 Nec
816 5542 961 5613 enim
1004 5532 1379 5597 Damascenus
1408 5542 1545 5597 adeo
1575 5532 1927 5613 inaccura'tus
1964 5532 2141 5613 videri
2189 5532 2403 5613 potest;
2431 5545 2492 5592 ut
2517 5536 2751 5613 loquens
2785 5532 2856 5589 de
2908 5533 3223 5613 genereuin
3276 5532 3587 5613 exemplum

300 5609 574 5693 producat
599 5612 861 5693 speciem.
896 5610 1042 5693 Tum
1073 5627 1205 5693 vero
1228 5613 1513 5682 sequentia
1547 5612 1705 5693 facile
1725 5603 2344 5693 resti_l_ui,_‘posita'voee
2373 5603 2709 5693 θερμδνςειιο
2738 5604 2881 5670 loco,
2914 5603 3079 5675 quam
3106 5604 3261 5693 affert
3298 5611 3358 5657 ut
3382 5603 3585 5693 quale

297 5669 359 5735 ct
390 5681 445 5735 in
477 5697 583 5753 qua
627 5669 867 5738 ostendit
895 5683 1076 5752 qualis
1115 5692 1170 5739 et
1210 5669 1482 5739 concreta:
1520 5683 1673 5738 vocis
1718 5700 1803 5738 am
1850 5669 2133 5738 Iitudi'neni
2168 5694 2335 5750 supra
2367 5669 2685 5749 qualitatem
2718 5690 2784 5730 ac
2813 5669 3002 5732 vocem
3036 5680 3354 5731 concretam
3394 5669 3414 5724 Ξ
3438 5669 3587 5742 quod

300 5751 505 5812 nedum
546 5752 780 5810 formam
808 5767 873 5811 ac
900 5753 1245 5812 qualitatem.
1276 5761 1336 5809 ut
1370 5756 1498 5812 ista.
1533 5754 1629 5812 sed
1669 5762 1722 5810 et
1746 5700 2056 5812 sugicctum
2089 5751 2384 5812 signiﬁcat.
2405 5762 2473 5807 ac
2498 5747 2708 5805 habens
2732 5745 3079 5812 qualitatem.
3117 5761 3138 5796 ι

300 5751 508 5815 aeditui
546 5752 780 5810 formam
808 5767 873 5811 ac
900 5751 1245 5825 qualitatem,
1276 5761 1336 5809 ut
1370 5756 1498 5823 ista,
1533 5754 1629 5812 sed
1669 5762 1722 5810 et
1746 5769 1807 5813 su

1849 5754 2056 5827 jcctum
2089 5745 2473 5828 signiﬁcat,“
2498 5747 2708 5805 habens
2732 5745 3079 5819 qualitatem.
3117 5761 3138 5796 ι
