3962 6320
382 371 488 433 633

1577 365 1636 425 S.
1671 363 1912 424 ΙΟΛΝΝ
1921 363 1992 422 IS
2021 362 2454 422 DAMASCENI

3549 350 3658 412 (35

457 484 645 539 Tertia
683 482 969 554 qualitatis
1012 479 1247 550 species,
1299 486 1386 534 cst
1439 480 1686 554 patibilis
1729 479 1968 548 qualitas

2144 478 2336 550 Τρίτον
2363 474 2522 538 εἶδος,
2563 472 2842 544 παθητικὴ
2883 470 3106 542 ποιότης
3155 469 3249 524 καὶ
3291 467 3492 532 πάθος⁹
3542 469 3663 522 οἷον

381 585 436 629 et
465 574 675 644 passio,
703 552 766 624 ut
800 571 977 637 calor,
1017 569 1308 638 frigiditas,
1347 552 1562 634 albedoo,
1625 570 1870 639 nigredo,
1913 579 1966 623 et

387 665 610 719 similia.
647 663 724 716 Ac
763 662 948 732 passio
976 662 1199 731 quidem
1229 662 1388 716 facile
1417 662 1582 731 abjici
1618 670 1818 732 potest,
1886 663 1964 715 uti

384 753 680 824 dispositio
710 770 722 806 :
756 762 815 806 ut
851 767 976 806 cum
1005 752 1302 821 quispiam,
1340 752 1423 805 vel
1461 767 1573 820 pne
1600 751 1811 821 pudore
1846 766 1968 805 eru-

383 841 582 904 bescit,
616 849 710 894 aut
740 856 851 910 pra:
910 841 1110 894 timore
1171 841 1442 910 pallescit.
1487 841 1740 894 Patibilis
1785 850 1965 893 autem

383 931 619 1000 qualitas
651 946 794 1000 aegre
833 930 1043 982 moveri
1080 945 1145 982 ac
1174 931 1375 984 mutari
1405 938 1614 999 potest.
1648 931 1816 984 l’orro
1874 944 1969 998 pa-

386 1021 620 1076 tibilium
681 1021 1010 1090 qualitatum
1062 1020 1316 1090 quaedam
1383 1022 1610 1075 minime
1686 1031 1870 1075 ortum
1937 1035 1967 1074 a

386 1113 643 1182 passione
673 1113 924 1180 ducunt;
975 1113 1078 1166 hoc
1115 1120 1222 1178 est,
1282 1127 1392 1167 non
1429 1112 1670 1177 aliunde,
1729 1113 1824 1168 sed
1874 1128 1970 1182 per

386 1205 683 1258 essentiam
719 1205 943 1271 insunt;
971 1205 1119 1258 velut
1159 1205 1294 1274 igni,
1346 1203 1542 1272 calor;
1580 1220 1644 1258 ac
1704 1204 1968 1268 dulcedo,

388 1293 556 1347 melli.
583 1292 770 1363 Neque
801 1296 948 1348 enim
977 1294 1085 1364 igni
1117 1295 1456 1348 adventitius
1484 1295 1636 1349 calor
1661 1303 1768 1360 est,
1794 1311 1972 1365 neque

390 1383 541 1436 melli
572 1382 787 1436 dulcor.
820 1382 972 1436 llaud
1004 1383 1174 1447 enim,
1209 1399 1334 1438 cum
1363 1386 1516 1454 prius
1555 1386 1682 1439 talia
1739 1401 1848 1440 non
1881 1403 1970 1442 es-

391 1481 534 1536 sent,
568 1475 915 1544 postmodum
947 1475 1186 1529 calorem
1216 1491 1278 1530 ac
1310 1477 1656 1531 dulcedinem
1704 1481 1967 1534 ascivere.

391 1565 552 1631 Quod
582 1573 765 1620 tamen
789 1567 852 1619 ad
882 1567 1186 1620 humanum
1219 1581 1442 1620 sensum
1473 1569 1693 1633 attinet,
1720 1569 1968 1624 eamdem
1991 1559 2005 1572 ’

389 1667 445 1714 et
474 1659 567 1714 illa
604 1658 918 1729 passionem
955 1658 1218 1714 eﬁiciunt.
1256 1658 1467 1713 Etenim
1513 1660 1680 1730 ignis,
1716 1677 1840 1714 cum
1900 1663 1971 1716 sit

391 1749 631 1815 calidus,
663 1763 764 1802 nos
795 1750 979 1803 calore
1009 1749 1214 1804 aﬁicit:
1254 1749 1469 1819 meique
1510 1750 1664 1816 item,
1720 1765 1845 1804 cum
1900 1752 1972 1805 sit

390 1842 574 1904 dulce,
606 1840 768 1894 nobis
810 1839 1160 1894 dulcedinem
1224 1839 1395 1894 facit:
1431 1841 1682 1910 qumdam
1719 1842 1846 1896 item
1902 1843 1970 1897 ab
2006 1819 2044 1872 Β

389 1934 572 2002 aliqua
604 1931 917 1996 atl‘ectione,
945 1931 996 1984 id
1033 1940 1116 1986 est
1144 1942 1581 2001 temperamento
1612 1934 1748 1986 ﬁunt
1774 1950 1790 1999 ;
1823 1948 1972 1987 eam-

388 2038 496 2089 que
526 2024 842 2092 passionem
882 2039 1279 2093 nonnunquam
1313 2023 1576 2088 etIiciunt,
1619 2040 1726 2094 qua
1775 2040 1972 2080 sensus

392 2115 787 2178 immutentur;
846 2130 1161 2186 quanquam
1215 2131 1324 2170 non
1381 2131 1500 2171 eam
1571 2116 1747 2186 ipsam
1807 2133 1971 2186 quam

394 2207 622 2270 habent,
664 2207 976 2276 passionem
1009 2215 1062 2262 et
1096 2208 1436 2277 qualitatem,
1471 2215 1529 2261 ut
1559 2216 1688 2262 sunt
1731 2209 1969 2263 colores.

396 2298 606 2352 Etenim
636 2300 853 2362 albedo,
884 2315 1005 2370 quae
1038 2315 1104 2354 ex
1132 2299 1424 2354 allectione
1455 2300 1690 2369 quadam
1731 2315 1796 2354 ac
1835 2309 1972 2353 tem-

395 2403 715 2460 peramento
749 2393 1043 2462 contingit,
1087 2391 1195 2462 56
1229 2392 1544 2461 passionem
1577 2391 1796 2461 quidem
1824 2393 1973 2446 circa

392 2483 567 2537 visum
601 2485 765 2538 etlicit
799 2501 812 2547 ;
851 2485 955 2539 hoc
983 2492 1088 2551 est,
1118 2484 1536 2546 discretionem,
1579 2490 1636 2538 et
1689 2483 1974 2553 expansio-

397 2591 546 2638 nem,
575 2587 629 2630 et
661 2576 1122 2630 illuminationem
1153 2595 1165 2630 :
1195 2591 1294 2630 nec
1331 2575 1455 2630 ideo
1488 2583 1670 2630 tamen
1715 2577 1976 2643 passione

393 2684 495 2724 nos
527 2667 712 2722 aﬁicit.
744 2668 997 2723 Patibilis
1028 2683 1160 2737 ergo
1199 2668 1464 2736 qualitas,
1501 2681 1622 2735 quae
1675 2666 1979 2721 adventitia

395 2775 503 2814 non
531 2768 639 2821 est.
672 2769 766 2814 aut
797 2761 852 2814 in
887 2771 1001 2814 tota
1049 2759 1232 2829 specie
1283 2759 1449 2820 inest,
1510 2759 1977 2827 quemadmodum

389 2853 548 2906 calor
579 2855 634 2908 in
667 2853 832 2924 igne;
865 2859 961 2907 aut
998 2865 1104 2905 non
1137 2851 1348 2915 intota,
1384 2860 1439 2903 ut
1463 2851 1650 2921 nigror
1678 2851 1733 2904 in
1761 2848 1981 2903 Aﬂtbiu-

2071 562 2556 638 θερμότης,ψύξις,
2584 565 2866 633 λευκότης,
2893 561 3144 633 μελανία,
3175 562 3268 614 καὶ
3298 559 3366 614 τά
3400 557 3655 614 τοιαῦτα.

2069 659 2143 710 Τὸ
2174 659 2271 728 μὲν
2298 653 2392 710 οὖν
2421 655 2592 721 πάθος
2627 655 3191 726 εὐαπόδλητόνιὲστιν,
3217 653 3294 718 ώς
3322 656 3355 724 ἡ
3390 653 3658 714 διάθεσιςο

2070 751 2145 813 ὡς
2179 751 2304 804 ὅταν
2335 751 2506 819 τις,ἢ
2563 749 2630 801 δι’
2669 747 2802 802 αίδὼ
2865 746 3204 818 ὲρυθριάσῃ,
3255 744 3288 814 ἢ
3350 744 3440 798 διὰ
3492 743 3661 811 φόϐον

2069 843 2354 915 ὡχριάσῃ·
2409 843 2443 912 ἡ
2497 841 2554 895 δὲ
2602 839 2882 911 παθητικὴ
2927 839 3150 906 ποιότης
3200 836 3527 905 δυσκίνητος
3562 836 3662 887 καὶ

2069 934 2508 1006 δυσμετάὸλητός
2540 934 2689 985 ἐστι’
2727 931 2838 982 τῶν
2869 930 2924 983 δὲ
2955 927 3278 999 παθητικῶν
3331 928 3660 994 ποιοτήτων,

2071 1025 2215 1088 τινὲς
2253 1024 2354 1094 μὲν
2408 1023 2519 1078 ἀπὸ
2558 1021 2766 1085 πάθους
2805 1022 2868 1074 οὐ
2928 1021 3293 1090 γεγένηνται,
3335 1020 3505 1092 ἤγουν
3558 1019 3663 1070 οὐκ

2072 1116 2393 1187 ἀλλαχόθεν,
2429 1115 2568 1169 ἀλλά
2613 1113 2736 1167 κατ’
2788 1112 2978 1166 οὐσίαν
3034 1113 3404 1183 ὑπάρχουσιν’
3457 1111 3534 1171 ώς
3579 1109 3662 1179 τῷ

2073 1210 2208 1278 πυρὶ
2243 1209 2276 1278 ἡ
2309 1207 2606 1278 θερμότης,
2642 1205 2738 1259 καὶ
2768 1203 2847 1274 τῷ
2885 1205 3061 1275 μέλιτι
3109 1205 3142 1273 ή
3175 1201 3475 1270 γλυκύτης.
3519 1199 3664 1252 Οὔτε

2073 1301 2184 1370 γάρ
2212 1298 2292 1369 τῷ
2330 1298 2468 1369 ’πυρὶ¹
2501 1299 2798 1369 ἐπίκτητος
2824 1298 2858 1366 ἡ
2894 1295 3187 1366 θερμότης,
3213 1293 3332 1346 οὐδὲ
3364 1293 3443 1362 τῷ
3481 1291 3664 1362 μέλιτι

2075 1393 2406 1463 ήγλυκύτης
2431 1409 2446 1423 ’
2488 1390 2611 1446 οὔτε
2638 1393 2908 1463 πρότερον
2943 1389 3017 1460 μὴ
3047 1389 3178 1442 ὄντα
3216 1387 3466 1451 τοιαῦτα,
3503 1387 3667 1439 ὓστε-

2075 1501 2168 1553 ρον
2185 1483 2586 1556 προσελάϐοντο
2604 1482 2704 1551 τὴν
2727 1480 3060 1552 θερμότητα,
3083 1478 3178 1533 καὶ
3199 1479 3300 1550 τὴν
3319 1476 3660 1548 γλυκύτητα·

2073 1576 2222 1645 ὅμως
2252 1574 2330 1639 δὲ,
2365 1574 2426 1626 τδ
2456 1574 2590 1628 αὐτὸ
2615 1573 2788 1635 πάθος
2821 1571 3036 1625 ποιοῦσι
3083 1569 3227 1624 κατά
3251 1569 3350 1640 τὴν
3376 1569 3664 1639 ἡμετέραν

2073 1667 2346 1737 αἴσθησιν.
2397 1667 2469 1720 Τὸ
2519 1667 2617 1737 μὲν
2661 1665 2772 1734 γὰρ
2818 1663 2933 1734 πῦρ
2987 1662 3190 1734 θερμὸν
3231 1661 3326 1726 ὃν,
3378 1659 3666 1731 θερμαίνει

2076 1759 2223 1829 ἡμᾶς
2247 1775 2259 1788 ·
2297 1759 2394 1812 καὶ
2431 1759 2493 1810 τὸ
2518 1757 2641 1826 μέλι
2675 1757 2847 1825 γλυκὺ
2880 1755 2960 1818 ὃν,
2994 1754 3274 1822 γλυκαίνει
3302 1754 3448 1823 ἡμᾶς
3469 1769 3481 1782 ·
3513 1753 3666 1815 τινὲς

2073 1851 2129 1903 δὲ
2154 1850 2262 1903 ἀπό
2291 1867 2437 1912 τινος
2472 1849 2698 1913 πάθους,
2745 1849 2914 1918 ἤγουν
2947 1847 3218 1918 κράσεως,
3253 1844 3530 1913 γεγόνασι,
3565 1844 3667 1898 καὶ

2075 1941 2321 1994 ποιοῦσιν
2351 1942 2526 1994 ἐνίοτε
2559 1941 2728 2004 πάθος
2756 1939 2901 1993 κατά
2926 1939 3025 2008 τὴν
3062 1937 3340 2008 ἡμετέραν
3370 1937 3624 2006 αἴσθησιν
3646 1952 3660 1965 ·

2076 2033 2190 2086 ἀλλ’
2212 2034 2272 2085 οὐ
2296 2033 2453 2085 τοῦτο
2487 2031 2678 2094 πάθος,
2703 2032 2796 2084 καὶ
2817 2030 2916 2100 τὴν
2937 2031 3105 2101 αὐτὴν
3135 2029 3394 2098 ποιότητα
3417 2029 3483 2099 ἢν
3507 2028 3668 2097 έχου-

2077 2141 2160 2176 σιν
2182 2139 2193 2151 ·
2223 2119 2310 2176 οἷά
2332 2123 2524 2176 εἰσιτά
2541 2123 2830 2194 χρώματα.
2850 2123 2922 2177 Τὸ
2944 2123 3052 2194 γὰρ
3072 2120 3266 2174 λευκὸν
3291 2119 3353 2171 ἐκ
3375 2135 3516 2181 τινος
3551 2117 3667 2168 πά-

2076 2213 2202 2278 θους
2237 2216 2330 2268 καὶ
2375 2215 2623 2286 κράσεως
2650 2215 2961 2286 γενόμενον,
2999 2213 3171 2277 πάθος
3218 2212 3316 2282 μὲν
3351 2213 3495 2262 ποιεῖ
3533 2208 3670 2278 περὶ

2075 2307 2174 2378 τὴν
2202 2307 2412 2377 ὅρασιν,
2437 2307 2604 2377 ἤγουν
2630 2305 2728 2377 τὴν
2755 2306 3048 2376 διάκρισιν,
3084 2303 3180 2356 καὶ
3207 2302 3304 2371 τὴν
3333 2300 3667 2364 ὲξάπλωσιν,

2079 2400 2170 2454 καὶ
2191 2399 2470 2468 φωτισμόν
2490 2414 2503 2428 ⁸
2536 2399 2596 2451 ού
2619 2399 2892 2451 λευκαίνει
2914 2397 2970 2450 δὲ
2994 2398 3140 2468 ἡμᾶς
3159 2411 3173 2425 ·
3203 2398 3236 2466 η
3261 2390 3356 2447 οὖν
3381 2394 3670 2463 παθητικὴ

2080 2489 2326 2559 ποιότης,
2373 2491 2406 2559 ἡ
2447 2489 2522 2560 μὴ
2556 2486 2692 2542 οὖσα
2749 2490 3067 2558 ἐπίκτητος,
3124 2487 3156 2558 ἧ
3192 2487 3358 2540 παντὶ
3401 2485 3482 2554 τῷ
3526 2484 3666 2537 εῖδει

2083 2582 2402 2652 ἐνυπάρχει,
2433 2581 2507 2643 ὡς
2535 2583 2568 2651 ἡ
2603 2580 2876 2652 θερμότης
2897 2581 3003 2650 ὅλῳ
3037 2580 3114 2650 τῷ
3143 2579 3294 2648 πυρὶ,
3328 2579 3360 2649 ἢ
3392 2579 3450 2630 ού
3476 2578 3668 2640 παντὶ,

2085 2671 2160 2736 ὡς
2203 2673 2428 2743 μελανία
2457 2674 2570 2735 τοῖς
2598 2671 2866 2742 Αἰθίοψιν.
2909 2671 2987 2726 Οὐ
3017 2673 3124 2743 γὰρ
3149 2670 3348 2732 πάντες
3369 2670 3417 2721 οί
3445 2668 3670 2738 ἄνθρω-

2087 2784 2179 2819 ποι
2225 2766 2476 2837 μέλανες.
2501 2765 2689 2819 Ταῦτα
2705 2765 2762 2817 δὲ,
2796 2766 2854 2818 οὐ
2891 2766 3051 2836 μόνον
3078 2764 3210 2834 περὶ
3241 2763 3303 2816 τὸ
3336 2764 3496 2832 σῶμα
3525 2761 3670 2814 θεω-

2090 2861 2288 2929 ρεῖται,
2319 2859 2456 2912 ἀλλά
2492 2859 2584 2912 καὶ
2609 2861 2738 2930 περὶ
2770 2857 2869 2929 τὴν
2897 2857 3096 2927 ψυχήν.

393 2947 578 3015 pibus.
626 2943 813 3017 Neque
865 2945 1013 2999 enim
1070 2959 1265 2999 omnes
1315 2942 1574 2996 homines
1617 2953 1747 2998 sunt
1802 2943 1972 3013 nigri.
2022 2946 2289 3006 Caeterum
2347 2952 2462 3006 haec
2508 2951 2710 3005 nedum
2781 2950 2838 3004 in
2905 2963 3139 3016 corpore
3197 2944 3673 3019 considerantur;

395 3053 586 3093 verum
623 3038 790 3093 etiam
827 3039 882 3091 in
916 3037 1124 3092 anima.

460 3127 670 3194 Quarta
707 3128 944 3198 denique
974 3129 1191 3198 species
1229 3128 1540 3198 qualitatis.
1576 3135 1662 3184 est
1709 3128 1881 3200 ﬁgura
1915 3140 1968 3184 et
1999 3133 2042 3194 C

397 3221 594 3275 forma.
629 3221 706 3275 Ac
743 3219 913 3290 ﬁgura
943 3220 1190 3289 quidem,
1225 3229 1340 3274 tum
1372 3220 1426 3274 in
1455 3219 1738 3284 animatis,
1774 3227 1888 3273 tum
1919 3221 1976 3273 in

397 3313 716 3367 inanimatis
741 3314 923 3366 locum
963 3313 1128 3367 habet
1156 3330 1168 3365 :
1202 3311 1378 3365 forma
1409 3319 1592 3366 autem
1625 3313 1678 3366 in
1719 3313 1978 3366 animatis

393 3405 682 3462 duntaxat.
717 3405 874 3471 Quod
904 3407 949 3460 si
978 3406 1045 3459 de
1079 3405 1400 3460 inanimatis
1429 3405 1598 3460 etiam
1645 3403 1846 3471 forma,
1881 3413 1978 3458 aut

397 3499 723 3562 formosum,
757 3498 1084 3564 dicitur;id
1145 3511 1260 3551 non
1313 3499 1556 3567 proprie,
1608 3496 1706 3552 sed
1753 3498 1980 3552 abusive

393 3591 620 3646 dicitur.
661 3589 1014 3661 Quapropter
1071 3590 1244 3645 latius
1291 3597 1440 3660 patet
1493 3590 1686 3660 ﬁgura.
1740 3588 1876 3643 Nam
1927 3599 1980 3644 et

396 3683 572 3738 forma
602 3686 771 3749 ﬁgura
807 3689 1202 3752 nuncupatur;
1237 3690 1434 3737 contra
1476 3690 1662 3737 autem
1709 3681 1979 3735 inanima-

395 3783 574 3827 torum
604 3774 800 3844 ﬁgura,
828 3774 1004 3828 forma
1034 3790 1142 3830 non
1167 3775 1397 3830 dicitur.
1421 3773 1598 3828 Porro
1625 3772 1898 3829 rectitudo
1925 3780 1979 3828 et

395 3867 644 3921 curvitas
682 3865 748 3920 ad
779 3866 1101 3934 qualitatem
1132 3866 1434 3936 pertinent.
1831 3853 1842 3866 ’

464 3954 582 4009 Jam
610 3970 742 4010 vero
773 3956 1062 4010 sciendum
1106 3961 1210 4016 est,
1243 3955 1427 4024 qualia
1458 3955 1702 4009 maxima
1743 3961 1899 4024 parte
1947 3967 1978 4005 a

398 4047 762 4115 qualitatibus
798 4046 1204 4102 denominative
1237 4046 1370 4111 dici,
1416 4053 1475 4098 ut
1511 4060 1540 4098 a
1584 4032 1790 4110 calere,
1843 4045 1980 4098 cali-

393 4142 562 4195 dum:
596 4140 846 4211 quaedam
890 4155 1038 4204 vero,
1082 4140 1244 4193 etiam
1291 4137 1594 4207 aequivoce,
1645 4144 1705 4189 ut
1753 4137 1966 4190 niusica

395 4233 673 4296 scientia,
723 4241 779 4286 et
835 4229 1048 4283 musica
1109 4226 1346 4281 mulier:
1405 4226 1654 4294 quaedam
1699 4225 1977 4294 denique,

394 4338 708 4394 quanquam
751 4321 803 4375 id
837 4321 1048 4383 rarius,
1081 4320 1303 4374 diverso
1331 4318 1574 4380 nomine,
1606 4325 1719 4370 uta
1750 4315 1976 4381 virtute,

393 4415 706 4471 studiosus.
759 4411 898 4466 Nam
946 4413 1040 4483 qui
1090 4411 1298 4467 virtute
1341 4411 1602 4482 praeditus
1649 4417 1758 4472 est,
1805 4410 1972 4463 etiam

394 4507 680 4563 studiosus
713 4513 970 4561 vocatur.

463 4598 660 4653 Passio
684 4599 737 4652 in
765 4597 907 4668 facta
921 4614 1034 4652 esse
1060 4596 1295 4667 qualitas
1318 4603 1417 4650 est.
1448 4623 1519 4634 —
1546 4591 1626 4648 Ne
1683 4592 1818 4647 Illud
1851 4592 1972 4662 qui-

394 4692 516 4746 dem
564 4691 930 4762 ignorandum
972 4697 1080 4756 est,
1133 4689 1448 4758 passionem
1501 4687 1777 4756 duplicem
1825 4701 1970 4742 esse.

391 4782 501 4836 Aut
535 4781 682 4836 enim
709 4796 774 4836 co
809 4779 954 4850 quod
975 4779 1088 4849 jam
1119 4792 1343 4849 passum
1368 4775 1657 4847 quidpiam
1691 4777 1797 4837 sit;
1834 4785 1972 4829 tum-

395 4888 502 4940 que
532 4871 768 4928 refertur
799 4873 865 4928 ad
894 4871 1254 4943 qualitatem;
1287 4867 1748 4939 quemadmodum
1800 4867 1970 4921 vestis

390 4965 504 5034 jam
534 4960 807 5025 dealbata,
839 4962 964 5016 alba
997 4959 1241 5014 dicitur:
1282 4965 1378 5011 aut
1407 4972 1472 5012 eo
1505 4956 1652 5026 quod
1688 4972 1836 5010 nunc
1877 4973 1968 5025 pa-

397 5053 590 5119 tiatur,
623 5061 679 5108 et
700 5061 812 5107 tum
840 5050 909 5106 ad
941 5050 1428 5122 praedicamentum
1463 5048 1574 5118 pati
1599 5047 1837 5117 pertinet
1867 5063 1883 5115 ;
1912 5055 1970 5101 ut
2043 5052 2193 5120 quod
2248 5052 2491 5106 nondum
2557 5051 2874 5106 dealbatam
2941 5057 3064 5116 est,

395 5141 578 5198 batur.

464 5238 604 5295 lllud
654 5239 785 5292 item
829 5249 991 5292 nosse
1039 5233 1338 5300 convenit;
1390 5233 1685 5303 qualitates
1737 5245 1975 5301 corpora

399 5346 508 5387 non
539 5345 684 5392 esse,
719 5328 818 5383 sed
845 5326 1099 5397 corporis
1138 5333 1415 5394 expertes.
1455 5322 1593 5377 Nam
1651 5325 1699 5378 si
1744 5337 1976 5392 corpora

399 5428 608 5485 essent,
643 5418 990 5474 referrentur
1017 5416 1086 5470 ad
1115 5417 1602 5486 praedicamentum
1631 5415 1976 5469 substantiae.

401 5515 546 5578 Quin
578 5511 740 5566 etiam
767 5509 1072 5564 accidentia
1101 5507 1289 5563 omnia
1323 5521 1559 5577 corpore
1608 5516 1824 5568 carent,
1882 5520 1984 5560 nec

409 5618 506 5672 per
536 5617 596 5656 se
625 5601 920 5664 exsistunt,
952 5599 1060 5654 nisi
1090 5600 1144 5652 in
1186 5599 1498 5654 substantia
1543 5597 1986 5653 considerantur.

486 5691 785 5756 Qualitatcs
811 5691 1003 5744 ewdcm
1027 5689 1404 5744 substantiales
1432 5705 1495 5743 ac
1518 5689 1892 5743 accidentales.
1916 5717 1986 5728 ——

413 5782 522 5846 ﬁed
553 5791 606 5839 et
645 5781 782 5836 illud
811 5781 1240 5846 observandum,
1265 5781 1662 5838 substantiales
1692 5781 1986 5852 qualitates

2163 3132 2438 3204 Τέταρτον
2486 3127 2628 3196 εῐδος
2665 3133 2970 3203 ποιότητος,
3007 3132 3194 3204 σχῆμα
3224 3132 3318 3184 καὶ
3359 3134 3564 3204 μορφή.
3589 3133 3673 3186 Τὸ

2085 3220 2182 3290 μὲν
2217 3217 2310 3273 οὖν
2337 3224 2527 3292 σχῆμα
2561 3221 2656 3274 ἐπὶ
2687 3222 2796 3275 τῶν
2828 3221 3089 3292 ἔμψυχων
3124 3223 3218 3274 καὶ
3253 3222 3345 3274 ἐπὶ
3384 3222 3492 3276 τῶν
3521 3222 3672 3292 ἀψύ-

2081 3329 2193 3380 χων
2221 3313 2478 3382 φέρεται·
2519 3315 2552 3385 ἡ
2597 3314 2654 3367 δὲ
2690 3314 2876 3384 μορφὴ
2903 3314 2996 3366 ἐπὶ
3031 3312 3141 3366 τῶν
3183 3313 3444 3383 ἐμψύχων
3480 3315 3667 3384 μόνον.

2080 3402 2143 3454 Ei
2170 3403 2228 3455 δὲ
2266 3403 2458 3474 ρηθείη
2491 3406 2585 3457 ἐπὶ
2623 3405 2734 3458 τῶν
2787 3404 3016 3474 ἀψύχων
3059 3405 3320 3476 μορφὴ,ἢ
3371 3405 3669 3476 εὔμορφοι,

2079 3494 2139 3546 ού
2174 3495 2401 3571 κυρίως,
2463 3496 2604 3550 ἀλλὰ
2656 3495 3112 3567 καταχρηστικῶς
3162 3495 3415 3564 λέγεται·
3452 3496 3675 3550 καθολι-

2080 3583 2322 3656 κώτερον
2351 3582 2442 3640 οὖν
2474 3588 2591 3640 ἐστι
2619 3588 2680 3640 τὸ
2732 3587 2939 3657 σχῆμα.
2991 3587 3102 3640 Καὶ
3132 3586 3164 3654 ἡ
3214 3586 3396 3657 μορφὴ
3427 3585 3536 3656 γὰρ
3567 3604 3676 3638 κα-

2079 3675 2251 3730 λεῖται
2289 3679 2500 3749 σχῆμα.
2537 3679 2609 3732 Τὸ
2639 3679 2696 3732 δὲ
2731 3679 2841 3732 τῶν
2871 3677 3096 3748 ἀψύχων
3128 3677 3312 3748 σχῆμα
3334 3678 3396 3730 οὐ
3420 3677 3674 3731 καλεῖται

2086 3769 2268 3838 μορφή
2294 3786 2306 3796 ι
2333 3771 2364 3839 ἡ
2406 3770 2462 3822 δὲ
2485 3770 2737 3840 εὐθύτης,
2762 3771 2930 3840 ἤγουν
2957 3769 3210 3840 ὀρθότης,
3242 3769 3336 3822 καὶ
3373 3770 3406 3839 ἡ
3439 3786 3674 3839 καμπυ-

2098 3859 2280 3929 λότης,
2310 3861 2478 3931 ἤγουν
2508 3861 2858 3933 στρεϐλότης,
2888 3861 2988 3931 τῆς
3019 3861 3308 3928 ποιότητός
3340 3862 3467 3913 εἱσι.

2151 3951 2272 4022 Χρὴ
2305 3952 2618 4018 γινώσκειν,
2662 3954 2745 4006 ὅτι
2793 3951 2863 4006 τά
2893 3953 3044 4015 ποιὰ,
3085 3953 3160 4015 ὡς
3187 3953 3280 4006 ἐπὶ
3323 3951 3384 4005 τὸ
3414 3951 3675 4004 πλεῖστον

2081 4041 2434 4115 παρωνύμως
2469 4043 2579 4097 ἀπὺ
2626 4044 2734 4097 τῶν
2787 4045 3096 4114 ποιοτήτων
3145 4042 3402 4110 λέγεται·
3453 4043 3528 4106 ὼς
3559 4043 3675 4095 ἀπὸ

2080 4137 2178 4206 τῆς
2205 4135 2542 4207 θερμότητος
2573 4137 2776 4208 θερμόν
2798 4155 2811 4168 ·
2848 4135 2972 4189 τινὰ
3013 4135 3069 4187 δὲ
3113 4135 3207 4187 καὶ
3233 4134 3562 4204 ὁμωνύμως,
3592 4134 3676 4197 ὡς

2083 4228 2318 4300 μουσικὴ
2351 4231 2384 4298 ἡ
2415 4229 2721 4300 ἐπιστήμη,
2755 4229 2848 4282 καὶ
2893 4227 3181 4298 μουσικὴὴ
3211 4225 3371 4297 γυνὴ,
3402 4228 3435 4298 ὴ
3468 4225 3674 4294 ἔχουσα

2080 4318 2176 4390 τὴν
2211 4318 2478 4391 μουσικὴν
2516 4321 2831 4391 ἐπιστήμην
2857 4337 2870 4350 ·
2906 4320 3028 4374 τινὰ
3073 4320 3151 4384 δὲ,
3181 4320 3231 4372 εί
3274 4319 3370 4372 καὶ
3401 4319 3672 4385 σπανίως,

2081 4409 2479 4482 ὲτερωνύμως·
2534 4411 2610 4474 ὡς
2657 4411 2764 4464 ἀπὸ
2809 4411 2910 4480 τῆς
2963 4411 3189 4482 ἀρετῆς,
3231 4409 3544 4473 σπουδαῖος.
3604 4410 3674 4464 '0

2007 4483 2053 4537 Β
2081 4501 2192 4573 γὰρ
2231 4501 2487 4574 ἐνάρετος
2521 4503 2617 4556 καὶ
2649 4503 2934 4565 σπουδαῖος
2957 4500 3199 4570 λέγεται.

2152 4591 2274 4664 Χρὴ
2291 4592 2601 4661 γινώσκειν,
2618 4596 2700 4647 ὅτι
2719 4594 2777 4647 τὸ
2798 4593 2967 4657 πάθος
2983 4593 3256 4649 διττόν.Ἢ
3272 4593 3380 4665 γὰρ
3399 4595 3455 4646 ὲν
3473 4593 3550 4663 τῷ
3566 4593 3672 4664 ἤδη

2083 4684 2414 4740 πεπονθέναι
2437 4685 2676 4754 λέγεται,
2701 4687 2796 4740 καὶ
2819 4685 3099 4754 ἀνάγεται,
3119 4686 3222 4740 ὑπὸ
3245 4686 3344 4756 τὴν
3373 4687 3636 4752 ποιότητα
3655 4703 3671 4717 ο

2079 4775 2155 4838 ὼς
2182 4775 2242 4828 τὸ
2264 4776 2363 4846 ἤδη
2390 4775 2822 4845 λελευκασμὲνον
2850 4777 3063 4846 ἱμάτιον
3085 4776 3304 4844 λέγεται
3323 4775 3534 4828 λευκόν·
3556 4776 3590 4845 ἢ
3611 4778 3674 4828 ἐν

2077 4867 2155 4938 τῷ
2171 4868 2265 4920 νῦν
2287 4867 2536 4938 πάσχειν,
2555 4868 2650 4920 καὶ
2668 4868 2930 4936 ἀνάγεται
2948 4868 3053 4920 ὑπὸ
3067 4867 3166 4939 τὴν
3185 4867 3414 4936 πάσχειν
3432 4880 3674 4935 κατηγο-

2079 4961 2200 5031 ρίαν
2220 4977 2235 4992 ο
2270 4961 2345 5023 ὡς
2364 4962 2426 5014 τὸ
2444 4961 2611 5031 μήπω
2631 4959 2946 5024 λευκανθὲν,
2963 4959 3098 5012 ἀλλὰ
3117 4959 3211 5013 νῦν
3229 4956 3671 5027 λευκαινόμενον.

3147 5049 3242 5104 sed
3297 5063 3443 5104 nunc
3513 5043 3671 5099 deal-

2148 5225 2270 5297 Χρὴ
2323 5226 2637 5294 γινώσκειν,
2679 5223 2756 5287 ὡς
2801 5225 2900 5277 οὐκ
2944 5224 3084 5276 εἰσὶν
3133 5225 3189 5276 αἱ
3233 5224 3516 5295 ποιότητες
3558 5227 3672 5279 σώ-

2084 5337 2249 5391 ματα,
2284 5318 2398 5370 ἀλλ’
2449 5317 2758 5387 ἀσώματοι.
2810 5315 2873 5367 Εἰ
2912 5314 3022 5385 γὰρ
3062 5309 3203 5383 ἦσαν
3243 5313 3473 5384 σώματα
3497 5356 3512 5376 ,
3558 5316 3669 5369 ὐπδ

2081 5413 2180 5481 τὴν
2227 5410 2415 5463 οὐσίαν
2464 5407 2530 5461 ἂν
2578 5403 2755 5478 ἦσαν·
2802 5406 2897 5458 καὶ
2947 5405 3127 5457 πάντα
3164 5403 3232 5457 τὰ
3279 5405 3672 5476 συμϐεϐηκότα

2085 5501 2356 5572 ἀσώματά
2388 5502 2516 5564 εἱσι,
2551 5501 2648 5553 καὶ
2689 5497 2812 5552 καθ’
2837 5495 3006 5550 ἑαυτά
3047 5496 3398 5566 ἀνύπαρκτα,
3425 5499 3472 5550 εί
3501 5496 3577 5569 μὴ
3600 5501 3662 5548 ἐν

2090 5597 2158 5664 τῇ
2189 5591 2347 5663 οὐσίᾳ
2381 5591 2722 5662 θεωρηθῶσι.
2787 5643 2794 5658 ,

2163 5684 2284 5756 Χρὴ
2318 5681 2632 5752 γινώσκειν,
2682 5683 2764 5734 ὅτι
2813 5682 2871 5734 αἱ
2923 5678 3202 5743 οὐσιώδεις
3244 5678 3527 5750 ποιότητες
3559 5678 3670 5730 ὑπὸ

2093 5776 2190 5848 τὴν
2224 5775 2413 5831 οὐσίαν
2451 5774 2761 5843 ἀνάγονται.
2798 5773 2956 5843 Μέρη
2987 5771 3095 5844 γὰρ
3137 5773 3305 5842 αὐτῆς
3350 5766 3671 5840 διαιροῦντα
