  <div class='ocr_page' id='page_1' title='image "/cluster/home/n/w/nwhite01/storage/ocr_20150623/94/hvd.32044052838174/402.png"; bbox 0 0 3962 6320; ppageno 0'>
   <div class='ocr_carea' id='block_1_1' title="bbox 261 427 372 488">
    <p class='ocr_par' dir='ltr' id='par_1_1' title="bbox 261 427 372 488">
     <span class='ocr_line' id='line_1_1' title="bbox 261 427 372 488; baseline 0 -1"><span class='ocrx_word' id='word_1_1' title='bbox 261 427 372 488; x_wconf 81' lang='grc'><strong>637</strong></span> 
     </span>
    </p>
   </div>
   <div class='ocr_carea' id='block_1_2' title="bbox 1639 432 2108 493">
    <p class='ocr_par' dir='ltr' id='par_1_2' title="bbox 1639 432 2108 493">
     <span class='ocr_line' id='line_1_2' title="bbox 1639 432 2108 493; baseline 0 0"><span class='ocrx_word' id='word_1_2' title='bbox 1639 432 2108 493; x_wconf 82' lang='lat' dir='ltr'><strong>DIALECTICA.</strong></span> 
     </span>
    </p>
   </div>
   <div class='ocr_carea' id='block_1_3' title="bbox 2801 0 3140 8">
    <p class='ocr_par' dir='ltr' id='par_1_3' title="bbox 2801 0 3140 8">
     <span class='ocr_line' id='line_1_3' title="bbox 2801 0 3140 8; baseline 0.015 -5"><span class='ocrx_word' id='word_1_3' title='bbox 2801 0 2926 6; x_wconf 74' lang='lat'><strong>___-.—</strong></span> <span class='ocrx_word' id='word_1_4' title='bbox 2941 1 2958 6; x_wconf 87' lang='grc'><strong>-</strong></span> <span class='ocrx_word' id='word_1_5' title='bbox 2979 0 3140 8; x_wconf 58' lang='grc' dir='ltr'><strong>-.--ι-ι’“-</strong></span> 
     </span>
    </p>
   </div>
   <div class='ocr_carea' id='block_1_4' title="bbox 3424 434 3530 497">
    <p class='ocr_par' dir='ltr' id='par_1_4' title="bbox 3424 434 3530 497">
     <span class='ocr_line' id='line_1_4' title="bbox 3424 434 3530 497; baseline 0.019 -3"><span class='ocrx_word' id='word_1_6' title='bbox 3424 434 3530 497; x_wconf 68' lang='lat'><strong>638</strong></span> 
     </span>
    </p>
   </div>
   <div class='ocr_carea' id='block_1_5' title="bbox 263 536 1866 618">
    <p class='ocr_par' dir='ltr' id='par_1_5' title="bbox 263 536 1846 618">
     <span class='ocr_line' id='line_1_5' title="bbox 263 536 1846 618; baseline 0.006 -27"><span class='ocrx_word' id='word_1_7' title='bbox 263 538 464 610; x_wconf 77' lang='grc' dir='ltr'>αὐτὴν,</span> <span class='ocrx_word' id='word_1_8' title='bbox 490 537 586 591; x_wconf 80' lang='grc' dir='ltr'>καὶ</span> <span class='ocrx_word' id='word_1_9' title='bbox 620 537 701 600; x_wconf 82' lang='grc' dir='ltr'><strong>είς</strong></span> <span class='ocrx_word' id='word_1_10' title='bbox 719 536 813 594; x_wconf 81' lang='grc' dir='ltr'><strong>τὸν</strong></span> <span class='ocrx_word' id='word_1_11' title='bbox 832 539 1063 612; x_wconf 80' lang='grc' dir='ltr'>ὁρισμὸν</span> <span class='ocrx_word' id='word_1_12' title='bbox 1091 541 1200 594; x_wconf 86' lang='grc' dir='ltr'><strong>τῶν</strong></span> <span class='ocrx_word' id='word_1_13' title='bbox 1235 542 1390 596; x_wconf 86' lang='grc' dir='ltr'>εἱδῶν</span> <span class='ocrx_word' id='word_1_14' title='bbox 1423 543 1592 615; x_wconf 82' lang='grc' dir='ltr'>αὐτῆς</span> <span class='ocrx_word' id='word_1_15' title='bbox 1632 545 1846 618; x_wconf 77' lang='grc' dir='ltr'>λαμϐα-</span> 
     </span>
    </p>
   </div>
   <div class='ocr_carea' id='block_1_6' title="bbox 1974 536 3529 618">
    <p class='ocr_par' dir='ltr' id='par_1_6' title="bbox 1974 543 3529 616">
     <span class='ocr_line' id='line_1_6' title="bbox 1974 543 3529 616; baseline 0.001 -16"><span class='ocrx_word' id='word_1_16' title='bbox 1974 547 2016 600; x_wconf 76' lang='lat' dir='ltr'><strong>Id</strong></span> <span class='ocrx_word' id='word_1_17' title='bbox 2069 543 2436 602; x_wconf 86' lang='lat' dir='ltr'><strong>substantiam</strong></span> <span class='ocrx_word' id='word_1_18' title='bbox 2487 543 2700 598; x_wconf 83' lang='lat' dir='ltr'><strong>referri.</strong></span> <span class='ocrx_word' id='word_1_19' title='bbox 2760 544 2893 600; x_wconf 87' lang='lat' dir='ltr'><strong>Nam</strong></span> <span class='ocrx_word' id='word_1_20' title='bbox 2945 554 3074 601; x_wconf 88' lang='lat' dir='ltr'><strong>sunt</strong></span> <span class='ocrx_word' id='word_1_21' title='bbox 3128 545 3249 616; x_wconf 83' lang='lat' dir='ltr'><strong>ejus</strong></span> <span class='ocrx_word' id='word_1_22' title='bbox 3299 557 3529 616; x_wconf 83' lang='lat' dir='ltr'><strong>partes;</strong></span> 
     </span>
    </p>
   </div>
   <div class='ocr_carea' id='block_1_7' title="bbox 264 629 1866 708">
    <p class='ocr_par' dir='ltr' id='par_1_7' title="bbox 264 629 1854 706">
     <span class='ocr_line' id='line_1_7' title="bbox 264 629 1854 706; baseline 0.004 -24"><span class='ocrx_word' id='word_1_23' title='bbox 264 630 476 699; x_wconf 81' lang='grc' dir='ltr'>νόμενα</span> <span class='ocrx_word' id='word_1_24' title='bbox 497 645 510 659; x_wconf 91' lang='grc'><strong>·</strong></span> <span class='ocrx_word' id='word_1_25' title='bbox 547 629 636 698; x_wconf 87' lang='grc' dir='ltr'>ὑφ’</span> <span class='ocrx_word' id='word_1_26' title='bbox 665 631 732 700; x_wconf 81' lang='grc' dir='ltr'>ἢν</span> <span class='ocrx_word' id='word_1_27' title='bbox 758 630 816 683; x_wconf 85' lang='grc' dir='ltr'><strong>δὲ</strong></span> <span class='ocrx_word' id='word_1_28' title='bbox 859 632 1198 703; x_wconf 82' lang='grc' dir='ltr'><strong>κατηγορίαν</strong></span> <span class='ocrx_word' id='word_1_29' title='bbox 1224 631 1287 686; x_wconf 77' lang='grc' dir='ltr'><strong>τὸ</strong></span> <span class='ocrx_word' id='word_1_30' title='bbox 1326 633 1467 698; x_wconf 82' lang='grc' dir='ltr'>ὅλον,</span> <span class='ocrx_word' id='word_1_31' title='bbox 1500 635 1607 688; x_wconf 78' lang='grc' dir='ltr'><strong>ὑπὸ</strong></span> <span class='ocrx_word' id='word_1_32' title='bbox 1646 637 1854 706; x_wconf 82' lang='grc' dir='ltr'>ταύτην</span> 
     </span>
    </p>
   </div>
   <div class='ocr_carea' id='block_1_8' title="bbox 1974 629 3536 708">
    <p class='ocr_par' dir='ltr' id='par_1_8' title="bbox 1974 635 3536 708">
     <span class='ocr_line' id='line_1_8' title="bbox 1974 635 3536 708; baseline 0 -17"><span class='ocrx_word' id='word_1_33' title='bbox 1974 638 2156 707; x_wconf 74' lang='grc' dir='ltr'>ιυῑρρε</span> <span class='ocrx_word' id='word_1_34' title='bbox 2186 651 2309 706; x_wconf 66' lang='lat' dir='ltr'><strong>qua:</strong></span> <span class='ocrx_word' id='word_1_35' title='bbox 2365 635 2544 705; x_wconf 87' lang='lat' dir='ltr'><strong>ipsam</strong></span> <span class='ocrx_word' id='word_1_36' title='bbox 2575 636 2848 702; x_wconf 76' lang='lat' dir='ltr'><strong>dividant,</strong></span> <span class='ocrx_word' id='word_1_37' title='bbox 2895 645 3060 708; x_wconf 82' lang='lat' dir='ltr'><strong>atque</strong></span> <span class='ocrx_word' id='word_1_38' title='bbox 3112 637 3178 691; x_wconf 89' lang='lat' dir='ltr'><strong>ad</strong></span> <span class='ocrx_word' id='word_1_39' title='bbox 3224 637 3536 707; x_wconf 86' lang='lat' dir='ltr'><strong>specierum</strong></span> 
     </span>
    </p>
   </div>
   <div class='ocr_carea' id='block_1_9' title="bbox 265 721 1866 800">
    <p class='ocr_par' dir='ltr' id='par_1_9' title="bbox 265 721 1854 798">
     <span class='ocr_line' id='line_1_9' title="bbox 265 721 1854 798; baseline 0.005 -24"><span class='ocrx_word' id='word_1_40' title='bbox 265 721 367 774; x_wconf 74' lang='grc' dir='ltr'>καὶ</span> <span class='ocrx_word' id='word_1_41' title='bbox 393 721 462 774; x_wconf 78' lang='grc' dir='ltr'>τὰ</span> <span class='ocrx_word' id='word_1_42' title='bbox 517 721 659 793; x_wconf 84' lang='grc' dir='ltr'>μέρη</span> <span class='ocrx_word' id='word_1_43' title='bbox 703 723 874 794; x_wconf 76' lang='grc' dir='ltr'>αὐτῆς</span> <span class='ocrx_word' id='word_1_44' title='bbox 923 724 1340 795; x_wconf 78' lang='grc' dir='ltr'>ἀναχθήσονται.</span> <span class='ocrx_word' id='word_1_45' title='bbox 1393 726 1467 780; x_wconf 84' lang='grc' dir='ltr'><strong>Τὸ</strong></span> <span class='ocrx_word' id='word_1_46' title='bbox 1497 726 1635 798; x_wconf 80' lang='grc' dir='ltr'>βαρὺ</span> <span class='ocrx_word' id='word_1_47' title='bbox 1668 730 1762 782; x_wconf 77' lang='grc' dir='ltr'>καὶ</span> <span class='ocrx_word' id='word_1_48' title='bbox 1792 728 1854 782; x_wconf 79' lang='grc' dir='ltr'>τὸ</span> 
     </span>
    </p>
   </div>
   <div class='ocr_carea' id='block_1_10' title="bbox 1974 721 3540 800">
    <p class='ocr_par' dir='ltr' id='par_1_10' title="bbox 1974 728 3540 800">
     <span class='ocr_line' id='line_1_10' title="bbox 1974 728 3540 800; baseline 0 -18"><span class='ocrx_word' id='word_1_49' title='bbox 1974 729 2071 798; x_wconf 68' lang='lat' dir='ltr'><strong>ejus</strong></span> <span class='ocrx_word' id='word_1_50' title='bbox 2097 728 2476 784; x_wconf 81' lang='lat' dir='ltr'><strong>deﬁnitionem</strong></span> <span class='ocrx_word' id='word_1_51' title='bbox 2503 736 2881 783; x_wconf 84' lang='lat' dir='ltr'><strong>assumantur.</strong></span> <span class='ocrx_word' id='word_1_52' title='bbox 2931 729 3030 784; x_wconf 88' lang='lat' dir='ltr'><strong>Cui</strong></span> <span class='ocrx_word' id='word_1_53' title='bbox 3080 745 3246 799; x_wconf 87' lang='lat' dir='ltr'><strong>porro</strong></span> <span class='ocrx_word' id='word_1_54' title='bbox 3279 729 3540 800; x_wconf 85' lang='lat' dir='ltr'><strong>praedica-</strong></span> 
     </span>
    </p>
   </div>
   <div class='ocr_carea' id='block_1_11' title="bbox 263 812 1866 893">
    <p class='ocr_par' dir='ltr' id='par_1_11' title="bbox 263 812 1853 890">
     <span class='ocr_line' id='line_1_11' title="bbox 263 812 1853 890; baseline 0.004 -24"><span class='ocrx_word' id='word_1_55' title='bbox 263 812 550 884; x_wconf 81' lang='grc' dir='ltr'>κοῦφον,ῆ</span> <span class='ocrx_word' id='word_1_56' title='bbox 582 815 640 868; x_wconf 80' lang='grc' dir='ltr'>ὲν</span> <span class='ocrx_word' id='word_1_57' title='bbox 673 815 861 883; x_wconf 78' lang='grc' dir='ltr'><strong>ὄγκοις</strong></span> <span class='ocrx_word' id='word_1_58' title='bbox 895 815 1206 888; x_wconf 77' lang='grc' dir='ltr'><strong>θεωρεῖται,</strong></span> <span class='ocrx_word' id='word_1_59' title='bbox 1243 817 1318 882; x_wconf 82' lang='grc' dir='ltr'>ὡς</span> <span class='ocrx_word' id='word_1_60' title='bbox 1356 819 1450 872; x_wconf 76' lang='grc' dir='ltr'><strong>ἐπὶ</strong></span> <span class='ocrx_word' id='word_1_61' title='bbox 1479 819 1588 874; x_wconf 86' lang='grc' dir='ltr'><strong>τῶν</strong></span> <span class='ocrx_word' id='word_1_62' title='bbox 1619 820 1853 890; x_wconf 84' lang='grc' dir='ltr'>σταθμι-</span> 
     </span>
    </p>
   </div>
   <div class='ocr_carea' id='block_1_12' title="bbox 1974 812 3536 893">
    <p class='ocr_par' dir='ltr' id='par_1_12' title="bbox 1974 820 3536 893">
     <span class='ocr_line' id='line_1_12' title="bbox 1974 820 3536 893; baseline 0.002 -18"><span class='ocrx_word' id='word_1_63' title='bbox 1974 829 2138 876; x_wconf 87' lang='lat' dir='ltr'><strong>nento</strong></span> <span class='ocrx_word' id='word_1_64' title='bbox 2194 829 2368 876; x_wconf 88' lang='lat' dir='ltr'><strong>totum</strong></span> <span class='ocrx_word' id='word_1_65' title='bbox 2421 820 2740 890; x_wconf 84' lang='lat' dir='ltr'><strong>subjicitur,</strong></span> <span class='ocrx_word' id='word_1_66' title='bbox 2793 822 2859 875; x_wconf 90' lang='lat' dir='ltr'><strong>ad</strong></span> <span class='ocrx_word' id='word_1_67' title='bbox 2913 821 3044 876; x_wconf 91' lang='lat' dir='ltr'><strong>illud</strong></span> <span class='ocrx_word' id='word_1_68' title='bbox 3090 839 3310 893; x_wconf 84' lang='lat' dir='ltr'><strong>quoque</strong></span> <span class='ocrx_word' id='word_1_69' title='bbox 3353 831 3536 893; x_wconf 88' lang='lat' dir='ltr'><strong>partes</strong></span> 
     </span>
    </p>
   </div>
   <div class='ocr_carea' id='block_1_13' title="bbox 266 902 1848 980">
    <p class='ocr_par' dir='ltr' id='par_1_13' title="bbox 266 902 1848 980">
     <span class='ocr_line' id='line_1_13' title="bbox 266 902 1848 980; baseline 0.003 -25"><span class='ocrx_word' id='word_1_70' title='bbox 266 902 541 972; x_wconf 80' lang='grc' dir='ltr'>ζομένων,</span> <span class='ocrx_word' id='word_1_71' title='bbox 571 903 667 958; x_wconf 74' lang='grc' dir='ltr'><strong>καὶ</strong></span> <span class='ocrx_word' id='word_1_72' title='bbox 702 904 964 974; x_wconf 78' lang='grc' dir='ltr'><strong>ἀνάγεται</strong></span> <span class='ocrx_word' id='word_1_73' title='bbox 997 906 1104 960; x_wconf 85' lang='grc' dir='ltr'>ὑπὸ</span> <span class='ocrx_word' id='word_1_74' title='bbox 1142 907 1203 962; x_wconf 82' lang='grc' dir='ltr'><strong>τὸ</strong></span> <span class='ocrx_word' id='word_1_75' title='bbox 1232 909 1399 962; x_wconf 89' lang='grc' dir='ltr'>ποσόν</span> <span class='ocrx_word' id='word_1_76' title='bbox 1422 923 1435 937; x_wconf 89' lang='grc'><strong>·</strong></span> <span class='ocrx_word' id='word_1_77' title='bbox 1478 909 1511 980; x_wconf 76' lang='grc' dir='ltr'><strong>ἢ</strong></span> <span class='ocrx_word' id='word_1_78' title='bbox 1557 910 1616 962; x_wconf 81' lang='grc' dir='ltr'>ὲν</span> <span class='ocrx_word' id='word_1_79' title='bbox 1667 909 1848 980; x_wconf 75' lang='grc' dir='ltr'>οὐσίᾳ,</span> 
     </span>
    </p>
   </div>
   <div class='ocr_carea' id='block_1_14' title="bbox 261 993 1852 1072">
    <p class='ocr_par' dir='ltr' id='par_1_14' title="bbox 261 993 1852 1072">
     <span class='ocr_line' id='line_1_14' title="bbox 261 993 1852 1072; baseline 0.004 -24"><span class='ocrx_word' id='word_1_80' title='bbox 261 993 347 1058; x_wconf 84' lang='grc' dir='ltr'>ὡς</span> <span class='ocrx_word' id='word_1_81' title='bbox 367 997 428 1049; x_wconf 83' lang='grc' dir='ltr'>ὲν</span> <span class='ocrx_word' id='word_1_82' title='bbox 457 997 569 1059; x_wconf 79' lang='grc' dir='ltr'>τοῖς</span> <span class='ocrx_word' id='word_1_83' title='bbox 609 997 919 1066; x_wconf 78' lang='grc' dir='ltr'><strong>στοιχείοις,</strong></span> <span class='ocrx_word' id='word_1_84' title='bbox 953 997 1122 1068; x_wconf 71' lang='grc' dir='ltr'>ἤγουν</span> <span class='ocrx_word' id='word_1_85' title='bbox 1155 1000 1310 1070; x_wconf 75' lang='grc' dir='ltr'>πυρὶ,</span> <span class='ocrx_word' id='word_1_86' title='bbox 1342 1001 1436 1053; x_wconf 79' lang='grc' dir='ltr'><strong>καὶ</strong></span> <span class='ocrx_word' id='word_1_87' title='bbox 1482 1001 1576 1072; x_wconf 78' lang='grc' dir='ltr'>γῇ,</span> <span class='ocrx_word' id='word_1_88' title='bbox 1621 1001 1716 1056; x_wconf 72' lang='grc' dir='ltr'><strong>καὶ</strong></span> <span class='ocrx_word' id='word_1_89' title='bbox 1753 1003 1852 1055; x_wconf 83' lang='grc' dir='ltr'><strong>ἀν-</strong></span> 
     </span>
    </p>
   </div>
   <div class='ocr_carea' id='block_1_15' title="bbox 271 1084 1845 1163">
    <p class='ocr_par' dir='ltr' id='par_1_15' title="bbox 271 1084 1845 1163">
     <span class='ocr_line' id='line_1_15' title="bbox 271 1084 1845 1163; baseline 0.006 -27"><span class='ocrx_word' id='word_1_90' title='bbox 271 1084 506 1152; x_wconf 79' lang='grc' dir='ltr'>άγονται</span> <span class='ocrx_word' id='word_1_91' title='bbox 562 1084 667 1138; x_wconf 78' lang='grc' dir='ltr'><strong>ὑπὸ</strong></span> <span class='ocrx_word' id='word_1_92' title='bbox 703 1085 803 1156; x_wconf 83' lang='grc' dir='ltr'><strong>τὴν</strong></span> <span class='ocrx_word' id='word_1_93' title='bbox 833 1087 1050 1154; x_wconf 83' lang='grc' dir='ltr'>οὐσίαν,</span> <span class='ocrx_word' id='word_1_94' title='bbox 1104 1088 1182 1152; x_wconf 85' lang='grc' dir='ltr'>ὠς</span> <span class='ocrx_word' id='word_1_95' title='bbox 1232 1089 1513 1154; x_wconf 80' lang='grc' dir='ltr'>οὑσιώδεις</span> <span class='ocrx_word' id='word_1_96' title='bbox 1553 1091 1807 1163; x_wconf 88' lang='grc' dir='ltr'>διαφοραί</span> <span class='ocrx_word' id='word_1_97' title='bbox 1833 1109 1845 1122; x_wconf 71' lang='grc' dir='ltr'><strong>ο</strong></span> 
     </span>
    </p>
   </div>
   <div class='ocr_carea' id='block_1_16' title="bbox 260 1175 1844 1256">
    <p class='ocr_par' dir='ltr' id='par_1_16' title="bbox 260 1175 1844 1256">
     <span class='ocr_line' id='line_1_16' title="bbox 260 1175 1844 1256; baseline 0.006 -27"><span class='ocrx_word' id='word_1_98' title='bbox 260 1175 473 1246; x_wconf 82' lang='grc' dir='ltr'>ὁμοίως</span> <span class='ocrx_word' id='word_1_99' title='bbox 507 1179 602 1230; x_wconf 83' lang='grc' dir='ltr'>καὶ</span> <span class='ocrx_word' id='word_1_100' title='bbox 633 1179 697 1231; x_wconf 80' lang='grc' dir='ltr'><strong>τὸ</strong></span> <span class='ocrx_word' id='word_1_101' title='bbox 742 1179 945 1234; x_wconf 80' lang='grc' dir='ltr'>πυκνὸν</span> <span class='ocrx_word' id='word_1_102' title='bbox 975 1180 1159 1235; x_wconf 78' lang='grc' dir='ltr'>καὶτὸ</span> <span class='ocrx_word' id='word_1_103' title='bbox 1206 1181 1396 1250; x_wconf 86' lang='grc' dir='ltr'>μανὸν,</span> <span class='ocrx_word' id='word_1_104' title='bbox 1435 1183 1603 1253; x_wconf 73' lang='grc' dir='ltr'>ἤγουν</span> <span class='ocrx_word' id='word_1_105' title='bbox 1631 1183 1844 1256; x_wconf 85' lang='grc' dir='ltr'>ἀραιόν.</span> 
     </span>
    </p>
   </div>
   <div class='ocr_carea' id='block_1_17' title="bbox 1954 913 3532 985">
    <p class='ocr_par' dir='ltr' id='par_1_17' title="bbox 1954 913 3532 985">
     <span class='ocr_line' id='line_1_17' title="bbox 1954 913 3532 985; baseline 0.002 -18"><span class='ocrx_word' id='word_1_106' title='bbox 1954 914 2136 985; x_wconf 86' lang='lat' dir='ltr'><strong>ipsius</strong></span> <span class='ocrx_word' id='word_1_107' title='bbox 2177 913 2522 970; x_wconf 84' lang='lat' dir='ltr'><strong>referuntur.</strong></span> <span class='ocrx_word' id='word_1_108' title='bbox 2560 914 2775 968; x_wconf 87' lang='lat' dir='ltr'><strong>Etenim</strong></span> <span class='ocrx_word' id='word_1_109' title='bbox 2824 929 2986 984; x_wconf 86' lang='lat' dir='ltr'><strong>grave</strong></span> <span class='ocrx_word' id='word_1_110' title='bbox 3023 924 3078 969; x_wconf 90' lang='lat' dir='ltr'><strong>et</strong></span> <span class='ocrx_word' id='word_1_111' title='bbox 3130 916 3270 977; x_wconf 88' lang='lat' dir='ltr'><strong>leve.</strong></span> <span class='ocrx_word' id='word_1_112' title='bbox 3334 923 3427 969; x_wconf 91' lang='lat' dir='ltr'><strong>aut</strong></span> <span class='ocrx_word' id='word_1_113' title='bbox 3477 915 3532 970; x_wconf 90' lang='lat' dir='ltr'><strong>in</strong></span> 
     </span>
    </p>
   </div>
   <div class='ocr_carea' id='block_1_18' title="bbox 1947 1004 3536 1076">
    <p class='ocr_par' dir='ltr' id='par_1_18' title="bbox 1947 1004 3536 1076">
     <span class='ocr_line' id='line_1_18' title="bbox 1947 1004 3536 1076; baseline 0.003 -20"><span class='ocrx_word' id='word_1_114' title='bbox 1947 1004 2094 1059; x_wconf 86' lang='lat' dir='ltr'><strong>mole</strong></span> <span class='ocrx_word' id='word_1_115' title='bbox 2124 1004 2572 1069; x_wconf 82' lang='lat' dir='ltr'><strong>considerantur,</strong></span> <span class='ocrx_word' id='word_1_116' title='bbox 2621 1011 2683 1058; x_wconf 89' lang='lat' dir='ltr'><strong>ut</strong></span> <span class='ocrx_word' id='word_1_117' title='bbox 2719 1004 2774 1058; x_wconf 92' lang='lat' dir='ltr'><strong>in</strong></span> <span class='ocrx_word' id='word_1_118' title='bbox 2805 1004 2875 1061; x_wconf 88' lang='lat' dir='ltr'><strong>iis</strong></span> <span class='ocrx_word' id='word_1_119' title='bbox 2929 1020 3051 1075; x_wconf 79' lang='lat' dir='ltr'><strong>quae</strong></span> <span class='ocrx_word' id='word_1_120' title='bbox 3103 1006 3536 1076; x_wconf 89' lang='lat' dir='ltr'><strong>appenduntur;</strong></span> 
     </span>
    </p>
   </div>
   <div class='ocr_carea' id='block_1_19' title="bbox 1959 1097 3558 1167">
    <p class='ocr_par' dir='ltr' id='par_1_19' title="bbox 1959 1097 3558 1167">
     <span class='ocr_line' id='line_1_19' title="bbox 1959 1097 3558 1167; baseline 0.001 -17"><span class='ocrx_word' id='word_1_121' title='bbox 1959 1110 2022 1151; x_wconf 88' lang='lat' dir='ltr'><strong>ac</strong></span> <span class='ocrx_word' id='word_1_122' title='bbox 2057 1106 2171 1150; x_wconf 91' lang='lat' dir='ltr'><strong>tum</strong></span> <span class='ocrx_word' id='word_1_123' title='bbox 2197 1097 2266 1151; x_wconf 85' lang='lat' dir='ltr'><strong>ad</strong></span> <span class='ocrx_word' id='word_1_124' title='bbox 2289 1097 2652 1167; x_wconf 89' lang='lat' dir='ltr'><strong>quantitatem</strong></span> <span class='ocrx_word' id='word_1_125' title='bbox 2682 1097 2956 1166; x_wconf 89' lang='lat' dir='ltr'><strong>pertinent</strong></span> <span class='ocrx_word' id='word_1_126' title='bbox 2979 1114 2994 1152; x_wconf 90' lang='lat'><strong>:</strong></span> <span class='ocrx_word' id='word_1_127' title='bbox 3017 1106 3112 1152; x_wconf 91' lang='lat' dir='ltr'><strong>aut</strong></span> <span class='ocrx_word' id='word_1_128' title='bbox 3131 1098 3182 1152; x_wconf 89' lang='lat' dir='ltr'><strong>in</strong></span> <span class='ocrx_word' id='word_1_129' title='bbox 3207 1097 3558 1166; x_wconf 85' lang='lat' dir='ltr'><strong>substantia,_</strong></span> 
     </span>
    </p>
   </div>
   <div class='ocr_carea' id='block_1_20' title="bbox 1959 1182 3540 1255">
    <p class='ocr_par' dir='ltr' id='par_1_20' title="bbox 1959 1182 3540 1255">
     <span class='ocr_line' id='line_1_20' title="bbox 1959 1182 3540 1255; baseline -0.003 -15"><span class='ocrx_word' id='word_1_130' title='bbox 1959 1191 2020 1240; x_wconf 90' lang='lat' dir='ltr'><strong>ut</strong></span> <span class='ocrx_word' id='word_1_131' title='bbox 2045 1185 2100 1240; x_wconf 88' lang='lat' dir='ltr'><strong>in</strong></span> <span class='ocrx_word' id='word_1_132' title='bbox 2133 1185 2444 1250; x_wconf 88' lang='lat' dir='ltr'><strong>elementis,</strong></span> <span class='ocrx_word' id='word_1_133' title='bbox 2498 1193 2629 1255; x_wconf 88' lang='lat' dir='ltr'><strong>puta</strong></span> <span class='ocrx_word' id='word_1_134' title='bbox 2686 1185 2817 1255; x_wconf 87' lang='lat' dir='ltr'><strong>igni,</strong></span> <span class='ocrx_word' id='word_1_135' title='bbox 2877 1199 2942 1239; x_wconf 87' lang='lat' dir='ltr'><strong>ac</strong></span> <span class='ocrx_word' id='word_1_136' title='bbox 2981 1191 3177 1250; x_wconf 87' lang='lat' dir='ltr'><strong>terra;</strong></span> <span class='ocrx_word' id='word_1_137' title='bbox 3225 1199 3289 1237; x_wconf 88' lang='lat' dir='ltr'><strong>ac</strong></span> <span class='ocrx_word' id='word_1_138' title='bbox 3319 1194 3435 1236; x_wconf 91' lang='lat' dir='ltr'><strong>tum</strong></span> <span class='ocrx_word' id='word_1_139' title='bbox 3470 1182 3540 1237; x_wconf 88' lang='lat' dir='ltr'><strong>ad</strong></span> 
     </span>
    </p>
   </div>
   <div class='ocr_carea' id='block_1_21' title="bbox 265 1267 1866 1347">
    <p class='ocr_par' dir='ltr' id='par_1_21' title="bbox 265 1267 1851 1344">
     <span class='ocr_line' id='line_1_21' title="bbox 265 1267 1851 1344; baseline 0.006 -23"><span class='ocrx_word' id='word_1_140' title='bbox 265 1269 345 1321; x_wconf 87' lang='grc' dir='ltr'><em>Ἦ</em></span> <span class='ocrx_word' id='word_1_141' title='bbox 378 1267 488 1339; x_wconf 85' lang='grc' dir='ltr'>γὰρ</span> <span class='ocrx_word' id='word_1_142' title='bbox 539 1269 812 1334; x_wconf 82' lang='grc' dir='ltr'>οὑσιωδῶς</span> <span class='ocrx_word' id='word_1_143' title='bbox 843 1271 956 1341; x_wconf 82' lang='lat'><strong>(&#39;57)</strong></span> <span class='ocrx_word' id='word_1_144' title='bbox 1007 1273 1065 1324; x_wconf 74' lang='grc' dir='ltr'>ἐν</span> <span class='ocrx_word' id='word_1_145' title='bbox 1107 1273 1221 1335; x_wconf 83' lang='grc' dir='ltr'>τοῖς</span> <span class='ocrx_word' id='word_1_146' title='bbox 1264 1273 1569 1344; x_wconf 81' lang='grc' dir='ltr'><strong>στοιχείοις,</strong></span> <span class='ocrx_word' id='word_1_147' title='bbox 1611 1275 1710 1330; x_wconf 74' lang='grc' dir='ltr'>καὶ</span> <span class='ocrx_word' id='word_1_148' title='bbox 1754 1278 1851 1330; x_wconf 84' lang='grc' dir='ltr'><strong>ἀν-</strong></span> 
     </span>
    </p>
   </div>
   <div class='ocr_carea' id='block_1_22' title="bbox 1974 1267 3539 1347">
    <p class='ocr_par' dir='ltr' id='par_1_22' title="bbox 1974 1275 3539 1347">
     <span class='ocr_line' id='line_1_22' title="bbox 1974 1275 3539 1347; baseline -0.002 -16"><span class='ocrx_word' id='word_1_149' title='bbox 1974 1276 2331 1332; x_wconf 73' lang='lat' dir='ltr'><strong>iubstantiam</strong></span> <span class='ocrx_word' id='word_1_150' title='bbox 2359 1279 2666 1347; x_wconf 87' lang='lat' dir='ltr'><strong>pertinent,</strong></span> <span class='ocrx_word' id='word_1_151' title='bbox 2699 1287 2759 1331; x_wconf 90' lang='lat' dir='ltr'><strong>ut</strong></span> <span class='ocrx_word' id='word_1_152' title='bbox 2781 1278 3174 1333; x_wconf 84' lang='lat' dir='ltr'><strong>substantiales</strong></span> <span class='ocrx_word' id='word_1_153' title='bbox 3195 1275 3539 1330; x_wconf 65' lang='lat' dir='ltr'><strong>differentiae.</strong></span> 
     </span>
    </p>
   </div>
   <div class='ocr_carea' id='block_1_23' title="bbox 264 1358 1850 1438">
    <p class='ocr_par' dir='ltr' id='par_1_23' title="bbox 264 1358 1850 1438">
     <span class='ocr_line' id='line_1_23' title="bbox 264 1358 1850 1438; baseline 0.005 -26"><span class='ocrx_word' id='word_1_154' title='bbox 264 1358 494 1427; x_wconf 83' lang='grc' dir='ltr'>άγονται</span> <span class='ocrx_word' id='word_1_155' title='bbox 527 1360 631 1413; x_wconf 84' lang='grc' dir='ltr'>ὑπὸ</span> <span class='ocrx_word' id='word_1_156' title='bbox 669 1361 768 1432; x_wconf 81' lang='grc' dir='ltr'><strong>τὴν</strong></span> <span class='ocrx_word' id='word_1_157' title='bbox 796 1363 986 1418; x_wconf 83' lang='grc' dir='ltr'>οὐσίαν</span> <span class='ocrx_word' id='word_1_158' title='bbox 1007 1379 1021 1393; x_wconf 91' lang='grc'><strong>·</strong></span> <span class='ocrx_word' id='word_1_159' title='bbox 1057 1363 1091 1434; x_wconf 78' lang='grc' dir='ltr'>ἢ</span> <span class='ocrx_word' id='word_1_160' title='bbox 1134 1364 1494 1432; x_wconf 82' lang='grc' dir='ltr'>ὲπεισάκτως,</span> <span class='ocrx_word' id='word_1_161' title='bbox 1523 1366 1600 1432; x_wconf 85' lang='grc' dir='ltr'>ὡς</span> <span class='ocrx_word' id='word_1_162' title='bbox 1628 1369 1688 1422; x_wconf 83' lang='grc' dir='ltr'>ὲν</span> <span class='ocrx_word' id='word_1_163' title='bbox 1721 1368 1850 1438; x_wconf 86' lang='grc' dir='ltr'>ίμα-</span> 
     </span>
    </p>
   </div>
   <div class='ocr_carea' id='block_1_24' title="bbox 262 1452 1842 1531">
    <p class='ocr_par' dir='ltr' id='par_1_24' title="bbox 262 1452 1842 1531">
     <span class='ocr_line' id='line_1_24' title="bbox 262 1452 1842 1531; baseline 0.006 -27"><span class='ocrx_word' id='word_1_164' title='bbox 262 1452 403 1515; x_wconf 83' lang='grc' dir='ltr'>τίοις</span> <span class='ocrx_word' id='word_1_165' title='bbox 421 1465 470 1515; x_wconf 77' lang='grc' dir='ltr'>α,</span> <span class='ocrx_word' id='word_1_166' title='bbox 502 1454 598 1506; x_wconf 69' lang='grc' dir='ltr'><strong>καὶ</strong></span> <span class='ocrx_word' id='word_1_167' title='bbox 632 1454 925 1523; x_wconf 79' lang='grc' dir='ltr'>ἀνάγονται</span> <span class='ocrx_word' id='word_1_168' title='bbox 959 1455 1065 1510; x_wconf 79' lang='grc' dir='ltr'><strong>ὑπὸ</strong></span> <span class='ocrx_word' id='word_1_169' title='bbox 1095 1455 1196 1527; x_wconf 81' lang='grc' dir='ltr'><strong>τὴν</strong></span> <span class='ocrx_word' id='word_1_170' title='bbox 1218 1457 1432 1512; x_wconf 86' lang='grc' dir='ltr'>κεῖσθαι</span> <span class='ocrx_word' id='word_1_171' title='bbox 1467 1461 1800 1531; x_wconf 81' lang='grc' dir='ltr'>κατηγορίαν</span> <span class='ocrx_word' id='word_1_172' title='bbox 1829 1477 1842 1492; x_wconf 92' lang='grc'><strong>·</strong></span> 
     </span>
    </p>
   </div>
   <div class='ocr_carea' id='block_1_25' title="bbox 264 1541 814 1616">
    <p class='ocr_par' dir='ltr' id='par_1_25' title="bbox 264 1541 814 1616">
     <span class='ocr_line' id='line_1_25' title="bbox 264 1541 814 1616; baseline 0.009 -21"><span class='ocrx_word' id='word_1_173' title='bbox 264 1541 452 1608; x_wconf 79' lang='grc' dir='ltr'><strong>θέσεις</strong></span> <span class='ocrx_word' id='word_1_174' title='bbox 479 1545 507 1584; x_wconf 73' lang='grc' dir='ltr'>ι)</span> <span class='ocrx_word' id='word_1_175' title='bbox 543 1545 652 1616; x_wconf 80' lang='grc' dir='ltr'><strong>γάρ</strong></span> <span class='ocrx_word' id='word_1_176' title='bbox 685 1548 814 1600; x_wconf 77' lang='grc' dir='ltr'>εἰσι.</span> 
     </span>
    </p>
   </div>
   <div class='ocr_carea' id='block_1_26' title="bbox 1954 1369 3544 1444">
    <p class='ocr_par' dir='ltr' id='par_1_26' title="bbox 1954 1369 3544 1444">
     <span class='ocr_line' id='line_1_26' title="bbox 1954 1369 3544 1444; baseline -0.001 -18"><span class='ocrx_word' id='word_1_177' title='bbox 1954 1371 2272 1444; x_wconf 86' lang='lat' dir='ltr'><strong>Eodemque</strong></span> <span class='ocrx_word' id='word_1_178' title='bbox 2305 1373 2470 1428; x_wconf 88' lang='lat' dir='ltr'><strong>modo</strong></span> <span class='ocrx_word' id='word_1_179' title='bbox 2502 1375 2558 1428; x_wconf 91' lang='lat' dir='ltr'><strong>in</strong></span> <span class='ocrx_word' id='word_1_180' title='bbox 2606 1372 2784 1428; x_wconf 90' lang='lat' dir='ltr'><strong>denso</strong></span> <span class='ocrx_word' id='word_1_181' title='bbox 2819 1383 2873 1428; x_wconf 90' lang='lat' dir='ltr'><strong>et</strong></span> <span class='ocrx_word' id='word_1_182' title='bbox 2910 1388 3039 1428; x_wconf 87' lang='lat' dir='ltr'><strong>raro</strong></span> <span class='ocrx_word' id='word_1_183' title='bbox 3069 1389 3159 1428; x_wconf 87' lang='lat' dir='ltr'><strong>res</strong></span> <span class='ocrx_word' id='word_1_184' title='bbox 3195 1372 3381 1426; x_wconf 83' lang='lat' dir='ltr'><strong>habet.</strong></span> <span class='ocrx_word' id='word_1_185' title='bbox 3429 1369 3544 1425; x_wconf 81' lang='lat' dir='ltr'><strong>Aut</strong></span> 
     </span>
    </p>
   </div>
   <div class='ocr_carea' id='block_1_27' title="bbox 1953 1466 3543 1531">
    <p class='ocr_par' dir='ltr' id='par_1_27' title="bbox 1953 1466 3543 1531">
     <span class='ocr_line' id='line_1_27' title="bbox 1953 1466 3543 1531; baseline -0.002 -12"><span class='ocrx_word' id='word_1_186' title='bbox 1953 1466 2097 1519; x_wconf 89' lang='lat' dir='ltr'><strong>enim</strong></span> <span class='ocrx_word' id='word_1_187' title='bbox 2124 1466 2453 1520; x_wconf 65' lang='lat' dir='ltr'><strong>substantiae</strong></span> <span class='ocrx_word' id='word_1_188' title='bbox 2490 1466 2727 1530; x_wconf 89' lang='lat' dir='ltr'><strong>ratione,</strong></span> <span class='ocrx_word' id='word_1_189' title='bbox 2761 1477 2820 1521; x_wconf 88' lang='lat' dir='ltr'><strong>ut</strong></span> <span class='ocrx_word' id='word_1_190' title='bbox 2863 1467 2918 1520; x_wconf 93' lang='lat' dir='ltr'><strong>in</strong></span> <span class='ocrx_word' id='word_1_191' title='bbox 2950 1466 3282 1531; x_wconf 90' lang='lat' dir='ltr'><strong>elementis;</strong></span> <span class='ocrx_word' id='word_1_192' title='bbox 3316 1480 3384 1518; x_wconf 88' lang='lat' dir='ltr'><strong>ac</strong></span> <span class='ocrx_word' id='word_1_193' title='bbox 3429 1474 3543 1518; x_wconf 92' lang='lat' dir='ltr'><strong>tum</strong></span> 
     </span>
    </p>
   </div>
   <div class='ocr_carea' id='block_1_28' title="bbox 1953 1557 3544 1622">
    <p class='ocr_par' dir='ltr' id='par_1_28' title="bbox 1953 1557 3544 1622">
     <span class='ocr_line' id='line_1_28' title="bbox 1953 1557 3544 1622; baseline 0 -12"><span class='ocrx_word' id='word_1_194' title='bbox 1953 1557 2020 1612; x_wconf 87' lang='lat' dir='ltr'><strong>ad</strong></span> <span class='ocrx_word' id='word_1_195' title='bbox 2055 1559 2420 1614; x_wconf 86' lang='lat' dir='ltr'><strong>substantiam</strong></span> <span class='ocrx_word' id='word_1_196' title='bbox 2479 1558 2822 1622; x_wconf 83' lang='lat' dir='ltr'><strong>referuntur,</strong></span> <span class='ocrx_word' id='word_1_197' title='bbox 2861 1569 2956 1612; x_wconf 90' lang='lat' dir='ltr'><strong>aut</strong></span> <span class='ocrx_word' id='word_1_198' title='bbox 3014 1558 3341 1622; x_wconf 90' lang='lat' dir='ltr'><strong>adventitie,</strong></span> <span class='ocrx_word' id='word_1_199' title='bbox 3367 1565 3454 1620; x_wconf 70' lang='lat' dir='ltr'><strong>,ut</strong></span> <span class='ocrx_word' id='word_1_200' title='bbox 3488 1557 3544 1610; x_wconf 91' lang='lat' dir='ltr'><strong>in</strong></span> 
     </span>
    </p>
   </div>
   <div class='ocr_carea' id='block_1_29' title="bbox 263 1635 3552 1719">
    <p class='ocr_par' dir='ltr' id='par_1_29' title="bbox 263 1635 3552 1719">
     <span class='ocr_line' id='line_1_29' title="bbox 263 1635 3552 1719; baseline 0.004 -33"><span class='ocrx_word' id='word_1_201' title='bbox 263 1635 656 1702; x_wconf 79' lang='lat' dir='ltr'><strong>vestimentis,</strong></span> <span class='ocrx_word' id='word_1_202' title='bbox 707 1653 773 1692; x_wconf 91' lang='lat' dir='ltr'><strong>ac</strong></span> <span class='ocrx_word' id='word_1_203' title='bbox 826 1647 942 1692; x_wconf 91' lang='lat' dir='ltr'><strong>tum</strong></span> <span class='ocrx_word' id='word_1_204' title='bbox 999 1637 1065 1692; x_wconf 89' lang='lat' dir='ltr'><strong>ad</strong></span> <span class='ocrx_word' id='word_1_205' title='bbox 1114 1639 1603 1710; x_wconf 78' lang='lat' dir='ltr'><strong>praedicamentum</strong></span> <span class='ocrx_word' id='word_1_206' title='bbox 1666 1644 1851 1711; x_wconf 87' lang='lat' dir='ltr'><strong>situs;</strong></span> <span class='ocrx_word' id='word_1_207' title='bbox 1891 1649 2099 1718; x_wconf 88' lang='lat' dir='ltr'><strong>quippe</strong></span> <span class='ocrx_word' id='word_1_208' title='bbox 2131 1667 2254 1719; x_wconf 71' lang='lat' dir='ltr'><strong>quae</strong></span> <span class='ocrx_word' id='word_1_209' title='bbox 2319 1650 2598 1719; x_wconf 86' lang='lat' dir='ltr'><strong>positione</strong></span> <span class='ocrx_word' id='word_1_210' title='bbox 2645 1651 2942 1716; x_wconf 79' lang='lat' dir='ltr'><strong>exsistant,</strong></span> <span class='ocrx_word' id='word_1_211' title='bbox 3004 1664 3068 1704; x_wconf 90' lang='lat' dir='ltr'><strong>ac</strong></span> <span class='ocrx_word' id='word_1_212' title='bbox 3129 1649 3368 1719; x_wconf 88' lang='lat' dir='ltr'><strong>quodam</strong></span> <span class='ocrx_word' id='word_1_213' title='bbox 3421 1660 3552 1717; x_wconf 87' lang='lat' dir='ltr'><strong>par-</strong></span> 
     </span>
    </p>
   </div>
   <div class='ocr_carea' id='block_1_30' title="bbox 265 1727 656 1786">
    <p class='ocr_par' dir='ltr' id='par_1_30' title="bbox 265 1727 656 1786">
     <span class='ocr_line' id='line_1_30' title="bbox 265 1727 656 1786; baseline 0.015 -6"><span class='ocrx_word' id='word_1_214' title='bbox 265 1727 407 1782; x_wconf 90' lang='lat' dir='ltr'><strong>tium</strong></span> <span class='ocrx_word' id='word_1_215' title='bbox 440 1731 656 1786; x_wconf 87' lang='lat' dir='ltr'><strong>ordine.</strong></span> 
     </span>
    </p>
   </div>
   <div class='ocr_carea' id='block_1_31' title="bbox 344 1833 1866 1923">
    <p class='ocr_par' dir='ltr' id='par_1_31' title="bbox 344 1841 1848 1923">
     <span class='ocr_line' id='line_1_31' title="bbox 344 1841 1848 1923; baseline 0.006 -29"><span class='ocrx_word' id='word_1_216' title='bbox 344 1841 486 1911; x_wconf 84' lang='grc' dir='ltr'>Τρία</span> <span class='ocrx_word' id='word_1_217' title='bbox 515 1841 572 1896; x_wconf 85' lang='grc' dir='ltr'><strong>δέ</strong></span> <span class='ocrx_word' id='word_1_218' title='bbox 619 1845 758 1897; x_wconf 81' lang='grc' dir='ltr'>εἰσιν</span> <span class='ocrx_word' id='word_1_219' title='bbox 821 1845 930 1898; x_wconf 84' lang='grc' dir='ltr'>ίδια</span> <span class='ocrx_word' id='word_1_220' title='bbox 965 1847 1068 1916; x_wconf 78' lang='grc' dir='ltr'>τῆς</span> <span class='ocrx_word' id='word_1_221' title='bbox 1115 1846 1405 1919; x_wconf 78' lang='grc' dir='ltr'>ποιότητος</span> <span class='ocrx_word' id='word_1_222' title='bbox 1433 1888 1447 1912; x_wconf 89' lang='grc'><strong>,</strong></span> <span class='ocrx_word' id='word_1_223' title='bbox 1495 1850 1664 1920; x_wconf 73' lang='grc' dir='ltr'>ἥγουν</span> <span class='ocrx_word' id='word_1_224' title='bbox 1706 1867 1848 1923; x_wconf 83' lang='grc' dir='ltr'>παρ-</span> 
     </span>
    </p>
   </div>
   <div class='ocr_carea' id='block_1_32' title="bbox 1974 1833 3541 1923">
    <p class='ocr_par' dir='ltr' id='par_1_32' title="bbox 2023 1833 3541 1907">
     <span class='ocr_line' id='line_1_32' title="bbox 2023 1833 3541 1907; baseline 0.001 -18"><span class='ocrx_word' id='word_1_225' title='bbox 2023 1833 2128 1905; x_wconf 81' lang='lat'><strong>57</strong></span> <span class='ocrx_word' id='word_1_226' title='bbox 2187 1835 2314 1890; x_wconf 89' lang='lat' dir='ltr'><strong>Tria</strong></span> <span class='ocrx_word' id='word_1_227' title='bbox 2366 1847 2546 1892; x_wconf 89' lang='lat' dir='ltr'><strong>autem</strong></span> <span class='ocrx_word' id='word_1_228' title='bbox 2597 1846 2729 1893; x_wconf 89' lang='lat' dir='ltr'><strong>sunt</strong></span> <span class='ocrx_word' id='word_1_229' title='bbox 2803 1837 3090 1907; x_wconf 87' lang='lat' dir='ltr'><strong>qualitatis</strong></span> <span class='ocrx_word' id='word_1_230' title='bbox 3160 1835 3381 1906; x_wconf 83' lang='lat' dir='ltr'><strong>propria</strong></span> <span class='ocrx_word' id='word_1_231' title='bbox 3445 1849 3541 1890; x_wconf 84' lang='lat' dir='ltr'><strong>seu</strong></span> 
     </span>
    </p>
   </div>
   <div class='ocr_carea' id='block_1_33' title="bbox 271 1932 1850 2012">
    <p class='ocr_par' dir='ltr' id='par_1_33' title="bbox 271 1932 1850 2012">
     <span class='ocr_line' id='line_1_33' title="bbox 271 1932 1850 2012; baseline 0.007 -28"><span class='ocrx_word' id='word_1_232' title='bbox 271 1932 716 2004; x_wconf 80' lang='grc' dir='ltr'>ακολουθήματα.</span> <span class='ocrx_word' id='word_1_233' title='bbox 753 1936 998 2007; x_wconf 85' lang='grc' dir='ltr'>Πρῶτον,</span> <span class='ocrx_word' id='word_1_234' title='bbox 1028 1939 1089 1992; x_wconf 82' lang='grc' dir='ltr'><strong>τὸ</strong></span> <span class='ocrx_word' id='word_1_235' title='bbox 1120 1939 1469 2010; x_wconf 74' lang='grc' dir='ltr'>ἐναντιότητα</span> <span class='ocrx_word' id='word_1_236' title='bbox 1493 1942 1850 2012; x_wconf 78' lang='grc' dir='ltr'>ἐπιδέχεσθαι.</span> 
     </span>
    </p>
   </div>
   <div class='ocr_carea' id='block_1_34' title="bbox 1959 1931 3544 1999">
    <p class='ocr_par' dir='ltr' id='par_1_34' title="bbox 1959 1931 3544 1999">
     <span class='ocr_line' id='line_1_34' title="bbox 1959 1931 3544 1999; baseline -0.002 -15"><span class='ocrx_word' id='word_1_237' title='bbox 1959 1932 2326 1985; x_wconf 88' lang='lat' dir='ltr'><strong>consectaria.</strong></span> <span class='ocrx_word' id='word_1_238' title='bbox 2352 1931 2624 1996; x_wconf 87' lang='lat' dir='ltr'><strong>Primum,</strong></span> <span class='ocrx_word' id='word_1_239' title='bbox 2661 1941 2718 1988; x_wconf 90' lang='lat' dir='ltr'><strong>ut</strong></span> <span class='ocrx_word' id='word_1_240' title='bbox 2769 1933 3220 1988; x_wconf 86' lang='lat' dir='ltr'><strong>contrarietatem</strong></span> <span class='ocrx_word' id='word_1_241' title='bbox 3274 1931 3544 1999; x_wconf 86' lang='lat' dir='ltr'><strong>recipiat;</strong></span> 
     </span>
    </p>
   </div>
   <div class='ocr_carea' id='block_1_35' title="bbox 273 2023 1866 2104">
    <p class='ocr_par' dir='ltr' id='par_1_35' title="bbox 273 2026 1858 2104">
     <span class='ocr_line' id='line_1_35' title="bbox 273 2026 1858 2104; baseline 0.006 -26"><span class='ocrx_word' id='word_1_242' title='bbox 273 2026 354 2079; x_wconf 87' lang='grc' dir='ltr'><strong>Τὸ</strong></span> <span class='ocrx_word' id='word_1_243' title='bbox 392 2027 502 2098; x_wconf 82' lang='grc' dir='ltr'>γὰρ</span> <span class='ocrx_word' id='word_1_244' title='bbox 530 2027 732 2099; x_wconf 79' lang='grc' dir='ltr'>θερμὸν</span> <span class='ocrx_word' id='word_1_245' title='bbox 762 2031 1006 2085; x_wconf 79' lang='grc' dir='ltr'>ἐναντίον</span> <span class='ocrx_word' id='word_1_246' title='bbox 1052 2031 1130 2103; x_wconf 85' lang='grc' dir='ltr'>τῷ</span> <span class='ocrx_word' id='word_1_247' title='bbox 1162 2031 1390 2104; x_wconf 80' lang='grc' dir='ltr'><strong>ψυχρῷ,</strong></span> <span class='ocrx_word' id='word_1_248' title='bbox 1438 2034 1534 2087; x_wconf 78' lang='grc' dir='ltr'><strong>καὶ</strong></span> <span class='ocrx_word' id='word_1_249' title='bbox 1575 2035 1635 2087; x_wconf 77' lang='grc' dir='ltr'>τὸ</span> <span class='ocrx_word' id='word_1_250' title='bbox 1665 2035 1858 2089; x_wconf 78' lang='grc' dir='ltr'>λευκὸν</span> 
     </span>
    </p>
   </div>
   <div class='ocr_carea' id='block_1_36' title="bbox 1974 2023 3546 2104">
    <p class='ocr_par' dir='ltr' id='par_1_36' title="bbox 1974 2023 3546 2097">
     <span class='ocr_line' id='line_1_36' title="bbox 1974 2023 3546 2097; baseline -0.002 -22"><span class='ocrx_word' id='word_1_251' title='bbox 1974 2024 2162 2094; x_wconf 76' lang='grc' dir='ltr'>ιιιὶρρθ</span> <span class='ocrx_word' id='word_1_252' title='bbox 2189 2025 2430 2078; x_wconf 87' lang='lat' dir='ltr'><strong>calidum</strong></span> <span class='ocrx_word' id='word_1_253' title='bbox 2485 2025 2688 2097; x_wconf 81' lang='lat' dir='ltr'><strong>frigido</strong></span> <span class='ocrx_word' id='word_1_254' title='bbox 2727 2025 3068 2080; x_wconf 88' lang='lat' dir='ltr'><strong>contrarium</strong></span> <span class='ocrx_word' id='word_1_255' title='bbox 3117 2031 3223 2088; x_wconf 89' lang='lat' dir='ltr'><strong>est,</strong></span> <span class='ocrx_word' id='word_1_256' title='bbox 3262 2031 3316 2076; x_wconf 91' lang='lat' dir='ltr'><strong>et</strong></span> <span class='ocrx_word' id='word_1_257' title='bbox 3364 2023 3546 2075; x_wconf 88' lang='lat' dir='ltr'><strong>album</strong></span> 
     </span>
    </p>
   </div>
   <div class='ocr_carea' id='block_1_37' title="bbox 273 2117 1860 2194">
    <p class='ocr_par' dir='ltr' id='par_1_37' title="bbox 273 2117 1860 2194">
     <span class='ocr_line' id='line_1_37' title="bbox 273 2117 1860 2194; baseline 0.005 -25"><span class='ocrx_word' id='word_1_258' title='bbox 273 2117 356 2186; x_wconf 84' lang='grc' dir='ltr'>τῷ</span> <span class='ocrx_word' id='word_1_259' title='bbox 385 2118 600 2188; x_wconf 83' lang='grc' dir='ltr'>μέλανι.</span> <span class='ocrx_word' id='word_1_260' title='bbox 641 2118 941 2191; x_wconf 83' lang='grc' dir='ltr'>Δεύτερον,</span> <span class='ocrx_word' id='word_1_261' title='bbox 987 2122 1048 2176; x_wconf 87' lang='grc' dir='ltr'><strong>τὸ</strong></span> <span class='ocrx_word' id='word_1_262' title='bbox 1091 2123 1294 2193; x_wconf 80' lang='grc' dir='ltr'>μᾶλλον</span> <span class='ocrx_word' id='word_1_263' title='bbox 1343 2124 1437 2178; x_wconf 69' lang='grc' dir='ltr'>καὶ</span> <span class='ocrx_word' id='word_1_264' title='bbox 1477 2119 1640 2194; x_wconf 86' lang='grc' dir='ltr'>ἦττον</span> <span class='ocrx_word' id='word_1_265' title='bbox 1666 2141 1679 2154; x_wconf 90' lang='grc'><strong>·</strong></span> <span class='ocrx_word' id='word_1_266' title='bbox 1731 2124 1860 2177; x_wconf 76' lang='grc' dir='ltr'>ἔνθα</span> 
     </span>
    </p>
   </div>
   <div class='ocr_carea' id='block_1_38' title="bbox 273 2208 1860 2286">
    <p class='ocr_par' dir='ltr' id='par_1_38' title="bbox 273 2208 1860 2286">
     <span class='ocr_line' id='line_1_38' title="bbox 273 2208 1860 2286; baseline 0.006 -27"><span class='ocrx_word' id='word_1_267' title='bbox 273 2208 390 2280; x_wconf 79' lang='grc' dir='ltr'>γὰρ</span> <span class='ocrx_word' id='word_1_268' title='bbox 428 2211 742 2280; x_wconf 79' lang='grc' dir='ltr'>ἐναντιότης</span> <span class='ocrx_word' id='word_1_269' title='bbox 771 2213 921 2278; x_wconf 75' lang='grc' dir='ltr'>ἐστὶ,</span> <span class='ocrx_word' id='word_1_270' title='bbox 969 2214 1064 2266; x_wconf 75' lang='grc' dir='ltr'><strong>καὶ</strong></span> <span class='ocrx_word' id='word_1_271' title='bbox 1117 2213 1178 2266; x_wconf 83' lang='grc' dir='ltr'><strong>τὸ</strong></span> <span class='ocrx_word' id='word_1_272' title='bbox 1225 2213 1426 2284; x_wconf 78' lang='grc' dir='ltr'>μᾶλλον</span> <span class='ocrx_word' id='word_1_273' title='bbox 1467 2214 1560 2268; x_wconf 71' lang='grc' dir='ltr'><strong>καὶ</strong></span> <span class='ocrx_word' id='word_1_274' title='bbox 1609 2215 1670 2268; x_wconf 84' lang='grc' dir='ltr'><strong>τὸ</strong></span> <span class='ocrx_word' id='word_1_275' title='bbox 1697 2208 1860 2286; x_wconf 81' lang='grc' dir='ltr'>ἦττον</span> 
     </span>
    </p>
   </div>
   <div class='ocr_carea' id='block_1_39' title="bbox 277 2299 1864 2374">
    <p class='ocr_par' dir='ltr' id='par_1_39' title="bbox 277 2299 1864 2374">
     <span class='ocr_line' id='line_1_39' title="bbox 277 2299 1864 2374; baseline 0.005 -23"><span class='ocrx_word' id='word_1_276' title='bbox 277 2299 618 2370; x_wconf 80' lang='grc' dir='ltr'>εὑρίσκεται.</span> <span class='ocrx_word' id='word_1_277' title='bbox 667 2304 742 2358; x_wconf 88' lang='grc' dir='ltr'>Τὸ</span> <span class='ocrx_word' id='word_1_278' title='bbox 793 2305 850 2357; x_wconf 82' lang='grc' dir='ltr'><strong>δὲ</strong></span> <span class='ocrx_word' id='word_1_279' title='bbox 894 2303 1095 2374; x_wconf 81' lang='grc' dir='ltr'>μᾶλλόν</span> <span class='ocrx_word' id='word_1_280' title='bbox 1149 2306 1296 2359; x_wconf 74' lang='grc' dir='ltr'>ἐστιν</span> <span class='ocrx_word' id='word_1_281' title='bbox 1335 2305 1586 2369; x_wconf 73' lang='grc' dir='ltr'>ἐπίτασις</span> <span class='ocrx_word' id='word_1_282' title='bbox 1619 2347 1633 2368; x_wconf 92' lang='grc'><strong>,</strong></span> <span class='ocrx_word' id='word_1_283' title='bbox 1671 2307 1765 2359; x_wconf 76' lang='grc' dir='ltr'><strong>καὶ</strong></span> <span class='ocrx_word' id='word_1_284' title='bbox 1803 2306 1864 2359; x_wconf 80' lang='grc' dir='ltr'><strong>τὸ</strong></span> 
     </span>
    </p>
   </div>
   <div class='ocr_carea' id='block_1_40' title="bbox 275 2388 1863 2466">
    <p class='ocr_par' dir='ltr' id='par_1_40' title="bbox 275 2388 1863 2466">
     <span class='ocr_line' id='line_1_40' title="bbox 275 2388 1863 2466; baseline 0.004 -21"><span class='ocrx_word' id='word_1_285' title='bbox 275 2388 446 2463; x_wconf 81' lang='grc' dir='ltr'>ἦττον</span> <span class='ocrx_word' id='word_1_286' title='bbox 475 2394 686 2464; x_wconf 78' lang='grc' dir='ltr'>ὕφεσις.</span> <span class='ocrx_word' id='word_1_287' title='bbox 726 2395 1032 2466; x_wconf 85' lang='grc' dir='ltr'>Ἐνδέχεται</span> <span class='ocrx_word' id='word_1_288' title='bbox 1079 2391 1172 2450; x_wconf 79' lang='grc' dir='ltr'><strong>οὖν</strong></span> <span class='ocrx_word' id='word_1_289' title='bbox 1207 2399 1386 2451; x_wconf 74' lang='grc' dir='ltr'>εἰπεῖν</span> <span class='ocrx_word' id='word_1_290' title='bbox 1411 2437 1426 2460; x_wconf 89' lang='grc'><strong>,</strong></span> <span class='ocrx_word' id='word_1_291' title='bbox 1457 2398 1577 2451; x_wconf 85' lang='grc' dir='ltr'>τόδε</span> <span class='ocrx_word' id='word_1_292' title='bbox 1611 2398 1674 2451; x_wconf 78' lang='grc' dir='ltr'><strong>τὸ</strong></span> <span class='ocrx_word' id='word_1_293' title='bbox 1725 2394 1863 2463; x_wconf 83' lang='grc' dir='ltr'>εἶδος</span> 
     </span>
    </p>
   </div>
   <div class='ocr_carea' id='block_1_41' title="bbox 283 2483 1864 2563">
    <p class='ocr_par' dir='ltr' id='par_1_41' title="bbox 283 2483 1864 2563">
     <span class='ocr_line' id='line_1_41' title="bbox 283 2483 1864 2563; baseline 0.006 -26"><span class='ocrx_word' id='word_1_294' title='bbox 283 2485 490 2555; x_wconf 74' lang='grc' dir='ltr'>μᾶλλον</span> <span class='ocrx_word' id='word_1_295' title='bbox 520 2485 674 2540; x_wconf 79' lang='grc' dir='ltr'>τοῦδε</span> <span class='ocrx_word' id='word_1_296' title='bbox 724 2487 917 2541; x_wconf 82' lang='grc' dir='ltr'>λευκὸν</span> <span class='ocrx_word' id='word_1_297' title='bbox 942 2530 958 2554; x_wconf 92' lang='grc'><strong>,</strong></span> <span class='ocrx_word' id='word_1_298' title='bbox 1013 2489 1106 2542; x_wconf 80' lang='grc' dir='ltr'><strong>καὶ</strong></span> <span class='ocrx_word' id='word_1_299' title='bbox 1160 2483 1323 2562; x_wconf 80' lang='grc' dir='ltr'>ἦττον</span> <span class='ocrx_word' id='word_1_300' title='bbox 1375 2491 1621 2563; x_wconf 76' lang='grc' dir='ltr'>ψυχρόν·</span> <span class='ocrx_word' id='word_1_301' title='bbox 1680 2493 1864 2563; x_wconf 85' lang='grc' dir='ltr'>τρίτον</span> 
     </span>
    </p>
   </div>
   <div class='ocr_carea' id='block_1_42' title="bbox 281 2574 1868 2648">
    <p class='ocr_par' dir='ltr' id='par_1_42' title="bbox 281 2574 1868 2648">
     <span class='ocr_line' id='line_1_42' title="bbox 281 2574 1868 2648; baseline 0.003 -20"><span class='ocrx_word' id='word_1_302' title='bbox 281 2574 793 2648; x_wconf 77' lang='grc' dir='ltr'>παρακολούθημα,</span> <span class='ocrx_word' id='word_1_303' title='bbox 850 2577 912 2631; x_wconf 83' lang='grc' dir='ltr'><strong>τὸ</strong></span> <span class='ocrx_word' id='word_1_304' title='bbox 946 2582 1039 2632; x_wconf 76' lang='grc' dir='ltr'>καὶ</span> <span class='ocrx_word' id='word_1_305' title='bbox 1087 2579 1364 2634; x_wconf 72' lang='grc' dir='ltr'>ἰδιώτατον</span> <span class='ocrx_word' id='word_1_306' title='bbox 1409 2581 1504 2633; x_wconf 80' lang='grc' dir='ltr'>τοῦ</span> <span class='ocrx_word' id='word_1_307' title='bbox 1557 2581 1712 2636; x_wconf 76' lang='grc' dir='ltr'>ποιοῦ</span> <span class='ocrx_word' id='word_1_308' title='bbox 1740 2621 1754 2645; x_wconf 87' lang='grc'><strong>,</strong></span> <span class='ocrx_word' id='word_1_309' title='bbox 1805 2581 1868 2634; x_wconf 76' lang='grc' dir='ltr'>τὸ</span> 
     </span>
    </p>
   </div>
   <div class='ocr_carea' id='block_1_43' title="bbox 280 2669 1868 2746">
    <p class='ocr_par' dir='ltr' id='par_1_43' title="bbox 280 2669 1868 2746">
     <span class='ocr_line' id='line_1_43' title="bbox 280 2669 1868 2746; baseline 0.004 -24"><span class='ocrx_word' id='word_1_310' title='bbox 280 2671 472 2738; x_wconf 81' lang='grc' dir='ltr'>ὅμοιον</span> <span class='ocrx_word' id='word_1_311' title='bbox 497 2670 592 2722; x_wconf 80' lang='grc' dir='ltr'>καὶ</span> <span class='ocrx_word' id='word_1_312' title='bbox 629 2669 902 2741; x_wconf 81' lang='grc' dir='ltr'>ἀνόμοιον.</span> <span class='ocrx_word' id='word_1_313' title='bbox 932 2673 1026 2724; x_wconf 83' lang='grc' dir='ltr'>Δεῖ</span> <span class='ocrx_word' id='word_1_314' title='bbox 1054 2671 1110 2724; x_wconf 79' lang='grc' dir='ltr'><strong>δὲ</strong></span> <span class='ocrx_word' id='word_1_315' title='bbox 1137 2671 1450 2742; x_wconf 84' lang='grc' dir='ltr'>γινώσκειν,</span> <span class='ocrx_word' id='word_1_316' title='bbox 1478 2674 1560 2726; x_wconf 83' lang='grc' dir='ltr'>ὅτι</span> <span class='ocrx_word' id='word_1_317' title='bbox 1587 2675 1650 2728; x_wconf 87' lang='grc' dir='ltr'><strong>τὸ</strong></span> <span class='ocrx_word' id='word_1_318' title='bbox 1684 2675 1868 2746; x_wconf 80' lang='grc' dir='ltr'>σχῆμα</span> 
     </span>
    </p>
   </div>
   <div class='ocr_carea' id='block_1_44' title="bbox 281 2761 826 2831">
    <p class='ocr_par' dir='ltr' id='par_1_44' title="bbox 281 2761 826 2831">
     <span class='ocr_line' id='line_1_44' title="bbox 281 2761 826 2831; baseline 0 -15"><span class='ocrx_word' id='word_1_319' title='bbox 281 2763 388 2816; x_wconf 80' lang='grc' dir='ltr'><strong>οὐκ</strong></span> <span class='ocrx_word' id='word_1_320' title='bbox 422 2761 535 2831; x_wconf 77' lang='grc' dir='ltr'><strong>ἔχει</strong></span> <span class='ocrx_word' id='word_1_321' title='bbox 565 2762 826 2816; x_wconf 81' lang='grc' dir='ltr'>ἐναντίον.</span> 
     </span>
    </p>
   </div>
   <div class='ocr_carea' id='block_1_45' title="bbox 358 2850 1872 2929">
    <p class='ocr_par' dir='ltr' id='par_1_45' title="bbox 358 2850 1872 2929">
     <span class='ocr_line' id='line_1_45' title="bbox 358 2850 1872 2929; baseline 0.005 -24"><span class='ocrx_word' id='word_1_322' title='bbox 358 2850 507 2924; x_wconf 84' lang='grc' dir='ltr'><strong>[Χρὴ</strong></span> <span class='ocrx_word' id='word_1_323' title='bbox 535 2852 826 2922; x_wconf 83' lang='grc' dir='ltr'>γινώσκειν</span> <span class='ocrx_word' id='word_1_324' title='bbox 851 2865 899 2920; x_wconf 75' lang='grc' dir='ltr'>ο,</span> <span class='ocrx_word' id='word_1_325' title='bbox 928 2855 1011 2909; x_wconf 84' lang='grc' dir='ltr'>ὅτι</span> <span class='ocrx_word' id='word_1_326' title='bbox 1040 2856 1102 2910; x_wconf 83' lang='grc' dir='ltr'><strong>οὐ</strong></span> <span class='ocrx_word' id='word_1_327' title='bbox 1135 2857 1304 2911; x_wconf 80' lang='grc' dir='ltr'>πᾶσαι</span> <span class='ocrx_word' id='word_1_328' title='bbox 1331 2857 1389 2912; x_wconf 80' lang='grc' dir='ltr'>αἱ</span> <span class='ocrx_word' id='word_1_329' title='bbox 1426 2858 1712 2929; x_wconf 82' lang='grc' dir='ltr'>στερήσεις</span> <span class='ocrx_word' id='word_1_330' title='bbox 1733 2858 1872 2912; x_wconf 84' lang='grc' dir='ltr'>ἀπο-</span> 
     </span>
    </p>
   </div>
   <div class='ocr_carea' id='block_1_46' title="bbox 285 2943 1874 3021">
    <p class='ocr_par' dir='ltr' id='par_1_46' title="bbox 285 2943 1874 3021">
     <span class='ocr_line' id='line_1_46' title="bbox 285 2943 1874 3021; baseline 0.006 -26"><span class='ocrx_word' id='word_1_331' title='bbox 285 2944 540 3012; x_wconf 81' lang='grc' dir='ltr'>φατικῶς</span> <span class='ocrx_word' id='word_1_332' title='bbox 591 2943 840 3012; x_wconf 76' lang='grc' dir='ltr'>λέγονται</span> <span class='ocrx_word' id='word_1_333' title='bbox 867 2961 883 2976; x_wconf 82' lang='lat'><strong><em>‘</em></strong></span> <span class='ocrx_word' id='word_1_334' title='bbox 927 2945 1066 3002; x_wconf 80' lang='grc' dir='ltr'>ἀλλὰ</span> <span class='ocrx_word' id='word_1_335' title='bbox 1102 2950 1197 3001; x_wconf 72' lang='grc' dir='ltr'>καὶ</span> <span class='ocrx_word' id='word_1_336' title='bbox 1245 2949 1533 3021; x_wconf 86' lang='grc' dir='ltr'>στερήσεις</span> <span class='ocrx_word' id='word_1_337' title='bbox 1575 2950 1681 3003; x_wconf 65' lang='lat' dir='ltr'><strong>sisi.</strong></span> <span class='ocrx_word' id='word_1_338' title='bbox 1713 2967 1874 3004; x_wconf 85' lang='grc' dir='ltr'>κατα-</span> 
     </span>
    </p>
   </div>
   <div class='ocr_carea' id='block_1_47' title="bbox 286 3034 1874 3112">
    <p class='ocr_par' dir='ltr' id='par_1_47' title="bbox 286 3034 1874 3112">
     <span class='ocr_line' id='line_1_47' title="bbox 286 3034 1874 3112; baseline 0.004 -25"><span class='ocrx_word' id='word_1_339' title='bbox 286 3035 537 3104; x_wconf 82' lang='grc' dir='ltr'>φατικῶς</span> <span class='ocrx_word' id='word_1_340' title='bbox 569 3034 880 3107; x_wconf 84' lang='grc' dir='ltr'>λεγόμεναι,</span> <span class='ocrx_word' id='word_1_341' title='bbox 908 3037 984 3103; x_wconf 86' lang='grc' dir='ltr'><strong>ώς</strong></span> <span class='ocrx_word' id='word_1_342' title='bbox 1007 3039 1276 3110; x_wconf 83' lang='grc' dir='ltr'>τυφλότης</span> <span class='ocrx_word' id='word_1_343' title='bbox 1312 3042 1407 3095; x_wconf 75' lang='grc' dir='ltr'>καὶ</span> <span class='ocrx_word' id='word_1_344' title='bbox 1436 3041 1730 3112; x_wconf 84' lang='grc' dir='ltr'>κουφότης.</span> <span class='ocrx_word' id='word_1_345' title='bbox 1761 3041 1874 3095; x_wconf 76' lang='grc' dir='ltr'><strong>Καὶ</strong></span> 
     </span>
    </p>
   </div>
   <div class='ocr_carea' id='block_1_48' title="bbox 286 3124 1874 3202">
    <p class='ocr_par' dir='ltr' id='par_1_48' title="bbox 286 3124 1874 3202">
     <span class='ocr_line' id='line_1_48' title="bbox 286 3124 1874 3202; baseline 0.004 -22"><span class='ocrx_word' id='word_1_346' title='bbox 286 3125 458 3180; x_wconf 77' lang='grc' dir='ltr'>πάλιν</span> <span class='ocrx_word' id='word_1_347' title='bbox 478 3143 493 3157; x_wconf 87' lang='grc'><strong>·</strong></span> <span class='ocrx_word' id='word_1_348' title='bbox 525 3127 587 3179; x_wconf 76' lang='grc' dir='ltr'>οὐ</span> <span class='ocrx_word' id='word_1_349' title='bbox 618 3128 725 3181; x_wconf 81' lang='grc' dir='ltr'>πᾶν</span> <span class='ocrx_word' id='word_1_350' title='bbox 761 3124 902 3192; x_wconf 78' lang='grc' dir='ltr'>εἶδος</span> <span class='ocrx_word' id='word_1_351' title='bbox 944 3133 1333 3200; x_wconf 84' lang='grc' dir='ltr'>καταφατικῶς</span> <span class='ocrx_word' id='word_1_352' title='bbox 1359 3132 1706 3202; x_wconf 79' lang='grc' dir='ltr'>ὀνομάζεται,</span> <span class='ocrx_word' id='word_1_353' title='bbox 1738 3132 1874 3186; x_wconf 83' lang='grc' dir='ltr'>ἀλλὰ</span> 
     </span>
    </p>
   </div>
   <div class='ocr_carea' id='block_1_49' title="bbox 286 3217 1874 3292">
    <p class='ocr_par' dir='ltr' id='par_1_49' title="bbox 286 3217 1874 3292">
     <span class='ocr_line' id='line_1_49' title="bbox 286 3217 1874 3292; baseline 0.003 -20"><span class='ocrx_word' id='word_1_354' title='bbox 286 3217 390 3272; x_wconf 78' lang='grc' dir='ltr'>καὶ</span> <span class='ocrx_word' id='word_1_355' title='bbox 413 3219 773 3285; x_wconf 80' lang='grc' dir='ltr'>ἀποφατικῶς</span> <span class='ocrx_word' id='word_1_356' title='bbox 794 3238 809 3250; x_wconf 89' lang='grc'><strong>·</strong></span> <span class='ocrx_word' id='word_1_357' title='bbox 841 3219 1030 3292; x_wconf 84' lang='grc' dir='ltr'>ὥσπερ</span> <span class='ocrx_word' id='word_1_358' title='bbox 1080 3223 1113 3292; x_wconf 87' lang='grc' dir='ltr'><strong>ή</strong></span> <span class='ocrx_word' id='word_1_359' title='bbox 1159 3221 1426 3276; x_wconf 79' lang='grc' dir='ltr'>ἀκολασία</span> <span class='ocrx_word' id='word_1_360' title='bbox 1457 3218 1596 3286; x_wconf 71' lang='grc' dir='ltr'>εἶδος</span> <span class='ocrx_word' id='word_1_361' title='bbox 1625 3218 1782 3288; x_wconf 80' lang='grc' dir='ltr'>οὖσα,</span> <span class='ocrx_word' id='word_1_362' title='bbox 1813 3223 1874 3276; x_wconf 81' lang='grc' dir='ltr'>οὐ</span> 
     </span>
    </p>
   </div>
   <div class='ocr_carea' id='block_1_50' title="bbox 289 3311 1882 3387">
    <p class='ocr_par' dir='ltr' id='par_1_50' title="bbox 289 3311 1882 3387">
     <span class='ocr_line' id='line_1_50' title="bbox 289 3311 1882 3387; baseline 0.003 -23"><span class='ocrx_word' id='word_1_363' title='bbox 289 3311 715 3378; x_wconf 82' lang='grc' dir='ltr'>καταφατικῶς,</span> <span class='ocrx_word' id='word_1_364' title='bbox 758 3311 875 3366; x_wconf 83' lang='grc' dir='ltr'>ἀλλ’</span> <span class='ocrx_word' id='word_1_365' title='bbox 911 3313 1272 3382; x_wconf 81' lang='grc' dir='ltr'>ἀποφατικῶς</span> <span class='ocrx_word' id='word_1_366' title='bbox 1313 3314 1631 3387; x_wconf 85' lang='grc' dir='ltr'>ὠνομάσθη.</span> <span class='ocrx_word' id='word_1_367' title='bbox 1681 3315 1746 3368; x_wconf 85' lang='grc' dir='ltr'><strong>Ἦ</strong></span> <span class='ocrx_word' id='word_1_368' title='bbox 1773 3315 1882 3386; x_wconf 75' lang='grc' dir='ltr'>γὰρ</span> 
     </span>
    </p>
   </div>
   <div class='ocr_carea' id='block_1_51' title="bbox 288 3401 1881 3474">
    <p class='ocr_par' dir='ltr' id='par_1_51' title="bbox 288 3401 1881 3474">
     <span class='ocr_line' id='line_1_51' title="bbox 288 3401 1881 3474; baseline 0.004 -19"><span class='ocrx_word' id='word_1_369' title='bbox 288 3401 594 3466; x_wconf 85' lang='grc' dir='ltr'>κατάθεσις</span> <span class='ocrx_word' id='word_1_370' title='bbox 642 3405 952 3474; x_wconf 83' lang='grc' dir='ltr'>κατάφασις</span> <span class='ocrx_word' id='word_1_371' title='bbox 1009 3405 1231 3474; x_wconf 79' lang='grc' dir='ltr'>λέγεται</span> <span class='ocrx_word' id='word_1_372' title='bbox 1257 3422 1270 3435; x_wconf 82' lang='lat'><strong><em>°</em></strong></span> <span class='ocrx_word' id='word_1_373' title='bbox 1319 3404 1467 3472; x_wconf 77' lang='grc' dir='ltr'>οἷον,</span> <span class='ocrx_word' id='word_1_374' title='bbox 1513 3407 1677 3472; x_wconf 85' lang='grc' dir='ltr'>καλός</span> <span class='ocrx_word' id='word_1_375' title='bbox 1714 3410 1881 3461; x_wconf 75' lang='grc' dir='ltr'>ἐστιν.</span> 
     </span>
    </p>
   </div>
   <div class='ocr_carea' id='block_1_52' title="bbox 305 3491 1884 3566">
    <p class='ocr_par' dir='ltr' id='par_1_52' title="bbox 305 3491 1884 3566">
     <span class='ocr_line' id='line_1_52' title="bbox 305 3491 1884 3566; baseline 0.004 -21"><span class='ocrx_word' id='word_1_376' title='bbox 305 3491 376 3544; x_wconf 81' lang='grc' dir='ltr'><strong>Ἦ</strong></span> <span class='ocrx_word' id='word_1_377' title='bbox 407 3491 466 3546; x_wconf 86' lang='grc' dir='ltr'><strong>δὲ</strong></span> <span class='ocrx_word' id='word_1_378' title='bbox 495 3494 725 3566; x_wconf 80' lang='grc' dir='ltr'>ἄρνησις</span> <span class='ocrx_word' id='word_1_379' title='bbox 745 3539 760 3559; x_wconf 86' lang='grc'><strong>,</strong></span> <span class='ocrx_word' id='word_1_380' title='bbox 811 3497 1086 3566; x_wconf 79' lang='grc' dir='ltr'>ἀπόφασις</span> <span class='ocrx_word' id='word_1_381' title='bbox 1109 3515 1122 3527; x_wconf 82' lang='grc'><em>’</em></span> <span class='ocrx_word' id='word_1_382' title='bbox 1177 3493 1289 3552; x_wconf 74' lang='grc' dir='ltr'>οἷον</span> <span class='ocrx_word' id='word_1_383' title='bbox 1315 3539 1330 3563; x_wconf 93' lang='grc'><strong>,</strong></span> <span class='ocrx_word' id='word_1_384' title='bbox 1383 3499 1485 3552; x_wconf 76' lang='grc' dir='ltr'><strong>οὐκ</strong></span> <span class='ocrx_word' id='word_1_385' title='bbox 1535 3498 1652 3552; x_wconf 74' lang='grc' dir='ltr'>ἐστι</span> <span class='ocrx_word' id='word_1_386' title='bbox 1681 3498 1846 3562; x_wconf 83' lang='grc' dir='ltr'>καλός</span> <span class='ocrx_word' id='word_1_387' title='bbox 1869 3513 1884 3529; x_wconf 89' lang='grc'><strong>·</strong></span> 
     </span>
    </p>
   </div>
   <div class='ocr_carea' id='block_1_53' title="bbox 291 3585 1886 3662">
    <p class='ocr_par' dir='ltr' id='par_1_53' title="bbox 291 3585 1886 3662">
     <span class='ocr_line' id='line_1_53' title="bbox 291 3585 1886 3662; baseline 0.003 -24"><span class='ocrx_word' id='word_1_388' title='bbox 291 3585 390 3638; x_wconf 80' lang='grc' dir='ltr'>ὅτε</span> <span class='ocrx_word' id='word_1_389' title='bbox 423 3585 482 3638; x_wconf 78' lang='grc' dir='ltr'><strong>δὲ</strong></span> <span class='ocrx_word' id='word_1_390' title='bbox 511 3586 744 3659; x_wconf 82' lang='grc' dir='ltr'>λέγομεν</span> <span class='ocrx_word' id='word_1_391' title='bbox 769 3588 991 3661; x_wconf 80' lang='grc' dir='ltr'>ἄνομος,</span> <span class='ocrx_word' id='word_1_392' title='bbox 1021 3590 1104 3655; x_wconf 84' lang='grc' dir='ltr'><strong>τὸ,</strong></span> <span class='ocrx_word' id='word_1_393' title='bbox 1133 3605 1194 3654; x_wconf 86' lang='grc' dir='ltr'><strong>α,</strong></span> <span class='ocrx_word' id='word_1_394' title='bbox 1225 3591 1454 3662; x_wconf 80' lang='grc' dir='ltr'>ἄρνησιν</span> <span class='ocrx_word' id='word_1_395' title='bbox 1503 3590 1781 3661; x_wconf 76' lang='grc' dir='ltr'>σημαίνει,</span> <span class='ocrx_word' id='word_1_396' title='bbox 1811 3589 1886 3653; x_wconf 86' lang='grc' dir='ltr'>ὼς</span> 
     </span>
    </p>
   </div>
   <div class='ocr_carea' id='block_1_54' title="bbox 290 3675 534 3749">
    <p class='ocr_par' dir='ltr' id='par_1_54' title="bbox 290 3675 534 3749">
     <span class='ocr_line' id='line_1_54' title="bbox 290 3675 534 3749; baseline 0 -17"><span class='ocrx_word' id='word_1_397' title='bbox 290 3677 382 3744; x_wconf 79' lang='grc' dir='ltr'><strong>τὺ,</strong></span> <span class='ocrx_word' id='word_1_398' title='bbox 414 3675 534 3749; x_wconf 87' lang='grc' dir='ltr'>οὐ.]</span> 
     </span>
    </p>
   </div>
   <div class='ocr_carea' id='block_1_55' title="bbox 374 3854 1886 3933">
    <p class='ocr_par' dir='ltr' id='par_1_55' title="bbox 374 3854 1886 3933">
     <span class='ocr_line' id='line_1_55' title="bbox 374 3854 1886 3933; baseline 0.007 -26"><span class='ocrx_word' id='word_1_399' title='bbox 374 3854 440 3908; x_wconf 82' lang='lat' dir='ltr'><strong>Ei</strong></span> <span class='ocrx_word' id='word_1_400' title='bbox 468 3855 526 3908; x_wconf 82' lang='grc' dir='ltr'><strong>δὲ</strong></span> <span class='ocrx_word' id='word_1_401' title='bbox 550 3855 766 3926; x_wconf 83' lang='grc' dir='ltr'>λέγεται</span> <span class='ocrx_word' id='word_1_402' title='bbox 815 3858 933 3911; x_wconf 86' lang='grc' dir='ltr'>τόδε</span> <span class='ocrx_word' id='word_1_403' title='bbox 971 3857 1034 3912; x_wconf 79' lang='grc' dir='ltr'><strong>τὸ</strong></span> <span class='ocrx_word' id='word_1_404' title='bbox 1073 3859 1265 3913; x_wconf 79' lang='grc' dir='ltr'>λευκὸν</span> <span class='ocrx_word' id='word_1_405' title='bbox 1303 3861 1420 3914; x_wconf 72' lang='grc' dir='ltr'>ἴσον</span> <span class='ocrx_word' id='word_1_406' title='bbox 1466 3855 1610 3915; x_wconf 73' lang='grc' dir='ltr'>εἶναι</span> <span class='ocrx_word' id='word_1_407' title='bbox 1642 3861 1777 3933; x_wconf 83' lang='grc' dir='ltr'>τῷδε</span> <span class='ocrx_word' id='word_1_408' title='bbox 1808 3863 1886 3933; x_wconf 85' lang='grc' dir='ltr'>τῷ</span> 
     </span>
    </p>
   </div>
   <div class='ocr_carea' id='block_1_56' title="bbox 295 3946 1886 4022">
    <p class='ocr_par' dir='ltr' id='par_1_56' title="bbox 295 3946 1886 4022">
     <span class='ocr_line' id='line_1_56' title="bbox 295 3946 1886 4022; baseline 0.005 -21"><span class='ocrx_word' id='word_1_409' title='bbox 295 3946 488 4018; x_wconf 77' lang='grc' dir='ltr'>λευκῷ</span> <span class='ocrx_word' id='word_1_410' title='bbox 510 3987 526 4013; x_wconf 96' lang='grc'><strong>,</strong></span> <span class='ocrx_word' id='word_1_411' title='bbox 554 3949 614 4001; x_wconf 82' lang='grc' dir='ltr'>οὐ</span> <span class='ocrx_word' id='word_1_412' title='bbox 654 3948 792 4002; x_wconf 84' lang='grc' dir='ltr'>καθὸ</span> <span class='ocrx_word' id='word_1_413' title='bbox 836 3951 1090 4022; x_wconf 84' lang='grc' dir='ltr'>ποιότης,</span> <span class='ocrx_word' id='word_1_414' title='bbox 1123 3952 1341 4021; x_wconf 81' lang='grc' dir='ltr'>λέγεται</span> <span class='ocrx_word' id='word_1_415' title='bbox 1390 3955 1504 4007; x_wconf 81' lang='grc' dir='ltr'>ίσον</span> <span class='ocrx_word' id='word_1_416' title='bbox 1543 3949 1684 4007; x_wconf 83' lang='grc' dir='ltr'>εἶναι</span> <span class='ocrx_word' id='word_1_417' title='bbox 1704 3997 1717 4019; x_wconf 90' lang='grc'><strong>,</strong></span> <span class='ocrx_word' id='word_1_418' title='bbox 1750 3956 1886 4009; x_wconf 83' lang='grc' dir='ltr'>ἀλλὰ</span> 
     </span>
    </p>
   </div>
   <div class='ocr_carea' id='block_1_57' title="bbox 1962 2111 3548 2189">
    <p class='ocr_par' dir='ltr' id='par_1_57' title="bbox 1962 2111 3548 2189">
     <span class='ocr_line' id='line_1_57' title="bbox 1962 2111 3548 2189; baseline -0.002 -21"><span class='ocrx_word' id='word_1_419' title='bbox 1962 2115 2144 2186; x_wconf 86' lang='lat' dir='ltr'><strong>nigro.</strong></span> <span class='ocrx_word' id='word_1_420' title='bbox 2166 2116 2513 2183; x_wconf 89' lang='lat' dir='ltr'><strong>Secundum,</strong></span> <span class='ocrx_word' id='word_1_421' title='bbox 2551 2127 2604 2172; x_wconf 90' lang='lat' dir='ltr'><strong>ut</strong></span> <span class='ocrx_word' id='word_1_422' title='bbox 2634 2118 2815 2189; x_wconf 87' lang='lat' dir='ltr'><strong>magis</strong></span> <span class='ocrx_word' id='word_1_423' title='bbox 2842 2131 2905 2171; x_wconf 88' lang='lat' dir='ltr'><strong>ac</strong></span> <span class='ocrx_word' id='word_1_424' title='bbox 2930 2116 3113 2172; x_wconf 90' lang='lat' dir='ltr'><strong>minus</strong></span> <span class='ocrx_word' id='word_1_425' title='bbox 3138 2115 3412 2170; x_wconf 85' lang='lat' dir='ltr'><strong>admittat.</strong></span> <span class='ocrx_word' id='word_1_426' title='bbox 3445 2111 3548 2167; x_wconf 88' lang='lat' dir='ltr'><strong>Ubi</strong></span> 
     </span>
    </p>
   </div>
   <div class='ocr_carea' id='block_1_58' title="bbox 1964 2206 3550 2279">
    <p class='ocr_par' dir='ltr' id='par_1_58' title="bbox 1964 2206 3550 2279">
     <span class='ocr_line' id='line_1_58' title="bbox 1964 2206 3550 2279; baseline -0.001 -17"><span class='ocrx_word' id='word_1_427' title='bbox 1964 2208 2432 2264; x_wconf 66' lang='lat' dir='ltr'><strong>enim‘eontraria</strong></span> <span class='ocrx_word' id='word_1_428' title='bbox 2476 2219 2644 2276; x_wconf 90' lang='lat' dir='ltr'><strong>sunt,</strong></span> <span class='ocrx_word' id='word_1_429' title='bbox 2695 2211 2809 2264; x_wconf 89' lang='lat' dir='ltr'><strong>illic</strong></span> <span class='ocrx_word' id='word_1_430' title='bbox 2842 2210 3004 2264; x_wconf 87' lang='lat' dir='ltr'><strong>etiam</strong></span> <span class='ocrx_word' id='word_1_431' title='bbox 3044 2208 3219 2279; x_wconf 86' lang='lat' dir='ltr'><strong>magis</strong></span> <span class='ocrx_word' id='word_1_432' title='bbox 3254 2223 3319 2263; x_wconf 89' lang='lat' dir='ltr'><strong>ac</strong></span> <span class='ocrx_word' id='word_1_433' title='bbox 3367 2206 3550 2261; x_wconf 87' lang='lat' dir='ltr'><strong>minus</strong></span> 
     </span>
    </p>
   </div>
   <div class='ocr_carea' id='block_1_59' title="bbox 1963 2301 3551 2372">
    <p class='ocr_par' dir='ltr' id='par_1_59' title="bbox 1963 2301 3551 2372">
     <span class='ocr_line' id='line_1_59' title="bbox 1963 2301 3551 2372; baseline 0 -19"><span class='ocrx_word' id='word_1_434' title='bbox 1963 2301 2268 2369; x_wconf 86' lang='lat' dir='ltr'><strong>reperitur.</strong></span> <span class='ocrx_word' id='word_1_435' title='bbox 2325 2301 2498 2371; x_wconf 79' lang='lat' dir='ltr'><strong>Magis</strong></span> <span class='ocrx_word' id='word_1_436' title='bbox 2547 2318 2732 2372; x_wconf 88' lang='lat' dir='ltr'><strong>porro,</strong></span> <span class='ocrx_word' id='word_1_437' title='bbox 2783 2303 3185 2367; x_wconf 83' lang='lat' dir='ltr'><strong>intentionem;</strong></span> <span class='ocrx_word' id='word_1_438' title='bbox 3229 2301 3412 2353; x_wconf 89' lang='lat' dir='ltr'><strong>minus</strong></span> <span class='ocrx_word' id='word_1_439' title='bbox 3463 2313 3551 2353; x_wconf 85' lang='lat' dir='ltr'><strong>re-</strong></span> 
     </span>
    </p>
   </div>
   <div class='ocr_carea' id='block_1_60' title="bbox 1965 2391 3549 2464">
    <p class='ocr_par' dir='ltr' id='par_1_60' title="bbox 1965 2391 3549 2464">
     <span class='ocr_line' id='line_1_60' title="bbox 1965 2391 3549 2464; baseline -0.001 -18"><span class='ocrx_word' id='word_1_440' title='bbox 1965 2391 2286 2447; x_wconf 90' lang='lat' dir='ltr'><strong>missionem</strong></span> <span class='ocrx_word' id='word_1_441' title='bbox 2337 2394 2636 2463; x_wconf 85' lang='lat' dir='ltr'><strong>signilicat.</strong></span> <span class='ocrx_word' id='word_1_442' title='bbox 2700 2393 2895 2464; x_wconf 88' lang='lat' dir='ltr'><strong>Itaque</strong></span> <span class='ocrx_word' id='word_1_443' title='bbox 2951 2408 3251 2463; x_wconf 85' lang='lat' dir='ltr'><strong>possumus</strong></span> <span class='ocrx_word' id='word_1_444' title='bbox 3326 2391 3549 2454; x_wconf 86' lang='lat' dir='ltr'><strong>dicere,</strong></span> 
     </span>
    </p>
   </div>
   <div class='ocr_carea' id='block_1_61' title="bbox 1966 2480 3550 2554">
    <p class='ocr_par' dir='ltr' id='par_1_61' title="bbox 1966 2480 3550 2554">
     <span class='ocr_line' id='line_1_61' title="bbox 1966 2480 3550 2554; baseline -0.002 -17"><span class='ocrx_word' id='word_1_445' title='bbox 1966 2483 2111 2538; x_wconf 80' lang='lat' dir='ltr'><strong>hanc</strong></span> <span class='ocrx_word' id='word_1_446' title='bbox 2144 2485 2385 2554; x_wconf 87' lang='lat' dir='ltr'><strong>speciem</strong></span> <span class='ocrx_word' id='word_1_447' title='bbox 2420 2485 2512 2539; x_wconf 90' lang='lat' dir='ltr'><strong>illa</strong></span> <span class='ocrx_word' id='word_1_448' title='bbox 2536 2485 2914 2541; x_wconf 89' lang='lat' dir='ltr'><strong>candidiorem</strong></span> <span class='ocrx_word' id='word_1_449' title='bbox 2951 2501 3098 2548; x_wconf 90' lang='lat' dir='ltr'><strong>esse,</strong></span> <span class='ocrx_word' id='word_1_450' title='bbox 3137 2491 3190 2539; x_wconf 92' lang='lat' dir='ltr'><strong>et</strong></span> <span class='ocrx_word' id='word_1_451' title='bbox 3224 2484 3408 2536; x_wconf 88' lang='lat' dir='ltr'><strong>minus</strong></span> <span class='ocrx_word' id='word_1_452' title='bbox 3452 2480 3550 2534; x_wconf 80' lang='lat' dir='ltr'><strong>fri-</strong></span> 
     </span>
    </p>
   </div>
   <div class='ocr_carea' id='block_1_62' title="bbox 1969 2573 3553 2647">
    <p class='ocr_par' dir='ltr' id='par_1_62' title="bbox 1969 2573 3553 2647">
     <span class='ocr_line' id='line_1_62' title="bbox 1969 2573 3553 2647; baseline -0.003 -19"><span class='ocrx_word' id='word_1_453' title='bbox 1969 2575 2170 2644; x_wconf 81' lang='lat' dir='ltr'><strong>gidam.</strong></span> <span class='ocrx_word' id='word_1_454' title='bbox 2209 2574 2458 2631; x_wconf 90' lang='lat' dir='ltr'><strong>Tertium</strong></span> <span class='ocrx_word' id='word_1_455' title='bbox 2501 2577 2791 2647; x_wconf 89' lang='lat' dir='ltr'><strong>qualitatis</strong></span> <span class='ocrx_word' id='word_1_456' title='bbox 2814 2577 3245 2640; x_wconf 86' lang='lat' dir='ltr'><strong>consectarium,</strong></span> <span class='ocrx_word' id='word_1_457' title='bbox 3281 2589 3343 2628; x_wconf 89' lang='lat' dir='ltr'><strong>ac</strong></span> <span class='ocrx_word' id='word_1_458' title='bbox 3378 2573 3553 2626; x_wconf 77' lang='lat' dir='ltr'><strong>maxi-</strong></span> 
     </span>
    </p>
   </div>
   <div class='ocr_carea' id='block_1_63' title="bbox 1969 2664 3548 2737">
    <p class='ocr_par' dir='ltr' id='par_1_63' title="bbox 1969 2664 3548 2737">
     <span class='ocr_line' id='line_1_63' title="bbox 1969 2664 3548 2737; baseline -0.004 -15"><span class='ocrx_word' id='word_1_459' title='bbox 1969 2682 2058 2722; x_wconf 88' lang='lat' dir='ltr'><strong>me</strong></span> <span class='ocrx_word' id='word_1_460' title='bbox 2090 2667 2396 2737; x_wconf 88' lang='lat' dir='ltr'><strong>proprium,</strong></span> <span class='ocrx_word' id='word_1_461' title='bbox 2435 2677 2519 2723; x_wconf 91' lang='lat' dir='ltr'><strong>est</strong></span> <span class='ocrx_word' id='word_1_462' title='bbox 2569 2667 2751 2724; x_wconf 89' lang='lat' dir='ltr'><strong>simile</strong></span> <span class='ocrx_word' id='word_1_463' title='bbox 2800 2683 2865 2722; x_wconf 89' lang='lat' dir='ltr'><strong>ac</strong></span> <span class='ocrx_word' id='word_1_464' title='bbox 2903 2667 3197 2722; x_wconf 86' lang='lat' dir='ltr'><strong>dissimile.</strong></span> <span class='ocrx_word' id='word_1_465' title='bbox 3247 2664 3548 2719; x_wconf 86' lang='lat' dir='ltr'><strong>Sciendum</strong></span> 
     </span>
    </p>
   </div>
   <div class='ocr_carea' id='block_1_64' title="bbox 1971 2759 3304 2830">
    <p class='ocr_par' dir='ltr' id='par_1_64' title="bbox 1971 2759 3304 2830">
     <span class='ocr_line' id='line_1_64' title="bbox 1971 2759 3304 2830; baseline -0.002 -16"><span class='ocrx_word' id='word_1_466' title='bbox 1971 2767 2057 2814; x_wconf 91' lang='lat' dir='ltr'><strong>est</strong></span> <span class='ocrx_word' id='word_1_467' title='bbox 2087 2767 2270 2814; x_wconf 87' lang='lat' dir='ltr'><strong>autem</strong></span> <span class='ocrx_word' id='word_1_468' title='bbox 2303 2761 2531 2830; x_wconf 74' lang='lat' dir='ltr'><strong>ligurum</strong></span> <span class='ocrx_word' id='word_1_469' title='bbox 2559 2776 2666 2816; x_wconf 90' lang='lat' dir='ltr'><strong>non</strong></span> <span class='ocrx_word' id='word_1_470' title='bbox 2703 2761 2906 2815; x_wconf 88' lang='lat' dir='ltr'><strong>habere</strong></span> <span class='ocrx_word' id='word_1_471' title='bbox 2941 2759 3304 2815; x_wconf 88' lang='lat' dir='ltr'><strong>contrarium.</strong></span> 
     </span>
    </p>
   </div>
   <div class='ocr_carea' id='block_1_65' title="bbox 2041 2849 3557 2922">
    <p class='ocr_par' dir='ltr' id='par_1_65' title="bbox 2041 2849 3557 2922">
     <span class='ocr_line' id='line_1_65' title="bbox 2041 2849 3557 2922; baseline 0 -18"><span class='ocrx_word' id='word_1_472' title='bbox 2041 2849 2203 2922; x_wconf 89' lang='lat' dir='ltr'><strong>[lllud</strong></span> <span class='ocrx_word' id='word_1_473' title='bbox 2251 2852 2574 2918; x_wconf 89' lang='lat' dir='ltr'><strong>notandum,</strong></span> <span class='ocrx_word' id='word_1_474' title='bbox 2627 2867 2738 2908; x_wconf 90' lang='lat' dir='ltr'><strong>non</strong></span> <span class='ocrx_word' id='word_1_475' title='bbox 2798 2867 2990 2907; x_wconf 90' lang='lat' dir='ltr'><strong>omnes</strong></span> <span class='ocrx_word' id='word_1_476' title='bbox 3060 2852 3399 2922; x_wconf 87' lang='lat' dir='ltr'><strong>privationes</strong></span> <span class='ocrx_word' id='word_1_477' title='bbox 3459 2865 3557 2920; x_wconf 85' lang='lat' dir='ltr'><strong>per</strong></span> 
     </span>
    </p>
   </div>
   <div class='ocr_carea' id='block_1_66' title="bbox 1973 2943 3554 3015">
    <p class='ocr_par' dir='ltr' id='par_1_66' title="bbox 1973 2943 3554 3015">
     <span class='ocr_line' id='line_1_66' title="bbox 1973 2943 3554 3015; baseline 0 -18"><span class='ocrx_word' id='word_1_478' title='bbox 1973 2943 2198 2998; x_wconf 88' lang='lat' dir='ltr'><strong>modum</strong></span> <span class='ocrx_word' id='word_1_479' title='bbox 2260 2945 2571 3015; x_wconf 82' lang='lat' dir='ltr'><strong>negationis</strong></span> <span class='ocrx_word' id='word_1_480' title='bbox 2623 2944 2770 3010; x_wconf 88' lang='lat' dir='ltr'><strong>dici;</strong></span> <span class='ocrx_word' id='word_1_481' title='bbox 2806 2959 2995 2998; x_wconf 92' lang='lat' dir='ltr'><strong>verum</strong></span> <span class='ocrx_word' id='word_1_482' title='bbox 3052 2958 3181 2998; x_wconf 91' lang='lat' dir='ltr'><strong>esse</strong></span> <span class='ocrx_word' id='word_1_483' title='bbox 3235 2943 3554 3008; x_wconf 85' lang='lat' dir='ltr'><strong>nonnullas,</strong></span> 
     </span>
    </p>
   </div>
   <div class='ocr_carea' id='block_1_67' title="bbox 1975 3035 3554 3106">
    <p class='ocr_par' dir='ltr' id='par_1_67' title="bbox 1975 3035 3554 3106">
     <span class='ocr_line' id='line_1_67' title="bbox 1975 3035 3554 3106; baseline -0.001 -15"><span class='ocrx_word' id='word_1_484' title='bbox 1975 3049 2095 3106; x_wconf 62' lang='lat' dir='ltr'><strong>quae</strong></span> <span class='ocrx_word' id='word_1_485' title='bbox 2115 3035 2480 3092; x_wconf 85' lang='lat' dir='ltr'><strong>ailirmatione</strong></span> <span class='ocrx_word' id='word_1_486' title='bbox 2516 3035 2842 3101; x_wconf 76' lang='lat' dir='ltr'><strong>eﬂ‘eruntur,</strong></span> <span class='ocrx_word' id='word_1_487' title='bbox 2875 3045 2936 3090; x_wconf 90' lang='lat' dir='ltr'><strong>ut</strong></span> <span class='ocrx_word' id='word_1_488' title='bbox 2958 3036 3175 3091; x_wconf 73' lang='lat' dir='ltr'><strong>czecitas</strong></span> <span class='ocrx_word' id='word_1_489' title='bbox 3200 3044 3254 3091; x_wconf 89' lang='lat' dir='ltr'><strong>et</strong></span> <span class='ocrx_word' id='word_1_490' title='bbox 3289 3035 3554 3090; x_wconf 86' lang='lat' dir='ltr'><strong>surditas.</strong></span> 
     </span>
    </p>
   </div>
   <div class='ocr_carea' id='block_1_68' title="bbox 1981 3127 3560 3200">
    <p class='ocr_par' dir='ltr' id='par_1_68' title="bbox 1981 3127 3560 3200">
     <span class='ocr_line' id='line_1_68' title="bbox 1981 3127 3560 3200; baseline 0.001 -19"><span class='ocrx_word' id='word_1_491' title='bbox 1981 3127 2248 3194; x_wconf 83' lang='lat' dir='ltr'><strong>Rursum,</strong></span> <span class='ocrx_word' id='word_1_492' title='bbox 2293 3145 2406 3184; x_wconf 90' lang='lat' dir='ltr'><strong>non</strong></span> <span class='ocrx_word' id='word_1_493' title='bbox 2456 3144 2674 3185; x_wconf 91' lang='lat' dir='ltr'><strong>omnem</strong></span> <span class='ocrx_word' id='word_1_494' title='bbox 2738 3131 2978 3200; x_wconf 86' lang='lat' dir='ltr'><strong>speciem</strong></span> <span class='ocrx_word' id='word_1_495' title='bbox 3037 3129 3341 3183; x_wconf 82' lang='lat' dir='ltr'><strong>allirmandi</strong></span> <span class='ocrx_word' id='word_1_496' title='bbox 3399 3128 3560 3182; x_wconf 92' lang='lat' dir='ltr'><strong>modo</strong></span> 
     </span>
    </p>
   </div>
   <div class='ocr_carea' id='block_1_69' title="bbox 1983 3221 3558 3294">
    <p class='ocr_par' dir='ltr' id='par_1_69' title="bbox 1983 3221 3558 3294">
     <span class='ocr_line' id='line_1_69' title="bbox 1983 3221 3558 3294; baseline -0.001 -19"><span class='ocrx_word' id='word_1_497' title='bbox 1983 3222 2240 3291; x_wconf 77' lang='lat' dir='ltr'><strong>proferri,</strong></span> <span class='ocrx_word' id='word_1_498' title='bbox 2301 3223 2395 3277; x_wconf 91' lang='lat' dir='ltr'><strong>sed</strong></span> <span class='ocrx_word' id='word_1_499' title='bbox 2445 3223 2611 3276; x_wconf 86' lang='lat' dir='ltr'><strong>etiam</strong></span> <span class='ocrx_word' id='word_1_500' title='bbox 2661 3223 2938 3294; x_wconf 84' lang='lat' dir='ltr'><strong>negandi;</strong></span> <span class='ocrx_word' id='word_1_501' title='bbox 2979 3231 3040 3278; x_wconf 91' lang='lat' dir='ltr'><strong>ut</strong></span> <span class='ocrx_word' id='word_1_502' title='bbox 3089 3221 3558 3291; x_wconf 85' lang='lat' dir='ltr'><strong>intemperantia,</strong></span> 
     </span>
    </p>
   </div>
   <div class='ocr_carea' id='block_1_70' title="bbox 1978 3313 3558 3388">
    <p class='ocr_par' dir='ltr' id='par_1_70' title="bbox 1978 3313 3558 3388">
     <span class='ocr_line' id='line_1_70' title="bbox 1978 3313 3558 3388; baseline -0.003 -16"><span class='ocrx_word' id='word_1_503' title='bbox 1978 3334 2100 3388; x_wconf 73' lang='lat' dir='ltr'><strong>qua:</strong></span> <span class='ocrx_word' id='word_1_504' title='bbox 2128 3333 2256 3373; x_wconf 87' lang='lat' dir='ltr'><strong>cum</strong></span> <span class='ocrx_word' id='word_1_505' title='bbox 2295 3317 2507 3387; x_wconf 88' lang='lat' dir='ltr'><strong>species</strong></span> <span class='ocrx_word' id='word_1_506' title='bbox 2543 3316 2636 3381; x_wconf 88' lang='lat' dir='ltr'><strong>sit,</strong></span> <span class='ocrx_word' id='word_1_507' title='bbox 2669 3331 2782 3370; x_wconf 91' lang='lat' dir='ltr'><strong>non</strong></span> <span class='ocrx_word' id='word_1_508' title='bbox 2819 3325 2998 3371; x_wconf 88' lang='lat' dir='ltr'><strong>tamen</strong></span> <span class='ocrx_word' id='word_1_509' title='bbox 3021 3331 3118 3385; x_wconf 91' lang='lat' dir='ltr'><strong>per</strong></span> <span class='ocrx_word' id='word_1_510' title='bbox 3152 3313 3558 3374; x_wconf 78' lang='lat' dir='ltr'><strong>aﬂirmationis.</strong></span> 
     </span>
    </p>
   </div>
   <div class='ocr_carea' id='block_1_71' title="bbox 1981 3404 3559 3480">
    <p class='ocr_par' dir='ltr' id='par_1_71' title="bbox 1981 3404 3559 3480">
     <span class='ocr_line' id='line_1_71' title="bbox 1981 3404 3559 3480; baseline -0.004 -15"><span class='ocrx_word' id='word_1_511' title='bbox 1981 3411 2076 3465; x_wconf 87' lang='lat' dir='ltr'><strong>sed</strong></span> <span class='ocrx_word' id='word_1_512' title='bbox 2124 3426 2224 3480; x_wconf 89' lang='lat' dir='ltr'><strong>per</strong></span> <span class='ocrx_word' id='word_1_513' title='bbox 2261 3408 2616 3463; x_wconf 88' lang='lat' dir='ltr'><strong>inliciationis</strong></span> <span class='ocrx_word' id='word_1_514' title='bbox 2673 3409 2894 3462; x_wconf 91' lang='lat' dir='ltr'><strong>modum</strong></span> <span class='ocrx_word' id='word_1_515' title='bbox 2939 3408 3212 3476; x_wconf 86' lang='lat' dir='ltr'><strong>appellata</strong></span> <span class='ocrx_word' id='word_1_516' title='bbox 3250 3406 3374 3461; x_wconf 83' lang='lat' dir='ltr'><strong>i‘nit.</strong></span> <span class='ocrx_word' id='word_1_517' title='bbox 3425 3404 3559 3459; x_wconf 87' lang='lat' dir='ltr'><strong>Nam</strong></span> 
     </span>
    </p>
   </div>
   <div class='ocr_carea' id='block_1_72' title="bbox 1982 3497 3562 3572">
    <p class='ocr_par' dir='ltr' id='par_1_72' title="bbox 1982 3497 3562 3572">
     <span class='ocr_line' id='line_1_72' title="bbox 1982 3497 3562 3572; baseline -0.003 -17"><span class='ocrx_word' id='word_1_518' title='bbox 1982 3502 2210 3572; x_wconf 88' lang='lat' dir='ltr'><strong>positio,</strong></span> <span class='ocrx_word' id='word_1_519' title='bbox 2253 3500 2546 3554; x_wconf 87' lang='lat' dir='ltr'><strong>allirmatio</strong></span> <span class='ocrx_word' id='word_1_520' title='bbox 2572 3499 2776 3554; x_wconf 85' lang='lat' dir='ltr'><strong>dicitur</strong></span> <span class='ocrx_word' id='word_1_521' title='bbox 2801 3517 2816 3567; x_wconf 89' lang='lat'><strong>;</strong></span> <span class='ocrx_word' id='word_1_522' title='bbox 2851 3507 2932 3565; x_wconf 92' lang='lat' dir='ltr'><strong>ut,</strong></span> <span class='ocrx_word' id='word_1_523' title='bbox 2957 3499 3189 3568; x_wconf 88' lang='lat' dir='ltr'><strong>pulcher</strong></span> <span class='ocrx_word' id='word_1_524' title='bbox 3210 3507 3314 3554; x_wconf 91' lang='lat' dir='ltr'><strong>est.</strong></span> <span class='ocrx_word' id='word_1_525' title='bbox 3336 3497 3562 3567; x_wconf 85' lang='lat' dir='ltr'><strong>Negatio</strong></span> 
     </span>
    </p>
   </div>
   <div class='ocr_carea' id='block_1_73' title="bbox 1987 3591 3560 3664">
    <p class='ocr_par' dir='ltr' id='par_1_73' title="bbox 1987 3591 3560 3664">
     <span class='ocr_line' id='line_1_73' title="bbox 1987 3591 3560 3664; baseline -0.003 -16"><span class='ocrx_word' id='word_1_526' title='bbox 1987 3604 2192 3660; x_wconf 89' lang='lat' dir='ltr'><strong>autem,</strong></span> <span class='ocrx_word' id='word_1_527' title='bbox 2230 3596 2497 3651; x_wconf 88' lang='lat' dir='ltr'><strong>inﬁciatio</strong></span> <span class='ocrx_word' id='word_1_528' title='bbox 2526 3615 2540 3664; x_wconf 92' lang='lat'>;</span> <span class='ocrx_word' id='word_1_529' title='bbox 2574 3605 2656 3660; x_wconf 90' lang='lat' dir='ltr'><strong>ut,</strong></span> <span class='ocrx_word' id='word_1_530' title='bbox 2700 3609 2811 3649; x_wconf 90' lang='lat' dir='ltr'><strong>non</strong></span> <span class='ocrx_word' id='word_1_531' title='bbox 2850 3601 2933 3648; x_wconf 89' lang='lat' dir='ltr'><strong>est</strong></span> <span class='ocrx_word' id='word_1_532' title='bbox 2966 3593 3218 3662; x_wconf 86' lang='lat' dir='ltr'><strong>pulcher.</strong></span> <span class='ocrx_word' id='word_1_533' title='bbox 3241 3592 3378 3646; x_wconf 86' lang='lat' dir='ltr'><strong>Cum</strong></span> <span class='ocrx_word' id='word_1_534' title='bbox 3416 3591 3560 3646; x_wconf 92' lang='lat' dir='ltr'><strong>enim</strong></span> 
     </span>
    </p>
   </div>
   <div class='ocr_carea' id='block_1_74' title="bbox 1987 3683 3565 3758">
    <p class='ocr_par' dir='ltr' id='par_1_74' title="bbox 1987 3683 3565 3758">
     <span class='ocr_line' id='line_1_74' title="bbox 1987 3683 3565 3758; baseline -0.003 -18"><span class='ocrx_word' id='word_1_535' title='bbox 1987 3686 2248 3751; x_wconf 89' lang='lat' dir='ltr'><strong>dicimus,</strong></span> <span class='ocrx_word' id='word_1_536' title='bbox 2293 3687 2542 3756; x_wconf 86' lang='lat' dir='ltr'><strong>iniquus,</strong></span> <span class='ocrx_word' id='word_1_537' title='bbox 2583 3687 2796 3758; x_wconf 81' lang='lat' dir='ltr'><strong>syllaba</strong></span> <span class='ocrx_word' id='word_1_538' title='bbox 2841 3685 2898 3739; x_wconf 81' lang='lat' dir='ltr'><strong>in</strong></span> <span class='ocrx_word' id='word_1_539' title='bbox 2965 3683 3314 3756; x_wconf 79' lang='lat' dir='ltr'><strong>negationem</strong></span> <span class='ocrx_word' id='word_1_540' title='bbox 3363 3683 3565 3754; x_wconf 76' lang='lat' dir='ltr'><strong>signiti-</strong></span> 
     </span>
    </p>
   </div>
   <div class='ocr_carea' id='block_1_75' title="bbox 1988 3781 2553 3853">
    <p class='ocr_par' dir='ltr' id='par_1_75' title="bbox 1988 3781 2553 3853">
     <span class='ocr_line' id='line_1_75' title="bbox 1988 3781 2553 3853; baseline 0 -19"><span class='ocrx_word' id='word_1_541' title='bbox 1988 3789 2098 3844; x_wconf 87' lang='lat' dir='ltr'><strong>cat,</strong></span> <span class='ocrx_word' id='word_1_542' title='bbox 2129 3781 2205 3834; x_wconf 91' lang='lat' dir='ltr'><strong>uti</strong></span> <span class='ocrx_word' id='word_1_543' title='bbox 2247 3797 2372 3846; x_wconf 85' lang='lat' dir='ltr'><strong>vox,</strong></span> <span class='ocrx_word' id='word_1_544' title='bbox 2403 3781 2553 3853; x_wconf 68' lang='lat' dir='ltr'><strong>nam]</strong></span> 
     </span>
    </p>
   </div>
   <div class='ocr_carea' id='block_1_76' title="bbox 2062 3871 3566 3943">
    <p class='ocr_par' dir='ltr' id='par_1_76' title="bbox 2062 3871 3566 3943">
     <span class='ocr_line' id='line_1_76' title="bbox 2062 3871 3566 3943; baseline 0.001 -17"><span class='ocrx_word' id='word_1_545' title='bbox 2062 3871 2218 3938; x_wconf 86' lang='lat' dir='ltr'><strong>Quod</strong></span> <span class='ocrx_word' id='word_1_546' title='bbox 2255 3875 2302 3927; x_wconf 93' lang='lat' dir='ltr'><strong>si</strong></span> <span class='ocrx_word' id='word_1_547' title='bbox 2329 3875 2434 3928; x_wconf 84' lang='lat' dir='ltr'><strong>hoc</strong></span> <span class='ocrx_word' id='word_1_548' title='bbox 2465 3875 2646 3928; x_wconf 88' lang='lat' dir='ltr'><strong>album</strong></span> <span class='ocrx_word' id='word_1_549' title='bbox 2690 3872 2769 3926; x_wconf 92' lang='lat' dir='ltr'><strong>illi</strong></span> <span class='ocrx_word' id='word_1_550' title='bbox 2800 3872 2928 3928; x_wconf 90' lang='lat' dir='ltr'><strong>albo</strong></span> <span class='ocrx_word' id='word_1_551' title='bbox 2973 3873 3204 3942; x_wconf 82' lang='lat' dir='ltr'><strong>aequale,</strong></span> <span class='ocrx_word' id='word_1_552' title='bbox 3247 3880 3410 3943; x_wconf 86' lang='lat' dir='ltr'><strong>atque</strong></span> <span class='ocrx_word' id='word_1_553' title='bbox 3449 3871 3566 3928; x_wconf 69' lang='lat' dir='ltr'><strong>haec</strong></span> 
     </span>
    </p>
   </div>
   <div class='ocr_carea' id='block_1_77' title="bbox 1993 3964 3564 4038">
    <p class='ocr_par' dir='ltr' id='par_1_77' title="bbox 1993 3964 3564 4038">
     <span class='ocr_line' id='line_1_77' title="bbox 1993 3964 3564 4038; baseline -0.001 -19"><span class='ocrx_word' id='word_1_554' title='bbox 1993 3964 2314 4036; x_wconf 79' lang='lat' dir='ltr'><strong>superﬁcies</strong></span> <span class='ocrx_word' id='word_1_555' title='bbox 2359 3967 2435 4022; x_wconf 88' lang='lat' dir='ltr'><strong>illi</strong></span> <span class='ocrx_word' id='word_1_556' title='bbox 2487 3965 2805 4036; x_wconf 79' lang='lat' dir='ltr'><strong>superﬁciei</strong></span> <span class='ocrx_word' id='word_1_557' title='bbox 2864 3966 3093 4038; x_wconf 80' lang='lat' dir='ltr'><strong>aequalis</strong></span> <span class='ocrx_word' id='word_1_558' title='bbox 3150 3980 3272 4022; x_wconf 89' lang='lat' dir='ltr'><strong>esse</strong></span> <span class='ocrx_word' id='word_1_559' title='bbox 3325 3964 3564 4032; x_wconf 74' lang='lat' dir='ltr'><strong>dicitur,</strong></span> 
     </span>
    </p>
   </div>
   <div class='ocr_carea' id='block_1_78' title="bbox 1584 4137 2263 4196">
    <p class='ocr_par' dir='ltr' id='par_1_78' title="bbox 1584 4137 2263 4196">
     <span class='ocr_line' id='line_1_78' title="bbox 1584 4137 2263 4196; baseline 0.004 -3"><span class='ocrx_word' id='word_1_560' title='bbox 1584 4137 1820 4195; x_wconf 61' lang='lat' dir='ltr'><strong>VARIE</strong></span> <span class='ocrx_word' id='word_1_561' title='bbox 1854 4138 2263 4196; x_wconf 79' lang='lat' dir='ltr'><strong>LECTIONES.</strong></span> 
     </span>
    </p>
   </div>
   <div class='ocr_carea' id='block_1_79' title="bbox 383 4276 3024 4350">
    <p class='ocr_par' dir='ltr' id='par_1_79' title="bbox 383 4276 3024 4350">
     <span class='ocr_line' id='line_1_79' title="bbox 383 4276 3024 4350; baseline 0.002 -20"><span class='ocrx_word' id='word_1_562' title='bbox 383 4287 408 4317; x_wconf 72' lang='grc' dir='ltr'>ι</span> <span class='ocrx_word' id='word_1_563' title='bbox 447 4277 618 4350; x_wconf 62' lang='lat' dir='ltr'><strong>Forte</strong></span> <span class='ocrx_word' id='word_1_564' title='bbox 654 4291 736 4350; x_wconf 62' lang='lat' dir='ltr'><strong>ett</strong></span> <span class='ocrx_word' id='word_1_565' title='bbox 768 4276 1082 4350; x_wconf 79' lang='lat' dir='ltr'><strong>Ammonio,</strong></span> <span class='ocrx_word' id='word_1_566' title='bbox 1137 4279 1196 4332; x_wconf 79' lang='grc' dir='ltr'>ὲν</span> <span class='ocrx_word' id='word_1_567' title='bbox 1247 4279 1427 4350; x_wconf 79' lang='grc' dir='ltr'>ἵμασι.</span> <span class='ocrx_word' id='word_1_568' title='bbox 1477 4279 1540 4334; x_wconf 87' lang='lat' dir='ltr'><strong>In</strong></span> <span class='ocrx_word' id='word_1_569' title='bbox 1596 4281 1865 4350; x_wconf 80' lang='lat' dir='ltr'><strong>corrigiis.</strong></span> <span class='ocrx_word' id='word_1_570' title='bbox 1918 4281 2050 4347; x_wconf 70' lang='lat' dir='ltr'><strong>Quae</strong></span> <span class='ocrx_word' id='word_1_571' title='bbox 2093 4281 2398 4336; x_wconf 87' lang='lat' dir='ltr'><strong>dilatantur</strong></span> <span class='ocrx_word' id='word_1_572' title='bbox 2442 4289 2496 4350; x_wconf 82' lang='lat' dir='ltr'><strong>et</strong></span> <span class='ocrx_word' id='word_1_573' title='bbox 2547 4282 3024 4348; x_wconf 74' lang='lat' dir='ltr'><strong>constringuntur.</strong></span> 
     </span>
    </p>
   </div>
   <div class='ocr_carea' id='block_1_80' title="bbox 3133 4275 3570 4332">
    <p class='ocr_par' dir='ltr' id='par_1_80' title="bbox 3133 4275 3570 4332">
     <span class='ocr_line' id='line_1_80' title="bbox 3133 4275 3570 4332; baseline 0 0"><span class='ocrx_word' id='word_1_574' title='bbox 3133 4278 3162 4318; x_wconf 69' lang='grc' dir='ltr'>δ</span> <span class='ocrx_word' id='word_1_575' title='bbox 3204 4275 3295 4332; x_wconf 88' lang='lat' dir='ltr'><strong>Sic</strong></span> <span class='ocrx_word' id='word_1_576' title='bbox 3327 4276 3483 4332; x_wconf 87' lang='lat' dir='ltr'><strong>Colb.</strong></span> <span class='ocrx_word' id='word_1_577' title='bbox 3514 4285 3570 4332; x_wconf 87' lang='lat' dir='ltr'><strong>et</strong></span> 
     </span>
    </p>
   </div>
   <div class='ocr_carea' id='block_1_81' title="bbox 301 4345 3568 4420">
    <p class='ocr_par' dir='ltr' id='par_1_81' title="bbox 301 4345 3568 4420">
     <span class='ocr_line' id='line_1_81' title="bbox 301 4345 3568 4420; baseline -0.002 -16"><span class='ocrx_word' id='word_1_578' title='bbox 301 4347 444 4420; x_wconf 70' lang='lat' dir='ltr'><strong>Reg.</strong></span> <span class='ocrx_word' id='word_1_579' title='bbox 489 4347 656 4420; x_wconf 58' lang='lat'><strong>1230.</strong></span> <span class='ocrx_word' id='word_1_580' title='bbox 684 4348 967 4420; x_wconf 63' lang='lat' dir='ltr'><strong>Siovetus</strong></span> <span class='ocrx_word' id='word_1_581' title='bbox 1008 4345 1284 4418; x_wconf 81' lang='lat' dir='ltr'><strong>interpres</strong></span> <span class='ocrx_word' id='word_1_582' title='bbox 1319 4349 1478 4420; x_wconf 76' lang='lat' dir='ltr'><strong>legit;</strong></span> <span class='ocrx_word' id='word_1_583' title='bbox 1527 4345 1814 4420; x_wconf 67' lang='lat' dir='ltr'><strong>positiones</strong></span> <span class='ocrx_word' id='word_1_584' title='bbox 1849 4345 2009 4405; x_wconf 76' lang='lat' dir='ltr'><strong>enim.</strong></span> <span class='ocrx_word' id='word_1_585' title='bbox 2061 4352 2197 4405; x_wconf 86' lang='lat' dir='ltr'><strong>Cod.</strong></span> <span class='ocrx_word' id='word_1_586' title='bbox 2233 4350 2290 4405; x_wconf 88' lang='lat' dir='ltr'><strong>S.</strong></span> <span class='ocrx_word' id='word_1_587' title='bbox 2331 4350 2436 4402; x_wconf 88' lang='lat' dir='ltr'><strong>llil.</strong></span> <span class='ocrx_word' id='word_1_588' title='bbox 2468 4349 2762 4420; x_wconf 68' lang='grc' dir='ltr'>ᾷιαθέσεις,</span> <span class='ocrx_word' id='word_1_589' title='bbox 2796 4345 2902 4405; x_wconf 73' lang='lat' dir='ltr'><strong>Alii</strong></span> <span class='ocrx_word' id='word_1_590' title='bbox 2964 4363 3094 4404; x_wconf 88' lang='lat' dir='ltr'><strong>vero</strong></span> <span class='ocrx_word' id='word_1_591' title='bbox 3124 4356 3178 4420; x_wconf 84' lang='lat' dir='ltr'><strong>et</strong></span> <span class='ocrx_word' id='word_1_592' title='bbox 3211 4348 3343 4402; x_wconf 89' lang='lat' dir='ltr'><strong>edit.</strong></span> <span class='ocrx_word' id='word_1_593' title='bbox 3399 4345 3568 4420; x_wconf 64' lang='grc' dir='ltr'>θεσει,</span> 
     </span>
    </p>
   </div>
   <div class='ocr_carea' id='block_1_82' title="bbox 308 4363 3571 4490">
    <p class='ocr_par' dir='ltr' id='par_1_82' title="bbox 308 4363 3571 4490">
     <span class='ocr_line' id='line_1_82' title="bbox 308 4363 3568 4420; baseline -0.002 -16"><span class='ocrx_word' id='word_1_594' title='bbox 308 4363 389 4404; x_wconf 66' lang='grc' dir='ltr'><strong>ηρ</strong></span> <span class='ocrx_word' id='word_1_595' title='bbox 430 4386 444 4400; x_wconf 90' lang='grc'><strong>.</strong></span> <span class='ocrx_word' id='word_1_596' title='bbox 489 4363 650 4402; x_wconf 63' lang='grc' dir='ltr'>που.</span> <span class='ocrx_word' id='word_1_597' title='bbox 684 4363 776 4402; x_wconf 74' lang='lat' dir='ltr'><strong>me</strong></span> <span class='ocrx_word' id='word_1_598' title='bbox 810 4363 967 4404; x_wconf 88' lang='lat' dir='ltr'><strong>vetus</strong></span> <span class='ocrx_word' id='word_1_599' title='bbox 1008 4363 1278 4418; x_wconf 88' lang='lat' dir='ltr'><strong>mterpres</strong></span> <span class='ocrx_word' id='word_1_600' title='bbox 1319 4363 1478 4419; x_wconf 76' lang='lat' dir='ltr'><strong>tegit;</strong></span> <span class='ocrx_word' id='word_1_601' title='bbox 1527 4363 1814 4420; x_wconf 67' lang='lat' dir='ltr'><strong>positiones</strong></span> <span class='ocrx_word' id='word_1_602' title='bbox 1849 4368 2009 4405; x_wconf 74' lang='lat' dir='ltr'><strong>enim.</strong></span> <span class='ocrx_word' id='word_1_603' title='bbox 2061 4363 2197 4405; x_wconf 63' lang='lat' dir='ltr'><strong>non.</strong></span> <span class='ocrx_word' id='word_1_604' title='bbox 2233 4363 2290 4405; x_wconf 71' lang='grc' dir='ltr'><strong>δ.</strong></span> <span class='ocrx_word' id='word_1_605' title='bbox 2331 4363 2436 4402; x_wconf 83' lang='lat' dir='ltr'><strong>ml.</strong></span> <span class='ocrx_word' id='word_1_606' title='bbox 2468 4363 2762 4416; x_wconf 81' lang='grc' dir='ltr'>οιαυεσεις,</span> <span class='ocrx_word' id='word_1_607' title='bbox 2796 4363 2902 4405; x_wconf 83' lang='lat' dir='ltr'><strong>Atn</strong></span> <span class='ocrx_word' id='word_1_608' title='bbox 2964 4363 3094 4404; x_wconf 87' lang='lat' dir='ltr'><strong>vero</strong></span> <span class='ocrx_word' id='word_1_609' title='bbox 3124 4363 3178 4403; x_wconf 89' lang='lat' dir='ltr'><strong>et</strong></span> <span class='ocrx_word' id='word_1_610' title='bbox 3211 4363 3343 4402; x_wconf 83' lang='lat' dir='ltr'><strong>ean.</strong></span> <span class='ocrx_word' id='word_1_611' title='bbox 3399 4363 3568 4404; x_wconf 83' lang='grc' dir='ltr'>υεσει.</span> 
     </span>
     <span class='ocr_line' id='line_1_83' title="bbox 308 4363 3571 4490; baseline -0.001 -19"><span class='ocrx_word' id='word_1_612' title='bbox 308 4429 336 4458; x_wconf 77' lang='grc' dir='ltr'><strong>ι</strong></span> <span class='ocrx_word' id='word_1_613' title='bbox 373 4363 506 4483; x_wconf 60' lang='grc' dir='ltr'>ὄυιε</span> <span class='ocrx_word' id='word_1_614' title='bbox 533 4416 751 4490; x_wconf 71' lang='lat' dir='ltr'><strong>uncinis</strong></span> <span class='ocrx_word' id='word_1_615' title='bbox 777 4417 1156 4490; x_wconf 82' lang='lat' dir='ltr'><strong>includuntur,</strong></span> <span class='ocrx_word' id='word_1_616' title='bbox 1191 4420 1295 4490; x_wconf 85' lang='lat' dir='ltr'><strong>etsi</strong></span> <span class='ocrx_word' id='word_1_617' title='bbox 1325 4419 1378 4472; x_wconf 92' lang='lat' dir='ltr'><strong>in</strong></span> <span class='ocrx_word' id='word_1_618' title='bbox 1415 4420 1547 4490; x_wconf 82' lang='lat' dir='ltr'><strong>edit.</strong></span> <span class='ocrx_word' id='word_1_619' title='bbox 1580 4427 1633 4474; x_wconf 90' lang='lat' dir='ltr'><strong>et</strong></span> <span class='ocrx_word' id='word_1_620' title='bbox 1667 4437 1799 4475; x_wconf 90' lang='lat' dir='ltr'><strong>mss.</strong></span> <span class='ocrx_word' id='word_1_621' title='bbox 1831 4421 2127 4485; x_wconf 88' lang='lat' dir='ltr'><strong>habentur,</strong></span> <span class='ocrx_word' id='word_1_622' title='bbox 2165 4420 2232 4474; x_wconf 90' lang='lat' dir='ltr'><strong>ad</strong></span> <span class='ocrx_word' id='word_1_623' title='bbox 2267 4430 2432 4490; x_wconf 88' lang='lat' dir='ltr'><strong>caput</strong></span> <span class='ocrx_word' id='word_1_624' title='bbox 2460 4419 2538 4472; x_wconf 85' lang='lat' dir='ltr'><strong>De</strong></span> <span class='ocrx_word' id='word_1_625' title='bbox 2566 4421 2845 4487; x_wconf 80' lang='lat' dir='ltr'><strong>qualitate,</strong></span> <span class='ocrx_word' id='word_1_626' title='bbox 2877 4435 2985 4476; x_wconf 91' lang='lat' dir='ltr'><strong>non</strong></span> <span class='ocrx_word' id='word_1_627' title='bbox 3013 4419 3288 4490; x_wconf 88' lang='lat' dir='ltr'><strong>pertinent</strong></span> <span class='ocrx_word' id='word_1_628' title='bbox 3317 4433 3330 4470; x_wconf 91' lang='lat'><strong>:</strong></span> <span class='ocrx_word' id='word_1_629' title='bbox 3361 4415 3456 4473; x_wconf 88' lang='lat' dir='ltr'><strong>sed</strong></span> <span class='ocrx_word' id='word_1_630' title='bbox 3487 4417 3571 4470; x_wconf 85' lang='lat' dir='ltr'><strong>vel</strong></span> 
     </span>
    </p>
   </div>
   <div class='ocr_carea' id='block_1_83' title="bbox 308 4486 2826 4561">
    <p class='ocr_par' dir='ltr' id='par_1_83' title="bbox 308 4486 2826 4561">
     <span class='ocr_line' id='line_1_84' title="bbox 308 4486 2826 4561; baseline 0.002 -19"><span class='ocrx_word' id='word_1_631' title='bbox 308 4489 384 4543; x_wconf 88' lang='lat' dir='ltr'><strong>ad</strong></span> <span class='ocrx_word' id='word_1_632' title='bbox 430 4496 594 4559; x_wconf 90' lang='lat' dir='ltr'><strong>caput</strong></span> <span class='ocrx_word' id='word_1_633' title='bbox 631 4486 710 4543; x_wconf 84' lang='lat' dir='ltr'><strong>De</strong></span> <span class='ocrx_word' id='word_1_634' title='bbox 741 4489 1020 4556; x_wconf 79' lang='lat' dir='ltr'><strong>oppositis,</strong></span> <span class='ocrx_word' id='word_1_635' title='bbox 1045 4488 1128 4544; x_wconf 88' lang='lat' dir='ltr'><strong>vel</strong></span> <span class='ocrx_word' id='word_1_636' title='bbox 1166 4489 1232 4544; x_wconf 89' lang='lat' dir='ltr'><strong>ad</strong></span> <span class='ocrx_word' id='word_1_637' title='bbox 1263 4497 1426 4561; x_wconf 87' lang='lat' dir='ltr'><strong>caput</strong></span> <span class='ocrx_word' id='word_1_638' title='bbox 1453 4489 1530 4543; x_wconf 83' lang='lat' dir='ltr'><strong>De</strong></span> <span class='ocrx_word' id='word_1_639' title='bbox 1555 4491 1888 4558; x_wconf 77' lang='lat' dir='ltr'><strong>privatione;</strong></span> <span class='ocrx_word' id='word_1_640' title='bbox 1929 4501 2093 4561; x_wconf 80' lang='lat' dir='ltr'><strong>atque</strong></span> <span class='ocrx_word' id='word_1_641' title='bbox 2125 4505 2156 4545; x_wconf 91' lang='lat' dir='ltr'><strong>a</strong></span> <span class='ocrx_word' id='word_1_642' title='bbox 2187 4486 2446 4546; x_wconf 78' lang='lat' dir='ltr'><strong>contextu</strong></span> <span class='ocrx_word' id='word_1_643' title='bbox 2478 4486 2656 4546; x_wconf 83' lang='lat' dir='ltr'><strong>aliena</strong></span> <span class='ocrx_word' id='word_1_644' title='bbox 2678 4500 2826 4548; x_wconf 87' lang='lat' dir='ltr'><strong>sunt.</strong></span> 
     </span>
    </p>
   </div>
   <div class='ocr_carea' id='block_1_84' title="bbox 1784 4657 2014 4714">
    <p class='ocr_par' dir='ltr' id='par_1_84' title="bbox 1784 4657 2014 4714">
     <span class='ocr_line' id='line_1_85' title="bbox 1784 4657 2014 4714; baseline 0.004 -1"><span class='ocrx_word' id='word_1_645' title='bbox 1784 4657 2014 4714; x_wconf 62' lang='grc' dir='ltr'><strong>ΝΟΤΛΕ.</strong></span> 
     </span>
    </p>
   </div>
   <div class='ocr_carea' id='block_1_85' title="bbox 367 4785 3574 4865">
    <p class='ocr_par' dir='ltr' id='par_1_85' title="bbox 367 4785 3574 4865">
     <span class='ocr_line' id='line_1_86' title="bbox 367 4785 3574 4865; baseline 0.002 -25"><span class='ocrx_word' id='word_1_646' title='bbox 367 4785 502 4865; x_wconf 57' lang='grc'><strong>(57)</strong></span> <span class='ocrx_word' id='word_1_647' title='bbox 546 4790 617 4865; x_wconf 79' lang='grc' dir='ltr'>ᾚ</span> <span class='ocrx_word' id='word_1_648' title='bbox 663 4791 776 4860; x_wconf 81' lang='grc' dir='ltr'>γὰρ</span> <span class='ocrx_word' id='word_1_649' title='bbox 811 4793 1146 4865; x_wconf 59' lang='grc' dir='ltr'>ὀῠσιωδῶς.</span> <span class='ocrx_word' id='word_1_650' title='bbox 1203 4797 1302 4848; x_wconf 82' lang='lat' dir='ltr'><strong>Aut</strong></span> <span class='ocrx_word' id='word_1_651' title='bbox 1366 4795 1503 4850; x_wconf 83' lang='lat' dir='ltr'><strong>enim</strong></span> <span class='ocrx_word' id='word_1_652' title='bbox 1556 4797 1891 4848; x_wconf 77' lang='lat' dir='ltr'><strong>substantiva</strong></span> <span class='ocrx_word' id='word_1_653' title='bbox 1924 4800 1968 4854; x_wconf 90' lang='lat' dir='ltr'>D</span> <span class='ocrx_word' id='word_1_654' title='bbox 1999 4794 2236 4865; x_wconf 87' lang='lat' dir='ltr'><strong>partium</strong></span> <span class='ocrx_word' id='word_1_655' title='bbox 2285 4794 2668 4865; x_wconf 84' lang='lat' dir='ltr'><strong>continuitate,</strong></span> <span class='ocrx_word' id='word_1_656' title='bbox 2704 4795 2853 4848; x_wconf 86' lang='lat' dir='ltr'><strong>nulla</strong></span> <span class='ocrx_word' id='word_1_657' title='bbox 2915 4811 3101 4850; x_wconf 88' lang='lat' dir='ltr'><strong>earum</strong></span> <span class='ocrx_word' id='word_1_658' title='bbox 3157 4795 3210 4847; x_wconf 93' lang='lat' dir='ltr'><strong>in</strong></span> <span class='ocrx_word' id='word_1_659' title='bbox 3251 4790 3574 4865; x_wconf 72' lang='lat' dir='ltr'><strong>minutiores</strong></span> 
     </span>
    </p>
   </div>
   <div class='ocr_carea' id='block_1_86' title="bbox 315 4859 1890 4934">
    <p class='ocr_par' dir='ltr' id='par_1_86' title="bbox 315 4859 1890 4934">
     <span class='ocr_line' id='line_1_87' title="bbox 315 4859 1890 4934; baseline 0.006 -26"><span class='ocrx_word' id='word_1_660' title='bbox 315 4859 545 4934; x_wconf 55' lang='lat' dir='ltr'><strong>ratione.</strong></span> <span class='ocrx_word' id='word_1_661' title='bbox 572 4859 896 4934; x_wconf 78' lang='lat' dir='ltr'><strong>AmmOnius</strong></span> <span class='ocrx_word' id='word_1_662' title='bbox 939 4879 1059 4932; x_wconf 90' lang='lat' dir='ltr'><strong>cap.</strong></span> <span class='ocrx_word' id='word_1_663' title='bbox 1094 4859 1170 4918; x_wconf 74' lang='lat' dir='ltr'><strong>De</strong></span> <span class='ocrx_word' id='word_1_664' title='bbox 1212 4866 1494 4934; x_wconf 82' lang='lat' dir='ltr'><strong>qualitate,</strong></span> <span class='ocrx_word' id='word_1_665' title='bbox 1529 4865 1695 4928; x_wconf 75' lang='lat' dir='ltr'><strong>idem,</strong></span> <span class='ocrx_word' id='word_1_666' title='bbox 1744 4865 1890 4933; x_wconf 90' lang='lat' dir='ltr'><strong>quod</strong></span> 
     </span>
    </p>
   </div>
   <div class='ocr_carea' id='block_1_87' title="bbox 317 4928 1892 5005">
    <p class='ocr_par' dir='ltr' id='par_1_87' title="bbox 317 4928 1892 5005">
     <span class='ocr_line' id='line_1_88' title="bbox 317 4928 1892 5005; baseline 0.004 -24"><span class='ocrx_word' id='word_1_667' title='bbox 317 4928 540 5005; x_wconf 53' lang='lat' dir='ltr'><strong>Noster,</strong></span> <span class='ocrx_word' id='word_1_668' title='bbox 586 4931 872 4995; x_wconf 83' lang='lat' dir='ltr'><strong>observat,</strong></span> <span class='ocrx_word' id='word_1_669' title='bbox 924 4928 1067 5005; x_wconf 77' lang='lat' dir='ltr'><strong>rara</strong></span> <span class='ocrx_word' id='word_1_670' title='bbox 1099 4945 1148 4988; x_wconf 87' lang='lat' dir='ltr'><strong>et</strong></span> <span class='ocrx_word' id='word_1_671' title='bbox 1180 4928 1366 4989; x_wconf 73' lang='lat' dir='ltr'><strong>crassa</strong></span> <span class='ocrx_word' id='word_1_672' title='bbox 1421 4935 1688 5005; x_wconf 85' lang='lat' dir='ltr'><strong>quoddam</strong></span> <span class='ocrx_word' id='word_1_673' title='bbox 1737 4928 1892 5005; x_wconf 57' lang='lat' dir='ltr'><strong>quale</strong></span> 
     </span>
    </p>
   </div>
   <div class='ocr_carea' id='block_1_88' title="bbox 318 4999 1892 5075">
    <p class='ocr_par' dir='ltr' id='par_1_88' title="bbox 318 4999 1892 5075">
     <span class='ocr_line' id='line_1_89' title="bbox 318 4999 1892 5075; baseline 0.003 -23"><span class='ocrx_word' id='word_1_674' title='bbox 318 4999 668 5075; x_wconf 32' lang='lat' dir='ltr'><strong>signiﬁca-re.-</strong></span> <span class='ocrx_word' id='word_1_675' title='bbox 701 5017 1000 5075; x_wconf 65' lang='lat' dir='ltr'><strong>quanquam</strong></span> <span class='ocrx_word' id='word_1_676' title='bbox 1037 5004 1186 5075; x_wconf 60' lang='lat' dir='ltr'><strong>Eous</strong></span> <span class='ocrx_word' id='word_1_677' title='bbox 1233 4999 1487 5075; x_wconf 74' lang='grc' dir='ltr'>ἀλλότρια</span> <span class='ocrx_word' id='word_1_678' title='bbox 1534 5005 1705 5058; x_wconf 77' lang='grc' dir='ltr'>ταῦτα</span> <span class='ocrx_word' id='word_1_679' title='bbox 1748 4999 1892 5057; x_wconf 80' lang='grc' dir='ltr'>εἶναι</span> 
     </span>
    </p>
   </div>
   <div class='ocr_carea' id='block_1_89' title="bbox 324 5067 1896 5138">
    <p class='ocr_par' dir='ltr' id='par_1_89' title="bbox 324 5067 1896 5138">
     <span class='ocr_line' id='line_1_90' title="bbox 324 5067 1896 5138; baseline 0.004 -18"><span class='ocrx_word' id='word_1_680' title='bbox 324 5067 426 5138; x_wconf 80' lang='grc' dir='ltr'>τῆς</span> <span class='ocrx_word' id='word_1_681' title='bbox 461 5069 588 5137; x_wconf 72' lang='grc' dir='ltr'>περὶ</span> <span class='ocrx_word' id='word_1_682' title='bbox 615 5070 675 5122; x_wconf 81' lang='grc' dir='ltr'><strong>τὸ</strong></span> <span class='ocrx_word' id='word_1_683' title='bbox 699 5067 1189 5138; x_wconf 64' lang='grc' dir='ltr'>’ἑτοιὸνδιαιρὲσεως</span> <span class='ocrx_word' id='word_1_684' title='bbox 1221 5067 1406 5128; x_wconf 68' lang='grc' dir='ltr'>αίὶεηιί</span> <span class='ocrx_word' id='word_1_685' title='bbox 1427 5091 1544 5129; x_wconf 78' lang='lat' dir='ltr'><strong>esse</strong></span> <span class='ocrx_word' id='word_1_686' title='bbox 1571 5092 1602 5126; x_wconf 89' lang='lat' dir='ltr'><strong>a</strong></span> <span class='ocrx_word' id='word_1_687' title='bbox 1639 5075 1896 5128; x_wconf 79' lang='lat' dir='ltr'><strong>divisione</strong></span> 
     </span>
    </p>
   </div>
   <div class='ocr_carea' id='block_1_90' title="bbox 319 5125 1896 5212">
    <p class='ocr_par' dir='ltr' id='par_1_90' title="bbox 319 5125 1896 5212">
     <span class='ocr_line' id='line_1_91' title="bbox 319 5125 1896 5212; baseline 0.005 -25"><span class='ocrx_word' id='word_1_688' title='bbox 319 5125 604 5212; x_wconf 58' lang='lat' dir='ltr'><strong>qridlitaiis</strong></span> <span class='ocrx_word' id='word_1_689' title='bbox 653 5125 937 5195; x_wconf 51' lang='lat' dir='ltr'><strong>ridentur.</strong></span> <span class='ocrx_word' id='word_1_690' title='bbox 975 5125 1204 5212; x_wconf 50' lang='lat' dir='ltr'><strong>Utroque</strong></span> <span class='ocrx_word' id='word_1_691' title='bbox 1625 5125 1896 5197; x_wconf 68' lang='grc' dir='ltr'><strong>τών</strong></span> 
     </span>
    </p>
   </div>
   <div class='ocr_carea' id='block_1_91' title="bbox 327 5208 1898 5284">
    <p class='ocr_par' dir='ltr' id='par_1_91' title="bbox 327 5208 1898 5284">
     <span class='ocr_line' id='line_1_92' title="bbox 327 5208 1898 5284; baseline 0.005 -26"><span class='ocrx_word' id='word_1_692' title='bbox 327 5208 558 5284; x_wconf 82' lang='grc' dir='ltr'>μορίων,</span> <span class='ocrx_word' id='word_1_693' title='bbox 601 5208 1172 5284; x_wconf 58' lang='lat' dir='ltr'><strong>partiamposituram</strong></span> <span class='ocrx_word' id='word_1_694' title='bbox 1207 5215 1441 5284; x_wconf 75' lang='lat' dir='ltr'><strong>aliquam</strong></span> <span class='ocrx_word' id='word_1_695' title='bbox 1499 5215 1726 5268; x_wconf 83' lang='lat' dir='ltr'><strong>indicari</strong></span> <span class='ocrx_word' id='word_1_696' title='bbox 1780 5230 1898 5280; x_wconf 84' lang='lat' dir='ltr'><strong>per-</strong></span> 
     </span>
    </p>
   </div>
   <div class='ocr_carea' id='block_1_92' title="bbox 325 5279 1899 5354">
    <p class='ocr_par' dir='ltr' id='par_1_92' title="bbox 325 5279 1899 5354">
     <span class='ocr_line' id='line_1_93' title="bbox 325 5279 1899 5354; baseline 0.005 -24"><span class='ocrx_word' id='word_1_697' title='bbox 325 5279 570 5345; x_wconf 75' lang='lat' dir='ltr'><strong>spicuum</strong></span> <span class='ocrx_word' id='word_1_698' title='bbox 599 5279 1207 5354; x_wconf 19' lang='lat' dir='ltr'><strong>estrDuplicisddc-iude</strong></span> <span class='ocrx_word' id='word_1_699' title='bbox 1247 5279 1460 5354; x_wconf 75' lang='lat' dir='ltr'><strong>generis</strong></span> <span class='ocrx_word' id='word_1_700' title='bbox 1508 5284 1899 5338; x_wconf 84' lang='lat' dir='ltr'><strong>condensatiu-</strong></span> 
     </span>
    </p>
   </div>
   <div class='ocr_carea' id='block_1_93' title="bbox 327 5351 1899 5424">
    <p class='ocr_par' dir='ltr' id='par_1_93' title="bbox 327 5351 1899 5424">
     <span class='ocr_line' id='line_1_94' title="bbox 327 5351 1899 5424; baseline 0.003 -24"><span class='ocrx_word' id='word_1_701' title='bbox 327 5363 455 5400; x_wconf 84' lang='lat' dir='ltr'><strong>nem</strong></span> <span class='ocrx_word' id='word_1_702' title='bbox 494 5357 546 5424; x_wconf 72' lang='lat' dir='ltr'><strong>et</strong></span> <span class='ocrx_word' id='word_1_703' title='bbox 611 5351 890 5424; x_wconf 78' lang='lat' dir='ltr'><strong>raritatem</strong></span> <span class='ocrx_word' id='word_1_704' title='bbox 939 5352 1115 5424; x_wconf 73' lang='lat' dir='ltr'><strong>all&#39;ert.</strong></span> <span class='ocrx_word' id='word_1_705' title='bbox 1173 5351 1407 5424; x_wconf 73' lang='grc' dir='ltr'>φυσικὴν</span> <span class='ocrx_word' id='word_1_706' title='bbox 1460 5354 1791 5424; x_wconf 79' lang='lat' dir='ltr'><strong>naturalem,</strong></span> <span class='ocrx_word' id='word_1_707' title='bbox 1845 5361 1899 5408; x_wconf 91' lang='lat' dir='ltr'><strong>et</strong></span> 
     </span>
    </p>
   </div>
   <div class='ocr_carea' id='block_1_94' title="bbox 327 5419 1891 5488">
    <p class='ocr_par' dir='ltr' id='par_1_94' title="bbox 327 5419 1891 5488">
     <span class='ocr_line' id='line_1_95' title="bbox 327 5419 1891 5488; baseline 0.003 -19"><span class='ocrx_word' id='word_1_708' title='bbox 327 5419 586 5488; x_wconf 65' lang='grc' dir='ltr'><strong>⁸τεχνικὴν</strong></span> <span class='ocrx_word' id='word_1_709' title='bbox 644 5421 1014 5487; x_wconf 76' lang='lat' dir='ltr'><strong>artiﬁciosam.</strong></span> <span class='ocrx_word' id='word_1_710' title='bbox 1086 5419 1329 5477; x_wconf 86' lang='lat' dir='ltr'><strong>Priorem</strong></span> <span class='ocrx_word' id='word_1_711' title='bbox 1366 5419 1454 5477; x_wconf 38' lang='lat' dir='ltr'><strong>’ad</strong></span> <span class='ocrx_word' id='word_1_712' title='bbox 1524 5423 1891 5477; x_wconf 85' lang='lat' dir='ltr'><strong>substantiam</strong></span> 
     </span>
    </p>
   </div>
   <div class='ocr_carea' id='block_1_95' title="bbox 329 5485 1898 5564">
    <p class='ocr_par' dir='ltr' id='par_1_95' title="bbox 329 5485 1898 5564">
     <span class='ocr_line' id='line_1_96' title="bbox 329 5485 1898 5564; baseline 0.003 -24"><span class='ocrx_word' id='word_1_713' title='bbox 329 5485 868 5564; x_wconf 12' lang='lat' dir='ltr'><strong>Nostcr&#39;reducit,rut</strong></span> <span class='ocrx_word' id='word_1_714' title='bbox 896 5503 949 5546; x_wconf 90' lang='lat' dir='ltr'><strong>et</strong></span> <span class='ocrx_word' id='word_1_715' title='bbox 980 5494 1319 5564; x_wconf 85' lang='lat' dir='ltr'><strong>Blemmydas</strong></span> <span class='ocrx_word' id='word_1_716' title='bbox 1361 5494 1420 5564; x_wconf 5' lang='lat' dir='ltr'><strong>in,</strong></span> <span class='ocrx_word' id='word_1_717' title='bbox 1451 5493 1740 5546; x_wconf 80' lang='lat' dir='ltr'><strong>Dialectica</strong></span> <span class='ocrx_word' id='word_1_718' title='bbox 1773 5507 1898 5564; x_wconf 80' lang='lat' dir='ltr'><strong>ms.,</strong></span> 
     </span>
    </p>
   </div>
   <div class='ocr_carea' id='block_1_96' title="bbox 333 5559 1891 5626">
    <p class='ocr_par' dir='ltr' id='par_1_96' title="bbox 333 5559 1891 5626">
     <span class='ocr_line' id='line_1_97' title="bbox 333 5559 1891 5626; baseline 0.005 -17"><span class='ocrx_word' id='word_1_719' title='bbox 333 5559 693 5626; x_wconf 80' lang='lat' dir='ltr'><strong>posteriorem</strong></span> <span class='ocrx_word' id='word_1_720' title='bbox 740 5563 806 5614; x_wconf 79' lang='lat' dir='ltr'><strong>ad</strong></span> <span class='ocrx_word' id='word_1_721' title='bbox 856 5565 1042 5626; x_wconf 89' lang='lat' dir='ltr'><strong>situm,</strong></span> <span class='ocrx_word' id='word_1_722' title='bbox 1074 5559 1459 5618; x_wconf 63' lang='lat' dir='ltr'><strong>ett-Aristotele</strong></span> <span class='ocrx_word' id='word_1_723' title='bbox 1485 5572 1539 5616; x_wconf 84' lang='lat' dir='ltr'><strong>et</strong></span> <span class='ocrx_word' id='word_1_724' title='bbox 1585 5563 1891 5617; x_wconf 69' lang='lat' dir='ltr'><strong>Ammonio.</strong></span> 
     </span>
    </p>
   </div>
   <div class='ocr_carea' id='block_1_97' title="bbox 332 5627 1898 5703">
    <p class='ocr_par' dir='ltr' id='par_1_97' title="bbox 332 5627 1898 5703">
     <span class='ocr_line' id='line_1_98' title="bbox 332 5627 1898 5703; baseline 0.004 -23"><span class='ocrx_word' id='word_1_725' title='bbox 332 5627 606 5703; x_wconf 66' lang='lat' dir='ltr'><strong>Caeterum</strong></span> <span class='ocrx_word' id='word_1_726' title='bbox 647 5633 974 5703; x_wconf 70' lang='lat' dir='ltr'><strong>Ammonius</strong></span> <span class='ocrx_word' id='word_1_727' title='bbox 995 5650 1060 5688; x_wconf 79' lang='lat' dir='ltr'><strong>ex</strong></span> <span class='ocrx_word' id='word_1_728' title='bbox 1096 5634 1406 5688; x_wconf 82' lang='lat' dir='ltr'><strong>Aristotelis</strong></span> <span class='ocrx_word' id='word_1_729' title='bbox 1432 5631 1660 5703; x_wconf 76' lang='lat' dir='ltr'><strong>Physica</strong></span> <span class='ocrx_word' id='word_1_730' title='bbox 1692 5634 1771 5702; x_wconf 81' lang='grc' dir='ltr'>(ἐν</span> <span class='ocrx_word' id='word_1_731' title='bbox 1795 5649 1898 5700; x_wconf 81' lang='grc' dir='ltr'>φυ-</span> 
     </span>
    </p>
   </div>
   <div class='ocr_carea' id='block_1_98' title="bbox 336 5700 1897 5773">
    <p class='ocr_par' dir='ltr' id='par_1_98' title="bbox 336 5700 1897 5773">
     <span class='ocr_line' id='line_1_99' title="bbox 336 5700 1897 5773; baseline 0.001 -21"><span class='ocrx_word' id='word_1_732' title='bbox 336 5700 464 5773; x_wconf 75' lang='grc' dir='ltr'>σικῇ</span> <span class='ocrx_word' id='word_1_733' title='bbox 503 5701 783 5773; x_wconf 78' lang='grc' dir='ltr'>ᾁκροάσει)</span> <span class='ocrx_word' id='word_1_734' title='bbox 821 5707 1032 5771; x_wconf 84' lang='lat' dir='ltr'><strong>probat,</strong></span> <span class='ocrx_word' id='word_1_735' title='bbox 1067 5703 1307 5773; x_wconf 84' lang='grc' dir='ltr'>μάνωσιν</span> <span class='ocrx_word' id='word_1_736' title='bbox 1339 5705 1433 5755; x_wconf 78' lang='grc' dir='ltr'>καὶ</span> <span class='ocrx_word' id='word_1_737' title='bbox 1474 5700 1769 5763; x_wconf 80' lang='grc' dir='ltr'>πῦκνωσιν,</span> <span class='ocrx_word' id='word_1_738' title='bbox 1809 5719 1897 5754; x_wconf 84' lang='lat' dir='ltr'><strong>ra-</strong></span> 
     </span>
    </p>
   </div>
   <div class='ocr_carea' id='block_1_99' title="bbox 339 5769 1890 5841">
    <p class='ocr_par' dir='ltr' id='par_1_99' title="bbox 339 5769 1890 5841">
     <span class='ocr_line' id='line_1_100' title="bbox 339 5769 1890 5841; baseline 0.003 -20"><span class='ocrx_word' id='word_1_739' title='bbox 339 5769 682 5835; x_wconf 76' lang='lat' dir='ltr'><strong>refactioaem</strong></span> <span class='ocrx_word' id='word_1_740' title='bbox 725 5783 775 5825; x_wconf 74' lang='lat' dir='ltr'><strong>et</strong></span> <span class='ocrx_word' id='word_1_741' title='bbox 821 5769 1286 5827; x_wconf 45' lang='lat' dir='ltr'><strong>&#39;condensationem</strong></span> <span class='ocrx_word' id='word_1_742' title='bbox 1344 5787 1498 5825; x_wconf 89' lang='lat' dir='ltr'><strong>veras</strong></span> <span class='ocrx_word' id='word_1_743' title='bbox 1528 5787 1650 5826; x_wconf 83' lang='lat' dir='ltr'><strong>esse</strong></span> <span class='ocrx_word' id='word_1_744' title='bbox 1709 5773 1890 5841; x_wconf 86' lang='lat' dir='ltr'><strong>quali-</strong></span> 
     </span>
    </p>
   </div>
   <div class='ocr_carea' id='block_1_100' title="bbox 338 5841 1888 5912">
    <p class='ocr_par' dir='ltr' id='par_1_100' title="bbox 338 5841 1888 5912">
     <span class='ocr_line' id='line_1_101' title="bbox 338 5841 1888 5912; baseline 0.002 -21"><span class='ocrx_word' id='word_1_745' title='bbox 338 5849 514 5902; x_wconf 80' lang='lat' dir='ltr'><strong>tates,</strong></span> <span class='ocrx_word' id='word_1_746' title='bbox 573 5841 659 5894; x_wconf 86' lang='lat' dir='ltr'><strong>ubi</strong></span> <span class='ocrx_word' id='word_1_747' title='bbox 705 5849 874 5896; x_wconf 85' lang='lat' dir='ltr'><strong>totum</strong></span> <span class='ocrx_word' id='word_1_748' title='bbox 933 5859 1130 5912; x_wconf 88' lang='lat' dir='ltr'><strong>corpus</strong></span> <span class='ocrx_word' id='word_1_749' title='bbox 1181 5842 1260 5897; x_wconf 86' lang='lat' dir='ltr'><strong>sic</strong></span> <span class='ocrx_word' id='word_1_750' title='bbox 1313 5841 1582 5910; x_wconf 77' lang='lat' dir='ltr'><strong>alliciunt,</strong></span> <span class='ocrx_word' id='word_1_751' title='bbox 1631 5850 1688 5895; x_wconf 93' lang='lat' dir='ltr'><strong>ut</strong></span> <span class='ocrx_word' id='word_1_752' title='bbox 1739 5845 1888 5897; x_wconf 79' lang='lat' dir='ltr'><strong>salva</strong></span> 
     </span>
    </p>
   </div>
   <div class='ocr_carea' id='block_1_101' title="bbox 1997 4861 3575 4933">
    <p class='ocr_par' dir='ltr' id='par_1_101' title="bbox 1997 4861 3575 4933">
     <span class='ocr_line' id='line_1_102' title="bbox 1997 4861 3575 4933; baseline -0.004 -13"><span class='ocrx_word' id='word_1_753' title='bbox 1997 4861 2371 4932; x_wconf 77' lang='lat' dir='ltr'><strong>disjunctione</strong></span> <span class='ocrx_word' id='word_1_754' title='bbox 2403 4864 2746 4919; x_wconf 84' lang='lat' dir='ltr'><strong>distendatur</strong></span> <span class='ocrx_word' id='word_1_755' title='bbox 2783 4875 2879 4918; x_wconf 88' lang='lat' dir='ltr'><strong>aut</strong></span> <span class='ocrx_word' id='word_1_756' title='bbox 2912 4867 3344 4933; x_wconf 78' lang='lat' dir='ltr'><strong>constringatur,</strong></span> <span class='ocrx_word' id='word_1_757' title='bbox 3382 4877 3445 4915; x_wconf 89' lang='lat' dir='ltr'><strong>ac</strong></span> <span class='ocrx_word' id='word_1_758' title='bbox 3476 4861 3575 4914; x_wconf 86' lang='lat' dir='ltr'><strong>de-</strong></span> 
     </span>
    </p>
   </div>
   <div class='ocr_carea' id='block_1_102' title="bbox 1998 4934 3574 5004">
    <p class='ocr_par' dir='ltr' id='par_1_102' title="bbox 1998 4934 3574 5004">
     <span class='ocr_line' id='line_1_103' title="bbox 1998 4934 3574 5004; baseline -0.003 -15"><span class='ocrx_word' id='word_1_759' title='bbox 1998 4951 2145 4989; x_wconf 90' lang='lat' dir='ltr'><strong>mum</strong></span> <span class='ocrx_word' id='word_1_760' title='bbox 2182 4934 2234 4987; x_wconf 89' lang='lat' dir='ltr'><strong>in</strong></span> <span class='ocrx_word' id='word_1_761' title='bbox 2289 4950 2490 5004; x_wconf 87' lang='lat' dir='ltr'><strong>corpus</strong></span> <span class='ocrx_word' id='word_1_762' title='bbox 2550 4935 2695 4988; x_wconf 86' lang='lat' dir='ltr'><strong>aliud</strong></span> <span class='ocrx_word' id='word_1_763' title='bbox 2733 4944 3121 4990; x_wconf 85' lang='lat' dir='ltr'><strong>convertatur:</strong></span> <span class='ocrx_word' id='word_1_764' title='bbox 3161 4941 3222 4987; x_wconf 94' lang='lat' dir='ltr'><strong>ut</strong></span> <span class='ocrx_word' id='word_1_765' title='bbox 3269 4941 3399 5004; x_wconf 73' lang='lat' dir='ltr'><strong>puta</strong></span> <span class='ocrx_word' id='word_1_766' title='bbox 3445 4947 3574 5004; x_wconf 10' lang='lat' dir='ltr'><strong>ﬁcum</strong></span> 
     </span>
    </p>
   </div>
   <div class='ocr_carea' id='block_1_103' title="bbox 1999 5002 3575 5074">
    <p class='ocr_par' dir='ltr' id='par_1_103' title="bbox 1999 5002 3575 5074">
     <span class='ocr_line' id='line_1_104' title="bbox 1999 5002 3575 5074; baseline -0.002 -17"><span class='ocrx_word' id='word_1_767' title='bbox 1999 5019 2141 5074; x_wconf 88' lang='lat' dir='ltr'><strong>aqua</strong></span> <span class='ocrx_word' id='word_1_768' title='bbox 2169 5002 2400 5074; x_wconf 84' lang='lat' dir='ltr'><strong>modica</strong></span> <span class='ocrx_word' id='word_1_769' title='bbox 2429 5005 2479 5058; x_wconf 88' lang='lat' dir='ltr'><strong>in</strong></span> <span class='ocrx_word' id='word_1_770' title='bbox 2520 5014 2727 5058; x_wconf 82' lang='lat' dir='ltr'><strong>vastam</strong></span> <span class='ocrx_word' id='word_1_771' title='bbox 2765 5007 2908 5061; x_wconf 89' lang='lat' dir='ltr'><strong>acris</strong></span> <span class='ocrx_word' id='word_1_772' title='bbox 2957 5007 3170 5074; x_wconf 89' lang='lat' dir='ltr'><strong>copiam</strong></span> <span class='ocrx_word' id='word_1_773' title='bbox 3205 5002 3575 5074; x_wconf 76' lang='lat' dir='ltr'><strong>rarefactione</strong></span> 
     </span>
    </p>
   </div>
   <div class='ocr_carea' id='block_1_104' title="bbox 2001 5071 3574 5148">
    <p class='ocr_par' dir='ltr' id='par_1_104' title="bbox 2001 5071 3574 5148">
     <span class='ocr_line' id='line_1_105' title="bbox 2001 5071 3574 5148; baseline -0.004 -21"><span class='ocrx_word' id='word_1_774' title='bbox 2001 5071 2578 5148; x_wconf 72' lang='lat' dir='ltr'><strong>transfortnatnr,_vrl</strong></span> <span class='ocrx_word' id='word_1_775' title='bbox 2631 5075 2894 5148; x_wconf 74' lang='lat' dir='ltr'><strong>densatus</strong></span> <span class='ocrx_word' id='word_1_776' title='bbox 2949 5071 3044 5148; x_wconf 73' lang='lat' dir='ltr'><strong>aer</strong></span> <span class='ocrx_word' id='word_1_777' title='bbox 3082 5074 3136 5128; x_wconf 86' lang='lat' dir='ltr'><strong>in</strong></span> <span class='ocrx_word' id='word_1_778' title='bbox 3185 5088 3340 5148; x_wconf 67' lang='lat' dir='ltr'><strong>aqua:</strong></span> <span class='ocrx_word' id='word_1_779' title='bbox 3377 5071 3574 5148; x_wconf 71' lang='lat' dir='ltr'><strong>stillam</strong></span> 
     </span>
    </p>
   </div>
   <div class='ocr_carea' id='block_1_105' title="bbox 1999 5140 3577 5214">
    <p class='ocr_par' dir='ltr' id='par_1_105' title="bbox 1999 5140 3577 5214">
     <span class='ocr_line' id='line_1_106' title="bbox 1999 5140 3577 5214; baseline -0.006 -16"><span class='ocrx_word' id='word_1_780' title='bbox 1999 5152 2333 5198; x_wconf 80' lang='lat' dir='ltr'><strong>coarctatnr.</strong></span> <span class='ocrx_word' id='word_1_781' title='bbox 2367 5145 2434 5196; x_wconf 84' lang='lat' dir='ltr'><strong>At</strong></span> <span class='ocrx_word' id='word_1_782' title='bbox 2465 5143 2682 5208; x_wconf 84' lang='lat' dir='ltr'><strong>Noster,</strong></span> <span class='ocrx_word' id='word_1_783' title='bbox 2719 5144 3084 5214; x_wconf 84' lang='lat' dir='ltr'><strong>Blemmydas,</strong></span> <span class='ocrx_word' id='word_1_784' title='bbox 3113 5153 3166 5198; x_wconf 91' lang='lat' dir='ltr'><strong>et</strong></span> <span class='ocrx_word' id='word_1_785' title='bbox 3198 5143 3288 5196; x_wconf 90' lang='lat' dir='ltr'><strong>alii</strong></span> <span class='ocrx_word' id='word_1_786' title='bbox 3322 5142 3413 5208; x_wconf 90' lang='lat' dir='ltr'><strong>qui</strong></span> <span class='ocrx_word' id='word_1_787' title='bbox 3450 5140 3577 5190; x_wconf 89' lang='lat' dir='ltr'><strong>Ari-</strong></span> 
     </span>
    </p>
   </div>
   <div class='ocr_carea' id='block_1_106' title="bbox 1999 5215 3576 5273">
    <p class='ocr_par' dir='ltr' id='par_1_106' title="bbox 1999 5215 3576 5273">
     <span class='ocr_line' id='line_1_107' title="bbox 1999 5215 3576 5273; baseline -0.005 -5"><span class='ocrx_word' id='word_1_788' title='bbox 1999 5217 2250 5268; x_wconf 85' lang='lat' dir='ltr'><strong>stotelem</strong></span> <span class='ocrx_word' id='word_1_789' title='bbox 2283 5216 2455 5268; x_wconf 87' lang='lat' dir='ltr'><strong>secuti</strong></span> <span class='ocrx_word' id='word_1_790' title='bbox 2485 5225 2632 5273; x_wconf 87' lang='lat' dir='ltr'><strong>sunt.</strong></span> <span class='ocrx_word' id='word_1_791' title='bbox 2667 5230 2771 5268; x_wconf 91' lang='lat' dir='ltr'><strong>non</strong></span> <span class='ocrx_word' id='word_1_792' title='bbox 2807 5217 2873 5269; x_wconf 90' lang='lat' dir='ltr'><strong>de</strong></span> <span class='ocrx_word' id='word_1_793' title='bbox 2923 5216 3026 5269; x_wconf 85' lang='lat' dir='ltr'><strong>hac</strong></span> <span class='ocrx_word' id='word_1_794' title='bbox 3058 5216 3283 5268; x_wconf 79' lang='lat' dir='ltr'><strong>raritate</strong></span> <span class='ocrx_word' id='word_1_795' title='bbox 3329 5215 3384 5264; x_wconf 93' lang='lat' dir='ltr'><strong>in</strong></span> <span class='ocrx_word' id='word_1_796' title='bbox 3427 5215 3576 5263; x_wconf 89' lang='lat' dir='ltr'><strong>cate-</strong></span> 
     </span>
    </p>
   </div>
   <div class='ocr_carea' id='block_1_107' title="bbox 1999 5280 3574 5354">
    <p class='ocr_par' dir='ltr' id='par_1_107' title="bbox 1999 5280 3574 5354">
     <span class='ocr_line' id='line_1_108' title="bbox 1999 5280 3574 5354; baseline -0.004 -19"><span class='ocrx_word' id='word_1_797' title='bbox 1999 5285 2166 5353; x_wconf 83' lang='lat' dir='ltr'><strong>goriis</strong></span> <span class='ocrx_word' id='word_1_798' title='bbox 2199 5285 2504 5354; x_wconf 78' lang='lat' dir='ltr'><strong>disputant,</strong></span> <span class='ocrx_word' id='word_1_799' title='bbox 2539 5285 2634 5338; x_wconf 87' lang='lat' dir='ltr'><strong>sed</strong></span> <span class='ocrx_word' id='word_1_800' title='bbox 2666 5285 2734 5338; x_wconf 91' lang='lat' dir='ltr'><strong>de</strong></span> <span class='ocrx_word' id='word_1_801' title='bbox 2766 5285 2855 5338; x_wconf 89' lang='lat' dir='ltr'><strong>illa</strong></span> <span class='ocrx_word' id='word_1_802' title='bbox 2893 5301 2999 5353; x_wconf 81' lang='lat' dir='ltr'><strong>qua</strong></span> <span class='ocrx_word' id='word_1_803' title='bbox 3033 5291 3215 5354; x_wconf 85' lang='lat' dir='ltr'><strong>partes</strong></span> <span class='ocrx_word' id='word_1_804' title='bbox 3245 5283 3336 5354; x_wconf 82' lang='lat' dir='ltr'><strong>sic</strong></span> <span class='ocrx_word' id='word_1_805' title='bbox 3367 5280 3574 5332; x_wconf 82' lang='lat' dir='ltr'><strong>disten-</strong></span> 
     </span>
    </p>
   </div>
   <div class='ocr_carea' id='block_1_108' title="bbox 2002 5353 3575 5422">
    <p class='ocr_par' dir='ltr' id='par_1_108' title="bbox 2002 5353 3575 5422">
     <span class='ocr_line' id='line_1_109' title="bbox 2002 5353 3575 5422; baseline -0.004 -14"><span class='ocrx_word' id='word_1_806' title='bbox 2002 5355 2239 5418; x_wconf 82' lang='lat' dir='ltr'><strong>duntur,</strong></span> <span class='ocrx_word' id='word_1_807' title='bbox 2294 5353 2357 5407; x_wconf 84' lang='lat' dir='ltr'><strong>ut</strong></span> <span class='ocrx_word' id='word_1_808' title='bbox 2417 5365 2628 5408; x_wconf 88' lang='lat' dir='ltr'><strong>meatus</strong></span> <span class='ocrx_word' id='word_1_809' title='bbox 2681 5357 2933 5422; x_wconf 86' lang='lat' dir='ltr'><strong>corporis</strong></span> <span class='ocrx_word' id='word_1_810' title='bbox 2980 5353 3288 5407; x_wconf 85' lang='lat' dir='ltr'><strong>subtilioris</strong></span> <span class='ocrx_word' id='word_1_811' title='bbox 3340 5361 3575 5422; x_wconf 67' lang='lat' dir='ltr'><strong>capaces</strong></span> 
     </span>
    </p>
   </div>
   <div class='ocr_carea' id='block_1_109' title="bbox 2007 5419 3580 5496">
    <p class='ocr_par' dir='ltr' id='par_1_109' title="bbox 2007 5419 3580 5496">
     <span class='ocr_line' id='line_1_110' title="bbox 2007 5419 3580 5496; baseline -0.006 -20"><span class='ocrx_word' id='word_1_812' title='bbox 2007 5428 2276 5496; x_wconf 77' lang='lat' dir='ltr'><strong>aperiant,</strong></span> <span class='ocrx_word' id='word_1_813' title='bbox 2305 5440 2577 5496; x_wconf 84' lang='lat' dir='ltr'><strong>quamque</strong></span> <span class='ocrx_word' id='word_1_814' title='bbox 2602 5419 3031 5496; x_wconf 70' lang='lat' dir='ltr'><strong>spongiosilatem</strong></span> <span class='ocrx_word' id='word_1_815' title='bbox 3067 5422 3266 5496; x_wconf 83' lang='lat' dir='ltr'><strong>melius</strong></span> <span class='ocrx_word' id='word_1_816' title='bbox 3295 5436 3361 5496; x_wconf 80' lang='lat' dir='ltr'><strong>ex_</strong></span> <span class='ocrx_word' id='word_1_817' title='bbox 3387 5419 3580 5496; x_wconf 77' lang='lat' dir='ltr'><strong>Dama-</strong></span> 
     </span>
    </p>
   </div>
   <div class='ocr_carea' id='block_1_110' title="bbox 2008 5490 3581 5564">
    <p class='ocr_par' dir='ltr' id='par_1_110' title="bbox 2008 5490 3581 5564">
     <span class='ocr_line' id='line_1_111' title="bbox 2008 5490 3581 5564; baseline -0.005 -16"><span class='ocrx_word' id='word_1_818' title='bbox 2008 5490 2174 5564; x_wconf 78' lang='lat' dir='ltr'><strong>sceno</strong></span> <span class='ocrx_word' id='word_1_819' title='bbox 2207 5490 2432 5564; x_wconf 80' lang='lat' dir='ltr'><strong>dixeris.</strong></span> <span class='ocrx_word' id='word_1_820' title='bbox 2467 5490 2634 5564; x_wconf 69' lang='grc' dir='ltr'>ἤγουν</span> <span class='ocrx_word' id='word_1_821' title='bbox 2678 5490 2746 5545; x_wconf 72' lang='grc' dir='ltr'><strong>τὺ’</strong></span> <span class='ocrx_word' id='word_1_822' title='bbox 2783 5493 2976 5561; x_wconf 84' lang='grc' dir='ltr'>ἀραιόν</span> <span class='ocrx_word' id='word_1_823' title='bbox 2999 5511 3011 5524; x_wconf 93' lang='grc'><strong>·</strong></span> <span class='ocrx_word' id='word_1_824' title='bbox 3064 5493 3302 5560; x_wconf 84' lang='lat' dir='ltr'><strong>itemque</strong></span> <span class='ocrx_word' id='word_1_825' title='bbox 3333 5490 3398 5544; x_wconf 91' lang='lat' dir='ltr'><strong>de</strong></span> <span class='ocrx_word' id='word_1_826' title='bbox 3428 5490 3581 5564; x_wconf 64' lang='lat' dir='ltr'><strong>ejus-</strong></span> 
     </span>
    </p>
   </div>
   <div class='ocr_carea' id='block_1_111' title="bbox 2009 5557 3581 5638">
    <p class='ocr_par' dir='ltr' id='par_1_111' title="bbox 2009 5557 3581 5638">
     <span class='ocr_line' id='line_1_112' title="bbox 2009 5557 3581 5638; baseline -0.006 -22"><span class='ocrx_word' id='word_1_827' title='bbox 2009 5563 2154 5638; x_wconf 83' lang='lat' dir='ltr'><strong>modi</strong></span> <span class='ocrx_word' id='word_1_828' title='bbox 2198 5557 2848 5638; x_wconf 32' lang='lat' dir='ltr'><strong>densitatc,&#39;_qua_partes</strong></span> <span class='ocrx_word' id='word_1_829' title='bbox 2878 5565 2946 5616; x_wconf 91' lang='lat' dir='ltr'><strong>ad</strong></span> <span class='ocrx_word' id='word_1_830' title='bbox 2983 5578 3042 5638; x_wconf 69' lang='lat' dir='ltr'><strong>se</strong></span> <span class='ocrx_word' id='word_1_831' title='bbox 3087 5557 3276 5614; x_wconf 83' lang='lat' dir='ltr'><strong>mutuo</strong></span> <span class='ocrx_word' id='word_1_832' title='bbox 3314 5557 3581 5638; x_wconf 65' lang='lat' dir='ltr'><strong>accedunt</strong></span> 
     </span>
    </p>
   </div>
   <div class='ocr_carea' id='block_1_112' title="bbox 2003 5632 3582 5702">
    <p class='ocr_par' dir='ltr' id='par_1_112' title="bbox 2003 5632 3582 5702">
     <span class='ocr_line' id='line_1_113' title="bbox 2003 5632 3582 5702; baseline -0.008 -12"><span class='ocrx_word' id='word_1_833' title='bbox 2003 5633 2249 5702; x_wconf 85' lang='lat' dir='ltr'><strong>propius,</strong></span> <span class='ocrx_word' id='word_1_834' title='bbox 2299 5650 2465 5700; x_wconf 86' lang='lat' dir='ltr'><strong>seque</strong></span> <span class='ocrx_word' id='word_1_835' title='bbox 2515 5635 2686 5702; x_wconf 88' lang='lat' dir='ltr'><strong>magis</strong></span> <span class='ocrx_word' id='word_1_836' title='bbox 2735 5639 2982 5702; x_wconf 81' lang='lat' dir='ltr'><strong>tangunt.</strong></span> <span class='ocrx_word' id='word_1_837' title='bbox 3007 5632 3178 5686; x_wconf 89' lang='lat' dir='ltr'><strong>Porro</strong></span> <span class='ocrx_word' id='word_1_838' title='bbox 3216 5632 3582 5702; x_wconf 75' lang='lat' dir='ltr'><strong>spongiosita-</strong></span> 
     </span>
    </p>
   </div>
   <div class='ocr_carea' id='block_1_113' title="bbox 2003 5694 3585 5774">
    <p class='ocr_par' dir='ltr' id='par_1_113' title="bbox 2003 5694 3585 5774">
     <span class='ocr_line' id='line_1_114' title="bbox 2003 5694 3585 5774; baseline -0.004 -18"><span class='ocrx_word' id='word_1_839' title='bbox 2003 5694 2118 5774; x_wconf 69' lang='lat' dir='ltr'><strong>teni</strong></span> <span class='ocrx_word' id='word_1_840' title='bbox 2141 5694 2305 5774; x_wconf 88' lang='lat' dir='ltr'><strong>hanc,</strong></span> <span class='ocrx_word' id='word_1_841' title='bbox 2340 5694 2394 5757; x_wconf 80' lang='lat' dir='ltr'><strong>et</strong></span> <span class='ocrx_word' id='word_1_842' title='bbox 2425 5694 2749 5759; x_wconf 74' lang='lat' dir='ltr'><strong>densitatem</strong></span> <span class='ocrx_word' id='word_1_843' title='bbox 2785 5694 2857 5758; x_wconf 74' lang='lat' dir='ltr'><strong>ad</strong></span> <span class='ocrx_word' id='word_1_844' title='bbox 2885 5707 3026 5760; x_wconf 90' lang='lat' dir='ltr'><strong>situs</strong></span> <span class='ocrx_word' id='word_1_845' title='bbox 3059 5694 3407 5774; x_wconf 48' lang='lat' dir='ltr'><strong>catego&#39;riatui</strong></span> <span class='ocrx_word' id='word_1_846' title='bbox 3436 5694 3585 5750; x_wconf 77' lang='lat' dir='ltr'><strong>nulla</strong></span> 
     </span>
    </p>
   </div>
   <div class='ocr_carea' id='block_1_114' title="bbox 1999 5772 2526 5846">
    <p class='ocr_par' dir='ltr' id='par_1_114' title="bbox 1999 5772 2526 5846">
     <span class='ocr_line' id='line_1_115' title="bbox 1999 5772 2526 5846; baseline -0.002 -19"><span class='ocrx_word' id='word_1_847' title='bbox 1999 5772 2200 5843; x_wconf 84' lang='lat' dir='ltr'><strong>injuria</strong></span> <span class='ocrx_word' id='word_1_848' title='bbox 2232 5781 2526 5846; x_wconf 79' lang='lat' dir='ltr'><strong>revocant.</strong></span> 
     </span>
    </p>
   </div>
   <div class='ocr_carea' id='block_1_115' title="bbox 3225 0 3925 14">
    <p class='ocr_par' dir='ltr' id='par_1_115' title="bbox 3225 0 3925 14">
     <span class='ocr_line' id='line_1_116' title="bbox 3225 0 3925 14; baseline -0.007 2"><span class='ocrx_word' id='word_1_849' title='bbox 3225 0 3708 12; x_wconf 57' lang='lat' dir='ltr'><strong>‘mﬂm‘</strong></span> <span class='ocrx_word' id='word_1_850' title='bbox 3639 0 3660 4; x_wconf 82' lang='grc'><strong>’-</strong></span> <span class='ocrx_word' id='word_1_851' title='bbox 3709 1 3740 12; x_wconf 83' lang='lat'><strong>-.:.</strong></span> <span class='ocrx_word' id='word_1_852' title='bbox 3761 0 3858 12; x_wconf 90' lang='grc'><strong>---....---</strong></span> <span class='ocrx_word' id='word_1_853' title='bbox 3883 1 3925 14; x_wconf 80' lang='grc' dir='ltr'><strong>--ι</strong></span> 
     </span>
    </p>
   </div>
  </div>
