3962 6320
397 351 504 417 639

1589 345 1650 403 S.
1684 344 2006 406 JOANNIS
2045 344 2476 405 DAMASCENI

3550 355 3656 420 640

398 457 547 514 haud
575 464 758 512 tamen
782 456 832 511 id
873 455 1087 511 ratione
1109 452 1418 523 qualitatis,
1449 451 1543 508 sed
1564 453 1776 511 ratione
1801 470 1981 525 quan-

2099 455 2223 510 ιαθὺ
2254 458 2512 529 ποσότης.
2547 460 2660 513 Καὶ
2693 462 2754 516 τὸ
2796 460 2934 518 εῖναι
2965 463 3066 536 τὴν
3090 464 3418 536 ἐπιφάνειαν
3450 469 3658 538 ταύτην

394 548 613 602 titatis:
645 545 1107 616 quemadmodum
1136 545 1300 600 etiam
1349 544 1404 598 in
1443 555 1672 614 quanto,
1705 545 1886 601 simile
1919 554 1974 602 et

394 637 666 694 dissimile
693 638 1118 705 consideratur;
1143 651 1254 692 non
1288 645 1346 691 ut
1370 645 1640 706 quantum
1664 646 1770 706 est,
1787 637 1884 694 sed
1915 645 1976 692 ut

394 731 714 803 qualitatem
751 732 1066 802 participat.

1038 822 1191 879 CAP.
1226 823 1339 883 LII.

919 915 997 970 De
1027 933 1178 986 agere
1205 929 1253 970 et
1289 914 1420 985 pati.

470 1006 768 1063 Sciendum
815 1015 903 1062 est
967 1008 1242 1064 actionem
1287 1017 1341 1064 et
1385 1007 1726 1078 passionem,
1784 1006 1838 1062 id
1891 1016 1976 1062 est

397 1099 591 1172 agendi
619 1101 728 1154 vim
776 1108 830 1156 et
871 1100 1139 1170 patiendi,
1193 1101 1296 1156 sub
1347 1101 1613 1170 qualitate
1659 1100 1972 1155 contineri:

397 1206 565 1264 agens
595 1208 726 1248 vero
753 1202 806 1247 et
844 1195 1062 1263 patiens
1093 1195 1461 1249 substantiam
1493 1193 1791 1264 quamdam
1829 1208 1973 1259 esse,

399 1294 550 1339 certo
598 1285 836 1356 quodam
891 1287 1055 1341 modo
1106 1296 1447 1356 operantem,
1503 1296 1598 1340 aut
1650 1287 1976 1356 patientem.

398 1379 576 1448 Agere
604 1379 772 1448 igitur
797 1389 883 1434 est
908 1381 960 1433 in
995 1380 1177 1449 seipso
1205 1380 1443 1435 actionis
1477 1395 1701 1434 causam
1729 1378 1932 1433 habere
1958 1396 1973 1433 ε

399 1468 512 1538 pati
548 1477 756 1535 autem,
789 1470 844 1524 in
873 1470 1078 1539 seipso,
1104 1482 1156 1525 et
1193 1473 1248 1525 in
1298 1472 1408 1525 alio
1471 1473 1708 1541 patiendi
1751 1485 1979 1526 causam

401 1562 639 1630 habere;
692 1572 752 1617 ut
801 1565 1008 1633 opifex,
1065 1572 1120 1619 et
1168 1565 1302 1619 illud
1345 1567 1491 1634 quod
1531 1565 1782 1620 eflicitur.
1841 1563 1977 1618 Nam

400 1653 588 1724 opifex
616 1655 670 1710 in
712 1671 771 1711 se
806 1657 992 1727 operis
1027 1672 1252 1713 causam
1280 1658 1483 1712 habet:
1533 1672 1674 1728 opus
1706 1667 1888 1712 autem
1923 1658 1978 1711 in

401 1747 607 1816 Opifice
645 1749 867 1818 quidem
901 1749 1242 1820 principium
1271 1750 1476 1816 habet;
1507 1751 1562 1804 in
1614 1749 1796 1820 seipso
1823 1764 1974 1814 vero,

402 1840 769 1909 aptitudinem
817 1842 884 1896 ad
935 1841 1276 1911 patiendum.
1329 1842 1434 1898 Per
1488 1843 1737 1913 Opificem
1795 1850 1978 1896 autem

403 1930 507 1985 hoc
539 1931 660 1986 loco
689 1931 956 1987 artificem
992 1933 1377 2002 intelligimus,
1407 1943 1538 2004 puta
1576 1933 1792 1987 fabrum
1821 1949 1836 1986 :
1885 1946 1981 2002 per

403 2037 541 2092 opus
569 2038 719 2089 vero,
746 2025 1029 2078 materiam
1062 2026 1260 2080 artifici
1290 2025 1618 2094 subjectam,
1651 2035 1710 2079 ut
1745 2024 1976 2096 lignum.

405 2111 563 2184 Ligui
590 2113 864 2186 siquidem
898 2117 1127 2170 materia
1158 2115 1318 2172 fabro
1345 2116 1660 2186 subjicitur.

476 2379 681 2434 Eorum
726 2396 894 2452 porro
941 2382 1147 2452 quibus
1191 2396 1352 2453 agere
1407 2389 1462 2436 et
1515 2381 1626 2452 pati
1680 2381 1982 2445 convenit;

407 2473 655 2540 quaedam
692 2474 1020 2544 simpliciter
1051 2474 1233 2530 facere
1261 2474 1544 2537 dicuntur,
1583 2483 1644 2528 ut
1675 2474 1731 2528 in
1771 2473 1985 2529 artibus

409 2567 646 2633 factivis,
679 2580 810 2639 puta
843 2570 1053 2635 fabrili,
1089 2573 1306 2636 aeraria,
1329 2586 1394 2625 ac
1427 2571 1723 2635 similibus,
1755 2571 1811 2625 in
1863 2570 1988 2640 qui-

408 2658 513 2715 bus
541 2675 682 2730 opus
710 2672 982 2727 remanet,
1007 2663 1172 2719 etiam
1203 2672 1494 2734 postquam
1521 2661 1702 2730 opifex
1723 2661 1794 2715 ab
1819 2675 1988 2730 opere

409 2753 732 2808 cessaverit.
782 2752 996 2809 Etenim
1051 2763 1342 2825 postquam
1413 2754 1753 2808 architectus
1825 2754 1986 2806 finem

409 2847 715 2902 :cdificandi
764 2848 916 2914 fecit,
968 2857 1216 2902 remanet
1265 2848 1412 2917 quod
1463 2854 1806 2902 exstructqu
1861 2844 1982 2899 fuit.

409 2939 671 3005 Quaedam
723 2949 914 2996 autem
959 2940 1226 2995 dicuntur
1271 2955 1457 3012 agere.
1505 2941 1557 2994 in
1601 2938 1808 3009 quibus
1855 2937 1989 2992 illud

411 3034 555 3102 quid
603 3034 782 3104 agitur
829 3050 934 3088 non
982 3042 1254 3097 remanet,
1306 3041 1562 3091 cessante
1611 3047 1677 3087 eo
1724 3031 1818 3102 qui
1852 3031 1986 3099 agit.

2081 548 2204 618 ῖσην
2255 548 2440 620 ἐκείνῃ
2477 552 2544 622 τῇ
2576 554 2867 628 ἐπιφανείᾳ
2892 574 2905 588 ·
2939 555 3015 623 ὡς
3070 559 3166 612 καὶ
3205 560 3262 614 ἐν
3299 558 3378 630 τῷ
3405 560 3556 630 τόπῳ
3596 562 3658 614 τὸ

2077 635 2264 706 ὅμοιον
2315 639 2409 691 καὶ
2435 639 2688 711 ἀνόμοιον
2718 643 3004 715 θεωρεῖται
3029 687 3044 716 ,
3075 647 3137 700 ού
3173 648 3316 704 κατὰ
3361 649 3423 704 τὸ
3466 649 3655 716 ποσὸν,

2077 728 2215 783 ἀλλὰ
2249 729 2394 784 καθὸ.
2423 732 2642 804 μετέχει
2677 737 2981 809 ποιότητος.

2659 829 2912 910 ΚεΦΑΑ.
2948 831 3074 886 NB'.

2388 920 2528 988 Περί
2551 920 2660 976 τοῦ
2705 922 2899 976 ποιεῖν
2939 924 3036 977 καὶ
3066 921 3346 994 πάσχειν.

2147 1005 2268 1076 Χρὴ
2319 1010 2632 1078 γινώσκειν,
2683 1015 2766 1068 ὃτι
2821 1016 2854 1086 ὴ
2902 1017 3122 1089 ποίησις
3169 1019 3264 1072 καὶ
3319 1019 3658 1091 ήπάθησις,

2076 1096 2244 1168 ἦγουν
2270 1101 2302 1170 ἡ
2338 1104 2590 1175 ποιητικὴ
2620 1105 2849 1177 δύναμις
2877 1109 2972 1161 καὶ
3006 1111 3038 1181 ἡ
3077 1110 3372 1182 παθητικὴ,
3423 1113 3526 1165 ὑπὸ
3555 1113 3657 1182 τὴν

2078 1190 2342 1260 ποιότητά
2383 1196 2489 1247 εἰσι
2515 1210 2529 1226 ⁸
2574 1195 2636 1249 τὸ
2684 1196 2740 1252 δὲ
2786 1199 2974 1253 ποιοῦν
3019 1201 3114 1254 καὶ
3147 1200 3208 1253 τὺ
3235 1202 3461 1272 πάσχον,
3496 1204 3657 1256 οὐσία

2077 1281 2164 1344 τίς
2203 1283 2321 1335 ἐστι
2348 1285 2573 1339 τοιῶσδε
2617 1289 2916 1358 ἐνεργοῦσα
2945 1307 2960 1320 '
3011 1295 3184 1346 ποιεῖν
3212 1289 3305 1348 οὖν
3339 1296 3457 1347 ἐστι
3497 1295 3558 1346 τὸ
3597 1298 3656 1348 ἐν

2079 1373 2259 1445 ἐαυτῷ
2293 1375 2437 1446 ἔχειν
2477 1379 2654 1433 αἰτίαν
2699 1381 2800 1452 τῆς
2838 1384 3152 1454 ἐνεργείας·
3207 1386 3440 1458 πάσχειν
3468 1387 3558 1447 δὲ,
3593 1387 3658 1440 τὸ

2079 1464 2137 1516 ἐν
2167 1465 2362 1536 ἑαυτῷ,
2389 1467 2485 1522 καὶ
2505 1471 2562 1524 ἐν
2599 1470 2743 1542 ἄλλῳ
2766 1472 2912 1543 ἔχειν
2942 1478 3039 1546 τὴν
3067 1477 3250 1532 αἰτίαν
3270 1477 3364 1530 τοῦ
3400 1478 3655 1546 πάσχειν,

2081 1555 2155 1618 ὡς
2191 1557 2220 1608 ὁ
2247 1557 2597 1632 δημιουργὸς,
2643 1563 2738 1616 καὶ
2781 1564 2843 1617 τὸ
2891 1565 3416 1638 δημιουργούμενον.
3465 1568 3524 1622 Ὀ
3555 1571 3660 1638 μὲν

2080 1647 2189 1719 γάρ
2217 1649 2550 1722 δημιουργὸς
2571 1693 2585 1718 ,
2616 1656 2674 1708 ἐν
2716 1657 2895 1728 ἐαυτῷ
2932 1657 3045 1729 ἔχει
3079 1660 3179 1730 τὴν
3209 1660 3389 1714 αἰτίαν
3420 1660 3518 1730 τῆς
3559 1660 3660 1729 δη-

2087 1742 2395 1813 μιουργίας.
2467 1745 2540 1798 Τὸ
2594 1746 2654 1800 δὲ
2711 1748 3248 1821 δημιουργούμενον,
3303 1751 3362 1805 ὲν
3421 1750 3518 1821 μὲν
3579 1749 3662 1820 τῷ

2081 1831 2400 1905 δημιουργῷ
2441 1835 2542 1908 τὴν
2585 1839 2761 1910 ἀρχὴν
2805 1840 2906 1911 τῆς
2953 1841 3356 1914 δημιουργίας,
3393 1844 3452 1896 ἐν
3478 1843 3672 1913 ἐαυτῷ

2080 1925 2156 1990 δὲ,
2204 1925 2304 1996 τὴν
2347 1927 2765 2000 ἐπιτηδειότητα
2810 1932 2908 2003 τῆς
2955 1933 3271 2004 παθήσεως.
3316 1935 3666 2007 Δημιουργδν

2080 2013 2136 2066 δὲ
2179 2014 2452 2082 ἐνταῦθα,
2491 2017 2584 2072 τὸν
2624 2020 2875 2092 τεχνίτην
2921 2020 3156 2094 λέγομεν
3182 2063 3198 2088 ,
3245 2020 3358 2080 οἷον
3387 2024 3615 2078 τέκτονα
3643 2042 3668 2062 κ

2081 2104 2584 2178 δημιουργούμενον
2615 2109 2695 2170 δὲ,
2731 2109 2832 2180 τὴν
2863 2109 2994 2182 ὓλην
3039 2111 3138 2182 τὴν
3183 2113 3551 2184 ὑποκειμένην
3578 2114 3668 2183 τῷ

2083 2195 2304 2270 τεχνίτῃ
2327 2212 2342 2227 ο
2377 2193 2488 2253 οἷον
2519 2198 2616 2273 τὴν
2649 2199 2942 2275 ξυλὶικᾘιν.
2974 2201 3123 2276 Αὕτη
3152 2205 3261 2277 γάρ
3281 2205 3563 2259 ὑπόκειται
3578 2205 3680 2276 τῷ

2085 2289 2319 2346 τέκτονι.

2155 2381 2262 2436 Τοῦ
2309 2383 2368 2440 δέ
2412 2389 2586 2441 ποιεῖν
2635 2389 2730 2443 καὶ
2770 2389 2866 2444 τοῦ
2913 2390 3144 2462 πάσχειν
3168 2430 3184 2457 ,
3228 2391 3297 2446 τὰ
3331 2391 3430 2462 μὲν
3475 2389 3676 2454 ἁπλῶς

2085 2474 2357 2544 λέγονται,
2391 2478 2468 2543 ὡς
2493 2479 2587 2534 ἐπὶ
2610 2482 2718 2536 τῶν
2745 2484 3048 2555 ποιητικῶν
3065 2483 3268 2555 τεχνῶν
3295 2499 3311 2515 ·
3337 2482 3451 2539 οἷον
3475 2499 3670 2537 τεκτο-

2087 2569 2263 2637 νικῆς,
2299 2569 2688 2642 χαλκευτικῆς,
2725 2575 2819 2629 καὶ
2855 2575 2966 2630 τῶν
3010 2575 3270 2630 τοιούτων
3292 2593 3306 2607 ·
3341 2576 3426 2643 ἐφ’
3459 2569 3534 2630 ὧν
3570 2575 3672 2629 καὶ⁵

2092 2661 2232 2730 μετὰ
2279 2662 2339 2715 τὸ
2403 2663 2719 2722 παύσασθαι
2783 2669 2876 2722 τὸν
2926 2668 3224 2736 ποιοῦντα,
3284 2669 3530 2740 διαμένει
3601 2667 3678 2722 τὸ

2090 2752 2322 2824 ποίημα.
2356 2755 2462 2809 Τοῦ
2494 2757 2601 2828 γάρ
2631 2761 2914 2832 οἰκοδόμου
2944 2763 3292 2834 παυσαμένου
3328 2761 3423 2816 τοῦ
3456 2760 3670 2816 almam

2093 2847 2236 2914 μεῖν,
2264 2846 2513 2917 διαμένει
2537 2850 2600 2904 τὸ
2634 2853 2992 2924 οἰκοδομηθὲν
3011 2871 3026 2885 ⁶
3060 2856 3129 2910 τά
3157 2855 3216 2908 δὲ
3243 2855 3460 2923 λέγεται
3492 2853 3674 2924 πράυ-

2089 2951 2225 2999 τειν,
2250 2937 2334 3006 ἐφ’
2365 2931 2440 2992 ὧν
2469 2941 2530 2994 οὐ
2556 2941 2800 3012 διαμένει
2828 2944 2889 2997 τὸ
2908 2944 3284 3016 πραττόμενον
3313 2943 3672 3012 παυσαμένω

2091 3027 2185 3080 τοῦ
2225 3029 2584 3098 πράσσοντος.
2621 3033 2983 3104 Παυσαμένου
3019 3033 3131 3105 γὰρ
3163 3033 3258 3088 τοῦ
3303 3031 3572 3104 αὐλητοῦ,
3601 3031 3674 3086 οὐ

415 3123 515 3179 Ubi
543 3126 688 3180 enim
729 3125 928 3182 tibicen
973 3125 1208 3182 canendi
1248 3127 1405 3180 finem
1449 3125 1598 3184 fecit,
1647 3139 1759 3177 non
1809 3129 1989 3176 manet

2099 3115 2337 3187 διαμένει
2363 3159 2378 3184 ,
2415 3121 2532 3176 ἀλλ’
2561 3123 2859 3180 ἀπόλλυται
2888 3127 2921 3195 ἡ
2961 3125 3210 3197 αὔλησις.
3254 3126 3328 3180 Τὸ
3358 3125 3416 3179 δὲ
3449 3125 3677 3193 λέγεται

413 3216 563 3271 tibia;
600 3224 825 3280 cantus,
855 3217 950 3272 sed
987 3218 1196 3272 interit.
1233 3215 1491 3281 Qumdam
1517 3213 1756 3283 denique
1799 3212 1995 3266 dicun-

415 3317 504 3361 tur
539 3309 904 3379 contemplari
931 3326 946 3374 ;
971 3310 1048 3364 uti
1093 3309 1318 3364 studere
1345 3305 1699 3362 astronomia:
1739 3312 1834 3358 aut
1869 3319 1995 3374 geo-

415 3403 648 3466 metriae,
690 3401 1020 3472 intelligere,
1049 3402 1250 3471 hisque
1283 3400 1509 3456 similia.
1547 3396 1693 3453 Sunt
1739 3398 1861 3452 aliae
1911 3396 1996 3451 in-

415 3507 582 3561 super
610 3493 847 3563 species,
900 3509 1022 3564 qua:
1068 3493 1125 3548 in
1154 3493 1412 3548 animatis
1442 3491 1906 3555 considerantur;
1939 3495 1997 3542 ut

415 3583 470 3636 in
495 3583 638 3654 igne,
675 3585 872 3656 lapide,
909 3583 1057 3656 ligno
1096 3595 1152 3642 et
1187 3584 1486 3640 similibus.
1512 3583 1702 3638 Priora
1741 3581 1910 3652 igitur
1934 3579 1989 3634 in

421 3675 508 3730 his
551 3693 672 3746 qua:
703 3679 913 3733 ratione
936 3685 1191 3742 utuntur,
1226 3678 1404 3732 locum
1428 3676 1654 3730 habent.
1684 3673 1998 3729 Posteriora

421 3777 625 3834 autem,
659 3771 716 3824 in
742 3771 854 3826 illis
892 3785 1014 3840 qua:
1044 3770 1226 3824 anima
1265 3777 1320 3824 et
1349 3767 1562 3823 ratione
1615 3772 1826 3820 carent.
1878 3761 1997 3817 Non

417 3865 564 3917 enim
592 3878 655 3918 ea
689 3865 902 3920 ratione
933 3865 1066 3936 agit,
1109 3880 1217 3936 qua
1245 3871 1332 3920 est
1373 3863 1719 3927 animatum;
1765 3858 1862 3915 sed
1889 3872 1996 3929 qua

419 3969 626 4025 corpus
659 3956 940 4011 admotum
983 3956 1222 4026 corpori.

493 4046 602 4118 58
632 4049 839 4119 Duplex
869 4057 1052 4104 autem
1081 4047 1379 4118 categorize
1431 4046 1596 4115 hujus
1645 4045 1950 4115 proprietas
1983 4061 1997 4096 :

427 4141 618 4204 altera,
643 4151 699 4196 ut
735 4143 1188 4196 contrarietatem
1225 4139 1501 4194 admittat.
1519 4137 1654 4192 Nam
1676 4136 1999 4200 calefacere,

427 4247 494 4287 ac
536 4232 862 4304 frigefacere
913 4233 1060 4287 inter
1095 4247 1156 4288 se
1191 4239 1460 4300 pugnant.
1489 4230 1696 4292 Altera,
1731 4239 1793 4282 ut
1828 4227 2001 4298 magis

421 4337 477 4381 et
524 4327 708 4383 minus
749 4325 1034 4396 suscipiat.
1082 4323 1294 4394 Quippe
1324 4322 1618 4393 contingit,
1663 4337 1788 4377 cum
1827 4319 2000 4390 magis

423 4416 749 4482 calefacere,
781 4431 908 4471 cum
941 4415 1126 4471 minus
1149 4413 1513 4485 frigefacere;
1553 4413 1794 4482 itemque
1825 4410 2002 4480 magis

422 4509 687 4573 calefieri,
721 4516 776 4564 et
796 4510 978 4563 minus
1005 4505 1283 4580 frigefieri-

495 4601 688 4671 Itaque
719 4601 774 4654 in
813 4597 1256 4670 praedicamentis
1283 4596 1547 4651 omnibus
1583 4592 2008 4650 considerantur

424 4707 590 4762 agere
623 4701 678 4749 et
700 4693 854 4764 pati:
888 4693 1154 4748 nimirum
1203 4692 1256 4746 in
1309 4689 1640 4755 substantia,
1697 4686 1922 4757 gignere
1954 4691 2010 4740 et

433 4785 584 4856 gigni
609 4803 622 4838 :
650 4785 708 4840 in
736 4786 1068 4856 quantitate,
1093 4797 1390 4838 numerare
1411 4789 1466 4836 et
1494 4777 1774 4835 numerari
1799 4796 1812 4832 :
1852 4776 1908 4830 in
1941 4775 2010 4830 iis

429 4892 555 4944 quae
583 4876 651 4930 ad
677 4877 908 4947 aliquid,
949 4876 1344 4945 conduplicare
1369 4883 1425 4928 et
1459 4868 1846 4940 conduplicari
1892 4886 1908 4923 :
1953 4867 2010 4922 in

427 4969 718 5041 qualitate,
746 4970 1006 5025 dealbare
1031 4979 1087 5025 et
1111 4967 1359 5024 dealbari
1385 4985 1400 5023 :
1434 4966 1489 5020 in
1513 4965 1620 5020 situ
1650 4964 1925 5019 collocare
1947 4969 2004 5016 et

428 5061 694 5116 collocari
723 5078 740 5118 :
771 5061 826 5114 in
861 5061 1084 5123 habere,
1123 5059 1266 5114 ferre
1299 5072 1363 5112 ac
1400 5055 1533 5111 ferri
1573 5075 1586 5111 :
1620 5055 1677 5109 in
1711 5054 1840 5118 ubi,
1873 5067 2006 5108 con-

430 5152 608 5208 tinere
649 5159 703 5208 et
726 5150 996 5206 contineri
1037 5169 1050 5205 :
1087 5150 1212 5205 item
1254 5149 1308 5204 in
1341 5146 1580 5219 quando,
1616 5145 1901 5200 continere
1943 5151 1998 5199 et

436 5240 746 5309 contineri;
779 5240 834 5295 in
871 5239 1128 5312 presenti
1160 5238 1396 5307 scilicet,
1420 5245 1474 5295 et
1504 5235 1799 5308 prmterito,
1833 5241 1888 5288 et
1914 5232 2002 5289 fu-

437 5339 563 5386 turo
580 5339 843 5402 tempore.

2033 4477 2079 4532 D

2097 3207 2342 3281 θεωρεῖν,
2375 3213 2452 3276 ὡς
2487 3214 2549 3267 τὸ
2578 3217 2958 3288 ἀστρονομεῖν,
2989 3221 3349 3290 γεωμετρεῖν,
3381 3221 3544 3282 νοεῖν,
3572 3220 3680 3271 καὶ

2097 3299 2164 3353 τὰ
2194 3301 2437 3356 τοιαῦτα.
2478 3303 2596 3358 Ἔτι
2622 3304 2678 3358 δὲ
2713 3306 2810 3360 καὶ
2844 3306 2915 3360 τὰ
2943 3307 3295 3379 θεωρούμενα
3328 3309 3441 3380 εῖδη
3467 3310 3526 3362 ἐν
3555 3310 3679 3374 τοῖς

2097 3391 2350 3462 ἀψύχοις,
2379 3389 2513 3460 οἷον,
2544 3397 2700 3468 πυρὶ,
2737 3396 2891 3470 λίθῳ,
2922 3399 3085 3468 ξύλῳ,
3113 3401 3209 3454 καὶ
3240 3403 3352 3464 τοῖς
3379 3400 3678 3464 τοιούτοις.

2098 3482 2180 3535 Τά
2233 3483 2333 3553 μὲν
2373 3480 2470 3540 οὖν
2517 3488 2712 3559 πρῶτα
2749 3489 2844 3542 ἐπὶ
2891 3490 3000 3544 τῶν
3055 3491 3291 3560 λογικῶν
3332 3493 3440 3545 εἰσι
3467 3511 3480 3524 ο
3521 3493 3581 3545 τὸ
3607 3491 3674 3547 δὲ

2099 3571 2328 3643 ἔσχατον
2355 3575 2449 3629 ἐπὶ
2486 3578 2597 3632 τῶν
2631 3579 2856 3651 ἀψύχων
2888 3582 2982 3635 καὶ
3015 3583 3250 3652 ἀλόγων.
3279 3583 3353 3637 Ού
3399 3583 3534 3638 καθδ
3565 3586 3681 3656 γάρ

2098 3663 2341 3736 ἔμψυχον
2398 3671 2584 3736 ποιεῖ,
2631 3671 2768 3725 ἀλλὰ
2815 3671 2952 3726 καθὸ
2995 3672 3156 3745 σῶμα
3206 3673 3508 3746 πλησιάζον
3561 3673 3680 3732 mbo

2102 3773 2252 3826 ματιλ.

2174 4017 2279 4070 Δύο
2321 4017 2379 4072 δὲ
2411 4018 2524 4090 ἔχει
2574 4020 2722 4076 ῐδια·
2775 4021 3032 4091 πρῶτον,
3067 4023 3130 4077 τὸ
3181 4023 3529 4095 ἐπιδέχεσθαι
3575 4025 3683 4096 τὴν

2103 4111 2492 4182 ἐναντιότητα·
2539 4113 2600 4167 τὸ
2642 4114 2750 4185 γὰρ
2785 4114 3098 4186 θερμαίνειν
3142 4116 3384 4170 ἐναντίον
3431 4116 3548 4169 ἐστί
3582 4117 3681 4170 τοῦ

2103 4203 2297 4275 ψύχειν
2319 4221 2332 4235 ·
2369 4204 2623 4278 δεύτερον
2644 4247 2660 4272 ,
2699 4206 2760 4260 τὸ
2810 4207 3010 4278 μᾶλλον
3042 4208 3136 4261 καὶ
3167 4202 3330 4280 ἦττον
3353 4224 3368 4238 ·
3406 4209 3682 4278 ἐνδέχεται

2104 4297 2214 4370 γὰρ
2243 4297 2445 4368 μᾶλλον
2474 4297 2808 4369 θερμαίνειν,
2862 4299 2956 4353 καὶ
3004 4295 3167 4370 ἦττον
3208 4299 3436 4372 ψύχειν’
3477 4301 3685 4372 ὁμοίως

2105 4391 2200 4445 καὶ
2229 4391 2652 4462 θερμαίνεσθαι,
2685 4393 2781 4448 καὶ
2808 4391 3097 4464 ψύχεσθαι.

2191 4570 2279 4624 Ἐν
2326 4569 2530 4632 πάσαις
2572 4565 2666 4621 οὖν
2708 4570 2831 4632 ταῖς
2876 4567 3235 4639 κατηγορίαις
3283 4569 3571 4640 θεωρεῖται
3622 4567 3691 4622 τὺ

2109 4664 2285 4716 ποιεῖν
2324 4661 2420 4715 καὶ
2457 4659 2713 4730 πάσχειν.
2759 4659 2848 4712 Ἐν
2901 4659 3000 4730 μὲν
3039 4661 3104 4730 τῇ
3152 4660 3340 4731 οὐσίᾳ,
3390 4661 3450 4714 τὸ
3489 4659 3690 4732 γεννᾷν

2109 4751 2206 4805 καὶ
2233 4749 2562 4818 γεννᾶσθαι·
2606 4751 2665 4802 ἐν
2694 4749 2751 4802 δὲ
2795 4748 2874 4819 τῷ
2919 4750 3104 4821 ποσῷ,
3139 4749 3396 4822 ἀριθμεῖν
3426 4751 3522 4804 καὶ
3564 4751 3693 4822 ἀρι-

2111 4838 2368 4910 θμεῖσθαι
2395 4855 2410 4870 ο
2457 4839 2517 4893 ὲν
2561 4838 2619 4891 δὲ
2664 4840 2778 4901 τοῖς
2823 4837 2962 4909 πρός
2999 4855 3094 4904 τι,
3124 4838 3544 4903 διαπλασιάζειν
3589 4841 3691 4894 καὶ

2112 4928 2633 4993 διαπλασιάξεσθαιο
2682 4931 2742 4982 ὲν
2787 4931 2856 4999 τῇ
2916 4929 3202 4999 ποιότητι,
3243 4929 3550 4984 λευκαίνειν
3591 4931 3692 4984 καὶ

2112 5021 2490 5076 λευκαίνεσθαι
2514 5038 2528 5052 ·
2569 5023 2626 5074 ἐν
2651 5019 2729 5091 τῷ
2758 5020 2995 5083 κεῖσθαι,
3047 5020 3292 5086 καθίζειν
3335 5023 3430 5076 καὶ
3459 5022 3695 5084 καθέζεο

2114 5116 2268 5169 σθαι·
2296 5115 2354 5168 ἐν
2384 5114 2466 5184 τῷ
2497 5113 2664 5184 ἐχειν,
2699 5113 2888 5182 φορεῖν
2909 5111 3003 5164 καὶ
3027 5113 3314 5183 φορεῖσθαι
3335 5127 3350 5142 ο
3385 5113 3442 5166 ἐν
3465 5116 3532 5184 τῇ
3560 5112 3690 5176 ποῦ,

2117 5209 2396 5281 περιέχειν
2427 5209 2521 5263 καὶ
2554 5207 2905 5279 περιέχεσθαι
2932 5223 2946 5237 ο
2979 5207 3038 5260 ἐν
3077 5208 3142 5277 τῇ
3189 5207 3320 5260 πότε
3346 5247 3361 5271 ,
3410 5206 3696 5276 περιέχειν

2119 5303 2212 5356 καὶ
2241 5298 2596 5371 περιέχεσθαι
2626 5299 2684 5350 ἐν
2712 5296 2793 5368 τῷ
2820 5296 3097 5362 ἐνεστῶτι,
3125 5296 3218 5350 καὶ
3247 5294 3693 5369 παρεληλυθότιά

2121 5396 2214 5448 καὶ
2249 5391 2496 5464 μέλλοντι
2523 5388 2722 5462 χρόνῳ.

1730 5563 1964 5622 νΑῐὶΙᾸΞ
2002 5557 2295 5619 LECTION
2302 5555 2406 5614 ES.

517 5669 549 5715 ⁸
585 5673 712 5754 Haec
741 5679 944 5737 habent
994 5697 1128 5738 mss.
1159 5682 1311 5754 Regii
1359 5690 1596 5753 quatuor
1630 5699 1643 5735 :
1675 5679 1875 5735 desunt
1916 5679 1972 5733 in
2014 5668 2199 5732 editis.
2249 5670 2304 5726 In
2337 5668 2471 5741 lleg.
2511 5666 2669 5733 5362,
2708 5665 2927 5738 reperi:
2961 5665 3017 5718 ἐν
3046 5667 3111 5735 τῇ
3149 5664 3294 5728 πότε,
3350 5659 3545 5730 πέρυσι
3597 5654 3697 5710 καὶ

449 5746 775 5820 προπέρυσι.
