3962 6320
256 269 373 331 ΕΜ

856 381 1114 453 non.
1144 396 1270 452 NI".

768 490 911 559 Περὶ
954 490 1063 545 τοῦ
1101 490 1357 545 κεῖσθαι.

344 582 579 639 Κεῖσθαί
612 583 750 648 ἐστι,
795 581 857 636 τὸ
891 580 1037 652 ἔχειν
1083 580 1233 636 θέσιν
1278 597 1398 643 πως
1446 580 1583 649 πρὸς
1628 577 1856 649 ἕτερον·

267 669 386 729 οἷον
413 673 474 727 τὸ
505 672 665 742 σῶμα
711 670 775 725 τὸ
827 670 1086 741 κείμενόν
1142 688 1260 734 πως
1313 669 1450 742 πρὸς
1492 671 1593 740 τὴν
1645 666 1859 721 τοιόνδε

270 767 467 821 θέσιν
519 765 552 837 ἢ
594 764 733 836 πρὸς
779 764 1171 833 ἀνάκλισιν,ἢ
1219 763 1524 833 καθέδραν,
1560 761 1595 831 ἦ
1647 761 1858 815 στάσιν.

269 861 405 930 Είδη
437 859 495 914 δὲ
522 856 616 912 τοῦ
649 856 866 921 κεῖσθαι
892 857 1022 929 τρία
1050 872 1063 886 ·
1094 856 1155 909 τὸ
1179 856 1453 921 ἵστασθαι,
1479 853 1542 908 τὸ
1563 852 1858 924 καθῆσθαι,

268 949 338 1003 τὸ
366 947 759 1005 άνακλίνεσθαι
782 963 793 977 ·
849 947 911 1000 τὸ
949 946 1052 1018 μὲν
1080 945 1190 1017 γὰρ
1221 943 1382 1016 ὀρθὸν
1416 938 1579 1009 εἶναι,
1608 942 1671 996 τὸ
1704 941 1860 994 ἵστα-

274 1041 404 1095 σθαι
444 1043 607 1095 ποιεῖ.
644 1040 719 1093 Τὸ
767 1039 822 1093 δὲ
873 1037 1017 1092 κατὰ
1048 1038 1216 1109 μέρος
1272 1035 1372 1109 μὲν
1428 1035 1679 1101 κεῖσθαι,
1719 1031 1864 1087 κατὰ

272 1134 450 1205 μέρος
470 1131 526 1185 δὲ
557 1131 838 1193 ἵστασθαι,
878 1131 1027 1184 ποιεῖ
1047 1129 1108 1182 τὺ
1133 1127 1445 1199 καθῆσθαι·
1478 1126 1539 1180 τὸ
1573 1125 1630 1179 δὲ
1665 1142 1865 1177 παντε-

272 1224 388 1290 λῶς
429 1224 684 1288 κεῖσθαι,
736 1224 885 1276 ποιεῖ
928 1220 989 1274 τὸ
1021 1218 1431 1274 ἀνακλίνεσθαι.
1490 1217 1564 1271 Οὐ
1616 1214 1768 1285 δηλοῖ
1810 1213 1866 1267 δὲ

273 1319 340 1373 τὸ
395 1317 646 1384 κεῖσθαι,
704 1315 839 1369 οὐδὲδ
874 1314 936 1369 τὸ
1002 1313 1256 1383 κείμενον
1281 1353 1296 1379 ,
1350 1312 1470 1365 οὐδὲ
1523 1310 1613 1365 τὸν
1662 1309 1827 1363 τόπον
1851 1326 1865 1341 ο

274 1411 397 1464 ἀλλ’
464 1410 637 1481 αὐτὴν
712 1408 813 1481 τὴν
884 1406 1035 1461 θέσιν
1095 1406 1190 1459 τοῦ
1258 1404 1517 1477 κειμένου
1576 1402 1715 1475 πρὸς
1776 1401 1868 1455 τὸν

272 1503 462 1556 τόπον.

350 1595 473 1648 Τῶν
506 1592 562 1647 δὲ
600 1590 894 1663 κειμένων,
919 1595 989 1643 τὰ
1020 1589 1119 1659 μὲν
1154 1589 1298 1643 κατὰ
1328 1588 1493 1657 φύσιν
1522 1589 1756 1649 κεῖνται,
1792 1584 1869 1648 ὡς

274 1690 349 1743 τὰ
378 1689 618 1757 στοιχεῖα
654 1687 712 1739 ὲν
744 1687 858 1748 τοῖς
886 1683 1110 1746 οἰκείοις
1140 1681 1331 1745 τόποις
1359 1698 1373 1711 θ
1406 1676 1546 1745 οἷον,
1579 1681 1674 1751 γῆ,
1700 1678 1866 1748 ὕδωρ,

276 1783 412 1854 ἀὴρ,
449 1754 580 1852 πέρ,
621 1779 718 1833 καὶ
754 1776 825 1831 τά
867 1775 1097 1831 τοιαῦτα
1128 1792 1143 1806 ο
1196 1774 1268 1828 τὰ
1300 1774 1357 1826 δὲ
1395 1773 1537 1827 κατὰ
1578 1772 1727 1827 θέσιν
1770 1770 1867 1825 καὶ
1904 1754 1942 1809 Β

279 1877 502 1946 τέχνην,
533 1873 610 1936 ὡς
642 1869 889 1941 ἀνδριὰς,
935 1869 1091 1935 κίων,
1137 1867 1233 1921 καὶ
1267 1866 1337 1920 τὰ
1372 1865 1622 1920 τοιαῦτα.
1664 1861 1867 1917 Λοιπὸν

278 1966 645 2038 ὲπιδιαίρεσις
693 1964 727 2035 ἡ
760 1963 1019 2032 λέγουσα,
1052 1961 1138 2014 ὃτι
1181 1959 1291 2013 τῶν
1324 1958 1617 2030 κειμένων,
1663 1956 1732 2009 τὰ
1767 1956 1866 2025 μὲν

282 2057 559 2128 στάσιμα,
599 2056 676 2118 ὡς
707 2055 779 2124 γῆ
808 2070 822 2083 ·
871 2051 942 2105 τὰ
969 2050 1026 2104 δὲ
1057 2048 1354 2121 κινούμενα
1377 2089 1392 2114 ,
1439 2047 1513 2112 ὡς
1540 2047 1610 2100 τὰ
1638 2046 1868 2117 οὐράνια

283 2150 537 2221 σώματα.
574 2148 697 2201 Ἔτι
722 2146 833 2199 τῶν
858 2144 1152 2216 κειμένων,
1183 2140 1252 2195 τὰ
1284 2141 1385 2213 μὲν
1410 2139 1641 2210 δυνάμει
1665 2141 1864 2201 κεῖται,

281 2244 456 2312 ἤγουν
492 2238 561 2293 τά
601 2238 877 2309 δυνάμενα
925 2233 1289 2308 μετέρχεσθαι
1318 2250 1332 2264 ο
1379 2231 1450 2287 τὰ
1488 2232 1547 2286 δὲ
1591 2230 1866 2303 ἐνεργείᾳ,

279 2335 360 2399 ὡς
392 2336 528 2389 ὅπου
563 2334 794 2386 κεῖνται.

868 2507 1123 2561 ΚΕΦΑΔ.
1161 2504 1210 2559 Ν
1214 2506 1288 2560 A'.

819 2599 965 2670 Περὶ
1016 2599 1124 2655 τοῦ
1190 2597 1332 2653 ποῦ.

358 2700 436 2755 Τὸ
490 2696 630 2761 ποῦ,
690 2695 857 2749 τόπον
924 2693 1203 2765 σημαίνει.
1291 2688 1670 2761 Ἐρωτὼμενοι
1739 2687 1869 2759 γὰρ,

287 2792 395 2848 ποῦ
445 2793 593 2845 ἐστιν
636 2792 664 2844 ὸ
722 2790 908 2854 δεῖνα,
966 2786 1184 2858 φαμὲν,
1233 2785 1291 2837 ὲν
1336 2782 1415 2853 τῷ
1479 2781 1654 2852 οἴκῳ,
1705 2780 1762 2832 ὲν
1805 2780 1873 2848 τῇ

287 2886 445 2941 πόλει
471 2901 486 2917 ο
531 2883 709 2938 ταῦτα
752 2881 812 2935 δὲ
853 2880 1020 2935 τόπον
1075 2877 1455 2949 σημαίνουσιν.
1512 2876 1644 2946 Εῑδη
1683 2874 1741 2928 δὲ
1776 2876 1876 2946 τῆς

288 2976 395 3032 ποῦ
448 2972 821 3045 κατηγορίας,
872 2968 1019 3025 κατὰ
1086 2968 1186 3033 τὰς
1264 2967 1533 3040 διαφορὰς
1605 2965 1715 3020 τῶν
1786 2967 1877 3021 τό-

1650 280 2096 344 DIALECTICA
2109 328 2123 342 .

1891 397 1941 455 Α

2579 388 2735 447 CAP.
2772 389 2906 447 Llll.

2639 484 2718 539 De
2744 485 2872 539 situ.

2038 578 2221 633 Situm
2253 590 2402 639 esse,
2443 580 2531 630 est
2557 575 2966 644 quodammodo
3013 575 3436 645 comparatione
3471 577 3551 633 al-

1965 671 2141 727 terius
2179 668 2512 741 positionem
2541 667 2746 721 habere
2775 684 2789 720 :
2828 667 2982 721 velut
3006 681 3210 737 corpus
3234 667 3308 721 ita
3342 666 3510 723 silum
3532 708 3549 735 ,

1966 777 2031 818 ac
2070 762 2237 818 talem
2274 760 2489 815 habens
2511 759 2877 829 positionem,
2907 767 2966 812 ut
2998 759 3084 812 vel
3120 760 3431 822 recumbat,
3464 761 3551 815 vel

1966 854 2179 916 sedeat,
2208 853 2293 907 vel
2324 856 2451 908 stet.
2499 849 2672 905 Porro
2728 850 2891 911 situs,
2944 857 3058 904 tres
3109 860 3242 904 sunt
3291 850 3549 920 species;

1965 961 2161 1018 nempe
2191 954 2362 1010 stare,
2397 943 2591 999 sedere
2640 952 2696 997 et
2747 940 3092 996 recumbere.
3146 940 3279 994 Nam
3338 949 3552 997 rectum

1967 1054 2112 1109 esse,
2145 1047 2295 1092 stare
2327 1035 2459 1091 facit
2486 1054 2499 1090 :
2535 1035 2798 1104 deinceps
2827 1043 3035 1094 autem,
3071 1048 3137 1087 ex
3164 1040 3319 1103 parte
3342 1033 3551 1102 jacere,

1968 1140 2024 1188 et
2067 1148 2132 1187 ex
2174 1139 2329 1201 parte
2356 1139 2529 1192 stare,
2566 1128 2758 1184 sedere
2787 1127 2974 1182 eﬁicit.
3004 1126 3071 1180 At
3100 1126 3552 1195 omninojaccre.

1969 1226 2281 1282 recubitum
2325 1224 2478 1279 facit.
2512 1222 2689 1277 Porro
2727 1221 2893 1277 situm
2942 1236 3090 1284 esse,
3142 1236 3243 1274 nec
3298 1236 3423 1274 eum
3460 1220 3554 1291 qui

1972 1322 2114 1376 situs
2135 1326 2243 1383 est,
2276 1332 2377 1373 nec
2410 1317 2597 1373 locum
2629 1314 2934 1387 signiﬁcat,
2964 1315 3060 1370 sed
3099 1314 3221 1384 ejus
3268 1313 3364 1384 qui
3414 1314 3556 1370 situs

1969 1423 2074 1477 est,
2107 1412 2437 1483 positionem
2471 1409 2529 1464 in
2566 1409 2707 1465 loco.

2042 1584 2246 1639 Eorum
2281 1592 2461 1639 autem
2496 1597 2618 1654 quae
2644 1582 2750 1637 sita
2784 1590 2935 1646 sunt,
2967 1584 3077 1638 alia
3103 1585 3349 1639 naturali
3390 1584 3557 1639 modo

1973 1686 2105 1732 sunt
2155 1677 2283 1741 sita,
2309 1685 2365 1731 ut
2399 1677 2672 1732 elementa
2710 1676 2764 1729 in
2794 1676 2912 1730 suis
2943 1676 3122 1731 locis:
3162 1693 3213 1731 v.
3241 1692 3352 1747 gr.,
3385 1685 3556 1743 terra,

1969 1784 2135 1840 aqua,
2171 1784 2285 1836 aer,
2317 1768 2460 1840 ignis
2490 1777 2547 1824 et
2577 1768 2785 1824 similia
2815 1788 2827 1823 :
2858 1768 2968 1822 alia
2994 1782 3091 1839 per
3123 1769 3459 1839 positionem
3499 1778 3556 1824 et

1969 1871 2169 1929 artem,
2208 1871 2265 1916 ut
2287 1870 2495 1928 statua,
2524 1861 2805 1924 columna,
2834 1861 3055 1932 aliaque
3079 1861 3131 1916 id
3160 1877 3356 1933 genus.
3382 1861 3480 1918 Est
3504 1872 3560 1916 et;

1969 1954 2077 2008 alia
2106 1953 2339 2024 insuper
2368 1952 2576 2009 divisio
2602 1969 2617 2019 ;
2644 1969 2843 2024 nempe
2873 1954 3019 2024 quod
3056 1969 3251 2009 eorum
3297 1970 3419 2026 quae
3448 1954 3559 2010 sita

1970 2059 2120 2114 sunt,
2149 2048 2259 2103 alia
2314 2048 2471 2103 ﬁrma
2524 2049 2637 2105 sint
2675 2056 2731 2103 et
2769 2048 3020 2114 immota,
3079 2056 3141 2103 ut
3185 2060 3331 2105 terra
3377 2067 3392 2103 :
3450 2050 3559 2104 alia

1970 2149 2323 2207 moveantur,
2357 2148 2417 2195 ut
2446 2140 2696 2196 coelestia
2730 2156 2991 2211 corpora.
3029 2142 3109 2196 Ac
3144 2150 3413 2213 praeterea
3464 2159 3560 2197 eo-

1972 2250 2094 2289 rum
2118 2251 2240 2305 quze
2276 2233 2384 2290 sita
2431 2242 2586 2299 sunt,
2615 2234 2872 2306 quaedam
2912 2243 3191 2305 potestate
3241 2243 3373 2291 sunt
3404 2235 3509 2291 sita
3540 2253 3556 2302 ;

1971 2341 2095 2396 quae
2120 2325 2385 2379 nimirum
2411 2326 2817 2396 transmigrare
2841 2335 3113 2396 possunt:
3139 2324 3392 2396 quaedam
3410 2334 3559 2390 actu,

1972 2423 2035 2469 ut
2066 2415 2384 2485 ubicunque
2411 2416 2518 2471 sita
2549 2416 2682 2470 sint.

2603 2507 2758 2566 CAP.
2797 2507 2933 2563 LIV.

2649 2599 2728 2655 De
2772 2602 2887 2655 ubi.

2045 2692 2152 2750 Ubi
2202 2693 2383 2750 locum
2436 2692 2734 2766 signiﬁcat.
2794 2694 2933 2748 Nam
2989 2707 3117 2749 cum
3171 2694 3445 2765 quaeritur
3495 2711 3563 2751 ex

1976 2786 2160 2851 nobis,
2190 2787 2416 2842 ubinam
2461 2790 2535 2842 sit
2572 2787 2744 2841 talis:
2780 2786 3043 2852 dicimus,
3090 2788 3262 2853 domi,
3298 2787 3354 2842 in
3383 2789 3562 2843 urbe:

1976 2878 2095 2933 hzec
2124 2888 2305 2934 autem
2342 2879 2522 2934 locum
2573 2878 2911 2949 signiﬁcant.
2955 2879 3184 2949 Species
3216 2894 3383 2950 porro
3427 2894 3563 2951 prae-

1964 2974 2276 3037 _dicameuti
2311 2974 2404 3029 ubi
2430 2973 2659 3028 totidem
2691 2980 2845 3041 sunt,
2876 2982 3014 3043 quot
3036 2974 3288 3029 locorum
3314 2973 3565 3029 diﬁ‘eren-

288 3088 444 3136 πων,
474 3067 591 3122 ἄνω
610 3106 625 3135 ,
657 3066 830 3133 κάτω,
866 3063 1016 3131 δεξιὰ
1040 3106 1056 3132 ,
1086 3062 1352 3135 ἀριστερὰ
1372 3101 1390 3131 ,
1419 3060 1754 3135 ἔμπροσθεν,
1780 3060 1873 3116 καὶ

1987 3067 2113 3122 tite:
2181 3082 2405 3139 nempe,
2484 3082 2746 3133 sursum,
2823 3067 3128 3132 deorsum,
3173 3067 3553 3134 dextrorsum,

286 3158 537 3216 ὄπισθεν.

833 3247 1090 3303 ΚΕΦΑΛ.
1121 3246 1254 3305 NE'.

822 3341 963 3410 Περὶ
992 3338 1102 3394 τοῦ
1130 3340 1276 3393 πότε
1297 3348 1343 3392 ε.

360 3432 438 3486 Τὸ
488 3429 661 3496 πότε,
714 3428 910 3501 χρόνον
958 3428 1141 3500 δηλοῖο
1188 3425 1539 3498 ἐρωτώμενοι
1591 3424 1700 3497 γὰρ
1745 3423 1878 3478 πότε

287 3525 513 3595 ἐγένετο
598 3524 754 3589 τόδε,
848 3522 1081 3592 λέγομεν
1113 3537 1130 3553 ·
1200 3520 1434 3592 πέρυσι,
1526 3519 1836 3592 προπέρυσι
1860 3534 1874 3548 ⁸

285 3617 453 3671 ἅτινα
502 3613 694 3686 χρόνον
729 3612 1110 3684 σημαίνουσιν.
1152 3608 1288 3683 Εῐδη
1327 3610 1385 3663 δὲ
1431 3610 1534 3680 τῆς
1576 3610 1707 3663 πότε
1750 3625 1881 3661 κατ-

284 3705 525 3780 ηγορίας
562 3704 671 3758 εἰσὶ
702 3701 963 3771 τοσαῦτα,
993 3703 1117 3758 ὅσαι
1143 3704 1201 3757 αἱ
1242 3700 1336 3756 τοῦ
1368 3700 1565 3774 χρόνου
1598 3698 1877 3771 διαφοραί.

286 3798 459 3870 Τρεῖς
509 3795 568 3850 δέ
632 3797 776 3850 εἰσιν
838 3785 1037 3849 αὗταιο
1111 3792 1387 3861 ἐνεστὼς,
1456 3790 1880 3867 παρῳχημένος,

291 3888 532 3962 μέλλων.

886 4063 1143 4119 ΚΕΦΑΛ.
1192 4064 1338 4134 Νςι.

837 4156 979 4226 Περὶ
1008 4156 1116 4211 τοῦ
1159 4156 1346 4227 ἔχειν.

366 4253 443 4309 Τὸ
485 4252 631 4326 ἔχειν
659 4252 808 4307 ἐστὶν
855 4251 1018 4305 οὐσία
1058 4252 1189 4324 περὶ
1225 4250 1417 4305 οὐσίαν
1456 4250 1500 4305 τ.
1545 4250 1712 4322 Δηλοΐ
1736 4248 1794 4304 δὲ
1821 4250 1885 4305 τὸ

291 4348 598 4421 περιέχειν,
628 4347 663 4419 ἢ
701 4345 1080 4419 περιέχεσθαι,
1115 4343 1214 4398 καὶ
1242 4344 1317 4414 μὴ
1347 4339 1486 4397 εἷναί
1511 4361 1564 4397 τι
1596 4336 1766 4415 μέρος
1788 4342 1882 4396 τοῦ

1980 3158 2398 3222 sinistrorsum,
2425 3167 2578 3224 ante,
2612 3168 2665 3213 et
2693 3166 2840 3228 post.

2619 3248 2779 3304 CAP.
2824 3248 2939 3305 LV.

2601 3341 2678 3396 De
2699 3341 2937 3411 quando.

2052 3431 2286 3499 Quando
2334 3438 2552 3502 tempus
2605 3429 2886 3502 designat.
2929 3430 3067 3486 Nam
3113 3446 3240 3487 eum
3291 3448 3358 3489 ex
3404 3434 3568 3491 nobis

1982 3526 2263 3595 quispiam
2294 3526 2639 3590 sciscitatur,
2674 3524 2896 3594 quando
2944 3523 3078 3579 illud
3113 3524 3450 3595 contigerit,
3483 3527 3571 3582 di-

1983 3616 2188 3683 cimus,
2228 3630 2373 3670 anno
2402 3616 2702 3686 superiori,
2727 3616 2952 3672 duobus
2978 3616 3180 3671 abhinc
3211 3617 3412 3683 annis;
3445 3633 3569 3688 quae

1985 3707 2207 3778 quidem
2258 3715 2476 3776 tempus
2521 3706 2859 3776 signiﬁcant.
2898 3707 3122 3778 Species
3170 3722 3333 3778 porro
3367 3709 3570 3777 przedi~

1984 3802 2231 3855 camenti
2260 3800 2485 3870 quando
2510 3800 2741 3855 totidem
2774 3808 2944 3867 sunt,
2977 3810 3112 3870 quot
3135 3808 3403 3871 tempora.
3439 3802 3569 3856 Tria

1985 3900 2167 3947 autem
2211 3896 2327 3948 haec
2368 3902 2497 3949 sunt
2530 3909 2543 3945 :
2581 3907 2776 3963 nempe
2812 3908 3079 3964 praesens,
3125 3893 3468 3964 praeteritum
3516 3902 3572 3949 et

1986 3978 2257 4034 futurum.

2536 4070 2645 4142 59
2682 4070 2837 4126 CAP.
2879 4070 3019 4127 Lvt.

2621 4163 2696 4218 De
2728 4164 2936 4220 habitu.

2062 4254 2203 4323 Quid
2225 4255 2459 4319 habitus,
2499 4272 2561 4310 ac
2601 4255 2716 4326 ejus
2756 4256 2920 4311 modi.
2952 4287 3024 4298 —
3051 4256 3282 4314 "abitus
3317 4265 3402 4314 est
3435 4259 3572 4316 Stib-

1989 4350 2192 4404 stantia
2219 4347 2589 4403 circumstans
2622 4347 3016 4403 substantiam.
3053 4349 3338 4420 Signiﬁcat
3361 4358 3570 4413 autem,

292 4443 647 4515 πράγματος.
672 4440 785 4493 Καὶ
818 4438 1066 4511 περιέχει
1109 4437 1228 4508 μὲν,
1270 4436 1459 4508 χιτὼν,
1493 4436 1654 4503 ὅπλα,
1684 4436 1781 4490 καὶ
1818 4435 1873 4488 τὸ

1991 4438 2338 4494 circumdare
2374 4445 2427 4493 et
2468 4439 2827 4506 circumdari,
2862 4440 2978 4495 sive
3018 4439 3433 4510 comprehendi,
3473 4456 3575 4495 nec

292 4536 553 4592 τοιαῦτω
591 4533 906 4605 περιέχεται
944 4531 1002 4585 δὲ
1050 4532 1373 4598 δακτύλιος,
1404 4529 1503 4584 καὶ
1541 4528 1594 4583 εἴ
1620 4547 1674 4582 τι
1695 4528 1883 4600 ἕτερον

293 4625 542 4682 τοιοῦτον
584 4625 838 4698 σμικρόν.
878 4626 972 4678 Δεῖ
1002 4623 1061 4677 δὲ
1113 4623 1210 4678 καὶ
1262 4622 1325 4676 τὸ
1363 4621 1652 4694 περιέχον,
1698 4618 1886 4673 καὶτὸ

296 4721 695 4792 περιεχόμενον
723 4718 911 4783 οὐσίας
942 4717 1099 4771 εἶναι.
1134 4714 1345 4788 Είγὰρ,
1380 4715 1442 4769 τὸ
1473 4714 1572 4786 μὲν
1596 4715 1754 4768 οὐσία
1775 4713 1890 4785 εἴη,

295 4818 364 4871 τὸ
391 4814 447 4869 δὲ
500 4813 884 4886 συμϐεϐηκὸς,
914 4812 989 4876 ὡς
1028 4811 1307 4881 ἐπιστήμη
1336 4849 1351 4874 ,
1379 4806 1476 4862 καὶ
1524 4808 1845 4878 ἐπιστήμων
1868 4846 1885 4874 ,

298 4907 489 4963 οὐκέτι
512 4906 619 4961 ὑπὸ
654 4905 715 4959 τὺ
736 4904 883 4975 ἔχειν
905 4903 1171 4973 ἀνάγεται
1194 4918 1208 4933 ·
1241 4899 1501 4971 διαφοραὶ
1532 4900 1591 4954 δὲ
1622 4898 1718 4953 τοῦ
1740 4900 1888 4970 ἔχειν

299 5001 547 5071 γίνονται
569 4996 708 5054 κατὰ
730 4999 830 5069 τὴν
850 4995 1117 5067 διαφορὰν
1140 4993 1250 5048 τῶν
1269 4993 1459 5048 ὄντων.
1489 4993 1560 5047 Ἢ
1586 4992 1696 5064 γὰρ
1712 4991 1888 5063 ἔμψυ-

300 5095 403 5166 χόν
447 5094 616 5158 ἐστιν,
644 5091 678 5163 ἢ
711 5090 915 5162 ἄψυχον
938 5106 952 5121 θ
982 5089 1078 5144 καὶ
1122 5087 1367 5159 ἔμψυχον
1403 5087 1501 5157 μὲν
1536 5084 1680 5155 ἔχειν
1730 5085 1889 5152 λεγό-

309 5183 473 5257 μεθα,
506 5183 583 5248 ὡς
609 5182 795 5246 παῖδα,
825 5181 1014 5246 ἵππον,
1051 5178 1149 5232 καὶ
1180 5178 1250 5233 τὰ
1280 5176 1537 5233 τοιαῦτα·
1570 5177 1777 5247 ἄψυχον
1810 5176 1890 5243 δὲ,

1991 4544 2117 4586 esse
2150 4530 2227 4583 rei
2260 4539 2471 4599 partem
2504 4530 2769 4600 aliquam.
2815 4530 2894 4585 Ac
2930 4530 3153 4601 quidem
3198 4532 3377 4587 active
3420 4547 3574 4587 com-

1994 4622 2317 4693 plectuntur
2353 4629 2409 4677 et
2458 4623 2712 4679 ambiunt
2764 4624 2970 4689 tunica,
3022 4638 3198 4689 arma,
3251 4631 3305 4680 et
3360 4626 3464 4681 alia
3518 4626 3575 4682 id

1993 4730 2207 4787 genus:
2241 4713 2461 4785 passive
2491 4724 2699 4782 autem,
2735 4716 2998 4782 annulus,
3045 4729 3109 4769 ac
3157 4715 3205 4770 si
3238 4715 3368 4786 quid
3420 4716 3572 4787 ejus-

1994 4805 2141 4859 modi
2177 4804 2434 4876 exiguum
2470 4814 2576 4861 est.
2612 4804 2786 4861 Porro
2819 4820 3045 4861 necesse
3082 4813 3187 4871 est,
3224 4800 3283 4860 fit
3328 4813 3383 4862 et
3427 4807 3572 4878 quod

1993 4897 2410 4969 complectitur,
2447 4897 2707 4969 quodque
2758 4898 2908 4954 aliud
2946 4913 3006 4955 se
3055 4898 3431 4968 complectens
3480 4899 3578 4954 lia-

1997 4991 2110 5056 bet,
2164 4990 2490 5047 substantia:
2547 4990 2681 5047 sint.
2740 4990 2797 5047 Si
2851 4993 2999 5048 enim
3062 4992 3297 5046 alterum
3353 4992 3577 5062 quidem

1998 5084 2313 5140 substantia
2339 5085 2432 5148 sit,
2479 5085 2717 5141 alterum
2748 5095 2932 5141 autem
2969 5085 3245 5150 accidens,
3286 5086 3366 5139 uti
3401 5085 3581 5141 scien-

1998 5179 2075 5232 tia
2102 5194 2166 5235 ac
2197 5178 2405 5242 sciens,
2454 5178 2683 5234 minime
2726 5178 2793 5233 ad
2837 5177 3326 5248 praedicamentum
3378 5176 3583 5232 habere

303 5278 390 5342 ὡς
416 5274 724 5341 δακτύλιον,
767 5272 1043 5344 ὑπόδημα,
1071 5270 1168 5343 καὶ
1199 5271 1268 5326 τὰ
1298 5270 1521 5325 τοιαῦτα
1545 5285 1560 5299 ο
1596 5270 1814 5338 λέγεται
1836 5269 1873 5323 δ]

2002 5269 2359 5337 referuntur;
2395 5270 2600 5326 habere
2652 5278 2837 5326 autem
2886 5275 2967 5323 tot
3006 5266 3351 5323 diﬁerentias
3392 5267 3579 5331 habet.

1612 5436 1851 5494 VARUE
1895 5432 2308 5490 LECTIONES.

395 5565 419 5594 ο
440 5552 663 5625 Reg._5,
688 5558 741 5609 et
756 5551 886 5625 eod.
910 5552 984 5625 iS.
1037 5550 1233 5625 Hil.__et
1255 5547 1336 5625 N._
1362 5549 1491 5625 περὶ
1530 5549 1632 5625 τῆς
1665 5549 1821 5625 ποτε,
1861 5548 2053 5625 supple
2087 5540 2630 5625 xqmyoptac'_quod
2663 5538 2890 5625 quidem
2924 5551 3184 5625 capream
3227 5535 3472 5625 additum
3503 5539 3586 5625 le:

309 5626 461 5698 εῖιιιτ
490 5608 550 5678 iii“
574 5608 975 5698 Be’g._3579t._
1031 5622 1052 5662 ι
1074 5608 1449 5698 ,Εάὶι-.-οὑσίσῖ
1470 5637 1484 5652 ο
1522 5621 1556 5693 ἢ
1588 5608 1733 5694 ’περὶ
1770 5608 1985 5687 obsidii;
2019 5618 2164 5691 quod
2194 5608 2315 5674 ἀίει·
2345 5608 2583 5672 maxime
2629 5608 2925 5680 absonum,
2958 5608 3154 5668 Billius
3189 5608 3430 5667 reddidit
3462 5633 3469 5641 ο
3502 5613 3584 5665 εει

305 5691 737 5763 ἱαὸιιαιιιὶα,ὗεί
770 5694 975 5765 aliquid
1015 5691 1381 5749 adventitium.
