3962 6320
389 275 496 341 ὑσὲἔὶ

1565 273 1624 334 S.
1665 273 1988 334 JOANNIS
2026 274 2462 336 DAMASCENI

3582 272 3692 338 ΕΜ

387 397 523 457 quot
567 398 754 442 rerum
796 381 1119 440 diﬁcrentia:
1173 390 1328 438 sunt.
1377 382 1488 437 Aut
1533 383 1686 438 enim
1727 383 1970 437 animata

2102 385 2163 438 τὸ
2210 384 2356 454 ἔχειν
2410 385 2504 437 καὶ
2555 383 2696 437 κατὰ
2750 383 2961 438 πολλῶν
3008 385 3212 455 έτέρων
3267 386 3694 456 σημαινομένων

387 494 480 534 res
501 485 606 542 est,
645 484 742 532 aut
772 476 1093 530 iuanimata.
1123 475 1304 546 Atque
1352 490 1472 530 rem
1517 475 1740 544 quidem
1773 474 1988 529 anima-

390 577 501 626 tam
533 572 736 626 habere
765 570 1026 636 dicimur,
1059 579 1121 626 ut
1157 586 1386 642 puerum
1416 610 1431 635 ,
1462 585 1688 641 equum,
1727 578 1782 625 et
1815 569 2018 625 similia
2069 583 2082 624 ;

2093 475 2423 547 ὁμωνύμως,
2451 477 2582 545 περὶ
2613 469 2688 530 ὧν
2721 475 2949 548 ὕστερον
2975 476 3231 548 ἐροῦμεν.

2159 572 2526 626 inanimatam
2556 587 2706 637 vero,
2773 580 2834 626 ut
2904 572 3197 637 annulum,
3253 571 3692 628 caleeamentum

389 673 446 720 et
480 667 587 718 aha
627 665 682 720 id
730 681 924 736 genus.
973 665 1246 722 Praeterea
1291 666 1497 721 dicitur
1547 665 1753 721 habere
1802 665 1993 720 multis
2051 681 2272 738 quoque
2326 667 2449 722 aliis
2526 666 2707 722 modis
2759 668 3081 738 tequivoce,
3131 668 3200 724 de
3255 669 3456 741 quibus
3501 679 3693 740 postea

390 756 575 812 fusius
600 755 964 814 disseremus.

1035 848 1188 904 CAP.
1225 849 1383 904 LV".

997 940 1072 994 De
1111 940 1384 1010 oppositis.

465 1029 741 1100 Oppositio
776 1031 1038 1085 sermonis
1093 1038 1174 1083 est
1217 1028 1481 1096 oppositio
1521 1025 1984 1080 contradictionis.

393 1123 590 1178 Rerum
633 1125 894 1194 oppositio
941 1125 1152 1192 triplex.
1187 1121 1456 1184 Relativa,
1514 1119 1823 1182 contraria,
1875 1118 1988 1186 pri-

387 1219 548 1272 vatio.
605 1248 672 1260 —
724 1215 1004 1286 Quidquid
1061 1213 1394 1284 Opponitnr,
1451 1212 1537 1264 vel
1579 1213 1880 1280 opponitur
1932 1217 1992 1262 ut

389 1325 498 1374 res,
549 1309 631 1365 vel
686 1318 746 1363 ut
771 1324 972 1364 sermo.
1008 1307 1064 1362 Si
1100 1315 1159 1360 ut
1199 1320 1382 1362 sermo
1424 1304 1702 1369 sermoni,
1747 1301 1984 1357 afﬁrma-

389 1403 600 1456 tionem
632 1409 687 1455 et
732 1401 1079 1471 negationem
1124 1397 1307 1454 eﬂicit.
1337 1398 1516 1466 Atque
1552 1395 1843 1450 atiirmatio
1872 1394 1989 1465 qui-

389 1490 515 1546 dem
545 1498 629 1546 est
658 1505 783 1544 cum
829 1491 1074 1545 dicimus
1117 1489 1330 1558 aliquid
1367 1491 1552 1542 inesse
1599 1487 1788 1550 alicui,
1832 1486 1983 1541 verbi

387 1584 592 1654 gratia,
625 1594 710 1640 est
748 1584 1010 1653 pulcher;
1043 1583 1264 1654 negatio
1295 1589 1480 1636 autem
1537 1595 1662 1634 cum
1697 1579 1977 1650 quidpiam

2676 846 2934 901 ΚΕΦᾹΛ.
2995 845 3122 900 NZ'.

2496 937 2635 1005 Περὶ
2681 935 2801 990 τῶν
2853 936 3303 1006 ἀντικειμένων,

2169 1029 2284 1082 Πᾶν
2315 1028 2776 1100 ἀντικείμενον,ἢ
2813 1028 2891 1092 ὡς
2925 1030 3160 1100 πρᾶγμα
3193 1029 3514 1097 ἀντίκειται,
3547 1033 3580 1105 ἣ
3614 1033 3693 1098 ὡς

2093 1120 2272 1189 λόγος.
2303 1123 2414 1175 Καὶ
2441 1123 2490 1175 εί
2535 1121 2634 1192 μὲν
2661 1121 2736 1184 ὼς
2783 1121 2940 1190 λόγος
2973 1121 3119 1191 λόγῳ
3147 1160 3161 1183 ,
3197 1124 3342 1174 ποιεῖ
3381 1125 3692 1194 κατάφασιν

2099 1214 2196 1267 καὶ
2241 1214 2540 1282 ἀπόφασιν.
2571 1215 2900 1283 Κατάφασις
2938 1215 3039 1284 μὲν
3094 1211 3188 1268 οὖν
3235 1217 3386 1281 ἐστι,
3419 1217 3479 1270 τὸ
3511 1219 3690 1270 εἰπεῖν

2095 1305 2149 1358 τί
2186 1323 2292 1358 τινι
2317 1307 2554 1376 ὑπάρχει
2579 1321 2590 1334 ·
2617 1299 2749 1368 οἷον,
2783 1305 2949 1366 καλός
2975 1307 3148 1360 ἐστιν.
3191 1306 3494 1375 Ἀπόφασις
3521 1307 3607 1373 δὲ,
3626 1309 3691 1360 τὸ

2092 1391 2267 1442 εἰπεῖν
2285 1390 2337 1441 τί
2361 1408 2465 1443 τινι
2503 1389 2602 1459 οὑχ
2638 1389 2875 1462 ὑπάρχει
2899 1405 2911 1418 ·
2936 1386 3050 1443 οἷον
3074 1429 3088 1451 ,
3111 1390 3212 1442 οὑκ
3241 1390 3357 1444 ἔστι
3385 1391 3547 1455 καλός
3568 1411 3580 1422 '
3600 1394 3692 1444 λέο

2088 1497 2278 1547 γονται
2313 1481 2369 1534 δὲ
2413 1481 2701 1552 ἀμφότερα
2752 1481 3081 1550 άπόφανσις.
3129 1483 3192 1535 ΕΞ
3247 1483 3301 1536 δὲ
3341 1483 3416 1547 ὡς
3455 1487 3690 1557 πρᾶγμα

2087 1573 2412 1636 ἀντίκειται,
2449 1572 2482 1643 ἢ
2517 1571 2593 1635 ὡς
2646 1571 2785 1642 πρὸς
2823 1572 3253 1643 ἀντιστρέφοντα
3277 1573 3552 1642 λέγονται,
3588 1579 3687 1629 καὶ

388 1690 499 1728 ιιοη
537 1674 722 1729 inesse
757 1673 1030 1738 dicimus;
1065 1681 1219 1742 puta,
1244 1685 1353 1725 non
1377 1679 1463 1725 est
1488 1670 1736 1740 pulcher.
1761 1667 1970 1724 Utrum

2095 1666 2239 1716 ποιεῖ
2268 1665 2334 1717 τὰ
2362 1663 2498 1733 πρός
2548 1680 2633 1730 τι,
2670 1663 2831 1716 ἅτινα
2883 1663 2979 1717 καὶ
3032 1665 3424 1733 συνανάγουσιν
3476 1667 3685 1738 ἄλληλα

388 1782 496 1836 que
537 1781 700 1837 porro
762 1765 1078 1821 enuntiatio
1135 1763 1362 1818 dicitur.
1420 1761 1476 1816 Si
1532 1770 1740 1825 autem,
1783 1772 1843 1815 ut
1892 1776 1982 1816 res

387 1868 764 1928 opponuntur,
820 1858 905 1910 vel
954 1857 1220 1910 dicuntur
1263 1864 1321 1909 ut
1353 1854 1418 1909 ad
1460 1869 1524 1909 ea
1563 1855 1616 1908 in
1661 1853 1863 1924 quibus
1893 1862 1981 1907 est

385 1950 700 2012 conversio,
749 1949 1105 2018 eﬂiciuntqne
1157 1964 1220 2002 ea
1272 1962 1395 2017 quae
1443 1947 1510 2000 ad
1555 1945 1800 2015 aliquid;
1859 1961 1980 2014 quae

392 2046 622 2116 quidem
682 2057 876 2100 mutuo
923 2060 982 2099 se
1032 2043 1301 2098 inducunt
1340 2033 1402 2096 a’c
1436 2040 1753 2111 perimunt:
1790 2041 1875 2094 vel
1921 2047 1983 2094 ut

389 2153 500 2194 non
557 2140 624 2194 ad
678 2155 742 2194 ea
789 2139 842 2192 in
880 2138 1084 2208 quibus
1133 2135 1488 2191 conversioni
1554 2134 1710 2188 locus
1747 2139 1867 2197 est,
1917 2145 1982 2186 ac

385 2248 510 2303 quae
542 2248 651 2288 non
695 2233 901 2288 habent
951 2231 1299 2286 relationem.
1339 2231 1518 2298 Atque
1555 2227 1670 2292 illa,
1708 2234 1804 2280 aut
1835 2225 1887 2279 in
1923 2240 1983 2279 se

385 2333 582 2379 mutuo
614 2326 878 2397 migrant,
911 2336 1076 2397 atque
1108 2326 1328 2381 interim
1365 2333 1546 2379 tamen
1595 2332 1723 2378 sunt
1771 2334 1983 2376 natura:

385 2426 790 2480 consentanea;
849 2427 903 2472 et
960 2419 1074 2473 haec
1124 2417 1404 2472 contraria
1444 2416 1711 2480 eliiciunt,
1744 2423 1803 2468 ut
1833 2415 1984 2468 calor

390 2517 445 2562 et
469 2506 679 2577 frigus:
712 2516 808 2560 aut
839 2507 1075 2561 alterum
1111 2506 1338 2577 quidem
1382 2506 1436 2558 in
1481 2505 1714 2559 alterum
1762 2503 1978 2573 migrat,

384 2597 619 2650 alterum
653 2605 838 2652 autem
881 2611 988 2652 non
1035 2597 1235 2667 migrat
1267 2597 1321 2650 in
1353 2596 1626 2661 alterum;
1668 2601 1863 2663 estque
1897 2593 1979 2644 al-

2091 1757 2186 1810 καὶ
2211 1755 2629 1826 συναναιροῦσιν
2648 1773 2661 1784 °
2700 1756 2732 1827 ἢ
2761 1758 2820 1810 οὑ
2852 1757 2990 1828 πρὸς
3016 1759 3083 1811 τά
3115 1758 3561 1830 ἀντιστρέφοντα,
3588 1762 3710 1813 καὶ·

2090 1848 2184 1901 καὶ
2213 1847 2314 1900 οὑκ
2368 1847 2553 1918 έχουσι
2601 1848 2810 1918 σχέσιν.
2842 1849 2956 1904 Καὶ
2989 1850 3163 1903 ταῦτα
3202 1850 3235 1921 ἢ
3291 1852 3615 1922 μεταϐάλλει
3660 1857 3687 1893 ⁸

2090 1944 2170 2004 εἰς
2205 1941 2412 2012 ἄλληλα
2449 1959 2463 1973 ο
2506 1941 2655 2012 ὁμῶς
2693 1943 2751 1996 δὲ
2807 1945 2977 2014 ἀμςρω
3016 1945 3160 1998 κατά
3210 1945 3376 2016 φύσιν
3426 1949 3554 2014 εἰσὶ,
3585 1951 3686 2003 καὶ

2089 2039 2236 2090 ποιεῖ
2270 2037 2338 2090 τὰ
2368 2037 2589 2091 ἐναντία
2612 2078 2626 2102 ,
2659 2037 2733 2102 ὡς
2771 2040 2803 2109 ἡ
2831 2038 3103 2111 Οερμότης
3132 2042 3227 2096 καὶ
3267 2043 3298 2112 ἡ
3329 2041 3520 2112 ψύξις·
3554 2043 3586 2114 ἦ
3619 2045 3684 2098 τὸ

2091 2129 2190 2200 μὲν
2221 2131 2550 2200 μεταϐάλλει
2585 2131 2720 2201 πρὸς
2753 2133 2962 2204 ἕτερον,
2998 2134 3057 2186 τὸ
3091 2135 3148 2188 δὲ
3183 2134 3371 2207 ἓτερον
3412 2137 3472 2189 οὑ
3509 2155 3684 2208 μετα-

2087 2219 2294 2274 ϐάλλει,
2321 2222 2432 2275 Καὶ
2461 2223 2521 2276 τὸ
2580 2223 2678 2294 μὲν
2723 2224 2906 2278 αὑτῶν
2956 2225 3073 2278 ἐστι
3108 2227 3252 2280 κατὰ
3302 2227 3466 2297 φύσιν
3489 2246 3502 2258 ·
3532 2229 3592 2281 τὸ
3624 2230 3685 2282 δὲ

2088 2313 2238 2382 παρὰ
2281 2313 2465 2382 φύσιν,
2500 2316 2596 2368 κα)⁸
2643 2319 2791 2369 ποιεῖ
2824 2316 2908 2384 τὰ,
2951 2317 3092 2371 κατὰ
3144 2319 3404 2390 στέρησιν
3441 2321 3535 2374 καὶ
3565 2321 3684 2386 ἕξιν

2086 2405 2476 2476 ἀντικείμενα,
2501 2406 2576 2471 ὡς
2628 2407 2751 2478 ὄψις
2803 2408 2898 2462 καὶ
2934 2409 3222 2480 τυφλότης.
3259 2409 3414 2475 Ἕξις
3443 2411 3540 2482 μὲν
3571 2413 3684 2482 γάρ

2091 2499 2242 2551 ἐστιν
2266 2497 2412 2568 ὄψις,
2440 2497 2516 2562 ὡς
2545 2501 2611 2552 ἐκ
2634 2499 2729 2552 τοῦ
2767 2499 2913 2570 ἔχειν
2943 2517 2957 2532 ο
2997 2501 3254 2573 στέρησις
3283 2503 3341 2556 δὲ
3370 2506 3469 2574 τῆς
3489 2503 3680 2569 ἕξεως,

2088 2590 2257 2660 ἤγουν
2287 2591 2385 2662 τῆς
2415 2590 2680 2662 ὁράσεως,
2711 2594 2744 2662 ὴ
2774 2592 3066 2664 τυφλότης.

383 2698 559 2745 tcrttm
590 2692 811 2762 quidem
857 2692 1078 2746 illorum
1110 2693 1388 2755 naturale,
1421 2693 1659 2746 alterum
1699 2697 1916 2744 natura:
1948 2696 2238 2756 repugnat,
2272 2701 2336 2740 ac
2362 2696 2476 2742 tum
2512 2688 2605 2741 illa
2641 2686 2887 2742 cilicium
2918 2704 3041 2760 qum
3074 2689 3304 2748 invicem
3327 2708 3686 2774 opponuntnr

381 2785 591 2852 ratione
628 2786 949 2854 privationis
983 2799 1047 2839 ae
1076 2785 1317 2847 habitus,
1360 2794 1419 2838 ut
1458 2783 1631 2849 visus,
1664 2792 1718 2836 et
1743 2780 1985 2836 emtitas.
2022 2779 2182 2833 Visus
2233 2780 2502 2849 siquidem
2557 2779 2779 2834 habitus
2832 2787 2940 2845 est,
2983 2791 3172 2852 utpote
3201 2786 3271 2840 ab
3309 2786 3544 2859 habere;
3572 2808 3683 2848 car-

387 2878 528 2930 citas
561 2887 767 2940 autem,
801 2875 1020 2930 habitus
1073 2875 1326 2944 privatio,
1363 2888 1560 2942 nempe
1607 2874 1784 2928 visus.

453 2964 740 3021 Contraria
781 2967 893 3020 sine
938 2966 1110 3019 medio
1139 2974 1186 3019 et
1235 2981 1350 3018 cum
1408 2965 1600 3018 medio.
1632 2995 1701 3004 —-
1727 2962 1965 3018 Contra-

2143 2959 2266 3012 Τῶν
2282 2961 2340 3014 δὲ
2361 2961 2641 3026 ἐναντίων,
2673 2961 2742 3016 τὰ
2793 2963 2895 3034 μέν
2941 2966 3082 3019 εἰσιν
3127 2967 3308 3039 ἄμεσα
3331 3009 3347 3036 ,
3378 2972 3448 3026 τὰ
3485 2974 3542 3028 δὲ
3577 2976 3682 3046 ἔμ-

381 3059 594 3111 riorum
644 3065 829 3111 autem
864 3058 972 3112 alia
1013 3058 1134 3113 sine
1171 3056 1352 3111 medio
1401 3065 1553 3120 sunt,
1586 3057 1692 3110 alia
1729 3055 1970 3110 medium

2084 3069 2244 3122 μεσα.
2277 3055 2494 3123 Ἀμεσα
2528 3053 2628 3124 μὲν
2655 3049 2749 3108 οὖν
2770 3048 3023 3120 είσιν,ὦν
3055 3058 3354 3129 ἀναγκαῖον
3377 3063 3438 3117 τὸ
3465 3037 3679 3138 ἕτερόν,

380 3148 606 3202 habent.
640 3147 736 3202 Illa
763 3149 883 3204 sine
913 3148 1094 3203 medio
1117 3157 1272 3213 sunt,
1310 3163 1550 3217 quorum
1581 3148 1840 3212 alterum,
1874 3161 1971 3200 seu

381 3255 578 3303 unum,
607 3240 751 3295 in-eo
781 3240 928 3310 quod
951 3249 1034 3295 est
1071 3240 1318 3310 ipsorqu
1347 3239 1685 3308 subjectum,
1730 3238 1777 3292 si
1811 3239 1864 3291 in
1902 3237 1972 3293 iis

379 3333 448 3387 de
477 3333 679 3404 quibus
704 3333 1098 3403 praedicantur,
1130 3348 1254 3387 esse
1282 3347 1513 3387 necesse
1546 3339 1632 3385 est
1667 3347 1682 3384 :
1714 3338 1774 3384 ut.
1819 3345 1969 3384 mor-

379 3425 484 3480 bus
547 3435 602 3481 et
668 3427 900 3494 sanitas,
964 3427 1019 3482 in
1087 3427 1342 3497 subjecto
1407 3427 1662 3481 animalis
1712 3439 1966 3494 corpore.

379 3517 593 3589 Quippe
620 3521 850 3574 omnino
896 3533 1127 3575 necesse
1162 3527 1280 3585 est,
1313 3528 1407 3573 aut
1443 3519 1721 3583 morbum,
1756 3527 1851 3572 aut
1881 3533 1970 3572 sa-

378 3609 609 3663 nitatem
639 3608 919 3679 ejusmodi
950 3610 1134 3664 incsse
1171 3610 1413 3679 corpori.
1444 3607 1549 3662 Per
1578 3609 1832 3662 morbum
1866 3623 1968 3661 au-

377 3710 485 3755 tent
543 3701 906 3772 intelligimus
967 3717 1186 3756 omnem
1253 3713 1468 3756 natura:
1517 3701 1962 3756 distractionem.

376 3793 470 3846 llla
503 3803 686 3850 autem
743 3795 984 3850 medium
1039 3796 1266 3859 habent,
1322 3810 1562 3866 quorum
1595 3795 1832 3848 alterum
1866 3809 1965 3847 ne-

374 3903 534 3941 cesse
566 3904 672 3942 non
705 3898 791 3943 est
827 3889 1011 3944 inesse
1057 3890 1342 3958 subjecto,
1390 3905 1488 3944 seu
1535 3889 1604 3942 iis
1646 3888 1714 3943 de
1763 3889 1964 3958 quibus

373 3979 792 4048 praedicantur,
831 3989 891 4035 ut
920 3983 1105 4035 album
1156 3990 1209 4034 et
1257 3982 1498 4051 nigrum.
1543 3980 1682 4035 Sunt
1725 3996 1963 4051 namque

372 4071 677 4134 contraria,
732 4085 833 4126 nec
885 4080 1071 4124 tamen
1123 4078 1414 4140 propterea
1464 4069 1667 4124 horum
1722 4069 1959 4124 alterum

371 4161 597 4216 omnino
631 4177 861 4218 necesse
910 4172 996 4218 est
1042 4163 1262 4232 corpori
1322 4163 1523 4217 inesse.
1575 4162 1764 4232 Neque
1811 4164 1961 4216 enim

370 4268 533 4309 omne
555 4269 780 4324 corpus,
813 4263 906 4308 aut
938 4255 1120 4308 album
1155 4269 1302 4318 esse,
1329 4263 1423 4307 aut
1456 4254 1671 4323 nigrum
1706 4269 1957 4309 necessac

2077 3144 2244 3215 ἤγουν
2270 3145 2331 3198 τὸ
2360 3145 2440 3210 ἓν,
2471 3145 2742 3217 ὑπάρχειν
2766 3145 2846 3218 τῷ
2865 3148 3215 3223 ὑποκειμένῳ
3235 3154 3443 3222 αὑτοῖς,
3477 3158 3508 3228 ἢ
3546 3161 3679 3213 τοὺ-

2073 3256 2188 3302 τοις
2239 3231 2316 3292 ὧν
2361 3240 2798 3311 κατηγοροῦνται
2826 3259 2839 3270 ’
2873 3238 2986 3296 οἷον
3010 3282 3027 3309 ,
3056 3245 3210 3310 νόσος
3234 3288 3250 3312 ,
3283 3249 3378 3302 καὶ
3417 3251 3576 3319 ὑγεία
3616 3257 3679 3308 ἐν

2076 3329 2288 3402 σώματι
2321 3330 2460 3396 ζώου
2485 3331 2930 3408 τῷ.ὑποκειμένῳ
2953 3353 2968 3368 ·
2995 3336 3090 3391 καὶ
3115 3339 3327 3412 ἀνάγκη
3356 3343 3577 3408 πάντως
3609 3347 3673 3399 ὲν

2071 3422 2149 3492 τῷ
2179 3422 2414 3494 σώματι,
2433 3424 2467 3494 ἢ
2497 3425 2651 3478 νόσον
2699 3421 2916 3498 εἷναι,ῆ
2949 3429 3169 3496 ὑγείαν·
3209 3433 3364 3493 νόσον
3389 3435 3447 3488 δέ
3491 3454 3675 3507 φαμεν

2073 3516 2255 3568 πᾶσαν
2283 3514 2382 3584 τὴν
2411 3517 2776 3591 παρατροπὴν
2807 3519 2906 3591 τῆς
2931 3521 3168 3589 φύσεως.
3194 3523 3452 3596 Ἔμμεσα
3479 3529 3557 3594 δὲ,
3593 3525 3674 3584 ὧν

2069 3606 2168 3660 οὐκ
2213 3607 2427 3694 ἀνάγκη
2459 3608 2522 3661 τὸ
2575 3610 2764 3682 ἕτερον
2821 3612 3096 3684 ὑπάρχειν
3126 3615 3205 3686 τῷ
3233 3617 3602 3691 ὑποκειμένῳ,
3630 3624 3666 3694 ἢ

2070 3698 2286 3763 τούτοις
2310 3693 2385 3754 ὧν
2431 3702 2891 3774 κατηγοροῦνται,
2918 3705 2994 3770 ὡς
3030 3707 3093 3760 τὸ
3130 3707 3324 3765 λευκὸν
3351 3711 3446 3765 καὶ
3475 3712 3538 3766 τὸ
3567 3693 3671 3785 μέέ

2066 3789 2165 3844 λαν
2203 3808 2218 3822 ο
2256 3792 2478 3846 ἐναντία
2515 3795 2624 3865 γάρ
2685 3796 2832 3864 εἱσι,
2860 3797 2956 3852 καὶ
3000 3798 3064 3851 οὑ
3097 3799 3317 3868 πάντως
3365 3803 3579 3878 ἀνάγκη
3607 3807 3670 3861 ἓν

2067 3883 2248 3936 αὑτῶν
2291 3884 2562 3956 ὑπάρχειν
2597 3885 2674 3957 τῷ
2720 3886 2934 3958 σώματι
2972 3905 2985 3919 ·
3017 3892 3077 3944 οὑ
3145 3893 3256 3964 γὰρ
3295 3895 3510 3970 ἀνάγκη
3555 3903 3669 3954 πᾶν

2067 3975 2248 4044 σῶμα,
2283 3976 2316 4047 ἢ
2375 3978 2569 4031 λευκὸν
2600 3975 2765 4045 εἶναι,
2797 3981 2829 4050 ἢ
2880 3981 3052 4052 μέλαν
3091 4000 3105 4016 ο
3131 3986 3238 4039 εἱσι
3282 3988 3392 4060 γὰρ
3432 3989 3667 4060 σώματα

2065 4075 2199 4139 (pata
2226 4071 2320 4123 καὶ
2352 4072 2538 4142 πυρρά
2560 4086 2573 4099 °
2604 4071 2652 4124 εί
2686 4073 2760 4144 μὴ
2796 4072 2904 4144 ἄρα
2940 4073 3001 4127 τὸ
3027 4075 3086 4128 ἒν
3111 4077 3222 4130 τῶν
3260 4079 3665 4152 ἀντικειμένων

2062 4163 2465 4235 ἀφωρισμένως
2492 4164 2653 4234 φύσει
2696 4166 2934 4239 ὑπάρχει
2959 4169 3089 4235 τινὶ,
3125 4171 3199 4235 ὡς
3225 4173 3258 4242 ἡ
3293 4173 3564 4246 θερμότης
3583 4178 3664 4247 τῷ

2062 4253 2216 4324 πυρὶ,
2239 4255 2332 4306 καὶ
2362 4255 2394 4324 ἡ
2424 4253 2586 4323 ψύξις
2613 4258 2680 4327 τῇ
2700 4257 2859 4326 χιόνι.
2885 4258 3004 4314 Τῶν
3035 4260 3134 4331 μὲν
3159 4257 3252 4316 οὖν
3277 4263 3560 4334 ὲμμέσων,
3589 4268 3662 4321 τὰ

371 4345 512 4398 rium
545 4354 630 4401 est.
660 4347 814 4415 (sunt
853 4347 1001 4400 enim
1043 4360 1281 4414 corpora
1316 4343 1472 4398 fusca
1515 4353 1568 4398 et
1610 4343 1800 4415 rufa):
1849 4345 1954 4400 nisi

2084 4347 2160 4398 ιὲν
2179 4345 2394 4416 ἔχουσιν
2410 4347 2650 4417 ὀνόματα
2672 4363 2686 4378 ο
2715 4348 2791 4416 ὡς
2811 4351 2872 4403 τὸ
2898 4351 3064 4421 μέσον
3097 4353 3191 4406 τοῦ
3217 4353 3408 4409 λευκοῦ
3438 4358 3532 4412 καὶ
3564 4359 3662 4413 τοῦ

370 4434 512 4490 forte
544 4435 779 4491 alterum
809 4437 1220 4490 contrariorum
1256 4435 1427 4490 alicui
1463 4450 1492 4489 a
1532 4446 1728 4490 natura
1766 4435 1954 4492 deter-

368 4527 576 4582 minate
595 4528 705 4600 ϐο
725 4529 857 4584 insit
880 4548 894 4596 ;
915 4530 990 4584 uti
1011 4531 1162 4584 calor
1183 4529 1320 4600 igni,
1355 4545 1419 4584 ac
1437 4528 1611 4600 frigus
1631 4529 1764 4582 nivi.
1784 4529 1957 4584 Porro

364 4622 650 4676 contraria
692 4637 816 4693 quae
849 4623 1092 4677 medium
1125 4622 1450 4688 admittunt,
1487 4623 1684 4691 partim
1732 4621 1953 4676 nomina

365 4710 610 4782 habent;
651 4731 702 4768 v.
730 4730 842 4786 gr.,
875 4714 1024 4786 quod
1059 4723 1146 4772 est
1201 4713 1442 4770 medium
1479 4713 1624 4767 inter
1664 4713 1850 4768 album
1905 4721 1958 4767 et

2065 4437 2296 4509 μέλανος
2326 4438 2546 4508 λέγεται
2576 4441 2736 4510 φαιόν
2763 4458 2778 4473 ο
2810 4443 2879 4496 τὰ
2899 4443 2955 4496 δὲ
2988 4445 3088 4498 οὐκ
3124 4444 3342 4517 ἔχουσιν
3376 4449 3617 4518 ὀνόματα
3641 4468 3658 4483 ·

2064 4533 2139 4594 ὼς
2172 4533 2232 4584 τὸ
2269 4531 2433 4603 μέσον
2483 4532 2577 4586 τοῦ
2620 4534 2831 4588 δικαίου
2880 4537 3098 4591 καὶτοῦ
3157 4539 3370 4607 ἀδίκου,
3397 4542 3496 4596 οὑκ
3543 4543 3662 4614 ἔχει

2063 4624 2255 4696 ὄνομα,
2300 4625 2437 4679 ἀλλὰ
2477 4628 2544 4698 τῇ
2595 4627 2872 4697 ἀποφάσει
2933 4630 3235 4702 ἐκατέρου,
3269 4633 3331 4688 τὸ
3379 4635 3661 4707 ἀναμέσον

2065 4717 2392 4789 γνωρίζεται
2412 4734 2426 4751 ·
2460 4713 2574 4772 οἷον
2597 4719 2721 4772 οὑδὲ
2752 4719 2985 4786 δίκαιον,
3018 4723 3140 4778 οὑδὲ
3177 4725 3384 4781 ἄδικον.

362 4807 604 4876 nigrum,
637 4805 854 4863 fuscum
887 4807 1126 4863 dicitur:
1157 4809 1359 4879 partim
1419 4806 1738 4862 nominibus
1805 4817 2014 4863 carent.
2046 4809 2182 4864 Nam
2215 4812 2365 4882 quod
2405 4811 2651 4867 medium
2714 4813 3090 4885 interponitur
3165 4817 3310 4874 inter
3345 4819 3558 4890 justum
3603 4840 3663 4890 (ιι

367 4898 630 4968 injustum
665 4913 775 4952 non
807 4899 973 4954 habet
1001 4915 1231 4966 nomen;
1262 4898 1356 4954 sed
1387 4898 1616 4954 extremi
1689 4899 1980 4972 utriusque
2021 4903 2310 4974 negatione
2357 4903 2602 4960 medium
2643 4905 2921 4978 ejusmodi
2989 4908 3374 4981 signiﬁcatur;
3400 4924 3530 4986 puta
3554 4927 3662 4973 nec

364 4995 597 5060 justum,
631 5007 733 5047 nec
769 4992 1058 5062 iniustum.

433 5085 842 5142 Contrariorum
876 5087 1209 5158 quadruplex
1239 5090 1558 5159 proprietas.
1578 5088 1954 5144 —Contraria

365 5194 531 5250 porro
561 5189 806 5251 quatuor
835 5180 920 5235 ha:
951 5181 1323 5252 preprietates
1354 5183 1715 5237 comitantur.
1771 5180 1948 5236 Prima

2142 5091 2523 5146 Ἀκολουθοῦσι
2551 5094 2610 5148 δὲ
2644 5097 2757 5160 τοῖς
2786 5096 3051 5161 ἐναντίοις
3076 5098 3348 5168 ἰδιώματα
3379 5118 3387 5126 '
3417 5104 3658 5174 πρῶτον,

2053 5185 2133 5237 ὅτι
2157 5183 2236 5256 τῷ
2261 5185 2360 5255 μὲν
2389 5186 2582 5259 ἀγαθῷ
2613 5188 2673 5255 ἐξ
2702 5189 2951 5260 ἀνάγκης
2987 5191 3232 5246 ἐναντίον
3257 5194 3318 5248 τὸ
3343 5197 3512 5250 κακόν
3532 5213 3546 5228 ·
3575 5201 3660 5272 τῷ

360 5281 466 5338 est,
494 5282 555 5328 ut
589 5261 732 5328 bono
756 5275 1004 5345 quidem,
1038 5274 1242 5328 malum
1275 5275 1619 5331 contrarium
1647 5275 1730 5334 Tsit
1757 5293 1769 5329 :
1806 5275 1950 5330 malo

2084 5276 2308 5348 ὲκακῷ,
2352 5279 2484 5332 ποτὲ
2518 5279 2618 5351 μὲν
2663 5281 2888 5350 ἀγαθὸν,
2917 5284 3051 5339 ποτὲ
3099 5283 3157 5338 δὲ
3189 5285 3317 5341 ἄλλο
3340 5288 3531 5342 κακόν.
3568 5261 3657 5364 Τῇ

359 5376 566 5433 autem,
592 5369 926 5442 quandoque
956 5370 1186 5436 bonum,
1236 5371 1572 5442 quandoque
1624 5369 1776 5425 aliud
1825 5386 1946 5425 ma-

359 5458 498 5518 lum.
521 5458 736 5517 Etenim
775 5464 1152 5534 temperantia:
1199 5463 1628 5534 intemperantia
1659 5463 1946 5518 contraria

2053 5369 2153 5439 μὲν
2192 5372 2526 5446 σωφροσύνῃ
2549 5372 2802 5444 [ἐναντία
2840 5379 2990 5431 ἐστιν
3020 5378 3054 5448 ἡ
3095 5378 3401 5433 ἀκολασία·
3441 5380 3651 5435 ἀκολα-

2049 5461 2142 5532 eia
2173 5462 2251 5527 δὲ,
2280 5463 2416 5517 ποτὲ
2455 5465 2555 5536 μὲν
2606 5469 2936 5542 σωφροσύνη
2963 5470 3062 5543 9,]
3087 5473 3217 5526 ποτὲ
3254 5473 3311 5526 δὲ
3343 5473 3642 5545 ἠλιθιότης.

1659 5605 1894 5662 VARIIE
1935 5605 2342 5663 LECTZONES.

428 5706 456 5746 ﬂ
487 5695 630 5755 Edit.
669 5707 725 5754 et
758 5714 892 5756 mss.
925 5701 1164 5770 quidam,
1202 5701 1452 5771 ταῦτα,ἢ
1483 5701 1542 5755 οὑ
1571 5701 1898 5772 μεταϐάλλει
1918 5717 1934 5735 ’
1965 5703 2127 5758 male.

2209 5703 2256 5742 ε·
2301 5699 2532 5760 Unciuis
2567 5702 2784 5762 inclusa
2816 5706 3217 5780 supplevimus.
3263 5708 3422 5763 Eutr.
3457 5707 3626 5770 l'no,
