3962 6320
278 279 394 341 645

1635 276 2099 337 DIALECTICA.

3454 277 3559 338 (ΒιΞῦ

273 388 589 454 Ἢλιθιότης
608 387 667 441 δέ
693 387 810 439 ἐστι
844 384 905 438 τὸ
936 383 1013 455 μὴ
1047 383 1339 447 κινεῖσθαι,
1383 382 1521 452 μηδέ
1552 383 1865 454 ἐγείρεσθαι

1975 395 2055 439 est
2082 402 2097 438 :
2122 384 2559 455 intemperantia:
2589 398 2791 451 autem,
2826 386 3103 441 interdum
3151 386 3554 458 temperantia,

263 481 340 534 τά
372 480 540 548 πάθη.
568 480 634 532 'H
659 480 759 549 μὲν
784 472 880 531 οὖν
913 475 1195 538 ἀκολασία,
1227 474 1463 544 ἔλλειψίς
1489 477 1607 526 ἐστι
1632 474 1730 544 τῆς
1762 492 1867 528 σω-

267 570 548 643 φροσύνης
573 587 586 600 ⁸
621 571 653 639 ἡ
687 568 744 621 δὲ
781 566 1081 637 ἠλιθιότης,
1123 566 1420 637 ὑπερϐολή.
1452 565 1703 620 Ἐναντία
1732 568 1789 620 δὲ
1818 569 1850 637 ἠ

267 664 572 736 ὑπερϐολὴ,
595 665 663 734 τῇ
708 659 965 728 ἐλλείψει.
1000 657 1265 729 Δεύτερον
1288 700 1302 724 ,
1326 660 1411 712 ὅτι
1452 658 1716 712 ἀδύνατον
1748 659 1864 728 ὅιμα

266 759 341 813 τὰ
379 756 598 810 ἐναντία
627 754 721 807 ἐπὶ
750 754 859 807 τῶν
890 751 1108 822 ἀτόμων
1141 746 1282 805 εῖναι
1305 752 1449 807 κατὰ
1478 750 1539 804 τὸ
1561 751 1714 808 αὑτό.
1752 754 1866 805 Οῷκ

268 848 551 919 ἐνδέχεται
579 846 689 917 γὰρ
720 845 839 916 ἅμα
867 843 1168 914 Σωκράτην
1212 843 1481 912 ὑγιαίνειν
1520 845 1614 896 καὶ
1653 846 1828 895 νοσεῖν
1849 860 1861 871 ⁸

269 942 307 1012 ἢ
339 941 482 995 κατά
510 941 572 994 τὸ
600 938 735 994 αὑτὸ
780 937 940 1009 μέλος
987 936 1384 1006 θερμαίνεσθαι
1425 936 1540 1006 ἅμα
1569 938 1663 990 καὶ
1693 936 1864 1006 ψύχε-

272 1031 423 1085 σθαι.
442 1030 658 1101 Τρίτον,
677 1030 760 1081 ὅτι
781 1028 850 1081 τὰ
877 1026 1097 1080 ἐναντία
1126 1028 1183 1079 ἐν
1210 1026 1286 1095 τῷ
1320 1027 1469 1097 αὐτῷ
1496 1027 1863 1098 ὑποκειμένῳ,

269 1124 309 1194 ἢ
338 1122 506 1191 γένει,
538 1121 571 1191 ἢ
617 1120 772 1184 εἴδει,
799 1120 833 1189 ἦ
884 1117 1127 1191 ἀριθμῷ.
1163 1119 1317 1173 Γένει
1357 1120 1481 1190 μὲν,
1512 1119 1587 1183 ὡς
1620 1121 1677 1171 ἐν
1708 1119 1866 1189 ἁπλῷ

273 1212 493 1283 σώματι
524 1211 586 1263 τὸ
612 1210 807 1263 λευκόν
834 1211 927 1262 καὶ
959 1209 1021 1261 τὸ
1052 1208 1223 1278 μέλαν
1243 1225 1257 1239 ⁸
1283 1208 1416 1263 είδει
1444 1209 1522 1271 δὲ,
1556 1210 1631 1272 ὡς
1667 1210 1724 1262 ἐν
1763 1209 1866 1262 σώ-

275 1316 409 1371 ματι
457 1298 601 1362 ζώου
652 1298 811 1365 ὑγεία
848 1298 942 1350 καὶ
989 1297 1174 1361 νόσος⁸
1225 1296 1450 1368 ἀριθμῷ
1483 1298 1538 1351 δὲ
1585 1298 1766 1368 δῆλον.
1793 1300 1867 1351 Τὸ

273 1396 387 1466 γὰρ
414 1394 550 1448 αὐτὸ
578 1393 737 1463 σῶμα
764 1391 873 1443 τῶν
916 1388 1173 1443 ἐναντίων
1212 1385 1353 1444 εἶναι
1377 1390 1628 1443 δεκτικὸν
1650 1390 1864 1460 ἐνδέχε-

271 1505 385 1551 ται,
421 1487 563 1541 κατά
592 1486 691 1555 τὴν
735 1482 931 1538 ἐαυτοῦ
969 1482 1295 1553 μεταϐολήν.
1333 1483 1607 1552 Τέταρτον
1630 1521 1645 1546 ,
1674 1483 1757 1534 ὅτι
1796 1482 1865 1535 τὰ

272 1578 515 1638 ἐναντία,
538 1578 572 1647 ἢ
603 1575 709 1628 ὑπὸ
750 1573 812 1626 τὸ
860 1573 992 1627 αὐτὸ
1040 1572 1217 1640 γένος,
1246 1572 1320 1635 ὡς
1349 1572 1411 1626 τὺ
1453 1572 1646 1626 λευκὸν
1676 1572 1770 1625 καὶ
1805 1572 1865 1626 τὸ

276 1671 448 1743 μέλαν
495 1668 600 1722 ὑπὸ
632 1669 692 1720 τὸ
747 1664 947 1736 χρῶμα
968 1681 981 1694 ⁸
1015 1664 1048 1734 ἢ
1100 1664 1205 1718 ὑπὸ
1230 1665 1298 1719 τὰ
1332 1665 1551 1719 ἐναντία
1602 1664 1759 1734 γένη,
1788 1664 1865 1726 ὡς

1975 477 2255 532 interdum
2283 479 2604 546 stupiditas.
2640 478 2733 533 Est
2761 479 2909 532 enim
2944 477 3264 547 stupiditas,
3293 492 3417 531 cum
3449 492 3559 533 non

1976 576 2265 623 moventur
2298 577 2392 622 aut
2438 570 2755 623 excitantur
2793 571 2991 624 animm
3035 569 3378 623 affectiones.
3412 568 3560 633 Qua-

1975 666 2201 727 propter
2227 657 2652 728 intemperantia
2696 660 3076 728 temperantia:
3127 659 3380 713 defectus
3429 667 3557 713 est:

1974 750 2267 819 stnpiditas
2307 758 2490 805 autem
2542 764 2824 806 excessus.
2880 750 3056 806 Porro
3123 752 3372 806 defectus
3433 766 3560 806 cum

1972 856 2206 897 excessu
2237 848 2468 912 pugnat.
2500 840 2749 895 Secunda
2784 842 3094 911 proprietas
3125 850 3228 904 est.
3253 842 3401 911 quod
3439 843 3557 895 fieri

1974 948 2083 985 non
2130 933 2310 1002 possit
2355 942 2417 986 ut
2468 932 2744 987 contraria
2786 934 2955 987 simul
2995 934 3107 988 sint
3159 933 3215 987 in
3256 934 3562 988 individuis

1973 1025 2280 1079 secundum
2330 1025 2495 1081 idem.
2547 1026 2731 1097 Neque
2780 1025 2925 1081 enim
2986 1023 3242 1080 Socrates
3292 1026 3457 1079 simul
3507 1036 3562 1080 et

1974 1115 2159 1169 valere
2199 1124 2254 1169 et
2295 1125 2563 1185 aegrotare
2594 1126 2813 1187 potest;
2843 1124 2936 1169 aut
2967 1118 3215 1171 membro
3245 1116 3434 1171 eodem
3465 1132 3559 1172 ca-

1974 1205 2147 1259 leﬁeri
2194 1208 2399 1275 pariter
2447 1224 2510 1262 ac
2558 1208 2836 1280 frigefteri.
2888 1208 3098 1273 Tertia,
3150 1216 3210 1261 ut
3260 1209 3315 1262 in
3369 1209 3560 1263 eodem

1975 1294 2252 1363 subjecto,
2284 1305 2378 1349 aut
2415 1313 2637 1365 genere,
2668 1307 2763 1352 aut
2797 1300 3005 1368 specie,
3045 1306 3139 1352 aut
3177 1313 3405 1352 numero
3429 1300 3559 1353 sint.

1973 1384 2187 1440 Genere
2234 1388 2480 1456 quidem,
2513 1399 2572 1442 ut
2620 1390 2674 1443 in
2722 1390 2962 1460 simplici
2997 1405 3232 1461 corpore
3273 1391 3458 1444 album
3508 1401 3564 1443 et

1974 1478 2229 1547 nigrum:
2281 1480 2473 1549 specie
2517 1489 2732 1543 autem.
2773 1490 2832 1538 ut
2870 1484 2924 1537 in
2978 1484 3282 1539 animantis
3326 1498 3564 1553 corpore

1974 1570 2183 1625 sanitas
2235 1581 2290 1625 et
2347 1573 2610 1629 morbus:
2650 1590 2779 1629 nam
2828 1576 2895 1630 de
2948 1592 3180 1630 numero
3225 1585 3311 1630 est
3344 1577 3562 1645 perspi-

1973 1677 2158 1715 cuum.
2190 1662 2338 1717 Idem
2360 1665 2501 1719 enim
2531 1680 2734 1737 corpus
2765 1683 2863 1737 per
2885 1668 2970 1723 sui
2997 1668 3360 1723 mutationem
3388 1683 3561 1737 capax

273 1760 590 1829 δικαιοσύνη
627 1757 722 1811 καὶ
756 1756 940 1809 ἀδικία
970 1755 1075 1809 ὑπὸ
1104 1756 1164 1809 τὸ
1206 1756 1410 1826 ἀγαθὸν
1455 1755 1548 1809 καὶ
1579 1755 1640 1808 τὸ
1670 1755 1863 1817 κακὸν,

1975 1763 2051 1808 est
2071 1755 2510 1810 contrariorum.
2548 1756 2757 1823 Quarta
2792 1758 3033 1828 denique
3068 1760 3559 1830 proprietas,quod

276 1856 438 1907 ἆτινα
480 1849 701 1903 ἐναντία
728 1848 865 1902 εἰσίν
890 1865 903 1878 ⁸
938 1848 971 1919 ἢ
1016 1848 1157 1902 αύτά
1188 1848 1256 1901 τὰ
1286 1848 1505 1901 ἐναντία
1536 1846 1668 1917 γένη
1704 1846 1862 1912 εἰσιν,

276 1946 353 2007 ὡς
379 1943 441 1995 τὸ
485 1941 685 2009 ἀγαθὸν
708 1941 800 1994 καὶ
838 1939 898 1991 τὸ
927 1940 1097 1993 κακὸν
1132 1941 1349 1993 ἐναντία
1382 1939 1510 1993 ὄντα
1541 1940 1695 2010 γένη.

1970 1846 2272 1913 contraria,
2300 1847 2383 1901 vel
2413 1849 2517 1903 sub
2548 1849 2741 1905 eodem
2777 1866 2976 1921 genere
3010 1852 3141 1917 sint,
3191 1862 3250 1906 ut
3286 1852 3469 1905 album
3508 1858 3563 1905 et

1972 1937 2191 2008 nigrum
2226 1939 2331 1994 sub
2362 1956 2629 2010 corpore:
2663 1943 2744 1997 vel
2782 1944 2887 1998 sub
2913 1945 3213 1999 contrariis
3240 1945 3559 2015 generibus,

282 2043 340 2087 ut
381 2033 599 2101 justitia
651 2039 706 2086 et
756 2029 1032 2099 injustitia
1080 2031 1184 2085 sub
1219 2030 1370 2085 bono
1423 2036 1475 2084 et
1516 2029 1699 2095 malo;
1735 2042 1855 2099 qua:
1896 2027 2115 2096 quidem
2142 2030 2425 2084 contraria
2455 2042 2621 2086 sunt:
2657 2043 2753 2087 aut
2785 2033 3006 2089 demum
3040 2046 3172 2090 sunt
3248 2037 3365 2105 ipsa
3427 2052 3563 2093 con-

280 2127 451 2182 traria
486 2139 709 2197 genera,
752 2131 812 2177 ut
857 2123 1061 2178 bonum
1100 2131 1153 2177 et
1200 2122 1444 2186 malum;
1475 2137 1596 2193 qua:
1629 2123 1850 2193 quidem
1890 2122 2170 2177 contraria
2203 2139 2404 2203 genera
2436 2125 2569 2182 sint.

867 2216 1119 2270 ΚΕΦΑΛ.
1147 2217 1281 2270 ΝΗ’.

621 2308 757 2378 Περὶ
799 2309 983 2375 ἕξεως
1022 2308 1125 2363 καὶ
1174 2306 1532 2377 στερήσεως.

353 2400 508 2467 Ἐξις
549 2400 767 2469 λέγεται
795 2402 829 2471 ἡ
876 2400 1126 2471 ἐνέργεια
1173 2400 1267 2453 τοῦ
1318 2398 1577 2469 ἐχομένου
1628 2401 1725 2454 καὶ
1771 2400 1864 2453 τοῦ

280 2496 516 2567 ἔχοντος,
537 2494 612 2559 ὡς
642 2493 736 2547 τοῦ
768 2493 957 2557 ὅπλου,
989 2493 1083 2546 καὶ
1128 2492 1219 2545 τοῦ
1249 2492 1598 2563 ὡπλισμένου
1622 2533 1636 2554 ,
1670 2493 1859 2563 ἤγουν,

278 2588 374 2642 τοῦ
400 2586 676 2650 ἐνδύοντπ
704 2586 801 2638 καὶ
823 2583 917 2637 τοῦ
945 2582 1285 2654 ἐνδυομένου.
1306 2583 1589 2654 Δεύτερον,
1608 2584 1664 2635 αί
1684 2585 1870 2636 ἐπείσ-

278 2699 433 2737 ακτοι
486 2680 758 2751 ἐνέργειαι
814 2679 1034 2750 μόνιμοι
1082 2672 1264 2742 οὖσαι,
1317 2679 1426 2730 εἴτε
1466 2680 1726 2747 φυσικαὶ,
1761 2680 1871 2732 εἴτε

283 2774 536 2846 ψυχικαί.
569 2773 676 2827 Καὶ
702 2771 932 2841 φυσικαὶ
960 2771 1080 2841 μὲν,
1104 2771 1180 2834 ὼς
1209 2770 1482 2842 θερμότης
1515 2772 1572 2823 ἐν
1608 2773 1719 2834 τοῖς
1750 2771 1871 2842 θερ-

290 2868 671 2938 μαινομὲνοις⁸
701 2864 928 2936 ψυχικαὶ
948 2863 1116 2928 δέ,ὼς
1146 2864 1446 2933 ἐπιστήμη.
1488 2865 1707 2935 Τρίτον,
1732 2865 1869 2935 ὅπερ

284 2960 439 3015 οὔπω
461 2960 561 3031 μὲν
591 2958 732 3028 ἔχει’
758 2957 871 3027 ἔχει
905 2956 959 3009 δὲ
993 2955 1405 3043 ἐπιτηδειότητα
1434 2955 1708 3021 δέξασθαι,
1732 2958 1869 3028 ὅπερ

2578 2220 2732 2276 CAP.
2772 2220 2956 2277 LVIII.

2397 2310 2473 2365 De
2507 2313 2692 2366 habitu
2727 2326 2773 2368 el
2810 2316 3129 2383 privatione.

2052 2399 2208 2454 Varii
2254 2403 2396 2456 modi
2450 2404 2642 2473 quibus
2691 2405 2892 2459 dicitur
2941 2408 3176 2462 habitus.
3216 2437 3279 2447 —
3329 2407 3559 2463 IIabitus

1975 2490 2146 2543 habiti
2175 2501 2227 2544 et
2257 2491 2509 2547 habentis
2535 2503 2693 2550 actus
2720 2496 2959 2550 dicitur:
3006 2506 3157 2566 puta,
3196 2514 3476 2553 armorum
3503 2510 3556 2553 et

1972 2580 2208 2645 armati;
2238 2581 2354 2636 sive
2389 2583 2668 2639 induentis
2702 2592 2756 2639 et
2790 2585 2987 2640 induti.
3033 2587 3308 2653 Secundo,
3350 2591 3556 2644 adven-

1970 2673 2075 2727 titii
2114 2682 2272 2729 actus
2295 2675 2633 2731 exsistentes
2661 2676 2966 2744 durabiles,
3010 2680 3127 2734 sive
3153 2681 3230 2733 illi
3275 2684 3561 2737 naturales

1969 2764 2102 2827 sint,
2153 2765 2272 2819 sive
2298 2765 2366 2818 ad
2398 2766 2641 2820 animum
2690 2776 2960 2837 spectent.
3010 2768 3304 2825 Naturales
3336 2788 3555 2840 nempe.

1973 2866 2031 2907 ut
2087 2856 2240 2909 calor
2273 2857 2329 2909 in
2368 2857 2435 2911 iis
2478 2874 2601 2928 qua:
2650 2860 2949 2925 caleliunt,
2999 2862 3170 2916 animi
3229 2872 3437 2928 autem,
3501 2873 3560 2918 ut

1970 2948 2224 3002 scientia.
2256 2948 2465 3011 Tertio,
2516 2951 2664 3019 quod
2701 2951 2942 3005 nondum
2981 2953 3207 3021 quidem
3252 2953 3437 3018 habet,
3470 2955 3551 3008 sic

281 3052 401 3106 ἐστὶ
430 3049 646 3122 πρῶτον
675 3048 1075 3119 σημαινόμενον
1106 3046 1200 3099 τοῦ
1227 3042 1474 3117 δυνάμει.
1497 3048 1768 3119 Τέταρτον
1795 3090 1808 3112 ,
1838 3049 1867 3118 ἡ

1978 3045 2161 3092 tamen
2211 3050 2591 3108 comparatum
2641 3051 2726 3094 est
2781 3051 2839 3094 ttt
2891 3042 3094 3098 habere
3148 3045 3357 3113 possit:
3409 3044 3556 3113 quod

282 3145 489 3216 φυσικὴ
521 3140 765 3213 ποιότης,
795 3141 963 3213 ἤγουν
996 3139 1198 3209 φυσικὴ
1237 3137 1381 3203 ἕξις⁸
1414 3141 1490 3205 ὡς
1523 3142 1555 3211 ἡ
1600 3141 1871 3212 θερμότης

280 3234 376 3287 τοῦ
414 3231 731 3304 πυρὸς,κα¹ι
777 3228 873 3281 τοῦ
922 3228 1275 3293 καθεύδοντος
1328 3232 1361 3300 ή
1388 3229 1530 3299 ὄψις,
1576 3231 1715 3300 ὅπερ
1750 3231 1869 3285 ἐστὶ

280 3324 535 3395 δεύτερον
593 3321 995 3391 σημαινόμενον
1043 3319 1137 3373 τοῦ
1193 3319 1425 3392 δυνάμει
1463 3338 1476 3351 ⁸
1508 3320 1734 3376 δύναται
1761 3322 1870 3393 γὰρ

283 3417 463 3471 καίειν
484 3432 497 3445 ⁸
520 3417 586 3484 τῇ
617 3412 868 3483 ἐνεργείᾳ
896 3411 952 3464 δέ
976 3411 1038 3463 ού
1064 3411 1211 3465 καίει
1233 3429 1245 3442 ⁸
1274 3412 1494 3483 πρῶτον
1521 3412 1578 3465 δὲ
1610 3414 1871 3483 σημαινό-

287 3524 448 3579 μενον
471 3504 566 3559 τοῦ
601 3502 876 3575 ἐνεργείᾳ.
911 3502 1283 3573 Πέμπτον,ώς
1312 3504 1344 3573 ἡ
1371 3503 1560 3573 τελικὴ
1592 3504 1867 3574 ἐνέργεια,

278 3601 358 3665 ὡς
405 3600 661 3671 ἡὸρασις
703 3598 736 3667 ή
786 3595 887 3666 ἤδη
929 3594 1145 3665 ὁρῶσα,
1178 3594 1272 3648 καὶ
1321 3596 1355 3665 η
1386 3593 1658 3666 θερμότης
1690 3597 1724 3667 ἡ
1766 3596 1867 3666 ήδη

279 3695 341 3747 θε
351 3692 682 3765 ρμαίνουσα.

357 3850 623 3921 Στέρησις
657 3847 711 3901 δὲ
758 3849 792 3919 ἡ
844 3847 943 3918 τῆς
992 3846 1160 3913 ἕξεως
1209 3845 1475 3917 ἀποϐολή.
1543 3844 1870 3901 ’Λντίκειται

278 3940 381 3999 οὖν
430 3941 508 4013 τῷ
565 3941 664 4011 μὲν
696 3939 774 4011 τῷ
810 3939 1011 4009 πρώτῳ
1044 3939 1431 4008 σημαινομένῳ
1478 3936 1579 4007 τῆς
1607 3937 1792 4004 ἕξεως,
1835 3940 1867 4008 ἡ

280 4031 550 4102 στέρησις
591 4028 685 4081 τοῦ
731 4028 918 4092 ὅπλου,
965 4028 1133 4099 ἤγουν
1177 4027 1269 4081 τοῦ
1327 4026 1659 4097 ἐνδύματοςο
1694 4027 1771 4097 τῷ
1813 4028 1868 4081 δὲ

277 4122 547 4191 δευτέρῳ,
580 4121 613 4189 ἡ
653 4117 898 4189 ἀποϐολὴ
952 4118 1059 4172 τῶν
1087 4118 1435 4173 ἐπεισάκτων
1469 4119 1657 4183 ἕξεων,
1695 4120 1781 4172 ὅτε
1810 4120 1870 4171 τὸ

281 4211 597 4285 θερμανθὲν
630 4210 939 4281 ψυχρανθῇ.
991 4207 1081 4280 Τῷ
1138 4210 1330 4281 τρίτῳ,
1357 4210 1496 4282 ὅπερ
1553 4210 1673 4263 οὐδὲ
1732 4210 1868 4275 ὅλως

284 4305 534 4372 πέφυκεν
581 4301 725 4372 ἔχειν
772 4300 832 4353 τὸ
894 4299 1048 4368 γένος
1084 4315 1099 4329 ⁸
1131 4298 1206 4361 ὡς
1271 4298 1501 4370 λέγομεν
1554 4300 1695 4369 ἔχειν
1746 4302 1870 4353 ἐπι-

1975 3127 2198 3196 quidem
2249 3138 2332 3183 est
2381 3130 2618 3199 primum
2677 3132 3086 3201 significatum,
3124 3134 3245 3203 ejus
3277 3135 3422 3204 quod
3472 3142 3558 3189 est

1972 3226 2264 3287 potestate.
2305 3220 2535 3286 Quarto,
2578 3224 2849 3278 naturalis
2880 3225 3148 3293 qualitas,
3188 3224 3238 3278 id
3275 3234 3359 3280 est
3395 3225 3554 3280 habi-

1975 3322 2063 3366 tus
2113 3312 2425 3366 naturalis:
2466 3322 2525 3367 ut
2575 3315 2727 3368 calor
2783 3315 2944 3385 ignis,
2998 3317 3324 3372 dormientis
3362 3318 3551 3371 visus:

1972 3401 2115 3469 quod
2173 3402 2395 3472 quidem
2458 3405 2765 3459 secundum
2828 3408 3198 3475 significatum
3264 3418 3383 3474 est,
3433 3410 3555 3477 ejus

1971 3494 2118 3563 quod
2174 3505 2259 3550 est
2316 3504 2593 3565 potestate
2640 3500 2917 3569 (quamvis
2960 3502 3106 3554 enim
3161 3516 3320 3555 urere
3375 3503 3556 3570 possit

1972 3585 2146 3654 ignis;
2189 3602 2301 3640 non
2338 3595 2519 3642 tamen
2568 3598 2692 3642 actu
2739 3590 2892 3659 urit),
2933 3590 3171 3659 primum
3210 3602 3389 3644 autem
3430 3589 3554 3657 ejus

1971 3672 2118 3742 quod
2160 3684 2245 3726 est
2294 3684 2439 3728 actu.
2495 3675 2722 3741 Quinto,
2778 3689 2835 3729 ut
2896 3686 3053 3731 actus
3107 3676 3383 3747 perfectus
3422 3696 3435 3730 :
3472 3678 3551 3731 uti

1972 3759 2123 3813 visus
2154 3759 2209 3812 in
2241 3766 2366 3813 actu
2403 3761 2656 3827 visionis,
2709 3771 2763 3815 et
2796 3765 2967 3826 calor,
2998 3765 3092 3832 qui
3126 3764 3240 3831 jam
3271 3763 3549 3820 calefacit.

2044 3846 2247 3912 Quibus
2278 3849 2400 3901 item
2446 3850 2696 3916 prii-alio.
2737 3849 2980 3904 l’rivalio
3019 3852 3203 3905 stricte
3234 3854 3552 3923 negatio.—

1972 3932 2214 3989 Privatio
2242 3946 2422 3990 autem
2456 3945 2539 3991 est
2572 3937 2788 3992 habitus
2820 3940 3072 4009 ahjectio.
3101 3940 3287 4011 Itaque
3321 3944 3551 4012 opponi~

1972 4036 2059 4080 tur
2089 4029 2266 4096 primo
2298 4029 2519 4085 habitus
2548 4031 2877 4102 signiﬁcato,
2910 4048 3210 4099 armorum,
3247 4036 3361 4090 sive
3383 4037 3551 4091 vesti—

1972 4129 2059 4175 tus
2114 4121 2370 4190 privatio.
2429 4120 2717 4188 Secundo,
2774 4123 3201 4180 adventitiorum
3260 4127 3548 4186 habituum
3590 4192 3603 4197 _

1971 4211 2245 4280 ahjectio;
2279 4219 2334 4265 ut
2365 4227 2491 4266 cum
2536 4213 2590 4268 id
2622 4213 2767 4284 quod
2811 4214 3137 4270 calefactum
3170 4228 3274 4281 est,
3306 4220 3546 4291 refrige-

1972 4309 2147 4355 ratur.
2184 4299 2392 4366 Tertio,
2428 4300 2572 4372 quod
2603 4317 2779 4371 genus
2822 4303 2900 4357 rei
2951 4304 3102 4358 nullo
3143 4302 3305 4357 modo
3347 4305 3551 4361 habere

281 4402 606 4473 τηδειότητα
653 4399 715 4453 τὸ
756 4398 950 4469 βρέφος
980 4397 1118 4468 πρὸς
1154 4398 1442 4468 μουσικὴν,
1480 4398 1577 4467 τὴν
1603 4398 1660 4451 δέ
1697 4398 1867 4467 συκῆν

1975 4402 2352 4459 comparatum
2386 4400 2507 4456 est;
2544 4402 2602 4445 ut
2633 4393 2901 4448 infantem
2938 4404 3136 4449 natura
3166 4407 3549 4465 comparatum

284 4494 562 4565 ουδαμῶς.
621 4490 941 4561 Ἐστέρηται
993 4485 1085 4542 οὑν
1115 4491 1148 4559 ἡ
1186 4491 1323 4558 συκῆ
1346 4527 1361 4551 ,
1389 4489 1575 4559 ἐπειδὴ
1606 4491 1666 4542 τὸ
1710 4490 1869 4557 γένος

283 4588 400 4642 τῶν
439 4585 622 4655 φυτῶν
652 4586 753 4637 οὐκ
791 4583 905 4653 ἔχει
933 4581 1350 4651 ἐπιτηδειότητα
1384 4581 1642 4648 δέξασθαι
1675 4600 1868 4652 μουσιο

286 4682 398 4750 κήν
424 4697 438 4709 ⁸
474 4680 567 4732 καὶ
601 4672 794 4745 οὗπερ,
843 4677 905 4728 τδ
939 4675 1037 4744 μὲν
1076 4674 1234 4743 γένος
1278 4672 1393 4743 ἔχει
1434 4674 1866 4745 ἐπιτηδειότητα,

284 4773 347 4825 τὶ
377 4772 431 4823 δὲ
468 4769 575 4822 τῶν
615 4768 770 4821 εἱδῶν
807 4769 907 4821 οὑκ
953 4766 1085 4837 ἔχει.
1115 4764 1191 4818 Τὸ
1220 4764 1329 4834 γὰρ
1372 4764 1509 4829 ζῶον
1539 4764 1651 4835 ἔχει
1682 4768 1871 4837 ἐπιτη-

285 4862 545 4932 δειότητα
587 4860 681 4913 τοῦ
706 4860 838 4933 όρᾷν
863 4873 877 4887 ⁸
902 4860 931 4912 ό
959 4858 1016 4911 δὲ
1068 4855 1340 4920 ἀσπάλαξ,
1378 4851 1518 4918 εἶδος
1563 4855 1656 4909 τοῦ
1705 4854 1868 4919 ζώου,

286 4953 395 5008 οὑκ
442 4954 555 5023 ἔχει
588 4951 1001 5019 ἐπιτηδειότητα
1047 4947 1142 5001 τοῦ
1190 4948 1345 5019 όρᾷν.
1372 4945 1462 5016 Τῷ
1506 4946 1563 4999 δέ
1586 4949 1866 5016 τετάρτῳ,

287 5048 325 5116 ἡ
386 5042 626 5112 ἀποὸολὴ
676 5040 775 5109 τῆς
819 5040 1099 5108 ουνὰμεως
1150 5036 1249 5107 τῆς
1306 5034 1430 5089 καθ’
1477 5034 1590 5101 ἐξιν
1627 5050 1640 5062 ⁸
1689 5033 1767 5104 τῷ
1811 5032 1870 5085 δὲ

289 5137 553 5207 πέμπτῳ,
597 5138 629 5205 ὴ
666 5131 908 5202 ἀποὸολὴ
968 5129 1068 5199 τῆς
1114 5127 1334 5197 τελικῆς
1388 5126 1697 5197 ἐνεργείας,
1726 5125 1871 5196 ἅπερ

290 5228 553 5298 ἀνωτέρω
612 5225 914 5296 εἰρήκαμεν
965 5224 1064 5290 τὴν
1108 5219 1250 5273 κατὰ
1301 5219 1557 5290 στέρησιν
1612 5219 1707 5272 καὶ
1758 5218 1870 5284 ἐξιν

291 5316 405 5370 τῶν
441 5315 831 5384 ἀντικειμένων
883 5311 1154 5365 ἀντίθεσιν
1180 5326 1191 5338 ·
1223 5310 1391 5381 ἤγουν
1424 5308 1522 5378 τῆς
1552 5308 1866 5377 δυνάμεως,

291 5410 407 5463 εἴτε
461 5409 559 5479 τῆς
608 5407 918 5478 ποιητικῆς,
961 5403 1070 5456 εἴτε
1120 5404 1221 5473 τῆς
1259 5398 1571 5469 παθητικῆς
1601 5417 1615 5431 ⁸
1646 5397 1784 5468 αὕτη
1814 5398 1871 5451 δέ

292 5497 757 5569 χαρακτηρίζεται
799 5498 911 5558 τοῖς
964 5494 1111 5564 τριτι
1161 5490 1372 5552 τούτοις
1401 5506 1412 5519 ·
1442 5489 1578 5556 ὅπερ
1630 5488 1871 5557 πέφυκεν

293 5592 465 5661 ἔχειν,
486 5592 605 5645 οὑδὲ
633 5591 768 5653 ὅλως
798 5589 910 5659 ἔχει
938 5628 952 5652 ,
981 5586 1120 5643 ἀλλά
1159 5584 1387 5646 τελείως
1419 5584 1709 5655 ἐστέρηται
1730 5598 1743 5613 ⁸
1775 5585 1870 5638 καὶ

292 5684 386 5736 ὅτε
413 5684 656 5753 πέφυκεν
695 5682 860 5754 ἔχειν,
898 5681 993 5735 καὶ
1045 5678 1174 5733 ἔνθα
1224 5678 1469 5745 πέφυκεν
1502 5677 1643 5748 ἔχειν
1679 5693 1692 5709 ⁸
1733 5673 1868 5732 οἷον.

1971 4482 2039 4537 ad
2087 4486 2355 4540 musicam
2404 4486 2669 4555 dicimus;
2724 4490 2887 4543 ficum
2946 4501 3126 4547 autem
3175 4508 3547 4563 nequaquam.

1970 4573 2136 4630 Ficus
2173 4577 2355 4648 itaque
2398 4580 2609 4648 privata
2656 4592 2763 4646 est,
2798 4585 2944 4653 quod
2991 4584 3252 4639 nimirum
3290 4586 3545 4656 stirpium

1969 4680 2145 4736 genus
2204 4682 2312 4722 non
2357 4669 2427 4723 sit
2461 4679 2648 4739 aptum
2700 4679 2760 4725 ut
2809 4673 3037 4743 recipiat
3095 4674 3402 4729 musicam:
3437 4676 3544 4745 61

1970 4758 2115 4828 quod
2170 4758 2300 4813 item
2356 4760 2534 4815 locum
2595 4762 2777 4828 habet,
2819 4780 2944 4819 cum
2985 4780 3160 4835 genus
3191 4765 3413 4834 quidem
3468 4768 3548 4821 rei

1971 4852 2334 4923 aptitudinem
2388 4854 2588 4921 habet;
2630 4858 2877 4927 quaedam
2919 4868 3100 4914 autem
3165 4859 3383 4929 species
3436 4874 3548 4915 non

1972 4945 2100 4999 item
2148 4964 2161 4999 :
2199 4961 2251 4998 v.
2285 4961 2395 5016 gr.,
2432 4948 2635 5002 animal
2666 4965 2890 5007 cernere
2921 4960 3103 5021 aptum
3136 4958 3252 5015 est;
3281 4959 3335 5005 et
3360 4957 3548 5005 tamen

1972 5036 2138 5105 talpa,
2189 5052 2310 5104 quae
2336 5038 2592 5094 animalis
2637 5041 2851 5108 species
2898 5048 3003 5101 est.
3047 5039 3305 5095 cernendi
3341 5040 3549 5108 aptizu-

1971 5126 2097 5182 dine
2117 5138 2287 5183 caret.
2318 5127 2548 5193 Quarto,
2584 5133 2841 5199 potentiae
2879 5148 3003 5202 quae
3054 5131 3359 5188 secundum
3392 5131 3549 5184 habi-

1973 5226 2087 5273 tum
2120 5229 2226 5281 est,
2258 5221 2513 5290 ahjectio.
2565 5222 2792 5288 Quinto,
2829 5224 3010 5280 finalis
3058 5236 3216 5280 actus
3272 5238 3336 5277 ac
3386 5223 3549 5292 perli-

1973 5313 2172 5366 cientis
2203 5313 2442 5381 ahjectio
2480 5314 2661 5382 :quod
2690 5315 2911 5384 quidem
2938 5315 3214 5386 superius,
3256 5328 3376 5369 eam
3426 5327 3548 5381 qua

1972 5419 2068 5473 per
2118 5405 2480 5473 privationem
2534 5413 2588 5460 et
2642 5405 2887 5460 habitum
2938 5406 3018 5473 fit,
3061 5405 3399 5461 contrarium
3444 5420 3545 5475 op-

1971 5496 2303 5565 positionem
2337 5497 2767 5568 appellavimus;
2803 5500 2904 5554 hoc
2951 5506 3067 5564 est,
3101 5497 3380 5569 potentiae,
3433 5504 3547 5550 tam

1972 5588 2283 5652 efficientis,
2314 5605 2477 5659 quam
2512 5591 2793 5660 patientis.
2826 5590 2950 5645 llazc
2976 5606 3143 5662 porro
3170 5591 3350 5646 tribus
3396 5588 3551 5644 hisce

1974 5678 2121 5733 notis
2170 5677 2498 5750 insignitur;
2535 5689 2595 5735 ut
2628 5682 2721 5750 sit,
2759 5683 2903 5753 quod
2938 5689 3138 5738 natura
3168 5688 3550 5751 comparatum
