3962 6320
415 265 529 333 64Ἷ

1599 263 1662 324 S.
1701 260 2024 324 JOANNIS
2051 258 2490 320 DAMASCENI

3595 261 3704 326 648

414 387 504 434 est
534 355 759 443 habere,
796 387 899 430 nec
939 373 1052 430 ullo
1102 383 1282 431 tamen
1335 378 1499 445 pacto
1560 373 1748 439 habet,
1805 389 1994 430 verum

2125 372 2194 425 τὸν
2229 371 2381 425 λίθον
2409 371 2472 424 ού
2495 371 2731 443 λέγομεν
2759 370 2899 426 εἶναι
2945 371 3149 444 τυφλόν
3197 371 3311 443 (58)
3332 391 3347 404 ·
3383 372 3445 426 ού
3486 373 3704 444 πέφυκε

415 483 649 540 prorsus
671 467 950 539 privatum
979 473 1063 522 est
1094 485 1108 522 :
1134 483 1188 521 v.
1215 481 1326 538 gr.,
1353 480 1463 521 non
1491 464 1727 521 dicimus
1753 465 1993 536 lapidem

413 574 620 616 caecum
653 573 818 626 esse;
871 573 1050 629 neque
1079 559 1226 614 enim
1262 566 1620 629 comparatus
1654 563 1740 612 est
1783 564 1844 611 ut
1878 571 2000 610 cer-

415 648 580 706 nendi
643 648 837 705 habitu
887 648 1114 720 polleat.
1164 647 1277 702 Nec
1320 661 1516 702 canem
1573 659 1764 701 recens
1806 652 1999 699 natum

414 754 618 796 caecum
675 739 1183 809 appellamus;aut
1232 753 1410 808 nuper
1449 736 1659 792 editum
1710 735 2000 798 infantem,

414 830 782 885 edentulum:
830 829 962 900 quia
1000 844 1068 885 eo
1118 835 1369 899 tempore
1423 827 1626 883 habere
1671 828 1849 882 visum
1905 831 2003 880 aut

415 917 614 974 dentes
647 919 874 972 minime
904 918 1211 988 comparati
1247 925 1398 972 sunt.
1438 916 1628 987 Neque
1649 917 1779 971 item
1807 914 2001 985 pedem

415 1020 620 1062 caecum
654 1021 778 1062 esse
826 1007 1100 1061 dicimus:
1137 1003 1590 1076 quandoquidem
1623 1003 1828 1059 animal
1855 1018 1885 1057 a
1911 1016 2008 1057 na-

2097 463 2210 532 γάρ
2231 461 2378 532 ἔχειν
2406 461 2520 528 ἕξιν
2553 463 2819 534 ὁράσεως.
2839 464 2976 517 Ούδὲ
3015 464 3109 518 τὸν
3137 464 3530 536 ἀρτιγέννητον
3562 467 3706 520 κύνα

2098 553 2332 622 λέγομεν
2379 547 2521 606 εἶναι
2565 553 2769 622 τυφλόν
2791 567 2804 581 ³
2829 554 2951 606 οὐδὲ
3000 554 3062 608 τὸ
3092 556 3478 626 ἀρτιγέννητον
3505 555 3707 627 βρέςιςος

2103 642 2272 695 νωδόν
2292 659 2305 674 ·
2344 643 2535 717 ἐπειδὴ
2569 644 2632 697 ού
2663 643 2946 712 πεφύκασι
2987 644 3108 698 κατ’
3136 647 3346 698 ἐκεῖνον
3389 646 3479 699 τὸν
3508 647 3707 718 καιρὸν

2102 731 2270 800 ἐχειν.
2289 733 2424 786 Οὐδὲ
2461 735 2553 788 τδν
2609 735 2747 788 πόδα
2797 735 3029 806 λέγομεν
3078 735 3315 804 τυφλόνο
3355 739 3416 790 ού
3451 738 3562 808 γὰρ
3601 737 3707 791 πέ-

2109 842 2248 892 φυκε
2271 825 2334 878 τὺ
2367 825 2506 890 ζῶον
2537 827 2596 881 ὲν
2619 827 2696 896 τῷ
2718 829 2840 882 ποδὶ
2871 828 3018 898 ἔχειν
3045 830 3143 900 τὴν
3167 827 3282 894 ἕξιν
3303 830 3402 900 τῆς
3433 831 3703 900 ὁράσεως.

2112 913 2246 967 Ὅτε
2276 910 2372 968 οὖν
2397 916 2494 970 καὶ
2546 919 2616 972 τά
2660 921 2787 990 τρία
2817 920 2993 974 ταῦτα
3031 920 3283 990 πέφυκεν
3315 920 3482 992 ἔχειν,
3508 922 3604 975 καὶ
3629 923 3708 993 μὴ

2114 1004 2253 1076 ἔχει,
2281 1005 2504 1077 λέγεται
2531 1012 2813 1084 στέρησις.

417 1107 538 1154 tura
565 1113 676 1152 non
711 1098 875 1152 habet
904 1098 958 1152 in
994 1100 1130 1169 pede
1174 1099 1398 1154 videndi
1431 1098 1704 1154 habitum.
1733 1095 1869 1152 Cum
1903 1095 2071 1168 igitur
2095 1099 2279 1158 tribus
2321 1101 2409 1159 his
2450 1103 2631 1161 modis
2697 1105 2904 1160 habere
2969 1113 3350 1176 comparatum
3420 1113 3526 1170 est,
3604 1112 3712 1158 nec

419 1207 601 1251 tamen
628 1197 818 1262 habet,
850 1197 1092 1267 privatio
1114 1197 1337 1252 dicitur.

1059 1288 1216 1344 CAP.
1254 1287 1392 1342 LIX.

865 1380 941 1436 De
973 1381 1144 1450 priori
1184 1391 1235 1434 ct
1273 1380 1580 1450 posteriori.

499 1473 646 1527 Medi
697 1473 896 1542 prioris
923 1481 975 1526 et
1006 1472 1344 1540 posterioris.
1384 1501 1450 1514 —
1484 1469 1699 1526 Prioris
1734 1470 2018 1541 signiﬁca-

420 1565 602 1620 tiones
633 1573 876 1634 quatuor
920 1573 1069 1618 sunt.
1101 1561 1290 1616 Primo
1329 1560 1476 1616 enim
1509 1575 1573 1614 ac
1617 1561 1973 1630 potissimum
2000 1601 2016 1626 ,

421 1655 568 1727 quod
621 1662 869 1724 tempore
921 1651 1221 1709 antecedit.
1274 1651 1358 1707 Ac
1411 1651 1642 1723 proprie
1691 1650 1912 1720 quidem
1960 1651 2017 1705 in

422 1747 703 1812 animatis,
743 1747 936 1802 senius
983 1746 1230 1812 dicitur;
1259 1743 1319 1799 in
1357 1745 1425 1800 iis
1467 1754 1651 1799 autem
1682 1758 1805 1814 qua:
1832 1743 2015 1797 anima

422 1848 635 1904 carent,
684 1839 978 1895 vetustius.
1038 1837 1343 1909 lmproprie
1388 1847 1572 1894 tamen
1627 1837 1861 1892 alterum
1915 1849 2034 1906 pro,

422 1933 597 1987 altero
622 1939 944 2000 usurpatur.

495 2021 778 2088 Secundo,
834 2022 888 2076 id
941 2019 1240 2092 signiﬁcat,
1295 2019 1443 2091 quod
1495 2028 1692 2075 natura
1740 2019 1894 2090 prius
1933 2027 2016 2076 est

423 2119 572 2190 quod
610 2119 873 2174 nimirum
909 2116 1075 2172 simul
1107 2116 1350 2182 tollitur;
1382 2122 1441 2169 ut
1487 2115 1693 2169 animal
1736 2116 1890 2185 prius
1927 2121 2016 2170 est

425 2213 667 2268 homine.
700 2211 911 2282 Quippe
942 2209 1168 2264 animali
1208 2209 1449 2272 sublato,
1489 2223 1558 2264 ne
1590 2208 1757 2264 homo
1784 2208 2011 2280 quidem

423 2307 532 2360 erit
579 2306 765 2377 thomo
813 2306 962 2361 enim
1003 2310 1089 2359 est
1112 2302 1364 2372 animal),
1397 2310 1592 2356 contra
1631 2317 1764 2357 vero
1795 2302 2015 2356 sublato

423 2398 668 2462 homine,
699 2398 806 2452 erit
831 2395 1190 2451 nihilominus
1215 2395 1442 2450 animal.
1473 2394 1615 2448 Nam
1649 2403 1704 2450 et
1729 2408 1930 2464 equus,
1959 2402 2014 2450 et

422 2488 580 2545 canis
610 2489 872 2543 animalia
909 2495 1061 2544 sunt.
1098 2488 1177 2541 Ac
1209 2501 1454 2552 rursum,
1491 2486 1538 2540 si
1572 2485 1739 2541 homo
1772 2488 1866 2553 sit,
1903 2485 2015 2540 ani-

423 2581 534 2634 mal
559 2579 725 2632 simul
756 2580 860 2634 erit
891 2579 1082 2650 (homo
1114 2576 1264 2630 enim
1297 2583 1382 2630 est
1409 2574 1663 2645 animal),
1690 2584 1887 2629 contra
1909 2588 2012 2628 au-

423 2679 530 2724 tem
581 2668 628 2722 si
683 2667 895 2721 animal
950 2666 1044 2733 sit,
1088 2680 1198 2720 non
1236 2671 1531 2735 propterea
1581 2664 1861 2718 hominem
1890 2679 2014 2719 esse

425 2774 717 2815 necessum
752 2768 874 2826 est;
905 2757 999 2814 sed
1053 2773 1256 2828 equum
1298 2757 1560 2824 fortasse,
1607 2767 1664 2812 et
1696 2771 1887 2813 canem
1913 2797 1928 2822 ,
1959 2766 2014 2811 et

425 2853 645 2908 similia.
702 2851 769 2905 Et
805 2852 923 2906 haec
952 2851 1210 2920 quidem,
1247 2849 1397 2921 quod
1439 2856 1652 2920 spectat
1695 2849 1764 2904 ad
1812 2864 2014 2905 secun-

424 2943 556 2999 dum
597 2943 731 2999 illud
782 2944 988 3014 prioris
1015 2957 1211 3014 genus.

2697 1291 2954 1350 ΚΕΦΑΛ,
3007 1288 3138 1343 ΝΘί.

2213 1437 2219 1448 ,
2466 1382 2602 1451 Περί
2635 1385 2928 1452 προτέρου
2964 1381 3062 1435 καὶ
3097 1381 3380 1450 ὑστέρου.

2186 1472 2260 1526 Τὸ
2307 1473 2364 1527 δὲ
2404 1475 2671 1546 πρότερον
2715 1475 3008 1544 διαιρεῖται
3044 1476 3124 1536 εἰς
3173 1474 3415 1545 τέσσαρα
3443 1461 3718 1546 σημαινό-

2119 1580 2286 1636 μενα’
2319 1565 2414 1618 καὶ
2461 1564 2802 1638 κυριώτατον
2844 1567 2946 1638 μέν
2981 1567 3118 1630 ἐστι,
3152 1565 3215 1619 τὺ
3243 1565 3320 1636 τῷ
3349 1557 3528 1637 χρόνῳ
3570 1567 3717 1637 πρό-

2049 1665 2090 1756 ,ἰ
2116 1673 2328 1756 τερον;.
2357 1656 2591 1724 Λέγεται
2642 1657 2699 1710 δὲ
2750 1657 2954 1728 κυρίως
2979 1697 2994 1721 ,
3022 1658 3118 1711 ἐπὶ
3166 1657 3267 1728 μὲν
3305 1655 3568 1730 ἐμψύχων
3594 1698 3609 1722 ,
3650 1659 3720 1710 τὸ

2120 1746 2522 1818 πρεσὸύτερονο
2556 1748 2648 1800 ἐπὶ
2671 1749 2728 1802 δὲ
2774 1748 2882 1801 τῶν
2910 1749 3136 1818 ἀψύχων
3163 1788 3179 1814 ,
3207 1748 3269 1802 τὸ
3310 1749 3676 1821 παλαιότερον
3697 1767 3714 1779 ·

2120 1841 2580 1911 καταχρηστικῶς
2638 1841 2730 1907 δὲ,
2769 1843 2865 1897 καὶ
2915 1843 3032 1897 ἀντ’
3079 1843 3327 1915 ἀλλήλων
3397 1843 3721 1915 λαμϐάνον-

2116 1949 2226 1986 ται.

2187 2024 2451 2094 Δεύτερον
2476 2023 2552 2090 δὲ,
2589 2025 2648 2078 τὸ
2700 2025 2861 2095 φύσει
2893 2027 3162 2098 πρότερον
3199 2043 3213 2055 ’
3237 2029 3378 2101 ὅπερ
3426 2030 3721 2099 συνεισφέ-

2118 2131 2268 2186 ρεται
2323 2114 2446 2186 μὲν,
2477 2115 2539 2170 οὐ
2592 2117 2941 2188 συνεισφέρει
2975 2117 3064 2172 δέ·
3095 2118 3188 2172 καὶ
3238 2122 3575 2192 συναναιρεῖ,
3614 2121 3723 2173 καὶ

2118 2211 2532 2280 συναναιρεῖται
2555 2224 2568 2239 ·
2610 2208 2687 2272 ὡς
2713 2208 2773 2262 τὸ
2804 2209 2943 2274 ζῶον
2968 2211 3235 2282 πρότερον
3257 2212 3353 2265 τοῦ
3382 2212 3683 2284 ἀνθρώπου
3702 2227 3719 2242 ο

2116 2297 2258 2362 ζώου
2289 2299 2400 2372 γὰρ
2427 2301 2600 2364 ὄντος,
2631 2300 2753 2354 οὐδὲ
2806 2301 3094 2372 ἄνθρωπος
3149 2303 3304 2358 ἔσται
3327 2320 3341 2332 ·
3380 2304 3519 2373 ζῶον
3546 2306 3662 2375 γάρ
3692 2309 3724 2360 ό

2114 2391 2428 2464 ἄνθρωπος.
2476 2391 2796 2463 ’Λνθρώπου
2821 2392 2878 2446 δὲ
2923 2395 2998 2466 μὴ
3025 2394 3180 2459 ὄντος
3196 2435 3212 2460 ,
3237 2394 3390 2450 ἔσται
3421 2396 3560 2461 ζῶον
3580 2413 3595 2427 ·
3615 2397 3725 2452 καὶ

2113 2486 2281 2550 ἵππος
2300 2486 2432 2556 γὰρ,
2457 2487 2552 2539 καὶ
2579 2484 2727 2538 κύων
2758 2484 2874 2549 ζῶά
2901 2487 3008 2540 εἰσι
3031 2505 3043 2521 ·
3081 2488 3177 2543 καὶ
3211 2487 3501 2559 ἀνθρώπου
3535 2487 3724 2554 ὄντος,

2115 2577 2335 2641 πάντως
2394 2575 2548 2630 ἔσται
2597 2577 2736 2642 ζῶον
2765 2594 2778 2606 ⁸
2814 2578 2956 2642 ζῶον
2999 2579 3110 2652 γὰρ
3150 2579 3178 2631 ό
3230 2579 3723 2651 ἄνθρωπος.Ζώου

2112 2667 2171 2720 δὲ
2203 2667 2280 2738 μὴ
2302 2667 2476 2734 ὄντος,
2503 2667 2566 2721 ού
2603 2669 2822 2733 πάντως
2859 2669 3175 2740 ἄνθρωπος,
3201 2669 3320 2724 ἀλλ’
3347 2673 3477 2735 ἴσως
3517 2671 3719 2735 ἵππος,

2113 2759 2282 2824 κύων,
2316 2760 2410 2814 καὶ
2425 2760 2492 2813 τὰ
2507 2761 2752 2816 τοιαῦτα·
2783 2763 2957 2816 ταῦτα
2973 2763 3081 2834 γὰρ
3107 2762 3222 2828 ζῶά
3250 2765 3374 2818 εἱσι·
3401 2761 3519 2836 [καὶ
3537 2763 3725 2820 ταῦτα

2117 2852 2217 2922 μὲν
2253 2855 2382 2925 περὶ
2415 2852 2515 2907 τοῦ
2545 2857 2809 2926 δευτέρου
2827 2857 2904 2928 lu]

497 3034 684 3090 Tenatio
707 3035 761 3090 id
784 3034 933 3106 quod
963 3034 1160 3090 ordine
1191 3035 1343 3106 prius
1372 3044 1486 3100 est;
1520 3041 1581 3090 ut
1608 3033 1846 3090 dicimus
1867 3034 2013 3090 litte-

2183 3031 2399 3104 Τρίτον,
2422 3031 2482 3086 τὸ
2516 3034 2657 3086 κατά
2693 3032 2850 3101 τάξιν
2873 3050 2887 3064 ο
2915 3033 3105 3106 ὥσπερ
3155 3036 3359 3106 φαμὲν,
3395 3037 3609 3108 πρῶτον
3655 3039 3725 3092 τὸ

425 3141 541 3180 ram
594 3141 628 3177 α
684 3124 926 3194 priorem
982 3138 1125 3190 esse,
1169 3124 1407 3179 litteram
1453 3127 1481 3178 ὁ
1532 3125 1916 3196 posteriorem,
1951 3139 2018 3180 ac

425 3215 626 3271 deinde
662 3214 930 3284 syllabas,
959 3223 1150 3285 postea
1180 3214 1472 3270 dictiones.

496 3307 730 3373 Quarto,
760 3307 812 3362 id
843 3307 990 3376 quod
1024 3307 1295 3378 dignitate
1327 3306 1642 3374 antecellit;
1676 3313 1735 3360 ut
1756 3305 2015 3372 dicimus,

428 3401 668 3471 primum
723 3399 1041 3469 episcopus,
1084 3399 1284 3454 deinde
1342 3400 1651 3470 presbyter.
1691 3399 2014 3469 Quanquam

426 3494 677 3550 nonnulli
729 3492 949 3548 modum
995 3493 1148 3548 hunc
1198 3496 1562 3557 submovent;
1598 3507 1665 3548 eo
1707 3491 1856 3563 quod
1899 3491 2016 3548 ﬁeri

427 3588 605 3657 possit
642 3594 703 3640 ut
733 3585 823 3656 qui
858 3584 1058 3641 ordine
1091 3585 1245 3656 prior
1273 3595 1379 3653 est,
1408 3585 1682 3655 dignitate
1728 3593 1784 3639 et
1821 3586 2019 3640 merito

428 3680 704 3752 posterior
740 3679 838 3733 sit.

498 3773 724 3839 Quinto,
754 3770 834 3824 uti
865 3768 1104 3826 dicimus
1132 3783 1357 3825 causam
1405 3782 1462 3825 et
1507 3777 1834 3838 causatum;
1868 3769 2018 3825 velut

427 3865 686 3920 Socrates
721 3861 962 3932 imagine
987 3876 1085 3917 sua
1126 3862 1278 3932 prior
1308 3870 1422 3928 est;
1457 3863 1663 3933 quippe
1692 3863 1788 3934 qui
1818 3862 2016 3932 imagi-

429 3957 515 4012 nis
540 3969 652 4011 suae
679 3950 848 4010 cauSa
879 3955 971 4009 sit.
998 3953 1106 4009 Sed
1133 3963 1188 4010 et
1225 3962 1382 4026 pater
1409 3955 1522 4010 lilio
1550 3956 1704 4026 prior
1740 3970 1806 4010 ac
1839 3955 2017 4024 major

426 4057 512 4103 est
535 4057 725 4116 :pater
748 4060 988 4116 namque
1004 4054 1092 4102 est
1120 4046 1215 4100 lilii
1247 4062 1416 4100 causa
1441 4065 1454 4100 :
1481 4048 1686 4116 quippe
1720 4063 1846 4101 cum
1872 4047 2018 4101 [ilius

427 4139 688 4209 gignatur
722 4154 790 4194 ex
831 4147 1008 4209 patre.
1053 4136 1241 4207 quue
1288 4137 1453 4192 etiam
1483 4137 1682 4194 beatus
1719 4138 2018 4210 Gregorius

425 4213 590 4285 sensu
631 4230 868 4300 accepit,
915 4227 1061 4299 quod
1101 4243 1132 4283 a
1190 4229 1424 4283 Domino
1485 4239 1674 4286 nostro
1726 4231 1780 4285 iu
1840 4234 2018 4287 sacris

427 4317 736 4391 Evangeliis
764 4319 976 4374 dictum
1002 4328 1088 4376 est
1121 4338 1134 4375 :
1163 4317 1328 4373 Pater
1369 4321 1542 4390 major
1575 4338 1654 4376 me
1681 4332 1760 4376 est
1792 4322 1854 4377 ”.

492 4581 603 4653 62
632 4579 737 4634 Alii
768 4585 948 4634 autem
981 4579 1287 4652 adiungunt
1311 4579 1364 4636 id
1393 4581 1540 4651 quod
1571 4590 1655 4638 est
1685 4582 2019 4654 cogitatione

421 4679 478 4728 et
505 4671 811 4727 intentione
842 4671 1010 4727 animi
1039 4672 1216 4742 prius,
1251 4681 1310 4727 ut
1328 4673 1514 4744 paries
1536 4681 1621 4730 est
1647 4673 2018 4731 fundamentis

425 4764 595 4835 prior.
619 4763 885 4818 Caeterum
912 4764 1198 4820 reducitur
1225 4765 1361 4820 illud
1389 4765 1454 4820 ad
1479 4773 1739 4836 quartum
1770 4766 2018 4832 modum,

422 4863 534 4920 quo
580 4849 788 4921 aliquid
843 4850 1110 4922 dignitate
1155 4855 1310 4923 prius
1345 4864 1450 4910 est.
1484 4853 1620 4909 Nam
1651 4857 1798 4926 quod
1836 4856 2020 4913 inten-

494 4978 540 5012 ⁸⁸
564 4977 725 5037 Joan.
750 4998 862 5049 xxv,
893 4981 988 5039 9.9.

2122 3121 2311 3192 ἄλφα·
2349 3123 2606 3196 δεύτερον
2641 3124 2702 3179 τὸ
2728 3126 2924 3196 ,ϐῆτα-
2963 3125 3084 3181 εἴτα
3120 3127 3190 3182 τὰ
3233 3128 3496 3184 συλλάόια
3532 3147 3548 3162 ·
3586 3125 3724 3186 εἶτα

2119 3215 2174 3268 αί
2201 3214 2397 3284 ψῆφοι.
3098 3213 3108 3224 ’

2189 3307 2484 3378 Τέταρτον,
2516 3307 2578 3361 τὸ
2619 3309 2742 3364 κατ’
2773 3309 2960 3376 ἀξίαν*
2992 3311 3069 3376 ὥς
3107 3331 3308 3385 φαμεν,
3346 3317 3562 3388 πρῶτον
3584 3318 3722 3372 ἐπί-

2121 3412 2323 3460 σκοπος
2346 3437 2362 3464 ,
2389 3393 2508 3451 εἶτα
2537 3400 2909 3472 πρεσϐύτερος
2929 3417 2944 3432 ο
2975 3402 3296 3456 ἐκϐάλλουσι
3326 3402 3384 3457 δὲ
3410 3404 3596 3458 τοῦτον
3619 3407 3721 3460 τὸν

2117 3489 2320 3561 τρόπον
2349 3490 2516 3554 τινές.
2557 3491 2865 3562 Ἐνδέχεται
2895 3492 3004 3563 γὰρ
3033 3494 3124 3550 τὸν
3163 3495 3381 3566 πρῶτον
3424 3498 3566 3550 κατὰ
3612 3499 3720 3551 τά·-

2121 3577 2223 3645 ξιν,
2267 3578 2496 3651 ὕστερον
2521 3576 2663 3634 εἶναι
2705 3583 2826 3636 κατ’
2857 3581 3038 3648 ἀξίαν.

2191 3757 2477 3830 Πέμπτον,
2505 3758 2581 3822 ὥς
2639 3777 2842 3830 φαμεν,
2870 3761 2933 3814 τὸ
2966 3762 3138 3816 αἴτιον
3169 3764 3264 3818 καὶ
3319 3763 3380 3816 τὸ
3421 3765 3676 3819 αί-τιατόν
3700 3783 3714 3797 ο

2119 3849 2195 3912 ὡς
2217 3851 2244 3902 ό
2278 3850 2580 3921 Σωκράτης
2627 3853 2896 3923 πρότερος
2933 3853 3036 3924 τῆς
3084 3854 3221 3920 ιδίας
3269 3855 3512 3920 εἰκόνος·
3545 3858 3719 3921 αὐτὸς

2119 3944 2229 4013 γάρ
2278 3943 2429 3996 ἐστιν
2489 3943 2660 4007 αἴτιος
2716 3945 2816 4015 τῆς
2869 3945 3007 4010 ἰδίας
3043 3947 3277 4012 εἰκόνος.
3317 3949 3428 4001 Καὶ
3465 3951 3493 4002 ό
3526 3949 3716 4022 πατὴρ

2119 4032 2409 4103 πρότερος,
2445 4034 2539 4087 καὶ
2568 4034 2770 4105 μείζων
2803 4037 2898 4090 τοῦ
2935 4037 3086 4091 υίοῦο
3122 4039 3151 4092 ό
3179 4040 3290 4112 γὰρ
3321 4043 3505 4114 πατὴρ
3534 4046 3717 4111 αἴτιος

2119 4122 2214 4176 τοῦ
2273 4124 2412 4179 υἱοῦ.
2468 4126 2564 4179 Ἐκ
2597 4127 2706 4198 γὰρ
2753 4127 2850 4182 τοῦ
2911 4131 3116 4199 πατρὸς
3163 4133 3192 4184 ό
3238 4133 3350 4196 υίὸς
3403 4138 3661 4202 γεννᾶται
3698 4155 3716 4167 η

2119 4213 2197 4267 διδ
2243 4215 2336 4268 καὶ
2367 4215 2396 4267 ό
2438 4217 2711 4288 μακάριος
2762 4219 3063 4292 Γρηγόριος
3111 4221 3222 4293 (59)
3272 4225 3413 4278 κατά
3450 4225 3608 4280 τοῦτο
3652 4230 3718 4282 τὸ

2123 4307 2525 4379 σημαινόμενον
2573 4309 2728 4362 ἔλαϐε
2787 4311 2848 4364 τὸ
2893 4313 2997 4366 ὑπὸ
3043 4313 3135 4367 τοῦ
3191 4315 3396 4387 Κυρίου
3440 4317 3600 4387 ἡμῶν
3655 4323 3717 4374 ἐν

2043 4388 2095 4446 Β
2120 4402 2233 4462 τοῖς
2275 4399 2626 4468 Εύαγγελίοις
2662 4402 2856 4474 ῥηθέν·
2895 4407 2928 4457 ό
2959 4405 3161 4474 Πατήρ
3199 4423 3320 4477 μου
3341 4408 3561 4478 μείζων
3587 4413 3714 4482 μού

2119 4491 2313 4544 ἐστιν.

2193 4583 2380 4637 Ἀλλοι
2420 4584 2477 4638 δὲ
2524 4587 2882 4658 προστιθέασι
2915 4593 2978 4645 τὸ
3016 4592 3136 4647 κατ’
3165 4594 3410 4649 ἐπίνοιαν
3429 4613 3443 4625 ·
3471 4597 3548 4662 ὡς
3577 4602 3717 4670 πρό-

2118 4693 2274 4748 τερον
2293 4677 2403 4730 τῶν
2443 4677 2710 4751 Θεμελίων
2741 4685 2770 4735 ό
2797 4686 2995 4755 τοῖχος,
3022 4686 3196 4740 Τοῦτο
3219 4688 3276 4742 δὲ
3305 4689 3569 4759 ἀνάγεται
3601 4692 3716 4746 ὑπὸ

2117 4770 2210 4822 τὸν
2239 4770 2506 4840 τέταρτον
2529 4775 2754 4845 τρόπον,
2790 4776 2881 4831 τὸν
2901 4779 3022 4832 κατ’
3050 4780 3232 4846 ἀξίαν.
3257 4781 3330 4835 Τὸ
3357 4783 3463 4853 γὰρ
3486 4787 3551 4855 τῇ
3587 4787 3716 4838 ἐπι-

2117 4861 2239 4933 νοίᾳ
2273 4862 2572 4936 πρότερον,
2617 4866 2779 4921 τοῦτο
2830 4871 3122 4942 πράγματι
3173 4872 3418 4947 ὕστερον.
3461 4876 3716 4948 Ὀσαχῶς

1741 5114 1979 5173 VARIA'E
2019 5119 2428 5183 LECTIONES.

488 5202 520 5246 Ιι
554 5200 682 5260 llaec
703 5203 1009 5275 supplenda
1037 5203 1255 5260 censuit
1291 5201 1661 5263 Combelisius
1694 5224 1762 5264 ex
1787 5221 1983 5267 nostro
2013 5213 2232 5284 codice,
2271 5219 2640 5295 legunturque
2674 5226 2730 5282 in
2759 5226 2894 5299 Reg.
2921 5228 3085 5288 2926.

1915 5365 2148 5428 ΝΟΤιΕ.

488 5456 1832 5554 9.8)..Zﬁ‘iefﬁt-'3.."2:’_§§£“E.Quae”?
1850 5464 2004 5554 ius“
2102 5471 2380 5554 ἡμετέρεις
2405 5477 2802 5554 προεκιρέσεως,
2835 5481 3052 5554 και
3082 5481 3192 5536 ἀπὸ
3208 5483 3308 5554 τῆς
3343 5483 3559 5554 φύσεως
3589 5485 3708 5542 τῶν

419 5527 684 5589 antecellit
700 5529 977 5598 dignitate.
997 5527 1099 5583 Hie
1125 5531 1372 5585 omnium
1392 5527 1795 5588 anterioritatis
1813 5527 2004 5589 modo-

419 5613 695 5674 rumpent:
726 5599 1087 5674 alienissimus
1112 5609 1218 5664 est,
1241 5601 1420 5674 inquit
1447 5601 1840 5672 Philosophus,
1875 5621 2002 5674 σχε-

413 5668 507 5728 δὸν
533 5667 978 5741 ἀλλοτριώτατος.
1002 5668 1160 5738 Nam,
1194 5679 1254 5726 ut
1291 5667 1371 5726 ait
1389 5667 1741 5741 Ammonius,
1773 5667 1882 5730 ἀπὸ
1901 5667 2002 5749 τ’ἧς

2105 5545 2468 5627 πραγμάτων,
2502 5545 2768 5622 ὑπῆρχεν,
2799 5566 2865 5604 ea:
2895 5551 3063 5604 libera
3105 5545 3441 5627 institutione
3489 5545 3701 5624 uestra,

2104 5631 2210 5671 non
2238 5632 2303 5671 ex
2332 5623 2449 5686 ipsa
2487 5634 2666 5674 rerum
2699 5631 2922 5686 natura,
2957 5632 3133 5676 ortum
3170 5623 3380 5712 habuit.
