3962 6320
242 302 359 371 649

1671 313 2142 383 DIALECTICA.

3425 346 3535 414 650

222 411 306 477 ,δὲ
332 412 397 466 τὸ
443 412 735 487 πρότερον,
773 414 1124 487 τοσαυταχῶς
1167 416 1266 477 καὶ
1315 418 1374 472 τὸ
1405 418 1653 527 ὕστερον.
1684 426 1808 527 ’ξ’δδ

1939 431 2084 487 tione
2112 432 2265 503 prius
2284 442 2390 497 est.
2421 435 2524 494 hoc
2552 439 2730 510 reipsa
2760 446 3032 514 posterius
3066 458 3171 505 est.
3200 451 3342 519 Quot
3368 471 3535 527 porro

242 502 521 574 πρότερον
555 503 650 558 καὶ
699 504 762 557 τὸ
812 503 1079 575 ὕστερον,
1112 506 1205 560 καὶ
1250 506 1310 559 τὸ
1367 508 1568 577 μᾶλλον
1627 511 1723 564 καὶ
1777 514 1841 567 τδ

237 589 450 666 ἦττον,
483 595 584 651 οὐκ
646 597 757 652 εἶσὶ
807 597 917 651 τῶν
972 599 1313 670 ὁμωνύμων.
1363 599 1499 656 ἀλλὰ
1564 604 1674 657 τῶν
1743 606 1837 677 ἀφ’

239 687 385 753 ἑνός.

856 958 1109 1017 ΚΕΦΑΛ.
1156 962 1231 1018 Ξ’.

806 1051 946 1120 Περὶ
981 1053 1090 1108 τοῦ
1124 1053 1265 1125 ἅμα.

1946 524 2135 599 modis
2178 535 2263 583 est
2316 529 2491 600 prius,
2540 535 2764 593 totidem
2812 553 3035 610 quoque
3092 556 3177 600 est
3229 524 3530 617 posterius.

1944 613 2107 673 Prius
2154 630 2334 676 autem
2375 630 2429 678 et
2473 630 2783 695 posterius;
2836 633 3015 703 majus
3048 636 3174 693 item
3222 650 3276 695 et
3322 643 3527 711 minus,

1941 722 2052 764 non
2084 708 2227 766 inter
2252 715 2534 784 :equivoea
2585 730 2961 795 recensentur,
2996 727 3090 784 sed
3140 731 3283 787 inter
3311 749 3373 790 ea
3406 747 3532 807 qua:

1940 796 2009 852 ab
2043 814 2153 857 uno
2184 811 2335 858 sunt.

2570 899 2726 956 CAP.
2793 901 2906 960 LX.

2593 990 2668 1045 De
2700 994 2885 1050 simul.

312 1140 465 1212 Ἀμα
515 1140 733 1209 λέγεται
769 1140 974 1212 κυρίως
1020 1143 1151 1213 μὲν,
1199 1138 1277 1199 ὧν
1329 1150 1362 1219 ἠ
1404 1149 1621 1218 γένεσις
1656 1154 1714 1206 ὲν
1754 1154 1808 1224 τι]

313 1232 387 1263 -.".’.
414 1230 625 1263 “AIA...”
664 1225 776 1263 arm.
825 1231 917 1263 κοῒ-
943 1233 1085 1263 ...ηιμ
1106 1234 1478 1263 numnum---”
1515 1243 1568 1263 1..
1594 1245 1653 1263 ,ς
1697 1244 1808 1263 “.4

2202 1138 2214 1145 _
2502 1138 2514 1152 ,
3298 1138 3360 1155 ι..
3397 1138 3526 1173 μιν-

1936 1161 2054 1231 prie
2087 1162 2367 1234 dicuntur,
2400 1187 2636 1242 quorum
2682 1188 2837 1234 ortus
2871 1191 2956 1237 est
2992 1185 3045 1239 iu
3080 1189 3270 1245 eodem
3312 1201 3526 1263 tempo-

233 1232 388 1302 αὐτῷ
414 1230 593 1301 χρόνῳ
612 1248 625 1262 ·
664 1225 797 1298 οἷον,
825 1231 917 1284 δύο
943 1233 1085 1297 τινὲς
1105 1234 1478 1311 ἐγεννήθησαν
1512 1243 1570 1295 ὲν
1591 1245 1656 1314 τῇ
1689 1244 1827 1317 αὐτῇ

234 1324 404 1394 ῥοπῇ.
446 1313 618 1382 Οὗτος
662 1323 690 1373 6
744 1321 948 1391 τρόπος
980 1323 1288 1379 ἀντίκειται
1341 1327 1419 1398 τῷ
1468 1329 1679 1403 πρώτῳ·
1717 1333 1825 1388 τῶν

236 1414 661 1485 σημαινομένων
688 1413 783 1466 τοῦ
842 1414 1132 1486 προτέρου.
1167 1420 1436 1491 Δεύτερον
1482 1426 1825 1497 σημαινόμε-

230 1521 326 1559 νον
353 1504 460 1558 τῶν
479 1507 614 1576 ἆμα,
645 1506 712 1560 τὰ
735 1506 987 1578 ἀλλήλοις
1011 1513 1451 1585 συνυπάρχοντα,
1469 1521 1561 1572 καὶ
1591 1519 1666 1592 μὴ
1693 1521 1824 1577 ὄντα

228 1598 423 1670 ἓτερον
457 1599 645 1670 ἐτέρου
702 1599 897 1664 αἴτιον.
933 1602 965 1673 ἢ
1015 1606 1258 1659 αἰτιατόν
1287 1624 1301 1637 ·
1335 1608 1411 1675 ὠς
1444 1610 1504 1664 τὸ
1537 1612 1820 1669 διπλάσιον

229 1691 327 1745 καὶ
358 1690 419 1743 τὸ
439 1691 634 1762 ἥμισυ.
670 1692 822 1762 ’Ἅμα
857 1695 968 1763 γὰρ
1005 1698 1448 1770 συνυπάρχουσιν
1474 1702 1701 1775 ἄλληλα,
1729 1708 1821 1761 καὶ

227 1783 698 1855 συνεισφέρουσιν.
738 1777 910 1848 Οὗτος
940 1786 997 1839 δὲ
1024 1787 1226 1859 τρόπος
1257 1792 1559 1848 ἀντίκειται
1592 1797 1670 1868 τῷ
1697 1799 1817 1852 δευ-

220 1873 397 1944 τέρῳ.
428 1873 524 1927 κα)⁸
554 1875 632 1943 τῷ
668 1873 905 1946 πέμπτῳ
945 1876 1133 1947 τρόπῳ
1165 1878 1260 1931 τοῦ
1302 1881 1569 1953 προτέρου
1594 1900 1606 1914 ·
1632 1887 1689 1937 ὲν
1717 1887 1815 1957 μὲν

223 1964 336 2036 γὰρ
357 1963 484 2036 [τῷ]
515 1965 786 2037 δευτέρῳ,
821 1967 881 2019 οὐ
921 1970 1353 2037 συνεισάγουσιν,
1391 1974 1512 2027 οὐδὲ
1552 1992 1811 2031 συναναιη

223 2054 416 2127 ροῦσιν
445 2055 670 2127 ἄλληλα.
701 2056 787 2108 Ἐν
815 2054 872 2108 δὲ
906 2056 984 2125 τῷ
1020 2056 1256 2130 πέμπτῳ
1280 2059 1336 2113 τὸ
1363 2061 1463 2131 μὲν
1492 2062 1665 2117 αἴτιον
1691 2077 1733 2133 ι,
1756 2066 1815 2119 τὸ

222 2147 283 2200 δὲ
302 2147 573 2201 αἰτιατόν·
594 2147 779 2219 τρίτον
821 2149 1226 2220 σημαινόμενον
1249 2151 1357 2206 τῶν
1389 2152 1527 2225 ἅμα,
1559 2157 1627 2210 τὰ
1656 2158 1812 2213 ἀντι-

215 2240 529 2313 διῃρημένα
556 2240 669 2312 εἴδη
702 2259 716 2275 ο
750 2242 1183 2314 ἀντιδιῃρημένα
1202 2245 1318 2317 εἴδη
1353 2245 1593 2316 λέγεται,
1630 2251 1697 2304 τά
1748 2254 1813 2307 ἐκ

213 2334 320 2403 τῆς
351 2332 522 2403 αὐτῆς
552 2333 872 2404 διαιρέσεως
920 2336 1318 2408 κατενεχθέντα
1344 2355 1357 2367 ·
1389 2336 1523 2405 οἷον,
1570 2342 1633 2395 τὸ
1662 2343 1812 2413 λογι-

214 2424 339 2489 κὸν,
364 2424 458 2478 καὶ
493 2424 555 2476 τὸ
611 2423 829 2492 ἄλογον,
869 2426 934 2477 ἐκ
990 2425 1085 2479 τοῦ
1132 2426 1294 2491 ζὼου.
1324 2422 1494 2495 Οὗτος
1532 2433 1560 2484 ὁ
1609 2433 1812 2504 τρόπος

212 2516 527 2570 ἀντίκειται
554 2515 632 2586 τῷ
666 2515 871 2587 πρώτῳ
892 2559 907 2583 ,
935 2517 1029 2571 καὶ
1077 2520 1153 2590 τῷ
1186 2520 1445 2595 δευτέρῳ,
1483 2524 1578 2578 καὶ
1624 2526 1810 2596 σχεδὸν

209 2605 330 2668 τοῖς
357 2604 542 2668 ἄλλοις
569 2605 740 2675 τρισί.

786 2698 1055 2754 ΚΕΦΑΝ.
1093 2700 1217 2756 ΞΝ.
1244 2738 1249 2745 -

390 2852 391 2855 η
763 2788 901 2856 Περὶ
952 2806 1043 2842 κιγ
1054 2789 1271 2858 ήσεως.

280 2874 515 2949 Κίνησίς
557 2878 707 2933 ἐστιν
750 2880 1059 2950 ἐντελέχεια
1105 2883 1213 2952 (59)
1258 2886 1351 2939 τοῦ
1398 2887 1625 2959 δυνάμει
1674 2892 1809 2947 καθὸ

202 2970 454 3025 τοιοῦτόν
498 2971 678 3025 ἐστιν·
733 2966 864 3038 οἷον,
904 2977 931 3027 ὁ
974 2975 1173 3046 χαλκὸς
1220 2977 1447 3051 δυνάμει
1502 2984 1651 3037 ἐστὶν
1710 2987 1807 3039 ἀν-

200 3063 387 3137 δριάς.
415 3063 649 3118 Δύναται
698 3066 806 3137 γάρ
831 3068 859 3119 6
890 3068 1089 3138 χαλκὸς
1123 3071 1415 3127 ἀπολαϐεῖν
1442 3075 1500 3127 τὸ
1534 3071 1674 3141 εἶδος
1711 3080 1804 3132 τοῦ

201 3154 549 3227 ἀνδριάντος.
585 3158 922 3229 Ἐντελέχεια
954 3157 1047 3214 οὖν
1075 3162 1192 3216 ἐστι
1221 3164 1315 3216 τοῦ
1345 3166 1679 3236 χα).κοῦ,τοῦ
1713 3170 1804 3224 δυ·
1837 3148 1880 3205 C
1920 3177 2075 3232 Velut

200 3248 376 3320 νάμει
404 3249 556 3323 ὄντος
594 3251 934 3321 ἀνδριάντος,
980 3254 1040 3305 τὸ
1069 3254 1410 3323 διαλύεσθαι,
1439 3258 1498 3313 τὸ
1543 3261 1804 3317 διαπλάτ-
1832 3306 1847 3312 ,

199 3340 427 3412 τεσθαι,
456 3322 877 3409 τδδιαξέεσθαι,
902 3344 1047 3415 άπερ
1083 3347 1192 3399 εἰσὶ
1222 3352 1487 3420 κινήσεις.
1532 3352 1621 3407 Ἑν
1651 3354 1806 3418 ὅσαις

198 3425 303 3484 οὖν
334 3432 691 3503 κατηγορίαις
716 3432 1004 3506 θεωρεῖται
1041 3436 1100 3489 τὸ
1134 3436 1393 3509 δυνάμει,
1422 3442 1480 3493 ἐν
1510 3442 1805 3508 τοσαύταις

199 3522 626 3595 θεωρηθὴσεται
671 3525 703 3596 ἡ
739 3524 974 3595 κίνησις.
1021 3528 1109 3580 Ἐν
1140 3529 1295 3594 ὅσαις
1331 3531 1387 3584 δὲ
1417 3532 1477 3585 οὐ
1516 3534 1804 3607 θεωρεῖται

195 3615 263 3668 τὸ
298 3615 555 3685 δυνάμει,
594 3615 715 3668 οὐδὲ
751 3618 784 3687 ἡ
835 3616 1048 3688 κίνησις
1083 3618 1497 3692 θεωρηθήσεται
1529 3640 1543 3657 ⁸
1579 3625 1805 3699 θεωρεῖ-

198 3724 293 3761 ται
329 3701 427 3760 οὖν
466 3708 524 3759 ὲν
554 3710 620 3780 τῇ
653 3708 811 3780 οὐσίᾳ
832 3750 846 3774 ,
876 3711 933 3762 ἐν
962 3709 1040 3781 τῷ
1068 3712 1241 3782 ποσῷ,
1270 3715 1328 3767 ἐν
1356 3714 1433 3785 τῷ
1459 3717 1621 3789 ποιῷ,
1656 3720 1714 3772 ἐν
1735 3722 1799 3791 τῇ

199 3796 311 3851 ποῦ
340 3798 667 3869 κατηγορίᾳ.
696 3798 784 3851 Ἑν
815 3799 916 3869 μὲν
946 3801 1011 3871 τῇ
1035 3800 1217 3873 οὐσία,
1238 3800 1455 3871 γένεσις
1484 3806 1580 3860 καὶ
1602 3807 1798 3879 φθορά’

197 3891 260 3942 ὲν
319 3888 381 3941 δὲ
419 3887 496 3959 τῷ
557 3888 740 3959 ποσῷ,
774 3888 1004 3961 αὔξησις
1065 3893 1161 3946 καὶ
1216 3893 1443 3964 μείωσις
1472 3911 1488 3928 ο
1525 3898 1583 3951 έν
1612 3897 1670 3951 δὲ
1725 3898 1802 3971 τῷ

199 3978 373 4049 ποιῷ,
408 3979 693 4044 ἀλλοίωσις
716 3996 728 4010 ·
755 3982 814 4033 ἐν
847 3983 912 4051 τῇ
957 3981 1096 4049 ποῦ,
1128 3984 1190 4037 τὸ
1231 3986 1417 4057 κύκλῳ
1469 3990 1799 4059 φερόμενον,

195 4074 345 4144 ὅπερ
376 4072 622 4125 καλεῖται
658 4075 936 4145 περιφορά
960 4090 975 4104 θ
1008 4076 1103 4127 καὶ
1147 4076 1207 4128 τὸ
1237 4079 1323 4131 ἐπ’
1356 4079 1577 4144 εὐθείας
1618 4083 1802 4138 κινού-

203 4184 391 4236 μενον,
416 4168 554 4238 ὅπερ
579 4167 796 4235 λέγεται
826 4170 914 4221 ἐπ’
943 4169 1162 4232 εὐθείας
1202 4171 1440 4244 κίνησις.
1482 4176 1595 4246 Τῆς
1621 4177 1680 4232 δὲ
1712 4180 1798 4231 ἐπ’

199 4258 426 4323 εὐθείας
452 4261 717 4330 κινήσεως
744 4260 1000 4331 διαφοραί
1032 4264 1170 4316 εἰσιν
1192 4263 1271 4330 ἒξ.
1292 4265 1366 4317 Τὸ
1392 4267 1524 4333 ἄνω,
1542 4270 1603 4322 τὸ
1626 4271 1795 4336 κάτω,

197 4351 260 4403 τὸ
292 4351 425 4416 ἔσω,
463 4351 525 4403 τὸ
558 4350 686 4417 ἔξω,
710 4352 771 4405 τὸ
804 4352 979 4417 δεξιά,
1012 4354 1107 4408 καὶ
1134 4356 1194 4408 τὸ
1224 4357 1496 4429 ἀριστερά
1517 4360 1625 4414 ’διὸ
1658 4364 1798 4431 μετὰ

195 4442 302 4511 τῆς
352 4445 658 4515 περιφορᾶς
684 4487 698 4512 ,
732 4445 875 4499 ἑπτά
926 4447 1150 4500 τοπικαὶ
1204 4450 1451 4520 κινήσεις
1494 4453 1602 4505 εἰσί
1635 4470 1649 4485 ο
1687 4457 1795 4510 πᾶν

192 4536 309 4605 γὰρ
350 4535 820 4607 μεταϐαλλόμενον
840 4578 855 4601 ,
886 4538 918 4609 ἢ
951 4538 1073 4592 καθ’
1112 4539 1244 4594 αὐτὸ
1301 4541 1724 4611 μεταϐάλλεται,
1752 4547 1786 4617 ἢ

196 4625 351 4679 κατὰ
375 4643 428 4678 τι
458 4626 563 4681 τῶν
588 4630 646 4682 ἐν
668 4629 837 4701 αὐτῷ,
867 4630 901 4701 ἢ
933 4628 1076 4684 κατά
1103 4649 1155 4685 τι
1202 4631 1309 4685 τῶν
1344 4634 1472 4704 περὶ
1506 4635 1666 4690 αὐτό·
1695 4640 1789 4691 καὶ

194 4718 247 4770 εί
276 4717 383 4787 μὲν
412 4718 533 4791 καθ’
560 4720 692 4773 αὐτὸ
712 4761 725 4785 ,
776 4724 922 4775 ποιεῖ
970 4720 1187 4791 γένεσιν
1236 4724 1332 4777 καὶ
1383 4725 1609 4796 φθοράν.
1643 4729 1706 4783 Εἰ
1732 4729 1790 4782 δὲ

194 4809 351 4863 κατά
384 4825 437 4861 τι
467 4808 572 4861 τῶν
603 4811 663 4863 ὲν
692 4811 862 4882 αὐτῷ,
900 4812 932 4883 ἢ
975 4813 1116 4866 κατὰ
1165 4812 1226 4866 τὸ
1272 4813 1437 4869 ποσὸν
1463 4856 1477 4880 ,
1515 4818 1607 4871 καὶ
1644 4822 1791 4874 ποιεῖ

1934 1267 1992 1308 re
2019 1293 2033 1315 ,
2066 1264 2126 1310 ut
2158 1272 2285 1313 cum
2323 1261 2433 1317 duo
2479 1266 2701 1334 quidam
2758 1273 2951 1329 eodem
3008 1282 3270 1349 temporis
3320 1261 3528 1355 puncto

1930 1344 2043 1398 nati
2086 1355 2238 1403 sunt.
2277 1350 2456 1423 Atque
2489 1355 2576 1411 hic
2624 1360 2804 1429 primo
2844 1367 3007 1422 modo
3058 1344 3523 1441 siéuiﬂcationum

1929 1436 2134 1504 prioris
2166 1444 2484 1513 opponitur.
2510 1446 2789 1521 Secundo,
2816 1471 2878 1511 ea
2896 1458 3062 1514 simul
3091 1477 3215 1520 esse
3237 1465 3522 1529 dicuntur.

1927 1542 2048 1597 qua:
2077 1531 2310 1589 invicem
2352 1542 2722 1609 coexsistunt.
2780 1548 2854 1604 ita
2913 1559 3096 1609 tamen
3147 1565 3207 1611 ut
3266 1570 3521 1618 neutrum

1927 1618 2156 1678 alterius
2204 1624 2373 1682 causa
2415 1631 2509 1699 sit,
2545 1644 2639 1689 aut
2683 1638 2753 1692 ab
2806 1641 2980 1696 altero
3012 1661 3134 1702 esse
3161 1651 3429 1722 accipiat;
3462 1664 3523 1710 ut

1927 1709 2153 1782 duplum
2185 1725 2239 1773 et
2268 1720 2581 1781 dimidium.
2621 1726 2796 1783 Simul
2836 1734 2981 1789 enim
3026 1742 3394 1808 coexsistuut,
3431 1763 3522 1803 se-

1852 1788 2030 1872 Bque
2091 1816 2283 1862 mutuo
2337 1810 2607 1879 inferunt,
2663 1827 2830 1891 atque
2883 1826 3085 1893 pariter
3144 1832 3361 1889 tollunt.
3420 1835 3520 1893 llic

1924 1907 2089 1962 porro
2142 1901 2338 1957 modus
2376 1908 2619 1961 secundo
2652 1912 2816 1968 modo
2841 1928 2905 1970 ac
2942 1919 3137 1986 quinto
3178 1923 3379 1991 prioris
3419 1927 3517 1985 ad—

1926 1998 2198 2046 versatur.
2230 1991 2440 2049 Etenim
2484 1998 2536 2051 in
2580 2006 2844 2071 secundo,
2898 2024 2999 2065 nec
3044 2026 3104 2067 se
3155 2014 3320 2070 simul
3379 2017 3522 2075 infe-

1925 2086 2074 2146 runt,
2112 2097 2214 2137 nec
2247 2084 2410 2139 simul
2445 2090 2681 2147 tollunt:
2716 2095 2769 2149 in
2801 2099 2998 2167 quinto
3030 2115 3237 2168 autem,
3278 2106 3516 2165 alterum

1921 2184 2086 2226 (ausa
2122 2183 2240 2243 est;
2274 2178 2506 2234 alterum
2531 2198 2561 2236 a
2584 2199 2751 2241 causa
2775 2189 3106 2256 profectum.
3137 2195 3324 2252 Tertio
3348 2200 3516 2257 simul

1920 2277 2043 2318 esse
2074 2265 2338 2324 dicuntur
2365 2276 2578 2343 species
2613 2278 2740 2343 illae,
2789 2297 2913 2352 qua:
2949 2302 3015 2341 ex
3055 2287 3290 2345 adverso
3334 2311 3512 2365 genus

1919 2353 2207 2421 dividunt;
2239 2360 2341 2416 hoc
2372 2372 2478 2431 est,
2516 2383 2637 2437 qua:
2667 2376 2732 2426 ex
2761 2375 2953 2431 eadem
2979 2378 3251 2438 divisione
3276 2385 3513 2442 descen—

1919 2445 2076 2511 dunt,
2105 2450 2251 2504 velut
2286 2454 2556 2513 rationale
2590 2468 2645 2514 et
2673 2460 2994 2523 irrationale
3032 2484 3097 2524 ex
3131 2472 3378 2530 animali.
3412 2477 3512 2532 llic

1921 2552 2085 2605 porro
2114 2542 2309 2597 modus
2340 2547 2518 2615 primo
2554 2560 2611 2606 et
2643 2556 2909 2624 secundo,
2935 2574 2999 2615 ac
3035 2560 3148 2619 fere
3182 2566 3362 2623 tribus
3384 2569 3510 2626 aliis

1920 2632 2234 2698 opponitur.

2536 2728 2703 2793 CAP.
2736 2737 2871 2796 LXI.

2578 2825 2655 2881 De
2683 2840 2850 2886 motu.

1990 2902 2131 2967 Quid
2182 2920 2374 2964 motus.
2438 2910 2505 2965 In
2551 2918 2743 2985 quibus
2788 2922 3218 2989 prwdicamenlis
3251 2929 3342 2985 sit.
3398 2930 3507 2987 Sea:

1918 3004 2093 3050 motus
2176 3002 2353 3068 quoad
2413 3003 2610 3062 locum.
2665 3040 2735 3050 —
2785 3010 2970 3070 Motus
3027 3025 3112 3072 est
3172 3028 3330 3077 actus
3384 3022 3505 3092 ejus

1917 3088 2061 3156 quod
2117 3100 2202 3145 est
2252 3094 2305 3147 iu
2365 3100 2629 3166 potentia,
2690 3112 2963 3173 quatenus
3000 3117 3084 3164 est
3140 3111 3193 3165 in
3234 3088 3501 3183 potentia,

2130 3197 2206 3237 tes
2263 3188 2504 3252 potentia
2566 3199 2747 3247 statua
2810 3205 2918 3252 est.
2978 3198 3080 3255 Es
3133 3204 3337 3275 quippe
3385 3217 3503 3264 sta-

1905 3276 2012 3324 tua:
2043 3270 2274 3328 formam
2324 3288 2500 3346 potest
2535 3284 2842 3356 suscipere.
2896 3290 3047 3347 JEris
3093 3270 3287 3364 itaque
3304 3338 3318 3363 ,
3352 3302 3502 3369 quod

1904 3365 2146 3429 potentia
2213 3376 2395 3423 statua
2448 3380 2579 3437 est,
2630 3376 2685 3432 in
2750 3393 2818 3433 eo
2885 3389 3043 3438 actus
3108 3387 3325 3453 positus
3368 3365 3498 3457 est,

1905 3462 1966 3507 ut
2017 3454 2353 3513 dissolvatur
2401 3472 2455 3518 et
2523 3468 2788 3524 formetur
2853 3487 2919 3528 ac
2969 3476 3281 3545 expoliatur
3320 3497 3333 3534 ι
3378 3496 3501 3551 qua:

1903 3548 2087 3600 omnia
2117 3559 2248 3604 sunt
2272 3562 2477 3611 motus.
2509 3558 2562 3611 lu
2594 3562 2853 3619 omnibus
2873 3579 3004 3634 ergo
3029 3567 3497 3642 praedicamentis,

1905 3636 1960 3691 in
2009 3640 2211 3708 quibus
2264 3646 2653 3704 consideratur
2692 3652 2746 3706 id
2793 3656 2938 3725 quod
2991 3666 3076 3713 est
3110 3668 3404 3730 potestate,
3440 3636 3498 3721 in

1903 3729 2095 3785 iisdem
2151 3735 2316 3789 etiam
2360 3750 2542 3795 motus
2576 3745 3039 3803 considerabitur.
3090 3750 3131 3804 E
3179 3762 3398 3819 contra,
3438 3757 3495 3810 in
3534 3788 3535 3791 η

1903 3820 2103 3888 quibus
2127 3828 2235 3878 non
2269 3826 2677 3895 consideratur,
2714 3833 2768 3888 id
2803 3835 2945 3905 quod
2968 3846 3054 3891 est
3081 3846 3370 3907 potestate,
3394 3857 3497 3898 nec

1903 3921 2085 3968 motus
2118 3916 2340 3984 quidem
2370 3920 2842 3980 considerabitur.
2874 3928 3277 3985 Consideratur
3306 3933 3493 4004 itaque

1902 4003 1953 4057 in
1978 4007 2309 4073 substantia,
2334 4015 2387 4068 in
2420 4018 2748 4083 quantitate,
2783 4019 2839 4074 in
2866 4022 3151 4091 qualitate,
3185 4031 3240 4079 et
3264 4027 3318 4079 in
3354 4003 3494 4097 pra:-

1900 4096 2212 4156 dicamento
2250 4104 2361 4159 ubi.
2399 4106 2453 4161 ln
2483 4110 2791 4165 substantia
2826 4127 3042 4183 nempe,
3078 4122 3236 4171 ortus
3262 4126 3317 4171 et
3354 4096 3495 4174 iute«

1901 4193 2076 4249 ritus:
2108 4194 2161 4248 in
2186 4200 2518 4267 quantitate,
2550 4204 2792 4258 accretio
2823 4214 2876 4260 et
2909 4204 3157 4262 decretio
3184 4223 3198 4260 :
3230 4207 3285 4261 in
3316 4211 3497 4279 quali-

1902 4292 2039 4347 tate,
2072 4287 2366 4346 alteratio:
2400 4292 2453 4346 in
2491 4293 2919 4364 prazdicamento
2959 4298 3072 4363 ubi,
3102 4298 3208 4354 ltoc
3236 4301 3381 4370 quod
3413 4312 3499 4357 est

1902 4373 1955 4427 in
2004 4375 2191 4432 orbem
2242 4380 2330 4450 agi
2381 4385 2548 4452 (quod
2584 4385 2807 4455 quidem
2855 4388 3219 4443 circumactio
3269 4391 3495 4461 dicitur)

1832 4505 1871 4558 D
1901 4463 2029 4518 item
2063 4480 2092 4519 a
2125 4476 2274 4521 recta
2308 4471 2448 4526 linea
2483 4475 2711 4540 moveri,
2753 4476 2899 4545 quod
2944 4480 3256 4549 appellatur
3312 4486 3497 4535 motus

1898 4563 2103 4612 rectus.
2144 4558 2319 4615 Porro
2356 4574 2539 4622 motus
2581 4568 2730 4623 illius
2768 4571 2863 4640 qui
2914 4571 2967 4631 in
3023 4578 3228 4626 rectum
3259 4581 3362 4637 est,
3397 4588 3498 4629 sex

1899 4655 2029 4701 sunt
2060 4652 2227 4714 modi,
2259 4668 2447 4723 supra,
2491 4657 2657 4725 infra,
2692 4662 2862 4726 intra,
2886 4671 3063 4728 extra,
3115 4663 3492 4731 dextrorsum,

1899 4739 2304 4801 sinistrorsum.
2341 4749 2523 4813 Quare
2563 4753 2823 4822 adjuncta
2858 4754 3241 4821 circulatione,
3277 4763 3490 4826 septem

1899 4840 2030 4886 sunt
2083 4844 2265 4892 motus
2313 4838 2534 4899 locales.
2572 4844 2706 4900 Nam
2762 4847 3033 4918 quidquid
3086 4857 3351 4914 mutatur,
3387 4861 3485 4907 aut.

1534 4933 1778 4994 VARIAS
1818 4942 2227 5008 LECTIONES.

281 5024 296 5062 ί
339 5020 475 5076 Cod.
518 5022 575 5077 S.
611 5025 719 5079 Hil.
774 5024 836 5079 τὸ

191 5092 397 5150 αἴτιον.

895 5026 994 5096 μὲν
1049 5020 1188 5078 εἶναι
1222 5026 1415 5081 αἴτιον.
1468 5024 1697 5092 Quidam
1732 5035 1976 5104 codices,
2006 5043 2067 5096 τὸ
2096 5047 2195 5115 μὲν
2237 5044 2305 5118 ἦν
2329 5051 2517 5103 αἴτιον.
2556 5052 2812 5109 Nonnulli
2873 5054 2964 5108 alii
3004 5075 3014 5109 ε
3058 5056 3119 5108 τὸ
3180 5056 3282 5126 μέν
3335 5061 3485 5117 ἐστιν

1725 5215 1958 5278 NOTE.

272 5298 386 5368 (39)
426 5299 676 5368 Κίνησίς
705 5304 876 5357 ἐστιν
907 5304 1269 5373 ἐντελέχεια.
1301 5305 1444 5371 Quid
1477 5308 1549 5361 sit
1569 5308 1783 5362 ἐντελέ-

190 5385 325 5450 χεια
381 5373 1027 5450 _e}_p_onit_sel_iolias_tes
1097 5377 1239 5450 inl'ra
1300 5378 1557 5450 paginam
1626 5380 1778 5450 Regii

189 5438 510 5523 ἑοέ1.’1ίδ86
538 5460 595 5523 ,ἰὴ
619 5440 956 5523 Ἐντελέχειά
1003 5445 1118 5523 ἐστι
1163 5449 1275 5523 τῆς.
1300 5438 1775 5523 εἰδοποιησεωςνὴ

188 5506 501 5573 τελείωσις.
538 5506 1489 5588 ἘντελέχειᾶητουτέστινἙλασμός.
1537 5506 1778 5573 Ἒντελέςἶ

188 5594 359 5657 χειιαν
392 5581 419 5632 6
452 5581 830 5651 Ἀριστοτέλης
858 5584 955 5657 τὴν
981 5581 1395 5657 ἐπιτηδειότητα
1426 5589 1609 5653 λέγει’
1662 5591 1779 5644 Ἑν-

184 5647 448 5716 ξελέχεια
484 5647 563 5705 est
602 5647 991 5708 consutunmtio
1042 5647 1476 5725 speriﬁcat'ionis.
1499 5647 1661 5712 'ldcm
1698 5674 1775 5713 est

190 5730 359 5792 atque
395 5721 671 5791 impulsus.
706 5725 1010 5777 Aristoteles
1046 5721 1162 5777 ciam
1188 5721 1399 5798 quor/ue
1428 5730 1780 5797 nptitudincm

539 5818 813 5878 ΡΑΠιοι..
860 5821 976 5878 GR.
1032 5821 1236 5882 XCIV.

1890 5333 2060 5375 vocat.
2100 5323 2418 5394 Pliilosopbi
2472 5326 2651 5379 locutu
2705 5344 2812 5380 non
2867 5329 3075 5383 indicat
3128 5330 3521 5394 scholiastes.’

1892 5391 2089 5474 lib._ttt
2130 5391 2344 5474 [flii/sic.
2382 5411 2430 5449 (ξ.
2470 5398 2491 5449 l
2516 5398 2621 5474 _t_it.
2658 5398 2689 5447 ἴ)
2726 5407 2779 5474 et
2819 5399 2851 5451 6
2884 5400 3029 5474 quod
3066 5410 3151 5474 est
3178 5391 3492 5474 ὲντελεχείςι

1888 5460 2257 5543 distinguitur
2290 5475 2495 5555 contra
2516 5466 2564 5520 id
2612 5468 2759 5555 qtrotl
2815 5460 2916 5555 est:
2954 5460 3492 5555 5U‘Ja'p6t..s_€unp9?

1888 5535 2079 5595 tentia,
2124 5550 2221 5606 seu
2264 5537 2593 5604 aptitudinc.
2633 5536 2687 5591 ld
2749 5539 2894 5606 quod
2945 5535 3167 5596 rursum
3201 5535 3491 5600 videre-sit:

1891 5602 1983 5678 lib.
2037 5620 2071 5678 ll
2120 5604 2192 5657 De
2243 5602 2449 5673 auium,
2490 5623 2614 5678 cap.
2670 5611 2720 5668 l.
2762 5602 2847 5662 tit.
2900 5610 2964 5666 10
3021 5612 3129 5668 nisi
3170 5613 3314 5671 forte
3369 5616 3490 5669 ὲπι-

1893 5674 2213 5746 τηδειότητα
2247 5680 2482 5749 appellet
2516 5674 2822 5748 pbtentiam
2851 5682 3206 5755 completam.

3126 5839 3202 5899 21
