3962 6320
436 416 534 484 θ’ὗὶ
1635 415 1694 474 S.
1728 410 2052 476 JOANNIS
2089 411 2526 474 DAMASCEN’I
3604 405 3716 472 652

438 548 533 600 per
581 545 640 586 se
696 534 954 590 mutatur,
991 535 1083 581 aut
1123 527 1341 581 ratione
1384 524 1621 596 alicujus
1662 525 1806 595 quod
1841 525 1914 582 sit
1967 524 2020 578 in

2139 521 2356 593 ιῦξησιν
2416 522 2512 575 καὶ
2549 519 2776 591 μείωσιν
2803 563 2815 586 ,
2847 520 2880 590 ἢ
2913 519 3053 574 κατὰ
3087 517 3145 572 τδ
3193 521 3344 572 ποιὸν
3371 561 3385 585 ,
3420 520 3514 572 καὶ
3567 521 3715 572 ποιεῖ

435 624 585 691 ipso;
627 628 722 673 aut
781 627 929 673 certe
984 619 1199 672 ratione
1249 616 1484 686 alicujus
1546 615 1691 685 quod
1742 616 1816 670 sit
1865 615 2014 670 circa

435 715 631 781 ipsum.
670 713 746 764 Ac
775 710 820 762 si
853 710 1075 781 quidem
1119 725 1219 779 per
1258 724 1350 776 se;
1391 708 1496 779 63
1531 718 1718 761 ortum
1765 706 1931 761 efﬁcit
1965 715 2015 761 el

436 776 738 857 interitum.
770 776 1372 868 Sintiatione—alicujus
1405 776 1596 853 eorum
1632 813 1752 867 quae
1793 798 2020 864 insunt;

435 901 532 945 aut
561 891 774 945 ratione
805 888 1151 960 quantitatis,
1197 896 1362 957 atque
1404 887 1771 942 accretionem
1821 899 1886 940 ac
1923 884 2020 938 de-

2128 611 2437 665 ἁλλοίωσιν.
2475 613 2537 664 Ei
2565 611 2620 665 δὲ
2649 610 2788 664 κατά
2833 610 2896 663 τὸ
2924 611 3054 680 περὶ
3094 610 3246 676 αὐτὸ,
3271 612 3418 663 ποιεῖ
3435 609 3534 680 τὴν
3571 611 3716 664 κατά

2135 701 2289 754 τόπον
2332 701 2639 772 μεταϐολήν
2661 718 2674 731 ·
2702 703 2731 754 ό
2764 702 2876 771 γὰρ
2917 701 3117 765 τόπος,
3145 699 3277 753 οὕτε
3315 700 3462 753 ,αὑτό
3500 701 3620 752 ἐστι
3654 701 3718 752 τὸ

2129 792 2470 863 κινούμενον,
2503 791 2627 845 οὔτε
2675 810 2728 847 τι
2759 791 2868 845 τῶν
2899 793 2975 846 ,έν
3006 793 3179 864 αὐτῷ’
3211 791 3348 846 ἀλλά
3382 793 3493 854 τοίς
3531 807 3718 844 amou-

2133 883 2318 956 μένοις
2349 883 2682 956 παρέπεται,
2718 885 2813 938 καὶ
2860 885 2992 955 περὶ
3030 885 3101 938 τὰ
3130 884 3434 955 κινούμενά
3465 886 3602 938 ἐστι.

432 961 730 1040 στειίοιιΈιη
779 982 940 1038 facit:
969 991 1061 1036 aut
1095 981 1312 1034 ratione
1355 981 1658 1050 qualitatis,
1690 988 1916 1048 tumque
1945 977 2327 1032 alterationem
2369 967 2580 1032 efﬁcit.
2608 977 2703 1032 Sin
2735 977 2972 1047 denique
3029 979 3240 1033 ratione
3268 977 3507 1048 alicujus
3565 978 3716 1047 quod

432 1076 504 1129 sit
579 1075 726 1128 circa
778 1073 981 1142 ipsum,
1008 1079 1214 1126 motum
1265 1076 1567 1126 secundum
1626 1071 1805 1124 locum
1862 1067 2014 1123 facit.
2047 1065 2184 1122 Nam
2232 1069 2408 1134 locus,
2443 1084 2543 1124 nec
2573 1069 2753 1140 ipsum
2778 1079 2863 1126 est
2901 1069 3048 1140 quod
3085 1078 3358 1135 movetur,
3393 1085 3492 1126 nec
3519 1071 3716 1126 eodem

435 1169 642 1239 aliquid
687 1185 806 1238 (μιαί
841 1175 970 1223 sunt
1022 1169 1075 1222 in
1147 1167 1286 1237 ipso,
1335 1166 1428 1222 sed
1475 1167 1768 1221 comitatur
1807 1179 1871 1219 ea
1911 1179 2034 1234 qua:
2056 1175 2368 1231 moventur,
2409 1175 2464 1220 et
2492 1166 2702 1220 circum
2734 1165 2854 1237 ipsa
2881 1159 2986 1222 est.

511 1262 669 1316 Circa
719 1269 902 1316 ortum
952 1271 1134 1316 autem
1184 1270 1238 1316 et
1289 1261 1570 1316 interitum
1608 1262 1712 1315 hoc
1765 1260 2032 1328 interest;

439 1355 584 1425 quod
618 1366 777 1411 ortus
808 1355 878 1410 sit
912 1370 1242 1424 progressus
1278 1369 1307 1407 a
1341 1370 1448 1408 non
1488 1367 1611 1408 csse
1635 1354 1702 1407 ad
1727 1368 1870 1408 esse.
1898 1350 2032 1406 Nam

447 1448 594 1518 quod
633 1449 786 1518 prius
822 1465 929 1502 non
961 1455 1100 1512 erat,
1134 1449 1239 1502 hoc
1269 1450 1478 1514 oritur;
1513 1448 1770 1504 interitus
1813 1453 2030 1511 contra,

446 1541 516 1596 ab
549 1555 674 1596 esse
700 1539 768 1593 ad
797 1555 905 1595 non
937 1556 1061 1595 esse
1088 1541 1321 1594 mutatio
1354 1549 1458 1597 est.
1487 1539 1643 1606 Quod
1679 1555 1809 1594 vero
1836 1538 1902 1593 ad
1933 1553 2030 1593 ac-

433 1632 732 1686 cretionem
793 1641 847 1686 ct
903 1631 1272 1686 decretionem
1331 1639 1584 1701 spectat;
1638 1633 1884 1686 accretio
1937 1639 2023 1686 est

434 1732 618 1778 motus
654 1721 720 1775 ad
757 1722 962 1792 majus;
999 1722 1245 1777 decretio
1272 1729 1480 1788 autem,
1513 1723 1578 1777 ad
1608 1722 1811 1778 minus.
1851 1720 1908 1776 In
1943 1723 2022 1776 al-

434 1812 702 1869 terationc
735 1829 976 1873 rursum.
1010 1823 1141 1868 sunt
1187 1815 1457 1884 opposita!
1498 1814 1856 1869 aﬂ'ectiones:
1895 1822 2022 1884 puta

434 1905 732 1975 opponitur
762 1903 1053 1960 calefactio
1085 1905 1519 1976 refrigerationi,
1567 1915 1620 1961 et
1659 1905 1884 1960 candori
1936 1906 2023 1960 ni-

433 1995 622 2064 gredo.
685 1993 956 2060 Quocirca
1035 2005 1435 2066 opponuntur,
1485 1997 1743 2052 interitus
1801 1997 2022 2068 quidetn

434 2084 620 2150 ortui;
654 2085 1110 2140 dccretio-antem
1141 2087 1441 2141 accrctioni
1471 2105 1485 2142 :
1531 2089 1840 2142 alterationi
1873 2103 2024 2153 vero,

433 2189 546 2232 tum
579 2178 630 2232 id
665 2178 810 2247 quod
842 2179 1194 2248 peculiariter
1231 2181 1549 2250 Oppositum
1580 2191 1686 2244 est,
1721 2191 1834 2234 tum
1859 2181 2025 2236 etiam

431 2267 625 2336 quies;
659 2285 708 2322 v.
743 2283 850 2338 gr.,
897 2270 1253 2323 calcfactioni
1279 2312 1292 2335 ,
1333 2280 1444 2325 tum
1483 2270 1849 2342 refrigeratio,
1910 2281 2026 2326 tum

431 2359 591 2428 quies
635 2360 974 2430 opponitur:
1018 2373 1144 2416 nam
1171 2377 1307 2416 «cum
1365 2378 1454 2418 res
1501 2363 1853 2434 calefactioui
1892 2363 2028 2419 sub-

429 2454 574 2525 jecta
605 2453 904 2510 terminum
942 2455 1241 2524 acceperit,
1269 2464 1435 2526 atque
1472 2454 1540 2510 ad
1577 2471 1854 2512 summum
1885 2455 2031 2510 calo-

434 2561 547 2600 rem
599 2547 934 2616 pervenerit,
967 2555 1083 2602 tum
1120 2547 1380 2617 quiescit,
1431 2556 1486 2603 et
1536 2548 1775 2603 caleﬁeri
1807 2547 2028 2602 desinit.

435 2637 625 2693 Itidem
654 2639 819 2694 etiam
851 2638 1145 2694 mutationi
1175 2640 1483 2694 secundum
1515 2641 1718 2704 locum,
1753 2648 1866 2693 tmn
1899 2655 2031 2694 con-

435 2730 642 2785 trarius
698 2741 899 2794 motus,
941 2739 1056 2784 tum
1111 2729 1271 2799 quies
1316 2733 1656 2800 Opponitur:
1710 2730 2031 2784 contrarius

434 2819 694 2874 nimirum
725 2827 925 2884 motus,
954 2828 1012 2873 ut
1039 2826 1222 2874 motus
1271 2836 1494 2874 sursum
1542 2819 1714 2874 motui
1738 2818 2030 2873 deorsum:

436 2912 596 2980 quies
629 2926 794 2978 vero;
830 2926 956 2965 nam
992 2911 1036 2966 si
1063 2911 1188 2980 quis
1207 2911 1421 2982 glebam
1455 2927 1675 2967 sursum
1705 2911 1893 2980 jaciat,
1923 2925 2032 2964 non
2069 2913 2074 2918 ’

437 3003 590 3074 prius
621 3001 880 3056 deorsum
913 3002 1247 3068 movebitur,
1274 3018 1437 3072 quam
1470 3003 1849 3058 intercesserit
1875 3001 2032 3072 quies

435 3095 641 3163 aliqua.
667 3091 940 3148 Caeterum
971 3093 1182 3149 cmlcsti
1215 3095 1382 3149 motui
1416 3095 1603 3150 nullus
1656 3102 1838 3150 motus
1891 3108 2029 3147 cons

436 3185 644 3240 trarius
670 3195 776 3241 est.
804 3183 1039 3240 Videtur
1065 3193 1269 3249 autem,
1292 3186 1543 3242 alteratio
1569 3195 1756 3242 motus
1786 3187 2028 3255 reliquos
2057 3215 2099 3272 ο

435 3276 763 3334 consectari.
795 3274 930 3330 Nam
957 3287 1012 3333 et
1039 3277 1186 3348 quod
1225 3287 1572 3347 procreatur,
1607 3277 1832 3347 etquod
1883 3276 2026 3332 inte-

438 3368 530 3433 rit,
580 3375 632 3421 et
681 3367 826 3437 quod
861 3375 1210 3439 augetur,et
1260 3367 1406 3438 quod
1431 3368 1720 3433 decrescit,
1771 3367 2029 3438 quodque

439 3457 544 3512 loci
575 3459 878 3513 mutatione
910 3466 1182 3523 movetur,
1208 3460 1434 3513 omnino
1465 3457 1750 3512 alteratur.
1781 3457 1839 3512 1n
1867 3467 2028 3512 natu-

438 3549 645 3605 ralibus
705 3560 891 3605 tamen
957 3550 1221 3612 motibus,
1286 3564 1602 3620 quanquam
1645 3549 2026 3605 alterationem

439 3639 683 3708 reliquos
741 3646 924 3694 motus
975 3639 1230 3695 comitari
1295 3640 1638 3709 reperimus;
1674 3639 1789 3694 fieri
1846 3649 2027 3694 tamen

439 3739 620 3799 potest
658 3739 833 3786 utres
871 3732 1052 3802 ali-qua
1075 3732 1402 3788 alteratione
1435 3742 1696 3796 mutetur,
1733 3748 1799 3786 ac
1830 3733 2031 3787 nihilo-

442 3823 626 3878 minus
658 3823 810 3878 nullo
859 3823 968 3878 alio
1018 3833 1169 3878 motu
1209 3831 1515 3890 moveatur,
1553 3825 1630 3878 uti
1667 3823 1939 3894 contingit
1973 3825 2028 3879 in

442 3915 642 3986 lapide.
681 3914 779 3970 llic
808 3915 954 3970 enim
986 3916 1173 3971 calore
1208 3915 1443 3970 afficitur
1470 3924 1524 3971 et
1557 3915 1796 3986 frigore;
1829 3931 1928 3972 nec
1952 3926 2032 3972 ta-

446 4023 568 4062 men
597 4015 830 4078 augetur
853 4017 948 4063 aut
978 4008 1201 4064 desinit.
1239 4011 1417 4078 Atque
1463 4008 1538 4062 ita
1569 4008 1790 4063 demum
1821 4011 1875 4064 in
1909 4024 2031 4063 mo-

443 4101 593 4156 tibus
623 4100 764 4156 aliis.
785 4101 1152 4171 Quapropter,
1178 4103 1279 4156 etsi
1308 4101 1569 4154 alteratio
1587 4100 1831 4172 reliquos
1850 4109 2033 4157 motus

444 4194 763 4258 comitatur,
819 4193 938 4264 ipsa
986 4202 1171 4248 tamen
1229 4193 1530 4247 secundum
1585 4209 1643 4248 se
1688 4194 2030 4250 considerari

446 4293 625 4354 potest
663 4304 677 4340 :
714 4285 956 4356 hincque
986 4293 1330 4355 compertum
1367 4286 1425 4338 fit
1456 4285 1673 4339 illorum
1709 4286 2028 4342 discrimen.

517 4375 746 4431 Mutatio
775 4394 882 4431 non
914 4386 1086 4431 motus
1111 4378 1314 4431 stricte.
1337 4407 1406 4416 --
1446 4377 1646 4432 Verum
1681 4378 2030 4444 Aristoteles,

448 4469 871 4538 haudquaquam
897 4470 1254 4524 mutationem
1286 4479 1493 4524 motum
1529 4470 1785 4540 appellat.
1819 4471 2032 4526 Etenim

2208 1261 2467 1332 Διαφέρει
2495 1260 2551 1314 δὲ
2591 1261 2809 1329 γένεσις
2839 1262 2935 1315 καὶ
2969 1261 3166 1332 φθορά.
3209 1261 3428 1326 Γένεσις
3465 1263 3565 1333 μὲν
3603 1263 3717 1334 γάρ

2133 1353 2280 1406 ἐστιν
2329 1355 2362 1423 ὴ
2420 1352 2528 1406 ἀπὸ
2562 1352 2658 1406 τοῦ
2687 1353 2772 1430 μὴ
2823 1353 2974 1416 όντος
3027 1355 3109 1417 εἱς
3154 1353 3216 1407 τὸ
3249 1349 3391 1407 εἶναι
3445 1355 3715 1427 πρόοδος⁸

2133 1443 2274 1514 ὅπερ
2303 1443 2414 1516 γὰρ
2458 1444 2558 1497 οὐκ
2602 1439 2671 1514 ἦν
2714 1443 3002 1514 πρότερον,
3058 1441 3219 1496 τοῦτο
3260 1442 3490 1512 γίνεται.
3545 1444 3609 1498 Ἦ
3658 1445 3720 1498 δὲ

2131 1535 2329 1607 φθορὰ,
2359 1536 2418 1588 τὺ
2436 1535 2729 1596 ἀνάπαλιν,
2757 1535 2855 1590 καὶ
2883 1535 2991 1588 ἀπὸ
3007 1535 3103 1589 τοῦ
3119 1535 3274 1599 ὄντος
3294 1536 3374 1600 είς
3395 1535 3456 1589 τὸ
3474 1535 3550 1607 μὴ
3578 1532 3724 1590 εἶναι

2135 1628 2430 1699 μεταϐολή.
2465 1627 2703 1700 Αὖξησις
2735 1628 2794 1682 δὲ
2823 1629 2920 1681 καὶ
2951 1628 3196 1699 μείωσις·
3216 1625 3446 1698 αΰξησις
3475 1627 3575 1699 μὲν
3609 1627 3724 1698 γάρ

2131 1722 2309 1787 ἐστιν,
2336 1722 2369 1791 ἡ
2405 1721 2497 1774 ἐπὶ
2513 1720 2574 1773 τὸ
2605 1719 2790 1791 μεῖζον
2826 1719 3062 1792 κίνησιςο
3094 1717 3319 1790 μείωσις
3347 1719 3403 1772 δὲ
3423 1758 3438 1781 ,
3474 1720 3509 1790 ἡ
3539 1720 3630 1772 ἐπὶ
3657 1719 3726 1772 τὸ

2132 1813 2376 1868 ἔλαττον.
2404 1813 2490 1866 ’Ev
2531 1813 2586 1866 δὲ
2614 1815 2679 1883 τῇ
2719 1810 3006 1865 ἀλλοιώσει
3032 1810 3215 1876 πάλιν,
3255 1810 3324 1863 τὰ
3364 1810 3726 1880 ἀντικείμενα

2129 1905 2300 1977 πάθη,
2318 1904 2594 1977 θερμότης
2609 1903 2789 1975 ψύξει,
2819 1903 2897 1976 τῷ
2918 1901 3095 1974 λευκῷ
3106 1904 3169 1956 τὸ
3185 1903 3376 1973 μέλαν.
3395 1903 3727 1956 Ἀντίκειται

2073 2017 2078 2024 '
2126 1998 2307 2053 τοίνυν
2326 2001 2392 2069 τῇ
2409 1998 2509 2068 μὲν
2532 1998 2742 2066 γενέσει
2765 1997 2964 2070 φθορὰ,
2991 1999 3058 2068 τῇ
3076 1995 3132 2050 δὲ
3150 1995 3376 2066 αὐξήσει
3391 1994 3637 2066 μείωσις,
3652 1997 3725 2065 τῇ

2129 2091 2186 2146 δὲ
2221 2089 2505 2146 ἀλλοιώσει
2535 2089 2596 2143 τὸ
2625 2089 3000 2158 ἀντικείμενον
3028 2087 3119 2142 καὶ
3141 2089 3174 2158 ή
3199 2086 3430 2157 ἠρεμία.
3454 2085 3728 2139 Ἀντικεί-

2135 2199 2295 2253 μενον
2342 2183 2444 2252 μὲν
2480 2181 2780 2252 θερμάνσει
2813 2179 2975 2249 ψύξις
3019 2179 3230 2249 ἠρεμία
3274 2196 3355 2232 τε.
3405 2178 3575 2232 Ὅταν
3608 2179 3726 2248 γάρ

2129 2275 2272 2348 λάϐῃ
2320 2274 2494 2342 πέρας
2546 2273 2608 2326 τὸ
2651 2271 3119 2344 θερμαινόμενον,
3172 2270 3270 2324 καὶ
3313 2269 3445 2342 έλθῃ
3483 2270 3577 2322 ἐπὶ
3621 2269 3729 2340 τὴν

2129 2367 2308 2436 ἄκραν
2349 2364 2685 2436 θερμότητα,
2719 2364 2920 2434 ἠρεμεῖ
2962 2362 3056 2416 καὶ
3089 2360 3328 2415 παύεται
3361 2359 3457 2414 τοῦ
3489 2361 3733 2432 θερμαί-

2131 2459 2356 2512 νεσθαι’
2388 2457 2535 2511 οὕτω
2589 2459 2684 2511 καὶ
2719 2459 2783 2526 τῇ
2831 2455 2976 2510 κατὰ
3004 2457 3170 2508 τόπον
3212 2453 3484 2524 μεταϐολῇ
3537 2454 3632 2506 καὶ
3685 2454 3727 2522 ἡ

2132 2551 2352 2604 ἐναντία
2393 2551 2609 2621 κίνησις
2639 2550 2962 2613 ἀντίκειται,
2999 2546 3096 2600 καὶ
3125 2549 3159 2618 ὴ
3197 2547 3425 2616 ἠρεμία.
3468 2545 3731 2598 Ἐναντία

2137 2641 2235 2711 μὲν
2267 2639 2396 2709 γὰρ,
2449 2640 2586 2710 ὡςη
2627 2638 2740 2692 ἄνω
2775 2637 2989 2708 κίνησις
3044 2639 3111 2708 τῇ
3149 2635 3330 2690 κάτω·
3382 2634 3590 2706 ἠρεμία
3636 2634 3725 2687 δέ·

2132 2732 2228 2786 ἐὰν
2259 2733 2368 2802 γὰρ
2422 2731 2594 2801 βῶλον
2614 2730 2842 2802 mnu;
2869 2729 2964 2782 ἐπὶ
3001 2729 3068 2782 τὰ
3096 2729 3229 2793 ἀνω,
3251 2728 3314 2782 οὐ
3339 2728 3604 2799 πρότερον
3626 2728 3733 2780 ἐπὶ

2134 2823 2204 2877 τὰ
2240 2823 2393 2877 κάτω
2426 2822 2805 2895 κινηθήσεται,
2839 2820 2972 2893 πρὶν
3003 2821 3210 2892 ἠρεμία
3243 2838 3325 2884 τις
3354 2819 3604 2891 γένηται.
3636 2820 3728 2891 Τῇ

2131 2916 2186 2969 δὲ
2207 2915 2438 2987 οὐρανίᾳ
2469 2916 2682 2984 κινήσει
2723 2917 2826 2968 οὐκ
2861 2913 3009 2967 ἔστιν
3039 2913 3262 2968 ἐναντία
3293 2913 3528 2984 κίνησις.
3559 2915 3733 2967 Δοκεῖ

2131 3003 2252 3074 δὲὴ
2295 3001 2584 3066 ἀλλοίωσις
2627 3002 2977 3075 παρέπεσθαι
3010 3005 3134 3066 ταῖς
3183 3003 3400 3068 λοιπαῖς
3444 3004 3727 3075 κινήσεσι.

2134 3091 2244 3148 Καὶ
2277 3095 2409 3166 γὰρ,
2437 3095 2531 3148 καὶ
2566 3095 2627 3148 τὸ
2655 3095 2965 3166 γινόμενον,
2997 3095 3092 3149 καὶ
3122 3094 3184 3148 τὸ
3214 3095 3594 3168 φθειρόμενον,
3624 3098 3730 3151 καὶ

2133 3183 2195 3237 τὸ
2238 3183 2491 3249 αὐξάνον,
2519 3186 2613 3238 καὶ
2663 3185 2725 3237 τὸ
2761 3183 3108 3255 μειούμενον,
3150 3185 3246 3238 καὶ
3290 3186 3352 3238 τὸ
3397 3188 3731 3255 κινούμενον

2136 3275 2277 3328 κατὰ
2302 3276 2491 3341 τόπον,
2525 3275 2746 3339 πὰντως
2788 3275 3118 3331 ἀλλοιοῦται.
3162 3276 3286 3331 Ἐπὶ
3323 3278 3379 3331 δὲ
3419 3278 3527 3331 τῶν
3563 3295 3733 3347 φυσι-

2137 3369 2248 3423 κῶν
2287 3371 2573 3439 κινήσεων,
2607 3371 2654 3422 εί
2686 3371 2783 3424 καὶ
2823 3370 3157 3442 εὑρίσκομεν
3191 3370 3586 3442 παρεπομένην
3618 3371 3731 3444 τὴν

2138 3459 2425 3514 ἀλλοίωσιν
2474 3463 2595 3524 ταῖς
2650 3461 2868 3523 λοιπαῖς
2903 3463 3210 3531 κινήσεσιν,
3247 3461 3398 3530 ὅμως
3442 3460 3730 3529 ἐνδέχεται⁹

2136 3551 2484 3606 ἀλλοιοῦσθαι
2518 3551 2637 3621 μὲν,
2691 3551 2768 3621 μὴ
2818 3551 3004 3620 μέντοι
3048 3550 3318 3605 κινεῖσθαι
3369 3550 3490 3605 καθ’
3524 3551 3732 3623 ἑτέραν

2137 3641 2374 3712 κίνησιν,
2415 3639 2490 3700 ὡς
2529 3641 2620 3692 ἐπὶ
2659 3640 2830 3693 λίθου.
2865 3635 3034 3705 Οὗτος
3067 3641 3178 3712 γὰρ
3225 3641 3576 3713 θερμαίνεται
3623 3645 3733 3698 καὶ

2136 3731 2405 3803 ψύχεταιο
2451 3733 2546 3785 καὶ
2596 3730 2721 3785 οὔτε
2759 3729 2912 3796 αὔξει
2948 3731 3074 3785 οὕτε
3104 3731 3263 3805 λήγει
3289 3749 3302 3761 °
3335 3735 3431 3788 καὶ
3471 3734 3567 3787 ἐπὶ
3611 3735 3732 3787 τῶν

2138 3824 2342 3878 λοιπῶν
2371 3825 2595 3894 ὁμοίως.
2627 3824 2795 3877 ’Ὥστε
2830 3825 2880 3877 εί
2926 3825 3022 3878 καὶ
3073 3824 3386 3894 παρέπεται
3431 3825 3732 3892 ἀλλοίωσις

2137 3916 2256 3978 ταῖς
2289 3914 2504 3978 λοιπαῖς
2541 3915 2844 3984 κινήσεσιν,
2873 3915 3025 3985 ὅμως
3060 3915 3336 3985 ἐνδέχεται
3375 3915 3547 3988 αὐτὴν
3598 3918 3732 3972 καθ’

2139 4005 2343 4074 ἑαυτὴν
2373 4003 2736 4076 θεωρεῖσθαι)
2769 4005 2892 4058 ὅθεν
2918 4006 3268 4078 ὡμολόγηται
3305 4007 3486 4061 αὐτῶν
3517 4009 3577 4063 τὸ
3604 4010 3732 4064 διας

2142 4110 2325 4166 φορόν.

2215 4368 2442 4440 Κίνησιν
2459 4368 2522 4422 δὲ
2550 4369 2612 4423 οὐ
2635 4370 2786 4440 λέγει
2817 4369 2931 4442 (ιο)
2958 4371 2986 4424 ό
3023 4370 3400 4442 Ἀριστοτέλης
3427 4375 3528 4446 τὴν
3554 4391 3732 4444 μετα-

2142 4459 2330 4530 ϐολήν.
2361 4461 2452 4515 Ἑν
2477 4460 2588 4533 γὰρ
2614 4459 2694 4532 τῷ
2717 4461 2954 4533 πέμπτῳ
2978 4461 3123 4533 λόγῳ
3143 4462 3246 4532 τῆς
3268 4463 3502 4534 φυσικῆς
3531 4469 3737 4536 ἀκροὰ·

451 4561 503 4614 in
529 4560 724 4630 quinto
757 4560 1148 4632 Physicorum,
1208 4561 1460 4633 probavit
1507 4572 1688 4617 ortum
1741 4571 1796 4618 ct
1847 4563 2030 4619 interi-

2145 4569 2305 4616 σεως,
2347 4551 2654 4618 ἀπέδειξεν,
2697 4553 2780 4607 ὅτι
2815 4554 3031 4623 γένεσις
3087 4553 3183 4608 καὶ
3215 4554 3390 4625 φθορά
3429 4559 3738 4624 μεταϐολαὶ

453 4662 565 4704 tum
613 4652 944 4712 mutationes
973 4655 1195 4724 quidem
1226 4670 1370 4717 esse,
1405 4669 1512 4709 non
1542 4663 1723 4711 motus
1756 4673 1768 4709 :
1804 4671 1871 4710 eo
1894 4655 2038 4725 quod

453 4753 638 4800 motus
666 4747 738 4799 ita
785 4745 901 4810 iiat,
945 4759 1005 4801 ut
1051 4763 1140 4804 res
1197 4749 1416 4803 interim
1475 4749 1628 4804 salva
1663 4757 1717 4804 et
1745 4749 2041 4804 incolumis

455 4846 691 4893 maneat.
727 4837 884 4904 Quod
920 4841 963 4894 si
991 4840 1304 4895 alterationi
1327 4855 1392 4896 ac
1423 4841 1712 4894 mutationi
1749 4841 1908 4896 locali
1933 4841 2043 4896 duo

453 4931 728 4984 contraria
766 4946 888 4988 esse
918 4931 1180 4996 diximus,
1217 4947 1409 5002 nempe
1441 4933 1779 4986 contrarium
1807 4941 2039 4999 motum,

453 5033 506 5077 et
541 5024 822 5093 quietem;
875 5025 1066 5094 utique
1115 5023 1402 5079 sciendum
1454 5024 1679 5079 omnino
1719 5031 1823 5088 est,
1878 5039 2041 5093 posse

454 5116 560 5173 alia
589 5124 643 5171 et
671 5116 778 5170 alia
811 5117 1024 5172 ratione
1056 5116 1165 5171 duo
1187 5115 1437 5186 quaedam
1472 5115 1566 5170 uni
1597 5117 1873 5171 contraria
1898 5131 2041 5174 esse.

2144 4644 2244 4715 μέν
2278 4645 2419 4698 είσι·
2451 4647 2696 4717 κινήσεις
2725 4645 2782 4700 δὲ
2811 4647 2912 4700 οὐκ
2951 4645 3093 4699 είσίο
3121 4645 3254 4699 διότι
3289 4648 3324 4718 ὴ
3353 4647 3588 4716 κίνησις,
3624 4668 3737 4704 σω-

2142 4737 2372 4808 ζομένου
2397 4737 2494 4791 τοῦ
2522 4739 2874 4810 πράγματος,
2899 4739 3132 4807 γίνεται.
3155 4739 3218 4792 El
3241 4739 3298 4792 δὲ
3327 4741 3392 4810 τῇ
3420 4736 3738 4804 ἀλλοιώσει,

2141 4835 2238 4888 καὶ
2285 4837 2350 4906 τῇ
2394 4836 2538 4890 κατὰ
2582 4837 2748 4892 τόπον
2804 4837 3103 4909 μεταϐολῇ,
3143 4837 3355 4908 ἔφημεν
3383 4837 3478 4890 δύο
3508 4837 3742 4892 ἐναντία

2144 4925 2306 4994 εἶναι,
2348 4929 2447 5000 τήν
2497 4946 2557 4983 τε
2605 4929 2857 4984 ἐναντίαν
2901 4930 3151 5000 κίνησιν,
3188 4930 3290 4982 καλ⁵
3326 4929 3424 5000 τὴν
3466 4928 3738 4998 ἠρεμίαν,

2154 5021 2328 5074 ἰστέον
2348 5021 2432 5084 ιὼς
2472 5023 2574 5075 οὐκ
2619 5021 2884 5077 ἀδύνατον
2913 5023 3033 5078 κατ’
3076 5022 3204 5076 ἄλλο
3234 5023 3329 5076 καὶ
3365 5021 3495 5076 ἄλλο
3524 5021 3618 5074 δύο
3653 5022 3743 5075 ἑνὶ

2155 5107 2296 5167 εἶναι
2355 5113 2597 5167 ἐναντία.
2644 5115 2878 5186 Ἦρεμία
2932 5114 3033 5186 μὲν
3075 5113 3205 5186 γὰρ,
3259 5114 3334 5178 ὼς
3383 5115 3415 5185 ἡ
3465 5112 3577 5179 ἕξις
3635 5113 3742 5168 καὶ⁵

1887 5332 1891 5335 -
1974 5289 2210 5348 NOTAE.

456 5403 464 5416 ’
531 5418 921 5491 (immicqu
941 5417 1008 5470 δὲ
1029 5419 1100 5472 οὐ
1127 5417 1311 5486 λέγει.
1338 5415 1529 5491 Verum
1557 5414 1894 5477 Aristo:e.cs,
1921 5419 2030 5466 etc.

458 5487 549 5546 Ex‘
573 5489 904 5560 Philosophe
941 5503 1034 5543 scx
1069 5497 1249 5544 motus
1288 5487 1510 5560 species
1530 5492 1941 5560 numeraverat,
1977 5491 2033 5536 et

461 5561 716 5630 inprimis
743 5552 1152 5630 generationem
1183 5571 1238 5614 et
1267 5552 1702 5630 corruptionem.
1735 5552 1916 5630 Monet
1951 5560 2033 5630 ιιι-

461 5623 607 5693 men,
640 5623 931 5684 Aminonio
966 5639 1209 5690 auctore,
1238 5623 1608 5691 Aristotelem,
1637 5625 1732 5679 lib.
1757 5641 1788 5676 v
1819 5623 2029 5692 Physic.

462 5701 818 5753 mutationem
857 5698 978 5752 ideo
1015 5699 1336 5754 distinxisse
1370 5714 1398 5752 a
1460 5707 1636 5759 motu,
1695 5703 1753 5747 ut
1799 5709 2031 5764 genera-

463 5772 670 5826 tionem
701 5776 753 5823 ct
785 5767 1194 5834 corruptionem
1226 5783 1347 5824 esse
1383 5779 1563 5821 motus
1597 5765 1815 5835 proprie
1858 5765 2036 5817 dictos

460 5838 762 5916 negaverit.
801 5836 1118 5905 PliilOSOphi
1153 5849 1387 5894 mentem
1419 5836 1744 5892 Ammonius
1773 5835 2030 5904 explicat,

2144 5416 2203 5462 ut
2251 5407 2522 5479 μεταὸολὴ
2570 5411 2800 5464 mutatio
2851 5409 2923 5465 sit
2973 5407 3250 5477 quoddam
3292 5419 3509 5479 genus,
3565 5405 3745 5474 cujus

2143 5476 2262 5533 tres
2294 5480 2407 5533 sint
2433 5476 2668 5548 species,
2729 5481 2966 5550 κίνησις,
2992 5476 3236 5548 γένεσις,
3276 5476 3472 5550 φθορά,
3533 5487 3744 5550 motus,

2141 5550 2433 5619 generatio,
2466 5546 2774 5617 corruptio;
2811 5546 3059 5618 adeoque
3085 5561 3265 5603 motus
3291 5546 3471 5619 omnis
3502 5549 3746 5600 mutatio

2145 5617 2216 5675 Sit
2249 5621 2534 5688 quaedam;
2573 5631 2628 5672 at
2662 5637 2770 5674 non
2806 5617 3070 5674 vicissim.
3103 5617 3746 5688 Generationenrpqrro
3795 5643 3822 5656 -

2145 5697 2199 5743 et
2236 5684 2650 5760 corruptio-nem
2703 5701 2884 5744 motus
2938 5691 3157 5760 proprie
3203 5705 3310 5752 upn
3362 5701 3506 5760 esse,
3537 5684 3746 5742 iisdem

2153 5759 2353 5830 quibus
2380 5760 2571 5816 Noster
2615 5763 2921 5816 rationibus
2944 5759 3144 5831 prohat
3180 5759 3520 5812 Amnmnius.
