3962 6320
228 367 340 434 653

1617 361 2088 423 DIALECTICA.

3367 362 3494 430 -654

230 482 489 552 στέρησις
508 503 524 520 ο
555 484 596 558 ἡ
621 482 683 539 εδ
708 483 1084 562 ἀντικειμένη,
1119 485 1353 556 κυρίως,
1397 481 1472 542 ὡς
1503 478 1804 549 Θειρμάνσει

1921 474 2077 540 Quies
2113 473 2372 529 nimirum
2397 477 2676 531 contraria
2709 486 2812 542 est,
2847 485 2905 533 ut
2950 479 3193 546 habitus,
3233 490 3286 536 et
3315 483 3494 552 priva-

227 571 408 642 ψύξις-

743 809 758 818 .
805 756 1062 814 ΚΕΦΑΔ.
1101 756 1222 813 EB’.

771 849 916 917 Περὶ
943 849 1051 904 τοῦ
1082 849 1267 918 ἔχειν.

302 937 378 992 re
405 937 552 1010 ἔχειν
582 938 729 993 κατά
761 939 909 994 ὀκτώ
956 941 1195 1011 τρόπους
1223 939 1465 1009 λέγεται.
1487 939 1560 992 Ἦ
1594 938 1702 1011 γὰρ
1733 936 1808 1002 ώς

229 1030 347 1098 ἕξιν
375 1032 472 1086 καὶ
494 1030 754 1099 διάθεσιν,
786 1033 821 1103 ἢ
853 1031 1021 1103 ἀλλην
1061 1033 1357 1104 ποιότητα·
1397 1030 1670 1102 λεγόμεθα
1699 1031 1808 1101 γὰρ

228 1121 377 1192 ἔχειν
408 1123 724 1194 ἐπιστήμην
755 1123 851 1178 καὶ
878 1123 1100 1195 ἀρετήν.
1136 1124 1206 1177 Ἢ
1239 1123 1314 1186 ώς
1353 1122 1520 1176 ποσόν
1540 1137 1555 1151 ⁶
1589 1121 1809 1190 λέγεται

229 1211 339 1283 γὰρ
376 1211 619 1283 τρίπηχυ
652 1214 881 1284 μέγεθος
918 1215 1065 1286 ἔχειν
1100 1215 1164 1270 τὸ
1191 1216 1371 1283 ξύλον.
1403 1215 1470 1269 Ἥ
1498 1215 1576 1280 ώς
1620 1215 1809 1268 οὐσίαν

231 1302 366 1374 περὶ
396 1303 608 1370 οὐσίαν,
634 1305 773 1375 ὅπερ
793 1306 911 1360 ἐστὶ
934 1306 1303 1374 γενικώτατον
1331 1307 1510 1376 γένος.
1535 1304 1705 1359 Τοῦτο
1728 1305 1807 1372 δὲ,

227 1393 266 1465 ἢ
302 1396 436 1466 περὶ
467 1394 588 1470 ὅλον
611 1395 676 1450 τδ
706 1397 889 1468 σῶμα,
920 1398 1000 1462 ὡς
1044 1399 1214 1469 χιτών
1236 1415 1248 1429 ·
1285 1397 1320 1470 ἢ
1353 1399 1482 1469 περι
1515 1415 1570 1451 τι
1618 1397 1806 1469 μέρος,

223 1485 308 1548 ὡς
335 1469 627 1551 δακτύλιος
670 1489 730 1541 ὲν
758 1489 1006 1560 δακτύλῳ
1026 1505 1040 1518 ·
1079 1490 1114 1562 ἢ
1143 1490 1220 1554 ώς
1248 1469 1414 1561 μέρος
1459 1490 1518 1542 ἐν
1552 1488 1658 1560 ὅλῳ
1680 1505 1696 1518 ·
1731 1489 1811 1542 λε-

226 1575 444 1646 γόμεθα
469 1578 579 1648 γὰρ
600 1576 746 1648 ἔχειν
772 1580 931 1650 χεῖρα
949 1595 964 1610 ο
992 1579 1026 1650 ἢ
1063 1579 1140 1644 ώς
1181 1581 1242 1633 ὲν
1271 1579 1502 1649 ἀγγείῳ,
1537 1577 1615 1642 ώς
1655 1578 1810 1647 λέγο-

229 1685 335 1738 μεν
363 1663 507 1722 οἶνον
536 1668 681 1740 ἔχειν
705 1670 765 1724 τὸ
795 1671 1094 1742 κεράμειον
1110 1687 1124 1701 ·
1149 1671 1182 1742 ἢ
1205 1671 1281 1735 ώς
1303 1673 1490 1742 κτῆμα
1506 1689 1520 1704 ·
1538 1671 1809 1742 λεγόμεοα

224 1761 343 1832 γὰρ
369 1762 550 1818 οἰκίαν
577 1763 743 1834 ἔχειν,
774 1764 808 1835 ἢ
839 1763 1038 1836 ἀγρόν·
1067 1765 1341 1836 λεγόμεθα
1364 1765 1423 1818 δὲ
1451 1766 1546 1819 καὶ
1573 1767 1809 1834 γυναῖκα

1917 567 2030 630 tio;
2064 573 2118 619 at
2146 565 2436 635 appositus
2463 575 2646 626 motus
2677 570 2896 639 proprie
2923 573 3238 628 contrariu
3265 581 3371 640 est,
3414 574 3493 628 uti

1915 657 2258 729 refrigeratio
2285 657 2650 715 calefactioni.

2447 749 2560 822 ea.
2597 750 2751 806 CAP.
2795 750 2959 807 Lxu.

2538 841 2617 895 De
2655 843 2864 900 habere.

1986 930 2202 991 Habere
2221 940 2349 988 octo
2383 934 2563 991 modis
2585 935 2809 991 dicitur.
2841 941 2947 992 Aut
2969 939 3134 1007 enim,
3161 951 3218 996 ut
3249 941 3493 998 habitum

1915 1031 1970 1079 et
2015 1023 2462 1096 dispositionem,
2512 1036 2609 1082 aut
2663 1028 2824 1083 aliam
2879 1031 3236 1100 qualitatem;
3293 1035 3495 1089 etenim

1917 1116 2207 1172 scientiam
2269 1134 2335 1173 ac
2386 1120 2644 1178 virtutem
2699 1121 2903 1178 habere
2955 1123 3213 1180 dicimur.
3267 1125 3375 1180 Aut
3435 1136 3494 1180 ut

1915 1217 2222 1271 quantum:
2258 1210 2466 1280 lignum
2517 1212 2663 1266 enim
2693 1220 2806 1268 tres
2853 1213 3072 1276 cubitos
3106 1216 3500 1287 magnitudinis

1917 1302 2120 1359 habere
2146 1303 2376 1359 dicitur.
2413 1303 2522 1360 Aut
2567 1312 2626 1360 ut
2659 1305 3025 1362 substantiam
3058 1307 3207 1364 circa
3240 1311 3498 1364 substan-

1917 1396 2088 1464 tiam;
2126 1397 2274 1466 quod
2329 1398 2554 1468 quidem
2588 1409 2674 1454 est
2712 1399 3249 1456 universalissimum
3304 1417 3498 1474 genus.

1917 1484 2032 1541 Hoc
2062 1501 2229 1557 porro
2252 1486 2340 1542 vel
2356 1487 2566 1542 circum
2593 1492 2908 1546 universum
2927 1505 3152 1562 corpus,
3171 1499 3230 1546 ut
3254 1501 3496 1550 vestem:

1916 1585 2013 1633 aut
2061 1578 2209 1634 circa
2257 1579 2502 1651 aliquam
2541 1589 2780 1652 partem,
2815 1590 2876 1637 ut
2909 1585 3175 1639 annulum
3213 1585 3268 1640 in
3300 1585 3496 1658 digito.

1915 1666 2025 1723 Aut
2051 1677 2262 1739 partem
2296 1671 2354 1725 in
2387 1677 2538 1738 toto;
2571 1659 2812 1728 dicimur
2838 1673 2983 1728 enim
3013 1673 3219 1731 habere
3251 1691 3497 1732 manum.

1918 1761 2024 1816 Aut
2051 1770 2110 1816 ut
2144 1762 2200 1816 in
2228 1776 2394 1828 vase;
2426 1766 2506 1818 uti
2540 1765 2803 1834 amphora
2827 1764 3014 1820 vinum
3047 1765 3248 1823 habere
3269 1767 3494 1824 dicitur.

226 1850 400 1922 ἔχειν,
424 1855 518 1907 καὶ
541 1855 574 1925 ἡ
598 1848 740 1926 γυνὴ
764 1855 932 1928 ἄνδρα
955 1856 1101 1927 ἔχειν
1130 1856 1349 1926 λέγεται
1364 1872 1378 1887 ο
1405 1855 1550 1911 ἔοικε
1575 1855 1631 1909 δὲ
1656 1849 1811 1921 οὗτος

1921 1853 2019 1908 Aut
2063 1862 2124 1909 ut
2170 1856 2622 1925 possessionem;
2677 1857 2906 1912 domum
2958 1859 3128 1924 enim,
3173 1868 3268 1914 aut
3305 1876 3496 1931 agrum

224 1945 258 1996 δ
283 1945 490 2015 τρόπος
513 1945 795 2016 ἀλλότριος
815 1941 958 2001 εῖναι
988 1946 1084 2000 τοῦ
1113 1947 1281 2018 ἔχειν,
1313 1947 1504 2019 ἐπειδὴ
1527 1947 1810 2019 ἀντιστρέ-

223 2051 342 2103 φει.
391 2036 558 2090 Οὐδὲν
595 2039 706 2109 γὰρ
759 2038 962 2110 μᾶλλον
1001 2039 1257 2110 σημαίνει
1311 2038 1458 2108 ἔχειν
1491 2038 1584 2094 τὸν
1639 2038 1809 2110 ἀνδρα

222 2129 488 2194 γυναῖκα,
526 2127 561 2198 ἢ
620 2128 721 2200 τὴν
754 2132 1010 2198 γυναῖκα,
1062 2130 1254 2202 ἄνδρα.
1289 2131 1426 2185 Οὐδὲ
1459 2131 1569 2202 γὰρ
1619 2130 1810 2204 ἕτερον

225 2217 422 2287 ἐτέρου
457 2221 762 2290 ἐπικρατεῖ,
797 2221 913 2274 ἀλλ’
941 2223 1072 2286 ἴσως
1101 2224 1196 2277 mi.
1226 2223 1535 2294 ἀδιαφόρως
1568 2223 1806 2295 ἔχουσιν.

223 2309 292 2363 Et
316 2309 376 2362 δὲ
397 2310 495 2363 καὶ
519 2313 550 2364 ὁ
574 2313 796 2384 κτήτωρ
829 2313 942 2384 ἔχει
968 2315 1175 2385 κτῆμα,
1208 2317 1305 2370 καὶ
1341 2315 1404 2370 τὸ
1442 2317 1630 2388 κτῆμα
1672 2319 1811 2390 κτή-

221 2417 387 2470 τορα,
414 2402 511 2455 καὶ
538 2403 914 2476 ἀντιστρέφει.
960 2405 1103 2461 Ἀλλ’
1132 2407 1234 2478 οὐχ
1275 2407 1352 2471 ώς
1381 2407 1520 2480 ἀνὴρ
1547 2411 1808 2477 γυναῖκα,

221 2490 325 2569 καὶ
355 2491 494 2562 γυνὴ
555 2492 747 2564 ἄνδρα.
792 2495 850 2548 Ὀ
897 2495 1006 2567 γὰρ
1060 2496 1284 2568 κτήτωρ
1337 2497 1675 2569 αὐτοκρατὲς
1715 2498 1810 2552 καὶ

221 2564 569 2652 κυριώτατόν
597 2585 714 2637 ἐστι
743 2585 841 2638 τοῦ
873 2564 1187 2657 κτήματος·
1225 2564 1323 2641 καὶ
1352 2587 1443 2641 διὰ
1479 2564 1639 2642 τοῦτο
1672 2589 1810 2658 μᾶλ-

219 2669 343 2736 λον,
388 2671 418 2724 ὁ
488 2673 588 2742 μὲν
623 2675 842 2748 κτήτωρ
884 2675 1032 2747 ἔχειν
1083 2676 1334 2746 λέγεται,
1367 2678 1429 2732 τὸ
1483 2677 1542 2732 δὲ
1594 2678 1806 2750 κτῆμα,

221 2760 477 2833 ἔχεσθαι.

1915 1947 2118 2004 habere
2151 1948 2564 2016 dicimur.Quin
2606 1958 2663 2006 et
2701 1967 2932 2008 uxorem
2982 1953 3222 2009 dicimur
3257 1954 3497 2022 habere;

1912 2045 1968 2092 et
1998 2052 2138 2092 uxor
2170 2037 2300 2094 item
2331 2037 2510 2092 virum
2545 2039 2748 2096 habere
2776 2041 2997 2098 dicitur.
3039 2042 3267 2100 Videtur
3310 2053 3497 2102 autem

1915 2127 2006 2183 hic
2051 2129 2248 2184 modus
2298 2129 2368 2185 ab
2405 2130 2610 2186 habere
2639 2131 2857 2188 alienus
2886 2149 3030 2201 esse,
3063 2137 3326 2206 quoniam
3359 2153 3497 2192 con-

1912 2221 2224 2276 versionem
2295 2221 2556 2278 admittit.
2622 2220 2812 2294 Neque
2857 2224 3006 2279 enim
3074 2227 3252 2298 magis
3319 2229 3498 2293 virum

1916 2312 2120 2368 habere
2185 2328 2409 2368 uxorem
2466 2314 2764 2384 signiﬁcat;
2807 2329 2972 2386 quam
3016 2333 3241 2372 uxorem
3297 2321 3496 2376 virum.

1912 2399 2118 2459 Neuter
2151 2403 2294 2458 enim
2347 2405 2579 2459 alterum
2627 2412 2971 2475 exsuperat;
3005 2421 3196 2460 verum
3247 2421 3401 2477 aeque
3435 2425 3502 2464 ac

1914 2493 2034 2550 sine
2089 2492 2410 2548 discrimine
2457 2508 2580 2550 sese
2627 2494 2862 2549 invicem
2911 2495 3135 2550 habent.
3174 2495 3498 2568 Quanquam

1913 2591 2098 2638 autem
2135 2599 2432 2653 possessor
2462 2599 2682 2656 quoque
2717 2585 3008 2655 praedium,
3045 2602 3110 2642 ac
3140 2605 3333 2644 rursus
3364 2605 3501 2660 pra:-

1911 2675 2062 2730 dium
2090 2691 2470 2744 possessorem
2507 2677 2708 2733 habere
2733 2677 2971 2741 dicatur,
3015 2688 3180 2750 atque
3215 2680 3331 2736 haec
3361 2682 3503 2736 inter

1915 2784 1977 2824 se
2004 2776 2437 2838 convertantur;
2469 2778 2527 2822 at
2571 2784 2681 2824 non
2719 2778 2903 2826 tamen
2945 2779 3003 2825 ιιι
3040 2771 3120 2826 vir
3152 2788 3406 2838 uxorem,
3437 2788 3503 2830 ac

223 2871 378 2913 uxor
407 2859 612 2948 virum:
643 2859 972 2932 Etenimjus
993 2878 1156 2919 omne
1179 2877 1245 2918 ac
1274 2863 1577 2919 dominium
1617 2863 1671 2918 in
1737 2863 1997 2933 praedium
2065 2861 2376 2932 possessori
2441 2863 2738 2932 competit;
2801 2877 2976 2935 eaque
3027 2863 3096 2919 de
3143 2879 3334 2931 causa,
3378 2859 3503 2942 pos-

217 2963 416 3005 sessor
483 2952 666 3020 p0tius
739 2952 987 3021 habere,
1046 2953 1311 3024 praedium
1371 2962 1556 3010 autem
1621 2954 1813 3009 haberi
1849 2952 2071 3009 dicitur.

295 3043 475 3114 Δῆλον
499 3043 582 3105 δὲ,
603 3045 688 3097 ὅτι
724 3044 788 3098 τὸ
817 3043 963 3115 ἔχειν
993 3044 1104 3099 τῶν
1132 3045 1444 3117 ὁμωνύμων
1487 3046 1624 3102 ἐστι.
1651 3047 1812 3111 Τινὲς

216 3135 280 3188 δὲ
313 3133 591 3198 τοσαύτας
633 3135 900 3208 διαφορὰς
939 3135 1164 3207 λέγουσι
1189 3135 1286 3190 τοῦ
1340 3135 1509 3209 ἔχειν,
1539 3138 1671 3202 ὅσας
1713 3137 1812 3192 καὶ

218 3229 324 3284 τοῦ
353 3231 554 3293 ποιεῖν,
599 3231 695 3285 καὶ
724 3229 818 3284 τοῦ
863 3230 1116 3302 πάσχειν.
1151 3232 1241 3296 Ὠς
1268 3231 1379 3303 γὰρ
1415 3231 1488 3285 τὰ
1531 3230 1806 3295 ποιοῦντα,

219 3323 326 3376 καὶ
352 3322 424 3374 τὰ
455 3320 754 3392 πάσχοντα,
779 3320 813 3392 ἢ
841 3321 1067 3393 ἔμψυχά
1097 3325 1266 3386 ἐστιν,
1311 3322 1346 3394 ἢ
1398 3322 1583 3393 ἄψυχα
1607 3339 1624 3354 ο
1665 3321 1808 3375 οὕτω

220 3414 326 3467 καὶ
349 3411 592 3466 ἐνταῦθα
612 3429 625 3442 ·
652 3413 683 3483 ἢ
718 3411 964 3484 ἐμψυχόν
995 3416 1115 3467 ἐστι
1145 3412 1212 3467 τὸ
1235 3413 1379 3483 ἔχον,
1406 3413 1504 3467 καὶΙ
1535 3414 1597 3466 τὺ
1619 3411 1815 3482 ἐχόμε-

219 3520 345 3570 νον,
369 3503 402 3573 ἢ
430 3503 657 3573 ἄψυχον.
682 3502 808 3567 Πῶς
834 3499 929 3558 οὖν
949 3504 1062 3560 τῶν
1081 3504 1354 3576 διαφόρων
1374 3504 1548 3574 γενῶν
1571 3505 1628 3560 αἱ
1653 3505 1816 3558 αὐταὶ

217 3595 494 3666 διαφοραὶ
546 3596 792 3662 bonst;
834 3595 977 3649 Ἀλλ’
1004 3595 1151 3650 ἐστιν
1180 3597 1378 3663 εἰπεῖν,
1417 3596 1500 3650 ὅτι
1541 3596 1604 3650 τὸ
1646 3596 1813 3666 ἔχειν,

220 3689 261 3759 ἢ
295 3689 431 3758 περὶ
447 3687 570 3742 ὅλον
602 3690 664 3742 τδ
697 3689 859 3759 σῶμά
887 3691 1056 3755 ἐστιν,
1085 3689 1119 3760 ἢ
1155 3689 1285 3760 περι⁸
1314 3689 1499 3761 μέρος·
1526 3688 1621 3742 καὶ
1649 3684 1814 3740 πάλιν

219 3781 417 3845 τοῦτο,
447 3781 482 3851 ἢ
507 3782 842 3853 ἀμυντήριόν
872 3783 1041 3848 ἐστιν,
1071 3781 1106 3853 ἢ
1143 3780 1367 3851 κόσμος.

1992 3045 2130 3100 Illud
2176 3055 2362 3101 autem
2419 3045 2646 3102 minime
2697 3044 2948 3114 dubium,
2995 3049 3128 3119 quin
3189 3045 3394 3107 habere
3447 3051 3503 3108 in

1916 3137 2330 3207 aequivocorum
2392 3151 2626 3193 numero
2678 3137 2751 3195 sit
2812 3141 3172 3195 censendum.
3234 3140 3502 3198 Nonnulli

1916 3244 2085 3298 porro
2117 3228 2241 3298 ejus
2269 3229 2417 3302 quod
2471 3236 2556 3285 est
2599 3229 2824 3295 habere,
2880 3229 3108 3286 totidem
3165 3231 3504 3290 differentias

1915 3336 2040 3376 esse
2059 3319 2273 3386 dicunt,
2299 3327 2434 3391 quot
2466 3330 2596 3376 sunt
2625 3320 2746 3392 ejus
2771 3321 2918 3391 quod
2949 3329 3033 3376 est
3079 3337 3244 3392 agere
3277 3332 3332 3379 et
3366 3329 3499 3394 pati.

1917 3408 2006 3465 Uti
2039 3413 2184 3466 enim
2215 3426 2278 3466 ea
2309 3426 2434 3481 quae
2469 3420 2638 3482 agunt
2683 3425 2748 3468 ac
2778 3413 3084 3483 patiuntur,
3111 3414 3197 3467 vel
3219 3423 3351 3468 sunt
3382 3418 3503 3470 ani-

1915 3510 2062 3556 mata
2111 3503 2198 3557 vel
2249 3503 2602 3560 inanimata:
2648 3504 2843 3559 eodem
2897 3505 3059 3560 modo
3115 3506 3204 3561 hic
3255 3521 3502 3577 quoque,

1915 3601 2010 3646 aut
2060 3593 2361 3647 animatum
2403 3603 2488 3649 est
2523 3593 2576 3648 id
2607 3596 2756 3664 quod
2797 3594 2983 3659 habet,
3011 3605 3064 3650 et
3113 3595 3372 3666 habetur,
3409 3606 3506 3652 aut

1912 3685 2299 3741 inanimatum.
2353 3685 2472 3754 Qua
2532 3688 2706 3757 igitur
2754 3688 2968 3744 ratione
3015 3688 3375 3745 diversorum.
3412 3705 3507 3761 ge-

1911 3792 2104 3834 nerum
2135 3776 2326 3831 eadem
2362 3787 2526 3833 erunt
2552 3771 2926 3834 dill’ercniize?
2959 3796 3151 3835 verum
3179 3780 3502 3851 responderi

221 3883 453 3944 potest:
485 3875 537 3928 id
561 3877 708 3945 quod
735 3884 819 3929 est
855 3875 1079 3938 habere,
1105 3881 1200 3928 aut
1230 3873 1380 3927 circa
1435 3881 1608 3926 totum
1641 3884 1844 3940 corpus
1882 3883 2024 3934 esse,
2060 3875 2156 3922 aut
2187 3867 2336 3922 circa
2376 3877 2606 3936 partem.
2651 3867 2832 3938 Atque
2871 3869 2974 3924 hoc
3003 3885 3222 3936 rursus,
3271 3881 3365 3927 aut
3435 3873 3505 3929 ad

219 3967 641 4037 propulsandae
672 3965 903 4036 injurias
936 3980 1060 4022 esse
1090 3963 1587 4030 accommodatum,
1620 3974 1715 4018 aut
1749 3962 1817 4016 ad
1855 3969 2136 4016 ornatum.

820 4077 1071 4134 ΚΕΦΑΛ.
1113 4076 1196 4130 ΞΓ
1197 4083 1232 4132 ’.

219 4170 378 4240 Περὶ
429 4167 854 4238 ἀποφάνσεως,
900 4165 1268 4238 ἀποφάσεώς
1305 4183 1370 4220 τε
1415 4167 1515 4224 καὶ
1551 4165 1817 4236 καταφά-

932 4255 1106 4304 σεως.

300 4334 430 4404 Χρὴ
452 4330 747 4401 γινώσκειν
773 4331 854 4384 ὅτι
888 4332 922 4402 ἡ
966 4323 1280 4401 κατάφασις
1312 4332 1408 4384 καὶ
1437 4331 1470 4402 ἡ
1511 4330 1812 4400 ἀπόφασις,

219 4425 544 4497 ἀπόφανσις
570 4424 812 4492 λέγεται.
847 4424 1175 4495 Κατάφασις
1207 4425 1308 4496 μὲν
1348 4420 1440 4478 οὖν
1470 4426 1676 4495 ὲστινή
1709 4441 1810 4494 ση-

222 4516 510 4586 μαίνουσα
543 4515 596 4568 τί
629 4532 739 4569 τινι
759 4515 1029 4586 ὑπάρχει·
1059 4515 1329 4578 τουτέστι,
1361 4515 1414 4568 τί
1449 4516 1685 4586 ὑπάρχει
1707 4531 1812 4578 τιςο

217 4605 370 4673 οἷον,
401 4609 699 4680 Σωκράτης
736 4609 900 4675 σοφός
943 4609 1061 4663 ἐστι
1086 4625 1099 4638 ·
1147 4609 1446 4681 Σωκράτης
1495 4610 1812 4681 περιπατεῖ.

2521 4071 2676 4126 CAP.
2711 4071 2898 4128 LXIII.

2064 4163 2143 4220 De
2188 4165 2572 4229 enuntiatione,
2609 4164 2963 4234 afﬁrmatione
2990 4175 3038 4220 et
3062 4167 3360 4236 negatione.

1993 4326 2289 4396 Aﬁirmatio
2345 4337 2394 4380 et
2443 4327 2674 4396 negatio.
2749 4325 3304 4382 Contradictoriarnm
3379 4346 3500 4384 vera

1923 4418 2112 4471 altera.
2145 4447 2214 4457 —
2245 4415 2541 4472 Sciendum
2569 4425 2674 4480 cst,
2702 4427 2812 4470 tam
2847 4416 3287 4486 allirmationem,
3334 4431 3530 4490 quam‘

1925 4509 2290 4578 negationem,
2337 4507 2776 4564 enuntiationem
2819 4525 2964 4566 esse.
2997 4510 3179 4581 Atque
3213 4512 3504 4568 aﬂirmatio

1923 4599 2142 4670 quidem
2185 4606 2290 4663 est,
2331 4615 2474 4669 quae,
2507 4601 2638 4671 quid
2683 4603 2847 4657 alicui
2901 4604 3055 4667 lusit,
3103 4603 3155 4656 id
3211 4613 3318 4670 est,
3369 4606 3503 4676 quid

232 4700 550 4769 ’Δπόφασις
574 4699 652 4766 δὲ,
681 4701 714 4771 ἡ
739 4700 979 4772 δηλοῦσα
1007 4701 1068 4754 τδ
1087 4703 1170 4771 μὴ
1201 4701 1445 4773 ὑπάρχον
1466 4703 1600 4766 τινὶ,
1620 4703 1810 4774 ἧγουν,

1923 4689 2124 4759 aliquis
2176 4689 2268 4754 sit,
2320 4692 2628 4763 signiﬁcat;
2688 4703 2744 4748 ut
2808 4693 3068 4750 Socrates
3102 4697 3324 4766 sapiens
3363 4707 3499 4774 est;

217 4793 282 4844 τί
312 4790 418 4843 οὐκ
446 4789 564 4844 ἔστι
583 4808 668 4854 τις
685 4807 701 4822 ο
729 4787 862 4856 οἷον,
885 4793 915 4844 ὁ
939 4791 1089 4844 δεῖνα
1113 4791 1212 4844 ούκ
1244 4789 1360 4843 ἔστι
1387 4790 1550 4859 σοφός
1569 4808 1584 4823 ·
1614 4794 1644 4844 ὁ
1667 4793 1817 4844 δεῖνα

219 4883 295 4936 οὗ
337 4884 653 4953 περιπατεῖ.
696 4882 916 4950 Ἐπειδὴ
953 4882 1011 4935 δὲ
1051 4881 1203 4954 πάσῃ
1239 4883 1546 4951 καταφάσει
1582 4883 1818 4936 ἀντίκει-

222 4989 330 5026 ται
379 4971 676 5040 ἀπόφασις,
722 4973 819 5026 καὶ
865 4973 1014 5043 πάσῃ
1060 4957 1334 5041 ἀποφάσει
1384 4973 1713 5042 κατάφασις·
1773 4976 1806 5044 ἡ

221 5065 520 5132 ἀπόφασις
554 5066 587 5133 ἡ
618 5065 970 5136 ἀντικειμένη
1005 5067 1072 5136 τῇ
1103 5065 1434 5135 καταφάσει,
1459 5067 1554 5119 καὶ
1584 5067 1617 5135 ἡ
1641 5067 1814 5120 κατά-

223 5169 405 5224 φασις
433 5155 467 5224 ἡ
494 5155 849 5226 ἀντικειμένη
874 5159 939 5226 τῇ
981 5157 1281 5222 ἀποφάσει,
1332 5157 1624 5219 ἀντίφασις
1665 5153 1818 5225 Λέγε-

219 5259 371 5318 τᾳις
400 5245 613 5318 ἀνάγκη
655 5246 713 5300 δὲ
757 5245 853 5317 τὴν
888 5247 1017 5318 μίαν
1047 5245 1364 5317 ψεύδεσθαι,
1407 5249 1502 5302 καὶ
1541 5247 1641 5318 τὴν
1686 5249 1818 5318 μίαν

220 5311 550 5384 ἀληθεύειν.

837 5594 1088 5650 ΚΕΦΑΛ.
1123 5597 1236 5652 ΞΝ.

263 5687 418 5750 Περὶ
451 5681 620 5751 ὅρου,
656 5683 753 5738 καὶ
787 5689 1154 5756 προτάσεως,
1193 5690 1291 5744 καὶ
1333 5693 1778 5763 συλλογισμοῦ.
1811 5752 1816 5756 ,

303 5773 436 5845 Χρὴ
499 5773 784 5842 γινώσκειν
829 5780 909 5834 ὅτι
953 5782 1154 5836 σκοπὸν
1205 5782 1316 5853 ἔχει
1362 5787 1392 5855 η
1434 5783 1628 5858 λογικη
1671 5803 1812 5856 πρα-

1917 4782 2180 4838 Socrates
2211 4785 2480 4837 ambulat.
2544 4784 2773 4855 Negatio
2804 4796 3011 4852 autem,
3045 4803 3189 4857 qum,
3234 4789 3364 4858 quid
3404 4773 3503 4844 ali;

1915 4877 2008 4932 cui
2038 4892 2146 4932 non
2181 4877 2334 4942 insit,
2368 4876 2420 4929 id
2452 4886 2538 4932 est
2565 4918 2579 4940 ,
2614 4877 2746 4949 quid
2794 4879 2996 4948 aliquis
3035 4894 3143 4934 non
3185 4880 3278 4942 sit,
3317 4889 3506 4937 osten-

1915 4969 2035 5024 dit:
2073 4969 2173 5035 uti,
2229 4969 2319 5023 Ιιίε
2359 4985 2469 5024 non
2514 4978 2599 5024 est
2648 4972 2904 5038 sapiens;
2955 4971 3046 5026 ille
3093 4986 3202 5026 non
3235 4973 3502 5032 ambulat.

1913 5058 2188 5126 Quoniam
2225 5069 2408 5115 autem
2448 5061 2599 5116 omni
2631 5061 3005 5129 aliirmatioui,
3034 5064 3289 5132 negatio;
3338 5064 3503 5118 item-

1922 5167 2028 5222 que
2053 5153 2204 5206 omni
2235 5153 2534 5223 negationi,
2569 5153 2859 5209 allii-matio
2891 5155 3254 5222 adversatur;
3285 5157 3504 5223 negatio

1923 5258 1986 5298 ea
2044 5259 2166 5314 quin
2225 5246 2566 5300 allirmationi
2615 5251 2932 5315 opponitur,
2992 5256 3047 5301 ιιι
3102 5246 3392 5301 allii-motio
3439 5263 3506 5303 ea

1925 5353 2047 5407 qua:
2096 5341 2376 5410 negationi
2434 5331 2778 5405 adversatur,
2845 5341 3214 5396 contradictio
3274 5342 3500 5397 dicitur.

1928 5425 2100 5481 Porro
2125 5429 2350 5483 alteram
2383 5428 2598 5494 falsam,
2641 5429 2868 5483 alterum
2898 5445 3084 5484 veram
3122 5447 3246 5488 esse
3277 5450 3507 5490 necesse

1927 5528 2034 5574 est.
2445 5507 2448 5510 ’

2455 5611 2563 5683 35
2589 5608 2744 5665 CAP.
2789 5609 2972 5667 wa.

2069 5701 2148 5755 De
2184 5705 2427 5770 termino,
2463 5716 2512 5758 et
2539 5703 2918 5774 propositione,
2967 5713 3018 5759 et
3049 5709 3381 5782 syllogismo.

1999 5793 2395 5852 Demonstratio
2441 5797 2598 5869 lcgici
2633 5798 2886 5854 muneris.
2937 5794 3078 5863 Quid
3127 5802 3407 5855 terminus.
