3962 6320
433 230 542 296 6‘39
1628 249 1688 309 S.
1731 250 2055 313 JOANNIS
2091 254 2524 318 DAMASCENI
3594 255 3702 320 660

432 363 762 419 exsequens.
794 350 902 407 Aut
931 353 1080 422 quod
1126 354 1255 414 licet
1309 359 1672 428 occupatione
1729 367 2012 434 proprium

2135 369 2316 440 κοινὴν
2356 370 2453 424 καὶ
2486 371 2586 440 τὴν
2614 371 2785 442 αὑτὴν
2815 370 3026 425 ἔννοιαν
3056 370 3522 442 προϐαλλόμενον,
3567 372 3640 436 ὡς
3669 372 3702 440 ἡ

435 447 750 510 usurpetur,
805 442 857 496 in
889 457 1186 502 commune
1226 455 1406 504 tamen
1447 452 1768 520 remittitur,
1813 467 1873 509 nt
1907 457 2026 528 67.

432 527 590 585 locus
620 531 674 584 in
704 531 945 598 theatro,
970 534 1050 588 vel
1087 535 1141 590 in
1187 535 1402 594 balneo.
1434 541 1540 596 Aut
1579 541 1837 614 denique.
1869 527 2016 616 quod

431 617 672 674 indivise
716 620 784 674 ad
823 637 1168 679 communem
1214 635 1270 683 et
1301 631 1548 686 eamdem
1602 632 2016 706 intelligentiam

431 709 752 782 profertur;
790 722 848 768 ut
892 718 1162 785 praeconis
1192 735 1320 774 vox.
1367 721 1546 790 Atque
1604 723 1710 780 hoc
1759 729 1922 781 modo
1964 731 2016 783 in

430 802 732 873 aequivocis
769 814 824 860 et
857 808 1109 865 uuivocis
1148 812 1307 867 debet
1355 815 1528 886 accipi
1582 819 1731 885 quod
1769 819 2016 876 dicitur:

383 939 387 946 .
433 899 669 966 Quorum
708 919 895 958 nomen
927 914 1006 959 est
1049 923 1347 964 commune.
1375 910 1480 966 Per
1507 928 1568 969 se
1595 923 1700 982 est,
1729 918 1873 986 quod
1907 920 2020 988 pri-

430 1006 582 1051 mum
613 1009 678 1048 ae
707 1010 805 1066 per
839 998 1139 1054 essentiam
1195 1001 1360 1056 alicui
1420 1004 1596 1070 inest,
1635 1021 1701 1061 ac
1762 1023 1872 1062 non
1923 1027 2020 1079 per

431 1085 710 1152 accidens,
756 1097 814 1144 ut
869 1105 993 1146 esse
1051 1095 1343 1156 rationale.
1408 1095 1640 1153 homini.
1699 1099 2021 1159 Universale

429 1187 538 1246 est,
574 1183 722 1252 quod
758 1183 928 1239 multa
961 1185 1267 1256 signiﬁcat;
1300 1197 1360 1242 ut
1403 1190 1589 1256 homo,
1619 1193 1846 1259 animal,
1889 1195 2020 1249 sub-

432 1273 659 1328 stantia.
694 1272 798 1330 Per
827 1277 1110 1342 accidens,
1142 1288 1228 1333 est
1259 1282 1406 1350 quod
1440 1290 1623 1352 potest
1666 1284 1830 1340 alicui
1867 1285 2021 1341 ines-

431 1378 533 1429 se,
567 1364 651 1420 vel
703 1366 928 1433 abesse;
985 1377 1042 1422 ut
1093 1370 1301 1434 hqmini
1345 1382 1636 1443 κατοίκησε,
1693 1377 1778 1431 vel
1825 1392 2018 1432 sanum

431 1468 577 1510 esse.
628 1454 834 1512 Facere
885 1459 1091 1519 dicitur
1149 1462 1202 1516 in
1247 1463 1465 1518 artibus
1517 1464 1907 1532 eﬂ‘ectricibus,
1964 1468 2018 1522 in

433 1546 638 1615 quibus
680 1557 926 1604 remanet
958 1565 1049 1604 res
1079 1567 1203 1621 quae
1231 1553 1326 1619 sit,
1355 1562 1414 1608 ut
1451 1555 1504 1609 in
1543 1555 1748 1622 fabrili,
1785 1566 1838 1613 et
1862 1559 2019 1614 simi-

434 1638 602 1694 libus.
662 1637 930 1694 Absoluta
988 1643 1135 1697 enim
1185 1644 1499 1712 ellectione,
1536 1660 1786 1703 remanet
1822 1649 2018 1705 lectus.

2123 462 2278 532 φωνῆ
2321 460 2418 515 τοῦ
2467 462 2732 534 κήρυκος.
2785 463 2944 516 Κατά
2991 463 3181 517 τοῦτον
3214 462 3306 517 τὸν
3355 463 3559 534 τρόπον
3598 463 3702 536 χρὴ
3753 496 3761 510 .

2121 551 2394 622 ληφθῆναι
2442 553 2535 606 ἐπὶ
2582 553 2692 608 τῶν
2739 553 3050 626 ὁμωνύμων
3097 553 3195 608 καὶ
3241 553 3596 626 συνωνύμων,
3629 547 3704 608 ὧν

2120 643 2295 714 ὄνομα
2318 645 2519 698 κοινόν.
2551 645 2693 699 Καθ’
2735 646 2870 726 αὑτό
2898 645 3039 708 ἐστι,
3088 645 3149 698 τὸ
3182 646 3419 717 πρώτως
3457 647 3554 699 καὶ
3582 645 3702 700 κατ’

2120 737 2312 791 οὐσίαν
2348 738 2552 810 προσόν
2576 756 2704 804 τινι,
2741 739 2839 794 καὶ
2861 739 2923 792 ού
2964 737 3108 792 κατὰ
3144 737 3517 809 συμϐεϐηκὸς,
3545 737 3621 802 ὡς
3645 737 3706 792 τὸ
3757 741 3760 746 ’

2121 827 2342 898 λογικὸν
2375 829 2454 900 τῷ
2500 829 2797 902 ἀνθρώπῳ.
2854 830 3104 884 Καθόλου
3155 829 3214 883 δέ
3251 830 3400 890 ἐστι,
3430 829 3492 882 τὸ
3536 828 3706 882 πολλὰ

2123 921 2413 990 σημαῖνον,
2447 921 2525 985 ὡς
2556 921 2865 992 ἄνθρωπος,
2904 921 3066 987 ζῶον,
3101 921 3283 975 οὑσία.
3316 920 3475 975 Κατά
3505 919 3708 993 συμϐε-

2121 1010 2294 1082 δηκός
2319 1013 2487 1077 ἐστιν,
2521 1012 2551 1066 δ
2578 1012 2801 1068 δύναται
2827 1014 3094 1084 ὑπάρχειν
3123 1013 3255 1075 τινὶ,
3289 1013 3386 1067 καὶ
3419 1012 3494 1084 μὴ
3527 1011 3706 1083 ὑπάρ-

2121 1117 2260 1171 χειν,
2307 1103 2386 1166 ώς
2412 1102 2492 1174 τῷ
2520 1103 2797 1176 ἀνθρώπῳ
2847 1106 2912 1158 τὸ
2941 1107 3142 1167 νοσεῖν,
3193 1106 3287 1158 καὶ
3325 1105 3387 1159 τὸ
3419 1103 3704 1173 ὑγιαίνειν.

2121 1194 2309 1248 Ποιεῖν
2351 1195 2574 1264 λέγεται
2604 1196 2699 1250 ἐπὶ
2746 1197 2860 1252 τῶν
2904 1195 3206 1267 ποιητικῶν
3239 1197 3464 1268 τεχνῶν,
3507 1197 3593 1268 ἐφ’
3631 1189 3708 1250 ὧν

2121 1287 2370 1358 διαμένει
2397 1289 2460 1342 τὸ
2501 1288 2820 1359 γινόμενον·
2851 1288 2928 1354 ὼς
2959 1290 3051 1343 ἐπὶ
3078 1289 3421 1360 τεκτονικῆς,
3465 1288 3562 1342 καὶ
3600 1287 3709 1341 τῶν

2120 1378 2382 1432 τοιούτων
2403 1396 2419 1412 ο
2450 1380 2700 1451 διαμένει
2722 1381 2831 1454 γὰρ
2865 1383 3003 1452 μετά
3053 1381 3154 1450 τὴν
3201 1381 3423 1452 ποίησιν
3463 1382 3496 1449 ἡ
3526 1379 3707 1450 κλίνη.

2122 1471 2393 1543 Πράττειν
2439 1471 2497 1525 δὲ
2541 1472 2795 1542 λέγεται,
2839 1473 2926 1542 ἐφ’
2951 1468 3012 1526 οὑ
3037 1473 3098 1526 οὐ
3127 1472 3372 1543 διαμένει
3394 1471 3455 1524 τὸ
3479 1470 3641 1542 ἔργον
3663 1467 3707 1533 ι,

2129 1562 2298 1633 ῆγουν
2318 1563 2671 1635 ἀποτέλεσμα
2692 1581 2706 1596 ο
2737 1565 2814 1629 ὡς
2841 1567 2933 1618 ἐπὶ
2960 1566 3058 1634 τῆς
3093 1564 3393 1636 αὐλητικῆς
3418 1564 3510 1617 καὶ
3537 1563 3710 1634 ὀρχη-

2125 1655 2340 1725 στικῆς.
2373 1654 2614 1726 Θεωρετν
2661 1656 2884 1726 λέγεται
2917 1656 2980 1709 τὸ
3008 1657 3184 1720 νοεῖν,
3217 1655 3278 1709 τὸ
3325 1656 3704 1725 ἀστρονομεῖν,

434 1730 613 1804 Agere
644 1742 828 1788 autem
857 1735 1061 1790 dicitur
1097 1736 1152 1790 in
1182 1738 1249 1792 iis
1280 1737 1336 1793 in
1369 1739 1573 1808 quibus
1617 1756 1726 1795 non
1779 1750 2025 1796 remanet

2135 1747 2191 1797 τὸ
2216 1749 2576 1819 γεωμετρεῖν,
2616 1749 2715 1802 καὶ
2739 1749 2807 1802 τὰ
2837 1748 3086 1802 τοιαῦτα.

436 1841 599 1897 opus,
631 1827 683 1881 id
731 1837 817 1884 est
845 1828 993 1899 quod
1030 1829 1133 1885 fuit
1164 1831 1540 1900 eﬂ'ectum;ut
1591 1835 1646 1890 in
1694 1835 1843 1891 tibiae
1908 1837 2060 1902 ludo,
2137 1846 2192 1893 et
2240 1838 2554 1896 saltatione.
2623 1840 2998 1912 Contemplari
3065 1839 3312 1905 dicitur,
3380 1835 3712 1908 intelligere:

436 1918 829 1984 astronomiae,
889 1921 1202 1990 geometria:
1272 1938 1338 1978 ac
1415 1925 1688 1980 similibus
1760 1942 1984 1998 operam
2018 1929 2172 1986 dare.

513 2009 587 2065 De
620 2011 805 2065 subtili
855 2013 1302 2070 consideratione.
1369 2015 1574 2084 Duplex
1634 2019 1871 2084 ἐπίνοια,
1927 2039 2018 2077 seu

435 2101 647 2157 subtilis
688 2104 849 2168 ratio,
889 2119 1046 2173 quam
1094 2121 1186 2159 ens
1229 2109 1456 2161 rationis
1489 2109 1641 2178 uulgo
1676 2110 1922 2165 dicimus.
1953 2141 2023 2154 --

438 2193 738 2262 Ἐπίνοιαν,
801 2197 888 2250 vcl
953 2197 1214 2252 subtilem
1278 2199 1830 2268 considerationem,
1891 2219 2022 2259 vera

438 2287 696 2344 doctrina
749 2287 1023 2360 duplicem
1077 2305 1201 2346 esse
1245 2294 1588 2362 pronuntiat.
1634 2293 1826 2349 Altera
1875 2295 2022 2350 enim

437 2387 548 2446 est,
578 2380 727 2436 velut
756 2380 1011 2436 επέννοια
1040 2383 1322 2454 quzedam,
1362 2399 1426 2438 ac
1475 2385 1852 2457 ἐπενθύμησις
1874 2402 1888 2417 ο
1920 2387 2027 2442 hoc

437 2480 546 2540 est,
572 2475 891 2530 accuratior
919 2475 1169 2544 quaedam
1199 2491 1262 2531 ac
1295 2476 1539 2532 secunda
1572 2479 1854 2548 cogitatio,
1903 2493 2028 2548 qua:

444 2574 614 2622 totam
645 2575 700 2622 et
737 2567 1075 2639 implicatam
1127 2584 1310 2624 rerum
1364 2569 1829 2640 speculationem,
1863 2578 2028 2638 atque

441 2659 817 2731 cognitionem
849 2661 1112 2730 explicat,
1149 2677 1212 2717 ac
1236 2663 1484 2718 declarat
1525 2681 1540 2718 :
1579 2676 1637 2718 ιιι
1661 2664 1812 2734 quod
1837 2665 2024 2721 sensui

385 2789 387 2792 ‹
441 2750 674 2822 simplex
700 2753 1015 2819 videbatur,
1050 2770 1146 2824 per
1172 2755 1392 2824 longam
1419 2764 1473 2810 et
1517 2756 1796 2811 curiosam
1827 2757 2028 2814 mentis

439 2841 853 2914 indagationem
909 2846 1122 2899 varium
1165 2852 1221 2901 et
1267 2846 1554 2914 multiplex
1587 2862 1712 2903 esse
1739 2857 2023 2919 appareat.

439 2949 497 2990 v.
527 2949 612 3005 gr.
650 2938 812 2990 homo
851 2935 944 3005 qui
979 2935 1210 3005 simplex
1239 2951 1363 2991 esse
1395 2937 1631 3003 videtur,
1658 2937 1844 2992 subtili
1881 2939 2032 3009 cogi-

440 3027 653 3082 tatione
687 3025 892 3097 duplex
932 3027 1300 3096 intelligitur;
1331 3044 1398 3083 ex
1429 3043 1664 3098 corpore
1711 3029 1926 3084 scilicet
1972 3037 2028 3084 et

2201 2024 2313 2095 Τὴν
2361 2023 2607 2079 ἐπίνοιαν
2627 2025 2739 2096 (4'5)
2791 2026 2820 2080 ὁ
2877 2024 3086 2097 ἀληθὴς
3135 2023 3293 2092 λόγος
3341 2021 3526 2092 διττὴν
3573 2019 3717 2074 ἀπο-

2129 2115 2397 2183 φαίνεται.
2435 2116 2503 2168 Ἦ
2532 2115 2633 2187 μὲν
2676 2116 2808 2186 γὰρ,
2859 2110 2972 2170 οἷον
3019 2115 3274 2170 ὲπὲννοιά
3305 2132 3390 2179 τις
3424 2115 3522 2170 καὶ
3555 2115 3719 2168 ἐπεν-

2131 2204 2372 2277 θύμησῖς
2417 2209 2556 2271 ἐστι,
2596 2206 2697 2277 τὴν
2743 2206 3012 2278 ὁλοσχερῆ
3043 2207 3154 2260 τῶν
3199 2206 3578 2277 πραγμάτιον,
3621 2203 3720 2258 καὶ

2132 2296 2507 2368 ἀδιάρθρωτον
2557 2297 2870 2363 ὲξαπλοῦσα
2930 2299 3027 2352 καὶ
3081 2296 3427 2368 διασαφοῦσα
3477 2296 3720 2366 θεωρίαν

2137 2387 2231 2440 καὶ
2263 2386 2466 2455 γνῶσιν
2493 2403 2509 2419 ο
2546 2387 2623 2451 ώς
2669 2387 2731 2441 τὸ
2781 2388 3033 2458 αἰσθήσει
3094 2387 3253 2453 δόξαν
3303 2381 3446 2440 εἶναι
3485 2384 3719 2448 ἁπλοῦν,

2134 2481 2200 2551 τῇ
2234 2479 2746 2554 πολυπραγμοσύνῃ
2776 2479 3087 2552 πολυμερὲς
3105 2497 3166 2533 τε
3197 2481 3294 2534 καὶ
3317 2478 3563 2533 ποικίλον
3585 2479 3720 2533 ἀναν

2135 2568 2388 2636 φαίνεται
2408 2587 2426 2602 ·
2475 2563 2586 2622 οἷον
2612 2571 2642 2624 ὁ
2674 2568 2963 2640 ἄνθρωπος
3009 2568 3220 2634 ἁπλοῦς
3269 2568 3623 2639 φαινόμενος,
3654 2569 3720 2639 τῇ

2133 2660 2352 2732 ἐπινοίᾳ
2381 2660 2606 2725 διπλοῦς
2647 2661 3000 2716 κατανοεϊται
3025 2699 3042 2723 ,
3086 2661 3152 2714 ἔκ
3188 2659 3367 2731 ψυχῆς
3393 2675 3454 2714 τε
3487 2659 3586 2712 καὶ
3616 2658 3723 2712 σώ-

2138 2767 2308 2822 ματος
2332 2751 2717 2822 συγκείμενος.
2760 2751 2827 2804 Ἦ
2849 2750 2930 2814 δὲ,
2963 2750 3302 2821 ἀνάπλασμοι
3324 2748 3564 2812 διανοίας
3589 2765 3725 2819 τυγ-

2137 2844 2313 2914 χάνει,
2346 2843 2488 2896 κατά
2517 2842 2842 2914 συμπλοκὴν
2873 2841 3180 2914 αἰσθήσεώς
3201 2859 3262 2895 τε
3294 2843 3389 2896 καὶ
3412 2839 3724 2912 φαντασίας

2141 2936 2206 2987 ὲκ
2258 2935 2370 2988 τῶν
2406 2935 2576 2988 ὅντων
2630 2935 2700 2990 τὰ
2755 2934 3022 3005 μηδαμῶς
3074 2933 3206 2988 ὄντα
3264 2935 3582 2988 συντιθεῖσα
3631 2933 3727 2988 καὶ

2135 3025 2458 3092 δοξάζουσα.
2485 3025 2722 3098 Τοιαύτη
2757 3027 2813 3080 δέ
2844 3028 2996 3081 ἐστιν
3025 3029 3057 3098 ὴ
3099 3025 3208 3081 τῶν
3243 3025 3725 3097 ίπποκενταύρων,

443 3118 629 3173 anima
695 3126 1021 3174 concretus.
1079 3117 1267 3174 Altera
1325 3128 1509 3175 autem
1565 3119 1885 3190 ﬁgmentum
1942 3129 2025 3177 est

2135 3123 2232 3177 uel.
2264 3123 2568 3193 σειρήνων,
2603 3123 2698 3178 καὶ
2727 3122 3088 3196 τραγελάφων
3145 3121 3546 3194 μυθοπλαστία.
3604 3119 3726 3174 Τῶν

443 3211 800 3281 cogitationis
826 3211 1020 3275 animi,
1055 3227 1154 3282 per
1180 3211 1634 3282 coniunctionem
1666 3226 1933 3268 sensuum
1967 3228 2025 3268 ac

2138 3217 2277 3271 ὅλων
2307 3217 2414 3287 γάρ
2462 3215 2531 3268 τά
2575 3216 2714 3286 μέρη
2759 3215 3137 3287 λαμϐάνουσα,
3174 3216 3270 3269 καὶ
3297 3217 3362 3268 ὲκ
3399 3215 3508 3269 τῶν
3540 3214 3729 3286 μερῶν

446 3301 730 3360 facultatis
779 3303 1174 3375 imaginantis,
1215 3320 1280 3360 ex
1333 3305 1404 3360 iis
1456 3320 1582 3374 qua:
1631 3314 1784 3369 sunt,
1811 3323 1873 3362 ea
1908 3323 2025 3379 quat

2139 3308 2270 3363 ἄλλο
2316 3325 2369 3360 τι
2403 3307 2746 3370 συντιθεῖσα,
2779 3307 2924 3362 κατά
2978 3307 3184 3378 πολλὴν
3227 3295 3479 3372 ίξουσίαν
3525 3323 3588 3360 τε
3633 3307 3729 3361 καὶ

446 3409 562 3449 non
593 3405 726 3452 sunt
756 3410 1093 3464 componens
1123 3405 1177 3450 et
1209 3396 1534 3464 mstimans;
1584 3397 1897 3463 cuiusmodi
1946 3409 2025 3455 est

2139 3400 2414 3466 εὐκολίαν,
2464 3399 2533 3454 τὰ
2569 3400 2836 3472 μηδαμῶς
2881 3402 2941 3454 ὲν
2984 3400 3284 3455 ὑποστάσει
3332 3399 3533 3453 τεκαὶ
3568 3396 3730 3467 οὐσίᾳ

445 3489 1039 3562 hippocentaurorum,
1087 3501 1142 3546 et
1199 3492 1536 3558 sirenarum,
1575 3499 1631 3546 et
1681 3492 2025 3562 tragelapho«

2140 3492 2529 3564 θεωρούμενα,
2568 3493 2628 3545 ὲν
2685 3495 2754 3564 τῇ
2809 3492 3051 3564 διανοίᾳ.
3103 3491 3199 3546 καὶ
3246 3494 3359 3556 τοῖς
3406 3490 3589 3559 λόγοις
3633 3490 3728 3542 ἀν-

445 3598 569 3640 rum
604 3583 856 3640 fabulosa
888 3583 1168 3639 confictio.
1213 3583 1613 3640 Universorum
1664 3585 1811 3639 enim
1847 3592 2025 3654 partes

2141 3583 2408 3637 ἔπλασεν·
2441 3578 2560 3636 εἶτα
2591 3584 2687 3637 καὶ
2729 3585 2854 3647 ταῖς
2885 3583 3040 3646 ὕλαις
3076 3581 3548 3653 διαμορφουμένη,
3579 3581 3731 3634 ἀνει-

446 3676 755 3746 accipiens,
790 3684 959 3746 atque
989 3692 1056 3732 ex
1093 3676 1348 3747 partibus
1381 3675 1533 3731 aliud
1561 3674 1846 3745 quidpiam
1882 3691 2025 3731 com-

2142 3677 2513 3748 δωλοποίησεν
2537 3695 2554 3710 ·
2583 3677 2722 3750 αὕτη
2753 3678 2810 3732 δὲ
2836 3678 3056 3747 λέγεται
3081 3678 3210 3749 ψιλὴ
3238 3677 3472 3730 ἐπίνοια.

447 3771 992 3842 ponens,'arbitralu
1017 3787 1082 3827 ac
1109 3772 1264 3828 libitn
1297 3787 1420 3832 suo,
1449 3787 1514 3827 ea
1542 3787 1665 3842 quae
1691 3772 1843 3826 nullo
1876 3772 2041 3826 modo
2080 3773 2507 3842 conspiciuntur
2545 3774 2599 3828 in
2649 3787 2835 3828 rerum
2882 3779 3099 3837 natura,
3167 3781 3263 3825 aut
3324 3771 3600 3826 exsistere
3645 3769 3730 3824 in-

450 3867 793 3939 lellignntur,
826 3870 882 3922 in
915 3868 1084 3922 animi
1113 3870 1354 3938 cogitatu
1431 3883 1496 3923 ac
1562 3869 1875 3924 rationibus
1923 3869 2102 3934 tinxit,
2143 3868 2492 3940 subindeque
2549 3869 2603 3923 in
2673 3869 2906 3924 materia
2973 3867 3356 3932 concinnuns,
3423 3866 3730 3921 simulacra

454 3962 712 4034 idolaque
760 3963 1041 4020 lormavit.
1092 3962 1218 4018 “me
1253 3970 1462 4029 autem,
1498 3963 1738 4034 simplex
1773 3965 2039 4034 cogitatio
2073 3964 2299 4021 dicitur.

523 4057 859 4124 Garrulitas,
889 4067 995 4122 est,
1027 4057 1157 4113 dum
1189 4058 1316 4128 quis
1340 4072 1404 4113 ea
1443 4073 1567 4128 quae
1591 4058 1647 4112 in
1679 4057 1868 4128 aliquo
1897 4073 2034 4114 con-

454 4153 721 4215 tinentur,
763 4151 834 4206 de
865 4167 934 4207 eo
972 4149 1118 4219 quod
1147 4149 1395 4204 continet
1415 4189 1430 4213 ,
1460 4150 1714 4204 enuntiat
1740 4163 1805 4204 ac
1833 4149 2036 4220 praedi—

451 4255 560 4302 cat.
586 4261 637 4299 ν.
664 4260 748 4315 gr.
783 4245 837 4298 in
873 4243 1098 4297 homine
1141 4241 1342 4295 animal
1370 4250 1423 4296 et
1451 4240 1608 4311 bipes
1651 4241 2037 4308 continentur,

2211 4058 2558 4130 [Ἀδολεσχία
2599 4058 2828 4123 ἐστίν’,
2861 4057 2938 4122 ὡς
2971 4056 3070 4110 ἐάν
3102 4072 3187 4120 τις
3222 4054 3291 4108 τὰ
3331 4053 3388 4108 εν
3419 4070 3528 4107 τινι
3573 4070 3733 4125 περι-

2138 4147 2374 4219 εχόμενα
2409 4148 2770 4220 κατηγορήσῃ
2815 4145 2911 4201 τοῦ
2966 4145 3319 4218 περιέχοντος
3343 4158 3357 4174 ·
3415 4137 3527 4197 οἷον
3577 4160 3734 4216 περι-

2140 4239 2325 4310 έχεται
2358 4241 2416 4294 ὲν
2449 4237 2527 4310 τῷ
2553 4237 2848 4309 ἀνθρώπῳ,
2893 4237 2956 4292 τὺ
2983 4237 3124 4302 ζῶον
3153 4237 3248 4291 καὶ
3279 4236 3341 4290 τὺ
3374 4237 3589 4301 δίπουν,
3637 4237 3732 4291 καὶ

451 4345 510 4390 et
541 4337 596 4389 in
645 4334 874 4390 Socrate
915 4331 1102 4387 album
1127 4339 1182 4387 et
1214 4332 1511 4387 musicum.
1563 4330 1620 4386 Si
1656 4332 1786 4402 quis
1814 4346 1947 4403 ergo
1972 4347 2025 4388 ea

2145 4331 2204 4385 ἐν
2241 4329 2319 4403 τῷ
2348 4331 2628 4401 Σωκράτει
2661 4329 2722 4384 τὸ
2755 4329 2949 4384 λευκὸν
2971 4368 2986 4394 ,
3038 4329 3136 4382 καὶ
3167 4328 3230 4382 τδ
3289 4329 3551 4399 μουσικόν
3576 4344 3592 4358 ⁸
3636 4329 3733 4382 ἐὰν

453 4427 525 4482 de
559 4425 804 4489 homine,
842 4432 937 4482 aut
983 4423 1052 4479 de
1099 4422 1328 4480 Socrate
1378 4423 1678 4496 praedicet,
1711 4425 1818 4480 hoc
1852 4424 2036 4490 modo,

455 4521 623 4574 homo
648 4525 732 4574 est
759 4517 962 4572 animal
992 4516 1146 4588 bipes
1175 4535 1187 4570 :
1225 4515 1486 4572 Socrates
1510 4525 1594 4573 est
1624 4516 1885 4587 quiddam
1915 4533 2040 4572 mu-

457 4611 658 4673 sicum,
699 4609 907 4674 album,
946 4609 1037 4664 ille
1079 4616 1320 4680 nugatur
1349 4617 1404 4664 et
1439 4609 1632 4680 garrit,
1663 4607 1804 4663 idem
1837 4608 2036 4664 multo-

455 4704 564 4758 ties
589 4711 874 4774 repetens.
904 4699 1030 4757 Haec
1056 4701 1204 4764 enim
1247 4701 1619 4772 nugacitatem
1656 4707 1712 4756 et
1741 4700 2039 4772 garrulita-

2147 4417 2241 4478 οὖν
2291 4439 2378 4486 τις
2419 4421 2591 4476 ταῦτα
2637 4421 2991 4492 κατηγορήσῃ
3035 4419 3134 4473 τοῦ
3175 4417 3498 4491 ἀνθρώπου,
3549 4420 3584 4490 ῆ
3637 4418 3731 4472 τοῦ

2149 4515 2503 4584 Σωκράτους,
2554 4513 2767 4582 λέγων’
2817 4512 2876 4565 '0
2926 4511 3216 4582 ἄνθρωπος
3261 4511 3400 4576 ζῶον
3429 4511 3657 4566 δίπουνο
3705 4513 3734 4565 ὁ

2151 4605 2452 4677 Σωκράτης
2503 4602 2798 4674 μουσικὸν,
2849 4600 3072 4656 λευκόν·
3122 4602 3432 4672 ἀδολεσχεῖ,
3481 4602 3545 4656 τὸ
3603 4601 3735 4655 αὐτὸ
3827 4634 3830 4637 -

2147 4698 2321 4768 λέγων
2355 4697 2639 4760 πολλάκις.
2687 4691 2878 4748 Ταῦτα
2904 4693 3013 4766 γάρ
3056 4693 3205 4748 ἔστιν
3235 4692 3546 4765 ἀδολεσχία.
3587 4693 3736 4748 Διότι

1730 4876 1966 4934 νΑῐιιΑι
2009 4873 2418 4932 LECTIONES.

534 5043 559 5082 ιι
588 5039 706 5096 Duo
733 5042 912 5116 verba
933 5043 1048 5097 haec
1087 5041 1333 5116 adcliues
1383 5041 1539 5116 Colb.
1566 5041 1753 5116 Begg.
1807 5044 1924 5116 ﬁet
1949 5041 2008 5094 S.
2042 5039 2150 5094 l-lil.
2204 5056 2339 5116 mss.
2389 5039 2584 5116 multa.
2616 5057 2662 5092 ν.
2697 5037 3008 5106 φιλοσοφίᾳ.
3037 5033 3108 5116 Λι
3144 5033 3287 5116 Edit.
3308 5034 3398 5116 Δτὸ
3423 5033 3601 5116 τέλος,
3636 5045 3737 5116 pro

459 5111 633 5178 τέλος,
652 5121 737 5182 hut
769 5116 822 5166 in
875 5113 939 5166 N.
985 5121 1040 5167 et
1087 5112 1152 5165 ιι.
1197 5110 1357 5166 2928.
1401 5113 1505 5165 Alii
1564 5104 1784 5178 habent,
1817 5112 1878 5165 τὸ
1902 5111 2109 5182 ἓργονε
2153 5112 2369 5181 priores
2421 5104 2774 5179 interpretes,
2815 5104 3384 5182 opus;__(_1uae.lectio
3411 5105 3592 5182 verior
3626 5111 3736 5182 est.

463 5193 502 5221 ιη
536 5175 779 5251 lix-Reg.
813 5181 1070 5236 Medium
1100 5182 1389 5256 singulari,
1445 5200 1499 5234 ιι.
1559 5175 1897 5256 ίθθίῌίίῖιςιε
1935 5175 2166 5256 ὀῌιιὶιῖἰί
2201 5175 2623 5256 Cmnl)elisitts,__
2650 5194 2822 5256 usuin“.
2876 5175 2949 5256 fill
3001 5176 3236 5256 'va0’_t;
3266 5175 3499 5256 γίνεται.
3525 5175 3734 5256 ASSIIU

462 5262 642 5326 tamen
673 5246 950 5326 videntur,
984 5263 1077 5306 aut
1123 5246 1317 5326 saltem
1354 5254 1474 5326 loco
1513 5246 1892 5326 rmota.l_’rius
1920 5251 2366 5326 enimagenclum
2412 5259 2531 5326 erat
2576 5248 2715 5326 (trp!
2745 5246 3144 5326 d_6o.l_ea'_7;t'ac,_
3167 5247 3586 5326 lic-nugacitale,
3615 5257 3740 5315 qua

460 5325 640 5378 oratio
670 5325 864 5380 vitiosa
890 5315 996 5390 est,
1036 5325 1127 5380 ubi
1167 5323 1236 5376 de
1283 5325 1558 5379 orationis
1609 5324 1904 5391 speciebus
1945 5315 2159 5388 variis:
2184 5337 2351 5392 quam
2403 5321 2472 5376 de
2508 5321 2673 5374 unius
2705 5321 2789 5372 rei
2832 5315 2898 5369 ad
2934 5318 3094 5368 aliam
3132 5315 3475 5371 habitudine.

1977 5442 2188 5500 NOTAE
2199 5483 2213 5497 .

467 5563 480 5572 ι
536 5537 649 5611 (ιτ)
686 5539 808 5604 τὴν·
830 5540 1128 5611 ἐπίνοιαν.
1166 5539 1512 5595 Subtiliorrm
1543 5542 2040 5600 considerationem.
2155 5540 2412 5611 Leontio.
2467 5538 2667 5611 Utique
2718 5537 3010 5610 pracivcrat
3063 5535 3303 5591 Basilius
3356 5533 3450 5589 lib.
3500 5547 3518 5587 I
3571 5529 3732 5591 σοηι.

455 5617 578 5682 σξιο-,λ
604 5607 729 5661 llazc
757 5610 946 5662 eadem
983 5611 1209 5666 totidem
1249 5612 1364 5666 fere
1395 5614 1580 5666 verbis
1614 5616 1790 5682 reperi
1823 5629 1946 5681 cap.
1971 5612 2044 5666 28
2157 5609 2498 5665 Eunomium.

452 5677 766 5740 Collectan.
794 5719 810 5747 ,
865 5692 1002 5734 mss.
1055 5690 1237 5739 contr.
1281 5684 1635 5748 Severianus,
1679 5677 1932 5754 ianquaui
1978 5699 2046 5738 cx
