3962 6320
192 328 301 396 669

1598 327 2043 389 DIALECTICA
2057 376 2069 387 .

3352 316 3460 393 διο

188 452 373 510 Θετον,
408 447 441 518 ἦ
491 449 556 499 ἑκ
596 444 691 498 δύο
744 444 1100 497 ὑποστάσεων
1134 442 1249 515 (48)
1283 444 1411 514 μίαν
1450 444 1774 508 ὑπόστασιν,

1885 452 2079 497 natura
2109 459 2215 498 una
2236 445 2348 515 ‘71
2373 447 2703 516 composita,
2746 454 2844 502 aut
2874 463 2939 504 ex
2963 447 3185 503 duabus
3208 448 3470 520 hyposla-

185 539 472 604 παντελῶς
535 536 833 591 ἀδύνατον·
881 535 1019 589 διότι
1072 535 1337 590 ἀδύνατον
1379 534 1479 598 τὰς
1521 535 1776 599 ἐναντίας

184 630 465 691 οὐσιῶδεις
492 626 753 698 διαφορὰς
778 628 835 678 ἑν
860 626 961 696 μιᾷ
983 622 1145 694 φύσει
1174 624 1536 696 συνυπάρξαι.
1559 626 1777 680 Τούτων

183 720 297 791 γάρ
342 720 511 790 ἔργον
544 717 726 781 ἐστὶν,
773 716 1097 786 ἁποδιιστᾷν
1148 716 1397 785 ἀλλήλων
1428 716 1529 780 τὰς
1561 717 1773 786 φύσεις,

184 815 245 867 ἐν
275 807 366 876 αἷς
401 811 711 883 ὑπάρχουσι
740 826 753 840 ·
798 810 892 862 καὶ
939 808 1145 873 πάλιν,
1199 807 1462 863 ἀδύνατον
1511 810 1580 862 τὰ
1625 807 1777 873 ἅπαξ

186 904 313 958 καθ’
363 902 507 957 αὑτά
558 901 871 956 ὑποστάντα
926 900 1121 971 ἑτέραν
1172 899 1349 971 ἀρχὴν
1417 900 1778 965 ὑποστάσεως

184 995 357 1067 ἔχειν.
428 994 495 1046 Ἥ
558 994 670 1063 γὰρ
732 992 1071 1056 ὑπόστασις,
1122 993 1157 1062 ἡ
1207 992 1330 1045 καθ’
1388 992 1551 1046 ἑαυτό
1621 993 1776 1048 ἑστιν

184 1085 445 1157 ὖπαρξις.
488 1084 684 1138 Ἰστέον
709 1083 764 1137 δὲ
793 1083 870 1146 ὡς
915 1084 1007 1136 ἐπὶ
1036 1082 1134 1154 τῆς
1185 1082 1348 1152 ἁγίας
1390 1083 1617 1154 Τριάδος
1642 1084 1777 1137 ὑπό-

187 1178 383 1240 στασίς
421 1178 569 1229 ἐστιν
593 1177 623 1229 ὁ
667 1176 905 1246 ἄναρχος
946 1176 1148 1246 τρόπος
1178 1175 1279 1245 τῆς
1317 1175 1551 1230 ἑκάστου
1604 1177 1777 1232 ἀϊδίου

186 1269 504 1342 ὑπάρξεως.

255 1542 384 1613 Χρῆ
411 1542 470 1596 δέ
498 1542 696 1596 εἰδέναι
724 1541 832 1607 ὅτι,
858 1540 1024 1612 ἡνίκα
1056 1540 1313 1607 σύνθετος
1340 1528 1563 1614 γένηται
1593 1542 1774 1610 φύσις,

186 1636 267 1689 δεῖ
316 1634 591 1705 ὁμόχρονα
633 1633 702 1687 τὰ
751 1633 895 1703 μέρη
928 1628 1091 1698 εἶναι,
1129 1634 1225 1687 καὶ
1262 1634 1321 1700 ἑξ
1352 1634 1560 1705 ἑτέρων
1589 1635 1776 1706 ἕτερον

185 1725 606 1788 ἀποτελεῖσθαι,
650 1726 725 1797 μὴ
755 1725 1034 1795 φυλάττον
1060 1765 1077 1789 ,
1110 1725 1247 1779 ἀλλά
1290 1727 1494 1796 τρέπον
1541 1728 1635 1779 καὶ
1678 1727 1775 1781 άλ-

186 1816 371 1870 λοιοῦν
414 1815 485 1870 τά
515 1816 576 1881 ἑξ
610 1809 683 1867 ὧν
736 1814 1008 1885 συνετέθη
1033 1832 1047 1845 ·
1105 1815 1181 1878 ὡς
1220 1817 1286 1869 ἐκ
1325 1816 1435 1869 τῶν
1491 1816 1777 1886 τεσσάρων

190 1908 477 1977 στοιχείων
530 1906 974 1976 ἀποτελουμένου
1024 1907 1119 1961 τοῦ
1187 1907 1481 1978 σώματος,
1536 1909 1665 1963 ἄλλο
1719 1909 1780 1974 ἐξ

188 1998 369 2052 ἄλλων
406 1998 636 2067 γέγονεο
680 1998 773 2050 καὶ
811 1995 932 2050 οὔτε
990 1996 1101 2069 πῦρ
1149 1998 1390 2067 τέλειον,
1434 1999 1560 2053 οὔτε
1590 2019 1644 2054 τι
1671 2002 1780 2055 τῶν

188 2091 369 2147 ἄλλων
437 2089 617 2155 ἔστιν,
669 2088 703 2160 ἢ
755 2088 1011 2158 λέγεται·
1068 2090 1163 2143 καὶ
1228 2090 1303 2152 ὡς
1373 2090 1431 2157 ἑξ
1474 2092 1643 2145 ἵππου
1687 2094 1782 2147 καὶ

190 2185 313 2237 ὄνου
356 2182 601 2252 ἡμίονος.
654 2180 796 2234 Οὔτε
848 2181 958 2251 γάρ
1015 2181 1217 2246 ἵππος,
1248 2181 1374 2235 οὒτε
1412 2182 1532 2246 ὄνος
1574 2184 1780 2255 ἐστὶνῆ

192 2273 443 2341 λέγεται·
497 2273 615 2327 ἀλλ’
673 2272 731 2339 ἐξ
790 2273 999 2344 ἑτέρων
1055 2273 1273 2344 ἕτερον,
1336 2273 1458 2344 μηδ’
1511 2274 1773 2344 ὁπότερον

190 2364 297 2417 τῶν
341 2362 405 2428 ἑξ
441 2356 516 2416 ὧν
564 2362 859 2436 συνετέθη,
899 2364 1171 2435 φυλάττον
1215 2365 1523 2436 ἀσύγχυτόν
1564 2382 1624 2420 τε
1675 2366 1770 2419 καὶ

189 2456 487 2527 ἄτρεπτον.

1881 534 2034 592 sibus
2061 551 2169 591 una
2197 536 2511 608 hypostasis
2527 539 2817 605 elIiciatur,
2840 540 3068 595 omnino
3095 539 3211 595 ﬁeri
3237 539 3465 611 nequit:

1880 636 2171 697 propterea
2199 628 2347 698 quod
2378 631 2672 685 contraria:
2718 632 3118 687 substantiales
3145 629 3472 686 diﬂerentite

1881 717 1934 772 in
1969 734 2076 773 una
2105 720 2407 791 eademque
2441 731 2640 777 natura
2670 724 2837 779 simul
2884 738 3008 780 esse
3056 740 3165 779 non
3206 733 3467 792 possunt.

1883 810 2165 880 Siquidem
2200 828 2388 868 earum
2426 830 2628 870 munus
2680 822 2789 880 est,
2844 825 3076 870 naturas
3104 830 3222 879 eas,
3258 815 3461 884 quibus

1879 904 2091 970 insunt,
2124 905 2194 960 ab
2224 906 2461 961 invicem
2495 907 2781 962 dirimere.
2816 907 2896 962 Ac
2922 922 3142 962 rursum
3186 906 3302 962 fieri
3345 920 3457 960 non

1881 1003 2083 1065 potest,
2117 1005 2177 1051 ut
2208 1014 2331 1068 quae
2361 999 2530 1054 semel
2577 1000 2874 1069 separatim
2911 1013 2975 1054 ac
3020 1014 3114 1068 per
3140 1014 3199 1053 se
3231 999 3460 1054 exstite-

1881 1094 2033 1153 runt,
2084 1087 2419 1158 principium
2467 1091 2613 1144 aliud
2660 1088 3001 1147 subsistendi
3052 1096 3108 1143 et
3147 1088 3465 1159 hypostasis

1879 1179 2135 1236 habeant.
2180 1179 2308 1236 Haec
2352 1182 2496 1237 enim
2528 1183 2664 1237 nihil
2704 1180 2963 1237 estaliud
2991 1195 3155 1251 quam
3185 1195 3283 1250 per
3317 1194 3375 1235 se
3402 1193 3468 1233 ac

1880 1270 2113 1325 seorsim
2144 1271 2489 1327 exsistentia.
2522 1272 2822 1327 Sciendum
2858 1286 3024 1343 porro
3051 1272 3106 1325 in
3134 1278 3325 1326 sancta
3347 1269 3467 1324 Tri-

1880 1360 2074 1427 nitate,
2106 1362 2452 1433 hypostasim
2482 1364 2703 1419 modum
2740 1379 2865 1420 esse
2897 1362 3154 1435 principii
3186 1369 3468 1434 expertem

1881 1452 2233 1520 sempiternae
2261 1452 2532 1524 cujusque
2562 1455 2925 1510 exsistentite.

1949 1541 2089 1597 Illud
2128 1554 2309 1599 autem
2343 1546 2488 1601 seire
2519 1546 2799 1613 convenit,
2850 1561 2976 1602 cum
3013 1545 3328 1617 composita
3362 1546 3467 1599 ali-

1879 1649 1984 1704 qua
2014 1642 2208 1690 natura
2242 1638 2318 1701 lit,
2348 1637 2552 1692 debere
2598 1645 2786 1707 partes
2822 1652 2943 1692 esse
2988 1637 3155 1692 simul
3190 1646 3462 1705 tempore.

1879 1734 2044 1795 atque
2074 1741 2137 1780 ex
2167 1726 2290 1782 aliis
2316 1727 2462 1781 aliud
2490 1728 2698 1797 perlici,
2730 1727 2869 1781 adeo
2910 1736 3103 1781 utnon
3134 1735 3338 1795 servet,
3365 1728 3462 1782 sed

1882 1818 2063 1886 potius
2086 1818 2362 1883 immutet,
2396 1829 2454 1874 et
2490 1820 2546 1873 in
2577 1817 2726 1873 aliud
2754 1825 3041 1874 convertat
3074 1833 3140 1873 ea
3168 1834 3232 1874 ex
3264 1819 3467 1890 quibus
3518 1874 3538 1889 ,

1879 1908 2249 1977 compositum
2298 1918 2400 1964 est.
2460 1908 2533 1965 Ut
2580 1926 2705 1965 cum
2757 1926 2824 1967 ex
2882 1919 3121 1981 quatuor
3173 1911 3466 1966 elementis

1879 2012 2086 2068 corpus
2120 1998 2377 2067 eﬂicitur,
2416 1999 2565 2053 aliud
2597 2016 2663 2054 ex
2705 2000 2831 2056 aliis
2856 2001 2954 2055 lit:
2996 2014 3061 2055 ac
3092 2015 3271 2070 neque
3319 2000 3464 2070 ignis

1880 2090 2180 2159 perfectus,
2235 2107 2415 2162 neque
2464 2092 2635 2147 ullum
2671 2093 2820 2147 aliud
2858 2093 3191 2148 elementum
3240 2100 3324 2148 est
3369 2102 3465 2147 aut

1879 2184 2103 2238 dicitur.
2156 2183 2221 2237 Et
2252 2185 2398 2240 sicut
2426 2198 2491 2238 ex
2534 2199 2677 2253 equo
2709 2191 2762 2239 et
2805 2184 2958 2239 asina
2987 2185 3171 2240 mulus
3198 2183 3462 2255 gignitur.

1880 2274 2067 2345 Neque
2102 2275 2249 2330 enim
2281 2276 2485 2341 mulus,
2516 2291 2695 2345 equus
2720 2284 2816 2329 aut
2850 2276 3042 2331 asinus
3080 2287 3165 2332 est
3206 2277 3291 2332 vel
3323 2276 3461 2331 dici-

1880 2375 2003 2435 tur;
2040 2367 2134 2422 sed
2175 2368 2323 2423 aliud
2344 2378 2420 2424 ‘ex
2460 2368 2606 2433 aliis,
2632 2377 2891 2423 neutrum
2929 2369 3180 2423 retinens
3205 2367 3463 2423 inconiu-

1880 2475 2002 2515 sum
2032 2464 2087 2515 et
2120 2459 2466 2526 invariabile,
2489 2474 2681 2514 eorum
2705 2475 2773 2514 ex
2807 2459 3014 2528 quibus
3051 2465 3348 2514 concretus
3377 2464 3463 2513 cst

1881 2563 1935 2607 et
1968 2551 2199 2607 coaluit.

256 2664 464 2720 Iterum
494 2663 846 2735 philosophice
873 2663 1229 2728 deﬁnitiones,
1261 2679 1378 2731 qum
1396 2663 1467 2716 ad
1499 2663 2032 2735 brevioremlogicam
2060 2663 2381 2735 pertineant.
2408 2663 2654 2733 subjicio,
2688 2672 2744 2716 ut
2770 2662 2973 2733 jaceat,
3011 2671 3122 2715 tam
3158 2661 3212 2715 in
3233 2660 3389 2715 editis
3494 2712 3497 2717 .

682 2751 842 2805 quam
873 2735 929 2788 in
964 2750 1092 2789 mss.
1126 2743 1479 2804 prwlerquam
1507 2737 1560 2788 iu
1585 2734 1707 2805 Περ.
1750 2734 1912 2799 2927,
1947 2735 2000 2788 in
2039 2751 2140 2805 quo
2165 2734 2332 2803 logica
2364 2735 2538 2803 fusior
2564 2735 2834 2802 descripta
2863 2742 2965 2787 est.

753 2879 1009 2933 ΚΕΦΔΔ.
1044 2878 1165 2934 ΞΖ’.

512 2970 777 3041 Ὁρισμοὶ
809 2969 917 3040 τῆς
957 2970 1328 3040 φιλοσοφίας
1361 2970 1451 3034 ἐξ.

254 3064 551 3134 Φιλοσοφία
594 3063 714 3118 ἐστὶ
743 3063 947 3133 γνῶσις
988 3062 1099 3116 τῶν
1136 3063 1309 3117 ὅντων
1427 3063 1557 3117 ὅντα
1596 3062 1774 3131 ἐστὶν,
1802 3098 1845 3157 c

80 3200 81 3205 η
187 3159 361 3227 ἧγουν
399 3158 501 3227 τῆς
538 3156 756 3225 φύσεως
804 3154 1008 3210 αὐτῶν.
1055 3154 1351 3223 Φιλοσοφία
1402 3155 1519 3208 ἐστὶ
1570 3153 1772 3223 γνῶσις

1885 3153 2007 3211 dum
2038 3154 2183 3225 quod
2204 3162 2353 3217 sunt,
2381 3153 2433 3208 id
2466 3162 2551 3208 est
2571 3160 2785 3207 natura:
2816 3150 3087 3221 ipsorum.
3108 3148 3464 3217 Philosophia

2471 2878 2622 2934 CAP.
2664 2874 2871 2932 LXVII.

2232 2970 2338 3026 Sex
2375 2969 2722 3039 philosophia:
2755 2966 3108 3038 deﬁnitiones.

1950 3062 2303 3132 Philosophia
2336 3072 2420 3117 est
2452 3061 2695 3131 cognitio
2720 3075 2910 3115 eorum
2942 3074 3064 3129 qua:
3105 3065 3234 3113 sunt
3266 3072 3464 3113 secun-

189 3248 356 3301 θείων
393 3264 457 3299 τε
504 3248 602 3300 καὶ
649 3246 1012 3318 ἀνθρωπίνων
1055 3246 1422 3317 πραγμάτων.
1481 3245 1775 3315 Φιλοσοφία

1885 3256 1959 3303 est
2013 3262 2197 3303 rerum
2274 3246 2590 3302 divinarum
2653 3244 3135 3312 humanarumque
3197 3240 3463 3311 cognitio.

187 3339 307 3393 ἐστὶ
349 3339 550 3410 μελέτη
581 3337 839 3402 θανάτου,
862 3338 957 3392 τοῦ
976 3355 1037 3391 τε
1068 3338 1459 3411 προαιρετικοῦ
1485 3340 1582 3393 καὶ
1617 3355 1776 3409 φυσι-

187 3430 309 3487 κοῦ.
346 3430 641 3500 Φιλοσοφία
669 3431 820 3485 ἐστὶν
845 3431 1106 3502 ὁμοίωσις
1136 3431 1258 3503 Θεῷ
1292 3431 1436 3485 κατὰ
1459 3432 1520 3485 τὸ
1548 3430 1775 3485 δυνατὸν

188 3520 469 3593 ἀνθρώπῳ
490 3538 504 3552 ⁸
535 3520 881 3593 ὁμοιούμεθα
905 3523 965 3576 δὲ
1011 3522 1130 3592 Θεῷ
1158 3523 1302 3577 κατὰ
1327 3523 1388 3575 τὸ
1413 3522 1642 3588 δίκαιον,
1678 3520 1776 3575 και)⁸

186 3616 360 3677 ὅσιον,
401 3614 497 3668 καὶ
526 3614 734 3683 ἀγαθόν
763 3632 779 3647 υ
825 3615 1037 3670 δίκαιον
1077 3615 1177 3686 μὲν
1229 3611 1323 3670 οὖν
1364 3618 1481 3671 ἑστι
1503 3660 1517 3680 ,
1567 3617 1631 3669 τὸ
1678 3616 1775 3670 τοῦ

188 3705 307 3759 [σου
344 3705 733 3776 διανεμητικόν
756 3723 772 3738 ·
794 3707 918 3777 ,ἦτοι
948 3708 1090 3779 μήτε
1119 3709 1350 3774 ἀδικεῖν,
1391 3710 1532 3777 μήτε
1559 3708 1768 3761 ἀδικεῖ-

189 3801 362 3864 σθαι,
402 3800 541 3868 μήτε
590 3798 892 3870 λαμϐάνειν
938 3801 1235 3873 πρόσωπον
1283 3802 1342 3853 ἑν
1372 3799 1590 3870 κρίσει,
1639 3800 1776 3852 ἀλλὰ

188 3890 511 3946 ἀποδιδόναι
542 3890 759 3960 ἑκάστῳ
803 3890 947 3945 κα.τά
976 3891 1046 3945 τά
1090 3891 1231 3962 ἔργα
1274 3891 1465 3946 αὐτοῦ.
1500 3893 1687 3945 Ὅσιον
1718 3891 1776 3944 δέ

186 3982 331 4047 ἐστι,
363 3980 428 4034 τὸ
462 3981 603 4052 ὑπὲρ
621 3981 682 4034 τὸ
700 3981 929 4045 δίκαιον,
974 3983 1096 4053 ἦτοι
1137 3983 1198 4036 τὸ
1218 3982 1442 4051 ἀγαθὸν,
1471 3982 1532 4035 τὸ
1558 3982 1775 4036 ἀδικού-

193 4090 355 4142 μενον
398 4071 701 4142 ἀνὲχεσοαι
736 4073 833 4126 καὶ
876 4076 1181 4147 συγχωρεῖν
1211 4078 1325 4139 τοῖς
1359 4074 1630 4138 ἀδικοῦσι,
1682 4074 1777 4128 καὶ

194 4163 401 4231 μᾶλλον
454 4164 769 4233 εὐεργετεῖν
820 4162 1039 4226 αὐτούς.
1106 4164 1403 4234 Φιλοσοφία
1441 4165 1560 4218 ἐστὶ
1608 4165 1774 4235 τέχνη

190 4256 417 4327 τεχνῶν,
457 4255 553 4309 καὶ
582 4256 868 4326 ἐπιστήμη
893 4256 1215 4327 ἐπιστημῶν
1245 4273 1257 4288 ·
1291 4258 1325 4328 ἡ
1351 4256 1461 4329 γάρ
1487 4258 1778 4328 φιλοσοφία

193 4350 333 4420 ἀρχή
367 4350 489 4403 ἑστι
522 4348 706 4416 πάσης
735 4349 950 4418 τέχνης.
985 4347 1066 4401 Δι’
1094 4349 1264 4419 αὐτῆς
1291 4349 1403 4420 γάρ
1432 4350 1583 4404 πᾶσα
1609 4349 1775 4422 τέχνη

1877 3340 2228 3410 Philosophia
2253 3347 2336 3395 est
2365 3353 2501 3393 cura
2530 3346 2586 3393 et
2617 3336 2905 3392 meditatio
2932 3335 3152 3399 mortis,
3196 3343 3311 3387 tum
3342 3333 3466 3402 ejus

1878 3448 1998 3503 qua:
2026 3433 2128 3487 sub
2164 3430 2488 3486 electionem
2515 3429 2683 3493 cadit,
2712 3442 2877 3496 quam
2910 3440 3033 3496 quas
3052 3425 3322 3479 naturalis
3354 3430 3460 3479 est.

1877 3522 2232 3593 Philos0phia
2288 3530 2371 3576 est
2420 3518 2754 3574 assimilatio
2798 3531 2921 3572 cum
2961 3516 3104 3578 Deo,
3155 3513 3463 3569 secundum

1877 3614 2021 3683 quod
2053 3611 2261 3668 homini
2296 3610 2560 3681 possibile
2591 3617 2695 3664 est.
2731 3607 2842 3662 Deo
2871 3613 3055 3660 autem
3091 3605 3305 3660 similes
3329 3618 3464 3658 eva-

1881 3707 2066 3760 dimus
2106 3703 2319 3757 ratione
2370 3700 2606 3771 justitia:
2635 3738 2649 3762 ,
2709 3696 3022 3752 sanctitatis
3073 3702 3127 3750 et
3176 3694 3461 3751 bonitatis.

1877 3796 2101 3853 iustitia
2132 3792 2354 3865 quidem
2388 3793 2443 3846 in
2476 3790 2735 3860 aequabili
2761 3788 3158 3845 distributione
3187 3795 3464 3853 versatur;

1889 3890 1995 3942 hoc
2017 3896 2124 3952 est,
2157 3893 2217 3939 ut
2255 3899 2358 3938 nec
2383 3883 2645 3954 injuriam
2673 3881 2874 3936 inferat
2898 3880 3197 3952 quispiam,
3231 3893 3332 3933 nec
3363 3893 3467 3933 cu-

1878 3981 2139 4051 jusquam
2170 3990 2459 4049 personam
2490 3976 2545 4029 in
2570 3973 2780 4045 judicio
2811 3972 3095 4044 suscipiat,
3129 3971 3224 4028 sed
3253 3971 3468 4027 unicui-

1879 4086 1988 4141 que
2020 4078 2185 4140 prout
2218 4067 2394 4136 gessit
2439 4067 2731 4136 rependat.
2775 4063 3052 4120 Sanctitas
3096 4073 3301 4126 autem,
3346 4078 3469 4136 quae

1879 4178 2006 4217 cum
2036 4161 2284 4215 bonitate
2313 4158 2529 4223 incidit,
2570 4173 2738 4229 super
2781 4156 3052 4227 justitiam
3082 4157 3365 4224 assurgit,
3411 4163 3464 4211 et

1880 4256 1935 4310 in
1956 4270 2023 4311 eo
2045 4255 2148 4311 sita
2181 4258 2287 4319 est,
2313 4260 2375 4305 ut
2401 4250 2658 4321 quisquis
2690 4250 2857 4305 laesus
2881 4255 2989 4316 est,
3011 4247 3280 4318 patienter
3305 4246 3468 4313 ferat,

1880 4354 2047 4418 atque
2068 4346 2159 4410 iis,
2193 4358 2223 4397 a
2256 4343 2461 4414 quibus
2492 4343 2657 4397 laesus
2686 4349 2793 4403 est,
2814 4340 3102 4411 ignoscat;
3136 4338 3247 4393 imo
3269 4344 3323 4392 et
3345 4337 3470 4393 illos

194 4439 445 4511 εὓρηται.
490 4440 785 4510 Φιλοσοφία
824 4439 944 4494 ἑστὶ
991 4440 1145 4508 φιλία
1205 4441 1437 4511 σοφίας·
1496 4442 1662 4511 σοφία
1718 4442 1775 4495 δὲ

1885 4440 2041 4496 bonis
2067 4437 2295 4493 al‘iiciat.
2318 4434 2680 4505 Philosophia
2698 4440 2782 4489 est
2809 4447 2901 4488 ars
2924 4431 3148 4498 artium,
3168 4429 3468 4486 etscientia

191 4532 401 4601 ἀληθὴς
440 4532 467 4584 ὁ
494 4531 627 4595 Θεός
648 4532 816 4585 ἐστιν.
854 4531 917 4585 Ἦ
947 4526 1041 4585 οὖν
1072 4531 1264 4603 ἀγάπη
1289 4534 1323 4603 ὴ
1347 4527 1487 4605 πρὸς
1507 4533 1599 4589 τὸν
1618 4533 1774 4600 Θεὸν,

192 4624 330 4692 αὕτη
363 4624 518 4677 ἐστὶν
557 4626 590 4696 ἡ
621 4624 829 4696 ἀληθὴς
860 4624 1173 4695 φιλοσοφία.

1884 4531 2269 4589 scientiarum.
2304 4525 2499 4583 Omnis
2536 4525 2683 4581 enim
2707 4526 2845 4581 artis
2870 4524 3204 4596 principium
3234 4530 3321 4579 est
3346 4522 3463 4593 phi-

1884 4621 2139 4693 losophia
2169 4638 2185 4686 ;
2218 4619 2423 4689 quippe
2459 4632 2585 4672 cum
2615 4631 2714 4686 per
2742 4631 2862 4671 eam
2898 4631 2989 4671 ars
3034 4615 3217 4671 omnis
3247 4614 3470 4669 inventa

193 4716 283 4769 sit.
316 4714 679 4786 Philosophia
716 4722 801 4771 est
835 4731 993 4771 amor
1026 4717 1328 4787 sapientiae.
1361 4714 1644 4787 Sapientia
1667 4725 1848 4773 autem
1890 4728 2021 4771 vera
2063 4711 2207 4767 Deus
2238 4718 2345 4766 est.
2378 4707 2655 4776 Quocirca
2683 4706 2929 4764 charitas
2958 4721 3087 4779 erga
3129 4706 3324 4774 Deum,
3353 4709 3486 4780 ipsa.

192 4820 320 4858 rcra
361 4804 715 4876 philosophia
741 4812 846 4861 est.

263 4896 575 4965 Διαιρεῖται
630 4895 687 4948 δὲ
744 4896 777 4966 ἡ
838 4894 1131 4964 φιλοσοφία
1175 4896 1256 4959 εἰς
1308 4894 1645 4967 Θεωρητικὺν
1685 4893 1782 4949 καὶ

194 4988 535 5056 πρακτικόν*
582 4987 643 5040 τὸ
693 4986 1049 5058 θεωρητικὸν,
1091 4988 1173 5050 είς
1223 4987 1559 5055 θεολογικὸν⁹
1604 4985 1781 5057 μαθη-

201 5079 459 5148 ματτκὸν,
501 5079 888 5149 φυσιολογικόν
916 5094 930 5109 ο
975 5078 1036 5132 τὸ
1067 5078 1488 5150 μαθηματικὸν,
1523 5079 1605 5141 εἰς
1653 5078 1778 5146 ἀρι·

1960 4888 2236 4945 Dividitur
2270 4901 2435 4959 porro
2465 4886 2815 4958 philosophia
2863 4890 2916 4943 in
2962 4887 3471 4959 contemplatricem

1886 4989 1939 5037 et
1974 4979 2229 5034 activam.
2266 4976 2726 5046 Contemplatrix,
2766 4978 2823 5033 in
2864 4978 3220 5049 theologiam,
3263 4979 3475 5033 mathe—
3517 5014 3523 5021 -

1891 5072 2174 5139 maticam,
2202 5077 2258 5126 et
2288 5069 2693 5141 physiologiam
2723 5088 2737 5126 :
2772 5071 3186 5140 mathematica,
3211 5070 3266 5126 in
3299 5073 3473 5126 arith-

1716 5255 1950 5312 NOTE.

270 5373 388 5444 (ιε)
435 5377 512 5429 Ἦ
533 5373 599 5429 ἐκ
628 5376 738 5431 δύο
768 5374 1188 5431 ὑποστάσεων.
1224 5373 1345 5430 Sive
1369 5372 1783 5444 duarumrhypo-

200 5443 450 5499 stasium.
504 5444 628 5499 llzec
674 5446 741 5500 ad
787 5447 1146 5502 Nestorianos
1197 5445 1471 5514 sequioris
1520 5443 1617 5497 ιιινὶ
1654 5459 1780 5512 spe-

200 5523 375 5575 ctant,
406 5516 498 5584 qui
540 5517 745 5572 omissa
788 5518 995 5571 unione
1039 5515 1344 5570 secundum
1397 5514 1774 5579 alfcctionetn,

1881 5382 2141 5430 constare
2188 5374 2488 5435 ﬁnxerunt,
2531 5374 2677 5443 quod
2732 5373 3094 5429 substantiam
3149 5379 3474 5429 naturamre

1880 5446 2183 5514 perfectam
2219 5445 2288 5498 ab
2341 5444 2650 5515 hypostasi,
2703 5458 2798 5499 seu
2852 5458 3091 5515 persona
3136 5443 3473 5515 subsistente

1878 5512 1973 5584 per
2006 5531 2086 5579 sc,
2139 5531 2253 5568 non
2288 5512 2432 5570 satis
2468 5514 2896 5583 distinguerent.
2949 5512 2989 5566 E
3014 5523 3205 5567 contra
3248 5512 3356 5568 fide
3383 5531 3467 5566 ra-

199 5591 490 5648 Imuurem,
531 5586 930 5650 habitudinem,
976 5602 1139 5652 quam
1190 5586 1485 5639 Nestorius
1538 5584 1773 5652 primum
1876 5587 2084 5640 tholica
2133 5594 2352 5639 certum
2379 5596 2501 5651 est,
2556 5585 2795 5639 Verbum
2862 5585 3162 5638 humanam
3212 5592 3469 5640 natuiam

201 5664 488 5723 posuerat,
525 5673 587 5710 ex
617 5658 834 5711 duabus
874 5659 1087 5711 naturis
1121 5656 1383 5725 perfectis
1410 5664 1466 5708 et
1509 5655 1770 5725 hyposta-

202 5727 378 5795 sibus,
413 5726 751 5797 hypostasim
782 5726 990 5785 Christi
1023 5724 1213 5791 unam,
1249 5724 1763 5793 Christum'unum,

1873 5656 2268 5726 assumpsisse,
2314 5670 2426 5711 non
2457 5669 2754 5728 personam
2788 5665 2885 5711 aut
2921 5652 3286 5727 hypostasim.
