3962 6320
403 279 506 346 ϋἹί

1571 280 1636 342 S.
1667 274 1993 342 JOANNIS
2029 273 2467 337 DAMASCENI

3581 287 3692 351 ϐτῖ

398 402 680 467 meticam,
717 401 1008 468 musicam,
1046 399 1404 471 geometriam
1463 404 1516 452 et
1563 395 2013 454 astronomiam.

2133 394 2365 464 μητικὸν
2389 433 2405 461 ,
2440 395 2704 466 μουσικὸν
2729 434 2743 460 ,
2790 397 3166 468 γεωμετρικὸν
3194 441 3207 465 ,
3247 399 3648 474 ἀστρονομικόν
3669 422 3685 438 ο

399 491 591 548 Activa
627 507 870 559 rursum,
908 493 962 546 in
992 493 1270 556 ethicam,
1309 489 1710 547 meonomicam
1743 498 1799 543 et
1845 486 1991 558 poli-

402 587 593 642 ticam.
625 585 706 640 Ad
729 587 1241 656 contemplatricem
1279 585 1388 656 72
1424 584 1610 653 itaque
1635 596 1823 640 rerum
1867 593 1994 636 eor-

403 699 538 754 pore
572 691 626 738 et
670 684 902 737 materia
939 683 1254 738 vacantium
1312 681 1551 751 pertinet
1586 675 1991 739 consideratio,

405 775 502 830 Dei
541 775 819 838 videlicet,
853 775 946 844 qui
988 790 1102 845 pra:
1135 773 1349 829 caeteris
1382 780 1438 830 et
1469 771 1690 842 proprie
1739 769 1998 838 incorpo-

407 882 536 923 reus
578 875 632 922 et
691 867 1077 921 immaterialis
1131 873 1239 928 est,
1275 865 1476 920 deinde
1535 863 1888 934 angelorum‘,
1933 873 1998 914 ac

407 957 744 1021 daunonum,
775 964 831 1010 et
862 957 1172 1010 animarum
1209 973 1223 1009 :
1257 955 1380 1026 qua:
1424 953 1591 1008 etiam
1629 955 1769 1021 ipsa,
1803 949 1849 1005 si
1882 963 1998 1004 cor-

409 1047 561 1118 poris
617 1047 884 1102 habeatur
911 1047 1075 1110 ratio,
1109 1061 1139 1098 a
1192 1045 1420 1098 materia
1453 1051 1660 1097 remota
1715 1039 1998 1101 dicuntur,

410 1141 633 1196 tametsi
667 1139 896 1209 alioqui,
941 1141 988 1194 si
1018 1154 1145 1193 cum
1199 1153 1264 1193 eo
1315 1134 1462 1205 quod
1508 1133 1734 1204 proprie
1767 1129 2001 1185 materia

411 1240 584 1292 caret,
615 1229 722 1284 hoc
751 1237 978 1282 esteum
1013 1226 1146 1290 Deo,
1179 1223 1560 1288 conterantur,
1603 1219 1832 1275 materia
1865 1233 1993 1272 con~

415 1328 564 1376 stare
595 1326 955 1374 censeantur.
991 1319 1169 1388 Atque
1201 1317 1269 1372 de
1317 1316 1404 1370 his
1455 1314 1572 1385 agit
1598 1312 1901 1382 theoi0gia.
1937 1309 2006 1363 At

413 1427 549 1468 vero
595 1412 838 1466 materiae
877 1411 1259 1480 copulatarum
1309 1423 1494 1464 rerum
1525 1413 1774 1460 naturam
1810 1419 2005 1476 specu-

416 1506 546 1569 Iari,
583 1522 633 1562 ν.
661 1521 748 1576 gr.
775 1512 1029 1558 naturam
1066 1503 1457 1566 animantium,
1502 1501 1837 1571 plantarum,
1871 1497 2007 1566 lapi-

418 1598 572 1660 dum,
599 1605 654 1652 et
678 1597 912 1650 aliorum
946 1597 998 1650 id
1029 1610 1226 1667 genus,
1246 1593 1314 1650 ad
1336 1593 1740 1665 physiologiam
1773 1597 2004 1662 spectat.

421 1687 496 1742 Ea
521 1698 702 1744 autem
722 1689 1083 1758 contemplari
1106 1703 1229 1758 qua:
1257 1687 1500 1742 medium
1526 1685 1778 1741 obtinent
1801 1684 2006 1747 locum,

2093 485 2157 541 τὸ
2183 486 2240 542 δὲ
2264 487 2594 559 πρακτικὸν,
2623 487 2704 552 είς
2734 489 2948 560 ἠθικὸν,
2967 491 3335 564 οἰκονομικὸν,
3372 495 3650 553 πολιτικόν
3671 514 3686 528 °

2096 577 2438 650 θεωρητικὸν
2469 579 2568 650 μὲν
2607 574 2702 633 οὖν
2743 581 2881 647 ἐστι,
2920 582 2982 635 τὸ
3012 587 3301 640 κατανοεῖν
3343 587 3413 642 τά
3454 605 3514 642 τε
3544 587 3695 644 ἀσώ-

2101 663 2247 736 ματα
2289 667 2385 720 καὶ
2430 667 2591 733 ᾶῡλα,
2630 668 2802 739 ἤγουν
2841 669 2970 742 περὶ
3015 672 3186 741 Θεοῦ,
3237 675 3267 729 δ
3316 677 3549 748 πρώτως
3595 681 3694 735 καὶ

2097 759 2305 830 κυρίως
2337 760 2489 814 ἐστὶν
2521 760 2822 831 ἀσώματον
2850 764 2946 818 καὶ
2976 763 3144 822 eam
3170 784 3182 797 ·
3209 767 3404 824 ἔπειτα
3431 773 3528 827 καὶ
3559 775 3696 846 περὶ

2097 851 2370 920 ἀγγέλων,
2408 854 2503 908 καὶ
2547 854 2844 926 δαιμόνων,
2890 859 2984 913 καὶ
3027 860 3218 934 ψυχῶν
3241 879 3253 893 ·
3297 862 3334 919 ἃ
3383 867 3478 922 καὶ
3525 869 3704 932 αὐτὰ,

2098 945 2222 999 ὅσον
2251 945 2390 1016 πρὸς
2421 946 2482 1000 τὸ
2511 947 2690 1018 σῶμα,
2733 950 2873 1004 ἄῦλα
2919 951 3172 1021 λέγονται
3200 973 3214 988 υ
3265 957 3315 1011 εί
3356 957 3414 1012 δὲ
3455 953 3592 1032 πρὸς
3629 963 3708 1016 τὸ

2100 1037 2311 1109 κυρίως
2348 1039 2512 1096 ᾶῦλον
2539 1079 2554 1106 ,
2600 1041 2772 1113 ἤγουν
2802 1041 2865 1096 τὸ
2905 1042 3046 1099 θεῖον
3073 1085 3090 1112 ,
3139 1046 3302 1107 ὑλικά
3338 1049 3466 1109 εισι.
3517 1051 3696 1106 Τοῦτο

2099 1129 2285 1185 τοίνυν
2321 1131 2440 1185 ἐστὶ
2466 1132 2528 1186 τὸ
2556 1131 2893 1204 θεολογικόν.
2936 1137 3178 1210 Θεωρείν
3219 1141 3277 1195 δὲ
3316 1143 3413 1197 καὶ
3438 1143 3538 1214 τὴν
3579 1144 3698 1198 τῶν

2104 1222 2308 1278 ὑλικῶν
2332 1223 2517 1292 φύσιν,
2560 1226 2728 1297 ἤγουν
2779 1227 2955 1295 ζώων,
2987 1230 3086 1284 καὶ
3118 1232 3325 1302 φυτῶν,
3365 1235 3463 1288 καὶ
3501 1234 3696 1305 λίθων,

2104 1317 2199 1369 καὶ
2227 1315 2338 1370 τῶν
2384 1316 2666 1386 τοιούτων,
2701 1320 2838 1394 ὅπερ
2870 1323 2989 1378 ἐστὶ
3016 1321 3080 1377 τὸ
3109 1327 3514 1396 φυσιολογικόν.
3544 1330 3696 1384 Θεω-

2108 1408 2222 1478 ριῖν
2261 1407 2317 1462 δὲ
2348 1409 2444 1461 καὶ
2477 1408 2546 1463 τὰ
2577 1410 2718 1481 μέσα
2754 1411 2986 1480 τούτων,
3017 1414 3178 1470 ἅτινα
3214 1418 3346 1471 ποτὲ
3377 1419 3476 1490 μὲν
3501 1420 3560 1473 ὲν
3593 1419 3700 1492 ὕλῃ

2108 1499 2464 1570 θεωροῦνται,
2511 1502 2642 1555 ποτὲ
2677 1501 2737 1556 δὲ
2778 1504 2937 1569 ἐκτὸς
2961 1507 3062 1577 τῆς
3109 1506 3262 1580 ὕλης,
3293 1510 3388 1562 καὶ
3417 1509 3560 1581 μέσα
3587 1513 3702 1566 εἰσὶ

2107 1587 2216 1689 τῶν
2255 1589 2436 1644 ἁῦλων
2470 1590 2564 1645 καὶ
2593 1591 2798 1647 ὑλικῶν
2822 1609 2837 1625 ο
2881 1595 3020 1667 ὅπερ
3047 1597 3163 1651 ἐστὶ
3195 1597 3256 1652 τὸ
3282 1599 3696 1689 μαθηματριὸν.

2122 1677 2183 1734 ὐ
2223 1681 2335 1754 γὰρ
2363 1682 2597 1757 ἀριθμὸς
2630 1683 2792 1750 ἄῡλός
2830 1687 2949 1741 ὲστι
2981 1688 3104 1743 καθ’
3135 1690 3332 1746 ἑαυτόν
3355 1709 3367 1722 ·
3409 1677 3704 1766 θεωρεῖται

423 1795 546 1852 (ιιιιιο
578 1782 837 1836 nimirum
890 1795 1292 1852 nonnunquam
1343 1781 1398 1835 in
1447 1779 1700 1844 materia,
1740 1791 2000 1832 nonnun-

2128 1771 2170 1826 se
2204 1752 2315 1831 3‘11-
2343 1752 2414 1828 ἐνί
2435 1752 2579 1846 illi},
2633 1776 2768 1848 σίτῳ
2803 1777 3003 1850 τυχὸν,
3051 1781 3085 1853 ἢ
3131 1784 3294 1856 οζνῳο
3328 1752 3559 1858 λέγομεν
3587 1789 3714 1860 γὰρ

423 1890 589 1945 quam
616 1879 770 1930 extra
794 1875 1078 1930 materiam
1113 1873 1572 1938 considerantur;
1602 1869 2010 1926 mathematica:

424 1967 710 2038 proprium
750 1977 854 2022 est.
884 1966 1164 2024 Numerus
1208 1967 1355 2022 enim
1387 1981 1488 2038 per
1527 1979 1585 2021 se
1618 1963 1838 2035 quidem
1897 1977 2008 2015 ma-

426 2061 566 2114 teria
624 2069 812 2121 vacat;
861 2043 1106 2115 attamen
1163 2059 1216 2115 in
1281 2059 1516 2114 materia
1558 2054 2010 2128 deprehenditur,

426 2161 560 2222 puta
599 2152 654 2207 in
703 2152 1006 2221 frumento,
1042 2160 1138 2207 aut
1194 2151 1349 2207 vino.
1412 2149 1662 2205 Dicimus
1713 2147 2010 2218 siquidem,

428 2243 618 2298 decem
647 2245 817 2299 modii
848 2245 1041 2308 tritici,
1074 2253 1130 2298 et
1161 2243 1352 2298 decem
1399 2240 1627 2297 sextarii
1663 2239 1800 2294 vini.
1851 2238 2010 2304 Quod

426 2336 592 2390 etiam
651 2336 708 2390 in
759 2338 975 2391 caeteris
1017 2335 1420 2390 mathematica:
1481 2331 1770 2401 speciebus
1817 2328 2012 2386 eodem

2110 1869 2245 1924 δέκα
2277 1869 2449 1940 μόδιοι
2482 1871 2631 1924 σίτου
2652 1913 2667 1937 ,
2723 1873 2818 1928 καὶ
2869 1873 3001 1929 δέκα
3038 1874 3223 1940 ξέσται
3253 1879 3422 1933 οἴνου.
3463 1881 3706 1951 Ὁμοίως

2114 1961 2209 2014 καὶ
2237 1959 2328 2014 ἐπὶ
2359 1960 2469 2014 τῶν
2497 1960 2706 2017 λοιπῶν
2753 1963 2913 2019 εἰδῶν
2948 1965 3045 2020 τοῦ
3085 1966 3499 2041 μαθηματικοῦ.
3539 1973 3615 2027 Τὸ
3643 1973 3705 2028 δὲ

2115 2052 2422 2122 πρακτικὸν
2468 2049 2600 2126 ἦθος
2658 2059 2880 2126 κοσμεῖ,
2911 2057 3008 2110 καὶ
3035 2058 3098 2113 τὸ
3142 2061 3261 2126 πῶς
3299 2061 3381 2117 δεῖ
3415 2064 3705 2118 πολιτεύε-

2117 2143 2244 2198 σθαι
2287 2143 2533 2200 διδάσκει
2559 2165 2574 2180 ο
2609 2148 2705 2202 καὶ
2737 2149 2785 2202 εί
2827 2148 2927 2222 μὲν
2954 2151 3051 2206 ἕνα
3090 2151 3384 2226 ἄνθρωπον
3426 2156 3706 2221 παιδεύει,

2113 2237 2334 2306 λέγεται
2353 2238 2562 2308 ἡθικόψ
2590 2243 2638 2294 εἰ
2666 2241 2718 2294 δὲ
2750 2238 2897 2296 οἷκον
2917 2243 3060 2312 ὅλον,
3086 2245 3304 2314 λέγεται
3331 2249 3702 2322 οἰκονομικόν⁹

2121 2331 2171 2382 εἱ
2203 2329 2260 2382 δὲ
2289 2331 2448 2383 πόλιν
2477 2331 2798 2404 ὁλόκληρον,
2829 2335 3050 2406 λέγεται
3083 2338 3380 2396 πολιτικόν.

430 2431 593 2486 modo
645 2433 826 2486 locum
884 2434 1069 2486 habet.
1122 2433 1312 2486 Activa
1368 2445 1548 2485 mores
1601 2428 1756 2494 colit,
1803 2435 1858 2482 et
1888 2441 1998 2496 quo
2036 2433 2200 2495 pacto
2233 2425 2362 2481 vita:
2397 2427 2536 2482 ratio
2565 2428 2908 2485 instituenda
2939 2432 3032 2498 sit,
3068 2433 3284 2490 edocet.
3345 2435 3424 2491 Ac
3468 2435 3514 2492 si
3579 2436 3712 2506 qui-

427 2527 554 2584 dem
590 2544 760 2582 unum
806 2528 1076 2584 duntaxat
1143 2528 1419 2584 hominem
1465 2526 1720 2592 erudiat,
1772 2523 2020 2585 moralis,
2057 2537 2154 2578 seu
2183 2522 2364 2580 ethica
2390 2524 2632 2594 dicitur;
2681 2525 2730 2582 si
2783 2527 3096 2604 universam
3167 2528 3410 2598 domum,
3473 2544 3712 2588 ωοοηο..

431 2621 608 2691 mica;
637 2622 684 2679 si
719 2623 988 2694 integram
1029 2623 1331 2686 civitatem,
1371 2622 1597 2690 politica
1641 2627 2014 2691 nuncupatur.

996 2716 1155 2771 CAP.
1201 2715 1434 2772 LXVIII.

725 2807 802 2863 De
844 2807 1106 2862 methodis
1145 2819 1376 2878 quatuor
1422 2809 1738 2864 dialecticis.
1819 2857 1824 2861 .

507 2898 807 2954 Sciendum
839 2907 924 2956 est
949 2909 1190 2970 quatuor
1211 2915 1336 2956 esse
1363 2901 1686 2956 dialecticas
1716 2901 2022 2967 methodos,

438 2991 493 3046 id
527 3001 612 3047 est
654 2991 902 3061 Iogicas;
939 2991 1253 3058 divisionis,
1296 3008 1420 3063 qua:
1465 2993 1726 3048 nimirum
1761 3009 1937 3065 genus
1968 2994 2023 3047 In

439 3085 656 3156 species
692 3098 788 3154 per
813 3081 1156 3139 differentias
1183 3083 1512 3154 interjectas
1552 3093 1606 3138 et
1643 3086 1855 3141 medias
1887 3085 2026 3140 divi-

2699 2719 2956 2774 ΚΕΦΑΛ.
2991 2717 3117 2774 EH’.

2219 2809 2360 2877 Περὶ
2392 2807 2512 2864 τῶν
2542 2811 2866 2880 τεσσάρων
2893 2812 3290 2869 διαλεκτικῶν
3311 2813 3604 2884 μεθόδων.

2205 2899 2399 2954 ’ἰστέον
2424 2942 2438 2967 ,
2481 2901 2560 2965 ὡς
2611 2902 2879 2974 τέσσαρές
2924 2907 3038 2960 εισι·
3085 2906 3427 2961 διαλεκτικαὶ
3467 2909 3709 2979 μέθοδοι,

2122 2992 2290 3064 ἤγουν
2322 2992 2542 3062 λογικαί
2568 3011 2584 3027 ·
2623 2994 2960 3069 διαιρετικὴ,
2984 2999 3106 3067 ἥτις
3130 2998 3332 3069 διαιρεί
3359 3000 3420 3054 τὸ
3443 3000 3600 3069 γένος
3629 3005 3714 3066 είς

2124 3083 2243 3152 εἴδη
2290 3083 2380 3137 διὰ
2419 3085 2604 3155 μέσων
2635 3086 2748 3140 τῶν
2791 3083 3068 3160 διαφορῶν
3090 3103 3105 3120 ο
3147 3089 3419 3161 ὁριστικὴ.
3449 3092 3574 3161 ἥτις
3601 3091 3716 3144 ἀπὸ

439 3175 554 3241 dit;
589 3176 956 3241 deﬁnitionis,
983 3192 1105 3247 qua:
1129 3193 1196 3232 ex
1216 3192 1415 3248 genere
1449 3189 1505 3233 et
1545 3177 1895 3244 diti'crentiis,
1930 3195 2022 3250 per

2129 3173 2223 3227 τοῦ
2250 3173 2445 3242 γένους
2481 3175 2578 3229 καὶ
2607 3176 2717 3232 τῶν
2744 3176 3041 3247 διαφορῶν,
3093 3171 3170 3232 ὧν
3211 3179 3408 3233 διεῖλεν
3439 3181 3472 3251 ἡ
3506 3180 3718 3252 διαιρεο

441 3269 680 3340 priorem
727 3268 877 3324 illam
908 3269 1123 3336 divisis,
1179 3271 1495 3342 subjectum
1528 3271 1762 3338 dctiuit;
1815 3273 2029 3328 resolu-

443 3362 633 3427 tionis,
673 3378 800 3433 quze
836 3365 1238 3434 compositiora
1271 3365 1329 3419 in
1373 3365 1718 3434 simpliciora
1766 3365 2026 3432 resolvit;

443 3456 552 3511 hoc
573 3464 680 3520 est,
722 3470 930 3526 corpus
963 3457 1019 3512 in
1038 3457 1342 3525 humores;
1381 3458 1644 3517 humores
1683 3459 1738 3514 in
1783 3457 2026 3524 fruetus;

444 3547 659 3610 fructus
696 3547 752 3603 in
781 3555 1022 3618 quatuor
1043 3551 1353 3616 elementa;
1394 3551 1664 3607 elementa
1702 3549 1942 3620 denique
1973 3549 2030 3604 in

443 3640 731 3694 materiam
779 3648 834 3694 et
885 3636 1117 3695 formam
1153 3658 1167 3696 :
1211 3639 1729 3706 demonstrationis,
1757 3656 1880 3712 quae
1935 3655 2034 3712 per

445 3732 684 3788 medium
749 3732 961 3803 aliquid
1018 3733 1214 3804 probat
1257 3734 1569 3804 subjectum
1620 3745 2028 3807 argumentum,

448 3841 504 3879 ν.
545 3841 630 3895 gr.
677 3825 1020 3896 propositum
1074 3827 1206 3882 mihi
1237 3835 1322 3883 est
1369 3827 1756 3883 demonstrare
1790 3827 2030 3883 animam

449 3932 577 3972 esse
602 3919 973 3975 immortalem
1009 3938 1023 3974 ι
1068 3936 1230 3976 sumo
1263 3921 1491 3992 aliquod
1517 3921 1780 3987 medium,
1813 3935 2032 3991 nempe,

451 4010 646 4082 agitari
691 4023 938 4083 perpetuo
977 4022 1162 4079 motu;
1193 4021 1359 4083 atque
1393 4013 1460 4068 ad
1512 4015 1659 4069 hunc
1689 4015 1910 4069 modum
1941 4028 2034 4068 ar-

451 4110 790 4184 gumentor;
826 4105 1026 4159 Anima
1054 4117 1304 4175 perpetuo
1355 4114 1504 4158 motu
1556 4107 1796 4176 agitatur
1835 4121 1854 4162 :
1893 4105 2035 4178 quod

449 4200 632 4247 autem
661 4194 898 4265 agitatur
931 4205 1180 4264 perpetuo
1204 4206 1374 4263 motu,
1401 4197 1706 4254 immortale
1739 4208 1818 4254 est
1855 4214 1875 4254 :
1913 4215 2035 4271 ergo

451 4290 636 4346 anima
661 4301 740 4346 est
772 4291 1116 4348 immortalis.

526 4380 743 4451 Triplex
775 4383 1049 4439 resolutio.
1085 4413 1154 4427 --
1179 4385 1480 4442 Sciendum
1513 4395 1598 4444 est
1637 4396 1823 4445 autem
1865 4389 2036 4461 syllo-

2129 3267 2278 3335 τικὴ,
2310 3266 2486 3336 ὁρίζει
2533 3267 2596 3321 τὸ
2623 3269 2986 3340 ὑποκείμενον
3008 3288 3022 3302 ο
3069 3270 3390 3342 ἅναλυτικὴ,
3431 3274 3464 3342 ἡ
3495 3271 3555 3326 τὸ
3585 3290 3717 3327 συν-

2131 3359 2392 3415 θετικώτε
2403 3378 2493 3432 ρον
2518 3361 2830 3416 ἀναλύουσα
2857 3364 2936 3426 εἰς
2957 3364 3026 3417 τὰ
3049 3363 3396 3435 ἁπλούστερα
3417 3381 3432 3396 ·
3463 3366 3717 3421 τουτέστι

2129 3452 2192 3505 τὸ
2227 3451 2388 3522 σῶμα
2420 3453 2501 3516 είς
2544 3454 2674 3516 τοὺς
2724 3452 2969 3524 χυμούςο
3010 3454 3138 3517 τοὺς
3189 3457 3397 3526 χυμοὺς
3451 3457 3534 3521 εἰς
3584 3459 3718 3524 τοὺς

2131 3542 2380 3613 καρπούς
2409 3559 2424 3572 ⁶
2462 3545 2588 3608 τοὺς
2642 3547 2892 3616 καρποὺς
2937 3547 3019 3611 είς
3059 3546 3126 3599 τὰ
3169 3547 3410 3619 τέσσαρα
3443 3549 3514 3604 τὰ
3563 3567 3711 3604 στοι-

2132 3637 2254 3706 χεῐα
2277 3651 2290 3665 ·
2338 3637 2411 3690 τὰ
2444 3639 2685 3707 στοιχεῖα
2715 3638 2798 3701 είς
2829 3637 2965 3718 ςλην
2998 3639 3093 3692 καὶ
3125 3635 3268 3704 εἶδος
3293 3657 3310 3672 ο
3359 3641 3720 3713 ἀποδεικτικὴ

2133 3729 2166 3799 ἠ
2193 3728 2282 3782 διὰ
2307 3728 2476 3798 μέσου
2505 3729 2652 3792 τινὸς
2684 3730 3008 3784 δεικνύουσα
3037 3732 3098 3784 τὸ
3141 3733 3506 3804 προκείμενον
3531 3751 3545 3764 ο
3577 3729 3716 3802 οἷον,

2134 3819 2422 3890 πρόκειταί
2463 3839 2556 3892 μοι
2596 3822 2768 3886 δεῖξαι
2823 3823 2904 3880 δτι
2960 3824 2994 3895 ἡ
3039 3822 3184 3894 ψυχὴ
3236 3824 3506 3890 ἀθάνατός
3561 3827 3716 3880 ἐστι*

2132 3913 2397 3983 λαμϐάνω
2425 3932 2478 3968 τι
2505 3915 2692 3985 μέσον,
2725 3914 2788 3968 τὸ
2811 3915 3180 3984 ἀεικίνητον,
3204 3917 3301 3971 καὶ
3327 3917 3722 3989 συλλογίζομαι

2132 4004 2305 4070 οὕτως
2326 4024 2342 4039 ο
2378 4008 2453 4062 Ἦ
2471 4007 2644 4077 ψυχὴ
2668 4008 3010 4077 ἀεικίνητός
3039 4010 3172 4064 ἐστι
3197 4027 3213 4042 ο
3246 4011 3314 4066 τὸ
3340 4012 3723 4082 ἀεικίνητον,

2133 4099 2438 4158 ἀθάνατον
2463 4117 2478 4136 ο
2520 4103 2560 4172 ἡ
2593 4103 2767 4173 ψυχὴ
2803 4101 2919 4174 ἄρα
2952 4103 3275 4172 ἀθάνατος.

2219 4377 2418 4432 Ἰστέον
2451 4377 2510 4432 δὲ
2565 4378 2644 4443 ὡς
2692 4379 2742 4432 οι
2786 4377 3138 4450 συλλογισμοὶ
3183 4379 3286 4449 τῆς
3330 4377 3724 4453 ἀποδεικτικῆς

455 4472 692 4542 gismos,
744 4475 921 4544 partis
967 4475 1406 4535 demonstrantis
1448 4495 1597 4537 esse.
1656 4479 1845 4551 Neque
1901 4483 2022 4538 illuc

2138 4475 2267 4528 alat.
2315 4473 2406 4527 Δεῖ
2459 4473 2518 4528 δὲ
2549 4472 2843 4543 γινώσκειν
2876 4473 2959 4528 ὃτι
2997 4475 3031 4543 ἡ
3065 4473 3369 4547 ἀναλυτικὴ
3403 4472 3600 4546 τρισσή
3635 4477 3724 4541 τίς

456 4565 823 4634 ignei-sudum
851 4575 960 4633 est,
983 4570 1261 4640 triplicem
1290 4586 1415 4628 esse
1457 4549 1879 4630 resolutionem.
1913 4574 2022 4627 Alia

2141 4567 2292 4620 ἐστιν
2313 4581 2326 4595 ⁸
2379 4564 2496 4619 ἔστι
2545 4565 2655 4637 γὰρ
2686 4563 2930 4637 φυσικὴ,
2985 4565 3062 4628 ὡς
3091 4566 3125 4635 ἡ
3168 4563 3532 4636 προλεχθεϊσα
3558 4583 3572 4598 ·
3605 4566 3726 4621 ἔστι.

455 4659 604 4715 enim
643 4661 914 4718 naturalis
935 4670 1044 4725 est,
1077 4669 1137 4718 ut
1155 4679 1220 4720 ea
1255 4664 1325 4721 de
1345 4681 1452 4736 qua
1475 4667 1647 4722 locuti
1673 4683 1901 4735 sumus;
1935 4668 2039 4722 alia

456 4751 655 4822 logica,
680 4760 740 4808 ut
756 4769 881 4808 cum
915 4755 1298 4827 syllogismum
1330 4758 1385 4813 in
1419 4759 1650 4829 tiguram
1682 4774 1840 4816 suam
1867 4759 2042 4815 resol-

457 4843 675 4912 uimus;
701 4845 811 4902 alia
840 4849 1250 4915 mathematica,
1272 4863 1398 4905 cum
1433 4851 1488 4906 id
1518 4851 1589 4906 de
1615 4867 1725 4922 quo
1754 4853 2040 4924 quaeritur,

459 4944 722 5007 tanquam
752 4947 966 4995 certum
999 4955 1066 4996 ac
1091 4955 1423 4998 concessum
1455 4943 1752 5009 sumimus,
1783 4951 1949 5015 atque
1976 4941 2042 4998 ad

460 5030 694 5102 aliquid,
715 5031 784 5088 de
802 5047 912 5103 quo
937 5035 1086 5089 nulla
1119 5043 1204 5091 est
1227 5035 1508 5091 dubitatio
1536 5037 1630 5102 sit,
1663 5038 2042 5108 pervenimus,

461 5122 608 5178 unde
657 5122 710 5177 id
736 5122 888 5198 quod
936 5124 1284 5194 propositum
1333 5133 1455 5190 est,
1513 5125 1815 5196 colligitur,
1861 5141 1917 5180 ν.
1959 5141 2044 5196 gr.

459 5215 696 5302 quaestio
727 5215 844 5272 haec
873 5223 1235 5288 proponatur,
1272 5225 1450 5271 utrum
1495 5219 1679 5272 anima
1722 5217 2046 5271 immortalis

459 5311 572 5369 sit?
604 5311 898 5382 quaesitum
939 5310 1073 5367 illud
1131 5319 1390 5382 tanquam
1431 5318 1649 5368 certum
1688 5321 1744 5368 et
1770 5311 2051 5366 indubita-

463 5414 579 5459 tum
609 5420 792 5470 sumo,
819 5420 884 5460 ac
913 5405 1063 5461 dico.
1106 5403 1568 5478 Quandoquidem
1607 5403 1937 5460 immortalis
1964 5411 2048 5459 est

463 5500 666 5561 anima,
707 5507 792 5554 est
839 5500 1082 5570 proiecto
1141 5507 1256 5554 tam
1309 5498 1496 5566 bonis,
1555 5512 1719 5570 quam
1781 5497 2047 5568 improbis

465 5589 781 5652 actionibus
836 5605 1050 5646 merces
1109 5590 1434 5649 constituta.
1511 5589 1668 5656 Quod
1724 5589 1776 5644 si
1835 5603 2049 5646 merces

467 5682 773 5738 constituta
818 5692 924 5747 est,
957 5699 1093 5740 sane
1147 5693 1234 5739 est
1276 5684 1373 5754 qui
1421 5682 1696 5754 judicium
1750 5682 1965 5750 subeat,
1994 5691 2049 5738 et

469 5773 562 5842 qui
612 5775 820 5848 judicis
865 5776 1026 5831 obeat
1077 5784 1300 5844 partes:
1347 5790 1471 5835 esse
1503 5791 1722 5848 quoque
1751 5776 1844 5847 qui
1881 5775 2048 5832 rebus

2139 4657 2199 4712 δὲ
2225 4658 2322 4712 καὶ
2348 4654 2540 4730 λογικὴ
2571 4657 2850 4722 ἀνάλυσις,
2883 4658 3014 4712 ὅταν
3043 4657 3133 4710 τδν
3167 4657 3503 4729 προτεθέντα
3535 4659 3728 4712 συλλο-

2142 4752 2342 4822 γισμὸν
2374 4752 2732 4824 ἁναλύσωμεν
2767 4753 2848 4816 είς
2875 4751 2936 4805 τὸ
2978 4753 3180 4805 οἰκεῖον
3221 4752 3408 4823 σχῆμα
3436 4771 3450 4784 ο
3483 4751 3599 4806 ἐστι
3627 4753 3731 4807 καὶ

2147 4843 2532 4915 μαθηματικὴ,
2562 4844 2692 4898 ὅταν
2719 4843 2976 4915 λάϐωμεν
3000 4842 3061 4896 τὸ
3099 4843 3455 4914 ζητούμενον,
3492 4843 3569 4907 ὡς
3596 4845 3733 4914 ὁμο-

2144 4938 2512 5010 λογούμενον,
2581 4939 2676 4993 καὶ
2724 4937 3159 5010 καταντήσωμεν
3208 4939 3288 5002 εἷς
3335 4954 3390 4992 τι
3430 4936 3734 5008 ὁμολογούα

2148 5049 2342 5103 μενον,
2381 5029 2505 5087 ὅθεν
2541 5030 2839 5102 ἀγρεὺεται
2883 5030 2943 5084 τὸ
2991 5030 3360 5102 προκείμενον
3387 5046 3401 5059 ·
3438 5025 3553 5084 οἷον
3587 5029 3736 5084 ἔστι.»

2143 5125 2206 5179 τὸ
2253 5123 2624 5196 ζητούμενον,
2670 5125 2742 5178 El
2789 5122 3091 5189 ἀθάνατος
3127 5124 3166 5192 ἡ
3201 5121 3398 5192 ψυχή.
3453 5120 3629 5175 Τοῦτο
3671 5123 3739 5176 τὸ

2149 5216 2486 5288 ζητούμενον
2519 5214 2802 5286 λαμϐάνω,
2827 5215 2904 5280 ὡς
2930 5213 3384 5284 ὁμολογούμενον,
3418 5213 3513 5267 καὶ
3544 5213 3694 5282 λέγω
3718 5232 3734 5244 ο

2163 5307 2384 5380 Ἐπειδὴ
2411 5306 2680 5370 ἀθάνατος
2712 5307 2746 5378 ἡ
2772 5305 2920 5377 ψυχή
2953 5307 3125 5369 ἐστιν,
3173 5305 3316 5360 εἰσὶν
3344 5304 3574 5375 ἀμοιϐαὶ
3619 5305 3738 5358 τῶν

2151 5398 2372 5468 φαύλων
2406 5399 2503 5453 καὶ
2531 5396 2755 5468 ἀγαθῶν
2785 5393 3059 5468 πράξεων.
3094 5395 3156 5449 El
3189 5395 3246 5448 δὲ
3291 5394 3432 5447 εἰσὶν
3475 5391 3738 5463 ἀμοιϐαὶ,

2151 5492 2267 5547 ἔστι
2293 5491 2355 5564 τὸ
2376 5490 2732 5562 δικαζόμενον
2761 5489 2856 5542 καὶ
2877 5487 3122 5553 δικάζον.
3147 5488 3209 5540 Εἰ
3237 5486 3298 5540 δέ
3341 5487 3459 5539 ἐστι
3488 5484 3551 5539 τὸ
3575 5484 3739 5540 δικαο

2152 5588 2379 5660 ζόμενον
2417 5586 2516 5640 καὶ
2554 5585 2809 5651 δικάζον,
2855 5584 2973 5639 ἔστι
3007 5582 3315 5656 προνοητὴς
3345 5583 3440 5639 καὶ
3482 5581 3738 5652 πρόνοια.

2159 5680 2600 5752 Κατηντήσαμεν
2625 5678 2807 5733 τοίνυν
2849 5677 2930 5741 εἰς
2968 5675 3071 5748 τὴν
3115 5674 3395 5748 πρόνοιαν,
3428 5675 3550 5746 ἥτις
3583 5673 3743 5744 παρὰ

2160 5773 2325 5826 πᾶσιν
2370 5767 2741 5842 ὡμολόγηται.
2789 5765 2984 5823 Ἔνθεν
3037 5763 3222 5819 λοιπὸν
3290 5761 3433 5819 κατὰ
3485 5758 3742 5816 σύνθεσιν
