3962 6320
228 426 349 492 6Ἱ3

1621 419 2087 484 DIALECTICA.

243 537 427 607 λέγω·
493 539 714 612 Ἐπειδὴ
762 538 881 593 ἔστι
934 536 1161 609 πρόνοια
1213 534 1310 588 καὶ
1354 534 1638 606 δικαστὴς,
1695 536 1834 591 εἰσὶν

1939 538 2191 595 humanis
2220 539 2526 609 provideat,
2560 548 2615 596 et
2640 539 3038 611 providentiam
3081 524 3370 597 necessum
3395 556 3505 597 εει.

241 630 509 700 ἀμοιϐαὶ·
570 632 666 684 καὶ
721 630 914 703 ἐπειδὴ
955 629 1095 683 είσὶν
1122 628 1353 697 ἀμοιϐαὶ
1380 666 1395 695 ,
1443 628 1558 682 ἔστι
1598 629 1658 682 τὺ
1701 645 1825 699 κρι-

242 722 492 791 νόμενον.
541 722 606 776 El
650 720 707 776 δὲ
734 721 857 776 ἐστι
902 720 966 775 τὸ
1015 720 1340 792 κρινόμενον
1364 761 1381 786 ,
1421 720 1690 785 ἀθάνατος
1718 720 1828 794 ἄρα

240 814 279 881 ἡ
321 812 491 883 ψυχή-

1935 627 2015 679 Διι
2044 626 2443 695 providentiam
2476 629 2664 699 itaque
2710 629 3097 698 pervenimus;
3133 644 3256 700 quae
3286 630 3505 700 quidem

1934 718 2077 787 apud
2137 717 2244 789 73
2294 733 2489 774 omnes
2521 729 2678 773 extra
2718 719 3117 774 dubitationem
3163 729 3270 776 est.
3330 721 3511 793 Atque

1931 809 2060 863 hinc
2093 822 2188 879 per
2212 809 2670 878 compositionem
2694 810 2775 865 sic
2803 809 3033 880 disputo
3059 828 3073 864 :
3101 812 3363 881 quoniam
3388 827 3509 882 pro-

240 907 484 964 videntia
514 916 620 974 est,
655 914 709 962 et
738 866 929 977 judeit,
967 914 1096 963 sunt
1122 922 1343 979 quoque
1374 908 1597 979 praemia
1624 916 1678 963 et
1702 918 1897 977 preme.
1960 904 2098 971 Quia
2134 911 2318 959 autem
2398 912 2529 960 sunt
2594 904 2816 976 praemia
2850 866 2914 958 et.
2974 866 3171 975 pcenae,
3209 913 3295 961 est
3340 866 3506 959 etiam

240 999 316 1057 de
347 1015 458 1070 quo
498 1000 769 1070 judicium
801 999 1030 1055 feratur.
1061 999 1199 1056 Cum
1233 1016 1365 1072 ergo
1400 1002 1473 1056 sit
1499 999 1569 1055 de
1600 1014 1712 1068 quo
1731 997 2001 1069 judicium
2032 995 2261 1060 feratur,
2306 996 2633 1052 immortalis
2661 996 2846 1050 anima
2888 996 2962 1052 sit
3033 1011 3261 1052 necesse
3328 1003 3434 1052 est.

430 1112 561 1181 Quin
596 1123 890 1187 sequuntur
923 1114 1090 1184 reperi
1118 1115 1172 1169 in
1203 1125 1433 1187 quatuor
1461 1114 1727 1170 codicibus
1763 1114 1920 1186 regiis
1952 1115 2022 1167 ad
2058 1113 2255 1167 calcem
2292 1112 2598 1168 Dialectica:
2624 1111 2684 1169 S.
2720 1111 2949 1168 Joannis
2980 1112 3330 1180 Damasceni,

1029 1208 1349 1279 miseratque
1379 1206 1484 1264 Leo
1510 1208 1742 1262 Allatius
1771 1207 2023 1270 Auberto,
2047 1219 2165 1258 cum
2208 1203 2332 1259 aliis
2362 1205 2730 1259 Damascenis.

767 1348 972 1402 ΛΥΣΙΣ
1014 1348 1284 1403 ΔΕΞΕΩΝ
1292 1387 1307 1403 .

618 1438 857 1510 ’Δνάγκη
891 1439 1008 1493 ἐστὶ
1038 1439 1161 1510 βίας
1182 1440 1354 1495 αίτία.

317 1532 595 1602 Στοιχείόν
631 1530 767 1597 ἐστι,
813 1531 1010 1595 κοινῶς
1036 1532 1134 1601 μὲν
1174 1532 1235 1599 ἐξ
1265 1526 1326 1586 οὗ
1371 1551 1425 1587 τι
1449 1534 1657 1603 γίνεται
1686 1533 1832 1607 πρώ-

244 1642 362 1687 του,
394 1624 489 1677 καὶ
512 1624 593 1685 είς
615 1621 749 1676 αὐτὸ
795 1622 882 1676 ἐπ’
928 1621 1158 1693 ἐσχάτου
1208 1623 1535 1678 ἀναλύεταιο
1587 1624 1734 1688 ιδίως
1770 1623 1828 1677 δὲ

2334 1342 2717 1400 DICTIONUM
2754 1342 3077 1400 SOLUTIO.

2240 1435 2553 1492 Necessitas
2588 1435 2863 1491 violentiae
2892 1450 3058 1490 causa
3091 1442 3199 1490 est.

2005 1527 2344 1583 Elementum
2389 1529 2756 1584 communiter
2784 1527 3023 1582 sumitur
3060 1540 3163 1596 pro
3198 1539 3265 1581 eo
3300 1539 3364 1581 ex
3399 1540 3512 1596 quo

1933 1622 2242 1689 praestituto
2264 1621 2322 1675 ﬁt
2346 1621 2581 1691 aliquid,
2605 1632 2659 1677 et
2686 1623 2741 1676 in
2763 1622 2907 1690 quod
2933 1620 3253 1676 resolvitur.
3280 1618 3511 1690 Proprie

245 1712 513 1783 στοιχεῖόν
541 1712 715 1778 ἐστιν,
771 1709 833 1775 ἐξ
878 1700 942 1764 οὗ
978 1711 1187 1779 γίνεται
1226 1712 1409 1783 σῶμα,
1463 1713 1559 1767 καὶ
1587 1714 1669 1777 εἰς
1693 1712 1829 1766 αὐτὸ

1939 1725 2064 1764 vero
2085 1711 2416 1765 elementum
2451 1710 2673 1773 dicitur,
2718 1708 2774 1763 id
2806 1726 2873 1764 ex
2912 1724 3025 1779 quo
3056 1724 3262 1779 corpus
3297 1710 3511 1764 consti-

240 1805 542 1860 ἀναλύεται
561 1820 578 1836 ο
606 1798 738 1868 οἷον,
762 1801 894 1873 πῦρ,
928 1802 1094 1873 ὕδωρ,
1120 1802 1249 1874 ἀὴρ,
1277 1804 1371 1874 γῆ.
1401 1804 1521 1876 Πῦρ
1536 1807 1651 1858 ἐστι
1670 1805 1829 1874 σῶμα

1939 1802 2127 1864 tuitur,
2157 1801 2297 1856 etin
2338 1800 2484 1873 quod
2537 1801 2870 1866 resolvitur;
2917 1800 3102 1871 quaﬁa
3137 1810 3288 1864 sunt,
3338 1800 3508 1871 ignis.

244 1891 778 1963 λεπτομερέστατον,
810 1892 904 1944 καὶ
944 1890 1300 1961 θερμότατον,
1354 1894 1450 1947 καὶ
1489 1894 1786 1965 ξηρότατον
1811 1910 1825 1924 ·

246 1982 322 2051 γῆ
353 1984 470 2034 ἐστι
496 1981 653 2052 σῶμα
682 1981 981 2053 ξηρότατον
1005 1983 1098 2036 καὶ
1138 1981 1445 2054 βαρύτατον
1471 2000 1486 2016 ο
1524 1983 1671 2055 ὕδωρ
1712 1985 1831 2038 ἐστὶ

244 2074 413 2144 σῶμα
442 2073 607 2143 ὑγρὸν
631 2074 723 2127 καὶ
770 2073 1106 2144 ψυχρότατον
1126 2090 1141 2108 ο
1168 2076 1280 2147 ἀήρ
1326 2078 1439 2130 ἐστι
1485 2077 1643 2147 σῶμα
1665 2078 1831 2149 ὑγρό-

246 2180 411 2217 τατον
433 2164 528 2217 καὶ
554 2162 818 2234 μαλακόν.
851 2164 1068 2229 Γένεσίς
1092 2168 1209 2220 ἐστι
1240 2166 1453 2237 κίνησις
1481 2169 1601 2222 κατ’
1618 2169 1829 2235 οὐσίαν,

242 2255 313 2307 ὲκ
342 2252 439 2307 τοῦ
476 2254 552 2326 μὴ
584 2254 734 2319 ὄντος
754 2255 836 2319 εἰς
865 2254 927 2308 τὸ
952 2251 1113 2312 εἶναι.
1139 2256 1376 2329 Αὔξησίς
1400 2262 1516 2313 ἐστι
1537 2261 1750 2333 κίνησις
1775 2263 1834 2317 ὲν

244 2344 327 2415 τῷ
353 2345 509 2415 ποσῷ
537 2344 678 2398 κατὰ
709 2344 960 2416 μέγεθος.
1022 2348 1208 2412 Φοίσις
1237 2351 1355 2405 ἐστὶ
1403 2350 1620 2423 κίνησις
1649 2353 1707 2403 ἐν
1754 2351 1833 2422 τῷ

244 2436 408 2507 ’τεοσῷ
439 2436 582 2491 κατὰ
610 2436 856 2507 μείωσιν.
897 2438 1203 2505 Ἀλλοίωσίς
1249 2442 1368 2495 ἐστι
1419 2444 1636 2515 κίνησις
1667 2446 1726 2497 ἐν
1756 2443 1835 2515 τῷ

246 2525 393 2595 ποιῷ
431 2524 577 2581 κατὰ
604 2525 929 2596 μεταϐολήν.
959 2528 1108 2599 Φορά
1150 2532 1268 2583 ἐστι
1316 2530 1531 2602 κίνησις
1575 2535 1638 2587 ἐκ
1665 2535 1833 2587 τόπου

246 2616 332 2680 εἰς
367 2616 553 2671 τόπον.
582 2618 867 2688 Περιφορά
893 2618 1012 2673 ἐστι
1038 2620 1255 2691 κίνησις
1281 2622 1340 2674 ἐν
1361 2622 1441 2693 τῷ
1463 2612 1613 2694 αὑτῷ
1660 2626 1830 2697 τόπῳ.

247 2709 620 2780 Δύτοκινησία
650 2710 802 2763 ἐστὶν
838 2712 872 2779 ἡ
916 2711 1014 2781 τῆς
1058 2713 1237 2784 ψυχῆς
1286 2716 1382 2769 καὶ
1431 2718 1491 2769 ἐν
1534 2720 1645 2781 τοῖς
1675 2716 1836 2782 ζώοις

250 2802 492 2873 κίνησις.
522 2801 725 2871 Χρόνος
755 2804 873 2855 ἐστι
903 2803 1101 2875 μέτρον
1152 2806 1441 2877 κινήσεως,
1470 2808 1561 2861 καὶ
1605 2808 1835 2880 ἀριθμὸς

248 2889 349 2948 τοῦ
388 2894 447 2946 tv
472 2893 688 2964 κινήσει
718 2894 986 2966 προτέρου
1018 2895 1112 2949 καὶ
1154 2897 1408 2969 ὑστέρου.
1443 2899 1656 2972 Ἡμέρα
1691 2902 1836 2956 ἐστὶν

248 2985 408 3057 ήλίου
455 2986 595 3056 ὑπὲρ
639 2986 746 3056 γῆς
800 2986 946 3058 φορά
970 3003 985 3019 ο
1026 2988 1060 3059 ἢ
1095 2990 1286 3059 χρόνος
1309 2992 1367 3045 ὲν
1400 2983 1446 3059 ᾧ
1469 2994 1496 3046 ό
1522 2992 1673 3063 ἥλιος
1696 2993 1836 3065 ὑπὲρ

1930 1890 2093 1962 aqua.
2135 1906 2250 1955 aer,
2286 1902 2452 1947 terra.
2491 1892 2640 1963 Ignis
2678 1899 2763 1947 est
2811 1905 3016 1961 corpus
3051 1890 3509 1947 subtilissimum.

1904 1993 1985 2047 ,ει
2010 1985 2432 2048 calidissimum,
2460 2000 2525 2039 ac
2560 1984 2958 2041 siccissimum.
2986 1982 3156 2039 Terra
3190 1993 3273 2039 εει
3302 1996 3510 2053 corpus

1932 2077 2300 2133 siccissimum
2329 2088 2381 2133 et
2410 2078 2823 2148 gravissimum.
2859 2079 3015 2148 Aqua
3047 2084 3133 2132 est
3170 2090 3372 2145 corpus
3402 2074 3510 2128 bu-

1934 2171 2140 2225 midum
2173 2186 2239 2226 ac
2285 2170 2731 2243 frigidissimum.
2779 2172 2891 2228 Acr
2943 2181 3031 2227 est
3074 2187 3280 2243 corpus
3330 2169 3511 2224 humi-

1932 2263 2223 2319 dissimum
2267 2276 2322 2320 et
2372 2264 2556 2320 molle.
2605 2264 2773 2320 Ortus
2828 2274 2915 2321 est
2965 2274 3150 2320 motus
3204 2262 3509 2319 secundum

1934 2356 2325 2421 substantiam,
2360 2369 2391 2409 a
2421 2370 2531 2409 non
2564 2369 2687 2410 esse
2725 2355 2792 2409 ad
2828 2370 2972 2410 esse.
3006 2354 3265 2410 lnleritus
3297 2363 3351 2409 et
3384 2368 3513 2407 eor-

1934 2448 2139 2517 ruptio,
2173 2458 2356 2502 metus
2383 2456 2467 2503 est
2495 2448 2566 2502 ab
2595 2462 2721 2504 esse
2750 2446 2817 2501 ad
2850 2462 2957 2502 non
3000 2462 3147 2503 esse.
3177 2446 3514 2515 Augmcuta-

1936 2540 2011 2593 tio
2043 2547 2127 2594 est
2162 2548 2344 2593 motus
2374 2539 2426 2592 in
2464 2554 2522 2594 re
2562 2549 2769 2609 quanta
2810 2537 3116 2593 secundum
3173 2533 3512 2606 magnitudi~

1937 2646 2081 2686 nem.
2116 2629 2366 2686 Deeretio
2408 2641 2491 2685 est
2537 2639 2722 2685 motus
2767 2630 2821 2683 in
2868 2644 2928 2684 re
2965 2635 3172 2699 quanta
3204 2626 3513 2683 secundum

1936 2723 2400 2786 minorationem,
2458 2736 2554 2776 seu
2601 2720 3048 2775 diminutionem.
3104 2717 3373 2773 Alteratio
3429 2726 3515 2770 est

1936 2823 2119 2870 motus
2185 2816 2240 2869 in
2303 2829 2364 2868 re
2420 2814 2690 2882 qualitate
2764 2810 2980 2875 aﬂ‘ecta,
3026 2809 3334 2866 secundum
3394 2824 3515 2862 mu-

1938 2907 2229 2961 tationem.
2297 2904 2453 2960 Latio
2524 2896 2611 2959 est
2676 2911 2860 2958 motus
2924 2917 2957 2957 e
3009 2902 3133 2955 loco
3204 2900 3260 2955 in
3330 2902 3514 2955 locum

1940 2998 2314 3054 Circumactio
2382 3004 2566 3051 motus
2621 3002 2707 3052 cst
2770 2995 2920 3050 circa
2985 2995 3238 3048 eumdem
3310 2992 3511 3045 locum.

248 3080 361 3148 γῆς
384 3076 632 3148 φέρεται.
689 3076 806 3145 Νύξ
864 3081 982 3132 ἐστι
1034 3078 1288 3151 σώματος
1330 3083 1429 3152 τῆς
1458 3083 1559 3154 γῆς
1611 3086 1833 3158 σκιάοῆ

1941 3086 2119 3143 Motus
2162 3094 2527 3156 spontaneus,
2574 3092 2659 3140 est
2716 3085 2915 3138 anima:
2956 3091 3175 3147 motus,
3224 3081 3315 3151 qui
3362 3086 3416 3134 et
3460 3080 3516 3133 in

250 3168 450 3241 χρόνος
477 3170 537 3223 ἐν
558 3162 603 3238 ᾧ
638 3170 669 3224 ό
693 3169 847 3241 ἥλιος
879 3170 985 3224 ὑπὸ
1031 3172 1137 3243 γῆν
1176 3173 1423 3245 φέρεται.
1475 3175 1837 3248 Νυχοήμερόν

245 3263 378 3316 ἐστι
438 3260 645 3332 κόσμου
697 3265 1062 3335 περιστροφή.
1125 3266 1252 3336 Μήν
1307 3267 1425 3320 ἐστι
1484 3268 1677 3338 χρόνος
1730 3269 1840 3323 ἀπὸ

254 3350 483 3404 συνόδου
512 3352 744 3424 σελήνης
781 3354 919 3426 πρὸς
968 3355 1123 3426 ἥλιον
1171 3356 1267 3410 ἐπὶ
1292 3358 1392 3429 τὴν
1423 3357 1552 3430 ἑξῆς
1596 3360 1837 3414 σύνοδον.

266 3442 550 3507 Ἐνιαυτός
586 3444 703 3497 ἐστι
735 3446 950 3515 χρόνος,
1004 3447 1064 3501 ὲν
1094 3437 1188 3515 se
1233 3448 1385 3518 ἣλιος
1428 3449 1519 3504 τὸν
1575 3450 1839 3514 ζωδιακὸν

248 3529 485 3595 διέξεισι
512 3530 735 3587 κύκλον.
770 3533 976 3605 Καιρός
1012 3535 1130 3588 ἔστι
1164 3536 1356 3606 χρόνος
1392 3538 1837 3608 κατορθώματος.

266 3620 527 3693 ’Δκαιρία
558 3622 677 3675 ἐστὶ
738 3622 913 3690 λεῖῷις
938 3632 969 3674 1
992 3625 1186 3696 καιροῦ
1215 3628 1338 3680 κατ’
1391 3628 1681 3699 ἐπιτυχίαν
1706 3643 1841 3698 προσ

252 3712 460 3781 θυμίας
492 3713 587 3767 τοῦ
626 3713 983 3786 ζητουμένου.
1020 3716 1166 3799 Ὠρα
1214 3718 1333 3771 ἐστὶ
1376 3721 1544 3789 μέρος
1588 3720 1838 3774 ἐνιαυτοῦ

251 3806 317 3859 τὺ
334 3805 615 3876 τέταρτον,
666 3808 699 3878 ἢ
756 3809 857 3879 τῆς
913 3810 1130 3882 ἡμέρας
1155 3810 1216 3864 τὸ
1257 3811 1642 3884 δωδέκατον,ἢ
1684 3814 1837 3885 ἀκμὴ

247 3897 457 3968 ψυχῆς,
492 3898 526 3968 ἢ
569 3897 822 3969 σώματος
862 3900 1043 3965 ἄνθος.
1106 3902 1247 3975 Ἔαρ
1289 3903 1407 3957 ἐστὶ
1445 3906 1660 3976 χρόνος,
1694 3905 1751 3959 ὲν
1794 3902 1839 3975 ᾧ

249 3990 318 4043 τὸ
350 3990 515 4063 ὑγρὸν
538 3991 843 4063 ἐπικρατεῖ.
861 3993 1030 4066 Θέρος
1053 3994 1171 4048 ἐστὶ
1195 3998 1387 4067 χρόνος
1408 3999 1465 4051 ὲν
1490 3991 1533 4066 ᾧ
1557 3999 1619 4052 τὸ
1637 3999 1838 4072 Θερμὸν

251 4084 573 4154 ἐπικρατεῖ.
628 4084 973 4159 Φοινόπωρόν
1031 4088 1149 4142 ἐστι
1202 4088 1393 4161 χρόνος
1423 4091 1481 4143 ὲν
1509 4083 1554 4158 ᾧ
1586 4094 1646 4145 τὸ
1673 4091 1838 4164 ξηρὸν

228 4174 553 4244 ηὲπικρατεῖ
583 4191 597 4206 ο
652 4176 859 4246 χειμών
921 4180 1041 4232 ἑστι
1092 4179 1305 4248 χρόνος,
1367 4182 1425 4233 ἑν
1472 4173 1607 4248 ᾧτδ
1628 4182 1838 4253 ψυχρὸν

254 4269 574 4337 ἐπικρατεῖ.
610 4270 890 4338 Πωγονιας
922 4271 1070 4324 ἐστὶν
1111 4272 1423 4343 ἀστροειδὲς
1455 4274 1629 4345 πυρὸς
1655 4274 1843 4345 ἁθροι-

254 4376 396 4429 σμα,
427 4358 739 4432 ἔμπροσθεν
794 4361 917 4433 ἕχον
965 4363 1065 4427 τὰς
1120 4365 1368 4429 ἀκτῖνας.
1420 4367 1687 4440 Κομήτης
1719 4366 1838 4421 ἐστὶ

1941 3178 2316 3234 animantibus
2347 3180 2638 3249 reperitur.
2662 3176 2903 3247 Tempus
2925 3185 3008 3232 est
3031 3190 3289 3231 mensura
3311 3182 3515 3237 motus,

1940 3280 1997 3327 ει
2030 3287 2297 3326 numerus
2328 3273 2532 3341 prioris
2563 3280 2617 3327 et
2639 3270 2962 3342 posterioris
3002 3269 3057 3322 in
3089 3277 3259 3321 motu.
3285 3265 3411 3321 Dies
3429 3272 3519 3318 est

1941 3372 2124 3419 motus
2147 3364 2281 3419 solis
2315 3363 2462 3419 circa
2501 3372 2750 3421 terram:
2797 3371 2892 3415 aut
2931 3361 3127 3425 etiam,
3170 3366 3254 3414 est
3305 3367 3518 3427 tempus

1940 3469 2049 3522 quo
2100 3453 2182 3508 sol
2233 3468 2398 3523 supra
2451 3464 2650 3508 terram
2685 3459 2955 3506 movetur.
3007 3448 3122 3502 Nux
3182 3455 3269 3503 est
3320 3447 3518 3502 umbra

1940 3542 2192 3611 corporis
2222 3552 2401 3608 terrm,
2437 3557 2531 3596 seu
2569 3548 2785 3609 tempus
2818 3553 2929 3609 quo
2957 3539 3037 3592 sol
3070 3537 3173 3591 sub
3212 3545 3357 3590 terra
3398 3550 3520 3587 mo-

1942 3641 2119 3687 vetur.
2153 3633 2535 3702 Νυχοήμερον,
2568 3631 2619 3684 id
2668 3638 2754 3685 est
2793 3628 2900 3684 diei
2937 3629 3226 3696 noctisque
3255 3624 3516 3694 spatium,

1940 3734 2027 3782 est
2058 3727 2212 3781 orbis
2248 3724 2698 3779 circumvolulio.
2733 3722 2938 3776 Mensis
2969 3728 3053 3775 est
3083 3733 3297 3788 tempus
3324 3732 3355 3770 a
3382 3730 3517 3771 eon-

1936 3815 2385 3887 junetioneluna:
2412 3829 2536 3866 cum
2565 3812 2700 3870 sole.
2732 3812 2798 3865 ad
2829 3812 2989 3865 aliam
3012 3810 3256 3880 proxime
3285 3823 3517 3878 sequen-

1940 3916 2048 3964 tem
2074 3906 2759 3978 eoujunctionem.Annus
2793 3911 2876 3959 est
2909 3913 3119 3972 tempus
3148 3916 3257 3972 quo
3301 3901 3381 3955 sol
3424 3915 3516 3955 zo-

1941 3999 2158 4054 diacum
2200 3998 2389 4054 orbem
2421 4005 2694 4067 peragrat.
2736 3995 3135 4066 Opportunitas
3186 4002 3405 4063 tempus
3434 4004 3519 4046 est

1940 4090 2019 4146 rei
2052 4104 2314 4159 prospere
2344 4089 2689 4158 peragendre.
2718 4083 3518 4157 lntempestivitasopportuni

1939 4182 2208 4251 temporis
2227 4181 2456 4235 emissio
2476 4188 2580 4239 est,
2602 4195 2713 4249 pne
2739 4180 3135 4233 vehementiori
3166 4178 3219 4231 in
3238 4193 3298 4232 re
3327 4185 3516 4246 Optata

1938 4276 2321 4347 prosequenda
2344 4273 2637 4331 desiderio.
2662 4274 2803 4344 Ὥρα
2821 4272 3077 4329 sumitur.
3100 4271 3181 4326 vel
3207 4284 3304 4340 pro
3323 4279 3519 4337 quarta

1942 4370 2069 4423 anni
2106 4377 2282 4440 parte,
2325 4369 2405 4422 vel
2440 4383 2539 4436 pro
2569 4365 2895 4421 duodecima
2938 4364 3045 4419 diei
3092 4371 3267 4433 parte,
3297 4360 3380 4416 vel
3421 4374 3520 4429 pro

252 4430 555 4519 πυροειδὲς
588 4450 806 4523 ἄστρων
826 4430 1132 4524 γαθροισμα,
1170 4455 1347 4526 κόμης
1385 4430 1835 4530 κειραλῆςυόίκην,

1945 4461 2114 4515 animi
2145 4458 2446 4529 vigore,vel
2480 4474 2579 4528 pro
2610 4457 2860 4527 corporis
2884 4455 3035 4510 ﬂore.
3067 4453 3171 4509 Ver
3198 4461 3281 4509 est
3302 4459 3520 4521 tempus

254 4540 522 4596 κυκλόθεν
553 4543 853 4615 ἐκπέμπων
882 4546 1128 4609 ἀκτῖνας.
1153 4547 1347 4611 Δοκίας
1394 4549 1545 4603 ἐστὶν
1591 4550 1842 4618 ἀστροει-

252 4632 357 4703 δὴς
386 4633 593 4700 κόν-νος,
628 4636 798 4706 ἤγουν
846 4637 1024 4701 δοκὸς,
1070 4640 1170 4709 τὴν
1209 4639 1434 4710 πυρώδη
1487 4642 1580 4693 ἐπὶ
1615 4642 1682 4694 τὰ
1726 4640 1841 4697 ἄνω

253 4726 563 4796 ικπέμπων
590 4727 806 4787 ἀκτῖνα,
836 4731 1073 4800 Λαμπάς
1102 4734 1251 4784 ἐστιν
1292 4730 1490 4801 ἄναψις
1518 4734 1612 4785 καὶ
1646 4733 1837 4804 ἄθροι-

254 4835 378 4888 σμα
444 4821 632 4890 πυρός.
673 4822 813 4892 Ἶρις
869 4823 1016 4876 ἐστὶν
1043 4823 1280 4893 ἔμφασις
1321 4824 1475 4895 ήλίου
1524 4826 1840 4899 σεμνοειδὴς

253 4910 320 4960 ἐν
362 4907 509 4977 νέφει
546 4909 712 4979 κοίλῳ
739 4912 832 4964 καὶ
881 4911 1162 4983 δροσὼδει,
1189 4916 1249 4967 ὲν
1297 4913 1499 4968 κύκλου
1524 4916 1675 4982 τάξει
1702 4934 1832 4986 φαι-

255 5000 466 5069 νομένη
520 5002 845 5074 περιφερὴς,
873 5004 947 5067 ὠς
998 5005 1058 5057 ὲν
1085 5006 1381 5077 κατόπτρῳ
1415 5007 1551 5078 πρὸς
1578 5008 1835 5080 αἴσθησιν

256 5091 354 5143 καὶ
378 5091 618 5160 ἔμφασιν
655 5095 880 5166 ἄστρου,
917 5094 1009 5150 διὰ
1036 5097 1313 5152 πύκνωσιν
1363 5100 1526 5170 ἀέρος
1550 5101 1833 5172 γινομένη.

256 5182 536 5254 Παρήλιός
584 5186 701 5238 ἐστι
763 5184 924 5255 νέφος
985 5188 1307 5258 περιφερὲς,
1357 5190 1599 5257 πυκνὸν,
1650 5192 1837 5261 ὅμοιον

257 5273 425 5344 ήλέῳ·
477 5274 512 5345 ἢ
553 5274 790 5346 ἔμφασις
833 5278 984 5349 ἡλίου
1022 5281 1081 5333 ἐν
1124 5281 1276 5350 νέφει
1313 5282 1503 5356 πυκνῷ
1550 5286 1644 5337 καὶ
1683 5284 1829 5353 λείῳ.

261 5366 545 5436 Κεραυνός
598 5368 749 5422 ἐστιν
793 5370 1083 5436 ἐλικοειδὲς
1118 5372 1336 5444 πνεῦμα
1394 5374 1609 5446 κίνησιν
1647 5376 1837 5429 ποιοῦν

259 5454 549 5526 διάπυρον,
602 5458 697 5513 καὶ
731 5459 936 5514 ἄνωθεν
986 5461 1137 5517 κάτω
1185 5461 1274 5517 διὰ
1325 5464 1496 5535 πυρὸς
1527 5464 1838 5534 φλογὼδους

261 5545 561 5619 φερόμενον
590 5548 1003 5624 καὶὲμπυρίξον
1057 5554 1263 5626 κύκλῳ.
1317 5556 1509 5629 Τυφών
1570 5559 1684 5610 ἐστι
1740 5556 1839 5610 ἐλι-

1945 4551 1998 4604 in
2047 4565 2159 4620 quo
2203 4550 2517 4605 dominatur
2561 4547 2879 4602 humiditas.
2936 4545 3124 4599 Aistas
3173 4552 3255 4600 est
3294 4552 3516 4611 tempus

1942 4643 1998 4697 in
2030 4657 2140 4713 quo
2167 4639 2486 4697 dominatur
2528 4639 2701 4694 calor.
2748 4640 3064 4692 Autumnus
3103 4642 3321 4705 tempus
3356 4640 3442 4688 cst
3465 4632 3520 4688 in
3557 4635 3560 4638 ’

1941 4747 2053 4802 quo
2085 4733 2232 4802 viget
2258 4732 2503 4787 siccitas.
2534 4729 2721 4785 lliems
2749 4739 2964 4799 tempus
2997 4735 3081 4782 est
3122 4726 3176 4780 in
3208 4740 3317 4794 quo
3346 4724 3523 4794 frigus

1941 4822 2217 4895 praevalet.
2238 4820 2474 4875 Barbata
2506 4821 2663 4875 stella
2689 4827 2773 4874 est
2797 4819 2937 4888 ignis
2966 4819 3021 4871 in
3061 4815 3260 4870 sideris
3281 4814 3520 4883 speciem

1940 4913 2249 4986 congeries,
2282 4912 2500 4968 eminus
2520 4912 2709 4971 radios
2745 4910 2993 4965 vibrans.
3029 4908 3256 4962 Cometa
3279 4914 3364 4962 est
3387 4906 3519 4961 stel—

1938 5010 2119 5064 larum
2176 5020 2486 5062 concursus
2547 5005 2691 5076 ignis
2733 5004 2960 5076 ﬁguram
3025 4999 3290 5064 referens,
3351 5012 3522 5053 coma!

1940 5101 2137 5171 capitis
2163 5100 2365 5158 instar.
2396 5099 2758 5155 circumcirca
2789 5095 2977 5151 radios
3012 5092 3291 5150 eniiuens.
3316 5090 3522 5145 Trabes

1940 5204 2027 5252 cst
2052 5207 2272 5259 contus,
2299 5193 2504 5250 sideris
2554 5191 2796 5262 speciem
2848 5189 3116 5248 referens.
3164 5200 3260 5241 seu
3311 5185 3520 5253 tignum

1945 5283 2204 5353 igneum,
2264 5279 2480 5335 radium
2537 5292 2761 5333 sursum
2803 5277 3089 5330 emittcns.
3147 5273 3381 5341 Lampas
3432 5277 3524 5322 est

1946 5372 2202 5429 accensio
2225 5382 2278 5428 et
2300 5371 2588 5441 congeries
2615 5368 2782 5439 ignis.
2816 5368 2915 5421 Iris
2933 5373 3017 5420 est
3053 5363 3288 5432 insignis
3319 5375 3523 5431 reprac-

1947 5465 2185 5521 sentatio
2219 5464 2356 5519 solis
2389 5463 2444 5516 in
2479 5461 2623 5516 nube
2646 5473 2886 5513 concava
2915 5464 2970 5511 et
3007 5454 3247 5515 roscida,
3281 5453 3336 5507 in
3371 5450 3524 5506 orbis

1947 5555 2168 5610 modum
2195 5553 2426 5609 rotunda
2449 5564 2741 5624 apparens,
2766 5548 2831 5604 ad
2852 5551 3134 5618 aspectum
3160 5543 3361 5600 sideris
3374 5540 3524 5597 velut

1570 5706 1803 5764 V'ARIIE
1837 5706 2247 5765 LECTIONES.

337 5798 368 5841 γ
396 5788 533 5864 Reg.
555 5790 687 5860 duo,
710 5792 891 5864 λῆψις.

3396 421 3503 486 οτι
3599 394 3608 407 ’
