3962 6320
442 459 550 525 ⁸115

1601 457 1662 516 S.
1702 453 2026 518 JOANNIS
2070 454 2506 516 DAMASCENI

3601 450 3709 518 716

445 569 657 640 pissimi
694 566 782 622 isti
813 573 964 630 sunt,
1010 579 1074 619 ac
1117 563 1385 620 nefariam
1423 573 1926 634 prmposteramque
1953 563 2010 618 li-

2145 561 2551 634 ιῑσχροποιοὶδὲ
2579 554 2726 616 οὗτοί
2767 561 2924 628 εἰσιν,
2957 561 3471 634 ὰρῤητοποιοῦντες,
3505 563 3602 618 καὶ
3643 567 3709 619 τὰ

441 661 684 717 bidincm
721 665 1009 721 exercent,
1045 672 1256 728 suaque
1287 671 1521 727 corpora
1557 663 1943 726 corrumpunt.

506 751 598 806 66.
631 748 950 820 Origeniani
987 749 1106 816 alii,
1149 749 1218 803 ab
1251 747 1485 820 Origene
1516 747 1847 802 Adamantio
1879 747 2018 802 scri-

438 851 613 913 ptore.
651 841 714 896 lli
747 851 1088 896 mortuorum
1119 843 1589 897 resurrectionem
1621 849 1841 910 negant.
1880 837 2015 894 Tam

389 935 743 1001 'Christum,
772 948 936 1004 quam
975 931 1244 1000 Spiritum
1294 941 1548 987 sanetum
1597 932 1765 988 rebus
1814 932 2018 987 creatis

437 1039 756 1085 acccnsem.
785 1025 1131 1090 Paradisum,
1159 1038 1222 1078 ac
1266 1024 1462 1088 caelos,
1496 1033 1808 1093 cacteraque
1835 1023 2019 1078 omnia

439 1119 734 1192 allegorice
788 1125 1093 1190 exponunt.
1143 1117 1354 1173 Christi
1406 1132 1639 1187 regnum
1687 1117 2022 1187 quandoque

438 1229 662 1272 cessare
717 1223 1044 1284 nugantur,
1102 1211 1349 1281 itemque
1412 1209 1695 1264 desituros
1751 1208 2015 1279 angelos:

435 1309 726 1366 Christum
758 1321 888 1362 vero
917 1319 1042 1360 cum
1093 1301 1317 1359 diabolo
1362 1316 1535 1372 regno
1580 1300 1674 1357 Dei
1719 1301 2022 1370 subjicien-

439 1400 591 1463 dum,
651 1411 714 1452 ac
770 1411 871 1467 pro
936 1394 1286 1451 daemonibus
1341 1390 1627 1448 Christum
1693 1393 2021 1448 cruciﬁxum

440 1499 762 1563 portentosa
793 1486 1138 1559 confingunt.
1761 1561 1764 1563 Α

507 1582 785 1637 Hactenus
817 1578 904 1634 IV
939 1579 1090 1646 tanti,
1131 1593 1194 1632 ac
1227 1576 1444 1633 secundi
1466 1577 1591 1632 libri
1615 1578 1838 1635 luereses
1862 1579 1948 1636 18.

502 1765 617 1837 '91
659 1764 728 1820 In
754 1765 937 1837 quinto
965 1771 1105 1818 tomo
1134 1763 1362 1837 secando
1391 1778 1512 1817 vero
1544 1762 1667 1817 libri
1695 1765 1911 1819 secundi
1937 1805 1952 1829 ,

906 1835 1130 1890 luereses
1159 1834 1386 1904 quinque
1419 1841 1563 1888 sunt.

412 1957 417 1964 ‘
511 1948 605 2004 (15.
645 1947 1046 2015 Paulianistae,
1078 1962 1108 2004 a
1157 1947 1334 2003 Paulo
1384 1947 1771 2004 Samosateno.
1819 1947 2028 2005 Paulus
2058 1963 2103 2023 Β

2123 655 2331 706 ἑαυτῶν
2361 653 2594 724 σώματα
2625 653 2806 724 φθορᾷ
2837 655 3248 726 παραδιδόντες.

2192 747 2284 814 ξδ’.
2329 748 2687 819 Ὤριγενιανοὶ
2729 749 2908 804 ἄλλον
2953 751 3262 823 Ὠριγένους
3290 750 3386 804 τοῦ
3416 752 3512 806 καὶ
3554 750 3714 807 Ἀδα-

2123 841 2348 912 μαντίου
2379 840 2474 895 τοῦ
2510 842 2836 906 συντάκτου,
2866 845 2915 896 ot
2939 843 3038 914 τὴν
3064 843 3176 898 τῶν
3203 843 3418 916 νεκρῶν
3469 843 3712 900 ἀνάστα-

2123 950 2208 986 σιν
2234 933 2685 1004 ὰποϐαλλόμενοι.
2719 934 2956 1004 Χριστὸν
2991 935 3047 988 δὲ
3079 935 3288 1006 κτίσμα
3305 973 3322 1000 ,
3346 935 3442 990 καὶ
3467 935 3530 989 τὸ
3556 935 3714 1006 ἅγιον

2123 1025 2342 1094 πνεῦμα
2391 1025 2823 1096 εἰσηγούμενοιε
2848 1043 2861 1055 ·
2898 1027 3230 1097 παράδεισόν
3275 1043 3336 1079 τε
3362 1065 3378 1092 ,
3407 1026 3505 1080 καὶ
3546 1027 3717 1096 οὐρα-

2123 1119 2268 1182 νοὺς,
2300 1117 2396 1173 καὶ
2435 1117 2506 1172 τὰ
2557 1117 2695 1172 ἄλλα
2749 1119 2929 1171 πάντα
2980 1117 3440 1189 ἀλληγοροῦντες.
3473 1119 3715 1190 Χριστοῦ

2123 1209 2327 1280 δήποτε
2390 1206 2710 1262 πεπαῦσθαι
2766 1207 2867 1278 τὴν
2934 1207 3215 1278 βασιλείαν
3267 1208 3582 1282 ληροῦντες,
3621 1209 3719 1266 καὶ

2123 1301 2260 1372 ὁμοῦ
2291 1302 2418 1367 τοὺς
2474 1302 2742 1372 ἀγγέλους
2797 1301 3201 1373 παυθήσεσθαι.
3241 1302 3481 1374 Χριστὸν
3517 1302 3576 1356 δὲ
3616 1302 3719 1356 σὺν

2125 1395 2355 1466 διαϐόλῳ
2387 1395 2935 1467 βασιλευθησόμενον,
2955 1395 3052 1448 καὶ
3079 1394 3302 1472 δαίμοσι
3329 1394 3719 1465 σταυρωθέντα

2127 1489 2364 1562 Χριστὸν
2395 1490 2808 1562 τερατεύονται.

2192 1578 2376 1638 Αὗται
2409 1583 2469 1635 al
2523 1581 2630 1636 τοῦ
2677 1581 2727 1634 δ’
2775 1581 2960 1649 τόμον
3009 1579 3295 1648 δευτέρου
3329 1579 3720 1645 ,βιϐλίουβι-

2123 1673 2328 1743 ρέσεις
2359 1671 2451 1740 ιη’.

2137 1765 2212 1821 Τὰ
2249 1765 2318 1820 δὲ
2346 1765 2590 1822 ἔνεστιν
2617 1766 2688 1820 ἐν
2716 1764 2797 1831 τῷ
2827 1765 3075 1835 πέμπτῳ
3107 1764 3266 1835 τόμῳ
3290 1763 3397 1818 τοῦ
3431 1762 3720 1833 δευτέρου

2589 1837 2858 1903 βιϐλίου,
2891 1833 3158 1905 αἱρέσεις
3175 1833 3257 1888 “ε’.

2213 1948 2307 2014 ξε’.
2350 1950 2745 2006 Παυλιανισταὶ
2779 1948 2919 2021 (451.
2953 1949 3062 2004 ἀπὸ
3093 1946 3187 2002 τοῦ
3228 1948 3446 2004 Παύλου
3481 1944 3578 2000 τοῦ
3615 1945 3731 1998 Σα-

1749 2120 1987 2178 VARUE
2018 2122 2420 2182 LECTIONES.

528 2286 551 2324 θ
584 2284 788 2340 Desunt
815 2282 928 2338 haec
975 2285 1028 2336 in
1079 2282 1146 2338 R.
1204 2281 1346 2338 9.508
1378 2291 1427 2336 et
1472 2279 1600 2337 cod.
1637 2279 1698 2336 S.
1731 2281 1840 2340 llil.
1866 2282 1998 2338 etin
2031 2289 2141 2338 vet.
2167 2281 2366 2338 Frans.

1957 2437 2194 2496 NOTIE.

449 2595 616 2669 edidit
652 2596 786 2669 Περὶ
815 2595 1024 2669 αρχῶν.
1047 2595 1122 2652 De
1169 2595 1473 2669 principiis,
1502 2610 1694 2652 omnes
1725 2597 2026 2668 congessit.

456 2667 680 2725 Delatus
715 2666 780 2722 ud
817 2666 1119 2723 Fabianum
1152 2666 1370 2738 papam,
1411 2668 1739 2738 depravatas
1771 2666 2030 2723 lucubra-

453 2739 640 2809 tiones
691 2753 822 2809 siuas
879 2739 1114 2809 primum
1154 2737 1427 2792 'causalus
1477 2745 1611 2809 est:
1651 2737 1894 2809 Fabiano
1953 2739 2032 2792 ita

452 2807 686 2874 scripsit,
713 2806 890 2876 inquit
927 2806 1314 2876 Hieronymus,
1344 2816 1400 2859 ut
1438 2808 1798 2875 pa’nitentiam
1835 2817 2029 2877 ageret,

452 2894 549 2930 cur
581 2877 715 2930 talia
745 2877 1039 2946 scripserit,
1062 2886 1112 2930 et
1134 2893 1353 2946 causam
1382 2879 1694 2931 temeritatis
1735 2879 1789 2932 in
1809 2876 2034 2931 Ambro-

453 2949 624 3018 sium_
625 2947 827 3009 retulit,
856 2945 1000 3018 quod
1029 2955 1226 3018 secreto
1265 2945 1408 3018 edita
1437 2947 1490 3000 in
1513 2947 1797 3018 publicum
1833 2948 2032 3002 retule-

455 3017 546 3070 rit.
583 3015 921 3086 Theophilus
953 3016 1103 3070 Alex.
1145 3017 1291 3086 hom.
1329 3015 1567 3073 IPasch.
1597 3026 1651 3071 et
1684 3017 2031 3074 Justinianus

458 3088 589 3153 imp.
611 3085 776 3157 epist.
809 3086 874 3157 ad
908 3086 1158 3142 Mennam
1182 3125 1197 3148 ,
1231 3085 1518 3157 0rigenem
1555 3087 1608 3141 in
1643 3088 1836 3157 primis
1868 3103 2032 3143 accu-

457 3165 602 3217 sant,
633 3155 776 3226 quod
826 3155 1063 3211 Verbum
1128 3155 1351 3212 creatis’
1388 3158 1553 3212 rebus
1612 3155 2024 3220 annumerarit,

457 3235 571 3297 tum
595 3225 834 3281 inlibris
887 3226 963 3297 De
1015 3225 1312 3297 principiis,
1349 3234 1464 3280 tum
1487 3227 1556 3297 Ain
1587 3229 1724 3297 psal.
1756 3244 1793 3293 ι,
1832 3230 1885 3282 in
1917 3243 2026 3296 quo

456 3296 734 3366 Christum
779 3296 1002 3366 γενητὸν
1026 3365 1029 3366 ν
1054 3295 1206 3359 Θεὸν,
1240 3295 1441 3365 factum
1480 3295 1665 3360 Dea—1n,
1697 3307 1875 3352 vocat.
1906 3295 2025 3352 Alia

456 3365 677 3435 quidem
717 3367 836 3438 loca
867 3365 976 3421 non
1005 3365 1224 3438 desunt,
1262 3368 1318 3420 in
1357 3367 1564 3438 quibus
1605 3367 1799 3422 Filium
1828 3368 2026 3438 ἀγένη-

2133 2597 2462 2651 diversarum
2483 2596 2832 2662 voluntatum,
2869 2610 2979 2664 pra-
3002 2593 3362 2665 magnitudine
3391 2592 3724 2664 negligentie

2127 2669 2422 2738 jumentum
2469 2684 2623 2738 posse
2651 2667 2860 2734 βαίη..
2905 2665 2974 2719 ad
3010 2679 3302 2738 extremum
3343 2681 3406 2719 ne
3456 2673 3725 2738 teneretur

2137 2735 2484 2808 Pythagorici
2522 2737 2783 2808 dogmatis
2818 2753 2959 2808 reus,
2991 2737 3082 2805 qui
3133 2735 3322 2808 asserit
3359 2735 3724 2808 μετεμψΰχῳ-

2138 2804 2239 2870 σιν,
2262 2804 2382 2874 pust
2424 2818 2534 2861 tam
2583 2804 2868 2873 nefandam
2894 2804 3331 2874 disputationem,
3359 2804 3462 2864 qua
3502 2804 3720 2860 lecturis

2139 2873 2375 2932 attimum
2433 2878 2796 2932 vulneraverat
2832 2892 2850 2940 ;
2879 2873 3016 2941 luce,
3045 2878 3243 2945 inquit,
3264 2873 3428 2942 juxta
3475 2889 3722 2928 nostram

2140 2949 2456 3003 sententiam
2506 2965 2608 3001 non
2649 2947 2754 3000 sint
2796 2947 3067 3016 dogmata,
3101 2947 3192 3001 sed
3230 2947 3452 3014 quaesita
3481 2955 3719 3009 tantum,

2136 3032 2183 3072 et
2218 3019 2473 3088 projecta,
2500 3035 2560 3072 ne
2603 3018 2808 3086 penitus
2857 3015 3148 3070 intractato
3192 3015 3722 3088 viderenturtNimi-

2137 3085 2258 3144 rum
2293 3085 2346 3142 in
2373 3085 2609 3158 prologo
2643 3096 3044 3158 praemonuerat
3081 3102 3139 3158 se
3179 3085 3477 3158 dicturum,
3500 3087 3564 3140 de
3593 3085 3722 3156 qui-

2139 3159 2242 3213 hus
2265 3159 2346 3214 vel
2376 3155 2660 3218 amrin—ari,
2689 3157 2773 3210 vel
2822 3157 3008 3224 negari
3041 3155 3346 3226 salva_fide,
3381 3172 3543 3224 quam
3578 3171 3720 3226 apo-

2135 3229 2258 3283 stoli
2289 3229 2582 3290 tradidere,
2606 3227 2672 3282 ad
2701 3223 2919 3281 libitum
2945 3234 3147 3295 posset.
3173 3223 3505 3295 llocjure‘in
3534 3223 3715 3291 libltl,

2139 3297 2376 3353 mundos
2406 3299 2606 3353 asserit
2632 3293 3083 3358 innumerabiles,
3106 3311 3205 3348 non
3233 3295 3384 3360 iuxta
3418 3293 3716 3364 Epicurum

2133 3385 2239 3424 uno
2282 3378 2508 3438 tempore
2564 3367 2841 3436 plurimos,
2869 3366 3045 3435 inquit
3081 3366 3334 3438 “ieram,
3359 3366 3451 3420 sed
3482 3376 3598 3434 post
3626 3366 3718 3438 al:

457 3429 567 3508 iov,
605 3453 706 3491 non
730 3437 952 3506 factum,
989 3437 1082 3492 sed
1111 3451 1178 3491 ex
1204 3429 1510 3508 Substaiitia
1544 3437 1722 3492 Patris
1761 3429 2029 3508 prodiisse
2057 3429 2098 3486 C
2135 3441 2299 3494 terius
2343 3429 2527 3492 nfundi
2555 3429 2736 3508 ﬁnem,
2768 3429 2990 3490 alterius
3015 3453 3126 3490 esse
3168 3429 3492 3508 principium
3516 3450 3535 3486 :
3567 3435 3719 3504 quod

457 3507 660 3561 dixerit
704 3516 990 3577 :attamen
1041 3507 1226 3577 negari
1279 3507 1364 3559 vix
1419 3507 1593 3577 possit
1641 3509 2025 3562 Adamantium

461 3577 747 3632 censuisse
783 3576 978 3646 Filium
1014 3576 1136 3631 esse
1171 3576 1456 3646 dignitate,
1490 3579 1728 3646 potentia
1761 3587 1815 3632 et
1846 3580 2028 3632 scien-

461 3651 536 3716 tia
564 3715 567 3716 ν
591 3647 906 3702 inferiorem
942 3644 1116 3707 Patri,
1151 3644 1504 3716 ctSpirituni
1556 3657 1831 3712 sanctum,
1868 3649 2025 3702 Filio.

438 3715 514 3769 ld
543 3715 747 3772 diserte
781 3717 1017 3772 abstruit
1043 3718 1182 3770 lihro
1214 3715 1290 3770 De
1340 3719 1598 3782 oratione,
1628 3718 1716 3772 ubi
1753 3718 2032 3772 contendit

462 3785 699 3849 Patrem,
727 3803 834 3841 non
865 3785 1144 3840 Christum
1196 3795 1290 3840 aut
1324 3785 1544 3852 Filium,
1579 3789 1847 3842 orandum
1883 3801 2027 3843 esse.

465 3855 602 3926 l‘linc
663 3856 935 3912 Eusebius
998 3856 1392 3926 Caesariensis,
1442 3858 1533 3926 qui
1593 3859 2031 3914 studiosissimus

461 3923 714 3998 Qrigcnis
768 3925 905 3998 fuit,
940 3926 994 3998 in
1053 3927 1208 3982 libris
1257 3923 1473 3998 Contrf
1509 3926 1780 3994 Marcell.,
1813 3928 2032 3998 tametsi

467 3995 704 4051 Verbum
732 3995 790 4064 ἐξ
819 3997 917 4050 οὐκ
955 3997 1145 4060 ὅντων,
1177 4011 1242 4051 ex
1265 3996 1425 4052 nullis
1453 3998 1808 4061 exstantibus,
1828 3997 2030 4052 factum

465 4075 648 4136 negat,
680 4077 734 4121 et
771 4082 834 4121 ex
869 4066 960 4122 Dei
994 4068 1306 4122 substantia
1336 4067 1580 4136 genitum
1607 4067 1858 4131 allirmat,
1885 4075 2032 4121 totus

464 4148 549 4208 est
598 4137 653 4190 in
691 4137 1028 4208 subiectione
1062 4136 1186 4190 Filii
1249 4137 1337 4208 ad
1363 4137 1578 4192 Patrem
1617 4137 2030 4208 propugnanda.

463 4207 732 4272 Quocirca
779 4207 978 4262 Filium
1033 4221 1156 4262 esse
1178 4205 1496 4276 opoouatov,
1531 4205 2034 4262 consubstuntialem

465 4276 616 4331 Patri
651 4278 754 4332 hoc
787 4292 954 4331 sensu
985 4275 1601 4348 duntaxatfassusest,
1629 4293 1738 4348 quo
1767 4278 2034 4332 Platonici

466 4348 745 4402 daemonas
805 4354 858 4399 et
909 4347 1121 4400 animas
1169 4345 1354 4398 divina
1402 4345 1709 4401 substantia
1777 4355 2035 4402 constare

467 4417 708 4488 aiebant.
751 4414 864 4469 lloc
915 4413 1177 4488 Origenes
1216 4423 1504 4488 acceperat
1538 4433 1602 4473 ex
1657 4417 1902 4484 Platone,
1941 4419 2035 4488 qui

469 4495 528 4557 ut
563 4487 752 4554 multi,
786 4501 850 4541 ac
895 4485 1196 4557 praesertim
1251 4485 1541 4552 EuSebius,
1591 4489 1683 4543 Iih.
1742 4503 1818 4542 x-u
1851 4485 2031 4557 Prrép.

471 4555 698 4628 Etang.,
738 4571 860 4628 capi.
885 4555 976 4620 20,
1002 4556 1398 4628 observarunt,
1431 4573 1600 4612 unum
1637 4557 1804 4614 Deum
1853 4555 2037 4628 posuit

468 4627 560 4696 qui
609 4626 1047 4698 Stiperelllttentia
1087 4626 1325 4698 quadam
1372 4627 1439 4682 de
1499 4642 1556 4682 se
1613 4626 2036 4694 utentem—,sivc

468 4698 645 4752 ideam
679 4696 942 4768 emiserit,
976 4713 1075 4752 ceu
1107 4696 1354 4768 δεύτερον
1415 4698 1607 4762 αἴτιον,
1652 4715 1866 4752 causam
1912 4699 2036 4752 alte-

2131 3510 2294 3580 plane
2317 3516 2413 3580 est
2433 3505 2714 3580 materiam
2741 3517 2999 3562 aeternam
3026 3520 3247 3580 ponere.
3269 3505 3458 3580 Itaque
3477 3522 3547 3580 εξ
3558 3521 3718 3580 praef

2131 3573 2296 3634 dictis
2332 3577 2604 3633 inferebat
2637 3578 2915 3632 daemones
2936 3585 2990 3630 et
3028 3573 3234 3646 impios
3266 3573 3479 3630 meritis
3509 3573 3719 3646 Christi

2132 3649 2202 3703 ad
2251 3651 2531 3704 meliorem
2570 3646 2778 3716 frugem
2831 3645 3129 3709 redituros,
3165 3655 3405 3713 tuncque
3448 3645 3720 3716 subjectis

2134 3720 2406 3774 universis
2436 3717 2566 3782 Deo,
2593 3714 2814 3787 regnum
2865 3716 3071 3772 Christi
3097 3716 3448 3787 desiturum.
3473 3715 3576 3787 Sic
3603 3714 3720 3787 dis-

2133 3797 2285 3856 putat
2317 3790 2411 3843 lib.
2441 3804 2490 3842 tv
2520 3787 2595 3841 De
2642 3784 2842 3855 princ.,
2873 3795 2928 3842 et
2962 3787 3056 3842 lib.
3089 3785 3162 3840 De
3191 3795 3332 3840 orat.
3364 3786 3392 3857 §
3422 3786 3538 3857 lli,_
3579 3784 3721 3857 nihil

2133 3855 2456 3915 desciscens
2497 3873 2527 3910 a
2574 3857 2871 3911 Platonieis
2927 3859 3065 3911 suis.
3099 3855 3723 3925 lnsuper,‘postbabito

2136 3931 2317 3984 nativo
2340 3929 2639 3997 Scriptura»
2663 3942 2849 3992 sensu,
2876 3926 3265 3997 Gnosticorum
3299 3941 3470 3997 more,
3492 3940 3556 3979 ac
3576 3941 3723 3997 prae-

2135 4000 2321 4055 sertim
2344 3995 2739 4053 JuliiCassiani
2762 4037 2777 4062 ,
2803 3999 2990 4062 Iibuv,
3025 4012 3148 4066 cap.
3189 3996 3464 4059 5,docuit
3497 3995 3724 4064 paradi-

2137 4085 2281 4134 sum,
2303 4070 2355 4123 in
2377 4070 2536 4124 tertio
2555 4070 2854 4135 plantatum
2892 4083 2921 4120 a
2956 4069 3063 4121 Deo
3091 4067 3277 4128 fuisse,
3309 4081 3407 4136 pro
3428 4066 3724 4120 arboribus

2139 4141 2385 4208 angelos,
2403 4155 2501 4210 pro
2535 4138 2855 4210 fluminibus
2881 4138 3111 4210 virtutes
3146 4137 3593 4207 intelligens,pro
3631 4145 3724 4190 tu-

2141 4210 2283 4278 nicis
2315 4208 2556 4280 pelliceis
2587 4209 2786 4278 quibus
2811 4208 2973 4277 primi
3007 4217 3262 4280 parentes
3284 4216 3414 4280 post
3432 4214 3722 4276 peccatum

2138 4278 2490 4344 indutisunt,
2509 4293 2729 4332 carnem
2759 4293 2880 4348 qua:
2909 4278 3070 4331 morti
3094 4278 3329 4348 obnoxia
3353 4286 3535 4348 esset:
3557 4286 3723 4331 antea

2139 4351 2407 4418 siquidem
2436 4349 2704 4402 Adamum
2727 4352 2844 4404 sine
2868 4362 3055 4410 carne,
3081 4347 3264 4418 nervis
3283 4386 3297 4410 ,
3320 4355 3373 4400 et
3402 4347 3624 4402 ossibus
3643 4349 3726 4400 vi-

2139 4415 2305 4475 xisse.
2359 4421 2703 4488 Quapropter
2733 4433 3026 4488 corporum
3078 4415 3324 4488 quidem,
3373 4432 3482 4488 non
3538 4424 3723 4488 autem

2139 4491 2325 4545 carnis
2353 4486 2868 4552 {resurrectionem
2928 4486 3066 4542 fore.
3099 4486 3507 4556 Primigeniam
3571 4487 3725 4540 illam

2140 4559 2366 4614 humani
2392 4559 2641 4630 corporis
2664 4558 3054 4630 conditionem,
3094 4557 3409 4630 interiorem
3428 4557 3727 4630 hominem

2140 4625 2517 4700 appellitabat,
2548 4629 2634 4700 cui
2663 4629 2765 4682 soli
2789 4627 3081 4700 conveniat
3121 4642 3246 4682 esse
3277 4627 3571 4700 imaginem
3603 4625 3723 4680 Dei.

2143 4696 2414 4756 Caiterum
2468 4699 2658 4755 sedula
2707 4698 3102 4754 exercitatione
3149 4711 3314 4767 posse
3347 4696 3628 4767 heminam
3661 4710 3732 4750 eo

468 4783 608 4841 ram,
648 4776 763 4821 tum
813 4767 1031 4841 tertium
1065 4765 1691 4841 _al_iud,'puta_:mimam
1715 4767 2041 4841 _umndi_or-
2075 4771 2500 4841 D‘perfectionis
2552 4769 2862 4838 pertingere
2895 4807 2914 4841 ,
2943 4775 3003 4822 ut
3041 4782 3110 4822 ne
3152 4765 3434 4841 ileviorem
3499 4765 3730 4841 quidem

469 4837 599 4891 (line
634 4847 688 4892 et
710 4847 902 4891 natura
948 4838 1014 4892 iis
1064 4836 1399 4891 inferiorem.
1432 4836 1671 4892 Rursum
1707 4837 1864 4906 juxta
1917 4836 2041 4892 Pla-

468 4909 781 4962 tonicorum
825 4907 1152 4971 doctrinam,
1171 4907 1415 4974 angelos,
1431 4907 1728 4973 daemones,
1745 4916 1800 4961 et
1831 4909 2043 4965 animas

469 4979 742 5032 humanas
770 4976 1016 5046 ejusdem
1048 4990 1174 5046 esse
1207 4978 1458 5046 essentia:
1481 4977 1730 5039 docebat,
1766 4985 1878 5030 tum
1911 4978 2041 5032 sul)-

470 5047 598 5102 inde
655 5060 753 5116 pro
801 5044 1134 5116 discrimine
1197 5045 1513 5102 meritorum
1576 5048 1820 5102 diversos
1866 5056 2043 5103 status

469 5114 672 5172 nactos
693 5131 836 5182 esse,
864 5123 924 5168 ut
977 5114 1068 5168 alii
1121 5117 1293 5184 angeli
1347 5124 1553 5181 essent,
1594 5117 1870 5171 daemones
1905 5119 1992 5171 alii
2025 5135 2041 5186 ;

469 5187 562 5241 alii
591 5187 909 5258 caelestibus
931 5186 1274 5258 corporibus,
1309 5186 1399 5258 alii
1436 5187 2034 5258 humanisvegetandis

467 5256 901 5312 destinarentur.
952 5257 1180 5310 Animas
1234 5256 1434 5325 quippe
1492 5256 1854 5326 corporibus.
1889 5260 2034 5313 velut

468 5327 761 5398 ergastulis
814 5327 1048 5396 alligari,
1083 5341 1179 5380 nec
1216 5332 1324 5398 tam
1365 5327 1579 5398 discere
1600 5343 1723 5397 qua:
1758 5328 2036 5398 religionis

469 5395 634 5465 sunt,
665 5413 831 5469 quam
879 5411 1085 5469 eorum
1130 5395 1424 5469 reminisci.
1462 5396 1583 5469 ll-ec
1618 5395 1802 5469 tradit
1839 5395 1934 5452 lib.
1961 5397 2038 5453 De

468 5466 758 5532 oratione;
806 5483 927 5538 qua-
959 5466 1177 5538 quidem
1231 5466 1446 5538 aliaque
1495 5468 1651 5538 plura
1677 5466 2041 5538 Hieronymus

468 5540 632 5608 epi5t.
664 5538 754 5604 59,
791 5536 911 5608 cap.
945 5536 1009 5600 l’,
1040 5536 1187 5590 eruit
1218 5551 1285 5591 ex
1317 5537 1414 5592 lib.
1441 5553 1457 5590 ι
1503 5536 1586 5590 De
1608 5539 1778 5605 princ.
1808 5536 2042 5608 Cumque

472 5609 650 5662 omnia
711 5610 858 5662 vario
913 5622 1149 5661 sermone
1202 5615 1504 5670 tractasset,
1556 5608 1778 5678 inquit,
1808 5625 2046 5663 asserens

472 5678 746 5732 diabolum
798 5695 902 5730 non
931 5678 1230 5744 incapacem
1260 5693 1370 5731 esse
1401 5679 1633 5744 virtutis,
1654 5688 1702 5732 et
1733 5687 1908 5733 tamen
1930 5695 2049 5733 nec-

472 5749 603 5802 dum
633 5748 762 5801 velle
809 5761 992 5814 capere
1047 5750 1332 5807 virtutem;
1366 5747 1434 5798 ad
1485 5758 1778 5801 extremum
1815 5765 2051 5803 sermone

473 5817 746 5872 latissimo
803 5816 1128 5884 disputavit,
1161 5815 1402 5883 angelum
1426 5857 1440 5880 ,
1473 5819 1578 5872 sive
1643 5819 1919 5880 animum,
1959 5828 2052 5872 aut

475 5899 615 5945 certe
655 5886 964 5955 daemonem,
995 5902 1124 5957 quos
1172 5887 1327 5940 unius
1359 5889 1546 5943 asserit
1575 5905 1689 5943 esse
1717 5899 1943 5958 naturae,
1964 5889 2052 5943 sed

2144 4836 2614 4912 perturbatione—ni
2677 4838 3082 4912 persentiscat,
3119 4836 3351 4912 ulliusve
3387 4839 3596 4912 peccati
3624 4838 3734 4912 .la—

2144 4905 2287 4974 item,
2313 4924 2376 4964 ac
2399 4909 2625 4980 depulsa
2662 4905 2759 4978 per
2792 4906 3067 4980 enicem
3115 4905 3734 4980 caliginc,_’intelligibi-

2144 4981 2225 5035 les
2251 4976 2591 5034 substantias
2623 4976 2927 5035 intueatur.
2952 4979 3011 5031 ln
3057 4977 3199 5030 hanc
3245 4976 3736 5045 opinionemque

2143 5047 2530 5105 Gnosticorum
2578 5049 2740 5103 etiam
2789 5047 3007 5111 fuerat,
3045 5044 3298 5116 posthac
3329 5044 3581 5116 Pelagius
3622 5049 3738 5100 im—

2145 5121 2334 5190 pegit;
2367 5136 2527 5188 quem
2572 5119 2776 5190 idcirco
2817 5116 3215 5190 Hieronymus,
3259 5116 3742 5190 enumeratisve-

2146 5185 2268 5244 iteui
2301 5185 2459 5244 istius
2491 5188 2832 5254 auctoribus,
2866 5187 2949 5242 sic
2981 5185 3364 5254 alloquebatur
3391 5201 3404 5238 :
3435 5185 3526 5238 Vis
3555 5186 3746 5240 adhuc

2142 5270 2192 5312 et
2242 5259 2408 5313 alium
2460 5275 2612 5313 nosse
2663 5257 2738 5310 tui
2785 5258 2982 5311 erroris
3023 5255 3352 5324 principem,
3381 5255 3600 5309 Itrrresis
3641 5266 3750 5310 tua

2148 5329 2389 5398 Origenis
2422 5328 2756 5382 ramusculus
2781 5337 2881 5398 est.

2219 5391 2331 5470 (ἂὸ)
2373 5399 2518 5454 ldem
2577 5398 2730 5470 Petili
2772 5395 3156 5470 Samosateni,
3217 5391 3311 5463 qui
3351 5391 3574 5470 Sabellii
3603 5433 3619 5456 ,
3666 5394 3752 5449 de

2148 5462 2436 5532 Trinitate,
2471 5476 2525 5522 et
2559 5469 2626 5522 de
2656 5467 2863 5522 Christi
2902 5462 3362 5536 personaseusus
3399 5462 3536 5536 fuit;
3560 5479 3748 5536 quem

2153 5540 2398 5594 Orientis
2439 5538 2678 5607 episcopi
2728 5533 2946 5601 eodeni,
2988 5550 3096 5607 quo
3149 5533 3524 5607 Epiphanius,
3559 5533 3748 5587 modo

2154 5611 2440 5664 cnnntiant
2474 5603 2547 5662 in
2595 5603 2755 5662 tertia
2825 5608 2917 5660 illa
2976 5603 3098 5659 lidei
3142 5603 3504 5674 professione
3556 5618 3750 5674 quam

2155 5680 2492 5734 Athanasius
2512 5688 2566 5733 ct
2600 5677 2840 5730 llilarins
2864 5676 2918 5729 in
2951 5675 3105 5730 libris
3129 5673 3203 5728 De
3225 5673 3438 5742 synodis
3469 5673 3757 5741 recitant,

2157 5764 2370 5805 necnon
2432 5749 2711 5811 Socrates,
2761 5747 2858 5801 lib.
2896 5761 2933 5799 ll
2989 5744 3129 5800 Hist.
3163 5759 3217 5797 e.
3258 5741 3344 5797 15.
3385 5741 3762 5812 Epiphanius

2157 5821 2212 5874 in
2245 5819 2482 5873 Panario
2513 5817 2682 5882 addit,
2711 5817 2816 5872 hoc
2849 5823 3008 5886 pacto
3038 5815 3279 5886 Artemte
3311 5813 3506 5886 dogma
3537 5812 3782 5866 exstin—

2160 5899 2300 5944 ctum
2333 5891 2559 5958 pridem,
2597 5888 2705 5958 πρὸ
2763 5883 2976 5942 milium
3017 5884 3151 5938 ὲτῶν
3183 5883 3536 5952 ἐσϐεσμένον,
3569 5895 3780 5952 opera
