3962 6320
208 524 304 590 717

1363 509 1461 569 DE
1503 505 1959 568 H/ERESIBUS
1986 503 2060 563 LI
2070 501 2239 561 BER.

3351 486 3458 553 718

211 632 501 704 μοσατέως.
545 619 717 689 Οὗτος
774 624 803 676 ὁ
856 620 1088 684 Παῦλος,
1142 618 1490 688 ἀνύπαρκτον
1536 616 1774 687 Χριστὸν

1899 613 1968 667 tie
2003 610 2152 665 omni
2185 620 2356 678 prope
2393 605 2620 660 modum
2650 601 2975 660 exsistentia
3008 597 3295 655 Christum
3328 609 3457 666 spo-

208 724 379 791 ὁλὶγου
424 722 535 775 δεῖν
580 714 1013 780 διαϐεϐαιοῦται,
1042 712 1199 781 λόγον
1238 710 1574 782 προφορικὸν
1614 709 1774 762 αὑτὸν

211 814 567 884 σχηματίσας,
598 808 704 863 ἀπὸ
743 806 964 875 Μαρίας
991 803 1070 868 δὲ,
1103 803 1200 855 καὶ
1242 799 1405 871 δεῦρο
1434 796 1575 852 εῖναι
1596 815 1607 827 ·
1645 814 1778 868 προ-

210 900 648 971 καταγγελτικῶς
680 897 749 951 τὰ
791 896 921 967 περὶ
978 892 1143 947 αὑτοῦ
1176 893 1237 944 ὲν
1275 893 1398 954 ταῖς
1432 890 1605 952 θείαις
1637 889 1778 958 Γρα-

212 1000 329 1066 (psi;
363 992 629 1064 εἰρημένα
658 988 874 1059 ἔχοντος
926 986 1047 1055 μὲν,
1083 984 1159 1054 μὴ
1188 983 1343 1045 ὄντος
1387 981 1444 1034 δέ
1465 997 1478 1012 ⁸
1520 979 1635 1034 ἀλλ’
1670 979 1778 1032 ἀπὸ

210 1087 418 1157 Μαρίας
449 1085 544 1137 καὶ
565 1080 725 1151 δεῦρο
754 1078 863 1132 ἀπὸ
884 1077 984 1147 τῆς
1006 1075 1274 1146 ὲνσάρκου
1304 1071 1607 1143 παρουσίας
1633 1069 1778 1139 ἔχειν

210 1178 303 1248 τὴν
332 1176 586 1245 ὓπαρξιν.

281 1348 381 1413 ξς.
434 1345 728 1415 Μανιχαίοι
779 1339 923 1412 (Η),
981 1340 1029 1393 οἱ
1072 1338 1168 1392 καὶ⁸
1207 1337 1481 1392 Ἀκονῖται
1515 1333 1578 1374 δ’
1632 1328 1780 1391 οὗτοι

214 1438 394 1496 Μανοῦ
422 1437 518 1491 τοῦ
556 1435 769 1504 Πέρσου
814 1431 1074 1502 μαθηταὶ,
1110 1428 1353 1500 Χριστὸν
1396 1429 1497 1499 μὲν
1540 1428 1782 1499 σχήματι

212 1531 476 1600 λέγοντες,
509 1527 666 1597 ἥλιον
692 1525 750 1577 δὲ
782 1523 1052 1586 σέϐοντες,
1103 1522 1199 1573 καὶ
1232 1520 1464 1591 σελήνην
1485 1557 1500 1583 ,
1540 1519 1782 1591 ἄστροις,

215 1626 305 1678 καὶ
334 1622 615 1693 δυνάμεσι,
668 1618 765 1671 καὶ
814 1616 1068 1686 δαίμοσιν
1115 1612 1439 1683 εὐχόμενοι,
1475 1610 1652 1682 ἀρχὰς
1692 1610 1786 1664 δύο

215 1711 591 1783 εἰσηγούμενοι
616 1747 631 1772 ,
672 1708 920 1777 πονηράν
951 1723 1009 1758 τε
1062 1705 1158 1758 καὶ
1209 1702 1420 1773 ἀγαθὴν
1464 1702 1551 1754 ἀεὶ
1582 1700 1781 1764 οὔσας·

215 1798 448 1870 Χριστὸν
494 1797 551 1849 δὲ
605 1795 825 1865 δοκήσει
883 1792 1221 1864 πεφηνέναι,
1275 1793 1369 1844 καὶ
1420 1792 1784 1845 πεπονθέναιυ

222 1888 466 1946 Παλαιὰν
497 1887 773 1958 Διαθήκην
804 1883 1273 1956 βλασφημοῦντες,
1297 1882 1395 1936 καὶ
1434 1882 1527 1936 τὸν
1563 1886 1620 1936 ὲν
1646 1883 1785 1955 αὐτῇ

1881 706 2014 766 liat,
2052 704 2182 756 dum
2219 713 2343 754 eum
2375 698 2430 752 in
2466 694 2808 767 prolatitium
2841 706 3152 748 sermonem
3187 688 3461 742 transfor-

1880 802 2015 860 mat,
2035 792 2401 858 eumdemquc
2425 795 2548 842 ante
2572 786 2796 841 Mariam
2822 785 3034 838 initium
3061 797 3170 836 non
3198 778 3463 835 habuisse

1880 886 2164 956 prmdicat.
2199 881 2566 949 Quamobrem
2598 893 2721 949 quae
2754 876 2810 931 in
2843 876 3019 932 sacris
3043 873 3269 928 Litteris
3300 872 3369 927 de
3397 885 3465 926 eo

1882 978 2221 1041 referuntur,
2274 973 2599 1044 prophetico
2646 985 2799 1024 more
2848 966 3221 1038 praenuntiata
3254 965 3456 1029 docet.

1883 1084 2007 1123 cum
2036 1067 2297 1123 Christus
2330 1064 2572 1121 nondum
2606 1068 2784 1127 esset,
2814 1068 2980 1129 atque
3008 1074 3037 1112 a
3068 1057 3238 1112 Maria
3263 1056 3465 1109 duuta~

1884 1167 1977 1214 xat
2000 1198 2014 1224 ,
2054 1175 2122 1214 ex
2154 1172 2266 1227 quo
2298 1156 2563 1211 nimirum
2598 1154 2652 1208 in
2689 1167 2859 1209 carne
2892 1148 3178 1221 apparuit,
3212 1160 3276 1202 ac
3307 1146 3465 1201 dein-

1884 1265 2014 1320 ceps
2037 1290 2053 1315 ,
2082 1248 2387 1304 exstiterit.

1956 1342 2045 1397 66.
2086 1340 2406 1402 Manichaai,
2438 1351 2580 1409 quos
2616 1343 2671 1391 et
2712 1334 2981 1389 Aconitas
3012 1338 3249 1395 vocant,
3292 1328 3472 1385 Manis

1887 1429 2075 1487 Persae
2124 1428 2385 1499 discipuli
2416 1444 2430 1493 ;
2467 1425 2752 1482 Christum
2787 1422 2972 1493 specie
3005 1432 3167 1477 tenus
3202 1418 3473 1475 conﬁten-

1888 1531 2005 1587 tes,
2058 1522 2230 1577 solem
2276 1519 2573 1588 lunamque
2610 1515 2819 1571 colunt.
2867 1513 3033 1568 Astra
3072 1511 3346 1575 virtutes,
3403 1524 3470 1563 ac

1888 1612 2168 1669 daemones
2200 1612 2482 1666 invocant.
2515 1607 2630 1661 Duo
2658 1603 2930 1676 principia
2959 1602 3300 1672 sempiterna
3322 1640 3336 1663 ,
3370 1599 3473 1654 bo-

1890 1721 2019 1760 num
2052 1712 2107 1759 et
2131 1705 2336 1758 malum
2369 1700 2721 1756 constituunt
2748 1715 2761 1750 :
2797 1696 3084 1751 Christum
3115 1692 3475 1763 phantastico

1891 1794 2054 1849 modo
2087 1792 2453 1864 apparuisse,
2494 1804 2559 1844 ac
2593 1789 2780 1860 Specie
2828 1796 2993 1843 tenus
3030 1799 3256 1856 passum
3298 1799 3424 1840 esse
3457 1802 3472 1836 :

1892 1883 2062 1940 Vetus
2096 1884 2543 1948 Testamentum,
2599 1891 2656 1938 et
2706 1879 2974 1951 eum‘qui
3028 1878 3083 1933 in
3136 1892 3203 1933 eo
3254 1877 3476 1931 locutus

215 1980 520 2051 λαλήσαντα
546 1979 678 2032 Θεόν
701 1996 715 2010 ·
751 1976 959 2047 κόσμον
992 1976 1053 2028 οὐ
1090 1974 1183 2028 τὸν
1218 1975 1417 2038 πάντα,
1453 1974 1588 2029 ἀλλὰ
1620 1975 1783 2046 μέρος

1895 1984 2012 2039 cst,
2047 1975 2416 2043 blasphemiis
2463 1981 2724 2030 onerant.
2768 1972 3062 2036 Mundam,
3105 1985 3216 2026 non
3250 1969 3479 2024 univer-

218 2074 281 2125 ὲκ
305 2071 438 2125 Θεοῦ
464 2069 795 2140 γεγενῆσθαι
820 2068 1131 2140 ὁρίζομενοι
1168 2068 1212 2120 ί.

288 2249 383 2315 ξζν.
427 2245 717 2318 Ἱερακιταί
742 2245 853 2316 (45)
875 2261 890 2279 ο
921 2237 1065 2298 οὗτοι
1088 2242 1196 2296 ἀπὸ
1237 2243 1479 2313 Ἱέρακος
1499 2242 1593 2296 τοῦ
1621 2244 1786 2297 Λεον-

217 2335 495 2390 τοπολίτου
523 2334 623 2404 τῆς
652 2332 925 2402 Αἰγύπτου
949 2330 1217 2402 ἐξηγητοῦ
1244 2331 1418 2395 τινός·
1446 2333 1656 2402 σαρκὸς
1687 2334 1788 2404 μὲν

217 2428 516 2481 ἀνάστασιν
575 2423 924 2487 ἀθετοῦντες,
984 2421 1260 2492 χρώμενοι
1325 2420 1381 2473 δὲ
1435 2421 1648 2493 Παλαιᾷ
1699 2423 1794 2477 καὶ

218 2519 393 2587 Καινῇ
436 2516 703 2587 Διαθήκῃ.
755 2511 1220 2585 Ἀπαγορεύοντες
1270 2512 1447 2583 γάμον
1482 2514 1793 2579 παντελῶς,

220 2608 555 2682 μονάζοντας
576 2608 657 2673 δὲ,
683 2607 779 2662 καὶ
813 2606 1137 2677 παρθένους,
1167 2605 1261 2659 καὶ
1292 2598 1799 2677 ὲγκρατευομένους

1893 2082 2018 2123 sum
2045 2082 2077 2121 a
2117 2068 2229 2123 Deo
2250 2107 2266 2134 ,
2300 2067 2398 2123 sed
2432 2067 2554 2137 ejus
2599 2072 2814 2136 partem
2859 2063 3187 2120 fabricatam
3226 2075 3352 2117 esse
3383 2059 3483 2117 de-

1893 2157 2114 2213 ﬁniunt.

1960 2248 2048 2304 67.
2091 2247 2425 2311 Hieracitre,
2480 2248 2550 2303 ab
2604 2246 2836 2303 Hierace
2885 2245 3122 2318 quodam
3178 2248 3480 2320 interprete

1891 2344 1946 2394 et
1988 2337 2254 2403 doctore,
2294 2336 2664 2407 LeontOpoli,
2722 2334 2868 2406 quod
2922 2334 3149 2406 Egypti
3210 2336 3479 2406 oppidum

1894 2437 2014 2493 est,
2064 2430 2302 2484 oriundo
2357 2427 2705 2497 nuncupati;
2750 2426 2941 2481 carnis
2997 2427 3473 2481 resurreCtionem

1898 2526 2172 2589 respuunt
2210 2536 2225 2573 :
2264 2518 2451 2575 Veteri
2502 2516 2763 2588 Novoque
2806 2516 3160 2573 Testamento
3205 2524 3482 2572 utuntur:

1901 2610 2115 2681 nuptiis
2153 2611 2375 2682 penitus
2409 2609 2755 2666 interdicunt
2786 2628 2801 2664 :
2839 2608 3144 2666 monachos
3177 2617 3396 2676 autem,
3430 2617 3487 2665 et

1490 2760 1728 2816 VARUE
1769 2761 2172 2820 LECTIONES.

293 2872 318 2913 ¹²
350 2875 539 2946 Epiph.
580 2876 941 2946 Ἀδεουανῖται.
977 2874 1068 2946 Sic
1100 2882 1258 2946 vetus
1283 2873 1491 2946 interp.
1534 2876 1831 2931 Acuanitw.

220 2946 322 3018 τῆς
343 2942 591 3009 ἐναντίας
624 2942 765 2999 εῖναι
796 2946 971 3017 ἀρχῆς
997 2942 1453 2999 διαϐεϐαιοῦνταιξ

1917 2880 1933 2919 ί
1975 2879 2032 2935 ln
2069 2880 2195 2936 cod.
2230 2879 2289 2935 S.
2319 2878 2426 2936 Hil.
2465 2875 2703 2935 secunda
2739 2893 2901 2933 manu
2935 2875 3179 2944 additur,
3218 2877 3281 2932 τὸ
3300 2874 3488 2931 λοιπὸν

1746 3036 1980 3093 NOTAE.

222 3195 379 3249 Pauli
410 3192 696 3248 revixisse.
732 3190 932 3247 Verum
972 3190 1298 3245 Antiocheni
1344 3190 1537 3261 Patres
1569 3190 1621 3245 in
1668 3194 1786 3261 epi-

228 3268 372 3319 stola
426 3264 690 3317 adversus
728 3262 972 3333 Paulum
1028 3262 1289 3331 synodica
1340 3260 1535 3333 [apud
1594 3260 1795 3317 Euseb.

224 3336 326 3389 lib.
369 3335 685 3414 vtt_iiist..c.
849 3340 982 3414 tunc
1005 3332 1268 3414 temporis
1303 3331 1798 3414 A‘rtemamipsuin

224 3405 581 3474 superstitem
603 3403 660 3474 in
695 3399 836 3474 vivis
869 3401 1042 3474 fuisse
1077 3399 1390 3474 signiﬁcare
1416 3399 1680 3474 videntur
1707 3402 1798 3474 his

224 3465 451 3529 verbis:
486 3472 564 3541 τῷ
599 3473 841 3541 ’Δρτεμᾷ
875 3465 1027 3532 οὗτος
1072 3465 1583 3541 ετξιστελλέτωμκαὶ
1620 3474 1668 3524 οἱ
1714 3470 1802 3541 διὰ

223 3545 322 3598 τοῦ
367 3538 608 3611 Ἀρτεμᾶ
636 3538 826 3611 sctit—(9‘
847 3540 1300 3611 κοινωνείτωσαν,
1331 3541 1415 3592 hic
1448 3538 1700 3609 (Paulus)
1725 3540 1801 3594 ad

226 3610 505 3668 Artemon:
531 3610 749 3675 scribat,
773 3610 823 3665 et
849 3612 1080 3664 Artema:
1101 3610 1334 3680 gregales
1363 3626 1481 3662 cum
1513 3611 1629 3677 ipso
1655 3628 1801 3665 com-

224 3686 523 3739 municent.
585 3680 853 3745 Quocirca
916 3681 1222 3733 Alexander
1278 3680 1687 3735 Alexandrinus
1748 3682 1801 3734 in

225 3756 397 3823 epist.
441 3754 506 3805 ad
547 3751 919 3823 Alexandrum
961 3749 1380 3823 Byzantrcirca
1422 3764 1628 3823 annum
1675 3751 1799 3815 517,

226 3819 533 3885 scribebat,
598 3835 707 3874 non
766 3821 842 3874 ita
909 3820 1118 3888 pridem
1188 3821 1476 3873 Artemam
1544 3819 1802 3875 deitatem

225 3893 438 3948 Christi
468 3905 787 3960 oppugnare
820 3892 1079 3958 cmpissc.

306 3963 423 4035 (44),
475 3959 881 4035 manesjusta
916 3968 1154 4035 veterem
1200 3959 1527 4035 Persarum,
1580 3973 1795 4035 necnon

226 4028 620 4089 Gnosticorum
648 4030 974 4099 theologiam
1008 4028 1119 4083 duo
1147 4043 1330 4083 rerum
1366 4028 1612 4099 omnium
1640 4030 1797 4098 prin-

226 4104 376 4173 cipia
417 4108 716 4173 (δοεειεξιᾜιιΔ
743 4108 799 4153 et
836 4098 1194 4173 subsistentia
1242 4098 1559 4173 praestituit,
1591 4101 1796 4153 bonum

228 4168 470 4236 scilicet,
510 4171 652 4239 quod
687 4168 853 4223 Deum
881 4178 933 4223 et
964 4169 1139 4223 lucem
1174 4168 1545 4235 nuncupabat,
1587 4178 1640 4223 et
1680 4184 1799 4222 ma-

229 4246 345 4298 lum
370 4240 517 4312 quod
553 4241 829 4312 tenebras,
861 4239 943 4312 vel
966 4238 1135 4312 etiam
1173 4238 1459 4312 materiam
1482 4253 1606 4291 cum
1631 4253 1801 4309 pravo

228 4329 333 4367 suo
362 4307 545 4383 g'enio,
578 4325 673 4364 seu
700 4308 939 4362 diabolo.
965 4309 1101 4383 Illud
1128 4308 1346 4383 quidem
1376 4307 1644 4383 bonorum
1676 4324 1800 4383 esse

233 4376 468 4442 fontem,
505 4395 534 4433 a
564 4394 672 4447 quo
706 4394 794 4432 res
821 4380 1133 4447 superiores
1176 4376 1461 4447 producta:
1499 4378 1641 4447 sint,»
1665 4378 1800 4433 alte-

230 4469 356 4507 rum
391 4466 526 4506 vero
552 4444 840 4502 malorum.
878 4444 1051 4501 Ambo
1083 4444 1355 4517 quondam
1391 4446 1561 4501 fuisse
1591 4444 1800 4517 disgrc-

232 4533 356 4592 gata
389 4540 404 4575 :
442 4530 498 4575 at
525 4519 747 4592 malum,
794 4516 1336 4592 impatiens‘thtietis,
1367 4516 1796 4592 contrabonum

229 4585 499 4654 movisse,
547 4585 883 4656 emissisque’
911 4585 1203 4656 virtutibus
1246 4586 1384 4646 suis,
1422 4585 1794 4654 nequidquam

228 4660 635 4716 obsistentibus
690 4655 1065 4722 adversariis,
1121 4655 1213 4710 Dei
1263 4656 1436 4723 ipsius
1490 4656 1796 4723 portionem

226 4733 525 4800 rapuisse,
553 4742 713 4797 quam
729 4727 1063 4800 corporibus
1083 4725 1396 4800 animandis
1424 4724 1666 4792 illigarit.
1699 4724 1808 4778 Deo

229 4794 940 4871 siquidem_cumvirtutcs,
964 4806 1076 4871 tum
1099 4794 1320 4871 αξῷνᾳς,
1346 4809 1511 4871 mones
1531 4808 1661 4871 suos
1680 4809 1807 4871 per-

227 4863 357 4925 inde
393 4886 458 4923 ac
493 4867 741 4922 Gnostici
778 4865 1130 4919 concedebat.
1152 4863 1377 4917 Animas
1415 4864 1597 4932 itaque
1629 4863 1808 4917 homi-

228 4956 402 5007 num;
439 4946 552 4991 tam
585 4936 865 4997 hominum
891 4950 1055 5007 quam
1076 4935 1469 5007 iumentorum,
1490 4933 1694 5007 avium,
1727 4933 1809 5007 pi-

227 5003 407 5065 scium
441 5014 497 5063 et
531 5007 811 5069 arborum,
836 5003 920 5057 uti
946 5005 1176 5058 virtutes
1206 5006 1479 5060 caelestes.
1502 5003 1693 5067 solem,
1728 5005 1809 5055 lu-

226 5095 385 5146 nam,
418 5089 473 5133 et
503 5077 682 5131 sidera
735 5075 931 5129 divinae
984 5074 1303 5146 substantia:
1342 5081 1620 5146 segmenta
1664 5087 1805 5146 esse.

228 5142 406 5205 Deum
448 5149 649 5217 quippe
669 5159 900 5214 corpore
934 5145 1170 5217 aethereo
1201 5151 1487 5203 conSIare;
1516 5142 1627 5195 imo
1657 5142 1810 5217 defe-

227 5211 806 5277 catissinium'aereni,
838 5230 931 5268 seu
958 5216 1211 5269 aztherem
1261 5226 1419 5265 esse:
1453 5211 1807 5280 quamobrem

228 5290 438 5344 nedum
463 5286 664 5339 animal
687 5284 916 5354 quodvis
938 5285 1142 5347 necari,
1165 5291 1257 5335 aut
1277 5297 1341 5354 ex
1369 5281 1564 5354 arbore
1593 5295 1808 5334 ramus~

225 5361 418 5413 culum
454 5357 627 5426 carpi,
671 5350 765 5409 sed
794 5368 1201 5426 nequeaerem
1224 5352 1306 5426 vel
1337 5350 1607 5426 tantillum
1639 5365 1809 5426 manu

226 5431 370 5484 cieri
384 5418 597 5481 ferebat
621 5444 635 5479 :
654 5426 870 5493 Ἐπειδὴ
885 5418 919 5475 ’ὁ
933 5424 1003 5493 ἀὴ
1010 5441 1042 5492 ρ
1068 5422 1210 5492 ψυχή
1230 5423 1345 5473 ἐστι
1361 5420 1468 5493 τῶν
1479 5418 1808 5493 ανθρῴπων,

224 5502 328 5552 καὶ
358 5498 472 5550 τῶν
505 5496 681 5559 ζώων,
726 5494 821 5548 καὶ
849 5488 955 5545 τῶν
982 5488 1261 5553 πετεινῶν,
1305 5490 1399 5542 καὶ
1435 5490 1543 5541 τῶν
1575 5488 1807 5557 ἰχθύων,

226 5571 331 5623 καὶ
365 5567 479 5619 τῶν
510 5566 757 5634 ἑρπετῶν
778 5581 790 5593 ⁸
830 5565 967 5628 Quia
1005 5577 1096 5615 aer
1131 5563 1311 5614 anima
1340 5568 1416 5613 est
1437 5559 1721 5634 hominum
1755 5569 1804 5610 et

225 5626 594 5691 animantium
620 5626 936 5696 volatilium,
966 5634 1190 5700 piscium
1228 5640 1277 5682 et
1314 5630 1602 5698 reptilium.
1635 5626 1808 5700 Porro

226 5711 479 5770 animas,
521 5714 642 5774 post
672 5707 873 5777 multas
902 5699 1317 5777 etcorporibus
1348 5700 1400 5753 in
1438 5699 1807 5777 corporamie

225 5767 545 5846 grationcs',
576 5775 895 5846 a_servitute
925 5767 1141 5846 tandem
1177 5770 1538 5846 tenebrarum
1560 5767 1718 5831 solvi,
1754 5776 1809 5821 et

231 5837 301 5899 ad
341 5847 569 5906 coelum,
607 5844 884 5914 Deumque
940 5845 1141 5911 ipsum,
1173 5839 1462 5914 duodecim
1497 5837 1805 5914 signorum,

230 5932 459 5971 necnon
487 5908 851 5985 planetarum,
878 5920 930 5967 et
963 5908 1033 5964 'in
1060 5912 1250 5981 primis
1272 5911 1405 5965 solis
1438 5916 1491 5963 et
1520 5908 1680 5974 lunae,
1705 5921 1805 5960 ceu

1907 3193 2254 3266 navigiorum
2277 3193 2668 3266 quorumdam,
2697 3192 3295 3266 adminiculo,regredi
3327 3194 3486 3252 fabu-

1828 3301 1870 3359 c
1905 3263 2245 3359 ΕῬἒέξῗὲἔῖι
2261 3263 2477 3359 θῗλξῖἷῗ
2517 3264 2642 3359 ξηέδ
2650 3263 3185 3359 ⁰λέ¹³ἔῖῗῖ¹η¹¹¹1ξὲἷ¹ἱ
3202 3265 3483 3359 Ρ¹Ξέτ¹933ῗἮ

1907 3333 2248 3404 Porphyrius
2294 3333 2463 3389 refert
2520 3334 2616 3389 lib.
2669 3333 2764 3387 οβ’
2791 3343 2946 3386 antro
2976 3334 3208 3404 nymph.
3265 3333 3483 3390 Nullam

1909 3403 2138 3471 proinde
2178 3405 2642 3459 resurrectionem
2688 3405 2803 3457 fore
2834 3403 3040 3468 carnis,
3080 3418 3245 3473 quam
3282 3406 3483 3459 ctelum

1907 3489 2016 3527 non
2048 3475 2323 3527 admittat.
2352 3473 2717 3539 Quamobrem
2749 3473 3052 3537 Christum,
3085 3488 3209 3525 cum
3273 3488 3336 3526 ex
3374 3474 3487 3529 Deo

1907 3543 2188 3597 decisione
2217 3553 2512 3614 generatus
2542 3552 2689 3598 esset
2717 3543 3002 3614 (velutJex
3043 3542 3266 3597 homine
3298 3542 3483 3614 homo)

1906 3614 2079 3667 solam
2135 3611 2375 3681 speciem
2430 3613 2725 3665 humanam
2765 3611 3067 3681 obtulisse,
3107 3624 3209 3665 nec
3254 3611 3487 3681 proinde

1906 3680 2438 3751 passum,’subjecto
2473 3682 2527 3734 in
2576 3682 2662 3751 sui
2700 3682 2879 3735 locum
2914 3680 3042 3736 Jesu
3080 3680 3319 3751 quodam
3355 3683 3485 3737 mali

1906 3749 2157 3823 principii
2192 3749 2322 3815 tilio,
2362 3766 2524 3823 quem
2573 3750 2743 3823 Judaei
2774 3749 3130 3823 occiderint.
3173 3749 3478 3823 Utriusque

1903 3820 2521 3903 C‘ltristimentioﬁtuin
2573 3820 2971 3903 Mendaitarum
3004 3820 3195 3903 libris,
3223 3820 3470 3903 Aquos'ex

1905 3892 2237 3946 Colhertiuis
2270 3890 2557 3946 codicibus
2604 3892 2911 3960 descriptos
2965 3890 3051 3945 vir
3111 3890 3473 3948 doctissimus

1906 3961 1968 4033 Dr.
1998 3961 2312 4033 Ludovicus
2341 3960 2596 4030 Picques,
2628 3958 3212 4033 doc_torSorbo_nicu_s,
3236 3964 3265 4015 ὁ
3289 3979 3474 4033 μακα-

1910 4032 2063 4103 ρίτης
2106 4031 2456 4103 bibliothecae
2492 4030 2970 4103 nostrtePariensi
3009 4030 3116 4103 san
3153 4030 3486 4103 Honoriante

1905 4099 2237 4156 testamento
2287 4102 2505 4170 legavit.
2570 4100 2841 4154 Nimirum
2898 4099 3221 4170 Mendaitze,
3280 4102 3376 4170 qui
3431 4111 3489 4157 et

1903 4172 2198 4226 Christiani
2229 4172 2285 4225 S.
2324 4169 2554 4225 Ioannis
2588 4171 2956 4240 appellantur,
2989 4169 3111 4239 puri
3151 4172 3270 4239 puti
3299 4169 3486 4224 Mani-

1904 4242 2038 4297 chzei
2065 4250 2214 4312 sunt,
2252 4243 2345 4312 qui
2377 4252 2431 4295 et
2464 4241 2812 4312 Saliaitarum
2839 4254 3039 4312 nomen
3066 4254 3242 4312 nuper
3268 4253 3487 4312 assum-

1906 4319 2153 4380 pserunt.
2185 4310 2282 4365 Ab‘
2306 4312 2431 4366 aliis
2467 4325 2657 4380 eorum
2696 4310 3059 4379 hlasphemiis
3095 4310 3303 4379 quibus
3331 4310 3486 4365 orbis

1906 4379 2247 4435 conditorem
2280 4388 2335 4435 et
2372 4380 2504 4451 legis
2536 4379 2790 4434 Mosaicae
2838 4379 3112 4443 datorem,
3151 4395 3316 4451 quem
3361 4394 3489 4436 esse

1903 4450 2184 4520 diabolum
2225 4450 2441 4520 putant,
2469 4455 2844 4520 “onerarunt,
2897 4464 3111 4504 necnon
3149 4450 3240 4520 ab
3292 4464 3487 4504 eorum

1905 4519 2188 4589 spurcitiis
2227 4519 2537 4574 'recitandis
2591 4520 2879 4589 abstineo;
2940 4534 3064 4588 qum
3112 4519 3323 4573 similes
3374 4520 3489 4572 sint

1903 4588 2089 4644 earum
2124 4603 2262 4658 quas
2315 4589 2687 4659 nequissimos
2721 4588 3121 4643 Gnosticurum
3157 4595 3487 4659 persecutos

1830 4646 1876 4700 Ῑ)
1910 4646 2156 4713 tradunt:

1982 4728 2094 4799 (45)
2135 4728 2601 4799 Hieracitae,_non
2645 4727 3093 4792 Manichaeorum,
3132 4726 3212 4781 uti
3257 4726 3486 4799 scripsit

1912 4796 2271 4867 Epiphanius,
2309 4799 2404 4853 sed
2456 4796 2856 4852 Encratitarum
2885 4799 3127 4853 stolones
3154 4806 3336 4867 erant.
3367 4796 3485 4852 Au-

1911 4866 2031 4922 ctor
2057 4868 2324 4923 orationis
2342 4868 2545 4922 Contra
2568 4867 2790 4922 hwreres
2813 4883 2935 4935 qua:
2955 4874 3132 4922 exstat
3150 4866 3293 4921 inter
3318 4882 3488 4935 opera

1910 4938 2219 5002 Athanasii,
2239 4937 2400 4992 docet
2431 4953 2552 5002 nos,
2583 4944 2743 4992 vetus
2769 4938 3032 4992 duntaxat
3059 4936 3484 4991 Instrumentum

1912 5009 1980 5060 ah
2008 5008 2299 5078 Hieracitis
2336 5008 2622 5076 explosum
2670 5007 2942 5078 :insuper
2987 5007 3212 5078 nuptias
3259 5004 3483 5078 quidem

1912 5085 2039 5131 ante
2076 5076 2288 5131 Domini
2346 5080 2640 5132 adventum
2671 5076 2967 5133 concessas
3012 5077 3206 5142 fuisse,
3249 5076 3484 5146 posthac

1913 5155 2096 5201 autem
2146 5148 2364 5201 vetitas.
2398 5146 2565 5203 Arius
2618 5146 2672 5201 in
2711 5147 2942 5214 cpistola
2990 5148 3055 5201 ad
3110 5144 3483 5201 Alexandrum

1912 5217 2066 5271 Alex.
2106 5227 2369 5273 causatur
2418 5214 2701 5271 Hieracam
2735 5232 2896 5270 suum
2939 5215 3008 5271 de
3037 5214 3199 5270 Verbi
3251 5229 3487 5285 genera-

1913 5288 2064 5341 tione
2105 5302 2327 5341 sensum
2358 5301 2651 5341 enarrasse
2679 5287 2929 5355 exemplo
2971 5287 3232 5347 lucernae,
3262 5300 3385 5353 qua:
3414 5299 3487 5355 ex

1913 5356 2016 5409 alia
2070 5357 2288 5411 lucerna
2337 5356 2689 5421 accendatur,
2723 5364 2776 5409 et
2827 5354 3107 5423 proprium
3168 5356 3375 5417 lumen,
3413 5354 3486 5407 ab

1913 5426 2139 5480 alterius
2173 5426 2375 5479 lumine
2404 5425 2703 5479 discretum
2750 5422 2944 5478 habeat
2971 5439 2985 5477 :
3029 5424 3120 5486 Ὠς
3147 5422 3341 5486 λύχνον
3372 5422 3485 5477 ἀπὸ

1912 5493 2126 5568 λύχνοι),
2156 5497 2189 5568 ἢ
2324 5495 2581 5568 λαμπάδα
2610 5495 2690 5568 ei;
2722 5493 2834 5547 δύο.
2853 5493 3164 5568 Quodcuni
3185 5492 3485 5568 Tt'iiiieita-

1913 5562 2032 5618 rum
2072 5562 2263 5619 haeresi
2296 5562 2578 5619 convenit.
2611 5564 2757 5617 ldem
2795 5565 2963 5618 refert
2998 5562 3258 5628 Hilarius,
3296 5563 3392 5616 lib.
3426 5576 3483 5617 Vl

1913 5634 1990 5689 De
2023 5634 2240 5697 Trinit.,
2280 5649 2494 5688 necnon
2525 5636 2653 5687 vitae
2692 5632 2914 5704 Macarii
2946 5632 3190 5704 Egyptii
3220 5632 3484 5704 scriptor.

1910 5705 2159 5758 Addebat
2194 5704 2651 5759 Melchisedecum
2704 5703 2968 5773 Spiritum
3005 5701 3255 5759 sanctum
3289 5701 3487 5773 fuisse.

1908 5776 2003 5897 {tui
2055 5775 2291 5830 humana
2342 5775 2525 5845 specie
2575 5770 2861 5848 assumpta
2891 5774 3110 5832 obviam
3152 5773 3277 5830 ierit
3308 5770 3488 5828 Abra-

1931 5859 2095 5897 tamo.

1931 5859 2095 5900 tamo.
