3962 6320
427 497 534 562 719
1592 501 1652 560 S.
1685 498 2004 560 JOANNIS

2137 502 2462 563 MASCENI
3599 505 3704 570 720

434 609 710 680 virgines,
739 609 1092 666 continentes
1117 650 1130 674 ,
1162 626 1224 664 ac
1259 611 1459 667 viduas
1500 613 1836 684 suscipiunt.
1881 615 2006 670 Pue.

2128 617 2435 688 δεχόμενοι,
2501 621 2599 673 καὶ
2650 620 2866 690 χήρας·
2928 620 3178 690 λέγοντες
3236 622 3303 676 τὰ
3361 622 3586 695 μηδέπω
3645 628 3703 678 ὲν

429 717 522 757 ros
559 704 849 756 immatura
879 703 1056 758 adhuc
1084 711 1245 758 zetate
1275 703 1570 761 defunctos
1591 747 1605 770 ,
1647 709 1800 778 regni
1842 710 2011 764 cmle-

431 796 530 850 stis
562 795 859 864 participes
901 795 1016 851 ﬁeri
1061 804 1294 867 negant,
1327 811 1394 852 eo
1423 798 1569 868 quod
1617 799 1861 854 nondum
1893 816 2011 856 cer-

429 888 686 945 laverint.

495 978 605 1049 92
641 978 729 1034 68.
768 977 1074 1034 Meletiani.’
1137 978 1492 1034 Schismatici
1541 979 1596 1034 in
1639 979 1878 1053 [Egypto
1915 998 2011 1053 po-

428 1075 540 1129 tius
561 1113 576 1138 ,
603 1088 766 1142 quam
793 1073 1039 1129 hmretiei
1073 1073 1364 1128 habentur.
1394 1072 1462 1128 Hi
1485 1087 1607 1128 cum
1642 1075 1753 1130 illis
1785 1091 2009 1146 precum

428 1163 820 1220 communione
854 1163 1076 1235 adiungi
1132 1164 1466 1230 noluerunt,
1501 1165 1597 1235 qui
1642 1165 1695 1218 in
1745 1181 2011 1236 persecu-

429 1257 582 1312 tione
629 1256 770 1327 lapsi
817 1265 1023 1312 essent.
1063 1255 1232 1312 Iidem
1271 1263 1459 1312 tamen
1510 1272 1634 1314 sese
1667 1259 1732 1313 ad
1769 1259 2008 1316 Arianos

429 1362 577 1402 nunc
609 1356 998 1420 aggregarunt.

498 1438 592 1495 69.
635 1439 859 1505 Ariani,
893 1439 987 1509 qui
1021 1446 1074 1493 et
1100 1439 1462 1494 Ariomanita:
1489 1447 1544 1495 et
1573 1438 1883 1495 Diatomita:
1919 1441 2006 1496 di-

431 1531 503 1588 cti
545 1541 696 1588 sunt.
742 1529 808 1586 Hi
837 1531 931 1586 Dei
965 1530 1167 1586 Filium
1220 1539 1532 1588 creaturam
1561 1571 1576 1595 ,
1633 1547 1698 1587 ac
1738 1532 2006 1602 Spiritum

431 1630 683 1678 sanctum
713 1632 982 1676 creatura:
1012 1630 1326 1677 creaturam
1359 1623 1686 1693 praedicant.
1723 1622 2006 1680 Christum

429 1731 650 1772 carnem
677 1714 852 1771 solam
877 1730 944 1770 ex
970 1713 1140 1768 Maria
1171 1714 1544 1784 assumpsisse
1560 1714 1867 1782 aﬂirmant,
1897 1731 2006 1772 non

430 1807 558 1860 item
586 1805 844 1858 animam.

430 1897 703 1952 Hactenus
733 1895 861 1950 ιωηὲ
889 1897 1094 1967 quinti,
1131 1895 1445 1967 secundique
1477 1894 1596 1949 libri
1627 1896 1754 1949 tomi
1787 1900 2004 1952 secundi

966 1967 1188 2020 Imreses
1221 1966 1467 2036 quinque.

465 2059 534 2114 At
568 2059 624 2113 in
650 2059 825 2129 priore
853 2066 992 2112 tome
1021 2057 1144 2112 libri
1185 2057 1329 2112 tertii
1360 2064 1554 2126 septem
1577 2056 1799 2113 luet-eses
1829 2068 1970 2114 sunt.

501 2211 589 2268 70.
629 2210 1008 2267 Audianorum
1035 2212 1260 2282 proprie
1284 2211 1526 2267 schisma
1551 2225 1615 2265 ac
1639 2211 1878 2267 defectio
1901 2221 2013 2277 est,

431 2318 542 2361 non
579 2304 828 2360 haeresis.
874 2302 1080 2359 Ilorum
1119 2303 1342 2364 vivendi
1379 2305 1632 2359 instituta
1663 2303 1807 2359 ratio
1837 2305 2010 2374 proba

423 2405 596 2467 atque
628 2395 862 2453 honesta
901 2403 1024 2452 est:
1059 2410 1241 2466 neque
1269 2396 1450 2468 quoad
1485 2396 1646 2452 ﬁdem
1680 2397 1908 2463 attinet,
1942 2399 2012 2454 ab

427 2485 679 2542 Ecclesia
728 2486 1000 2542 catholica
1046 2487 1350 2558 quidquam
1397 2485 1694 2543 dissident.
1748 2485 2009 2542 Ilahitant

427 2577 624 2650 majori
651 2594 720 2634 ex
747 2589 902 2648 parte
932 2579 988 2633 in
1015 2578 1407 2646 monasteriis,
1441 2593 1545 2634 nec
1571 2593 1768 2635 omnes
1793 2577 1858 2632 ad
1886 2595 1996 2650 pre-

427 2685 521 2727 ees
549 2686 680 2728 suas
708 2671 1024 2726 admittunt.
1059 2670 1251 2742 Magna
1277 2670 1421 2741 apud
1456 2670 1580 2726 illos
1617 2677 1704 2726 est
1738 2670 2007 2726 librorum

429 2761 909 2834 aprocryphorum
946 2761 1127 2832 copia.
1165 2761 1470 2832 Episcopos
1504 2771 1760 2824 nostros,
1795 2762 1889 2832 qui
1925 2762 2010 2817 di-

428 2854 568 2910 vites
606 2863 777 2917 sunt,
817 2853 1070 2924 aliosque
1111 2853 1238 2908 aliis
1275 2852 1344 2910 de
1379 2852 1568 2908 causis
1606 2853 2004 2911 condemnant.

2121 708 2308 780 ήλικίᾳ
2340 709 2604 777 γεγονότα
2642 710 2853 776 παιδία,
2886 711 2960 783 μὴ
3004 712 3254 783 μετέχειν
3290 713 3586 782 βασιλείας,
3616 715 3702 769 διὰ

2119 800 2180 852 τὺ
2221 801 2296 870 μὴ
2324 791 2642 872 ἠθληκέναι.

2188 978 2290 1049 ξην.
2339 976 2668 1032 Μελετιανοί
2712 978 2862 1048 (46)·
2904 978 2956 1032 oi
3017 979 3076 1033 ὲν
3121 979 3386 1052 Αἰγύπτῳ
3443 981 3690 1052 σχίσμαι

2118 1069 2292 1134 ὅντες,
2345 1069 2442 1140 οὐχ
2479 1069 2712 1139 αἵρεσις,
2760 1069 2837 1141 μὴ
2888 1070 3278 1142 συνευχόμενοι
3320 1075 3434 1136 τοῖς
3483 1076 3540 1126 ἐν
3585 1076 3700 1137 τοῖς

2117 1160 2376 1230 διωγμοῖς
2422 1161 2895 1232 παραπεπτωκόσι
2915 1161 2964 1215 ιι.
2999 1162 3114 1216 Νῦν
3143 1162 3201 1217 δὲ
3229 1165 3529 1234 ’Λρειανοῖς
3569 1179 3698 1217 συν-

2117 1249 2383 1318 αφθέντες
2413 1247 2455 1305 ι.

2188 1340 2284 1407 ἔθ’.
2337 1343 2608 1414 ’Λρειανοὶ
2649 1343 2786 1415 (47),
2837 1348 2886 1399 οἱ
2953 1347 3046 1399 καὶ
3106 1347 3552 1418 Ἀρειομανίται,
3603 1349 3700 1403 καὶ

2116 1438 2433 1505 Διατομῑται
2465 1446 2505 1477 ω
2526 1452 2539 1465 ’
2573 1436 2624 1488 οἱ
2655 1436 2746 1488 τὸν
2777 1435 2908 1490 Υίὸν
2940 1437 3037 1490 τοῦ
3077 1436 3215 1491 Θεοῦ
3255 1438 3464 1508 κτίσμα
3504 1438 3698 1507 λέγον-

2115 1542 2228 1590 τες,
2266 1525 2364 1579 καὶ
2410 1527 2471 1579 τὸ
2517 1527 2744 1598 Πνεῦμα
2787 1530 2852 1582 τὸ
2883 1528 3062 1596 ἅγιον,
3103 1530 3314 1601 κτίσμα
3361 1530 3696 1602 κτίσματοςο

2117 1617 2314 1690 σάρκα¹
2346 1617 2510 1688 μόνον
2555 1619 2650 1672 τὸν
2695 1619 2933 1690 Χριστὸν
2977 1621 3086 1674 ἀπὸ
3137 1621 3367 1694 Μαρίας
3413 1621 3699 1692 εἰληφέναι

2114 1707 2616 1779 διαϐεΰαιούμενοι,
2641 1709 2766 1780 οὐχὶ
2794 1709 2850 1763 δὲ
2876 1711 2972 1764 καὶ
3008 1710 3210 1782 ψυχήν.

2113 1879 2302 1940 Abeat
2331 1884 2440 1940 τοῦ
2475 1884 2981 2010 πέμπτουιτὲμου,
3013 1853 3299 1958 δευτέρου
3327 1888 3397 1943 δὲ
3423 1891 3693 1958 βιϐλίου,

2716 1973 2756 2010 a
2777 1974 2812 2010 ο
2845 1973 2976 2010 σει(
3013 1964 3079 2010 ε’.

2716 1964 2976 2025 αἱρέσεις
3013 1964 3079 2011 ε’.

2123 2047 2198 2102 Ίὰ
2222 2046 2291 2101 δὲ
2320 2049 2564 2104 ἔνεστιν
2590 2049 2660 2103 ἐν
2693 2048 3002 2172 τῷίπέροῴτφ
3013 2051 3180 2180 ἔόμῳ
3198 2052 3446 2116 βιϐλίου
3467 2037 3692 2122 τρῆου,

2724 2136 2761 2172 α
2777 2137 2818 2180 ρ
2897 2137 2984 2180 εις
3046 2132 3076 2173 ’.

2724 2132 2984 2188 αΙρεσεις
3013 2132 3076 2180 ς’.

2185 2211 2246 2264 ο’.
2283 2211 2533 2265 Αὑδιανοί
2569 2211 2682 2282 (48)
2704 2227 2720 2244 ·
2765 2211 2973 2283 σχίσμα
3020 2212 3113 2266 καὶ
3159 2214 3504 2284 ἀφηνιασμδς
3529 2224 3594 2281 ιι,
3628 2215 3694 2269 οὺ

2119 2301 2306 2372 μέντοι
2339 2303 2572 2374 αἵρεσις.
2612 2295 2775 2357 Οὗτοι
2805 2303 3087 2375 διαγωγὴν
3129 2305 3229 2375 μὲν
3265 2307 3360 2358 καὶ
3389 2305 3502 2376 βίον
3534 2306 3696 2360 εὐτε-

2112 2395 2386 2465 ταγμένον
2426 2396 2755 2467 κέκτηνται·
2815 2395 2937 2466 ἴσην
2980 2396 3037 2450 δὲ
3089 2397 3230 2450 κατὰ
3278 2398 3458 2450 πάντα
3509 2398 3699 2451 πίστιν

2114 2487 2351 2558 ἔχοντες,
2383 2488 2460 2552 ὡς
2488 2489 2522 2558 ἡ
2550 2487 2814 2559 καθολικὴ
2849 2486 3145 2557 Ἐκκλησία
3170 2505 3184 2519 ’
3222 2489 3280 2542 ὲν
3306 2488 3696 2560 μοναστηρίοις

2114 2579 2163 2630 oi
2218 2577 2437 2642 πλείους
2489 2577 2788 2644 οἰκοῦντες,
2830 2577 2928 2632 καὶ
2977 2578 3038 2631 οὑ
3089 2580 3223 2632 πᾶσι
3280 2579 3696 2650 συνευχόμενοι.

2114 2671 2226 2724 Καὶ
2267 2670 2504 2740 μάλιστα
2546 2673 2658 2734 τοῖς
2695 2669 3040 2741 ἀποκρύφοις
3075 2669 3408 2741 κέχρηνται,
3445 2670 3695 2724 κατακό-

2117 2779 2226 2832 ρως
2251 2762 2514 2832 ψέγοντες
2538 2763 2665 2825 τοὺς
2692 2779 2766 2815 πα
2777 2761 2825 2834 ρ’
2857 2763 2990 2832 ἡμῖν
3023 2760 3357 2826 ἐπισκόπους
3380 2762 3692 2829 πλουσίους,

2114 2854 2206 2907 καὶ
2246 2852 2441 2916 ἄλλους
2477 2855 2559 2917 είς
2596 2852 2752 2908 ἄλλα.
2802 2852 2877 2906 Τδ
2915 2850 3108 2921 Πάσχα
3161 2851 3218 2904 δὲ
3252 2852 3499 2906 ποιοῦσιν
3552 2851 3693 2906 idid.-

1732 3006 1966 3062 V'ARIAE
2009 3007 2415 3065 LECTIONES.

503 3160 519 3211 I
557 3159 690 3247 Reg.
720 3160 762 3247 ζ
789 3161 1008 3247 prima.
1149 3161 1286 3247 Cod.
1323 3161 1530 3247 _S.‘Hil.
1572 3163 1666 3216 καὶ
1686 3163 2034 3247 ’μεεανοεῦσε

2139 3163 2154 3203 ¹
2195 3167 2334 3239 Cod.
2383 3167 2441 3223 S.
2489 3166 2729 3239 Ilil._hic
2774 3167 2959 3233 habet,
2997 3169 3210 3239 αἵρεσις
3247 3167 3500 3239 ΑἈρείου·
3558 3184 3695 3239 συν-

430 3227 709 3308 εκροτήση
735 3231 803 3284 δι’
827 3227 997 3308 ἇὺξὴν
1036 3230 1254 3308 abundo;
1274 3239 1343 3308 et"
1363 3227 1724 3308 οἰκουμενικῆ
1743 3249 1756 3263 ⁸
1787 3227 1989 3308 ,ἁφξ-ὧν
2016 3235 2356 3308 Ευνομιανοί.
2443 3250 2482 3277 m
2509 3237 2648 3308 Ibid.
2679 3240 2918 3307 τομῖται.
2945 3227 2956 3233 ’
2996 3247 3023 3274 ιλ
3053 3227 3205 3307 Regii
3234 3227 3563 3308 ἀφανισμός.
3594 3236 3695 3296 Sic

429 3301 588 3360 vetus
620 3301 720 3356 int.
751 3301 1146 3358 exterminatio.
1190 3301 1386 3372 Epiph.
1424 3304 1478 3356 iu
1513 3301 1750 3356 Penuria
1773 3301 2007 3358 Audium
2035 3305 2110 3360 ait
2146 3301 2574 3378 relegatttm,6v.3t
2601 3307 2660 3360 τὸ
2693 3301 3017 3378 atque;va
3041 3301 3225 3373 λαόῦς.

1935 3422 2169 3481 NOTAE.

501 3529 612 3602 (ιδ)
651 3530 988 3602 Athanasius
1020 3530 1074 3586 in
1114 3529 1394 3602 Apologia,
1422 3547 1475 3602 p.
1515 3533 1614 3587 i77
1656 3549 1810 3589 novae
1839 3534 1998 3599 edit.,
2035 3529 2077 3587 C

429 3601 722 3659 conﬁrmat
750 3601 1025 3656 Meletium
1060 3601 1380 3671 multiplicis
1411 3601 1659 3670 sceleris,
1706 3613 1760 3659 et
1803 3605 2000 3659 immo-

429 3673 658 3744 lationis
689 3671 1030 3744 convictum,
1065 3685 1096 3724 a
1141 3671 1304 3744 Petro
1342 3673 1638 3744 Alexandr.
1683 3677 1853 3744 gradu
1883 3677 2000 3744 epi-

430 3743 642 3814 scopali
689 3741 961 3814 dejectum
991 3755 1112 3814 esse
1146 3743 1198 3796 in
1257 3743 1489 3814 synodo,
1526 3745 1579 3798 in
1611 3741 1715 3814 qua
1775 3741 2004 3814 insuper

427 3809 715 3869 deﬁnitum
755 3809 844 3866 est
890 3813 974 3877 (ut
1019 3809 1379 3874 Sozomen'us,
1416 3813 1511 3867 lib.
1557 3830 1572 3868 1
1626 3809 1770 3868 Hist.
1813 3831 1864 3869 c.
1905 3809 2002 3879 Η,

432 3883 654 4005 asserit)
702 3881 1032 3952 baptismum
1083 3895 1112 3934 a
1170 3880 1475 3936 Meletianis
1525 3884 1784 3938 collatum
1841 3885 2000 3940 nihili

433 3954 607 4005 facieu
655 3967 765 4005 um.
808 3951 972 4005 Addit
1000 3959 1182 4005 tamen
1222 3953 1558 4005 Athanasius
1587 3955 1860 4005 admissos
1893 3955 2000 4005 Me-

433 3951 784 4007 facieudum.’
808 3951 972 4005 Addit
1000 3959 1182 4006 tamen
1222 3953 1558 4007 Athanasius
1587 3955 1860 4009 admissos
1893 3953 2021 4009 Me-'

432 4023 669 4078 Ietianos
692 4020 1071 4092 ὁπωσδήποτε,
1104 4022 1590 4092 quomodocunque.
1640 4023 1814 4080 fuisse
1846 4041 1873 4078 a
1909 4025 2004 4080 Ni-

429 4106 584 4147 eano
621 4091 879 4156 concilio,
913 4093 1061 4162 velut
1095 4094 1313 4162 scilicet
1327 4091 1642 4162 cpiscopus
1672 4092 2005 4149 Novatiano-

431 4178 554 4217 rum
591 4163 818 4231 perinde
847 4161 1257 4234 schisr_n_aticus.
1298 4160 1665 4234 Nihilominus
1691 4164 1743 4234 in
1771 4167 2001 4234 epistola

431 4230 731 4305 synodica,
784 4246 948 4299 quam
982 4230 1378 4305 _Thcodoretus
1426 4231 1595 4305 refert
1654 4233 1749 4287 lib.
1791 4230 1817 4288 ι’
1858 4234 2000 4290 Hist.

429 4301 484 4358 οἱ
519 4303 604 4377 9,⁸
639 4301 926 4377 jusserunt
981 4301 1192 4377 Patres
1220 4303 1603 4377 μυστίκῳῖέρᾳ
1661 4305 2001 4377 χειροτονίᾳ,

430 4371 688 4426 sanctiori
720 4385 982 4443 manuum
1006 4371 1338 4443 impositioue
1367 4371 1597 4436 initiari,
1638 4371 1907 4443 quotquot
1936 4371 2006 4430 ab

431 4444 515 4497 eis
534 4447 724 4512 essent
749 4440 1010 4512 ordinati.
1049 4441 1386 4498 Athanasius
1415 4443 1572 4498 testis
1605 4440 1688 4497 est
1717 4440 2016 4512 in'ApoloJ

427 4513 518 4583 σία
545 4511 615 4564 ad
647 4510 889 4583 monach.
916 4519 970 4565 et
1001 4513 1163 4581 epist.
1193 4513 1259 4567 ad
1293 4512 1464 4579 solit.,
1497 4512 1814 4569 Meletianos
1843 4510 2008 4568 Chri-

429 4581 628 4653 stianae
657 4581 921 4636 doctrinae
949 4584 1136 4644 rudes,
1167 4591 1392 4651 accepta
1418 4584 1671 4653 pecunia,
1715 4584 1781 4636 ad
1819 4599 2000 4638 sacer-

427 4629 638 4722 dotium
673 4653 1034 4722 promovisse.
1093 4629 1200 4706 S‘ed
1235 4629 1527 4720 inrpriiiiis
1574 4629 2004 4722 giraviter'iule-
2037 4629 2080 4683 Β

430 4732 562 4778 runt
598 4720 792 4777 Patres
830 4720 1058 4784 Nicatni,
1111 4725 1254 4792 quod
1300 4722 1549 4776 Mclelius
1581 4720 2005 4792 Leontopolita-

431 4808 540 4849 nus
573 4792 772 4862 praesul
810 4792 996 4849 varios
1037 4793 1090 4846 in
1131 4791 1372 4863 Egypto
1415 4793 1704 4862 episcopos
1739 4791 2000 4863 creasset,

431 4861 650 4917 cum’ex
681 4863 864 4932 prisca
887 4861 1288 4932 consuetudine
1311 4863 1496 4916 nullus
1520 4861 1658 4916 alter
1687 4863 1741 4916 in
1769 4862 2004 4932 {Egypto

429 4931 796 5001 metropolita:
824 4931 1046 5000 juribus
1100 4931 1395 4997 frueretur,
1447 4941 1644 5001 praeter
1681 4931 2005 4987 Alexandri-

430 5017 586 5058 num.
606 5001 764 5058 Unde
792 5015 1001 5056 canone
1018 5001 1072 5065 6,
1095 5013 1416 5072 sanxerunt,
1438 5012 1498 5056 ut
1528 5002 1682 5071 juxta
1712 5003 2001 5072 pristinum

429 5087 639 5128 morem
670 5072 842 5144 solus
885 5071 1637 5144 Alexandrinusepiscopus
1684 5071 1780 5144 per
1832 5073 2004 5144 IEgy-

433 5151 613 5212 ptum,
670 5140 919 5213 Libyam,
951 5152 1005 5196 et
1049 5140 1411 5212 Pentapolim,
1454 5140 1797 5212 metropdlita
1833 5140 2000 5198 habe-

429 5211 604 5276 retur.
635 5227 694 5267 eo
743 5211 906 5280 parili
955 5213 1109 5267 modo
1139 5211 1249 5282 quo
1297 5213 1577 5267 Romanus
1616 5211 1713 5281 per
1747 5214 2001 5282 regiones

429 5283 862 5348 suburbicarias,
905 5283 1114 5338 Italiam
1150 5283 1362 5338 scilicet
1402 5298 1619 5337 omnem
1663 5282 1883 5350 (praeter
1913 5284 2003 5337 Ci-

424 5352 741 5424 salpinam),
769 5352 1054 5424 Siciliam,
1102 5362 1155 5407 et
1205 5353 1511 5424 Corsicam.
1551 5352 1869 5424 Meletianos
1905 5368 1999 5407 ve-

641 5423 811 5510 lalpsis
838 5423 1178 5510 denegasse
1208 5425 1350 5510 apud
1374 5493 1385 5510 Ι
1419 5423 1785 5510 Epiphanium
1821 5424 1998 5510 solum

427 5493 629 5564 reperi.
668 5493 1043 5564 'I‘heodoretus
1080 5494 1190 5550 illis
1221 5493 1412 5564 semel,
1450 5505 1614 5562 atque
1664 5494 1866 5564 iter_um
1899 5494 2000 5564 im-

426 5562 621 5634 pingit,
657 5563 806 5634 quod
839 5565 1250 5634 purilicationes
1297 5563 1630 5634 Iudaeorum
1649 5570 1704 5618 et
1756 5562 1992 5634 samari-

426 5632 689 5688 tanorum
707 5632 1116 5698 aunularentur,
1136 5642 1192 5691 et
1218 5635 1359 5689 inter
1391 5632 1730 5704 psallendum
1762 5633 1996 5688 choreas

427 5711 672 5759 niterent.
793 5746 802 5759 .
949 5721 953 5726 '

464 5719 970 5844 εῗῖξῗῑλιθέεηόει·
1020 5773 1285 5844 Alexand.
1327 5774 1381 5827 in
1422 5774 1654 5842 epistola
1717 5773 1993 5843 encyclica

426 5841 574 5914 apud
606 5841 886 5914 Socratem
914 5843 1009 5897 lib.
1041 5843 1230 5914 t_llist.
1257 5859 1313 5914 7c.
1350 5844 1404 5906 5,
1439 5841 1519 5914 sic
1551 5843 1738 5896 Arium
1769 5841 1994 5897 sensum

427 5911 589 5968 s'uum
613 5914 681 5968 de
711 5911 907 5978 Verbo,
947 5927 1042 5967 seu
1077 5912 1218 5968 Filio
1250 5913 1363 5980 Dei,
1399 5915 1450 5967 in
1485 5913 1726 5968 Ecelesna
1758 5914 1991 5968 Alexan-

2112 3521 2269 3592 drina
2295 3520 2620 3592 enuntiasse
2653 3530 2879 3575 narrat:
2913 3521 2994 3592 ὅτε
3021 3516 3109 3592 ἧν,
3135 3521 3215 3592 ὅτι
3247 3522 3348 3576 οὐκ
3383 3517 3451 3592 ἦν
3481 3525 3509 3577 ὁ
3539 3523 3694 3592 Υἱός,

2109 3591 2396 3662 ἀκολουθεῖ
2429 3608 2488 3643 τε
2533 3591 2592 3655 ἐξ
2637 3593 2900 3662 ἀνάγκης,
2933 3591 2993 3656 ἐξ
3019 3591 3125 3662 οὐκ
3151 3591 3320 3645 ὄντων
3367 3591 3510 3662 ἔχειν
3553 3591 3693 3648 ὐπὸέ

2110 3676 2322 3722 στασιν,
2346 3661 2512 3730 fuisse
2538 3661 2825 3730 aliquando
2865 3678 2982 3714 cum
3007 3660 3182 3714 Filius
3207 3679 3309 3716 non
3344 3660 3479 3726 erat,
3504 3674 3553 3717 et
3573 3665 3696 3722 ideo

2109 3732 2475 3785 exsistentiam
2525 3748 2639 3784 eum
2688 3731 2934 3785 habuisse
2978 3748 3044 3786 ea:
3103 3732 3286 3787 nihilo.
3341 3731 3410 3786 Ut
3474 3735 3693 3791 scilicet

2151 3810 2308 3855 raeter
2336 3801 2567 3855 verbum
2594 3802 2741 3856 intus
2775 3803 2830 3855 in
2865 3813 3046 3857 mente
3079 3802 3263 3856 divina
3300 3803 3498 3868 latens,
3534 3806 3690 3860 aliud

2138 3880 2260 3926 teus
2285 3871 2614 3936 condiderit,
2640 3887 2750 3941 quo
2778 3872 2928 3926 velut
2966 3874 3335 3928 instrumento
3363 3874 3686 3930 universum

2109 3942 2215 3996 hoc
2251 3941 2571 4012 fabricaret,
2599 3943 2856 4012 quodque
2887 3943 3363 4012 καταχρηστικῷς,
3405 3943 3688 4009 abusione,

2112 4026 2220 4066 non
2253 4011 2493 4082 proprie.
2529 4009 2790 4076 Verbum,
2830 4009 3202 4082 Sapientiam
3243 4011 3413 4067 Filius
3439 4013 3686 4078 dicatur,

2111 4097 2236 4135 cum
2264 4081 2434 4151 capax
2465 4083 2685 4137 virtutis
2725 4095 2779 4136 et
2821 4082 2958 4145 vitii,
2998 4081 3139 4136 haud
3173 4099 3334 4138 secus
3375 4097 3440 4135 ac
3485 4084 3688 4137 diabo-

2108 4153 2218 4214 lus,
2263 4150 2445 4213 fuerit.
2489 4166 2700 4221 suoque
2752 4153 2951 4206 merito
2994 4155 3256 4207 meruerit
3286 4163 3345 4206 ut
3388 4150 3563 4209 Filius
3589 4153 3688 4210 Dei

2107 4223 2281 4276 licret.
2315 4221 2472 4278 Unde
2513 4223 2754 4275 nonnisi
2807 4222 3040 4276 subdole
3081 4222 3454 4276 concedebant
3493 4225 3686 4280 Ariani

2109 4291 2348 4346 Verbum
2384 4293 2606 4359 γνήσιον
2655 4293 2789 4352 υἱὸν,
2821 4293 3103 4361 genuinum
3145 4291 3244 4345 Dei
3282 4291 3489 4345 Filium
3535 4309 3684 4361 esse,

2107 4371 2160 4432 et
2205 4361 2494 4425 συναῖδιον,
2547 4375 2865 4432 εοωιετηηω
2905 4360 3096 4425 Patri;
3143 4377 3267 4416 cum
3313 4360 3688 4432 intelligerent

2107 4431 2344 4504 Yerbunt
2383 4440 2511 4504 ante
2558 4431 2760 4486 factum
2806 4430 3000 4504 fuisse,
3045 4447 3210 4502 quam
3245 4432 3416 4504 ullum
3462 4430 3686 4504 tempus

2107 4499 2378 4572 ﬂuxisset.
2423 4502 2672 4570 Cumque
2717 4503 2926 4556 causali
2979 4499 3166 4572 essent
3195 4517 3253 4556 se
3289 4501 3542 4566 Lueiani,
3581 4499 3683 4572 qui

2111 4573 2214 4626 sub
2242 4571 2538 4625 Maximino
2570 4587 2768 4641 passus
2795 4581 2933 4636 erat,
2965 4571 3122 4625 ﬁdem
3147 4573 3325 4640 sequi.
3353 4573 3473 4638 ejus
3499 4571 3685 4628 tamen

2113 4650 2300 4711 postea
2338 4642 2628 4696 formulam
2663 4643 2974 4709 rejeceruut
3001 4643 3051 4694 in
3077 4644 3290 4712 synodo
3319 4641 3686 4706 Seleuciensi,

2115 4713 2333 4783 tametsi
2366 4725 2486 4764 eam
2515 4712 2567 4765 in
2593 4712 2939 4765 Antiochcna
2962 4713 3393 4781 promulgarant.
3421 4712 3494 4767 Ut
3519 4729 3691 4783 porro

2115 4781 2351 4834 Verbum
2379 4795 2500 4836 esse
2529 4795 2771 4836 creatum
2791 4790 2846 4836 et
2875 4783 3163 4834 mutationi
3195 4783 3499 4834 obnoxium
3519 4781 3690 4837 evin-

2112 4861 2334 4913 cerent,
2384 4851 2437 4904 in
2493 4852 2782 4920 ipsammet
2831 4852 2953 4920 ejus
3007 4851 3268 4906 deitatem
3317 4850 3696 4907 refundehaut

2111 4920 2353 4985 dolores,
2384 4936 2522 4992 quas
2549 4933 2607 4974 ut
2631 4921 2794 4974 homo
2815 4921 3105 4992 pertulisse
3125 4921 3401 4992 creditur;
3439 4922 3704 4992 illudque

2110 4993 2309 5062 anima:
2340 4993 2456 5062 loco
2477 4991 2732 5062 junctum
2769 5007 2890 5046 esse
2921 4990 3074 5045 carni
3101 5009 3114 5045 :
3143 4991 3286 5060 quod
3315 4993 3480 5062 etiam
3516 4990 3708 5062 capue

2110 5061 2318 5131 erroris
2343 5076 2402 5131 a
2438 5061 2680 5114 Luciauo
2736 5069 3021 5130 acceptum
3075 5062 3271 5116 scribit
3318 5061 3706 5131 Epiphanius-

2113 5129 2216 5202 §ed
2247 5141 2301 5184 et
2333 5130 2579 5200 jejunius
2605 5131 2673 5186 de
2703 5131 2913 5200 Spiritu
2943 5139 3134 5202 sancto
3159 5129 3490 5202 sentiebant.
3521 5133 3714 5202 Apud

2109 5198 2502 5272 Hieronymum
2569 5203 2622 5254 in
2684 5198 2808 5268 cap.
2855 5217 2928 5255 vn
2973 5200 3132 5267 Osee,
3162 5201 3252 5255 ubi
3304 5198 3590 5272 castitatis
3635 5215 3725 5260 el.

2109 5269 2388 5338 pudicitiae
2428 5271 2776 5326 simulatores
2812 5273 2891 5324 sic
2924 5281 3303 5331 recensentur,
3343 5269 3714 5332 Mauiclurus

2107 5351 2157 5394 et
2183 5339 2448 5413 Marcion!
2477 5341 2635 5413 Arius
2657 5349 2706 5394 et
2729 5340 3009 5413 Iulianus,
3042 5349 3173 5413 etc.,
3207 5341 3495 5413 legendum
3529 5358 3680 5412 puto
3701 5390 3734 5413 ,

2107 5412 2298 5464 Acrius
2324 5421 2373 5465 et
2406 5411 2689 5465 Tatianus.
2724 5409 2798 5464 De
2832 5410 2998 5464 Aerio
3026 5412 3243 5466 dicetur
3279 5411 3446 5464 inira.

2181 5482 2292 5550 (48)
2336 5481 2518 5544 Audii,
2562 5479 2795 5548 ejusque
2839 5481 3155 5550 schismatis
3188 5481 3440 5550 meminit
3487 5492 3742 5550 praeter

2107 5549 2496 5620 Epiphanium,
2531 5567 2562 5604 e
2590 5550 2817 5616 ϐιηθεὶς),
2856 5549 3263 5610 Theodoretus.
3313 5549 3408 5604 lib.
3443 5549 3500 5604 Iv
3534 5557 3740 5616 Hier-

2109 5622 2220 5690 fab.
2261 5637 2380 5690 cap.
2446 5623 2530 5684 l5,
2580 5630 2634 5674 et
2679 5621 2822 5677 Hist.
2867 5621 2964 5673 lib.
3014 5637 3046 5674 v
3077 5636 3200 5691 cap.
3241 5621 3305 5683 9,
3365 5631 3536 5690 atque
3587 5625 3756 5687 hoc

2107 5693 2285 5764 solum
2312 5691 2487 5764 addit,
2520 5699 2742 5760 putasse
2765 5704 2860 5746 eos
2882 5692 3138 5764 tenebras
3175 5705 3398 5764 aquam.
3423 5701 3481 5764 et
3503 5693 3754 5764 ignem

2106 5776 2137 5886 ῗι
2171 5761 2282 5884 Det:
2314 5761 2454 5818 facta
2487 5776 2596 5815 non
2636 5775 2794 5828 esse;
2829 5761 2975 5832 quod
3007 5767 3188 5816 tamen
3222 5760 3553 5833 diligentius
3581 5779 3760 5825 ea-

2128 5846 2255 5886 aren
2289 5871 2302 5886 .

2128 5839 2302 5889 arent.
