3962 6320
292 263 396 327 7Ξ5

1495 269 1591 329 DE
1621 270 2080 333 HERESIBUS
2118 275 2371 336 LIBER.

3442 275 3550 341 728

361 404 469 464 θεῖ’.
513 397 779 454 ’Δετιανοί
809 399 923 471 (δι)
945 416 958 431 ·
1002 401 1051 453 οἱ
1082 398 1191 453 ἀπὸ
1224 399 1318 453 τοῦ
1366 401 1572 455 Ἀετίου
1599 402 1821 466 Κίλικος
1848 413 1868 442 ν

2057 405 2143 460 76.
2180 407 2421 462 Aetiani.
2446 408 2528 465 Ab
2557 409 2717 466 Aetio
2740 408 2932 475 Cilire,
2958 410 3053 480 qui
3081 423 3110 463 a
3138 408 3375 481 Georgio
3395 408 3554 465 Aria-

292 488 541 543 διακόνου
569 489 864 560 γενομένου
905 488 1011 543 ὑπὸ
1056 489 1329 561 Γεωργίου
1374 490 1469 543 τοῦ
1513 490 1623 545 τῶν
1658 493 1875 563 Ἀρεια-

294 582 401 635 νῶν
424 581 726 634 ἐπισκόπου
775 581 874 652 τῆς
915 582 1347 651 Ἀλεξανδρείας,
1378 585 1427 637 οι
1477 585 1570 637 καὶ
1604 585 1875 655 Ἀνὸμοιοι

296 674 647 744 καλούμενοι,
675 676 828 746 παρά
853 692 966 728 τισι
1013 675 1070 729 δὲ
1109 676 1457 746 Εὑνομιανοὶ,
1506 678 1571 730 δι’
1606 678 1876 748 Εὑνόμιόν

295 784 439 827 τινα,
494 766 743 837 μαθητὴν
786 766 994 819 Ἀετίου
1047 766 1373 837 γενόμενον⁸
1428 763 1509 830 οἷς
1558 769 1725 839 συνῆν
1778 768 1876 823 καὶ

298 854 571 920 Εὑδόξιος,
594 856 732 909 ἀλλὰ
765 855 926 926 δῆθεν
947 856 1036 910 διὰ
1062 856 1154 910 τὸν
1183 857 1322 928 πρὸς
1347 858 1438 910 τὸν
1463 858 1689 928 βασιλέα
1714 861 1873 913 Κων-

299 949 575 999 σταντίνον
596 960 620 986 ι
644 945 809 1014 φόϐον
828 945 1105 1017 ἀφώρισεν
1129 946 1341 1013 ἑαυτὸν,
1364 948 1459 1001 καὶ
1484 948 1642 1019 μόνον
1671 950 1875 1004 Ἀέτιον

297 1037 575 1109 ἐξώρισεν.
625 1038 849 1107 Ἔμεινε
898 1036 1081 1107 μέντοι
1129 1038 1159 1089 ό
1193 1037 1443 1104 Εὐδόξιος
1500 1039 1871 1109 ’Δρειανίξων,

294 1134 358 1187 οὗ
403 1133 587 1203 μέντοι
620 1149 684 1200 γε
720 1132 861 1185 κατὰ
898 1132 991 1187 τὸν
1038 1132 1263 1186 Ἀέτιον.
1304 1126 1466 1187 Οὗτοι
1499 1135 1547 1187 οἱ
1602 1134 1873 1207 Ἀνόμοιοι

295 1222 392 1276 καὶ
439 1223 488 1274 οἱ
532 1222 794 1276 Ἀετιανοὶ
828 1222 1143 1278 παντάπασι
1189 1224 1429 1293 Χριστὸν
1477 1225 1570 1279 καὶ
1612 1226 1672 1280 τὸ
1718 1227 1872 1296 ἅγιον

295 1312 521 1383 Πνεῦμα
567 1314 989 1385 ἀπαλλοτριοῦσι
1040 1314 1132 1369 τοῦ
1175 1315 1311 1369 Θεοῦ
1362 1318 1594 1389 Πατρὸς,
1652 1320 1872 1374 κτιστὸν

292 1403 458 1459 αὐτὸν
514 1404 1011 1477 διαϐεϐαιούμενοι,
1076 1409 1171 1462 καὶ
1226 1408 1346 1462 οὐδὲ
1408 1410 1704 1480 ὁμοιότητά
1749 1429 1871 1466 τινα

290 1496 437 1566 ἔχειν
468 1496 739 1564 λέγουσιν.
786 1498 882 1551 Ἐκ
921 1498 1298 1571 συλλογισμῶν
1326 1500 1383 1554 δὲ
1418 1502 1870 1571 ’Δριστοτελικῶν

288 1589 383 1641 καὶ
408 1589 802 1660 γεωμετρικῶν
825 1591 917 1643 τὸν
942 1590 1076 1645 Θεὸν
1112 1595 1387 1664 παριστᾷν
1435 1593 1740 1663 βούλονται,
1776 1598 1869 1651 καὶ

286 1675 521 1745 Χριστὸν
548 1676 711 1745 δῆθεν
741 1677 815 1748 μὴ
849 1677 1109 1731 δύνασθαι
1134 1676 1273 1733 εἶναι
1310 1682 1376 1733 ὲκ
1407 1680 1543 1735 Θεοῦ
1581 1682 1669 1735 διὰ
1694 1684 1868 1738 τοιοῦ-

1975 510 2174 551 uorum
2228 497 2578 553 Alexandriae
2636 500 2897 570 episcopo
2942 502 3215 557 diaconus
3260 500 3556 556 ordinatus

1976 596 2084 643 est.
2115 588 2367 644 Anomoei
2404 604 2626 660 quoque
2656 591 2990 656 vocitantur,
3039 600 3093 646 et
3140 606 3170 644 a
3215 592 3556 662 quibusdam

1976 678 2310 734 Eunomiani
2333 719 2347 743 ,
2382 681 2453 736 ab
2488 680 2764 736 Eunomio
2794 683 2936 736 Aelii
2980 683 3273 753 discipulo.
3324 682 3556 738 Earum-

1976 770 2101 826 dem
2138 771 2377 842 partium
2410 781 2529 828 erat
2573 780 2628 827 et
2671 771 2996 838 Eudoxius;
3051 773 3148 829 sed
3203 774 3557 844 imperatoris

1977 870 2125 916 metu
2181 862 2249 916 ab
2300 862 2411 918 illis
2461 878 2521 918 se
2574 863 2882 933 segregavit
2923 880 2935 917 :
2982 878 3093 933 quo
3127 862 3328 940 factum
3362 872 3544 920 estut

1976 954 2129 1009 solus
2179 953 2373 1011 Aetius
2427 956 2789 1027 relegaretur.
2847 955 3173 1026 Quanquam
3228 957 3285 1011 in
3345 958 3556 1012 Ariano

1975 1044 2231 1116 dogmate
2262 1049 2663 1117 perseveravit,
2699 1048 2801 1104 sed
2826 1047 3044 1103 Aetium
3074 1047 3301 1103 minime
3332 1058 3555 1106 secutus

1974 1145 2081 1191 est.
2124 1135 2297 1192 Porro
2329 1137 2583 1193 Anommi
2606 1178 2621 1203 ,
2658 1140 2774 1195 sive
2804 1138 3024 1195 Aetiani
3058 1137 3258 1193 Filium
3290 1146 3344 1194 et
3377 1138 3556 1210 Spiri-

1974 1236 2090 1281 tum
2138 1236 2391 1283 sanctum
2444 1242 2475 1281 a
2528 1230 2634 1284 Deo
2684 1229 2844 1285 Patre
2878 1230 3102 1301 penitus
3148 1229 3388 1285 alienum
3426 1246 3558 1287 esse

1973 1319 2298 1389 praedicant,
2334 1335 2472 1390 quos
2507 1332 2722 1377 creatos
2751 1339 2894 1385 esse,
2935 1338 3035 1378 nec
3064 1323 3365 1395 quidquam
3402 1324 3559 1379 simi-

1972 1409 2225 1465 litudinis
2268 1409 2474 1465 habere
2528 1411 2748 1467 docent.
2795 1414 3009 1483 Quippe
3057 1414 3392 1485 syllogismis
3423 1414 3552 1484 qui-

1973 1499 2212 1555 busdam
2247 1500 2620 1557 Aristotelicis
2654 1510 2708 1558 et
2747 1503 3101 1573 geometricis
3148 1504 3244 1560 Dei
3291 1515 3563 1560 naturam:

1969 1590 2249 1659 explicare
2304 1592 2566 1658 student,
2603 1601 2771 1663 atque
2826 1595 2963 1649 adeo
2994 1594 3276 1650 Christum
3314 1612 3382 1651 ex
3446 1596 3557 1652 Deo

1971 1697 2097 1738 esse
2135 1696 2245 1737 non
2283 1698 2467 1753 posse.
2500 1684 2830 1739 Eunomiani
2868 1700 2995 1740 vero
3022 1700 3085 1740 ex
3121 1686 3243 1755 ipso
3281 1688 3509 1757 profecti
3534 1727 3567 1754 ,,

286 1784 378 1819 τον
408 1767 630 1837 τρόπον.
658 1769 722 1821 Ol
753 1770 808 1821 δὲ
843 1771 937 1823 ἀπ’
968 1769 1148 1823 αὐτῶν
1202 1771 1533 1841 Εὖνομιανοὶ
1562 1774 1864 1829 ἀναϐαπτί-

1975 1788 2203 1839 omnes,
2260 1774 2356 1845 qui
2410 1775 2476 1829 ad
2532 1784 2713 1845 partes
2773 1790 2902 1830 suas
2966 1783 3296 1841 transeunt,
3360 1778 3555 1832 iterato

288 1857 441 1921 ζουσι
470 1858 680 1923 πάντας
718 1861 845 1926 τοὺς
872 1861 1009 1932 πρὸς
1042 1862 1242 1927 αὐτοὺς
1271 1864 1631 1936 ἐρχομένους·
1676 1867 1736 1920 οὐ
1776 1867 1871 1938 μό-

287 1967 399 2016 νον,
435 1950 573 2005 ἀλλὰ
620 1952 873 2016 καὶτοὺς
904 1952 998 2006 ἀπ’
1040 1953 1359 2024 ’Λρειανῶν,
1425 1955 1571 2010 κατὰ
1625 1957 1869 2027 κεφαλῆς

287 2043 400 2097 ἄνω
430 2045 557 2109 τοὺς
587 2045 754 2109 πόδας
794 2047 1115 2117 στρέφοντες
1161 2047 1270 2101 τῶν
1311 2047 1750 2120 βαπτιζομένων,
1790 2051 1867 2115 ὼς

288 2135 460 2198 πολὺς
487 2136 674 2208 ᾄδεται
726 2137 915 2206 λόγος·
947 2139 1008 2191 τὸ
1055 2139 1113 2193 δὲ
1144 2142 1413 2213 σφαλῆναι
1461 2142 1517 2197 ἔν
1567 2162 1697 2209 τινι,
1732 2162 1868 2216 πορ-

288 2227 488 2299 venui)
537 2228 701 2300 ἑτέρᾳ
732 2229 996 2301 ἁμαρτίᾳ,
1040 2232 1197 2287 οὐδὲν
1248 2234 1422 2288 δεινὸν
1472 2229 1612 2288 εἶναι
1668 2253 1862 2306 φασινο

1972 1866 2293 1937 baptizant,
2340 1880 2449 1921 non
2492 1865 2810 1923 Catholicos
2845 1867 3024 1923 solum
3054 1907 3068 1930 ,
3106 1867 3199 1923 sed
3236 1879 3290 1923 et
3320 1868 3558 1925 Arianos

1973 1957 2165 2028 ipsos;
2215 1957 2379 2028 idque
2426 1956 2533 2013 hoc
2582 1957 2788 2026 modo,
2853 1959 2931 2014 uti
2996 1960 3314 2030 percrebruit
3365 1959 3555 2025 fama,

1969 2051 2200 2122 pedibus
2248 2050 2303 2104 in
2338 2050 2544 2106 cretum
2596 2049 2869 2116 inversis,
2918 2051 2972 2105 in
3022 2058 3188 2121 caput
3217 2051 3348 2108 illos
3378 2052 3556 2106 intin-

1969 2148 2108 2213 gunt
2128 2182 2142 2205 ,
2172 2139 2596 2197 fornicationem
2616 2183 2630 2208 ,
2657 2148 2753 2196 aut
2784 2142 2937 2196 aliud
2966 2143 3202 2212 quodvis
3230 2151 3516 2213 peccatum
3536 2186 3553 2210 ,

1972 2232 2112 2287 nihil
2158 2247 2280 2288 esse
2330 2230 2623 2287 dictitant:
2684 2247 2862 2302 neque
2909 2235 3056 2289 enim
3117 2232 3286 2288 Deum
3341 2235 3573 2305 aliquid.

288 2317 443 2370 οὐδὲν
486 2317 597 2389 γὰρ
634 2317 789 2389 ζητεί
835 2322 864 2374 ό
890 2319 1043 2385 Θεὸς,
1092 2321 1210 2375 ἀλλ’
1265 2321 1393 2393 me
1444 2318 1585 2376 εἶναί
1629 2340 1752 2377 τινα
1804 2323 1865 2376 ὲν

1975 2336 2250 2393 inserere,
2284 2321 2392 2376 nisi
2422 2329 2482 2376 ut
2511 2320 2567 2375 in
2593 2335 2656 2376 ea
2692 2322 2843 2385 sola,
2875 2336 3039 2392 quam
3075 2322 3182 2393 ipsi
3209 2324 3514 2393 praedicant
3535 2346 3552 2371 ο

286 2406 464 2479 ταύτῃ
489 2411 554 2479 τῇ
577 2407 912 2483 νομιζομένῃ
936 2409 1116 2464 αὐτῶν
1145 2411 1349 2466 πίστει.

288 2493 482 2554 Aura!
518 2501 688 2574 ela'u:
707 2503 922 2574 ὁμοίως
971 2502 1068 2556 καὶ
1102 2504 1297 2558 αἰτοῦ
1350 2506 1552 2574 τρίτου
1598 2506 1865 2571 βιϐλίου,

585 2570 692 2624 τοῦ
726 2571 960 2640 πρώτου
987 2570 1467 2643 τόμουβὶρέσὲις
1500 2572 1563 2635 ζ’.

336 2661 440 2714 Ἐν
494 2660 563 2715 δὲ
617 2662 697 2728 τῷ
747 2662 1257 2800 δωτέρὲιέιςτὲίτῳ
1299 2665 1368 2720 δὲ
1414 2667 1833 2737 βιϐλίῳ,α1ρέ-

360 2820 457 2887 οζν,
491 2825 796 2895 Διμοιρίται
821 2824 958 2896 (55),
1000 2826 1048 2878 oi
1080 2826 1173 2878 καὶ
1220 2826 1655 2900 Ἀπολλινάριοιο
1692 2830 1741 2881 οἱ
1787 2827 1863 2898 μὴ

1964 2414 2068 2470 fide
2096 2421 2519 2487 perseveretun

1965 2506 2062 2561 Ha:
2108 2521 2309 2576 quoque
2353 2511 2475 2558 sunt
2546 2504 3012 2576 hiereses_septeni
3053 2502 3213 2571 primi
3257 2502 3388 2556 tomi
3427 2500 3555 2555 libri

2676 2574 2840 2628 tertii.

1970 2666 2035 2721 1η
2069 2668 2294 2722 secundo
2355 2677 2492 2721 tomo
2530 2664 2651 2720 libri
2680 2664 2859 2727 tertii,
2898 2663 3120 2718 hwreses
3152 2670 3380 2734 quatuor
3406 2669 3551 2719 sunt.

2040 2827 2130 2884 77.
2172 2826 2484 2884 Dimocritze
2507 2865 2520 2891 ,
2555 2824 2650 2895 qui
2682 2835 2735 2880 et
2764 2821 3211 2894 Apollinaristaz;
3246 2821 3339 2893 qui
3375 2819 3554 2893 perfe-

1652 3005 1884 3063 VARLE
1923 3005 2329 3064 LECTIONES.

363 3153 388 3182 '
412 3143 550 3202 Cod.
583 3145 642 3201 S.
674 3144 777 3203 ilil.
831 3145 1127 3211 Ἀετιανοὶ,
1169 3146 1218 3199 οἱ
1253 3146 1348 3201 καὶ
1389 3144 1676 3215 Ἀνόμοιοι.
1732 3147 1826 3201 καὶ
1878 3145 2221 3215 Εὑνομιανοὶ,
2269 3146 2363 3199 καὶ
2395 3145 2723 3211 Εὐδοξιανοί.

2826 3160 2851 3189 κ
2883 3145 2938 3202 ln
2971 3147 3094 3204 cod.
3144 3146 3203 3201 S.
3235 3145 3345 3202 Hil.
3400 3144 3557 3203 deest

286 3215 641 3286 imperatoris
673 3232 891 3273 nomen.
925 3216 1182 3273 Cotteler.
1214 3223 1399 3273 monet
1434 3216 1724 3288 legendum
1762 3217 2158 3279 Κωνστάντιον,
2193 3223 2251 3270 ιιι
2284 3216 2449 3271 etiam
2509 3216 2741 3272 habetur
2777 3217 2832 3272 in
2869 3216 3097 3289 Synopsi
3123 3216 3439 3288 Epiphanii.

1836 3370 2067 3429 ΝΟΤᾹΞ.

361 3485 473 3568 (ει)
508 3484 698 3568 actius
726 3485 795 3541 ab
827 3484 1051 3567 Ariauis
1077 3484 1356 3568 discessit,
1383 3484 1509 3555 quia
1541 3484 1739 3568 Filium
1763 3484 1865 3568 Pa-
1893 3488 1934 3545 C.
1968 3486 2118 3568 circa
2175 3486 2635 3568 incarnationem.
2684 3485 2819 3567 Cum
2882 3485 3181 3568 aestimaret
3203 3499 3287 3568 ἐκ
3339 3484 3555 3544 duabus

289 3555 640 3612 tri‘si'milem
687 3572 782 3624 per
832 3556 1017 3611 omnia
1064 3555 1331 3621 dicerent,
1379 3570 1490 3610 non
1549 3558 1859 3612 crederent.

291 3627 566 3694 Quocirca
591 3626 693 3680 hoc
730 3626 1062 3695 praestituto,
1109 3625 1254 3695 quod
1286 3625 1391 3680 sibi
1444 3627 1632 3681 eadem
1663 3642 1726 3681 ac
1759 3627 1861 3694 ipsi

290 3698 403 3752 Deo
426 3696 819 3765 perspicuitate
860 3705 1049 3750 notum
1105 3704 1399 3759 assereret,
1441 3697 1736 3752 essentiam
1768 3695 1864 3751 Dei

294 3768 483 3837 inlice
512 3766 855 3837 sitamesse,
899 3765 1044 3833 quod
1094 3766 1414 3837 γάγέννητος,
1473 3767 1739 3837 ingenitus
1768 3767 1860 3831 sit,

293 3835 562 3891 inferebat
592 3834 814 3906 Filium,
835 3836 963 3905 quia
984 3836 1250 3906 genitum,
1279 3834 1566 3892 dissimilis
1584 3853 1612 3889 a
1640 3845 1866 3906 paterna

291 3915 503 3960 natura:
525 3920 669 3961 esse.
719 3904 861 3960 llinc
895 3904 1184 3975 Ἀνόμοιοι,
1248 3905 1497 3967 Αηοηιωί.
1545 3904 1675 3960 dicti
1735 3915 1865 3961 sunt

288 3979 410 4044 ejus
428 3990 731 4043 sequaces;
760 3991 990 4043 quorum
1011 3976 1274 4045 ιιι-ιεοίρυί
1297 3976 1516 4031 fuerunt
1536 3976 1861 4040 Eunamius;

289 4062 319 4099 a
350 4062 463 4115 quo
495 4046 813 4100 Eunomiani
834 4047 1145 4108 audierunt,
1172 4061 1235 4100 ac
1263 4045 1583 4113 Eutyehius,
1601 4048 1693 4116 qui
1719 4056 1865 4115 post-

287 4118 393 4171 hac
422 4116 655 4170 alterius
700 4124 863 4171 seetze
900 4116 1155 4185 princeps
1180 4116 1302 4170 fuit.
1345 4115 1646 4185 Utriusque
1676 4118 1864 4171 memi-

288 4194 494 4240 nerunt
519 4186 797 4251 Socrates,
818 4187 913 4240 lib.
946 4202 997 4250 ν,
1016 4200 1067 4239 c.
1086 4185 1191 4253 24;
1217 4194 1271 4241 et
1294 4186 1652 4251 Sozomcnus,
1670 4187 1763 4243 lib.
1787 4203 1862 4251 VI,

290 4272 340 4327 ο.
372 4256 463 4327 26.
496 4254 650 4327 Unde
709 4256 1079 4322 Hieronymus
1102 4256 1155 4327 in
1189 4270 1309 4324 cap.
1343 4274 1354 4311 I
1412 4257 1581 4312 Amos
1618 4258 1861 4327 scripsit,

289 4326 781 4398 Arian2e_haaresis
823 4337 985 4398 vectes
1013 4335 1060 4379 et
1091 4326 1430 4398 ﬁrmissimas
1490 4344 1634 4381 seras
1670 4326 1866 4398 Eutyc-

290 4405 401 4448 tum
424 4404 474 4449 et
507 4394 826 4449 Eunomium
862 4395 1056 4450 fuisse.
1100 4396 1215 4451 Non
1241 4398 1385 4450 enim
1444 4406 1638 4451 contra
1699 4394 1861 4453 codd.

290 4474 347 4519 et
374 4467 646 4520 editorum
695 4467 854 4521 [idem
888 4466 991 4534 legi
1025 4466 1215 4530 debet,
1270 4467 1450 4521 Aetius
1467 4477 1516 4520 et
1548 4466 1863 4533 Eunomius,

291 4545 525 4606 nec,ut
551 4546 798 4604 apparet,
861 4537 1082 4605 ignotus
1141 4535 1397 4606 Eutycius
1450 4537 1691 4592 Arianus
1740 4536 1861 4592 fuit.

293 4604 995 4675 EudomianosmersiOne
1047 4622 1155 4661 una
1210 4604 1520 4675 baptizasse
1572 4606 1861 4671 Socrates,

292 4674 661 4738 Sozomenus,
691 4674 1095 4742 Theodoretus,
1141 4676 1346 4745 aliique
1395 4678 1637 4739 tradunt,
1671 4678 1781 4730 imo
1811 4687 1867 4731 et

292 4745 616 4813 peregrinas
674 4747 818 4800 inter
870 4747 1259 4815 baptizandum
1322 4747 1677 4801 creremonias
1704 4747 1864 4801 adhi-

1969 3556 2135 3610 rebus
2163 3555 2423 3626 perfectis
2455 3564 2508 3610 et
2540 3555 2767 3626 integris
2796 3570 2965 3626 unum
2998 3552 3218 3626 aliquod
3248 3570 3358 3608 non
3398 3568 3553 3608 com-

1968 3622 2596 3694 ponifhumanitatem
2656 3624 2912 3687 Domini,
2971 3635 3029 3679 ut
3085 3622 3343 3679 Christus
3411 3640 3554 3681 unus

1968 3693 2386 3765 agnosceretur,
2416 3711 2479 3751 ea
2506 3700 2660 3766 parte
2683 3708 2789 3763 qua
2813 3694 3101 3750 rationalis
3123 3701 3227 3766 est,
3257 3693 3550 3758 mutilavit,

1967 3764 2127 3836 enjus
2181 3768 2365 3820 munia
2412 3766 2466 3819 in
2508 3764 2766 3836 ‘Yerbum
2832 3764 3371 3836 proptermunionem
3424 3779 3552 3836 cum

1967 3833 2132 3891 carne
2182 3836 2484 3891 transtulit.
2544 3833 2684 3887 Hinc
2734 3833 2982 3903 gregales
3041 3835 3191 3889 illius
3240 3835 3551 3903 Διμοιρίται

1968 3908 2148 3962 vocati
2208 3915 2373 3969 sunt,
2409 3922 2464 3974 q.
2497 3905 2552 3959 d.
2614 3902 2931 3974 Partitoresr
2978 3906 3193 3959 animae.
3253 3902 3547 3974 Nimirum,

1968 3977 2048 4031 uti
2076 3976 2361 4032 Nemesius
2395 3973 2653 4031 observat
2693 3989 2814 4044 cap.
2846 3976 2871 4028 1
2904 3973 2977 4029 De
2997 3982 3109 4028 nat.
3139 3974 3283 4028 Iram.
3339 3973 3551 4044 Apolli-

1967 4048 2159 4102 narins
2178 4047 2335 4116 juxta
2358 4045 2768 4100 Platonicorum
2796 4046 2997 4114 placita
3020 4045 3547 4112 arbitrabatnrvoiiv,

1968 4127 2210 4177 mentem.
2240 4131 2336 4173 seu
2365 4116 2611 4186 Πνεῦμα,
2648 4116 2920 4186 spiritum,
2946 4129 3071 4169 esse
3093 4116 3382 4186 quamdam
3414 4116 3549 4170 sub-

1968 4189 2227 4243 stantiam
2256 4187 2324 4241 ab
2357 4184 2538 4241 anima
2594 4185 2961 4254 superabilem
2990 4226 3003 4250 ,
3067 4184 3231 4254 idque
3272 4184 3324 4235 in
3356 4185 3550 4253 primis

1968 4259 2224 4313 studebat
2248 4256 2547 4312 inculcare.
2582 4253 3002 4323 Appellinarium
3052 4253 3426 4318 Laodiceimm,
3465 4254 3550 4308 iu-

1968 4328 2086 4396 quit
2118 4327 2503 4398 Hieronymus,
2556 4326 2718 4394 epist.
2760 4324 2850 4389 65,
2890 4326 3071 4398 audiui
3108 4324 3398 4398 Antiochia:
3440 4324 3550 4398 {re-

1968 4393 2204 4467 nuenter,
2261 4393 2513 4461 et'colui,
2546 4393 2745 4467 etcum
2797 4411 2878 4448 me
2908 4396 3210 4467 inisanctis
3257 4393 3549 4462 Scriptum

1966 4466 2218 4530 erudiret,
2250 4482 2518 4536 nunquam
2559 4466 2707 4521 illius
2757 4466 3137 4536 contentiosum
3191 4480 3347 4533 super
3394 4481 3551 4536 sensu

1969 4538 2090 4605 (seu
2130 4537 2332 4607 mente)
2370 4534 2565 4658 dogma
2616 4536 2843 4605 suscepi.
2892 4534 3050 4601 Quod
3101 4536 3323 4605 quidam
3374 4535 3549 4599 aiunt,

1969 4623 2094 4658 eum
2125 4607 2364 4658 animam
2395 4607 2437 4658 Ο
2464 4607 2642 4658 ιιυὶειο.
2674 4605 2827 4658 iusta
2858 4620 2924 4658 ac
2957 4606 3195 4658 Arianos
3223 4605 3549 4658 denerzasse.

1967 4623 2094 4662 eum
2125 4605 2364 4660 animam
2395 4605 2642 4670 Christo,
2670 4605 2827 4672 juxta
2858 4620 2924 4660 ac
2957 4606 3195 4660 Arianos
3223 4605 3549 4673 denegasse,

1967 4677 2035 4731 de
2069 4677 2323 4730 rationali
2349 4675 2763 4745 concedendum
2794 4683 2879 4729 est
2908 4691 3028 4745 qua:
3043 4691 3108 4745 ex
3138 4675 3258 4741 ejus
3289 4674 3550 4729 doctrina

1970 4754 2150 4801 mente
2202 4748 2317 4802 sola
2370 4753 2673 4801 constaret.
2730 4744 2805 4799 Ex
2851 4744 2936 4801 his
2991 4744 3295 4808 inferebat,
3344 4745 3550 4799 nedum

290 4816 526 4895 l_misse_:
587 4816 643 4869 in
690 4815 874 4895 solam
902 4814 1037 4895 vero
1072 4815 1275 4895 Christi
1332 4826 1599 4895 mortem,
1624 4819 1861 4895 “omissa
1897 4821 1939 4875 D
1969 4832 2132 4870 unam
2165 4832 2285 4872 esse
2310 4815 2513 4871 Christi
2547 4829 2839 4895 personam
2880 4825 2933 4870 et
2969 4814 3328 4895 liyjiostasiiii,
3357 4829 3550 4895 verum

291 4885 531 4939 formula
560 4885 1001 4956 quam_Christus
1027 4885 1283 4956 instituit,
1320 4886 1528 4956 tingere
1557 4886 1750 4942 solitos
1775 4890 1858 4941 vix

291 4970 646 5028 concessero.
693 4954 967 5028 Socrates
1023 4963 1077 5010 et
1138 4954 1477 5028 Soaomenus
1530 4956 1863 5028 Eutychiqu

292 5034 573 5079 auctorem
601 5023 1146 5096 faciuntisuppressa:
1173 5027 1332 5096 trina:
1377 5023 1687 5081 mersionis.
1729 5030 1868 5082 Ano-

295 5111 471 5167 mmps
501 5096 757 5167 reliquiis
792 5094 1090 5165 Martyrum
1121 5104 1175 5149 et
1201 5094 1509 5167 Virginitati
1565 5096 1868 5155 detraxisse

294 5181 363 5220 ex
392 5164 591 5236 Basilio
621 5164 1030 5236 etilierouy’mo
1064 5174 1296 5221 constat.

374 5234 486 5306 (35)
532 5234 917 5306 Apollinariusﬁ
962 5237 1210 5291 diversos
1268 5236 1565 5306 quialemin
1602 5235 1873 5294 Trinitate

296 5304 780 5377 gradus_posuis§e
804 5306 997 5369 fertur,
1028 5314 1087 5359 ut
1105 5304 1347 5377 Spiritus
1370 5316 1594 5363 sanctus
1621 5323 1869 5377 magnus,

299 5374 478 5442 major
496 5374 687 5438 Filius,
719 5373 878 5429 Pater
906 5373 1201 5440 maximus,
1244 5377 1578 5433 dicerentur.
1606 5377 1660 5430 ld
1686 5373 1874 5432 n'arrat

299 5443 677 5517 Naxiauzenus
715 5447 875 5514 epist.
912 5446 934 5499 1
966 5447 1034 5499 ad
1060 5446 1277 5517 Cleden.
1308 5455 1366 5500 ut
1414 5447 1661 5516 ejusdem
1709 5448 1874 5517 Apol-

298 5514 515 5589 linarii__
540 5523 748 5589 taceam
806 5516 1091 5589 epistolam
1118 5516 1186 5569 ad
1214 5514 1493 5589 Basiliam,
1543 5533 1664 5589 quae
1697 5514 1876 5575 exstat

301 5594 436 5636 tntn.
478 5582 515 5636 ll
555 5584 791 5640 Monum.
837 5582 988 5639 Eccl.
1028 5585 1247 5640 Graeca).
1283 5587 1515 5644 Basilius
1560 5582 1708 5643 'vero
1760 5604 1870 5642 non

300 5652 939 5726 unoringlocoSabellii
990 5656 1187 5726 dogma
1245 5656 1610 5711 instauratum
1679 5659 1873 5713 scribit

297 5723 373 5778 ab
406 5724 765 5793 Apollinario.
806 5726 876 5781 At
920 5723 1094 5798 magis
1145 5735 1361 5784 constat
1401 5728 1468 5785 de
1515 5727 1636 5800 ejus
1687 5744 1874 5785 errore

1972 4894 2027 4942 et
2058 4895 2311 4941 naturam
2358 4884 2637 4943 unam.'ln
2673 4884 3037 4941 Collectaneis
3059 4884 3181 4939 adv.
3229 4884 3418 4949 Sever,
3450 4884 3567 4941 ba--

1977 4958 2135 5028 betur
2159 4966 2497 5028 segmentum
2523 4956 2770 5026 epistolae
2797 4956 3122 5028 Apollinarii
3139 4954 3203 5008 ad
3227 4953 3549 5017 Diodorum,

1976 5026 2169 5097 inquo
2225 5025 2329 5097 μία
2376 5025 2681 5096 σύγκρατος
2740 5025 2934 5095 φύσις,
2996 5043 3103 5081 una
3164 5034 3553 5097 contemperata

1978 5096 2175 5150 Christi
2231 5095 2425 5150 natura
2496 5095 2701 5167 legitur.
2746 5098 2930 5167 Atqui
2990 5095 3551 5167 contemperationcm

1978 5167 2119 5222 hanc
2160 5164 3186 5232 συνουσίωσινζεοηδιιὸειαιιιὶαιίοηθιιι,
3214 5164 3548 5235 appellabat,

1980 5246 2223 5307 mutuata
2276 5252 2410 5291 voce
2447 5236 2714 5307 asynodo
2766 5238 3124 5307 Antiochena,
3148 5233 3297 5307 quasi
3315 5233 3549 5289 Paulum

1980 5306 2397 5362 Samosateuum
2434 5304 2811 5361 damnaverat.
2831 5304 2985 5360 Unde
3003 5304 3407 5375 Apollinaristze
3426 5321 3551 5357 συνο-

1976 5377 2283 5437 ουσιασταὶ,
2312 5376 2643 5447 Syuusiastw
2676 5391 2892 5447 quoque
2928 5374 3241 5430 audierunt.
3276 5374 3544 5441 Quocirca

1979 5447 2257 5501 ferebatur
2298 5446 2680 5501 confusionem
2730 5446 3023 5501 admittere
3075 5455 3418 5507 naturarum,
3453 5452 3549 5498 aut

1977 5518 2140 5571 unius
2178 5518 2231 5571 in
2264 5517 2427 5570 aliam
2488 5515 2947 5586 conversionem;
3015 5516 3178 5586 idque
3222 5530 3287 5570 eo
3334 5514 3546 5586 magis,

1979 5587 2123 5656 quod
2151 5603 2217 5642 ex
2260 5587 2381 5656 ejus
2418 5586 2692 5656 sententia
2726 5586 2778 5639 in
2812 5584 3294 5656 Deitatem‘ipsam
3326 5584 3548 5656 dolores

1980 5654 2435 5727 etperpessi'ones
2465 5655 2908 5727 refundercntur.
2936 5654 3209 5712 Caeterum
3234 5656 3288 5710 in
3310 5654 3546 5727 epistola

1982 5723 2063 5781 ad
2090 5723 2447 5800 Serapionem
2489 5727 2635 5798 apud
2697 5725 2989 5784 Leontium
3046 5727 3316 5785 adversus
3348 5723 3551 5778 ’fraud.
