3962 6320
348 315 449 380 ⁸131

1544 314 1603 373 S.
1641 307 1961 374 JOANNIS
1998 310 2433 376 DAMASCENI

3488 315 3595 378 732

422 432 477 486 8.
506 430 759 486 Animam
803 428 884 484 sic
917 427 1053 484 allici
1084 434 1341 499 oportere
1388 440 1558 481 sensu
1611 421 1909 493 participa-

2090 430 2161 493 η’.
2195 424 2316 478 Ὅτι
2345 424 2428 477 δεῖ
2465 422 2566 495 τὴν
2612 423 2793 496 ψυχὴν
2823 423 3080 494 τοιαύτης
3112 422 3395 478 αἰσθέσθαι
3426 422 3457 463 δ
3495 424 3596 495 τῆς

349 520 518 575 tionis
548 519 794 575 caelestis
826 518 1035 587 sponsi,
1067 526 1127 572 ut
1170 514 1408 571 atiicitur
1445 513 1643 568 mulier
1677 528 1746 568 ex
1784 526 1920 566 con-

352 622 545 678 gressu
581 607 709 662 viri.
1539 679 1542 682 ἢ

418 699 471 753 9.
507 697 797 766 Spiritales
847 696 1097 752 homines
1129 696 1282 751 intus
1333 693 1579 763 forisque
1630 699 1919 763 peccatum

347 790 575 845 videre:
612 804 825 846 necnon
851 789 1086 861 gratiam
1148 802 1269 857 qua:
1322 786 1654 852 infunditur,
1705 793 1761 840 et
1799 799 1921 854 quae

348 889 642 951 operatur.

422 971 509 1025 10.
542 970 956 1026 Revelationem
986 983 1110 1025 esse
1138 982 1260 1038 quae
1292 967 1384 1021 [lat
1431 965 1488 1020 in
1536 979 1701 1021 sensu
1755 973 1809 1020 et
1837 963 1921 1018 di-

347 1063 476 1118 vina
507 1077 764 1133 persona,
794 1070 1054 1132 tanquam
1081 1061 1356 1116 doctrina.

421 1153 510 1207 11.
542 1153 722 1223 Ignem
762 1153 1104 1208 conditorem
1133 1167 1274 1208 esse.

423 1243 510 1298 12.
539 1243 794 1298 Animam
843 1258 954 1298 non
995 1244 1282 1298 habentem
1331 1240 1614 1295 Christum
1647 1241 1702 1295 in
1753 1254 1916 1296 sensu

349 1334 614 1402 omnique
665 1333 904 1398 actione,
955 1339 1272 1402 serpentum
1331 1345 1455 1386 esse
1505 1345 1570 1384 ac
1625 1339 1920 1384 venenata-

351 1440 472 1480 rum
505 1425 830 1490 bestiarum,
863 1425 967 1480 hoc
991 1431 1075 1478 est
1101 1422 1431 1477 adversariae
1465 1422 1648 1477 omnis
1675 1422 1919 1489 virtutis,

350 1516 712 1573 domicilium.

423 1607 512 1662 15.
545 1606 706 1672 Mala,
744 1613 942 1662 natura
974 1613 1252 1661 constare.

423 1697 510 1752 M.
551 1697 695 1752 Ante
743 1697 1002 1750 violatum
1056 1703 1412 1766 praeceptum,
1469 1695 1741 1749 Adamum
1793 1708 1920 1747 cum

353 1787 463 1842 Eva
494 1789 701 1858 absque
731 1788 844 1843 ullo
891 1787 1140 1842 libidinis
1175 1798 1311 1842 aestu
1354 1801 1717 1856 congressum
1774 1799 1918 1840 esse.

423 1877 510 1933 l5.
545 1876 602 1931 1n
634 1876 858 1932 Mariam
889 1893 1077 1932 semen
1112 1887 1164 1931 et
1189 1876 1426 1931 Verbum
1457 1875 1742 1930 cecidisse.

425 1969 513 2024 16.
547 1968 833 2024 Hominem
861 1977 1117 2038 oportere
1169 1967 1376 2037 duplici
1410 1967 1595 2021 anima
1637 1966 1921 2037 praeditum

352 2075 513 2126 esse;
566 2075 676 2114 una
725 2076 889 2130 quam
943 2058 1260 2114 hominibus
1315 2073 1659 2113 communem
1705 2057 1919 2122 dicunt,

353 2151 546 2214 altera,
593 2165 760 2220 quam
788 2149 1091 2204 cmlestem.

427 2241 514 2294 17.
547 2239 693 2294 Fieri
725 2255 909 2310 posse,
948 2247 1007 2292 ut
1039 2239 1203 2293 homo
1243 2237 1587 2294 sensibiliter
1624 2251 1922 2308 personam

356 2328 598 2401 Spiritus
651 2333 831 2388 sancti
881 2331 1148 2401 percipiat
1198 2345 1322 2386 cum
1369 2330 1519 2386 omni
1564 2329 1919 2396 certitudine,

355 2423 697 2493 plenitudine
731 2432 786 2478 et
811 2422 1154 2492 operatione.

427 2515 513 2569 18.
556 2515 730 2572 Posse
781 2515 868 2570 his
917 2514 1012 2584 qui
1054 2521 1218 2569 orant
1263 2528 1530 2584 apparere
1578 2512 1923 2569 Salvatorem

355 2606 412 2660 in
446 2605 569 2660 luce
597 2623 610 2659 :
644 2621 708 2660 ac
738 2606 976 2676 quodam
1023 2613 1269 2676 tempore
1301 2605 1588 2661 inventum
1643 2606 1922 2660 hominem

355 2703 626 2750 astantem
673 2697 860 2761 altari,
913 2696 1000 2752 cui
1029 2694 1150 2752 sint"
1196 2695 1366 2751 oblati
1423 2707 1533 2751 tres
1581 2710 1753 2765 panes
1803 2695 1924 2750 oleo

356 2785 589 2855 perfusi.

423 2975 532 3045 97
557 2975 786 3038 'Adliaec,
811 2989 1070 3029 manuum
1101 2989 1296 3044 Operas
1319 2976 1598 3046 rejiciunt,
1634 2976 1782 3032 velut
1805 2993 1926 3048 qua:

2023 513 2306 578 κοινωνίας
2345 514 2440 569 τοῦ
2466 515 2720 588 οὐρανίου
2763 516 3022 587 νυμφίου,
3055 515 3172 578 οῖας
3203 514 3518 570 αἰσθάνεται
3557 515 3593 584 ἡ

2023 605 2160 676 γυνὴ
2191 607 2248 658 ἐν
2269 609 2336 676 τῇ
2361 607 2622 678 συνουσίᾳ
2653 605 2748 659 τοῦ
2783 607 2994 676 ἀνδρός.

2093 696 2158 750 θ’.
2195 698 2317 750 Ὅτι
2345 699 2395 750 οἱ
2419 697 2783 767 πνευματικοὶ
2807 696 3008 767 ὁρῶσιν
3035 693 3239 748 ἔσωθεν
3279 695 3374 748 καὶ
3397 693 3596 760 ἔξωθεν

2019 788 2118 859 τὴν
2141 787 2435 859 ἁμαρτίαν,
2463 789 2560 844 καὶ
2577 789 2676 859 τὴν
2701 789 2860 860 χάριν
2882 787 3304 857 ἐνεργουμένην,
3327 788 3420 841 καὶ
3443 788 3597 858 ἐνερ-

2021 895 2246 946 γουσαν.

2095 967 2145 1021 ι’.
2185 969 2306 1023 Ὅτι
2355 969 2505 1021 ἐστὶν
2539 967 2882 1038 ἀποκάλυψις
2925 969 3187 1042 γινομένη
3239 971 3299 1023 ἐν
3345 969 3594 1040 αἰσθήσει

2023 1060 2118 1114 καὶ
2144 1059 2438 1113 ὑποστάσει
2471 1059 2652 1129 θεῖκῇ,
2681 1059 2756 1122 ὼς
2777 1059 3027 1128 δόγματι.

2097 1157 2182 1205 ια’.
2215 1151 2339 1204 Ὅτι
2370 1151 2429 1204 τὸ
2459 1150 2568 1221 πῦρ
2598 1150 2931 1220 δημιουργόν
2959 1151 3132 1204 ἐστιν.

2095 1242 2182 1312 ιβ’.
2215 1242 2339 1294 Ὀτι
2369 1241 2572 1312 ἡψυχὴ
2602 1242 2636 1311 ἡ
2677 1241 2751 1310 μὴ
2788 1239 2988 1310 ἔχουσα
3016 1240 3108 1295 τὸν
3158 1240 3393 1313 Χριστὸν
3419 1242 3478 1293 ἐν
3510 1241 3596 1294 αί-

2025 1332 2236 1404 σθὴσει,
2271 1332 2367 1386 καὶ
2398 1332 2548 1404 πάσῃ
2588 1330 2858 1402 ἐνεργείᾳ,
2898 1331 3215 1402 οἰκητήριόν
3253 1333 3401 1384 ἐστιν
3430 1333 3597 1400 ἑρπε-

2021 1424 2152 1488 τῶν,
2184 1424 2279 1477 καὶ
2312 1423 2534 1476 ἰοϐόλων
2577 1422 2804 1494 Θηρίων,
2855 1421 3105 1475 τουτέστι
3139 1423 3318 1493 πάσης
3357 1424 3597 1476 ἀντικει-

2026 1517 2196 1590 μένης
2219 1516 2525 1586 δυνάμεως.

2095 1603 2181 1674 ιγ’·
2210 1606 2334 1660 Ὅτι
2369 1607 2530 1675 φύσει
2559 1605 2628 1661 τὰ
2653 1606 2821 1660 κακά.

2097 1697 2179 1752 ιδ’.
2213 1698 2334 1751 Ὀτι
2370 1697 2462 1749 καὶ
2496 1695 2600 1766 πρὸ
2640 1695 2741 1765 τῆς
2793 1695 3158 1768 παραϐάσεως
3190 1695 3416 1760 ἀπαθῶς
3445 1698 3595 1750 ἐκοι-

1954 1752 1996 1808 B
2024 1787 2265 1860 νὼνηκεν
2296 1789 2324 1840 ὁ
2365 1752 2633 1860 Ἀδάμιτῇ

2097 1879 2178 1936 ιε’.
2216 1881 2337 1933 Ὀτι
2362 1879 2587 1950 σπέρμα
2617 1878 2712 1932 καὶ
2736 1879 2907 1948 Λόγος
2928 1879 3125 1935 ἔπεσεν
3151 1881 3230 1944 είς
3248 1878 3488 1950 Μαρίαν.

2098 1977 2192 2035 ις’.
2225 1971 2350 2024 Ὅτι
2384 1969 2477 2023 δύο
2502 1969 2583 2022 δεῖ
2623 1969 2931 2040 κτήσασθαι
2966 1970 3058 2024 τὸν
3085 1970 3370 2045 ἄνθρωπον
3393 1969 3597 2040 ψυχὰς,

2024 2063 2191 2131 φασί’
2247 2063 2374 2134 μίαν
2429 2063 2529 2133 τὴν
2578 2062 2766 2135 κοινὴν
2802 2062 3131 2134 ἀνθρώποις,
3177 2065 3270 2119 καὶ
3315 2064 3443 2134 μίαν
3493 2062 3598 2135 τὴν

2025 2155 2368 2226 ἐπουράνιον.
3247 2147 3250 2152 ’

2097 2245 2180 2310 ιζ’.
2234 2245 2357 2298 Ὀτι
2405 2242 2628 2298 δυνατόν
2681 2261 2814 2313 φασι
2874 2243 3131 2311 δέξασθαι
3181 2245 3458 2317 αἰσθητῶς
3498 2231 3599 2316 τὴν

2027 2335 2324 2388 ὑπόστασιν
2370 2333 2463 2389 τοῦ
2517 2334 2672 2402 ἁγίου
2719 2335 3036 2406 Πνεύματος
3079 2335 3172 2390 τὸν
3209 2336 3498 2408 ἄνθρωπον
3533 2338 3594 2390 ἐν

2026 2425 2173 2497 πάσῃ
2202 2427 2544 2500 πληροφορίᾳ
2571 2429 2666 2481 καὶ
2695 2427 2846 2500 πάσῃ
2873 2429 3145 2499 ἐνεργείᾳ.

2098 2517 2190 2587 ιη’.
2226 2517 2350 2569 Ὅτι
2392 2519 2505 2581 τοῖς
2550 2517 2866 2588 εὐχομένοις
2903 2517 3126 2571 δύναται
3170 2517 3540 2587 φανεροῦσθαι
3570 2520 3600 2572 ὁ

2026 2607 2218 2678 Σωτὴρ
2253 2617 2275 2645 ο
2320 2609 2379 2660 ἐν
2408 2609 2570 2678 φωτὶ,
2604 2609 2698 2662 καὶ
2741 2608 2883 2662 κατά
2926 2625 3046 2660 τινα
3077 2609 3266 2680 καιρὸν
3301 2608 3596 2679 εὑρεθῆναι

2025 2698 2312 2768 ἄνθρωπον
2351 2699 2680 2770 παρεστῶτα
2727 2699 2805 2769 τῷ
2839 2699 3243 2770 θυσιαστηρίῳ,
3285 2701 3378 2753 καὶ
3420 2716 3596 2770 προσ-

2026 2789 2254 2861 ηνέχθαι
2308 2790 2458 2861 αὑτῷ
2513 2795 2664 2862 τρεῖς
2717 2792 2912 2861 ἄρτους
2965 2792 3032 2844 δι’
3075 2790 3252 2844 ἐλαίου
3309 2791 3599 2862 πεφυρμέ-

2029 2898 2174 2946 νους.

2099 2989 2222 3046 Ἔτι
2259 2993 2316 3046 δέ
2355 2992 2449 3046 καὶ
2485 2992 2918 3063 ἀποστρέφονται
2952 2993 3046 3047 καὶ
3065 2993 3163 3064 τὴν
3189 2994 3252 3046 ἐκ
3271 2992 3379 3047 τῶν
3400 2996 3598 3064 χειρῶν

349 3065 703 3122 Christianos
753 3066 1037 3122 dedeceat.
1097 3067 1406 3123 Praesertim
1467 3083 1598 3125 vero
1653 3085 1808 3124 suam
1865 3071 1918 3125 in

2044 3085 2313 3154 ίργασίαν,
2343 3083 2420 3147 ὼς
2441 3084 2502 3136 οὑ
2524 3084 2842 3155 πρέπουσαν
2864 3085 3226 3154 Χριστιανοῖς.
3253 3083 3412 3137 Κατά
3435 3085 3601 3155 μέρος

355 3171 626 3228 pauperes
675 3157 1134 3213 inhumanitatem
1197 3168 1477 3230 promunt.
1539 3161 1709 3215 Aiunt
1772 3162 1920 3216 enim

356 3262 534 3319 neque
563 3248 648 3304 his
679 3249 774 3320 qui
815 3251 1012 3320 stipem
1042 3251 1264 3321 publice
1297 3252 1636 3321 mendicant,
1675 3261 1770 3308 aut
1801 3270 1923 3324 qua:

355 3338 533 3395 viduae
588 3341 794 3396 relictae
853 3349 1002 3408 sunt,
1059 3343 1198 3398 iisve
1254 3343 1348 3414 qui
1411 3343 1643 3400 adversa
1696 3343 1923 3400 fortuna

355 3439 607 3495 utuntur,
667 3433 752 3487 vel
805 3447 1040 3503 corpore
1085 3435 1417 3516 mutili,.vel
1447 3437 1654 3492 morbis
1703 3436 1920 3502 amicti,

355 3523 441 3577 vel
481 3523 700 3578 acerbis
728 3524 1104 3580 creditoribus
1134 3525 1382 3591 obnoxii,
1409 3527 1495 3582 vel
1523 3528 1801 3583 latronum
1829 3536 1923 3582 aut

357 3613 719 3669 barbarorum
749 3615 1167 3672 incursionibus
1202 3617 1398 3681 attriti,
1431 3618 1666 3689 aliisque
1693 3621 1923 3674 calami-

356 3707 564 3761 tatibus
618 3707 672 3760 in
713 3707 840 3761 vita:
899 3709 1187 3779 angustias
1235 3724 1299 3764 ac
1353 3718 1653 3781 egestatem
1707 3711 1922 3768 detrusi

356 3805 511 3861 sunt,
537 3798 1019 3869 eleemosynarum
1061 3816 1164 3870 ope
1207 3801 1634 3872 haudquaquam
1682 3804 1925 3860 subven-

356 3899 470 3944 tum
500 3890 567 3944 iri
601 3899 854 3961 oportere
882 3907 979 3962 per
1003 3907 1099 3948 eos
1139 3894 1234 3964 qui
1278 3909 1400 3950 sese
1449 3895 1609 3952 bonis
1639 3896 1922 3965 abdicant,

355 3989 453 4036 aut
479 3983 641 4036 etiam
677 3998 774 4052 per
804 3998 900 4038 eos
930 3984 1022 4054 qui
1070 3984 1446 4040 beneficentiae
1478 3985 1533 4040 in
1579 3987 1774 4056 primis
1801 3997 1922 4044 stu-

355 4073 486 4127 dent
519 4091 531 4127 :
563 4075 654 4129 sed
689 4075 792 4130 sibi
827 4076 1012 4146 potius
1045 4077 1182 4146 ipsis
1212 4077 1682 4132 subministranda
1713 4083 1920 4136 omnia.

358 4161 430 4217 Se
468 4164 611 4218 enim
643 4179 804 4222 veros
832 4182 956 4222 esse
985 4182 1254 4236 pauperes
1279 4167 1499 4235 spiritu.

427 4272 523 4330 llis
555 4275 890 4331 addiderunt
933 4275 1306 4330 Ecclesiarum
1356 4291 1420 4331 ac
1463 4292 1750 4332 sacrorum
1784 4281 1924 4334 alta-

354 4365 498 4419 rium
550 4373 952 4434 contemptum.
1001 4363 1120 4418 Non
1157 4365 1353 4419 decere
1403 4363 1699 4422 Monachos
1735 4369 1924 4424 Eccle-

357 4455 598 4511 siasticis
668 4457 943 4510 interesse
1021 4455 1385 4510 conventibus
1435 4473 1450 4510 :
1504 4456 1750 4527 satisque
1813 4458 1924 4515 illis

353 4563 479 4604 esse
514 4561 654 4618 quas
696 4545 752 4600 in
800 4546 918 4602 suis
947 4548 1203 4603 oratoriis
1258 4561 1449 4617 preces
1494 4546 1751 4615 fundunt,
1795 4558 1922 4605 tan-

353 4648 468 4693 tam
500 4637 648 4692 enim
678 4651 901 4706 precqu
931 4635 1040 4690 vim
1067 4651 1192 4692 esse
1220 4637 1433 4700 dicunt,
1469 4643 1530 4691 ut
1573 4639 1712 4708 ipsis
1753 4648 1923 4710 atque

355 4729 597 4797 ipsorum
623 4727 914 4798 discipulis
939 4726 1181 4798 Spiritus
1207 4736 1434 4784 sanctus
1473 4730 1728 4784 sensibili
1760 4733 1924 4788 modo

354 4819 643 4874 visendum
675 4833 736 4875 se
779 4819 1043 4888 praebeat.
1101 4818 1315 4890 Quippe
1359 4828 1640 4891 nugantur
1670 4836 1788 4888 eos,
1825 4824 1921 4892 qui

354 4907 590 4963 salutem
636 4907 808 4961 velint
859 4907 1146 4976 consequi,
1209 4921 1272 4963 ea
1306 4911 1736 4977 perseverantia,
1786 4912 1924 4966 nihil

355 5009 586 5065 prorsus
612 4995 758 5049 aliud
808 4995 1016 5064 negotii
1045 5002 1290 5065 agentes,
1322 4996 1564 5050 orationi
1601 5013 1795 5054 vacare
1823 5000 1920 5056 de-

355 5087 506 5152 here,
533 5086 708 5142 donec
749 5093 1035 5155 peccatum
1099 5086 1276 5140 instar
1338 5087 1470 5141 fumi
1526 5089 1785 5159 alicujus,
1830 5101 1924 5147 aut

355 5177 522 5248 ignis,
549 5185 646 5232 aut
677 5175 974 5246 serpentis,
1022 5183 1117 5230 aut
1161 5175 1470 5248 cuiuspiam
1505 5179 1780 5249 ejusmodi
1815 5181 1920 5238 bel-

2026 3177 2084 3230 ῡέ
2111 3175 2204 3230 καὶ
2233 3175 2332 3246 τὴν
2355 3175 2436 3238 είς
2466 3175 2714 3245 πτωχοὺς
2739 3175 3136 3247 ἀπανθρωπίαν
3173 3176 3474 3244 εἰσάγουσι,
3498 3177 3602 3245 φά-

2029 3287 2275 3333 σκοντες,
2306 3269 2380 3332 ὡς
2405 3269 2528 3338 οὑχὶ
2571 3269 2684 3331 τοῖς
2715 3266 2953 3338 δημοσίᾳ
2995 3267 3367 3338 προσαιτοῦσι,
3416 3267 3450 3338 ἢ
3481 3268 3604 3331 ταῖς

2027 3359 2557 3430 καταλελειμμέναις
2609 3360 2845 3429 χήραις,
2907 3358 3030 3412 οὑδέ
3084 3363 3195 3423 τοῖς
3243 3360 3600 3430 περιστάσεσι
3677 3401 3696 3408 ,

2026 3453 2392 3523 χρησαμένοις
2425 3449 2475 3515 ἀ,
2517 3453 2551 3520 ἢ
2582 3449 2733 3520 λώὸῃ
2778 3448 3066 3520 σωμάτων,
3121 3449 3155 3519 ἢ
3211 3449 3409 3512 νόσοις,
3445 3450 3477 3520 ἢ
3509 3467 3602 3503 πι-

2028 3547 2183 3614 κροῖς
2229 3543 2569 3607 δανεισταῖς,
2605 3541 2638 3611 ἢ
2669 3539 2882 3606 λῃστῶν
2907 3578 2922 3603 ,
2963 3539 2996 3610 ἢ
3035 3538 3335 3610 Βαρϐάρων
3381 3540 3600 3612 ἐπιδροη

2031 3637 2178 3704 μαῖς,
2218 3635 2252 3704 ἦ
2303 3649 2414 3687 τισι
2448 3629 2730 3693 τοιαύταις
2765 3632 3074 3702 συμφοραῖς
3122 3630 3601 3700 περιπεπτωκόσιν

2027 3727 2297 3799 ἀπαρκεῖν
2327 3724 2599 3796 ἁρμόττον
2624 3725 2737 3785 τοῖς
2755 3722 3212 3791 ἀποταττομένοις
3247 3733 3293 3787 ο,
3324 3721 3357 3792 ῆ
3381 3722 3441 3775 τὸ
3461 3722 3601 3785 ὅλως

2026 3818 2384 3889 ἀγαθοεργεῖν
2419 3813 2766 3885 ἀρχομένοις,
2800 3812 2916 3866 ἀλλ’
2960 3814 3144 3875 αὑτοῖς
3185 3811 3402 3867 ἅπαντα
3431 3831 3600 3884 χορη-

2027 3913 2143 3981 γεῖν
2167 3927 2180 3940 ⁸
2211 3909 2438 3971 ἑαυτοὺς
2465 3907 2572 3976 γὰρ
2610 3905 2846 3975 ἔφασκον
2878 3899 3018 3959 εἶναι
3049 3905 3174 3981 τοὺς
3208 3904 3423 3974 ἀληθῶς
3452 3921 3600 3958 πτω-

2028 4002 2282 4074 χεύοντας
2309 3998 2387 4070 τῷ
2409 3997 2700 4068 πνεύματι.

2099 4273 2320 4338 Τούτοις
2346 4273 2734 4345 προσετίθεσαν
2763 4271 2870 4325 τῶν
2895 4273 3231 4344 Ἐκκλησιῶν
3260 4277 3355 4330 καὶ
3381 4277 3488 4329 τῶν
3505 4277 3602 4330 θυι

2032 4365 2361 4437 σιαστηρίων
2384 4363 2704 4433 ὑπεροψίαν,
2731 4364 2805 4428 ὡς
2827 4365 2943 4417 δέον
2964 4366 3090 4428 τοὺς
3109 4365 3372 4435 ἀσκητάς,
3400 4367 3571 4438 ἐκκλη
3587 4397 3602 4410 -

2032 4458 2340 4519 σιαστικαῖς
2377 4456 2474 4526 μὲν
2507 4455 2583 4526 μὴ
2606 4454 2945 4526 παραμένειν
2982 4453 3286 4520 συνάξεσιν,
3311 4456 3599 4526 ἀρκεῖσθαι

2028 4549 2084 4602 δὲ
2111 4549 2230 4608 ταῖς
2259 4547 2317 4600 ἐν
2347 4547 2460 4608 τοῖς
2492 4545 2804 4614 εὑκτηρίοις
2847 4544 3026 4598 αὑτῶν
3056 4545 3264 4615 εὐχαῖς.
3317 4546 3600 4618 Τοσαύτην

2028 4639 2138 4708 γὰρ
2167 4636 2352 4704 ἔλεγον
2381 4629 2520 4686 εἶναι
2554 4633 2653 4702 τῆς
2675 4635 2986 4702 προσευχῆς
3022 4631 3040 4670 ἲ
3066 4632 3164 4701 τὴν
3187 4632 3437 4703 δύναμιν,
3458 4634 3599 4687 ὥστε

2030 4728 2213 4788 αὑτοῖς
2241 4742 2298 4778 τε
2322 4723 2419 4778 καὶ
2451 4723 2560 4785 τοῖς
2587 4721 2715 4790 παρ’
2741 4720 2919 4775 αὑτῶν
2949 4719 3382 4790 μαθητευθεῖσιν,
3403 4721 3595 4794 αἰσθη-

2028 4816 2137 4881 τῶς
2172 4815 2234 4869 τὸ
2259 4813 2484 4884 Πνεῦμα
2521 4812 2580 4865 τὸ
2631 4811 2783 4878 ἅγιον
2830 4809 3227 4879 ἐπιφαίνεσθαι.
3264 4811 3598 4882 Τερατεύον-

2030 4926 2122 4963 ται
2152 4907 2282 4979 γὰρ,
2302 4906 2379 4968 ὡς
2409 4903 2516 4974 χρὴ
2539 4903 2666 4966 τοὺς
2696 4901 2932 4971 σωθῆναι
2969 4901 3326 4972 βουλομένους
3357 4903 3451 4956 ἐπὶ
3475 4920 3600 4956 τοσ-

2029 5001 2184 5054 οῦτον
2215 4995 2640 5068 προσεύχεσθαι,
2681 4993 2834 5046 οὐδὲν
2887 4991 2948 5044 τὸ
2975 4991 3236 5062 παράπαν
3275 4991 3461 5062 ἕτερον
3485 4992 3602 5046 δια·

2029 5088 2460 5162 πραττομένους,
2488 5085 2593 5148 ἓως
2627 5084 2692 5138 ἂν
2721 5084 2819 5153 τῆς
2857 5083 2956 5152 μὲν
2984 5082 3259 5153 ἁμαρτίας
3284 5082 3601 5152 αἴσθωνται,

2029 5180 2280 5252 καθάπερ
2313 5176 2522 5233 καπνοῦ
2547 5192 2711 5240 τινος,
2739 5174 2774 5244 ἢ
2800 5173 2972 5245 πυρὸς
2995 5213 3010 5240 ,
3046 5173 3078 5244 ἢ
3107 5173 3418 5245 δράκοντος,
3446 5175 3481 5246 η
3517 5192 3599 5228 τι-

1627 5385 1865 5442 VARIA‘I
1907 5380 2313 5442 LECTIONES.

430 5554 702 5632 [malet
724 5556 1061 5632 cod.__S.i_hl.
1094 5558 1332 5632 ἔσεσθαι,
1357 5562 1434 5616 sic
1467 5573 1622 5617 vetus
1649 5562 1878 5632 interpr.
1910 5562 2042 5630 fore.

788 5639 811 5666 ο
841 5626 933 5704 Sjc
964 5627 1165 5704 it‘rputo
1193 5619 1330 5688 Duc.
1358 5632 1529 5688 edidit
1553 5648 1618 5688 ex
1645 5633 1769 5689 cod.
1799 5619 2064 5704 'Aug'ustq
2090 5631 2180 5686 alii
2216 5645 2343 5687 vero
2377 5619 2502 5692 εἷοὺς
2522 5619 3013 5694 ἀποταττομένους,
3044 5621 3076 5692 ἢ
3104 5621 3230 5684 τοὺς
3261 5659 3274 5673 .
3310 5657 3324 5673 .
3352 5658 3364 5672 .
3393 5656 3407 5672 .
3432 5619 3596 5690 ἀρχοο

359 5624 412 5676 in
446 5623 514 5681 li.
543 5626 704 5682 9.508.

356 5693 570 5763 μένους.
654 5696 671 5735 ῖ
706 5695 838 5767 Reg.
863 5698 898 5750 ‘2
929 5697 1112 5767 εὐχῆς.

2121 5573 2142 5599 ο
2178 5561 2268 5616 Sic
2299 5559 2430 5627 Reg.
2461 5555 2602 5611 9.508
2631 5551 3014 5627 alii,3ta_up¢$g.
3048 5621 3068 5627 _
3089 5549 3115 5590 ἀ
3148 5549 3597 5627 ῌοεειγχρησαμ.
