3962 6320
312 257 416 321 783

1518 258 1615 320 DE
1651 258 2106 320 II/ERESIBUS
2138 258 2397 321 LIBER.

3470 252 3578 318 734

312 384 400 429 νος
429 366 675 422 τοιούτου
699 368 913 439 θηρίου,
950 367 1039 421 διὰ
1074 367 1176 437 τῆς
1207 368 1519 439 προσευχῆς
1541 368 1889 439 ἐξελαυνομέ-

2009 368 2131 434 luas,
2169 368 2438 425 orationis
2489 368 2541 423 vi
2591 368 2917 439 expellatur,
2952 381 3016 423 ac
3049 380 3145 438 per
3173 380 3365 437 preces
3396 366 3576 419 sensi-

312 477 431 530 νης,
459 461 556 514 καὶ
584 460 854 533 αἰσθητῶς
874 460 965 513 διὰ
993 460 1102 515 τῶν
1142 462 1461 530 προσευχῶν
1484 460 1733 529 ἐξιούσης
1752 478 1767 492 ·
1800 458 1895 513 τοῦ

316 552 633 622 Πνεύματος
671 551 727 604 δὲ
757 551 850 603 τοῦ
895 550 1054 618 ἁγίου
1087 550 1251 604 πάλιν
1274 549 1371 620 τὴν
1396 550 1601 604 εἴσοδον
1622 550 1898 618 αἰσθητῶς

314 639 703 703 ὑποδέξωνται,
733 640 828 693 καὶ
854 638 1096 710 φανερὰν
1123 640 1181 691 ἐν
1209 641 1275 709 τῇ
1311 639 1457 709 ψυχῇ
1482 639 1679 709 ἔχωσιν
1708 639 1896 709 αἴσθη-

314 748 398 783 σιν
421 730 524 799 τῆς
567 729 771 783 εἰσόδου
829 729 925 783 τοῦ
965 728 1307 800 Πνεύματος.
1356 731 1468 782 Καὶ
1520 730 1728 799 ταύτην
1757 728 1897 783 εἶναι

310 822 410 891 τὴν
448 820 716 891 ἀληθινὴν
741 819 851 873 τῶν
877 820 1224 892 Χριστιανῶν
1255 820 1539 874 κοινωνίαν
1561 839 1573 852 ⁸
1628 821 1748 874 ούδέ
1787 820 1896 891 γὰρ

312 915 369 966 ἐν
396 912 475 984 τῷ
512 911 853 982 βαπτίσματι
879 913 979 982 τῆς
1004 912 1321 983 ἐκκλησίας,
1354 911 1386 982 ἢ
1414 914 1532 975 ταῖς
1555 911 1662 964 τῶν
1694 911 1796 980 κλη
1815 927 1895 981 ρι-

315 1004 425 1057 κῶν
446 1003 794 1075 χειροτονίαι,
824 1004 985 1072 ἁγίου
1020 1002 1337 1073 Πνεύματος
1369 1004 1587 1067 πάντως
1616 1002 1896 1073 μεταλαμοτ

315 1097 500 1151 δάνειν
523 1098 651 1161 τοὺς
687 1096 1139 1167 βαπτιζομένους,
1169 1098 1217 1149 εί
1246 1096 1320 1167 μὴ
1350 1098 1475 1159 ταῖς
1508 1095 1688 1149 αὐτῶν
1722 1112 1892 1165 προσ-

315 1190 505 1258 ευχαῖς
556 1186 988 1257 φιλοπονώτερον
1020 1187 1425 1257 κοινωνήσοιεν,
1482 1186 1577 1240 καὶ
1610 1185 1795 1240 λαϐεῖν
1828 1185 1893 1239 ἀν

313 1294 437 1332 τινα
471 1280 565 1333 καὶ
598 1278 718 1349 δίχα
746 1279 839 1332 τοῦ
877 1278 1279 1349 βαπτίσματος,
1319 1279 1415 1332 τοῦ
1449 1278 1605 1347 ἁγίου
1637 1278 1894 1350 Πνεύμα-

224 1422 229 1429 _
313 1384 406 1431 τος
438 1368 745 1434 κοινωνίαν,
778 1371 825 1422 εἰ
848 1369 1187 1438 παραμένειν
1233 1369 1417 1432 αὐτοῖς
1454 1367 1750 1437 ἐθελήσειε,
1801 1368 1893 1420 καὶ

313 1459 427 1522 τοῖς
447 1458 672 1511 ἐκείνων
706 1457 1109 1529 μαθητεύεσθαι
1139 1458 1405 1528 δόγμασιν
1431 1476 1444 1490 ·
1487 1458 1563 1522 ὡς
1592 1458 1687 1512 καὶ
1718 1475 1891 1529 πρεσ-

315 1550 560 1621 ϐυτέρων
594 1551 856 1604 εἰπόντων
892 1550 1076 1612 αὐτοῖς
1098 1590 1112 1614 ,
1144 1550 1329 1602 ὅτιἘν
1363 1548 1542 1602 πίστει
1570 1549 1631 1602 τὸ
1664 1548 1889 1616 Πνεῦμα

313 1643 375 1694 τὸ
408 1642 562 1709 ἅγιον
589 1640 955 1712 ὁμολογοῦμεν
977 1639 1143 1711 ἔχειν,
1172 1641 1266 1693 καὶ
1295 1641 1395 1693 οὐκ
1417 1640 1689 1710 αἰσθήσει,
1720 1642 1892 1707 ἐπαγ-

315 1733 597 1801 γείλασθαι
635 1735 729 1786 καὶ
762 1733 970 1797 αὐτοῖς,
998 1732 1086 1785 διὰ
1114 1733 1215 1802 τῆς
1245 1733 1342 1786 σὺν
1375 1732 1560 1795 αὐτοῖς
1583 1732 1891 1803 προσευχῆς

310 1816 780 1895 μεταδοθήσεσθαι
800 1824 901 1891 τῆς
929 1824 1233 1893 αἰσθήσεως
1255 1822 1347 1875 τοῦ
1381 1822 1717 1893 Πνεύματος.
1755 1824 1893 1876 Τοσ-

311 1914 469 1979 οῦτος
496 1915 553 1967 δέ
603 1917 749 1968 ἐστιν
799 1914 980 1967 αὐτῶν
1010 1914 1111 1984 τῆς
1149 1913 1466 1977 ἀλαζονείας
1518 1915 1547 1967 ὁ
1597 1912 1785 1981 τῦφος,
1818 1914 1895 1977 ὡς

312 2008 441 2070 τοὺς
492 2006 859 2076 μετασχόντας
893 2006 1023 2075 παρ’
1050 2004 1232 2067 αὐτοῖς
1280 2003 1441 2074 δῆθεν
1470 2003 1571 2074 τῆς
1598 2003 1692 2057 τοῦ
1722 2002 1895 2057 Πνεύ-

316 2114 486 2167 ματος
522 2096 822 2166 αἰσθήσεως
878 2095 1277 2166 μακαρίζεσθαι
1324 2095 1416 2148 ὑπ’
1462 2097 1665 2159 αὐτῶν,
1705 2097 1781 2161 ὡς
1804 2114 1895 2151 τε·

313 2187 491 2250 λείους
530 2188 623 2241 καὶ
650 2188 830 2255 πάσης
853 2187 1128 2257 ἁμαρτίας
1163 2186 1501 2256 ἐλευθέρους,
1534 2189 1626 2240 καὶ
1649 2187 1893 2256 κρείττο-

314 2295 435 2341 νας,
471 2277 565 2329 καὶ
599 2277 901 2347 περιέπειν,
934 2276 1029 2330 καὶ
1064 2276 1339 2341 σέϐεσθαι,
1373 2270 1469 2341 ὡς’
1489 2279 1562 2350 μὴ
1594 2279 1891 2348 ὑποκειμέ-

312 2384 439 2430 νους
472 2365 551 2419 ἔτι
603 2365 870 2428 κινδύνοις
922 2364 1215 2435 ἁμαρτίας.
1260 2364 1422 2418 Ἀλλά
1469 2366 1655 2419 λοιπὸν
1687 2364 1889 2430 ἄνεσιν,

314 2458 412 2511 καὶ
454 2456 759 2529 βρωμάτων
789 2456 994 2520 ἄδειαν,
1053 2456 1146 2509 καὶ
1176 2456 1360 2509 πᾶσαν
1404 2456 1671 2525 ὑπάρχειν
1711 2456 1892 2518 αὐτοῖς

313 2545 657 2617 δορυφορίαν,
706 2546 799 2597 καὶ
831 2545 1016 2615 τιμὴν,
1063 2545 1158 2598 καὶ
1186 2544 1420 2615 τρυφὴν,
1457 2539 1531 2599 ὧν
1562 2545 1748 2599 πολλοὶ
1800 2547 1892 2598 καὶ

314 2637 461 2707 μετά
499 2636 595 2705 τὴν
623 2633 881 2704 τοιαύτην
927 2637 1056 2706 παρ’
1088 2636 1271 2699 αὐτοῖς
1312 2637 1617 2706 μαρτυρίαν
1665 2637 1766 2703 τῆς
1801 2654 1890 2690 τε-

313 2728 588 2799 λειότητος
609 2729 687 2790 είς
706 2727 834 2789 τοὺς
864 2727 1021 2790 ἐκτὸς
1048 2726 1229 2792 ὄντας,
1249 2729 1343 2781 καὶ
1373 2726 1496 2781 οὔτε
1530 2729 1891 2799 Χριστιανοὺς

314 2819 820 2891 προσαγορεύεσθαι
847 2819 1032 2883 ἀξίους
1072 2822 1114 2882 ε,
1154 2819 1567 2890 αίσχρουργίαις
1589 2818 1887 2891 διαφόροις,

312 2913 411 2968 καὶ
446 2913 743 2984 χρημάτων
782 2911 1031 2980 κλοπαῖς,
1060 2913 1155 2965 καὶ
1188 2912 1465 2983 πορνείαις
1500 2911 1889 2983 περιπεσόντες

311 3002 592 3074 ὤφθησαν.

382 3209 560 3262 Πολλά
599 3210 653 3263 δὲ
670 3208 785 3267 -καὶ
831 3209 997 3280 ἕτερα
1052 3208 1188 3280 πρὸς
1222 3209 1334 3271 τοῖς
1367 3205 1679 3278 είρημένοις
1722 3222 1890 3276 τερα-

310 3298 582 3365 τεύονται,
614 3300 689 3364 ὡς
728 3302 820 3354 καὶ
869 3302 1082 3371 γάμους
1127 3298 1426 3370 ἐνθέσμους
1472 3294 1889 3366 άδιαφορώτατα

309 3390 548 3447 διαλύειν
575 3391 793 3460 αὐτοὺς,
821 3392 919 3445 καὶ
951 3392 1079 3455 τοὺς
1109 3390 1217 3443 τῶν
1240 3391 1435 3460 γάμων
1462 3388 1885 3458 ἀφισταμένους,

307 3489 387 3552 ὡς
432 3487 680 3560 ἀσκητάς
727 3485 1251 3558 προσλαμϐάνεσθαι
1281 3485 1377 3539 καὶ
1413 3482 1763 3555 μακαρίζειν,
1795 3482 1890 3535 καὶ

308 3581 557 3651 πατέρας
589 3580 682 3633 καὶ
716 3579 962 3649 μητέρας
996 3577 1388 3647 τεκνοτροφίας
1418 3574 1639 3646 ἀμελεῖν
1675 3573 1889 3628 πείθου-

312 3689 417 3735 σιν,
443 3672 624 3735 αύτοῖς
650 3671 706 3724 δέ
739 3669 1135 3741 προσκομίςειν
1155 3668 1334 3722 πάντα
1352 3666 1736 3737 κατεπᾴδουσι.
1758 3664 1889 3718 Δού-

306 3764 434 3826 λους
458 3763 515 3815 δέ
543 3763 819 3816 δεσποτῶν
840 3761 1339 3832 ἀποδιδράσκοντας
1372 3758 1606 3829 ἑτοίμως
1648 3758 1890 3829 παραδέ-

308 3871 515 3924 χονται,
548 3854 642 3907 καὶ
668 3853 794 3917 τοὺς
822 3853 1241 3923 ἁμαρτάνοντας
1260 3890 1274 3914 ,
1302 3851 1396 3903 καὶ
1425 3850 1610 3912 αὐτοῖς
1634 3848 1890 3919 προσιόνο

303 3961 407 4007 τας
436 3945 566 3998 ἄνευ
612 3943 826 4012 καρποῦ
858 3960 1004 4006 τινος
1036 3941 1347 4012 μετανοίας,
1401 3941 1530 3995 ἄνευ
1573 3939 1762 4010 ἱερέως
1790 3939 1888 3993 αὐ-

303 4035 573 4101 θεντείας,
612 4034 742 4089 ἄνευ
768 4034 989 4105 βαθμῶν
1019 4033 1128 4086 τῶν
1156 4034 1269 4095 τοῖς
1318 4032 1507 4086 κανόσι
1547 4032 1659 4095 τοῖς
1689 4030 1888 4102 ἐκκλη-

306 4129 607 4189 σιαπικοίς
634 4126 1101 4197 διηγορευμένων,
1123 4125 1353 4195 τάχιστα
1376 4123 1661 4195 καθαίρειν
1689 4123 1889 4187 παντὸς

305 4217 702 4287 ἁμαρτήματος
728 4216 1178 4285 ἐπαγγέλλονται,
1210 4215 1368 4285 μόνον
1394 4215 1447 4268 εἴ
1475 4231 1560 4278 τις
1593 4214 1692 4285 τὴν
1725 4213 1888 4267 πολυ-

303 4306 603 4377 θρύλλητον
637 4308 814 4361 αὐτῶν
836 4307 1145 4379 προσευχὴν
1175 4305 1307 4377 παρ’
1342 4306 1524 4369 αὐτοῖς
1561 4306 1884 4377 μελετήσας,

2002 458 2097 513 bili
2164 458 2328 513 modo
2406 458 2686 526 discedat;
2757 461 3068 528 ingressum
3140 471 3270 512 vero
3331 456 3575 525 Spiritus

2000 550 2183 605 sancti
2241 563 2407 604 sensu
2462 564 2681 619 quoque
2734 549 2853 619 ipso
2914 549 3304 617 suscipientes.
3361 547 3578 616 perspi-

2000 655 2165 695 cuum
2190 642 2374 695 animo
2405 639 2678 711 ejusmodi
2724 640 3011 711 ingressus
3044 655 3268 696 sensum
3304 640 3574 703 habeant;

2000 731 2251 801 hancque
2297 746 2483 786 veram
2535 745 2663 786 esse
2716 730 3159 787 Christianorum
3226 730 3575 785 communio-

1998 836 2146 877 nem.
2186 821 2297 877 Nec
2334 824 2481 878 enim
2513 836 2609 892 per
2627 822 2988 891 baptismum,
3031 837 3131 876 nee
3182 837 3280 891 per
3310 836 3573 875 manuum

1998 914 2328 970 clericorum
2397 914 2829 985 impositionem,
2904 915 3018 967 ullo
3085 914 3249 968 modo
3331 914 3573 984 Spiritus

1998 1008 2179 1060 sancti
2233 1006 2531 1075 participes
2585 1005 2725 1069 ﬁeri,
2787 1006 2881 1075 qui
2935 1005 3210 1074 baptismo
3262 1004 3571 1075 tinguntur,

1997 1098 2105 1153 nisi
2159 1096 2488 1152 assiduitate
2548 1095 2746 1166 majori
2799 1096 3144 1151 orationibus
3196 1097 3570 1150 incubuerint.

1996 1188 2141 1254 Quin
2192 1187 2354 1242 etiam
2411 1187 2531 1242 sine
2598 1186 2871 1257 baptismo
2949 1187 3252 1257 quemlibet
3329 1186 3575 1255 Spiritus

1996 1278 2176 1333 sancti
2239 1278 2560 1347 participem
2623 1278 2737 1333 lieri
2805 1292 2988 1347 posse,
3044 1277 3207 1331 modo
3243 1275 3388 1345 apud
3422 1277 3572 1344 ipsos

1995 1380 2352 1436 perseverare
2410 1365 2667 1429 voluerit,
2733 1380 2945 1434 suaque
3015 1364 3268 1419 doctrina
3326 1363 3572 1417 imbutus

1995 1455 2163 1511 fuerit
2197 1474 2210 1509 :
2248 1465 2307 1509 ut
2334 1471 2458 1511 cum
2496 1456 2805 1527 presbyteri
2846 1454 3069 1524 quidam
3126 1455 3401 1509 dixissent
3445 1453 3524 1508 eis
3555 1471 3569 1507 :

1994 1562 2093 1602 nos
2122 1547 2388 1617 Spiritum
2439 1555 2693 1603 sanctum
2745 1562 2840 1617 per
2887 1546 3046 1600 [idem
3101 1545 3291 1600 haberi
3346 1545 3573 1600 conﬁte-

1995 1654 2137 1704 mur,
2164 1653 2275 1693 nou
2313 1653 2446 1693 vero
2479 1654 2574 1707 per
2610 1653 2867 1705 sensum;
2910 1637 3014 1707 ipsi
3051 1636 3304 1706 polliceri
3341 1635 3572 1690 minime

1995 1730 2391 1793 dubitaverint,
2436 1731 2549 1785 illis
2582 1745 2805 1799 quoque
2838 1730 3083 1799 Spiritus
3112 1744 3340 1786 sensum
3377 1731 3567 1783 datum

1996 1822 2090 1884 iri,
2127 1821 2173 1876 si
2222 1837 2349 1875 cum
2382 1820 2520 1891 ipsis
2567 1835 2728 1875 orare
2774 1821 2969 1876 velint.
3019 1820 3198 1875 Tanta
3247 1827 3430 1875 autem
3479 1835 3573 1873 eoo

1997 1928 2119 1967 rum
2152 1921 2239 1968 est
2272 1914 2612 1985 arrogantia,
2646 1922 2704 1967 ut
2728 1927 2824 1967 eos
2851 1913 2946 1982 qui
2980 1913 3123 1982 apud
3158 1912 3310 1982 ipsos
3341 1925 3568 1966 sensum

1996 2004 2148 2058 illum
2186 2004 2434 2075 Spiritus
2480 2006 2661 2060 sancti
2710 2006 3082 2077 perceperint,
3130 2006 3320 2062 beatos
3365 2004 3570 2075 praedi-

1994 2104 2143 2160 cent,
2182 2097 2347 2150 veluti
2387 2096 2689 2166 perfectos,
2742 2106 2799 2152 et
2838 2098 2906 2151 ab
2940 2098 3090 2151 omni
3144 2097 3308 2166 culpa
3339 2096 3565 2158 liberos,

1995 2194 2333 2257 peccatoque
2384 2188 2728 2257 superiores.
2766 2186 3019 2257 Tumque
3069 2188 3207 2242 adeo
3256 2187 3406 2241 omni
3442 2186 3569 2239 illos

1994 2275 2180 2330 studio
2226 2276 2434 2340 colunt,
2497 2277 2915 2347 honoribusque
2979 2284 3414 2347 prosequuntur,
3468 2289 3569 2329 ceu

1994 2367 2128 2421 nulli
2173 2367 2289 2435 jam
2341 2367 2616 2423 obnoxios
2660 2369 2875 2437 peccati
2916 2369 3187 2437 periculo,
3222 2382 3398 2437 eoque
3444 2382 3571 2437 per-

1997 2458 2251 2514 lectionis
2280 2473 2625 2530 progressos,
2651 2466 2711 2513 ut
2737 2459 2852 2528 jam
2890 2460 3038 2514 omni
3071 2460 3411 2513 relaxatione
3434 2457 3569 2522 frui,

1997 2552 2292 2622 exquisitis
2325 2551 2471 2607 vesci
2506 2551 2668 2615 cibis,
2726 2551 3015 2620 splendido
3069 2552 3335 2605 comitatu
3393 2558 3570 2604 tume-

1993 2659 2170 2709 scere,
2212 2642 2542 2713 deliciisque
2590 2642 2847 2697 omnibus
2879 2650 2999 2697 tuto
3044 2642 3207 2711 plane
3258 2641 3397 2695 allici
3442 2656 3571 2710 pos-

1992 2734 2123 2789 sint.
2157 2732 2368 2788 llorum
2404 2742 2586 2788 autem
2639 2732 2821 2797 multi,
2880 2734 2973 2786 tali
3026 2740 3253 2801 accepto
3300 2732 3441 2801 apud
3473 2746 3571 2787 eos

1994 2823 2343 2895 perfectionis
2375 2823 2714 2888 testimonio,
2764 2838 2889 2878 cum
2945 2824 3223 2879 extraneis
3260 2824 3434 2893 (quos
3468 2838 3570 2876 nec

1990 2914 2434 2971 Christianorum
2475 2913 2699 2969 nomine
2742 2913 2940 2984 dignos
2974 2915 3240 2984 censent)
3274 2912 3571 2984 aliquando

1916 3036 1958 3095 ο
1993 3005 2275 3073 degentes,
2332 3005 2389 3060 in
2434 3005 2590 3060 varia
2635 3006 2877 3061 obscena
2927 3006 3153 3076 ﬂagitia,
3210 3005 3569 3075 pecuniarum

1992 3097 2158 3164 furta,
2191 3107 2246 3155 et
2272 3098 2669 3156 fornicationes
2701 3100 2947 3155 incidere
2974 3100 3299 3171 deprehensi
3341 3106 3494 3155 sunt.

2057 3211 2170 3281 98
2230 3211 2393 3265 Plura
2447 3227 2669 3282 quoque
2710 3218 2965 3281 portenta
3016 3213 3561 3269 comminiscuntur:

1992 3317 2117 3356 nam
2166 3312 2221 3356 et
2265 3302 2547 3372 legitimas
2591 3304 2815 3373 nuptias
2849 3304 2999 3358 nulla
3037 3319 3267 3375 prorsus
3295 3305 3362 3359 de
3401 3318 3568 3357 causa

1992 3394 2284 3458 dirimunt,
2317 3401 2372 3448 et
2415 3408 2511 3448 eos
2555 3396 2647 3463 qui
2684 3410 2712 3445 a
2757 3394 3020 3463 conjugio
3072 3403 3448 3458 recesserunt,
3478 3409 3567 3447 ve-

1992 3486 2075 3540 lut
2112 3483 2412 3540 monachos
2456 3485 2754 3555 recipiunt,
2800 3499 2865 3539 ac
2906 3485 3094 3538 beatos
3146 3485 3422 3554 iactitant.
3468 3483 3569 3536 Pa-

1990 3575 2247 3631 rentibus
2292 3583 2555 3630 auctores
2604 3583 2753 3638 suut,
2801 3585 2861 3629 ut
2905 3574 3229 3629 alendorum
3266 3575 3566 3628 liberorum

1991 3682 2180 3722 curam
2236 3667 2535 3734 emittant;
2579 3682 2790 3737 eosque
2825 3677 2884 3721 ut
2914 3667 3101 3721 omnia
3132 3681 3235 3721 sua
3268 3666 3403 3735 ipsis
3434 3664 3565 3720 ail‘e-

1990 3766 2138 3822 rant,
2173 3758 2492 3814 dementare
2531 3766 2757 3813 norunt.
2811 3758 3013 3814 Servos
3048 3774 3077 3812 a
3112 3758 3350 3814 dominis
3381 3758 3568 3828 profu-

1992 3864 2087 3919 gos
2117 3849 2261 3903 ultro
2289 3848 2573 3919 excipiunt
2604 3866 2617 3901 :
2664 3849 2789 3904 illos
2830 3849 3079 3919 itemqui
3106 3849 3278 3904 variis
3313 3849 3565 3902 crimini-

1992 3941 2097 3997 bus
2148 3940 2374 3995 obnoxii
2428 3941 2493 3995 ad
2546 3956 2607 3995 se
2654 3940 3003 4010 confugiunt,
3045 3940 3199 3996 nullo
3233 3941 3568 4010 pmnitentite

1990 4035 2137 4091 edito
2185 4033 2390 4098 fructu,
2444 4034 2595 4087 nulla
2644 4033 2992 4089 sacerdotum
3063 4034 3397 4089 auctoritate
3448 4048 3570 4086 mu-

1991 4128 2112 4191 niti,
2146 4126 2297 4179 nulla
2349 4125 2541 4180 habita
2594 4126 2811 4180 ratione
2863 4126 3156 4196 graduum,
3210 4141 3351 4195 quos
3390 4126 3568 4179 eccle-

1991 4220 2204 4277 siastici
2244 4232 2491 4275 canones
2533 4216 2933 4288 pcenitentibus
2981 4216 3373 4288 praescribunt,
3414 4215 3567 4270 omni

1993 4328 2052 4368 se
2101 4312 2287 4367 statim
2349 4310 2559 4380 peccati
2617 4310 2742 4365 labe
2793 4308 3161 4365 mundaturos
3214 4308 3565 4378 pollicentur;

305 4376 520 4469 μύστης
551 4398 757 4468 σχέδιος
786 4376 891 4468 τῆς.
928 4376 1149 4451 ἐκείνων
1198 4376 1426 4457 κυϐείας
1464 4396 1491 4433 h
1519 4376 1754 4463 yévorto.
1784 4395 1882 4459 Ὦς

1994 4404 2151 4460 modo
2181 4405 2304 4473 quis
2348 4376 2616 4472 iactatam
2656 4409 2828 4458 toties
2880 4401 3185 4457 orationem
3214 4376 3383 4471 apud
3416 4400 3568 4469 ipsos

296 4508 455 4552 τινας
482 4490 588 4543 τῶν
616 4492 876 4544 τοιούτοιν
925 4489 1030 4560 πρδ
1066 4488 1167 4557 τῆς
1196 4485 1520 4555 ἀπαλλαγῆς
1552 4486 1661 4539 τῶν
1700 4487 1878 4556 ἀμαρ-

300 4579 564 4649 τημάτων
591 4581 744 4648 ἄγειν
772 4579 969 4642 αὐτοὺς
998 4580 1077 4642 εἰς
1106 4576 1385 4649 κληρικῶν
1414 4575 1768 4646 χειροτονίας,
1794 4575 1879 4627 δο-

298 4672 477 4741 λερῶς
504 4671 784 4734 πείθοντες
825 4670 953 4733 τοὺς
978 4668 1311 4730 ἐπισκόπους
1343 4666 1640 4720 ἐπιτιθέναι
1691 4668 1880 4736 χεῖρας

299 4765 505 4828 αὐτοῖς,
526 4767 594 4836 τῇ
629 4762 648 4803 ί
669 4763 820 4831 παρά
834 4762 943 4815 τῶν
960 4760 1333 4831 νομιζομένων
1352 4759 1483 4829 παρ’
1508 4759 1688 4823 αὐτοῖς
1711 4759 1882 4829 ἀσκη-

294 4854 411 4908 τῶν
451 4857 725 4925 μαρτυρίᾳ
771 4852 1215 4923 δελεαζομένους.
1261 4850 1509 4905 Τοῦτοδέ
1550 4849 1882 4914 σπουδάζουο

272 4962 405 5010 οσιν,
427 4947 525 5015 οὐχ
545 4946 619 5008 ὡς
647 4945 774 5008 τοὺς
804 4944 913 4998 τῶν
938 4945 1216 5015 κληρικῶν
1255 4942 1498 5013 βαθμοὺς
1528 4941 1739 5012 τιμίους
1762 4941 1887 5012 κρίσ-

295 5052 501 5099 νοντες,
519 5036 571 5088 οἵ
598 5052 661 5103 γε
685 5036 777 5089 καὶ
803 5036 983 5089 αὐτῶν
1014 5034 1121 5088 τῶν
1138 5033 1454 5097 ἐπισκόπων
1484 5030 1884 5101 καταφρονοῦν-

292 5142 388 5190 τες
415 5126 462 5193 i,
484 5128 612 5181 ὅταν
639 5128 861 5180 ἐθέλωσι
881 5144 895 5159 ⁸
923 5125 1060 5180 ἀλλά
1079 5125 1397 5180 δυναστείαν
1418 5122 1539 5179 τινα
1562 5126 1655 5176 καὶ
1684 5123 1876 5178 αὐθεν-

292 5220 447 5273 τείαν
502 5220 716 5283 ἑαυτοῖς
775 5219 1310 5291 πραγματευόμενοι.
1370 5217 1542 5270 Ἔνιοι
1599 5215 1654 5269 δέ
1694 5216 1871 5270 αὐτῶν

1988 4511 2279 4562 exercens,
2310 4503 2774 4564 extemporaneus
2824 4494 3136 4564 discipulus
3162 4494 3406 4563 ipsorum
3445 4506 3572 4546 ver-

1988 4588 2145 4644 sutiae
2194 4600 2259 4641 ac
2319 4583 2530 4639 lraudis
2592 4584 2910 4638 accesserit.
2976 4583 3346 4652 Adeoplane
3408 4589 3467 4635 ut
3513 4589 3568 4636 et

1990 4678 2258 4750 quosdam
2315 4676 2438 4745 ejus
2488 4676 2706 4746 generis
2750 4684 3096 4745 peccatorum
3155 4674 3391 4728 vinculis
3424 4689 3567 4728 non-

1989 4772 2121 4827 dum
2163 4777 2467 4838 exemptos,
2519 4767 2573 4820 in
2645 4766 2883 4822 clericos
2952 4764 3289 4821 ordinandos
3334 4764 3567 4820 oﬂ‘erant

1984 4862 2242 4927 illorum;
2296 4860 2391 4929 qui
2448 4856 2771 4911 monasticae
2820 4856 3185 4912 observantia:
3225 4856 3389 4911 laude
3420 4861 3565 4925 apud

1983 4954 2134 5023 ipsos
2168 4956 2455 5021 praestant,
2509 4947 2832 5003 testimonio
2880 4947 3122 5018 deceptis
3171 4947 3470 5017 episc0pis,
3507 4954 3566 4999 ut

1992 5043 2104 5097 illis
2156 5055 2353 5095 manus
2393 5039 2700 5107 imponant.
2755 5035 2869 5091 lloc
2919 5044 3101 5092 autem
3152 5036 3232 5089 illi
3282 5042 3562 5103 satagunt,

1985 5149 2097 5188 non
2133 5132 2290 5203 quasi
2314 5130 2645 5185 clericorum
2676 5127 2883 5198 gradus
2913 5127 3072 5181 multi
3100 5126 3335 5190 faciant:
3360 5124 3565 5195 quippe

1980 5240 2106 5281 cum
2141 5224 2290 5296 ipsos
2319 5220 2483 5277 etiam
2506 5217 2813 5289 episc0pos,
2840 5219 3065 5289 quando
3094 5218 3341 5284 libuerit,
3369 5232 3560 5288 asper-

1544 5428 1778 5484 ΥΛΒιιΕ
1822 5427 2223 5487 LECTlONES.

373 5565 582 5660 {Begii
612 5588 667 5633 et
712 5580 834 5659 cod.
895 5578 952 5635 S.
998 5580 1105 5642 Htl.
1139 5582 1232 5648 οὓς
1268 5582 1391 5637 οὔτε
1440 5584 1796 5656 Χριστιανοὺς
1828 5588 2255 5660 προσαγορεύειν
2313 5588 2575 5657 ἀξιοῦσιν.
2654 5586 2677 5626 ιι
2706 5585 2772 5639 Il.
2814 5582 2956 5641 2508
2991 5580 3205 5647 κακίας.
3286 5576 3468 5635 ιίὺίιί.
3501 5576 3560 5649 ἢ.

294 5647 314 5702 i
350 5651 459 5707 Alii
475 5650 924 5720 καταφρονοῦσιν,
