3962 6320
353 314 466 380 τ35

1571 313 1633 372 S.
1667 311 1986 374 JOANNIS
2027 317 2458 380 DAMASCENl

3525 329 3637 396 736

363 439 605 488 nentur:
643 423 740 481 sed
782 423 929 494 quod
964 428 1294 493 potestatem
1323 421 1566 492 aliquam
1594 430 1652 478 et
1693 428 1942 480 auctori-

2063 429 2188 499 ιήτε
2227 435 2555 504 κοινωνῆσαι
2581 437 2783 501 αὐτοὺς
2807 440 2918 492 τῶν
2945 440 3264 512 μυστηρίων
3283 441 3563 511 λέγουσιν,
3590 453 3638 502 εἰ

362 531 532 577 tatem
588 523 954 587 aucupentur.
1007 515 1240 581 Quidam
1297 525 1477 570 autem
1541 530 1736 570 eorum
1797 531 1943 570 nun-

361 630 528 685 quam
581 611 757 668 sacris
807 609 1088 680 mysteriis
1135 606 1666 662 communicandum
1718 608 1942 672 volunt,

363 703 471 758 nisi
519 700 760 771 Spiritus
809 699 985 754 sancti
1036 697 1307 753 adventus
1347 698 1439 751 illa
1483 696 1620 750 hora
1652 697 1940 752 sensibilis

366 793 501 862 ipsis
550 790 738 846 fuerit.
796 789 1057 845 Nonnulli
1109 790 1274 845 etiam
1335 787 1586 844 absciudi
1658 789 1938 843 naturalia

365 884 612 939 membra
648 882 996 954 permittunt,
1036 882 1105 938 iis
1135 881 1231 952 qui
1265 881 1576 936 voluerint.
1610 882 1945 935 Excommu-

367 975 674 1032 nicationes
705 982 887 1030 autem
917 974 1074 1028 facile
1108 981 1497 1029 contemnunt.
1527 972 1556 1028 Ι
1565 981 1730 1028 urant
1757 973 1946 1040 etiam,

366 1081 432 1119 ac
481 1067 732 1136 pejerant
776 1066 984 1135 absque
1039 1065 1150 1119 ullo
1194 1073 1378 1132 metu;
1419 1072 1474 1120 et
1506 1079 1663 1121 suam
1700 1065 1949 1134 ipsorum

367 1161 620 1216 haeresim
653 1159 883 1216 subdole
913 1158 1131 1229 ejurare
1161 1173 1271 1214 non
1303 1159 1583 1214 dubitant.

368 1294 554 1349 Adhuc
580 1295 642 1349 de
673 1295 814 1347 diem
847 1293 1303 1348 Massalianorum
1342 1294 1551 1358 hwresi,
1603 1296 1693 1365 qui
1721 1299 1951 1355 maxime

440 1366 495 1418 in
524 1365 867 1418 monasteriis
917 1365 1268 1432 inreuientur,
1303 1383 1366 1420 ea;
1398 1365 1724 1424 Theodoreti
1759 1366 1950 1424 Histo-

437 1435 541 1496 ria,
572 1435 666 1488 lib.
696 1451 770 1500 ιν,
811 1450 930 1503 cap.
967 1435 1055 1489 11.

439 1547 834 1615 Valentiniani,
887 1557 941 1604 et
987 1546 1237 1603 Valentis
1290 1549 1635 1619 temporibus
1688 1561 1811 1608 orta
1865 1562 1951 1610 est

371 1640 599 1696 haeresis
646 1639 1143 1702 Massalianorum,
1194 1655 1337 1710 quos
1371 1632 1670 1698 'Euchetas
1727 1654 1949 1712 vocant,

370 1730 466 1799 qui
511 1745 702 1785 eorum
751 1744 954 1783 nomen
1006 1728 1195 1784 Graeca
1245 1731 1430 1800 lingua
1490 1731 1948 1802 interpretantur.

2058 519 2134 588 μὴ
2157 521 2254 590 τῆς
2277 525 2582 593 παρουσίας
2606 526 2700 580 τοῦ
2720 527 3041 598 Πνεύματος
3064 530 3340 600 αἰσθητῶς
3364 532 3390 571 ¹ι
3414 531 3650 586 αἴσθων-

2055 625 2165 672 ται,
2199 613 2499 684 γενομένης
2532 615 2652 668 κατ’
2669 617 2888 686 ἐκείνην
2915 617 3015 688 τὴν
3045 619 3217 689 ὥραν.
3252 618 3645 690 Ἐπιτρέπουσι

2055 699 2112 753 δέ
2141 717 2283 765 τινες
2314 703 2492 758 αὐτῶν
2519 707 2633 770 τοῖς
2667 706 3015 778 βουλομένοις
3045 709 3374 779 ἀποτέμνειν
3405 711 3474 764 τὰ
3513 712 3646 764 ἐαυ-

2054 798 2165 852 τῶν
2188 799 2394 869 φυσικά
2423 799 2608 871 μόρια.
2635 802 3060 873 Καταφρονοῦσι
3083 803 3139 856 δὲ
3166 803 3368 876 ῥᾳδίως
3395 805 3494 859 καὶ
3540 806 3650 875 ἀφ-

2055 892 2320 962 ορισμῶν.
2347 894 2580 964 Ὀμνυσι
2599 893 2657 946 δὲ
2687 895 2862 958 ἀδεῶς
2889 895 2986 949 καὶ
3020 896 3373 967 ἐπιορκοῦσιν
3393 914 3407 930 ·
3448 897 3649 952 ἀναθε-

2061 984 2344 1054 ματίζουσί
2373 1004 2432 1040 τε
2458 987 2708 1053 ὑπούλως
2744 989 2846 1061 τὴν
2885 989 3096 1060 αἵρεσιν
3119 991 3322 1046 αὐτῶν.

2062 1264 2183 1347 Ἔτι
2213 1294 2346 1362 περὶ
2371 1293 2690 1364 εἰρημένης
2718 1295 3004 1364 αἱρέσεως
3023 1294 3144 1350 τῶν
3167 1295 3644 1362 Μασσαλιανῶν,

2129 1364 2249 1437 τῶν
2277 1365 2361 1437 ’ἐν
2391 1365 2829 1437 μοναστηρίοις
2855 1365 3129 1437 μάλιστα
3172 1367 3645 1437 εὑρισκομένων,

2127 1435 2197 1488 ἐκ
2227 1434 2337 1503 τῆς
2372 1436 2644 1504 ἱστορίας
2669 1435 3052 1504 Θεοδωρήτου
3086 1435 3128 1491 ι.

2131 1547 2288 1601 Κατά
2308 1546 2534 1618 χρόνους
2563 1545 2916 1602 Οὐαλεντίνου
2958 1559 2999 1586 ω
3029 1545 3126 1600 καὶ
3156 1547 3456 1611 Οὐάλεντος
3483 1546 3648 1602 ἐϐλά-

2062 1655 2258 1708 στησεν
2278 1641 2310 1709 ἡ
2332 1639 2440 1692 τῶν
2469 1638 2872 1698 Μασσαλιανῶν
2894 1638 3106 1709 αἵρεσις
3126 1655 3142 1670 ·
3165 1637 3418 1709 Εὐχητάς
3447 1638 3650 1703 αὐτοὺς

2061 1728 2563 1801 προσαγορεύουσιν
2595 1731 2644 1783 oi
2671 1731 2752 1794 εἰς
2779 1730 2878 1800 τὴν
2931 1729 3161 1785 Ἐλλάδα
3203 1729 3445 1800 τούνομα
3477 1748 3650 1801 μετα-

373 1823 590 1879 Habent
636 1832 690 1878 et
721 1823 1150 1894 appellationem
1186 1823 1350 1876 aliam
1376 1840 1440 1878 ex
1477 1825 1594 1896 ipsa
1634 1843 1692 1882 re
1724 1828 1953 1899 imposi-

2063 1788 2364 1884 ϐάλλοντες.
2404 1823 2630 1891 Ἔχουσι
2680 1788 2746 1875 δέ
2787 1788 2884 1876 καὶ
2914 1822 3110 1893 ἐτέραν
3161 1788 3539 1894 προσηγορίαν
3582 1823 3648 1875 ἐκ

375 1925 506 1968 tam.
545 1913 918 1970 Enthusiastze
969 1914 1115 1969 enim
1153 1913 1438 1981 dicuntur,
1483 1925 1774 1987 propterea
1809 1919 1956 1988 quod

373 2005 644 2061 d:emonis
665 2005 957 2076 cujusdam
1006 2006 1114 2060 vim
1147 2014 1202 2061 et
1243 2010 1625 2077 Operationem
1660 2010 1951 2082 recipiant,

374 2113 538 2166 quam
605 2099 845 2168 Spiritus
906 2099 1088 2154 sancti
1139 2099 1488 2169 praesentiam
1553 2117 1676 2158 esse
1735 2111 1950 2171 putant.

372 2187 476 2253 Qui
506 2198 752 2242 extremo
795 2203 860 2243 eo
905 2189 1096 2242 morbo
1130 2189 1310 2244 aﬂecti
1346 2200 1496 2254 sunt,
1545 2192 1795 2247 laborem
1830 2209 1954 2249 ma»

375 2293 546 2331 nunm
579 2285 911 2332 aversantur
951 2287 1009 2332 ut
1039 2279 1244 2332 malum
1273 2297 1288 2334 :
1324 2295 1492 2350 seque
1525 2296 1721 2336 somno
1759 2283 1957 2339 deden-

375 2379 458 2425 tes
508 2371 852 2424 somniorum
911 2370 1184 2440 imagines
1250 2369 1503 2425 divinum
1553 2372 1796 2428 aﬂlalum
1853 2391 1955 2430 vo-

372 2471 523 2517 cant.
564 2461 802 2518 llaeresis
851 2471 1034 2517 autem
1065 2463 1177 2534 99
1207 2463 1376 2531 huius
1409 2465 1688 2534 principes
1731 2466 1956 2525 fuerunt

373 2553 608 2617 Dadoes,
661 2561 715 2608 ct
754 2554 952 2620 Sabas,
1011 2563 1066 2610 et
1112 2555 1436 2627 Adelphius,
1481 2567 1536 2613 et
1568 2549 1854 2630 Hermas,
1905 2575 1960 2620 et

373 2643 636 2716 Symcon,
687 2646 890 2717 aliique
959 2656 1246 2716 praeterea,
1302 2649 1394 2720 qui
1454 2652 1524 2705 ab
1582 2654 1958 2711 ecclesiastica

372 2735 769 2794 communione
821 2741 1094 2809 segregati
1139 2749 1294 2803 sunt,
1354 2742 1500 2811 quod
1554 2743 1803 2800 dicerent
1855 2763 1957 2804 nec

374 2827 658 2896 prodesse,
693 2844 793 2883 nec
838 2831 1033 2884 obesse
1073 2830 1319 2885 divinam
1357 2847 1578 2900 escam,
1611 2833 1681 2889 de
1715 2853 1821 2906 qua
1855 2837 1960 2892 Do-

375 2919 558 2975 minus
590 2920 707 2976 ait:
763 2921 869 2988 Qui
916 2923 1212 2976 manducet
1260 2941 1430 2978 meam
1483 2943 1700 2984 carnem
1741 2939 1793 2984 et
1830 2933 1959 2987 bibit

376 3027 547 3064 meum
572 3013 906 3080 sanguinem,
931 3015 1056 3068 vivet
1092 3014 1144 3068 in
1170 3019 1482 3073 wternum'.
1517 3019 1765 3076 Morbum
1795 3039 1959 3094 porro

2053 1909 2147 1964 τοῦ
2172 1910 2497 1982 πράγματος
2523 1909 2818 1982 γινομένην
2841 1927 2855 1940 ο
2883 1911 3264 1966 ὲνθουσιασταὶ
3289 1912 3398 1984 γὰρ
3422 1910 3654 1965 καλοῦν-

2053 2020 2165 2065 ται,
2226 2003 2481 2073 δαίμονός
2542 2019 2687 2067 τινος
2745 2003 3031 2074 ἐνέργειαν
3083 2005 3496 2075 είσδεχόμενοι,
3553 2005 3652 2058 καὶ

2055 2093 2374 2164 Πνεύματος
2399 2095 2556 2164 ἁγίου
2590 2095 2795 2165 ταύτην
2819 2096 3319 2165 ὑπολαμϐάνοντες.
3375 2099 3438 2150 Οί
3472 2097 3528 2151 δὲ
3561 2114 3650 2151 τε·

2054 2181 2302 2236 λευταῖον
2339 2191 2366 2220 n
2417 2184 2518 2255 τὴν
2575 2185 2730 2238 νόσον
2777 2185 3167 2256 εἰσδεχόμενοι,
3205 2187 3650 2258 ἀποστρέφονται

2059 2273 2158 2344 μὲν
2182 2273 2280 2345 τὴν
2303 2275 2412 2330 τῶν
2442 2277 2642 2346 χειρῶν
2677 2277 2966 2348 ἐργασίαν,
2998 2277 3074 2341 ὡς
3103 2278 3376 2350 πονηράν*
3407 2277 3561 2350 ὕπνῳ
3590 2279 3652 2332 δέ

2058 2368 2200 2436 σφᾶς
2232 2368 2430 2432 αὐτοὺς
2459 2368 2786 2435 ἐκδιδόντες,
2816 2369 3208 2440 ἐνθουσιασμὸν
3237 2369 3336 2434 τὰς
3370 2370 3482 2425 τῶν
3502 2371 3651 2425 ὀνεί-

2060 2477 2169 2532 ρων
2199 2460 2501 2531 φαντασίας
2525 2461 2883 2516 ἀποκαλοῦσι.
2937 2463 3154 2534 Ταύτης
3203 2463 3453 2532 ἐγένοντο
3490 2465 3651 2536 αἱρέ-

2059 2570 2196 2618 σεως
2221 2553 2478 2625 ἀρχηγοὶ,
2507 2554 2710 2624 Δαδόης
2746 2571 2827 2620 τε,
2847 2554 2943 2608 καὶ
2976 2555 3176 2620 Σάϐας,
3212 2555 3303 2608 καὶ
3345 2555 3649 2626 Ἀδέλφιος,

2058 2645 2154 2698 καὶ
2197 2644 2426 2715 Ἑρμᾶς,
2480 2646 2575 2698 καὶ
2607 2644 2856 2715 Συμεὼν,
2897 2646 2994 2699 καὶ
3031 2644 3182 2698 ἄλλοι
3222 2644 3359 2716 πρὸς
3391 2644 3604 2708 τούτοις
3630 2687 3648 2711 ,

2059 2733 2108 2786 οἳ
2135 2733 2234 2802 τῆς
2263 2732 2729 2803 ἐκκλησιαστικῆς
2768 2733 3053 2797 κοινωνίας
3103 2734 3441 2804 ἀπέστησαν,
3492 2733 3650 2786 οὐδὲν

2059 2822 2184 2877 οὐτε
2227 2823 2546 2895 ὀνήνασθαι,
2574 2822 2697 2876 οὐτε
2732 2823 3014 2877 λωϐᾶσθαι
3047 2822 3346 2893 φάσκοντες
3367 2823 3468 2894 τὴν
3495 2822 3650 2878 θείαν

2061 2914 2266 2986 τροφὴν
2301 2923 2350 2979 ο,
2375 2913 2506 2985 περὶ
2527 2909 2595 2987 ἦς
2619 2916 2647 2968 ό
2672 2915 2907 2986 Χριστός
2931 2931 3095 2986 φησιν
3115 2932 3127 2946 ·
3160 2915 3221 2964 '0
3259 2913 3496 2984 τρὼτων
3525 2931 3652 2984 μου

2063 3008 2178 3076 τὴν
2216 3007 2435 3077 σάρκα,
2469 3008 2566 3061 καὶ
2617 3008 2812 3061 πίνων
2851 3025 2974 3077 μου
3021 3011 3088 3061 τὸ
3114 3003 3258 3076 αἷμα
3290 3007 3528 3075 ζήσεται
3559 3010 3652 3073 εἰς

373 3119 534 3158 suum
589 3105 770 3160 celare
816 3105 1127 3171 studentes,
1173 3109 1341 3163 etiam
1389 3111 1482 3166 ubi
1530 3117 1776 3171 convicti
1807 3129 1953 3182 sunt,

2063 3098 2170 3152 τὸν
2203 3098 2411 3152 αἰῶνα.
2437 3097 2720 3170 Κρύπτειν
2757 3099 2942 3166 μέντοι
2972 3097 3068 3170 τὴν
3098 3099 3252 3152 νόσον
3290 3098 3650 3170 πειρώμενοι,

381 3197 668 3265 praefracte
698 3206 923 3267 negant,
957 3214 1168 3270 eosque
1197 3203 1437 3270 ejurant,
1480 3206 1574 3274 qui
1611 3207 1802 3264 eadem
1837 3225 1956 3265 scn-

375 3287 542 3352 tiant,
580 3303 703 3358 quae
751 3289 856 3359 ipsi
908 3291 1109 3348 animis
1159 3293 1316 3348 aﬂixa
1373 3295 1792 3355 circumferunt.
1855 3300 1958 3357 Le—

374 3378 522 3433 toius
574 3377 938 3437 Melitinensis
988 3380 1252 3438 Ecclesiae
1307 3385 1562 3453 antistes,
1629 3389 1820 3443 divino
1872 3393 1956 3446 vir

374 3468 578 3524 ardens
626 3470 778 3535 zelo,
808 3484 934 3524 cum
983 3471 1195 3528 videret
1244 3476 1415 3530 multa
1465 3481 1824 3542 monasteria,
1872 3483 1957 3537 vel

372 3559 668 3626 Speluncas
703 3562 888 3629 potius
916 3561 1215 3629 latronum,
1248 3574 1456 3635 pestem
1489 3567 1634 3624 hanc
1679 3570 1954 3640 hausisse,

372 3665 433 3703 ea
467 3651 738 3714 incendit,
768 3667 832 3706 ac
874 3654 1032 3724 lupos
1061 3671 1088 3708 a
1128 3671 1292 3726 grege
1315 3657 1520 3730 abegit.
1550 3658 1753 3715 Eodem
1794 3663 1957 3719 modo

373 3742 848 3800 celebratissimus
913 3747 1355 3815 Amphilochius,
1434 3750 1528 3820 qni
1635 3753 1954 3824 Lycaonum

375 3827 662 3906 metropoli
699 3839 1047 3906 praepositus,
1099 3849 1316 3910 gentem
1353 3843 1674 3899 universam
1703 3849 1953 3918 regebat,

379 3941 500 3980 cum
553 3927 698 3980 luem
741 3928 884 3983 hanc
923 3929 1034 3983 illic
1069 3932 1315 4000 grassari
1351 3937 1732 4005 comperisset,
1769 3939 1956 3995 insur-

375 4018 522 4072 rexit
577 4020 803 4088 itidem,
861 4030 917 4077 et
969 4038 1184 4095 greges,
1229 4041 1371 4093 quos
1421 4028 1678 4096 pascebat
1709 4069 1724 4092 ,
1772 4046 1799 4084 a
1832 4033 1955 4088 labe

372 4112 648 4168 iiberavit.

447 4289 741 4346 Flavianus
779 4307 1000 4362 quoque
1034 4293 1432 4350 celeberrimas
1467 4295 1774 4352 Antiochiae
1816 4312 1956 4368 pra:-

373 4383 481 4449 sul,
516 4399 642 4438 cum
675 4385 775 4439 bos
818 4385 1041 4440 Edessa:
1067 4387 1301 4451 versari,
1351 4403 1738 4459 venenumque
1787 4405 1950 4446 suum

2064 3190 2157 3244 καὶ
2183 3189 2303 3260 μετ’
2325 3189 2580 3260 ἐλέγχους
2615 3188 2850 3252 ἀναιδῶς
2903 3189 3277 3261 ἐξαρνοῦνται,
3307 3190 3403 3244 καὶ
3435 3191 3653 3260 ἀποκη-

2061 3286 2314 3356 ρύττουσι
2348 3286 2477 3349 τοὺς
2501 3284 2677 3339 ταῦτα
2707 3283 3058 3356 φρονοῦντας,
3109 3284 3254 3355 ἅπερ
3284 3284 3344 3338 ἐν
3389 3286 3510 3348 ταῖς
3539 3283 3648 3354 ψυ-

2059 3381 2180 3448 χαῖς
2204 3376 2582 3448 περιφέρουσι.
2613 3377 2828 3440 Λίτοιος
2851 3385 2879 3425 r
2908 3375 3093 3447 μέντοι
3123 3392 3226 3439 τις,
3251 3376 3279 3428 ὁ
3297 3375 3396 3446 τὴν
3426 3375 3655 3430 Μελιτι-

2059 3469 2165 3523 νῶν
2207 3468 2536 3538 Ἐκκλησίαν
2589 3467 2805 3532 ἰθύνων,
2869 3467 3016 3538 ζήλῳ
3069 3466 3198 3536 θείῳ
3247 3467 3649 3538 κοσμούμενος,

2059 3561 2233 3616 πολλά
2253 3561 2354 3630 τῆς
2385 3561 2545 3614 νόσου
2573 3559 2779 3630 ταύτης
2807 3559 3092 3612 σπάσαντα
3120 3558 3456 3628 θεασάμενος
3481 3575 3652 3630 μονα-

2061 3655 2282 3724 στήρια,
2344 3653 2546 3723 μᾶλλον
2590 3653 2648 3706 δέ
2693 3652 2937 3722 σπήλαια
2993 3650 3287 3724 λῃστρικὰ,
3342 3652 3653 3722 ἐνέπρησεν

2058 3745 2253 3804 ταῦτα,
2299 3745 2393 3799 καὶ
2447 3746 2575 3807 τοὺς
2611 3744 2812 3806 λύκους
2845 3745 2908 3797 ἐκ
2952 3744 3050 3812 τῆς
3089 3743 3325 3816 ποίμνης
3361 3742 3648 3815 ἐξήλασεν.

2072 3834 2423 3906 Ἀμφιλὸχιος
2454 3833 2510 3887 δέ
2539 3834 2567 3886 ὁ
2599 3833 2960 3902 πανεύφημος
3002 3833 3265 3896 ὡσαύτως
3300 3833 3393 3886 καὶ
3422 3833 3655 3887 Λυκαώ-

2059 3945 2168 3981 νων
2222 3927 2560 3998 μητρόπολιν
2609 3925 3068 3995 πεπιστευμένος,
3117 3925 3212 3980 καὶ
3255 3926 3402 3979 ἅπαν
3451 3925 3653 3980 ἰθύνων

2060 4020 2231 4083 ἔθνος,
2261 4018 2653 4090 ἐπισκήψασαν
2685 4018 2872 4072 αὐτόθι
2913 4019 3012 4089 τὴν
3060 4018 3242 4089 λύμην
3285 4003 3492 4090 ταύτην
3540 4038 3647 4090 μα-

2057 4112 2189 4175 θὼν,
2223 4111 2484 4180 ἐξανέστη
2518 4121 2546 4161 (ι
2582 4111 2769 4177 πάλιν,
2799 4111 2896 4164 καὶ
2947 4111 3015 4164 τὰ
3048 4112 3141 4165 ὐπ’
3178 4112 3343 4164 αὐτοῦ
3371 4112 3648 4182 νεμόμενα

2059 4207 2159 4274 τῆς
2180 4203 2365 4273 λώϐης
2389 4203 2609 4273 ἐκείνης
2640 4202 2990 4272 ἠλευθέρωσε
3027 4203 3277 4274 ποίμνια.

2128 4297 2426 4360 Φλαϐιανὸς
2456 4296 2512 4350 δέ
2535 4297 2562 4349 ὁ
2587 4295 3026 4366 πολυθρύλλητος
3052 4295 3152 4364 τῆς
3197 4293 3514 4364 Ἀντιοχέων
3539 4295 3652 4363 ἀρα

2061 4389 2297 4460 χιερεύς,
2335 4389 2392 4441 ἐν
2442 4387 2666 4458 Ἐδέσσῃ
2691 4387 2916 4450 τούτους
2945 4387 3154 4454 διάγειν
3187 4385 3397 4456 μαθὼν,
3432 4386 3524 4439 τὸν
3561 4389 3646 4439 oi-

374 4472 574 4528 vicinis
626 4473 900 4529 instillare
960 4475 1268 4540 didicisset,
1331 4477 1501 4532 missa
1557 4478 1952 4537 monachorum

2063 4483 2210 4533 κεῖον
2233 4483 2346 4543 τοῖς
2379 4479 2709 4541 πελάζουσιν
2737 4479 2920 4548 ἐκχεῖν
2952 4489 2973 4516 ι’
3005 4478 3342 4549 προεμένους
3386 4479 3482 4542 ίδν,
3506 4495 3653 4548 συμ-

375 4564 558 4627 turba,
591 4564 940 4620 Antiochiam
973 4567 1097 4623 illos
1135 4569 1824 4643 pertraxit;morbumque
1847 4589 1958 4644 quo

375 4654 699 4708 laborabant
742 4656 1077 4724 inliciautcs,
1125 4659 1230 4714 hoc
1267 4660 1430 4714 modo
1463 4662 1682 4716 revicit.
1733 4663 1958 4719 Calum-

373 4745 515 4800 niari
559 4762 755 4818 nempe
805 4759 1164 4808 accusatores
1211 4762 1264 4807 et
1313 4754 1534 4808 mentiri
1587 4762 1757 4810 testes
1793 4756 1955 4821 dixit,

371 4837 812 4910 Adelphiumque
839 4851 1000 4898 aetate
1030 4845 1192 4915 longa
1230 4855 1552 4916 provectum
1601 4847 1668 4902 ad
1707 4862 1768 4903 se
1802 4848 1958 4906 beni-

372 4944 478 4998 gne
507 4946 732 4996 vocans,
770 4950 834 4989 ac
871 4951 1038 5006 prope
1069 4937 1316 4992 assidere
1344 4939 1546 5008 junbens
1577 4958 1590 4993 :
1633 4960 1650 4992 ι
1703 4941 1836 5005 Nos,
1869 4943 1955 4998 iu-

371 5021 514 5088 quit,
563 5037 596 5076 o
653 5040 842 5092 senex,
908 5028 1003 5096 qui
1062 5028 1230 5080 vitam
1280 5029 1500 5099 longius
1563 5032 1950 5100 produximus,

296 5117 322 5150 κ
374 5112 669 5169 humanam
707 5125 958 5172 naturam
989 5120 1306 5178 accuratius
1355 5122 1634 5190 novimus,
1666 5132 1718 5179 et
1755 5126 1953 5182 adver-

407 5289 409 5292 ‘
447 5279 467 5310 ³
502 5277 661 5336 Joan.
696 5295 769 5346 vr,
807 5281 894 5336 £9.

2061 4574 2256 4645 μορίαν
2289 4572 2541 4644 μοναχῶν
2563 4572 2913 4639 ἀποστείλας,
2945 4572 3151 4642 ἤγαγεν
3171 4574 3251 4636 είς
3288 4573 3647 4642 Ἀντιόχειαν,

2057 4667 2152 4718 καὶ
2177 4664 2274 4736 τὴν
2294 4665 2449 4720 νόσον
2471 4663 2897 4736 ἐξαρνουμένους
2922 4665 3070 4718 τόνδε
3093 4665 3186 4718 τὸν
3209 4665 3410 4737 τρόπον
3432 4663 3654 4734 διήλεγ-

2059 4754 2166 4820 ξεν.
2193 4757 2335 4821 Τοὺς
2367 4758 2464 4827 μὲν
2494 4755 2602 4828 γὰρ
2635 4757 2978 4828 κατηγόρους
3011 4757 3116 4828 ἔφη
3150 4759 3526 4826 συκοφαντεῖν,
3551 4759 3651 4811 καὶ

2056 4851 2184 4914 τοὺς
2237 4849 2522 4920 μάρτυρας
2571 4849 2888 4921 ψεύδεσθαι.
2944 4849 3050 4903 Τὸν
3097 4849 3154 4903 δὲ
3196 4850 3477 4917 Ἀδέλφιον
3502 4849 3652 4918 ἄγαν

2057 4943 2184 4998 ὂντα
2207 4941 2607 5014 πρεσϐύτατον,
2636 4941 2808 5012 ἠπίως
2837 4941 3103 5008 κελεύσας
3127 4943 3354 5014 πλησίον
3375 4942 3614 5011 καθεσθῆ
3631 4973 3652 4982 -

2061 5052 2181 5090 ναι·
2222 5056 2240 5087 ι
2279 5036 2491 5106 Ἡμεῖς,
2537 5035 2660 5105 ἔφη,
2695 5029 2739 5087 ὧ
2765 5033 3066 5105 πρεσϐῦτα,
3107 5035 3198 5088 τὸν
3230 5034 3401 5089 πλείω
3447 5033 3647 5105 βεϐιω-

2062 5129 2221 5192 κότες
2254 5126 2389 5197 βίον,
2429 5126 2821 5198 ἀκριϐέστερον
2854 5127 2949 5180 καὶ
2974 5127 3072 5197 τὴν
3101 5125 3450 5199 ἀνθρωπείαν
3480 5124 3650 5195 φύσιν

1683 5351 1914 5408 νΑιιιΑῖ
1964 5351 2365 5409 LECTIONES.

446 5500 476 5542 k
507 5502 669 5574 Περεῖ
697 5503 991 5574 αἰσθητῶς.
1015 5505 1070 5559 in
1103 5503 1168 5558 Β.
1197 5503 1233 5558 9ο
1260 5513 1315 5560 et
1341 5523 1374 5560 v
1407 5522 1419 5556 ε
1451 5504 1668 5561 Transi.
1698 5503 1764 5558 Β.
1789 5506 1824 5559 9.
1851 5506 2009 5561 habet
2039 5503 2378 5573 κατ’ὲκείνην
2401 5503 2500 5574 τὴν
2530 5501 2699 5574 ὥραν.

2783 5499 2800 5538 ἱ
2835 5501 2992 5555 Deest
3013 5501 3098 5555 hic
3120 5500 3226 5553 Tit.
3251 5501 3305 5554 in
3344 5501 3405 5553 Β.
3430 5501 3569 5554 3”?“
3588 5511 3646 5554 et

378 5575 431 5646 in
466 5575 591 5646 cod.
622 5572 679 5628 S.
711 5573 818 5630 llil.
849 5571 931 5646 em
962 5574 1052 5629 Sic
1074 5575 1231 5630 codd.
1269 5575 1422 5646 Regii
1452 5585 1504 5631 et
1531 5575 1589 5630 ὃ.
1613 5576 1744 5639 llil.,
1771 5587 1826 5629 at
1858 5578 2141 5645 legendum
2160 5571 2626 5637 Οὐαλεντινιανοῦ,
2650 5574 2882 5646 utapud
2912 5571 3182 5646 Theudor.
3213 5581 3267 5646 ct
3292 5571 3644 5646 Euthyminm

377 5642 581 5715 ligab-

682 5655 709 5682 ιι
743 5646 826 5701 ΑΙ.
876 5644 1100 5716 Theod.
1137 5631 1379 5700 τελείανῗ
1450 5655 1473 5680 ο
1513 5647 1686 5701 Codd.
1732 5631 2134 5716 'mss.§pa<pi;v
2177 5661 2189 5696 :
2227 5654 2280 5697 at
2309 5661 2360 5699 ν.
2400 5631 2864 5716 ιτειηειςάίυὶηἰιηι
2889 5644 3092 5716 filiuni.
3174 5654 3200 5690 ιι
3245 5631 3638 5716 ΑιεηΛῆτοιος.

388 5711 582 5767 ἰἘιΙὶι.
611 5713 956 5787 ἐξανέστησε.
1040 5727 1059 5753 ι’
1090 5715 1218 5788 Reg.
1245 5716 1386 5770 2508
1404 5727 1454 5772 ct
1472 5716 1594 5772 cod.
1630 5717 1687 5773 S.
1715 5716 1819 5771 llil.
1841 5735 1901 5774 ex
1926 5711 2139 5772 emend.
2167 5715 2344 5786 ἁγχεὶ,
2371 5715 2488 5786 lege
2509 5713 2658 5783 ἀγχὶ,
2681 5713 2862 5782 juxta.
2887 5712 3027 5767 Edit.
3050 5715 3512 5784 ἐγχριπτομένους
3535 5711 3640 5768 ἰόν.
