3962 6320
333 456 437 520 737

1523 455 1619 514 DE
1649 451 2108 514 l-L‘ERESIBUS
2143 450 2396 511 LIBER.

3510 449 3618 520 733

335 569 642 640 ἐμάθομεν,
679 567 775 622 καὶ
809 566 878 620 τὰ
899 566 1006 622 τῶν
1035 566 1350 622 ἀντιπάλων
1380 566 1653 637 δαιμόνων
1687 565 1927 635 ἔγνωμεν

2041 561 2218 616 sarios
2277 561 2588 616 daemonum
2651 569 2886 616 conatus
2935 565 3258 630 perspectos
3318 559 3615 624 habentes,

335 659 743 730 ἁμαρτήματα·
806 658 972 728 πείρᾳ
1005 657 1062 710 δὲ
1092 659 1187 710 καὶ
1216 658 1316 727 τὴν
1345 656 1442 726 τῆς
1490 655 1716 728 χάριτος
1752 653 1928 708 ἐδιδά-

335 745 548 816 χθημεν
573 746 860 817 χορηγίαν.
893 739 1056 799 Οὗτοι
1103 745 1161 799 δὲ
1209 746 1318 800 νέοι
1357 745 1530 808 ὄντες,
1581 745 1678 798 καὶ
1726 743 1931 796 τούτων

335 835 486 890 οὐδὲν
520 837 766 909 ἀκριϐῶς
795 839 1175 908 ἐπιστάμενοι,
1202 835 1738 908 πνευματικωτέρων
1762 834 1930 889 ἀκοῦ-

336 941 425 979 σαι
446 926 621 994 λόγων
652 926 714 980 οὐ
739 927 986 998 φέρουσι.
1018 929 1330 1000 Τοιγάρτοι,
1361 927 1483 981 εἰπέ
1513 943 1627 998 μοι,
1651 926 1768 989 πῶς
1793 941 1931 996 φατε

335 1017 431 1070 καὶ
460 1017 522 1071 τὺ
547 1017 768 1090 πνεῦμα
799 1019 862 1072 τὸ
898 1019 1144 1075 ἐναντίον
1171 1021 1502 1091 ὑποχωρεῖν,
1528 1019 1624 1073 καὶ
1656 1018 1752 1072 τοῦ
1795 1035 1933 1071 παν-

336 1107 496 1176 αγίου
550 1107 872 1178 Πνεύματος
904 1109 1002 1180 τὴν
1035 1111 1195 1181 χάριν
1217 1110 1539 1180 ὲπιφοιτᾷν;
1575 1127 1596 1160 ι
1633 1107 1860 1171 Τούτοις
1901 1107 1932 1160 ὁ

275 1259 290 1273 ,
338 1199 583 1270 πρέσϐυς
620 1201 829 1266 ἐκεῖνος
871 1201 1268 1273 καταθελχθεὶς
1301 1212 1322 1240 ι
1361 1201 1593 1273 ἒξέμεσε
1631 1203 1809 1257 πάντα
1839 1200 1930 1254 τὸν

336 1291 726 1362 κεκρυμμένον
757 1292 858 1356 Ξὺν,
893 1293 988 1346 καί
1021 1311 1156 1364 φησι
1193 1294 1467 1366 μηδεμίαν
1499 1293 1596 1363 μὲν
1619 1294 1684 1346 ὲκ
1713 1292 1808 1346 τοῦ
1831 1291 1930 1363 βα-

338 1383 648 1454 πτίσματος
691 1382 966 1454 ὠφέλειαν
1014 1388 1132 1450 τοῖς
1181 1385 1530 1457 ἀξιουμένοις
1590 1385 1929 1454 ἐγγίνεσθαι,

342 1474 513 1546 μόνην
547 1475 604 1529 δὲ
627 1475 728 1546 τὴν
761 1477 1062 1532 σπουδαίαν
1087 1479 1257 1549 εὐχὴν
1285 1477 1376 1533 τὸν
1401 1478 1632 1549 δαίμονα
1659 1478 1752 1532 τὸν
1791 1479 1930 1532 ἐνοι-

340 1582 436 1619 κον
462 1564 790 1632 ἐξελαύνειν.
811 1568 1037 1622 Ἕλκειν
1063 1570 1171 1640 γὰρ
1201 1569 1436 1624 ἕκαστον
1455 1569 1564 1623 τῶν
1591 1569 1930 1640 τικτομένων

340 1655 527 1726 ἔλεγεν
547 1659 610 1713 ὲκ
647 1658 742 1713 τοῦ
773 1661 1146 1732 προπάτορος,
1188 1661 1380 1733 ὥσπερ
1423 1660 1522 1732 τὴν
1571 1661 1754 1730 φύσιν,
1787 1661 1931 1716 οὕτω

340 1747 404 1818 δὴ
432 1750 527 1803 καὶ
560 1752 660 1824 τὴν
692 1751 1095 1823 τῶιδαιμόνων
1123 1753 1374 1808 δουλείαν
1408 1755 1426 1791 ⁸
1451 1771 1466 1785 ν
1500 1753 1705 1807 τούτων
1737 1754 1794 1805 δὲ
1825 1753 1930 1807 ὑπὸ

343 1841 642 1906 σπουδαίας
669 1843 838 1914 εὐχῆς
877 1843 1254 1916 ἐλαυνομένων
1280 1885 1296 1909 ,
1324 1847 1614 1918 ὲπιφοιτᾷν
1655 1845 1842 1900 λοιπὸν
1868 1845 1929 1899 τὸ

341 1934 608 2004 πανάγιον
636 1935 883 2007 Πνεῦμα,
911 1936 1186 2008 αἰσθητῶς
1214 1937 1310 1992 καὶ
1339 1937 1550 2008 ὁρατῶς
1573 1937 1671 2009 τὴν
1717 1937 1927 1992 οίκείαν

342 2021 647 2096 παρουσίαν
695 2030 980 2098 σημαῖνον,
1014 2029 1111 2082 καὶ
1157 2029 1220 2082 τὸ
1252 2029 1414 2100 σῶμα
1441 2029 1542 2101 τῆς
1583 2029 1693 2083 τῶν
1735 2030 1925 2086 παθῶν

341 2115 611 2184 κινήσεως
670 2115 1028 2188 ἐλευθεροῦν,
1079 2118 1177 2172 καὶ
1209 2119 1306 2190 τὴν
1338 2118 1516 2192 ψυχὴν
1567 2120 1668 2192 τῆς
1714 2121 1806 2174 ἐπὶ
1857 2121 1926 2175 τὰ

340 2204 509 2276 χείρω
538 2208 711 2278 ῥοπῆς
735 2208 1018 2272 παντελῶς
1038 2209 1404 2277 ἀπαλλάττον,
1459 2211 1535 2276 ὡς
1567 2211 1702 2282 μηδέ
1726 2230 1780 2266 τι
1820 2213 1925 2266 δεῖ·

343 2295 469 2350 σθαι
493 2296 700 2363 λοιπὸν,
734 2303 872 2371 μήτε
893 2301 1148 2371 νηστείας
1170 2302 1464 2374 πιεζούσης
1485 2303 1550 2356 τὸ
1574 2303 1755 2374 σῶμα,
1786 2305 1925 2374 μήτε

340 2387 695 2453 διδασκαλίας
747 2390 1093 2463 χαλινούσης,
1128 2393 1222 2445 καὶ
1277 2391 1486 2462 βαίνειν
1530 2392 1770 2446 εὔτακτα
1801 2411 1923 2446 παις

338 2480 620 2550 δευούσης.
653 2483 726 2536 Οὐ
761 2483 922 2554 μόνον
949 2484 1007 2538 δὲ
1035 2486 1064 2538 ὁ
1094 2485 1284 2538 τούτου
1314 2485 1652 2556 τετυχηκὼς,
1693 2485 1802 2538 τῶν
1829 2483 1923 2539 τοῦ

343 2570 598 2642 σώματος
637 2573 1043 2630 ἀπαλλάττεται
1109 2575 1504 2646 σκιρτημάτων
1544 2587 1592 2638 υ,
1647 2574 1784 2629 ἀλλά
1831 2577 1927 2628 καὶ

344 2662 533 2731 σαφῶς
581 2663 650 2718 τά
707 2665 970 2735 μέλλοντα
1003 2668 1236 2738 προορᾷ,
1297 2666 1392 2719 καὶ
1447 2666 1546 2736 τὴν
1598 2665 1806 2737 Τριάδα
1826 2667 1925 2738 τὴν

341 2753 495 2809 Θείαν
515 2758 626 2820 τοῖς
650 2756 950 2828 ὀφθαλμοῖς
992 2759 1207 2830 θεωρεῖ.
1238 2759 1425 2822 Οὕτως
1453 2760 1481 2811 ὁ
1517 2760 1661 2822 θεῖος
1687 2759 1924 2812 Φλαϐια-

339 2846 428 2908 νὸς
452 2845 550 2917 τὴν
575 2847 782 2919 δυσώδη
822 2847 1126 2920 διαρρήξας
1153 2850 1357 2920 πηγὴν,
1384 2849 1476 2902 καὶ
1498 2849 1786 2917 γυμνῶσαι
1819 2866 1925 2903 πα-

343 2937 691 3006 ρασκευάσας
721 2937 788 2992 τὰ
820 2941 1091 3010 νοήματα,
1127 2941 1262 3011 πρὸς
1293 2941 1384 2993 τὸν
1416 2940 1652 3011 δυσσεϐῆ
1681 2940 1925 3012 πρεσϐύ-

339 3042 440 3096 την
472 3025 609 3098 έφη·
647 3029 1112 3100 Πεπαλαιωμένε
1152 3029 1390 3099 ἡμερῶν
1437 3029 1660 3094 κακῶν,
1707 3030 1927 3099 ἦλεγξέ

339 3133 416 3170 σε
447 3118 516 3171 τὸ
548 3120 667 3173 σὸν
689 3123 902 3191 στόμα,
945 3123 1045 3176 καὶ
1070 3124 1183 3177 οὐκ
1207 3122 1321 3192 ἐτω
1345 3138 1358 3151 ·
1393 3121 1467 3176 τὰ
1501 3121 1569 3174 δὲ
1603 3123 1780 3192 χείλη
1807 3137 1926 3176 σου

339 3211 878 3281 κατεμαρτύρησάν
915 3230 1056 3270 σου.
1101 3214 1282 3284 Δήλης
1313 3213 1369 3266 δὲ
1412 3213 1617 3284 ταύτης
1643 3215 1743 3284 τῆς
1767 3214 1924 3267 νόσου

2033 653 2156 723 ipso
2187 653 2379 725 gratia:
2407 669 2514 708 usu
2558 652 2702 706 dona
2733 652 2912 707 edocti
2947 667 3180 706 sumus:
3215 651 3304 707 isti
3335 666 3492 716 vero,
3525 653 3622 721 ju-

2033 745 2221 800 niores
2257 759 2382 800 cum
2418 743 2552 808 sint,
2606 753 2660 799 et
2711 743 2848 798 nihil
2884 743 3084 798 horum
3132 750 3326 798 exacte
3363 751 3618 808 noscant,

2033 839 2440 910 spiritualiores
2465 853 2751 895 sermones
2780 837 2981 894 audire
3013 851 3124 891 non
3150 836 3448 892 sustinent.
3475 835 3622 902 Qua-

2033 940 2260 1003 pr0pter
2287 945 2536 1002 exponas
2559 929 2722 985 velim
2756 928 2915 994 mihi,
2939 943 3048 998 qua
3070 927 3284 983 ratione
3313 925 3618 990 afﬁrmetis,

2030 1033 2086 1080 et
2145 1024 2488 1080 contrarium
2550 1021 2810 1078 recedere
2853 1021 3173 1090 ,spiritum,
3233 1026 3291 1076 et
3369 1017 3619 1088 Spiritus

2032 1117 2209 1175 sancti
2239 1117 2471 1187 gratiam
2513 1114 2793 1170 advenire.
2823 1131 2840 1165 ι
2883 1113 3042 1182 ιοο
3069 1111 3168 1166 His
3204 1111 3388 1166 verbis
3417 1109 3614 1165 delini-

2030 1221 2122 1268 tus
2150 1223 2343 1278 senex,
2377 1210 2554 1264 latens
2583 1221 2852 1264 venenum
2884 1213 3064 1260 totum
3093 1202 3357 1266 evomuit,
3385 1201 3576 1256 dicens
3597 1237 3612 1263 ,

2031 1319 2251 1360 sacrum
2303 1302 2642 1372 baptismum
2697 1301 2902 1354 nullam
2952 1299 3044 1362 iis,
3097 1297 3190 1368 qui
3233 1311 3360 1351 eum
3415 1309 3612 1349 conse—

2029 1401 2300 1465 quuntur,
2339 1393 2632 1448 utilitatem
2666 1390 2883 1457 aﬁ‘erre,
2923 1388 3020 1446 sed
3073 1389 3188 1444 sola
3243 1386 3437 1442 sedula
3490 1399 3618 1439 ora-

2030 1489 2182 1543 tione
2205 1487 2506 1542 daemonem
2543 1484 2950 1540 inhabitantem
2983 1481 3208 1552 expelli.
3241 1477 3444 1534 Omnes
3467 1476 3615 1532 enim

2030 1580 2127 1650 qui
2165 1580 2407 1656 eduntur
2452 1579 2506 1632 in
2544 1578 2744 1643 lucem,
2795 1590 2860 1630 ex
2899 1575 3082 1645 primo
3129 1581 3357 1643 parente
3401 1567 3622 1623 trahere

2031 1671 2234 1735 aiebat,
2270 1667 2734 1740 quemadmodum
2767 1675 3047 1730 naturam,
3082 1665 3165 1719 sic
3209 1671 3261 1719 et
3308 1662 3620 1717 daemonum

2032 1760 2377 1815 servitutem.
2417 1756 2513 1812 His
2537 1765 2718 1811 autem
2751 1772 2850 1826 per
2885 1755 3137 1811 sedulam
3182 1752 3489 1808 orationem
3530 1749 3621 1802 l‘u-

2031 1849 2195 1920 gatis,
2243 1847 2502 1902 advenire
2552 1846 2815 1915 deinceps
2871 1842 3144 1915 Spiritum
3201 1848 3494 1903 sanctum,
3527 1839 3620 1908 qui

2033 1939 2379 2010 praesentiam
2412 1952 2570 1994 suam
2601 1937 2861 1992 sensibus
2891 1944 2946 1990 et
2974 1933 3155 1989 oculis
3180 1932 3460 1997 exhibeat,
3503 1936 3617 1984 tum

2033 2044 2234 2100 corpus
2293 2043 2324 2082 a
2378 2027 2858 2098 perturbationum
2895 2023 3159 2088 motibus,
3219 2030 3335 2075 tum
3381 2019 3619 2072 animam

2033 2123 2102 2178 ab
2131 2121 2282 2177 omni
2315 2121 2380 2174 ad
2427 2119 2700 2174 deteriora
2764 2115 3132 2187 prdpensione
3178 2111 3498 2178 liberando;
3546 2109 3622 2164 ita

2033 2221 2094 2269 ut
2123 2228 2223 2268 nec
2249 2211 2463 2282 jejunio
2495 2211 2610 2280 jam
2665 2225 2808 2279 opus
2857 2208 2930 2264 sit
2977 2221 3089 2278 quo
3129 2221 3334 2277 corpus
3361 2217 3617 2258 coercea-

2034 2313 2144 2368 tur,
2171 2318 2272 2359 nec
2289 2303 2542 2357 doctrina
2570 2300 2910 2366 refrenante,
2939 2307 2993 2354 et
3020 2299 3088 2354 ad
3121 2308 3334 2354 rectum
3366 2295 3619 2351 ordinem

2034 2398 2380 2454 instituente.
2411 2394 2597 2466 Neque
2625 2410 2754 2450 vero
2795 2390 3069 2463 protervis
3107 2390 3458 2448 solummodo
3493 2403 3621 2442 cor-

2032 2493 2184 2562 poris
2223 2490 2468 2546 motibus
2508 2488 2715 2553 eximi,
2763 2487 2858 2558 qui
2899 2485 3044 2540 bunc
3097 2483 3331 2554 adeptus
3377 2483 3472 2544 sit.
3525 2481 3621 2536 sed

2033 2581 2218 2636 futura
2257 2582 2422 2637 etiam
2459 2589 2649 2650 aperte
2701 2577 3025 2649 prazvidcre,
3057 2582 3112 2630 et
3152 2575 3396 2630 divinam
3429 2571 3618 2626 Trini-

2035 2681 2202 2728 tatem
2253 2672 2432 2727 oculis
2484 2669 2760 2726 contueri.
2813 2667 3077 2722 Perfossa
3109 2665 3176 2719 ad
3212 2665 3361 2719 hunc
3396 2663 3620 2717 modmn

2035 2763 2204 2820 fetido
2238 2763 2411 2830 l‘onte,
2443 2763 2698 2832 rivisque
2747 2764 2850 2814 hac
2901 2767 3022 2814 arte
3073 2757 3331 2819 detectis,
3390 2754 3620 2824 impium

2035 2871 2222 2913 senem
2255 2857 2336 2911 sic
2366 2856 2591 2910 divinus
2615 2851 2916 2907 Flavianus
2943 2850 3140 2905 affatus
3165 2856 3250 2904 est
3279 2867 3292 2902 :
3326 2845 3624 2901 Inveterate

2034 2949 2242 3003 dierum
2274 2945 2560 3010 malorum,
2594 2945 2774 3014 arguit
2809 2952 2857 2996 te
2883 2958 2941 2996 os
2975 2949 3147 3007 tuum,
3189 2949 3240 2992 et
3291 2955 3396 2992 non
3425 2947 3622 3008 ego:et

2037 3039 2181 3093 labia
2215 3049 2306 3092 tua
2349 3048 2535 3092 contra
2576 3044 2624 3090 te
2657 3035 3015 3089 testimonium
3074 3033 3310 3086 tulerunt
3339 3033 3379 3086 ³.
3431 3029 3626 3101 Itaque

2035 3132 2139 3186 hoc
2162 3131 2436 3201 patefacto
2464 3129 2681 3194 morbo,
2707 3126 2867 3198 Syria
2895 3127 3118 3197 quidem
3151 3133 3281 3180 sunt
3301 3124 3541 3195 expulsi,
3567 3124 3622 3178 in

2036 3223 2418 3294 Pamphyliam
2451 3236 2584 3276 vero
2637 3227 3064 3286 concesserunt,
3114 3233 3278 3290 quam
3332 3217 3436 3272 hac
3469 3223 3624 3287 peste

341 3275 686 3372 γενομένης,
733 3275 834 3375 τῆς
869 3305 968 3374 μὲν
1023 3275 1708 3377 Συρίας-έξηλάσθησανδ
1744 3305 1824 3367 εἰς
1869 3305 1926 3358 δὲ

2037 3315 2425 3385 impleverunt.

340 3391 672 3462 Παμφυλίαν
701 3395 1076 3466 ἀνεχώρησαν,
1116 3397 1212 3450 καὶ
1251 3397 1457 3468 ταύτην
1491 3397 1591 3467 τῆς
1633 3395 1815 3467 λώϐης
1845 3399 1930 3449 ὲν-

340 3483 606 3553 ἔπλησαν.

336 3568 528 3630 Λῦται
545 3574 952 3648 μένᾉαζρέσεις
977 3577 1088 3643 ἕως
1108 3579 1458 3648 Μαρκιανοῦ
1486 3595 1500 3608 ο
1539 3579 1658 3633 ἀπὸ
1679 3578 1748 3632 δὲ
1770 3582 1930 3646 Map-

407 3645 626 3699 κιανοῦ
655 3645 834 3714 δεῦρο
858 3649 1077 3715 μικρὸν
1101 3645 1216 3702 καῖ
1235 3651 1386 3716 πρὸς
1417 3659 1442 3685 ν
1467 3650 1567 3704 καὶ
1612 3649 1712 3703 ἐπὶ
1746 3645 1928 3704 Λέον-

410 3731 515 3780 τος
551 3716 911 3784 ἀνεφύησαν
939 3721 997 3771 al
1020 3717 1280 3787 αΙρέσεις
1304 3719 1500 3778 αὗται.

417 3805 521 3859 tra'.
550 3806 903 3877 Νεστοριανοί
930 3807 1078 3879 (58)·
1107 3810 1156 3862 οι
1199 3823 1224 3851 ι
1269 3809 1412 3874 ίδίως
1453 3811 1548 3864 καὶ
1582 3809 1928 3882 κεχωρισμέ-

415 3938 435 3969 ³
450 3939 584 3994 Dan.
634 3957 732 4007 xu,
766 3944 854 3998 52.

2035 3575 2308 3629 Hactenus
2345 3573 2568 3628 haereses
2595 3587 2710 3638 qua:
2751 3569 2820 3622 ad
2861 3567 3132 3621 Marciani
3173 3575 3408 3638 tempora
3453 3569 3621 3620 exsti-

2107 3655 2303 3700 terunt.
2344 3645 2382 3695 A
2423 3637 2693 3695 Marciani
2735 3655 2854 3692 vero
2893 3649 3050 3692 wtate
3080 3655 3142 3690 ac
3175 3637 3413 3704 deinceps
3460 3639 3622 3706 paulo

2103 3724 2246 3785 post,
2273 3713 2368 3769 sub
2391 3712 2580 3766 Leonis
2605 3711 2848 3779 imperio,
2883 3718 3082 3764 exorta:
3106 3717 3230 3762 sunt
3265 3707 3405 3760 istm.

2104 3807 2193 3863 80.
2214 3803 2552 3862 Nestoriani.
2580 3802 2642 3856 lli
2674 3802 2844 3858 Deum
2868 3801 3111 3858 Verbum
3131 3797 3434 3856 secundum
3468 3811 3527 3853 se
3555 3811 3620 3853 ac

1621 4032 1856 4090 VARliE
1898 4031 2305 4089 LECTIONES.

411 4162 433 4190 ι
465 4149 543 4204 Ita
583 4149 852 4205 Theodor.
887 4121 1109 4203 eod.‘S.
1158 4149 1331 4205 Hilar.
1365 4163 1418 4206 et
1448 4151 1514 4205 Β.
1546 4152 1581 4204 2
1602 4151 1866 4221 ὲλεχθείς.
1911 4150 2082 4206 Vetus
2109 4152 2340 4221 interpr.
2372 4149 2758 4221 redarguutus.
2783 4215 2796 4221 _
2819 4145 2855 4221 _‘
2885 4142 3014 4221 _R._i
3051 4143 3346 4221 πολιτείαν.
3401 4153 3452 4221 ,ιι
3477 4143 3611 4221 Cod.

339 4221 400 4292 ξ.
429 4221 537 4275 llil.
571 4224 625 4275 in
653 4236 827 4290 marg.
873 4220 1066 4292 altera
1087 4235 1273 4286 manu,
1309 4221 1499 4275 παθῶν
1529 4220 1846 4292 αἰσχίστων.

333 4291 540 4364 Fronto
598 4283 831 4364 Ducteus
857 4288 1165 4364 legendum
1208 4283 1365 4362 putat
1396 4311 1410 4347 :
1453 4293 1546 4347 mi.
1583 4283 1765 4364 μὶκρῷ
1787 4292 2070 4364 ’πρότερον
2103 4293 2197 4346 ἐπὶ
2220 4331 2236 4359 ,
2275 4292 2360 4346 vel
2395 4291 2578 4362 μικρῷ
2608 4289 2816 4362 πρόσω.
2897 4290 2922 4318 ³
2944 4283 3180 4339 (ἔοὰ.8.

336 4362 448 4416 ἀπὸ
481 4361 802 4434 Νεστορίου,
825 4361 898 4414 οἳ.

1946 4232 1974 4261 v
2007 4222 2172 4277 Deest
2203 4211 2352 4274 ἱιιἸῖ.
2387 4211 2555 4274 2508⁷
2589 4230 2644 4274 ct
2698 4215 2839 4271 5‘2.“
2881 4211 3042 4284 δεῦρο
3098 4214 3292 4338 μικρὸν
3329 4215 3424 4296 καὶ
3453 4217 3610 4286 πρός.

1946 4309 2070 4338 eam)
2103 4293 2197 4338 ἐπὶ
2221 4331 2236 4338 -
2275 4292 2359 4338 vel
2397 4291 2578 4338 μικοῶ
2608 4289 2816 4338 πρόσω.
2897 4290 2922 4318 ⁸
2944 4283 3080 4338 COd.
3121 4285 3180 4338 S.
3235 4283 3316 4338 ΙιΙ.
3349 4299 3404 4338 ιιι
3438 4300 3610 4338 tuam.

3235 4283 3316 4338 ιιι.
3349 4285 3404 4341 in
3438 4283 3611 4356 marg.

1844 4449 2077 4507 ΝΟΤᾸΞ.

405 4611 515 4680 (58)
553 4610 625 4665 Ut
649 4611 914 4674 Nestorii,
953 4610 1032 4666 sic
1065 4607 1521 4680 Nestorianorum
1563 4622 1784 4680 quoque
1826 4622 1913 4662 sec

331 4677 542 4751 quioris
567 4685 744 4737 relatis
769 4697 986 4737 sensum
1023 4681 1334 4751 Eutychius
1365 4677 1791 4751 Alexandrinus
1821 4693 1914 4732 ex-

333 4747 574 4822 pnnittt.
612 4751 655 4804 ll
693 4753 984 4805 Annalium
1008 4747 1174 4822 quos
1208 4749 1726 4822 Arabiciscripsit.
1757 4747 1917 4802 Asse-

330 4817 481 4876 rebat
513 4821 817 4885 Nestorius,
865 4817 1075 4891 inquit,
1120 4820 1354 4891 Mariam
1417 4817 1693 4891 Virginem
1735 4834 1915 4872 revera

329 4891 616 4961 Deiparam
670 4908 771 4945 non
809 4888 994 4961 fuisse.
1039 4906 1252 4959 esseque
1283 4888 1648 4961 duosFitios,
1689 4904 1914 4958 quorum

331 4960 474 5016 alter
500 4965 569 5016 sit
593 4962 732 5016 Deus
761 4960 816 5016 et
838 4977 902 5015 ex
936 4961 1102 5015 Patre
1123 4961 1348 5031 genitus,
1387 4960 1524 5013 alter
1550 4960 1706 5013 homo
1739 4961 1828 5031 qui
1851 4973 1915 5031 ea:

331 5031 515 5086 Maria
549 5043 704 5086 natus
729 5035 835 5086 sit:
866 5045 1019 5101 atque
1050 5028 1206 5085 istum
1239 5030 1642 5101 hominem,_grti
1673 5028 1915 5101 seChri-

330 5114 472 5156 stum
493 5105 714 5162 dixerit,
749 5098 1160 5156 amore'unitum
1191 5117 1302 5155 esse
1341 5116 1462 5154 cum
1516 5099 1684 5161 Filio.
1719 5098 1917 5154 Deum-

329 5189 432 5242 que
464 5173 720 5242 appellari
742 5213 757 5234 ,
824 5189 925 5226 non
969 5189 1168 5238 rer-era,
1201 5171 1290 5224 sed
1329 5187 1419 5242 per
1446 5172 1833 5242 concessionem
1864 5179 1914 5222 et

329 5241 599 5298 nominum
651 5244 1091 5307 communionem,
1126 5258 1216 5296 nec
1261 5257 1362 5296 non
1393 5241 1607 5294 honoris
1645 5256 1828 5305 causa,
1862 5254 1914 5296 et

327 5315 470 5366 sicut
503 5330 638 5368 unus
660 5329 725 5367 ea:
765 5312 1052 5381 prophetis.
1097 5313 1172 5365 Ita
1213 5311 1436 5380 quidem
1462 5308 1753 5381 Nestorius
1784 5325 1908 5365 sen-

326 5387 472 5438 sisse
507 5383 707 5453 legitur
747 5380 800 5437 in
834 5380 1170 5453 fragtnentis
1211 5382 1566 5435 homiliarutn
1613 5380 1756 5453 ejus,
1790 5396 1911 5450 qum

324 5451 594 5524 Cyrillus',
629 5452 1034 5524 Alexandrinus
1086 5452 1256 5524 refert
1306 5453 1478 5524 libro
1513 5451 1814 5524 praesertim
1869 5467 1908 5505 ιι

325 5521 519 5576 contra
581 5525 798 5592 ipsum:
859 5523 1074 5593 Ὥσπερ
1126 5523 1358 5590 λέγομεν
1391 5521 1658 5593 Θεὸν-τὸν
1690 5521 1908 5573 πάντων

323 5590 662 5664 δημιουρ-(δν
689 5633 704 5657 ,
762 5597 858 5647 καὶ
897 5590 1331 5664 ΘεὸνΜῳῦσέα,
1373 5590 1516 5664 οὕτω
1546 5590 1780 5664 λέγομεν
1814 5593 1908 5644 καὶ

321 5660 714 5735 esset:dech
734 5665 775 5717 Χ
789 5664 991 5735 ριστὸν,
1011 5664 1104 5715 καὶ¹
1119 5663 1392 5735 (deam-nat
1405 5660 1554 5735 Υἰὺν,
1582 5664 1679 5714 καὶ
1696 5661 1801 5735 "Aj
1811 5676 1907 5713 ιον·

337 5732 491 5786 Velut
540 5730 702 5787 Deum
732 5730 959 5787 dicimus
984 5733 1215 5787 universi
1261 5733 1606 5795 conditorem,
1635 5748 1696 5784 ac
1741 5730 1912 5784 Deum

320 5803 453 5874 item
480 5802 696 5874 Moysen
713 5822 734 5872 ;
764 5808 842 5874 ita
886 5814 936 5856 et
965 5801 1251 5874 Dominum
1281 5801 1578 5874 Christum,
1621 5811 1671 5855 et
1718 5801 1907 5874 Deum,

322 5881 369 5926 et
409 5870 628 5942 Filium,
663 5870 720 5929 et»
771 5873 1049 5930 Sanctum.
1105 5873 1431 5945 Quanquam
1484 5870 1912 5942 diligentissime

1942 4616 1991 4675 ι)
2017 4606 2247 4660 cavebat
2287 4622 2354 4661 ne
2406 4607 2544 4662 duos
2569 4605 2738 4664 Filios
2769 4616 2823 4662 et
2863 4607 3004 4664 Deos
3042 4607 3240 4664 cﬂerre
3273 4607 3550 4665 videretur
3593 4628 3607 4666 :

2025 4677 2171 4744 quod
2211 4676 2428 4746 quidem
2453 4693 2518 4731 ex
2546 4679 2716 4732 variis
2746 4679 2865 4748 ejus
2888 4695 2952 4732 ac
2983 4678 3260 4750 fautorum
3289 4680 3466 4749 ipsius
3489 4697 3612 4750 quae

2026 4758 2323 4820 supersunt
2375 4751 2746 4820 monumentis
2778 4759 3018 4803 constat.
3060 4749 3376 4820 ,Eutychius
3415 4749 3612 4807 deinde

2025 4808 2196 4900 tradit
2227 4808 2602 4898 Nestorianol
2617 4820 2953 4900 posteriores
2983 4808 3610 4900 opinionemoiversam

2023 4889 2291 4943 tenuisse.
2319 4902 2382 4940 ac
2418 4888 2484 4947 si.
2523 4888 2731 4943 omissa
2765 4890 2966 4944 unione
2995 4890 3085 4943 illa
3117 4890 3422 4944 secundum
3455 4905 3610 4943 amo-

2023 4973 2137 5011 rem
2166 4996 2179 5019 ,
2212 4957 2578 5029 allectioncm,
2613 4968 2666 5013 et
2705 4959 2987 5022 honorent,
3023 4959 3431 5029 proﬁterentur,
3457 4959 3614 5015 Chri-

2019 5038 2160 5098 stum
2193 5043 2353 5080 unum
2389 5028 2524 5082 duas
2552 5045 2665 5082 esse
2691 5028 3044 5094 substantias,
3068 5031 3306 5097 duasque
3335 5045 3610 5098 personas,

2024 5097 2190 5170 Deum
2213 5098 2502 5170 perfectum
2547 5100 2601 5152 in
2629 5115 2854 5168 persona
2885 5111 2934 5155 et
2971 5101 3277 5154 substantia
3307 5097 3428 5165 sua,
3458 5110 3613 5170 atque

2022 5168 2285 5238 hominem
2315 5169 2604 5238 perfectum
2637 5173 2689 5222 in
2720 5185 2946 5237 persona
2980 5181 3029 5225 et
3059 5171 3362 5226 substantia
3393 5168 3611 5236 stta,'ac

2022 5237 2256 5291 Mariam
2290 5237 2550 5307 peperisse
2605 5239 2876 5293 Christum
2939 5251 3182 5308 exparte
3235 5241 3611 5302 humanitatis.

2020 5325 2124 5361 non
2164 5325 2230 5364 ea:
2255 5323 2405 5379 parte
2435 5310 2763 5379 divinitatis;
2792 5320 2848 5362 ut
2887 5310 3050 5364 Pater
3082 5311 3318 5379 genuerit
3353 5310 3538 5370 Deum.
3564 5323 3614 5364 et

2021 5396 2124 5433 non
2157 5378 2440 5442 hominem,
2473 5378 2654 5434 Maria
2703 5390 2879 5434 autem
2913 5378 3198 5445 hominem,
3240 5390 3421 5435 etnon
3443 5380 3613 5436 Deum

2017 5452 2294 5518 pepererit.
2355 5451 2428 5502 Ita
2485 5450 2704 5518 quidem
2766 5451 2982 5519 priscos
3043 5451 3208 5504 etiam
3253 5450 3614 5508 Nestorianos

2018 5537 2141 5574 esse
2192 5524 2406 5574 locutos
2437 5527 2687 5591 veonstat
2737 5536 2802 5591 ett
2864 5521 3038 5575 variis
3068 5523 3442 5577 monumentis
3491 5537 3614 5591 quae

2018 5591 2313 5662 exstabant
2345 5592 2397 5644 in
2436 5589 2724 5660 ’l‘ragmdia
2777 5588 2990 5662 Irenaei,
3015 5607 3260 5662 quaeque
3294 5593 3479 5662 Lupus
3501 5588 3615 5647 Au-

2019 5661 2370 5732 gustinianus
2399 5662 2762 5732 primumLae
2781 5660 2980 5732 deinde
2999 5661 3085 5732 Cl.
3123 5660 3390 5718 Baluzius
3416 5678 3616 5717 secun-

2021 5734 2153 5786 dum
2184 5740 2456 5785 vetustam
2515 5731 2934 5786 translationem
2971 5731 3224 5787 Latinam
3272 5732 3513 5788 edidere.
3555 5733 3617 5784 At

2018 5817 2152 5856 vero
2189 5817 2298 5854 non
2335 5803 2443 5855 alio
2465 5817 2606 5855 nexu
2631 5803 2822 5858 ambas
2853 5803 3198 5859 substantias
3234 5813 3401 5871 atque
3431 5815 3624 5870 perso-_

2022 5887 2124 5928 nas
2145 5873 2330 5928 unitas
2361 5872 2668 5931 censebant
2695 5873 2796 5940 illi,
2830 5874 2941 5930 nisi
2976 5873 3098 5930 κατ’
3129 5873 3412 5935 εὐδοκίαν,
3437 5885 3620 5923 secun-
