3962 6320
365 424 473 488 739

1523 424 1584 480 S.
1625 421 1946 482 JOANNIS
1980 422 2415 483 DAMASCENI

3513 395 3638 486 740'

369 535 600 593 seorsim
631 533 895 591 exsistere
922 532 1141 598 docent,
1168 547 1233 588 ac
1262 532 1563 590 secundum
1595 549 1654 590 se
1682 544 1738 588 et
1777 551 1930 590 scur-

2041 553 2138 600 νως
2177 536 2268 589 τὸν
2307 535 2440 589 Θεὸν
2490 533 2664 602 Λόγον
2701 532 2970 603 ὑπάρχειν
3011 531 3430 602 δογματίζοντες
3454 573 3470 600 ,
3525 549 3626 588 και

365 629 470 684 sim
501 627 623 696 ejus
651 626 962 680 hominem:
994 633 1160 695 atque
1184 625 1475 695 humiliora
1502 623 1722 694 quidem
1745 639 1934 678 eorum

365 735 486 790 quae
508 717 773 774 Dominus
806 717 862 772 in
890 731 1059 772 carne
1086 716 1276 787 gessit,
1307 716 1410 772 soli
1437 711 1693 770 tribuunt
1725 716 1934 770 homini

365 813 577 883 ipsius;
625 812 948 868 sublimiora
1003 825 1156 875 vero,
1186 825 1416 880 quaeque
1467 808 1639 864 Deum
1685 807 1934 871 deceant,

364 906 466 960 soli
501 903 609 960 Deo
644 905 848 969 Verbo,
882 919 947 961 ac
970 917 1079 958 non
1111 913 1345 972 utraque
1377 902 1472 958 uni
1497 901 1784 971 eidemque
1807 915 1934 971 per-

361 1011 511 1051 sonae
541 997 848 1052 ascribunt.

431 1171 520 1226 82.
557 1172 1007 1243 Eutychianistae,
1035 1175 1104 1230 ab
1129 1173 1371 1246 Eutyche
1392 1188 1590 1230 nomen
1621 1178 1787 1230 secta:
1816 1188 1937 1227 mu-

363 1263 501 1315 tuati
550 1273 697 1316 sunt.
752 1261 817 1317 lli
850 1271 1053 1334 negant
1111 1265 1403 1320 Dominum
1461 1271 1714 1320 nostrum
1746 1262 1935 1319 Iesum

362 1351 641 1406 Christum
665 1368 731 1407 ex
761 1361 951 1408 sancta
977 1353 1203 1425 Virgine
1229 1354 1401 1409 Maria
1451 1369 1670 1410 carnem
1719 1369 1936 1410 assum-

366 1444 570 1514 psisse,
603 1443 699 1498 sed
748 1443 1005 1498 diviniori
1063 1445 1296 1515 quadam
1352 1446 1563 1501 ratione
1590 1447 1934 1501 incarnatum

361 1549 486 1589 esse
515 1533 787 1588 afﬁrmant
812 1553 826 1589 :
858 1550 961 1590 nec
991 1535 1305 1605 intelligunt
1328 1536 1495 1593 Deum
1523 1538 1783 1603 Verbum,
1809 1553 1933 1593 eum

363 1623 470 1678 sibi
503 1624 778 1679 hominem
809 1639 874 1679 ex
912 1623 1137 1696 Virgine
1161 1627 1331 1682 Maria
1365 1629 1636 1694 univisse,
1669 1631 1762 1699 qui
1794 1628 1937 1683 Ada-

364 1715 437 1768 mi
497 1715 661 1784 primi
711 1716 957 1784 parentis
1005 1727 1234 1786 peccato
1291 1727 1413 1774 erat
1466 1720 1772 1787 obnoxius;
1826 1735 1936 1792 quo

363 1806 564 1860 factum
596 1806 688 1870 sit,
726 1815 784 1858 ut
811 1809 1137 1878 principatus
1181 1818 1228 1864 et
1259 1819 1541 1880 potestates
1583 1828 1702 1865 cum
1743 1827 1933 1882 exspo-

2043 627 2187 690 ίδίως
2213 626 2305 679 τὸν
2325 625 2610 696 ἄνθρωπον
2638 624 2805 679 αὑτοῦ
2836 633 2866 674 1
2887 639 2901 652 ·
2929 624 3024 677 καὶ
3049 623 3118 677 τά
3143 623 3240 695 μὲν
3260 623 3626 696 ταπεινότερα

2037 718 2144 772 τῶν
2174 717 2525 788 πραχθέντων
2569 715 2675 770 ὑπὸ
2706 715 2802 770 τοῦ
2852 715 3062 786 Κυρίου
3110 716 3168 768 ὲν
3195 717 3261 787 τῇ
3295 715 3435 787 πρὸς
3469 717 3621 786 ἡμᾶς

2037 805 2304 876 ἐπιδημία
2329 804 2494 858 αὐτοῦ
2519 804 2664 875 μόνῳ
2681 803 2761 874 τῷ
2781 803 3054 874 ἀνθρώπῳ
3078 803 3244 856 αὐτοῦ
3274 803 3620 872 προσάπτον-

2035 913 2148 960 τες,
2194 895 2265 950 τὰ
2308 895 2366 949 δὲ
2418 895 2726 967 ὑψηλότερα
2767 895 2863 949 καὶ
2901 895 3180 966 θεοπρεπῆ
3215 894 3360 965 μόνῳ
3388 893 3466 964 τῷ
3498 894 3623 965 Θεῷ

2037 986 2214 1055 Λόγῳ,
2256 987 2351 1040 καὶ
2391 986 2466 1057 μὴ
2509 986 2578 1039 τά
2638 986 3026 1057 συναμφότερα
3069 984 3152 1038 ἐνὶ
3199 985 3294 1038 καὶ
3335 985 3414 1057 τῷ
3467 985 3620 1056 αὐτῷ

2041 1077 2319 1149 προσώπῳ
2340 1078 2728 1149 προσάγοντες.

2107 1169 2217 1240 πβ¹.
2244 1171 2661 1241 Εὑτυχιανίσται
2685 1170 2819 1242 (59),
2849 1171 2900 1225 οἱ
2930 1170 3039 1224 ἁπδ
3067 1169 3353 1240 Εὐτυχέως
3376 1167 3616 1240 τοῦνομα

2035 1260 2135 1332 τῆς
2191 1261 2455 1332 αἱρέσεως
2507 1261 2834 1332 ὲσχηκότες’
2892 1263 2942 1315 οἱ
2998 1261 3074 1333 μὴ
3124 1261 3376 1330 λέγοντες
3406 1263 3472 1314 ὲκ
3514 1265 3618 1332 τῆς

2037 1351 2198 1421 ἁγίας
2234 1352 2512 1422 Παρθένου
2561 1351 2776 1424 Μαρίας
2826 1351 3109 1424 εἰληφέναι
3141 1352 3242 1421 τὴν
3299 1351 3482 1422 σάρκα
3518 1350 3618 1404 τὸν

2036 1445 2244 1515 Κύριον
2285 1443 2439 1514 ἡμῶν
2481 1443 2688 1513 Ἰησοῦν
2736 1443 2992 1514 Χριστὸν,
3015 1441 3150 1496 ἀλλὰ
3177 1441 3450 1512 θειότερόν
3495 1459 3618 1504 τως

2039 1535 2422 1605 σεσαρκῶσθαι
2480 1534 2944 1604 ἀποφαινόμενον
3004 1534 3080 1604 μὴ
3125 1533 3408 1604 εἰληφότες
3469 1531 3616 1586 κατὰ

2035 1626 2180 1693 νοῦν,
2227 1628 2310 1680 ὅτι
2363 1627 2457 1680 τὸν
2485 1629 2553 1698 τῇ
2591 1627 2838 1698 ἁμαρτίᾳ
2886 1625 2981 1679 τοῦ
3033 1626 3383 1697 προπάτορος
3429 1624 3615 1678 αὐτῶν

2048 1717 2220 1788 ’Δδὰμ
2252 1717 2553 1771 ὑπεύθυνον
2591 1719 2929 1788 τυγχάνοντα
2958 1717 3050 1771 τὸν
3075 1716 3385 1786 ἄνθρωπον,
3419 1717 3616 1770 τοῦτον

2033 1809 2244 1878 ἥνωσεν
2271 1809 2448 1879 έαυτῷ
2480 1811 2508 1862 ὁ
2536 1808 2668 1873 Θεὸς
2719 1809 2892 1877 Λόγος
2931 1810 2996 1862 ὲκ
3029 1809 3130 1879 τῆς
3175 1807 3452 1878 Παρθένου
3489 1809 3615 1864 Μα-

363 1897 564 1962 liassct,
587 1895 887 1951 traduxerit
911 1900 1251 1969 conﬁdenter,
1271 1901 1470 1969 palam,
1498 1903 1642 1957 sicut
1659 1903 1924 1974 scriptum

2041 1901 2179 1971 ρίας,
2211 1899 2272 1965 ἐξ
2317 1895 2377 1954 οὗ
2431 1901 2530 1954 καὶ
2585 1901 2692 1967 τὰς
2725 1901 2914 1970 ἀρχὰς
2940 1899 3040 1954 καὶ
3061 1899 3170 1967 τὰς
3196 1900 3484 1966 ἐξουσίας
3515 1900 3615 1953 ἐπ-

361 1996 447 2044 est
475 1988 518 2054 ⁸,
591 1990 920 2058 triumphans
977 1992 1032 2045 in
1087 2009 1260 2061 cruce,
1311 2009 1452 2065 quas
1499 2008 1596 2065 per
1642 2003 1928 2066 peccatum

363 2081 524 2150 primi
560 2082 800 2138 hominis
826 2081 1102 2140 induerat:

433 2265 456 2296 ⁸
488 2274 697 2330 Coloss.
723 2289 782 2340 ιι,
811 2273 899 2329 l5.

2033 1990 2447 2061 εκδυσάμενος
2478 1989 2890 2060 ἐδειγμάτισεν
2929 1989 3000 2042 ἐν
3050 1990 3379 2058 παρῤησίᾳ,
3412 1987 3488 2051 ὡς
3521 1988 3616 2056 γέ-

2035 2095 2297 2149 γραπται,
2327 2079 2726 2149 θριαμϐεύσας
2749 2077 2848 2132 ἐπὶ
2868 2078 2976 2131 τοῦ
3001 2078 3290 2147 σταυροῦ,
3313 2078 3379 2143 ἃς
3400 2079 3488 2133 διὰ
3511 2079 3615 2150 τῆς

2038 2168 2403 2240 παραϐάσεως
2434 2169 2529 2224 τοῦ
2558 2166 2988 2240 πρωτοπλάστου
3017 2162 3086 2242 ἦν
3120 2167 3439 2232 ἐνδεδυκώς.

1630 2388 1868 2446 VARle
1909 2391 2317 2453 LECTIONES.

433 2494 462 2534 ⁷
500 2501 592 2558 Sic
615 2510 771 2560 vetus
792 2502 1021 2574 interpr.
1053 2500 1316 2556 hominem
1350 2501 1516 2572 ipsius
1549 2519 1567 2559 :
1598 2505 1748 2562 deest
1776 2509 1945 2563 αὐτοῦ
1974 2511 2031 2566 in
2062 2512 2128 2567 R.
2157 2513 2336 2582 2508;
2365 2514 2494 2572 edit.
2536 2524 2591 2573 et
2618 2516 2740 2574 eod.
2797 2516 2855 2572 S.
2894 2515 3002 2572 Hii.
3037 2515 3202 2588 αὐτῷ.

1871 2647 2106 2708 NOTAE.

362 2753 487 2806 dum
517 2752 908 2821 complacitum,
933 2752 1391 2821 quemadmodum
1420 2769 1449 2807 a
1477 2754 1766 2812 Theodoro
1817 2757 1932 2813 Mo-

365 2831 662 2898 psuesteno
710 2823 1012 2898 praesertim
1070 2823 1394 2898 didicerant.
1423 2825 1514 2879 Sic
1551 2827 1756 2882 dudum
1814 2835 1935 2898 post

364 2891 676 2948 Nestorium
714 2891 918 2944 Paulus
945 2891 1131 2956 Persa,
1169 2891 1508 2948 Nestorianae
1545 2905 1708 2950 secta:
1743 2891 1933 2952 diaco-

367 2977 484 3036 ιιιιειΔ
525 2960 912 3036 (quem_i_llu_t_n
961 2975 1082 3036 ess_e
1139 2967 1677 3036 putaverim,_quia
1727 2965 1936 3022 Junilio

367 3029 631 3106 Africano
660 3029 822 3083 initio
849 3029 944 3084 lib.
967 3029 1361 3106 Itpepartibus
1388 3029 1578 3106 diuitias
1609 3035 1757 3106 legis,
1790 3051 1938 3090 com-

368 3099 658 3176 mendatur
693 3107 949 3176 tanquam
989 3097 1297 3176 l‘ilsihensis
1323 3103 1526 3176 schola:
1555 3097 1839 3176 magister)
1873 3123 1938 3160 ea:

368 3169 570 3245 duplici
585 3177 779 3220 natura
803 3167 1024 3245 Christi,
1052 3184 1306 3238 personas
1334 3171 1470 3227 duas
1495 3167 1786 3239 inferébat,
1818 3167 1940 3245 qua!

373 3238 478 3293 niSi
541 3253 634 3310 per
689 3238 1058 3310 complacitum
1110 3254 1225 3310 non
1263 3247 1675 3310 eopularentur.
1731 3238 1940 3301 Οίύλὶοῡν

371 3310 493 3362 κατ’
522 3306 844 3395 εὐδοξίανβ)
875 3308 1090 3395 evagata,
1120 3306 1345 3395 βουλῆς
1365 3314 1458 3365 καὶ
1496 3313 1720 3395 γνιξιμης
1748 3316 1942 3395 ταυτό-

369 3395 509 3459 ’τηιιτιΖ
525 3375 904 3459 κρατουμένη·
933 3375 1391 3459 Ergo‘secun-dum
1427 3375 1794 3459 complacitum
1819 3387 1942 3438 unio

372 3448 605 3502 conﬂata
656 3458 732 3500 est
773 3448 974 3500 unitate
1017 3450 1302 3504 voluntatis
1342 3459 1392 3505 et
1430 3448 1639 3507 consilii
1667 3454 1938 3510 roborata.

373 3517 509 3572 Vide
531 3516 672 3587 apud
708 3517 998 3570 Maximum
1047 3519 1142 3572 lib.
1203 3519 1276 3573 De
1305 3519 1509 3576 duabus
1556 3524 1939 3579 voluntatibus.

371 3589 586 3657 Alioqui
614 3601 744 3641 vero
771 3588 1100 3642 Anastasius
1156 3588 1364 3643 Siuaita
1402 3591 1674 3661 Ὀδηγοῦ,
1721 3608 1844 3664 cap.
1881 3595 1941 3660 4,

373 3665 569 3730 ιιιοιιιιιΔ
615 3671 875 3730 eo_s,_seu
911 3667 1168 3725 quaestus,
1221 3674 1315 3714 seu
1355 3676 1509 3730 vanre
1533 3665 1720 3730 gloria:
1748 3679 1938 3728 causa,

373 3742 474 3798 per
527 3727 928 3782 simulationem
987 3742 1168 3802 saepe,
1225 3736 1279 3783 et
1339 3727 1617 3802 Christum
1669 3727 1943 3802 appellare

374 3795 565 3868 Deum,
619 3804 673 3851 ct
722 3805 967 3850 sanctam
1022 3795 1294 3867 Virginem
1347 3799 1442 3854 Dei
1487 3795 1837 3868 Genitriéém,
1879 3818 1942 3858 ac

370 3866 705 3929 Nestorium,
736 3876 789 3920 et
835 3866 1262 3938 qttisg_uis_’duas
1307 3884 1572 3938 personas
1634 3872 1687 3925 in
1721 3866 1942 3928 Christo

371 3938 596 4004 dixerit,
628 3936 932 4008 exsecrari.
965 3934 1068 3990 Vix
1100 3934 1365 4008 Eutychio
1394 3943 1774 4008 concesserim
1813 3944 1940 3996 Bar-

372 4003 965 4080 suntatn_l‘_lisibet_tsem
996 4008 1098 4060 sub
1149 4003 1408 4080 iustine]
1441 4012 1571 4080 imp.
1613 4010 1939 4065 exStinctam

371 4076 613 4131 Nestorii
649 4075 896 4129 haeresim
931 4077 1292 4131 instaurasse.
1323 4077 1458 4132 Nam
1491 4075 1740 4134 Historia:
1769 4083 1942 4136 eccle-

372 4147 609 4219 siastica:
659 4145 796 4219 alios
851 4146 1047 4219 ntedia_
1083 4155 1241 4201 attate
1292 4149 1496 4219 vixisse
1531 4152 1768 4214 tradunt,
1809 4159 1939 4219 puta

370 4215 632 4270 Joannem
663 4223 716 4268 et
751 4216 951 4284 Cyrum
983 4215 1261 4282 Aigeotas,
1302 4217 1567 4272 Basilium
1623 4220 1750 4274 item
1803 4215 1938 4276 Cili-

370 4300 530 4356 _c_e_m;
581 4299 792 4356 necnon
823 4299 1131 4356 suppressa:
1159 4301 1190 4337 a
1225 4285 1444 4342 Zenone
1466 4288 1708 4356 Augusto
1739 4291 1939 4344 schola:

370 4353 664 4409 Edessena:
711 4353 1052 4407 Nisibensem
1088 4356 1453 4419 successisse,
1480 4353 1624 4411 unde
1657 4358 1935 4413 Nestoria-

369 4439 502 4477 num
552 4425 709 4477 virus
737 4421 1012 4476 Orientem
1069 4426 1389 4492 pervaserit.
1427 4426 1530 4481 Sed
1579 4435 1634 4481 et
1663 4429 1937 4484 Barsumte

368 4492 684 4568 Nisibensis-
722 4492 1092 4568 _metropolita:
1147 4509 1344 4549 nomen
1401 4496 1754 4568 iNestorianis
1801 4501 1937 4568 ipsis

372 4563 609 4636 invisum
663 4561 784 4624 fuit,
817 4560 945 4632 quia
975 4560 1268 4622 Persarum
1300 4567 1445 4636 regis
1502 4566 1690 4624 favore
1737 4560 1932 4634 freius,
1967 4569 2014 4627 D

370 4633 704 4708 instituerat,
735 4640 793 4685 ut
826 4646 1009 4708 nemo,
1042 4637 1144 4688 etsi
1175 4633 1434 4708 sacerdos
1459 4645 1626 4702 esset,
1664 4639 1797 4708 μηδὲ
1824 4639 1934 4692 τῶν

373 4703 812 4777 ἱεραρχουμένων
861 4702 1002 4777 τινὰ,
1056 4718 1085 4755 a
1123 4705 1354 4777 _nuptiis
1375 4702 1739 4777 Aabstittereti
1766 4709 1935 4777 Cujus

370 4772 672 4826 sanctionis
693 4772 956 4828 Leontius
977 4772 1232 4828 meminit
1247 4776 1338 4830 lib.
1359 4773 1546 4831 (inm.
1565 4775 1785 4832 Nestor.
1809 4772 1859 4833 cI
1881 4779 1931 4832 1.

368 4843 741 4917 Quamobrem
799 4857 864 4897 eo
921 4844 1182 4917 defuncto
1219 4852 1500 4917 _statutum
1537 4857 1666 4917 est,
1705 4864 1772 4902 ne
1808 4849 1934 4917 quis

370 4912 423 4964 in
461 4919 735 4981 posterum
766 4926 830 4964 ex
852 4915 1197 4981 tnetropolita
1219 4913 1507 4970 Nisibense
1533 4916 1587 4967 itt
1617 4912 1935 4972 Seleucian-

369 4996 484 5034 sem
518 4979 850 5034 Catholicam
887 4979 1283 5036 assumeretur.
1314 4983 1371 5039 in
1405 4985 1640 5042 Scholiis
1670 4987 1725 5040 in
1767 4989 1935 5042 libros

368 5049 614 5122 Dionysii
647 5050 716 5102 de
753 5049 920 5122 licet.
957 5051 1114 5122 hier.,
1147 5050 1223 5122 De
1251 5051 1414 5108 divin.
1446 5071 1589 5108 nam.
1624 5055 1935 5111 Nestoriani

367 5119 715 5196 appellantur
748 5119 1036 5196 Dasitiani,
1057 5121 1448 5196 μασιλειανοὶ,
1472 5125 1602 5193 ’ἢτοι
1631 5125 1935 5196 Νεστορια-

366 5187 470 5256 νοΐ,
502 5199 726 5264 propter
755 5187 1016 5264 Basiliam
1050 5190 1298 5258 Cilicem,
1331 5195 1448 5264 qui,
1469 5187 1675 5248 omisso
1695 5187 1934 5250 Nesiorii

367 5263 611 5322 nomine,
639 5259 884 5312 haeresim
919 5259 1064 5314 illius
1093 5259 1421 5318 auctoritate
1443 5264 1665 5318 Diodori
1697 5267 1936 5320 Tarsen-

368 5331 447 5384 sis
480 5341 534 5382 et
551 5327 826 5382 Theodori
846 5327 1215 5396 Mopsuesteni
1241 5337 1511 5389 tuebatur.
1542 5333 1746 5388 Horum
1772 5336 1933 5392 scho-

367 5399 714 5476 liorumiesse
741 5406 1018 5476 auctorem
1066 5401 1472 5476 alibidicemus
1504 5401 1768 5459 Joannem
1799 5407 1934 5476 Scy-

372 5470 771 5528 thopolitanunt
805 5469 1132 5524 acerrimum
1175 5471 1356 5526 Basilii
1395 5476 1788 5528 adversarium.

439 5537 553 5618 (59)
591 5537 859 5618 Eutyches
879 5541 1113 5618 exitiale
1147 5540 1436 5618 intellectis
1463 5544 1794 5618 quibusdam
1827 5543 1936 5618 Cy-

366 5609 477 5662 rilli
511 5608 734 5682 vocibus
768 5623 930 5660 unam
956 5609 1009 5662 in
1044 5608 1264 5664 Christo
1292 5608 1542 5667 naturam
1585 5615 1792 5682 intulit,
1834 5608 1936 5671 néc

366 5682 549 5748 ipsunt
580 5676 934 5755 ejusdem__ac
978 5695 1080 5732 nos
1110 5693 1232 5755 esse
1265 5683 1586 5755 substantia:
1629 5676 1934 5740 secundum

365 5745 786 5820 Humanitatem.
832 5745 974 5820 l-linc
1014 5749 1545 5820 ntulti‘scripserunt
1575 5769 1699 5807 eum
1745 5758 1937 5810 existi-

359 5828 545 5873 masse
576 5813 786 5886 lapsam
813 5829 844 5871 e
872 5815 1016 5873 coelo
1039 5815 1256 5873 Domini
1303 5813 1544 5886 carnem,
1589 5839 1684 5894 per
1707 5823 1932 5879 Mariam

2038 2767 2188 2838 velut
2220 2782 2324 2838 per,
2347 2767 2535 2822 tubum
2566 2767 2854 2824 transiisse
2885 2783 2898 2819 :
2933 2781 2964 2821 a
2989 2767 3188 2838 quibus
3218 2779 3325 2821 non
3357 2765 3612 2824 dissentit

2036 2835 2258 2909 Noster.
2287 2837 2483 2909 Verum
2514 2839 2787 2909 Eutyches
2817 2835 3036 2909 semper
3063 2844 3400 2909 protestatus
3421 2845 3506 2909 est
3543 2853 3606 2893 se

2039 2908 2262 2961 credere
2319 2907 2598 2963 Christum
2622 2906 2757 2962 esse
2808 2906 3010 2960 τέλειον
3051 2907 3204 2972 Θεδν,
3260 2907 3355 2959 καὶ
3402 2906 3613 2959 τέλειον

2034 2976 2344 3048 ἄνθρωπον,
2375 2978 2467 3030 τὸν
2516 2977 2845 3048 γεννηθέντα
2875 2979 2942 3030 ὲκ
2963 2978 3064 3048 τῆς
3083 2975 3408 3048 Παρθένου,
3438 2975 3613 3048 perfe-

1992 3067 1996 3070 ·
2036 3044 2178 3098 ctum
2209 3046 2376 3100 Deum
2405 3044 2538 3110 esse,
2560 3057 2609 3100 et
2625 3044 2922 3170 rerfectum
2950 3044 3234 3106 hominem,
3269 3047 3360 3114 qui
3391 3048 3456 3099 de
3487 3044 3613 3099 Vir-

2035 3117 2153 3170 aine
2183 3119 2388 3170 aenitus
2412 3127 2567 3170 esset.
2601 3117 2620 3170 ι
2650 3133 2714 3170 oc
2745 3118 2810 3170 ad
2834 3116 3152 3170 Flavianum
3184 3116 3412 3170 eiusoue
3441 3131 3612 3170 svno-

2035 3117 2153 3186 giae
2183 3119 2388 3186 genitus
2412 3127 2567 3171 esset.
2601 3116 2714 3172 lloc
2745 3118 2810 3171 ad
2834 3116 3152 3171 Flavianum
3184 3116 3412 3184 ejusque
3441 3131 3612 3184 syno-

1966 3219 2010 3277 c
2041 3185 2462 3277 dum’reltulere,
2493 3188 2584 3277 qui
2616 3185 3214 3277 titissijadHEu‘tychent
3235 3186 3452 3277 fuerant
3469 3186 3612 3277 inqui

2043 3270 2168 3326 cum
2207 3252 2540 3322 advenisset,
2563 3257 2737 3326 palam
2769 3257 2908 3311 dixit
2929 3275 2942 3310 :
2963 3252 3062 3326 Sic
3093 3254 3315 3308 credo...
3345 3252 3615 3323 Conﬁteor

2043 3325 2244 3394 factam
2273 3328 2386 3396 ejus
2409 3325 2746 3395 prwseutiam
2777 3325 3061 3380 secundum
3100 3340 3334 3396 carnem
3360 3340 3425 3377 ea:
3453 3340 3614 3396 carne

2043 3407 2241 3449 sancta:
2291 3394 2648 3466 Virginistet
2697 3397 2922 3466 perfec_te
2961 3396 3160 3466 factum
3190 3395 3478 3466 hominem.
3523 3394 3614 3449 Sic

2043 3467 2292 3536 conﬁteor
2317 3463 2496 3520 eorum
2546 3465 2710 3519 Patre
2735 3463 2799 3520 et
2837 3463 2980 3536 Filio
3027 3475 3074 3536 et
3103 3463 3305 3536 Spiritu
3333 3463 3540 3528 sancto,
3563 3472 3613 3518 et

2043 3534 2222 3589 coram
2279 3546 2452 3590 vestra
2505 3536 2806 3589 sanctitate.
2837 3535 2972 3590 Cum
3024 3534 3216 3601 Patres
3249 3534 3521 3587 instarent
3553 3545 3614 3587 ut

2043 3605 2346 3666 Christum.
2369 3605 2526 3659 Matri
2559 3605 3078 3660 consubstantialem
3099 3603 3389 3656 fateretur:
3415 3603 3614 3657 Hacte-

2043 3691 2140 3730 nus
2174 3693 2278 3729 non
2304 3676 2439 3737 dixi,
2459 3674 2654 3744 inquit.
2686 3673 2826 3728 Nam
2852 3675 2979 3745 quia
3006 3687 3194 3745 corpus
3224 3673 3318 3726 Dei
3343 3672 3480 3724 illud
3499 3689 3613 3727 esse

2043 3747 2320 3816 confiteor,
2355 3745 2472 3799 ideo
2495 3761 2595 3816 non
2619 3745 2732 3798 dixi
2762 3743 2936 3812 ipsum
2987 3743 3084 3796 Dei
3119 3759 3304 3811 corpus
3345 3758 3456 3796 esse
3489 3759 3613 3816 car-_

2043 3812 2155 3885 pus'
2175 3817 2423 3885 hominis,
2447 3815 2536 3868 sed
2562 3817 2735 3881 potius
2767 3817 3055 3885 humanum
3105 3829 3294 3885 corpus
3310 3827 3350 3885 _:_
3377 3820 3427 3865 et
3452 3812 3612 3885 _quod

2040 3880 2106 3938 ea:
2134 3887 2252 3954 ipsa
2294 3883 2506 3954 Virgine
2535 3880 2843 3937 incarnatus
2868 3893 2944 3954 est
2995 3880 3271 3936 Dominus.
3310 3880 3616 3954 Verebatur

2043 3952 2275 4020 scilicet,
2306 3952 2650 4010 rte—dicendo
2695 3969 2882 4022 corpus
2912 3953 3160 4019 hominis,
3190 3953 3365 4022 errori
3415 3952 3615 4019 impin-

2041 4034 2193 4092 geret
2222 4025 2483 4087 Nestorii,
2540 4027 2634 4092 qui
2683 4021 2958 4078 hominem
2999 4023 3065 4092 in
3117 4037 3176 4076 se
3218 4021 3612 4092 subsistentem

2047 4093 2224 4149 Verbo
2245 4091 2680 4148 consociaverat.
2719 4093 2788 4146 At
2816 4091 3050 4146 dicendo
3077 4107 3265 4160 corpus
3288 4091 3610 4155 humanum,

2042 4163 2424 4233 Dominamque
2458 4177 2522 4216 ea:
2559 4166 2676 4232 ipsa
2723 4162 2936 4231 Virgine
2967 4163 3327 4233 incarnatum.
3363 4161 3614 4233 declara-

2042 4235 2132 4288 bat
2161 4228 2368 4288 Cltristi
2402 4228 2620 4288 carnem
2655 4247 2761 4285 non
2793 4228 2934 4285 coelo
2956 4232 3256 4299 delapsam,
3281 4231 3374 4284 sed
3398 4245 3466 4283 ex
3487 4228 3612 4283 Vir-

2039 4304 2184 4372 ginis
2235 4303 2542 4358 substantia
2593 4310 2958 4372 procreatam.
2990 4300 3360 4372 Nihtlominus
3391 4299 3613 4372 negavit

2039 4369 2240 4428 Christi
2289 4389 2500 4426 carnem
2549 4369 2658 4426 esse
2717 4369 3222 4425 consubstantialem
3266 4380 3375 4422 tam
3415 4369 3610 4432 Matri,

2073 4459 2194 4496 nam
2222 4444 2390 4496 nobis.
2423 4442 2664 4496 Tandem
2696 4443 2776 4495 sic
2809 4449 3042 4494 mentem
3075 4454 3228 4494 suam
3257 4439 3564 4492 enuntiavit
3593 4457 3611 4493 :

2066 4513 2306 4581 Ionﬁteor
2330 4527 2395 4566 ea:
2417 4512 2621 4564 duabus
2639 4513 2848 4564 naturis
2879 4509 3354 4581 fuisscDominum
3372 4520 3612 4581 nostrum

2040 4578 2164 4636 ante
2205 4583 2579 4636 adunationem
2613 4596 2631 4634 :
2668 4593 2782 4649 post
2837 4580 3213 4632 adunationem
3258 4595 3377 4632 vero
3403 4618 3418 4642 ,
3481 4578 3612 4647 μίαν

2038 4651 2199 4718 φύσιν
2221 4664 2465 4705 naturam
2507 4667 2668 4704 unam
2702 4650 2974 4720 confiteor.
3017 4650 3148 4717 Quae
3181 4651 3331 4704 varie
3361 4649 3612 4720 variiin-

2038 4723 2320 4790 terpretati
2361 4728 2541 4790 sunt:
2569 4720 2758 4774 Miselli
2803 4718 2966 4775 senis
3013 4732 3390 4790 sensumiacuﬁ
3433 4718 3612 4788 tetigit

2037 4787 2397 4846 Combelisius
2430 4792 2484 4845 itt
2516 4789 2734 4844 Prazl‘at.
2768 4792 2832 4842 ad
2869 4790 3060 4844 ltomil.
3090 4787 3274 4843 Basilii
3308 4788 3521 4842 Seleuc.
3544 4787 3612 4842 et

2037 4862 2091 4915 in
2126 4861 2585 4915 Adnotationibus
2615 4875 2725 4913 non
2754 4859 3010 4928 editisad
3042 4858 3451 4928 Expositionem
3485 4857 3610 4912 fidei

2038 4931 2178 4984 κατὰ
2220 4931 2410 5000 μέρος,
2448 4945 2570 4999 qua:
2600 4929 2866 4998 Gregorio
2890 4927 3302 5000 Thaumaturgo
3343 4927 3612 5000 attributa

2039 5010 2144 5054 est.
2183 4997 2627 5072 «'E'utychianos
2669 5003 2744 5052 ait
2776 5008 3024 5072 naturam
3055 5013 3220 5072 unam
3245 4997 3474 5072 dixisse,
3500 5012 3610 5050 non

2037 5080 2252 5124 utcaro
2299 5067 2412 5125 sive
2445 5071 2759 5123 humanitas
2812 5068 3036 5122 Christo
3078 5067 3338 5131 defuerit,
3381 5068 3463 5120 vel
3516 5081 3610 5135 per

2037 5140 2417 5201 tnutationem,
2452 5141 2538 5193 vel
2573 5154 2669 5208 per
2695 5139 3125 5208 ahsorptionem,
3162 5145 3257 5190 aut
3278 5137 3620 5208 deperditio-

2038 5223 2161 5262 nem
2193 5227 2206 5264 :
2239 5210 2333 5264 sed
2369 5219 2426 5264 ut
2465 5206 2823 5278 illa—propria
2863 5206 3072 5262 natura
3102 5208 3196 5268 sit,
3223 5217 3318 5278 aut
3368 5206 3610 5271 dicatur,

2038 5292 2160 5349 quae
2196 5281 2398 5348 primas
2418 5277 2898 5349 partes’ohtineat,
2923 5293 3032 5330 non
3064 5277 3610 5349 secundastantum:

2042 5345 2154 5412 illa,
2188 5345 2434 5417 inquam,
2457 5365 2574 5418 qua:
2617 5348 2781 5418 aliam
2810 5347 3020 5408 habeat,
3051 5363 3152 5399 non
3185 5362 3304 5418 quin
3334 5345 3610 5410 habeatur,

2039 5428 2088 5470 et
2127 5420 2410 5484 superioris
2439 5419 2677 5470 habentis
2707 5417 2796 5470 sit.
2845 5437 2866 5468 ι
2905 5418 2998 5470 Sic
3027 5419 3182 5486 plane
3215 5417 3485 5485 iiutyches
3516 5429 3602 5486 ac-

2038 5488 2274 5555 cipiebat
2314 5489 2417 5540 hoc
2446 5488 2682 5550 dictum,
2714 5503 2876 5539 unam
2906 5487 3004 5540 Dei
3030 5485 3033 5486 ⁷
3056 5485 3205 5538 Verbi
3243 5497 3490 5538 naturam
3525 5485 3597 5536 in-

2037 5566 2313 5609 carnatam
2335 5574 2355 5622 ;
2377 5557 2519 5626 quod
2549 5556 2789 5626 Cyrilius
2807 5572 2872 5611 ex
2901 5555 3245 5626 professione
3276 5556 3421 5618 ﬁdei,
3445 5568 3608 5623 quam

2037 5627 2321 5681 Athanasii
2348 5625 2471 5682 esse
2494 5625 2742 5695 putabat,
2778 5627 2901 5680 licet
2933 5625 3252 5694 Apollinarii
3285 5631 3456 5695 esset,
3489 5637 3598 5695 mtt-

2039 5705 2222 5750 tuatus
2241 5705 2380 5760 erat,
2413 5691 2614 5750 Confer
2650 5697 2764 5749 hate
2802 5691 2995 5748 omnia
3024 5709 3148 5746 eum
3182 5701 3292 5747 act.
3325 5693 3352 5748 1
3395 5691 3605 5751 Concil.

2037 5765 2294 5822 Chalced.
2328 5781 2381 5837 p.
2422 5766 2544 5835 195,
2567 5765 2694 5834 228,
2725 5765 2851 5831 229,
2871 5765 2998 5831 238,
3025 5763 3151 5830 257,
3177 5772 3285 5818 etc.
