3962 6320
351 398 457 461 743

1519 391 1580 448 s.
1620 388 1942 471 JOANNIS
1980 377 2414 450 DAMASCENI

3522 398 3630 463 7H

353 521 475 559 rum
539 501 1012 567 Alexandrinum,
1075 499 1131 554 in
1191 499 1431 554 concilio
1483 496 1934 561 Chalcedonensi,

2049 496 2252 568 παθείᾳ
2300 502 2365 570 τῇ
2418 499 2552 570 πρὸς
2593 501 2684 554 τὸν
2732 503 2790 556 ἑν
2857 502 3233 577 Ἀλεξανδρείᾳ
3308 507 3626 582 Διόσκορον,

349 595 497 664 quod
534 592 800 664 Eutychis
835 591 1168 663 placitorum
1211 587 1471 643 defensor
1513 594 1684 650 esset,
1711 585 1935 656 deposi-

278 679 300 708 "
351 693 490 748 tum,
520 699 643 740 sese
685 683 898 754 synodo
937 690 1344 753 opposuerunt,
1373 680 1807 748 innumerasque
1835 677 1936 732 ad-

349 794 543 833 versus
577 777 723 831 illam
747 776 1170 831 criminationes
1197 773 1624 828 confinxerunt:
1653 785 1792 840 quas
1821 769 1932 839 jam

353 882 520 937 supra
547 867 652 922 hoc
682 868 737 922 in
763 866 904 921 libro
933 865 1152 922 abunde
1176 863 1564 927 refutavimus,
1590 861 1681 917 ubi
1711 870 1766 917 et
1786 863 1936 931 ipsos

349 974 520 1013 vanos
553 967 608 1014 et
643 959 934 1014 dementes
965 972 1091 1013 esse
1119 956 1492 1012 ostendimus.
1539 953 1748 1008 Horum
1786 954 1937 1024 prin-

350 1053 502 1120 cipes
549 1048 895 1104 Theodosius
945 1047 1376 1110 Alexandrinus,
1433 1061 1464 1100 a
1521 1061 1632 1116 quo
1683 1044 1935 1100 Theodo-

351 1140 531 1205 siani;
585 1146 637 1192 et
692 1136 934 1191 Jacobus
992 1135 1188 1207 Syrus,
1238 1150 1268 1189 a
1309 1149 1418 1204 quo
1472 1131 1738 1187 Jacobitte
1803 1139 1936 1187 sunt

352 1231 642 1286 nominati.
692 1231 936 1296 Quorum
992 1228 1260 1283 doctrina:
1321 1235 1632 1290 consortes,
1693 1234 1934 1278 asserto-

353 1339 552 1393 resque
577 1331 630 1378 et
660 1324 877 1393 patroni
917 1321 1141 1376 fuerunt
1181 1317 1421 1374 Severus
1459 1316 1933 1371 Antiochenorum

352 1421 666 1484 corruptor,
693 1421 748 1468 et
775 1413 869 1483 qui
908 1427 1046 1466 vana
1078 1418 1426 1466 commentus
1468 1417 1554 1464 est
1587 1423 1652 1462 ac
1683 1407 1934 1462 elabora-

351 1509 450 1572 vit,
482 1506 722 1562 Joannes
768 1489 1061 1559 Tritheita.
1095 1503 1160 1558 lli
1205 1502 1427 1574 generis
1473 1499 1698 1554 humani
1737 1497 1935 1555 salutis

352 1599 674 1669 mysterium
714 1604 1001 1667 negantes,
1029 1595 1296 1650 adversus
1321 1609 1352 1648 a
1387 1593 1494 1647 Deo
1525 1591 1718 1646 amatae
1737 1589 1932 1662 synodi

352 1689 821 1746 Chalcedonensis
857 1697 1248 1744 sescentorum
1282 1685 1504 1755 triginta
1553 1682 1780 1738 Patrum
1831 1683 1932 1738 do-

351 1782 587 1836 ctrinam
624 1781 794 1834 multa
833 1779 1338 1849 conscripserunt:
1371 1776 1652 1846 multaque
1680 1775 1735 1828 in
1775 1789 1930 1829 suam

2041 590 2134 644 τὸν
2167 591 2272 644 ὑπὸ
2307 594 2408 661 τῆς
2459 594 2516 644 ἐν
2567 593 2876 666 Χαλκηδόνι
2931 597 3154 651 συνόδου
3203 599 3626 672 καθαιρεθέντα,

2040 681 2116 746 ὡς
2166 681 2276 737 τῶν
2318 683 2592 755 Εύτυχοῦς
2639 685 2928 758 δογμάτων
2972 690 3273 761 συνήγορον
3306 692 3628 768 ἀντεπάθη-

2045 793 2145 830 σαν
2167 791 2194 820 ι
2225 781 2293 850 τῇ
2321 779 2545 851 συνόδῳ,
2585 781 2681 836 καὶ⁵
2715 781 2916 854 μυρίας
2946 783 3072 852 τόγε
3103 785 3192 837 ἐπ’
3219 785 3404 851 αὐτοῖς
3423 788 3452 828 ιι
3482 789 3630 862 μέμ-

2039 869 2165 940 ψεις
2198 873 2321 924 κατ’
2373 871 2546 941 αὐτῆς
2593 873 2969 928 ἀνεπλάσαντο
2991 915 3005 938 ,
3055 875 3122 940 ἃς
3143 877 3538 952 γπρολαὸὁντες
3571 881 3629 935 ἑν

2039 959 2106 1027 τῇ
2164 957 2418 1031 παρούσῃ
2479 959 2648 1030 βίϐλῳ
2708 961 2910 1025 ίκανῶς
2967 962 3338 1034 διελύσαμεν,
3399 968 3631 1031 σκαιοὺς

2041 1046 2240 1110 αὐτοὺς
2275 1048 2368 1100 καὶ
2413 1049 2822 1119 ματαιόφρονας
2867 1051 3254 1118 ἀποδείξαντες
3282 1071 3294 1083 ·
3341 1049 3416 1110 ὧν
3447 1059 3626 1129 ἀρχη-

2040 1137 2129 1206 γοὶ
2180 1137 2464 1203 Θεοδόσιος
2509 1142 2537 1194 6
2576 1141 2962 1214 Ἀλεξανδρεὺς
2990 1185 3005 1210 ,
3061 1145 3121 1208 ἑξ
3171 1138 3235 1198 οὗ
3259 1147 3624 1217 Θεοδοσιανοὶ,

2053 1228 2308 1294 Ἰάκωϐος
2355 1233 2383 1285 6
2430 1232 2640 1306 Σύρος,
2697 1235 2756 1302 ἐξ
2801 1229 2860 1290 οὗ
2923 1238 3257 1294 Ἰακωϐῖται.
3310 1241 3529 1294 Τούτων
3575 1244 3626 1296 οἱ

2043 1318 2379 1391 συνίστορες,
2417 1323 2512 1376 καὶ
2552 1323 2872 1393 βεϐαιωταὶ,
2903 1326 2998 1379 καὶ
3031 1328 3363 1399 ύπὲρμαχοι,
3398 1331 3426 1382 6
3453 1331 3628 1402 Σευῆ-

2045 1427 2136 1482 ρος
2168 1413 2196 1464 6
2228 1414 2327 1481 τῆς
2376 1414 2696 1484 Ἀντιοχέων
2751 1417 3020 1489 φθορεὺς,
3074 1420 3170 1474 καὶ
3215 1422 3244 1474 6
3294 1423 3364 1474 τά
3415 1423 3626 1491 μάταια

2041 1504 2284 1573 πονήσας
2318 1506 2572 1578 Ἰωάννης
2602 1511 2630 1562 6
2652 1509 2961 1581 Τριθείτης,
2994 1512 3056 1564 τὸ
3085 1515 3183 1583 τῆς
3213 1515 3399 1584 κοινῆς
3425 1515 3625 1585 ἀρνού-

2043 1612 2198 1664 μενοι
2239 1600 2517 1669 σωτηρίας
2549 1604 2870 1674 μυστήριον.
2905 1603 3082 1657 Πολλὰ
3111 1605 3212 1675 μὲν
3241 1606 3341 1676 τῆς
3375 1606 3433 1660 ἑν
3474 1608 3626 1662 Χαλ-

2040 1687 2224 1758 κηδόνι
2252 1690 2614 1746 θεοπνεύστου
2643 1694 2751 1747 τῶν
2781 1695 3084 1760 ἑξακοσίων
3111 1697 3410 1767 τριάκοντα
3446 1701 3624 1754 Πατέ-

2043 1802 2152 1852 ρων
2238 1785 2590 1852 διδασκαλίας
2660 1791 3014 1863 κατέγραψαν
3039 1810 3054 1824 ο
3140 1793 3315 1848 πολλὰ
3387 1796 3445 1849 δὲ
3510 1799 3625 1862 τοῖς

353 1874 456 1943 ipsi
485 1873 807 1944 perniciem,
835 1873 945 1928 illis
969 1871 1064 1943 qui
1094 1879 1346 1942 pereunt,
1367 1868 1532 1939 juxta
1554 1870 1655 1923 iter
1677 1866 1934 1923 scandala

2047 1877 2436 1948 ἀπολλυμένοις
2485 1883 2623 1953 πρὸς
2670 1887 2737 1956 τῇ
2787 1885 3008 1958 ὀλεθρία
3053 1886 3235 1941 αὐτῶν
3264 1889 3494 1958 αἱρέσει,
3527 1891 3624 1943 καὶ

351 1972 658 2032 posuerunt.
693 1963 838 2030 Quin
862 1972 916 2019 et
955 1963 1321 2033 particulares
1363 1959 1707 2016 substantias
1729 1958 1932 2015 docen-

354 2065 458 2120 tes,
493 2056 813 2110 universum
867 2055 1267 2110 incarnationis
1323 2053 1649 2124 mysterium
1692 2050 1930 2106 confun—

354 2147 495 2199 dunt
528 2164 542 2200 :
577 2160 813 2215 quorum
851 2144 1190 2214 impietatem
1229 2140 1624 2212 compendiose
1673 2139 1934 2208 colligere

355 2252 536 2307 operae
573 2235 817 2307 pretium
848 2235 964 2289 fore
1000 2234 1336 2304 putavimus,
1386 2231 1650 2286 brevibus
1707 2229 1933 2284 insertis

355 2327 604 2392 scholiis,
638 2327 707 2381 ad
758 2325 1151 2382 refutationem
1203 2325 1387 2395 impia:
1420 2339 1486 2379 ac
1520 2321 1934 2378 nefandissimae

352 2431 544 2471 eorum
586 2418 831 2472 haeresis.
867 2417 1089 2472 lllorum
1127 2431 1290 2488 porro
1325 2413 1751 2486 prepugnatoris
1780 2421 1933 2470 ante-

353 2509 572 2580 signani
619 2507 890 2576 Joannis,
929 2508 1133 2580 quibus
1187 2509 1272 2564 vel
1323 2507 1561 2562 maxime
1599 2506 1930 2578 gloriantur,

352 2601 629 2668 dogmata,
662 2615 757 2656 seu
785 2601 968 2672 potius
995 2601 1381 2663 deliramenta,
1407 2599 1477 2654 ob
1504 2598 1698 2653 oculos
1729 2612 1931 2669 reprae-

353 2693 602 2749 sentabo.

354 2855 430 2912 De
462 2866 657 2912 natura
687 2867 735 2911 et
773 2857 1046 2928 hypostast‘
1081 2851 1207 2928 quid
1252 2854 1491 2928 sentiant
1531 2849 1822 2928 Severian},
1881 2859 1930 2905 et

421 2928 685 2996 quomodo
720 2919 1072 2996 par'tiCttlares
1092 2919 1445 2996 substantias
1459 2923 1726 2996 doceant;
1758 2919 1924 2974 Ioan-

422 2990 528 3071 itis
575 2990 928 3050 Grammatici
987 2994 1303 3056 Tritheitw,
1355 2994 1546 3071 qui-ef
1601 2990 1927 3071 Pftiloponus

420 3068 641 3131 dicitur,
693 3082 758 3120 ea:
807 3082 1048 3122 sermone
1097 3075 1288 3132 quarto
1331 3063 1525 3132 operis,
1584 3063 1670 3115 cui
1719 3063 1927 3126 titulus,

426 3157 446 3190 ι
485 3138 713 3190 Arbiter.
745 3155 763 3187 ι

421 3245 746 3304 Communis
773 3245 920 3300 enim
957 3252 1010 3299 et
1042 3242 1371 3298 universalis
1403 3249 1614 3296 natura:
1638 3241 1794 3305 ratio,
1823 3242 1928 3297 etsi
1960 3216 2004 3277 α

348 3342 468 3411 ipsa
502 3354 596 3409 per
631 3353 690 3392 se
728 3352 837 3390 una
870 3343 978 3400 est,
1023 3342 1265 3390 attamen
1317 3335 1372 3390 in
1416 3334 1609 3388 multis
1666 3333 1932 3403 subjectis

346 3433 648 3496 exsistens,
683 3429 740 3482 fit
765 3429 961 3493 multa,
987 3427 1062 3480 ita
1097 3433 1156 3480 ut
1189 3426 1401 3496 integre
1431 3426 1484 3479 in
1516 3439 1847 3495 unoquoque
1879 3431 1934 3478 et

345 3541 455 3583 non
504 3540 568 3580 ex
607 3529 763 3594 parte
795 3521 1102 3584 consistat;
1131 3519 1594 3588 quemadmodum
1629 3519 1794 3573 etiam
1831 3532 1932 3570 na-

344 3619 476 3691 vigii
525 3617 690 3681 ratio,
745 3630 867 3686 qua:
925 3615 980 3668 in
1036 3613 1198 3667 navis
1236 3612 1567 3668 fabricatore
1600 3621 1706 3675 est,
1738 3618 1934 3681 sponte

345 3710 771 3780 multiplicatur,
825 3722 950 3760 cum
1010 3706 1244 3760 exsistat
1297 3705 1352 3758 in
1405 3704 1596 3759 multis
1644 3703 1929 3786 subjectis.

345 3800 635 3858 Consimili
667 3812 890 3869 quoque
939 3795 1107 3851 modo
1165 3795 1322 3865 102
1363 3794 1716 3864 praeceptoris
1751 3793 1934 3848 consi-

345 3891 600 3956 deratio,
659 3905 786 3945 cum
849 3890 924 3942 sit
970 3904 1115 3954 una,
1162 3895 1359 3956 suapte
1402 3887 1618 3941 ratione
1664 3886 1929 3956 propria,

344 3981 568 4054 quando
614 3995 644 4033 a
685 3979 975 4048 discipulis
1028 3977 1367 4048 percipitur,
1427 3977 1591 4032 simul
1651 3991 1774 4030 cum
1822 3977 1932 4034 illis

346 4083 460 4130 tota
523 4073 580 4127 in
645 4085 980 4142 unoquoque
1041 4070 1340 4126 cxsistens.
1399 4066 1668 4123 Praeterea
1743 4071 1928 4123 annuli

345 4174 534 4238 typus,
563 4173 614 4221 et
647 4179 794 4219 unus
834 4173 942 4228 est,
980 4171 1033 4217 ct
1078 4164 1133 4215 in
1185 4159 1438 4230 pluribus
1481 4159 1932 4228 expressionibus

345 4263 500 4311 totus
556 4254 612 4309 in
666 4269 1003 4324 unaquaque
1036 4251 1332 4314 exsistcns,
1365 4247 1479 4317 jam
1516 4249 1686 4303 tnulta
1745 4258 1850 4314 est,
1880 4258 1934 4304 et

345 4347 572 4408 dicitur.
603 4345 796 4414 itaque
823 4344 995 4396 multa
1043 4342 1289 4411 navigia,
1321 4341 1479 4395 multi
1513 4341 1788 4406 homines,
1829 4359 1930 4397 cx-

343 4437 668 4508 pressiones
704 4434 914 4501 multae,
951 4441 1005 4488 et
1039 4432 1132 4502 qui
1164 4430 1356 4486 multis
1376 4432 1662 4503 discipulis
1685 4448 1934 4487 commu-

2041 1965 2324 2039 θήρατρα,
2377 1970 2445 2023 τά
2484 1970 2548 2042 δὴ
2598 1972 2904 2045 λεγόμενα,
2963 1975 3059 2030 καὶ
3107 1977 3343 2048 ἐχόμενα
3384 1979 3616 2049 τρίδουο

2039 2056 2320 2111 τεθείκασι
2378 2060 2675 2116 σκάνδαλα.
2733 2063 2809 2115 Ού
2866 2063 2974 2134 μὴν
3023 2064 3161 2118 ἀλλὰ
3221 2067 3316 2120 καὶ
3389 2069 3623 2140 μερικὰς

2038 2150 2462 2225 δογματίζοντες
2495 2152 2707 2217 οὐσίας,
2748 2155 2810 2208 τὸ
2843 2156 2946 2225 τῆς
2980 2157 3294 2228 οἰκονομίας
3329 2160 3622 2230 συγχέουσι

2043 2242 2342 2313 μυστήριον
2358 2239 2405 2299 ἀ.
2439 2237 2539 2297 Ὧν
2567 2244 2842 2299 διαλαϐεῖν
2881 2246 2939 2302 ὲν
2965 2249 3205 2320 ἐπιτομῇ
3227 2249 3327 2320 τὴν
3359 2251 3623 2306 ἀσέϐειαν

2040 2332 2408 2404 ἐλογισάμεθα
2438 2333 2590 2399 δεῖν,
2638 2337 3005 2409 παρενθέντες
3067 2341 3162 2396 καὶ
3209 2341 3382 2412 μικρὰ
3433 2343 3625 2413 σχόλια

2041 2424 2178 2494 πρὸς
2227 2426 2458 2497 ἑλεγμὸν
2508 2430 2606 2498 τῆς
2658 2429 2824 2483 ἀθέου
2887 2432 3069 2485 αὐτῶν
3125 2433 3223 2486 καὶ
3285 2436 3624 2506 παμμιαρᾶς

2040 2517 2334 2588 αἱρέσεως.
2369 2518 2475 2573 Τοῦ
2529 2521 2910 2592 προασπιστοῦ
2940 2523 2998 2578 δὲ
3046 2524 3225 2579 αὐτῶν
3258 2526 3530 2590 Ἰωάννου,
3561 2529 3624 2581 ἑν

2040 2601 2124 2670 οἷς
2154 2607 2390 2677 μάλιστα
2439 2611 2830 2682 ἑναϐρύνονται
2853 2654 2869 2681 ,
2916 2615 2988 2670 τά
3031 2616 3299 2688 δόγματα,
3333 2617 3537 2689 μᾶλλον
3561 2619 3622 2672 δὲ

2041 2696 2179 2770 ληρή
2188 2717 2356 2770 ματα,
2396 2704 2810 2776 παραθήσομαι.

2037 2833 2180 2904 Περὶ
2211 2836 2471 2914 φροςεως,
2496 2838 2594 2891 καί
2625 2841 3044 2914 ὑποστᾴσεως,
3068 2845 3229 2910 ὅπως
3255 2849 3308 2900 οἱ
3335 2846 3406 2898 ἐκ
3427 2848 3622 2914 Σευῆ-

2103 2923 2219 2986 ,ορυ
2242 2905 2583 2986 δοξάζουσι,
2627 2911 2732 2986 καί
2764 2910 2891 2986 ,πῶς
2923 2905 3040 2980 τάξ
3065 2905 3316 2983 μεριὲιὰς
3342 2905 3621 2986 δογματί-

2114 2974 2324 3056 {auctr
2368 2979 2622 3056 οὐςίας,
2695 2974 2972 3056 ’ζωάνᾶοου
3008 2974 3465 3056 Τρᾰμμαξικοιῗ
3497 2991 3622 3056 Τρι-

2113 3047 2330 3121 delt-0v,
2370 3048 2475 3121 τοῦ
2510 3049 2840 3118 λεγομένου
2875 3047 3239 3121 Φιλοπὸνοῦ,
3293 3057 3361 3110 ἐκ
3405 3047 3620 3110 τοῦ⁷ὅ⁹

2107 3117 2296 3185 ,λόγου
2333 3117 2441 3172 τοῦ
2487 3137 2505 3170 ς
2539 3117 2666 3174 Atat
2706 3121 2812 3176 τοῦ
2835 3133 2878 3177 ο.
2918 3141 2936 3175 ι

2119 3229 2176 3284 '0
2226 3229 2335 3302 γὰρ
2371 3233 2548 3297 κοινὸς
2601 3236 2696 3288 καὶ
2745 3236 2979 3291 καθόλου
3029 3239 3129 3310 τῆς
3172 3238 3268 3293 τοῦ
3320 3239 3616 3312 ἀνθρώπου

2035 3322 2250 3394 φύσεως
2284 3325 2464 3393 λόγος,
2505 3330 2554 3381 εί
2591 3329 2686 3382 καὶ
2719 3331 2884 3394 αύτὸς
2913 3333 3036 3385 καθ’
3069 3333 3276 3386 ἑαυτὸν
3313 3330 3395 3396 εἷς
3443 3337 3614 3399 ἑστιν,

2033 3416 2148 3470 ἀλλ’
2181 3412 2276 3470 οὖν
2307 3418 2364 3470 ὲν
2396 3419 2614 3484 πολλοῖς
2651 3421 3036 3493 ὑποκειμένοις
3074 3423 3362 3494 γινόμενος
3387 3463 3402 3487 ,
3444 3425 3618 3481 πολλὰ

2031 3509 2267 3578 γίνεται,
2301 3510 2618 3584 ὁλοκλήρως
2645 3517 2704 3568 ἑν
2740 3517 2985 3586 ἑκάστῳ,
3017 3519 3114 3571 καὶ
3141 3519 3240 3570 οὐκ
3270 3518 3380 3572 ἀπὸ
3413 3518 3620 3589 μέρους

2033 3605 2316 3677 ὑπάρχων.
2350 3609 2564 3681 Ὥσπερ
2600 3611 2697 3664 καὶ
2730 3612 2760 3665 6
2790 3612 2848 3665 ἑν
2887 3613 2965 3682 τῷ
2995 3613 3261 3684 ναυπηγῷ
3293 3613 3392 3668 τοῦ
3425 3615 3618 3668 πλοίου

2031 3696 2209 3765 λόγος,
2248 3693 2330 3762 εἷς
2377 3699 2456 3752 ὢν
2494 3701 2847 3771 πληθύνεται,
2889 3707 2949 3758 ἑν
2983 3705 3197 3766 πολλοῖς
3229 3705 3620 3775 ὑποκειμένοις

2032 3788 2336 3858 γινόμενος.
2371 3789 2557 3854 Οὕτως
2587 3792 2643 3845 δὲ
2687 3795 2781 3847 καὶ
2812 3794 2872 3848 τὸ
2902 3797 2962 3849 ἑν
3002 3796 3080 3867 τῷ
3121 3796 3429 3868 διδασκάλῳ
3475 3796 3618 3850 θεώ-

2035 3895 2208 3948 ρημα,
2249 3879 2308 3932 ἑν
2339 3879 2398 3933 ὂν
2438 3880 2519 3952 τῷ
2563 3882 2678 3954 ἰδίῳ
2707 3883 2871 3956 λόγῳ,
2903 3887 3032 3939 ὅταν
3062 3887 3120 3940 ἑν
3149 3888 3262 3950 τοῖς
3293 3887 3621 3958 διδασκομέ-

2031 3988 2144 4034 νοις
2176 3973 2411 4040 γίνεται,
2448 3975 2896 4046 συμπληθύνεται
2924 3979 3129 4042 αὐτοῖς,
3159 3979 3279 4034 ὅλον
3310 3981 3368 4033 ἑν
3398 3981 3622 4052 ἑκάστῳ

2032 4065 2338 4133 γινόμενον.
2370 4065 2602 4135 Προσέτι
2629 4067 2686 4118 δὲ
2711 4069 2806 4122 καὶ
2837 4070 2865 4121 6
2895 4070 2954 4123 ὲν
2996 4070 3073 4140 τῷ
3108 4070 3381 4143 δακτυλίῳ
3420 4073 3613 4138 τύπος,

2033 4147 2110 4216 εἷς
2144 4153 2240 4220 ὢν,
2268 4155 2326 4206 ἐν
2359 4156 2603 4211 πλείοσιν
2631 4159 2952 4229 ἐκμαγείοις
2982 4161 3104 4226 ὅλος
3133 4165 3191 4217 ἑν
3220 4163 3438 4235 ἑκάστῳ
3468 4167 3621 4233 γινόο

2037 4262 2221 4314 μενος,
2271 4246 2443 4300 πολλὰ
2477 4248 2666 4302 λοιπόν
2705 4251 2822 4304 ἐστί
2858 4270 2918 4305 τε
2957 4255 3050 4307 καὶ
3079 4254 3318 4324 λέγεται.
3353 4258 3516 4310 Ὥστε
3545 4259 3618 4312 τά

2035 4335 2206 4389 πολλὰ
2244 4337 2435 4404 πλοῖα,
2487 4341 2584 4394 καὶ
2616 4341 2668 4393 οἱ
2698 4341 2886 4396 πολλοὶ
2920 4343 3229 4416 ἅνθρωποι,
3281 4347 3376 4400 καὶ
3416 4350 3484 4400 τὰ
3521 4352 3617 4403 ἑκ-

2039 4432 2240 4496 μαγεῖα
2269 4429 2340 4483 τὰ
2374 4431 2566 4494 πολλὰ,
2604 4435 2698 4487 καὶ
2743 4435 2810 4488 τά
2860 4437 2918 4490 ἐν
2951 4441 3062 4501 τοῖς
3099 4439 3311 4492 πλείοσι
3344 4441 3618 4512 μαθηταῖς

344 4531 606 4585 nicantur
639 4536 963 4596 conceptus,
1015 4539 1251 4580 numero
1288 4523 1508 4594 quidem
1540 4525 1594 4579 in
1632 4525 1932 4580 individuis

2047 4521 2316 4623 νοήματα,
2347 4526 2462 4588 τοῖς
2499 4525 2597 4596 μὲν
2642 4527 2866 4597 ἀτόμοις
2917 4530 3142 4584 πλείονα
3174 4533 3433 4602 τυγχάνει
3474 4537 3620 4590 κατὰ

345 4623 506 4693 plura
565 4628 718 4685 sunt,
777 4628 946 4688 atque
973 4618 1176 4681 divisa,
1219 4633 1327 4672 non
1363 4618 1552 4684 unita;
1583 4619 1775 4688 specie
1803 4634 1934 4673 vero

343 4709 662 4775 communi,
704 4708 864 4763 tnulti
917 4707 1172 4762 homines
1227 4722 1398 4761 unum
1455 4707 1824 4772 constituunt,
1884 4715 1938 4762 et

343 4802 530 4857 multa:
577 4815 771 4864 naves,
825 4815 1031 4866 unam;
1067 4798 1388 4870 pariterque
1427 4807 1732 4867 conceptus
1769 4807 1939 4868 atque

343 4892 515 4948 etiam
567 4892 964 4963 expressiones
1027 4891 1316 4946 identitate
1361 4891 1618 4962 imaginis
1668 4893 1936 4946 unitatem

345 4979 552 5034 habent
616 4997 630 5034 :

344 5070 458 5125 sint
503 5077 559 5126 et
613 5068 842 5138 divisa,
895 5068 1200 5125 secundum
1255 5069 1402 5124 aliud
1458 5087 1610 5138 vero,
1677 5072 1830 5127 unita
1880 5081 1935 5127 et

345 5173 539 5213 unttm.

412 5249 620 5306 Adhaec
647 5250 908 5321 quamvis
942 5249 1229 5306 continuis
1273 5266 1415 5321 Saepe
1446 5269 1737 5308 numerum
1771 5257 1933 5310 attri-

2040 4610 2128 4664 τὸν
2160 4613 2432 4684 ἀριθμὸν,
2484 4616 2581 4670 καὶ
2625 4619 2801 4673 ταῦτα
2833 4621 3142 4694 διῃρημένα
3190 4625 3346 4690 ἐστὶ,
3396 4628 3491 4680 καὶ
3519 4631 3621 4700 οὐχ

2044 4707 2314 4776 ἡνωμένα.
2363 4708 2453 4780 Τῷ
2509 4711 2672 4783 κοινῷ
2715 4714 2770 4766 δὲ
2824 4715 2954 4768 εἴδει
3001 4719 3051 4769 οἱ
3101 4718 3290 4772 πολλοὶ
3339 4720 3620 4790 ἄνθρωποι

2044 4792 2126 4861 εἷς
2151 4800 2502 4868 τυγχάνουσι,
2534 4803 2628 4856 καὶ
2657 4803 2725 4856 τά
2757 4805 2928 4860 πολλὰ
2965 4808 3126 4862 πλοῖα
3156 4809 3235 4872 ἓν,
3275 4811 3372 4864 καὶ
3400 4814 3469 4865 τὰ
3497 4815 3622 4884 νοήο

2045 4906 2192 4960 ματα
2216 4891 2273 4945 δὲ
2303 4892 2588 4960 ὡσαύτως,
2614 4897 2711 4950 καὶ
2739 4895 2808 4950 τὰ
2837 4900 3110 4970 ἐκμαγεῖα
3133 4902 3191 4955 ἑν
3212 4905 3278 4972 τῇ
3304 4905 3620 4976 ταυτότητι,

696 4980 835 5035 adeo
905 4986 965 5033 ut
1028 4979 1123 5032 illa
1184 4978 1488 5033 secundum
1560 4979 1710 5034 aliud
1770 4982 1934 5035 multa

2047 4989 2137 5040 τοῦ
2168 4988 2566 5061 ἑκτυπώματος
2589 4994 2649 5046 τὸ
2688 4994 2745 5049 ἓν
2785 4994 3019 5065 ἔχουσιν.
3057 4997 3222 5051 Ὥστε
3252 4999 3460 5062 ταῦτα,
3497 5002 3624 5053 κατ’

2041 5076 2172 5131 ἄλλο
2221 5078 2322 5149 μὲν
2372 5080 2542 5136 πολλά
2588 5085 2703 5138 ἑστι
2736 5087 2832 5139 καὶ
2872 5085 3211 5159 διῃρημένα,
3252 5094 3374 5145 κατ’
3404 5091 3534 5146 ἄλλο
3565 5093 3625 5146 δὲ

2043 5169 2300 5238 ἡνωμένα
2334 5173 2427 5224 καί¹
2456 5173 2534 5226 ἓν.

2127 5261 2284 5315 Ἀλλὰ
2331 5263 2430 5316 κᾶν
2465 5267 2560 5318 ἐπὶ
2615 5268 2723 5321 τῶν
2772 5271 3011 5341 συνεχῶν
3065 5274 3327 5341 πολλάκις
3362 5278 3629 5350 φέρωμεν

1614 5429 1849 5485 VARle
1883 5431 2292 5491 LECTIONES.

415 5537 713 5637 ῑεξεξξὶιὲι
733 5538 1259 5637 ’ἓξὶςὲιῖῖεετξὲἒεεῑσςλς
1392 5545 2205 5637 ιξιιιοιςεξιςεῑξῖξέττῖαὲτῆς-
2233 5550 2400 5637 Vetus
2435 5554 2664 5637 interor-
2693 5570 2821 5616 ιιιηο
2845 5561 2897 5615 in
2931 5562 3088 5633 ipsis.
3169 5576 3190 5604 ι
3221 5567 3287 5621 n.
3316 5570 3438 5622 cod.
3458 5570 3624 5637 esus.
3695 5593 3700 5596 -

349 5623 454 5690 quo
473 5609 735 5690 gotteler.
754 5626 890 5690 usus
906 5620 990 5664 est
1012 5627 1216 5690 sequor
1245 5629 1256 5665 :
1279 5609 1508 5690 aliia'e'n"
1533 5615 1653 5690 όλὲθ
1663 5633 1740 5684 ρῳ
1765 5617 1971 5690 ἑαυτῷν
1990 5609 2224 5689 ἐχόμενα
2245 5621 2454 5690 τρίϐου.
2531 5625 2558 5664 d

2589 5627 2720 5706 Quae
2742 5627 3050 5702 sequuntur
3076 5649 3250 5706 usque
3277 5640 3343 5693 ad
3374 5627 3626 5696 htrrrsiui

1474 5677 1728 5772 cabinet,
1747 5697 1804 5767 ut
1844 5698 1897 5742 et
1925 5677 2221 5772 Vaticanus
2245 5677 2404 5772 ίἱὸ2,
2434 5710 2534 5749 nec

344 5749 503 5801 vinus
538 5745 590 5800 in
628 5747 924 5814 Apparatu.

1009 5751 1542 5840 LSicJetnendoex.
1571 5755 1888 5840 Possevino,
1919 5761 2035 5840 iqtti
2101 5751 2421 5840 posui_t,._ea:
2473 5751 3629 5840 serinahé‘giiiiﬁé."ﬁliani};;,.iml_i;,_m;

338 5814 588 5872 occurrit
613 5817 761 5890 quod
795 5817 1078 5888 Dialogum
1115 5821 1317 5876 referat
1351 5840 1364 5876 :
1398 5825 1491 5880 sed
1530 5814 1932 5883 interciderunt
1959 5814 2140 5900 'parv'a
2185 5814 2420 5900 scholia,
