3962 6320
290 464 399 533 745

1487 446 1586 510 DE
1621 438 2081 508 HIERESIBUS
2119 440 2374 502 LIBER.

3453 429 3559 494 746

289 581 381 633 τὸν
402 574 660 649 ἀριθμὸν,
689 570 783 624 δύο
810 566 945 639 φέρε
973 565 1196 637 πήχεων
1225 557 1365 616 εἶναι
1399 560 1457 613 τὸ
1490 559 1645 624 ξύλον
1676 557 1869 626 λέγον-
1902 588 1911 614 λ

2016 566 2244 621 uamus;
2280 567 2331 603 ν.
2374 565 2454 618 gr.
2490 548 2620 601 dum
2659 546 2921 609 dicimus,
2969 544 3207 600 duorum
3242 541 3560 599 cubitorum

292 691 404 737 τες,
428 669 565 723 ἀλλὰ
590 664 821 733 δυνάμει
848 659 943 714 δύο
974 657 1156 728 φαμὲν
1210 651 1349 709 εἶναι
1386 653 1445 706 τὸ
1476 651 1558 716 ἓν,
1589 652 1689 703 οὑκ
1719 653 1874 719 ἐνερ-

291 762 435 834 γείᾳο
492 758 617 811 ἐπεὶ
657 755 718 808 τό
758 769 824 823 γε
853 753 912 805 ἓν
940 752 1091 803 ἐστιν
1119 745 1393 817 ἐνεργείᾳ,
1434 745 1531 798 καὶ
1560 743 1622 795 οὑ
1647 741 1742 795 δύο
1769 757 1781 771 '
1817 739 1880 793 τὸ

290 857 348 909 δὲ
395 850 657 907 δύνασθαι
691 847 866 918 τομὴν
914 843 1185 914 ὑπομένον
1217 839 1311 894 δύο
1356 835 1649 907 γενέσθαι,
1704 834 1878 905 ταύτῃ

294 947 472 1029 φαμὲν
506 944 600 998 δύο
628 940 792 995 τινῶν
826 935 994 991 εἶναι.

901 1131 1154 1185 ΚΕΦΑΛ.
1191 1131 1267 1185 Z'.

793 1226 890 1277 Ἐκ
927 1224 1035 1278 τοῦ
1072 1222 1401 1290 διαιτητοῦ.

374 1317 641 1389 Ἔϐδομός
672 1318 789 1369 ἐστι
815 1315 834 1354 ί
868 1315 1049 1383 λόγος,
1091 1316 1139 1381 ὁ,
1174 1314 1232 1380 se
1261 1308 1335 1367 ὧν
1363 1313 1412 1366 οἱ
1441 1310 1705 1365 τάναντία
1744 1326 1884 1380 πρε·-

304 1412 589 1473 σϐεύοντες
661 1408 1045 1471 ὑποτίθενται,
1112 1408 1214 1477 τὴν
1273 1406 1413 1459 ἰδίαν
1468 1402 1887 1475 ὲπισφραγίζων

302 1505 588 1577 ἀλήθειαν.
633 1502 739 1555 Δύο
783 1498 894 1573 γὰρ
946 1499 1085 1555 εἶναι
1120 1500 1219 1564 τὰς
1266 1498 1362 1553 τοῦ
1408 1496 1647 1571 Χριστοῦ
1695 1496 1889 1566 φύσεις

303 1597 708 1668 ὑποτιθέμενοι,
753 1596 884 1667 μίαν
912 1592 1080 1649 αὑτοῦ
1128 1594 1224 1647 καὶ
1270 1592 1437 1664 μόνην
1472 1589 1717 1657 ἀξιοῦσιν
1746 1585 1888 1643 εἶναι

303 1692 402 1759 τὴν
433 1690 755 1751 ὑπόστασιν,
793 1687 962 1757 ἤγουν
993 1685 1305 1757 πρόσωπον’
1343 1683 1545 1755 ὁμοίως
1576 1684 1888 1737 ἀποσκευαο

305 1781 525 1853 ζόμενοι
568 1781 693 1842 τοὺς
735 1778 768 1850 ἢ
823 1780 951 1849 μίαν
998 1774 1271 1848 εἶναιτὴν
1305 1775 1401 1830 τοῦ
1440 1774 1681 1847 Χριστοῦ
1726 1775 1889 1843 φύσιν

310 1873 449 1945 μετὰ
473 1869 571 1944 τὴν
596 1873 815 1935 ἕνωσιν,
849 1871 881 1942 ἢ
915 1871 1007 1924 δύο
1037 1869 1227 1924 τούτου
1254 1870 1354 1934 τὰς
1383 1870 1713 1933 ὑποστάσεις
1753 1886 1889 1940 πρε-

1983 645 2190 715 lignum
2228 658 2384 706 esse;
2433 647 2673 693 attamen
2725 638 2872 709 quod
2926 652 3094 691 unum
3133 646 3240 699 est,
3272 636 3389 689 duo
3441 650 3566 691 esse

1982 734 2412 807 pronuntiamus
2468 732 2698 794 virtute,
2751 744 2861 784 non
2907 736 3032 783 actu
3068 750 3080 784 :
3113 727 3567 798 quandoquidem

1984 842 2152 883 unum
2199 832 2284 881 est
2331 834 2477 889 actu,
2515 838 2623 878 non
2674 824 2810 877 duo.
2857 821 2999 888 Quia
3042 837 3174 878 vero
3212 837 3310 892 per
3363 820 3570 876 sectio-

1985 934 2107 975 nem
2153 918 2265 973 duo
2304 917 2418 971 lieri
2469 912 2673 988 potest,
2722 916 2845 971 ideo
2893 913 3131 971 dicimus
3170 930 3294 971 esse
3333 915 3569 971 duarum

1986 1026 2178 1066 mensn
2189 1025 2395 1065 rarum.

2636 1122 2789 1178 CAP.
2816 1122 2931 1177 VII.

2604 1214 2687 1269 Ex
2736 1216 2961 1270 arbitro.

2062 1310 2341 1382 Septimus
2378 1323 2561 1365 sermo
2601 1309 2730 1372 erit,
2760 1323 2870 1379 quo
2904 1324 2973 1363 ex
3006 1307 3076 1364 iis
3102 1320 3226 1379 quze
3256 1316 3579 1379 supponunt

1994 1406 2071 1461 illi
2107 1406 2198 1477 qui
2232 1403 2511 1461 contraria
2539 1403 2805 1469 sentiunt,
2839 1404 3048 1460 veritas
3096 1405 3403 1461 muniatur.
3440 1404 3578 1460 Cum

1990 1498 2137 1552 enim
2188 1497 2327 1551 duas
2364 1510 2489 1551 esse
2520 1496 2728 1551 Christi
2764 1504 2995 1550 naturas
3044 1506 3383 1566 supponunt,
3414 1513 3580 1551 unam

1991 1598 2045 1645 et
2069 1589 2243 1645 solam
2277 1588 2452 1658 ipsius
2473 1602 2597 1643 esse
2620 1588 2931 1642 concedunt
2960 1587 3301 1660 bypostasim
3328 1604 3422 1643 seu
3458 1605 3584 1660 per-

1994 1698 2186 1738 sonam
2225 1680 2546 1736 :consimili
2580 1682 2817 1746 ratione,
2856 1688 2909 1735 et
2958 1695 3216 1752 peraeque
3261 1682 3586 1751 rejieicntes

1993 1788 2111 1835 eos,
2142 1772 2235 1843 qui
2270 1788 2435 1827 unam
2468 1770 2673 1827 Christi
2708 1780 2962 1826 naturam
2996 1783 3121 1843 post
3154 1774 3438 1842 unionem,
3466 1782 3585 1831 tum

1994 1868 2160 1919 etiam
2199 1864 2329 1920 illos
2363 1865 2456 1934 qui
2486 1863 2627 1919 duas
2658 1862 2711 1918 in
2741 1879 2808 1919 eo
2851 1865 3179 1936 hypostases
3223 1866 3585 1923 conﬁtentur.

310 1927 623 2026 o6auovrag.
691 1927 881 2015 Ἀλλὰ.
918 1962 1050 2031 πρὶν
1113 1964 1194 2025 είς
1249 1927 1376 2024 τους
1421 1927 1709 2031 ἐλέγχους⁷
1743 1927 1891 2031 ἡμᾶς

2016 1954 2198 2010 Verum
2257 1956 2577 2026 priusquam
2627 1927 2975 2028 hypotbesim
3031 1956 3196 2012 istam
3245 1959 3588 2023 refellamus,

309 2056 569 2128 ἐμϐαλεῖν
595 2054 803 2127 ταύτης
833 2055 932 2124 τῆς
955 2053 1291 2118 ὑποθέσεως,
1322 2044 1546 2123 εὔλογον
1577 2049 1733 2131 οἶμαι
1763 2053 1895 2123 πρό-

311 2164 469 2218 τερον
524 2145 918 2217 ἀφορίσασθαι,
951 2145 1006 2198 τί
1061 2147 1163 2217 μὲν
1210 2144 1272 2198 τὸ
1302 2145 1403 2216 τῆς
1445 2144 1662 2213 φύσεως
1709 2146 1743 2217 ἠ
1787 2144 1895 2197 τῶν

323 2236 664 2308 Ἐκκλησιῶν
709 2237 1030 2291 διδασκαλία
1078 2237 1369 2308 σημαίνειν
1404 2236 1657 2307 βούλεται
1682 2236 1854 2306 ὄνομα
1879 2250 1893 2266 ’

310 2330 365 2383 τί
392 2330 450 2383 δε
479 2330 540 2384 τὸ
579 2328 672 2383 τοῦ
709 2327 1009 2401 προσώπου
1038 2329 1134 2382 καὶ
1163 2328 1263 2399 τῆς
1309 2328 1682 2391 ὑποστάσεως.
1731 2326 1900 2380 Φύσιν

317 2419 417 2488 μὲν
446 2413 539 2470 οῦν
568 2413 710 2470 εἶναι
744 2418 940 2481 οἴεται,
971 2416 1065 2470 τὸν
1090 2417 1273 2470 κοινὸν
1294 2415 1390 2470 τοῦ
1427 2413 1569 2470 εἶναι
1596 2416 1756 2485 λόγον
1786 2415 1896 2468 τῶν

313 2509 413 2578 τῆς
440 2508 611 2578 αὑτῆς
649 2507 986 2578 μετεχόντων
1016 2506 1229 2572 οὐσίας,
1261 2507 1338 2571 ὡς
1360 2505 1650 2579 ἀνθρώπου
1678 2506 1899 2570 παντὸς,

314 2600 379 2650 τό
413 2597 552 2663 ζῶον
580 2597 821 2666 λογικὸν,
854 2597 1072 2668 θνητὸν,
1111 2597 1203 2651 νοῦ
1243 2597 1337 2651 καὶ
1383 2599 1695 2670 ἐπιστήμης
1724 2598 1902 2651 δεκτι-

317 2690 435 2745 κόν.
468 2689 656 2760 Τούτῳ
681 2690 789 2759 γὰρ
809 2688 987 2751 οὐδεὶς
1010 2687 1316 2760 ἀνθρώπων
1351 2690 1678 2761 διενήνοχεν.
1701 2682 1903 2743 Ούσῖαν

318 2781 378 2834 δὲ
418 2781 511 2834 καὶ
539 2780 703 2849 φύσιν
732 2782 811 2841 είς
840 2779 1037 2833 ταυτὸν
1080 2779 1202 2847 ἄγει
1229 2796 1242 2810 ·
1286 2780 1593 2834 ὑπόστασιν
1621 2780 1699 2845 δὲ,
1735 2780 1905 2850 ἤγουν

320 2876 617 2946 πρόσωπον
643 2916 658 2942 ,
710 2873 811 2944 τὴν
858 2872 1228 2927 ίδιοσύστατον
1272 2874 1373 2939 τῆς
1420 2873 1659 2949 ἑκάστης
1692 2873 1906 2943 φύσεως

323 2963 582 3036 ὓπαρξιν,
612 2966 729 3029 καὶ,
767 2965 834 3018 ἵν’
866 2963 1043 3028 οὑτως
1074 2965 1235 3029 εἴπω,
1271 2964 1643 3037 περιγραφὴν,
1687 2965 1747 3030 ἐξ
1785 2965 1909 3019 ἰδιο-

320 3058 507 3130 τὴτων
538 3057 705 3112 τινῶν
734 3058 1106 3129 συγκειμένην
1132 3098 1146 3122 ,
1195 3057 1319 3110 καθ’
1363 3056 1429 3121 ἃς
1454 3057 1701 3128 ἀλλήλων
1730 3060 1779 3112 οἱ
1810 3060 1911 3129 τῆς

325 3152 498 3222 αὐτῆς
528 3150 993 3221 κεκοινωνηκότες
1030 3149 1247 3218 φύσεως
1278 3148 1599 3221 διαφέρουσι
1620 3166 1634 3181 ο
1661 3149 1754 3203 καὶ
1783 3166 1911 3202 συν-

1972 2063 2180 2118 opera:
2212 2048 2449 2117 pretium
2481 2048 2740 2102 existimo
2769 2048 2922 2118 prius
2950 2046 3183 2104 delinire
3213 2050 3346 2119 quid
3397 2048 3592 2105 Eccle-

1999 2141 2210 2195 siarum
2232 2138 2482 2192 doctrina
2503 2154 2600 2209 per
2618 2148 2830 2194 natura:
2843 2154 3067 2207 nomen,
3087 2142 3215 2211 quid
3233 2158 3329 2213 per
3342 2157 3593 2213 persona:

1999 2240 2053 2286 et
2102 2231 2420 2303 bypostasis
2472 2230 2705 2286 indicari
2749 2232 2902 2286 velit.
2941 2232 3129 2304 Itaque
3165 2242 3422 2289 naturam
3469 2251 3595 2291 esse

2002 2331 2217 2387 censet,
2255 2335 2609 2376 communem
2671 2321 2940 2397 rationem
2996 2338 3106 2392 qua
3161 2335 3294 2379 sunt
3357 2340 3420 2379 ca
3472 2342 3595 2395 qua:

2002 2411 2251 2469 eamdem
2313 2410 2649 2482 participant
2704 2411 3045 2478 essentiam;
3088 2426 3144 2467 ν.
3192 2429 3275 2485 gr.
3304 2414 3596 2485 ,eujusque

2002 2502 2244 2558 hominis
2260 2510 2460 2556 natura
2480 2510 2586 2565 est,
2612 2498 2814 2555 animal
2843 2502 3125 2568 rationale,
3144 2505 3395 2569 mortale,
3429 2504 3597 2560 intel-

2003 2596 2246 2665 ligentia:
2293 2610 2358 2649 ac
2402 2593 2711 2664 disciplinae
2752 2608 2947 2664 capax.
2996 2593 3052 2650 In
3087 2596 3191 2652 hoc
3224 2598 3370 2652 enim
3413 2600 3598 2653 nullus

2008 2688 2295 2742 hominum
2328 2689 2397 2743 ab
2433 2687 2542 2743 alio
2578 2687 2963 2757 distinguitur.
2991 2688 3301 2745 Essentiam
3332 2701 3515 2746 autem
3543 2706 3602 2747 et

2008 2787 2263 2833 naturam
2322 2793 2424 2849 pro
2474 2778 2672 2834 eodem
2732 2779 2945 2833 sumit:
2992 2787 3047 2845 at
3095 2780 3463 2852 hypnstasim,
3500 2798 3597 2838 seu

2008 2886 2345 2943 personam,
2376 2884 2503 2925 esse
2550 2870 2715 2925 docet
2761 2879 2976 2925 naturze
3016 2871 3291 2944 cujusque
3321 2876 3603 2931 exsisten-
3700 2860 3705 2863 ’

2010 2966 2142 3020 tiam
2173 2965 2962 3036 singulariterconsistentem,
2995 2973 3184 3038 atque,
3218 2975 3276 3022 ut
3298 2968 3371 3023 ita
3397 2969 3601 3035 dicam,

2012 3059 2596 3128 circumscriptionem
2652 3074 2720 3115 ex
2774 3058 3109 3131 quibusdam
3168 3064 3605 3132 proprietatibus

2014 3152 2397 3215 constitutam,
2443 3149 2751 3207 secundum
2798 3166 2939 3221 quas
2970 3151 3047 3206 illi
3080 3167 3110 3205 a
3143 3166 3203 3208 se
3232 3154 3467 3211 invicem
3502 3154 3608 3210 dif-

325 3244 509 3313 τόμως
545 3242 759 3306 εἰπεῖν,
793 3241 937 3312 ἆπερ
992 3239 1173 3311 ἄτομα
1230 3238 1665 3312 προσαγορεύειν
1704 3242 1817 3301 τοῖς
1848 3238 1911 3290 ἐκ

2021 3242 2227 3310 ferunt,
2284 3243 2380 3314 qui
2445 3258 2796 3298 communem
2850 3244 3099 3301 obtinent
3154 3254 3446 3313 naturam,
3499 3265 3608 3302 uno

325 3334 424 3390 τοῦ
454 3333 769 3405 Περιπάτου
800 3332 951 3402 φίλον
972 3347 987 3362 ο
1026 3331 1085 3385 ὲν
1114 3325 1195 3394 οἷς
1222 3333 1256 3401 ὴ
1292 3330 1400 3385 τῶν
1430 3330 1624 3386 κοινῶν
1649 3327 1826 3399 γενῶν
1856 3345 1915 3382 τε

328 3429 427 3484 καὶ
455 3426 611 3481 εἰδῶν
635 3425 971 3497 ἀποτελευτᾷ
1002 3424 1298 3496 διαίρεσις.

406 3608 593 3663 Ταῦτα
628 3608 677 3661 οἱ
719 3607 820 3677 τῆς
859 3604 1190 3675 Ἐκκλησίας
1227 3602 1536 3658 διδάσκαλοι
1570 3603 1916 3670 ὑποστάσεις,

330 3702 447 3756 ἱσθ¹
473 3702 563 3754 ὅτε
602 3700 659 3753 δὲ
698 3699 794 3752 καὶ
835 3698 1109 3770 πρόσωπα
1157 3696 1637 3768 προσηγόρευσαν.
1668 3694 1776 3748 Τοῦ
1811 3698 1921 3765 γὰρ

332 3792 479 3856 ζώου
507 3792 587 3854 εἰς
614 3789 673 3843 τὸ
698 3789 916 3857 λογικὸν
948 3786 1332 3859 διαιρουμένου
1365 3787 1460 3839 καὶ
1487 3774 1555 3838 re
1578 3784 1794 3851 ἄλογον,
1828 3783 1924 3837 καὶ

333 3882 432 3936 τοῦ
462 3878 686 3949 λογικοῦ
718 3879 881 3933 πάλιν
908 3878 987 3941 είς
1018 3876 1306 3947 ἄνθρωπον
1329 3915 1343 3941 ,
1387 3875 1481 3927 καὶ
1512 3873 1743 3943 ἄγγελον
1765 3913 1779 3937 ,
1830 3872 1924 3926 καὶ

332 3975 591 4045 δαίμονα,
632 3973 700 4026 τά
742 3974 821 4035 εἰς
867 3971 902 4025 ἆ
937 3968 1124 4023 λοιπὸν
1155 3968 1511 4036 ἐπιτέμνεται
1547 3967 1791 4037 ἐσχάτων
1818 3964 1925 4017 τῶν

338 4068 500 4123 εἱδῶν
527 4066 732 4121 τούτων
754 4066 1010 4129 ἕκαστον,
1035 4058 1145 4117 οἷον
1172 4061 1459 4131 ἄνθρωπος
1490 4059 1588 4131 μὲν
1616 4061 1695 4123 είς
1718 4058 1926 4129 Πέτρον

339 4163 438 4217 καὶ
467 4162 707 4217 Παῦλονο
753 4158 984 4228 ἄγγελος
1027 4156 1083 4209 δὲ
1123 4157 1200 4219 εἰς
1231 4153 1496 4226 Γαϐριὴλ,
1545 4153 1680 4224 φέρε
1722 4170 1803 4216 τε,
1835 4150 1929 4204 καὶ

341 4258 427 4319 εἱς
448 4255 686 4325 Μιχαὴλ,
711 4253 807 4307 καὶ
829 4252 937 4306 τῶν
965 4248 1171 4304 λοιπῶν
1201 4246 1447 4317 ἀγγέλων
1473 4248 1725 4310 ἕκαστον,
1750 4245 1930 4315 ἄτομα

343 4345 818 4420 προσαγορεύουσι
844 4387 859 4411 ,
908 4344 1043 4397 διότι
1086 4341 1161 4413 μὴ
1204 4336 1317 4395 οἷόν
1361 4358 1419 4393 τε
1450 4338 1658 4393 τούτων
1698 4339 1930 4391 ἕκαστον

343 4440 748 4511 ὑποτέμνεσθαι
772 4438 959 4493 λοιπὸν
983 4439 1062 4501 εἰς
1085 4436 1272 4508 ἕτερα,
1300 4434 1399 4506 τὴν
1429 4433 1559 4505 μίαν
1586 4429 1766 4485 αὑτῶν
1793 4427 1933 4499 μετὰ

341 4532 446 4604 τὴν
466 4533 641 4602 τομὴν
674 4530 836 4600 φύσιν
866 4527 1225 4591 διασώζοντα.
1267 4527 1334 4579 Ἢ
1368 4525 1467 4597 μὲν
1494 4524 1608 4595 γὰρ
1642 4524 1722 4586 εἰς
1750 4520 1931 4591 ψυχὴν

2018 3335 2189 3390 verbo
2217 3374 2233 3399 ,
2281 3349 2404 3405 quae
2438 3333 2720 3388 individua
2761 3349 2961 3391 vocare
3006 3337 3190 3391 solent
3233 3330 3607 3409 Peripatetici.

2022 3425 2077 3479 in
2108 3426 2312 3495 quibus
2351 3424 2731 3480 communium
2783 3439 3047 3496 generum
3077 3433 3133 3482 et
3170 3428 3481 3496 specierum
3511 3429 3609 3485 dc-

2023 3518 2149 3573 sinit
2182 3515 2404 3570 divisio.

2099 3608 2256 3678 103
2305 3608 2434 3663 Haec
2463 3607 2725 3664 Ecclesiae
2765 3607 3021 3665 doctores
3056 3610 3410 3681 hypostascs,
3445 3611 3612 3670 inter.

2024 3702 2268 3771 dumque
2310 3715 2581 3771 personas
2633 3711 2995 3757 vocaverunt.
3041 3700 3176 3757 Nam
3222 3719 3351 3759 cum
3409 3706 3612 3761 animal

2025 3794 2304 3850 dividatur
2329 3794 2387 3849 in
2420 3794 2693 3850 rationale
2713 3802 2767 3850 et
2793 3794 3140 3862 irrationale,
3162 3806 3218 3852 et
3250 3798 3524 3855 rationale
3555 3800 3610 3854 in

2026 3885 2335 3951 hominem,
2383 3885 2666 3955 angelum,
2704 3892 2761 3941 et
2806 3884 3133 3952 daemonem,
3166 3903 3231 3942 ea
3263 3890 3317 3943 in
3347 3904 3467 3959 qua!
3498 3890 3614 3946 sin-

2028 3978 2168 4049 gulae
2190 3992 2255 4033 ex
2290 3978 2413 4033 istis
2455 3977 2746 4048 speciebus
2774 3976 2977 4032 inlimis
3009 3987 3294 4046 secantur,
3329 3988 3389 4035 ut
3426 3982 3613 4047 homo,

2029 4074 2083 4126 in
2123 4069 2347 4126 Petrum
2394 4079 2448 4127 et
2496 4072 2748 4140 Paulum,
2794 4073 3047 4141 angelus,
3095 4073 3152 4128 in
3198 4072 3507 4130 Gabriclem
3561 4087 3616 4133 et

2031 4161 2355 4217 Michaelem
2381 4170 2728 4233 caeterosque
2764 4164 3015 4234 singulos
3043 4164 3290 4232 angelos,
3324 4162 3616 4220 individua

2032 4256 2353 4326 appellant;
2421 4256 2682 4326 quoniam
2741 4255 2858 4311 ﬁeri
2915 4271 3026 4311 non
3080 4264 3262 4327 potest
3308 4263 3369 4311 ut
3416 4257 3616 4312 horum

2032 4348 2293 4419 quodque
2337 4347 2452 4418 jam
2487 4348 2875 4405 subdividatur
2913 4350 2968 4404 in
3021 4350 3150 4417 alia,
3199 4366 3321 4422 qua:
3359 4358 3616 4406 naturam

2035 4455 2190 4495 suam
2246 4449 2368 4510 post
2426 4440 2755 4496 divisionem
2812 4451 3054 4497 servent.
3107 4441 3323 4499 Etenim
3377 4442 3619 4498 hominis

2035 4528 2236 4585 divisio
2268 4530 2323 4583 in
2352 4544 2555 4600 corpus
2594 4538 2650 4585 et
2692 4531 2930 4585 animam
2979 4532 3151 4588 totius
3190 4533 3451 4588 animalis
3479 4534 3621 4589 inte-

344 4625 445 4678 καὶ
471 4625 633 4694 σῶμα
659 4624 755 4678 τοῦ
790 4622 1081 4693 ἀνθρώπου
1110 4620 1397 4692 δίαίρεσις,
1430 4618 1525 4671 τοῦ
1558 4615 1761 4679 παντὸς
1791 4613 1911 4679 eum

2036 4622 2203 4675 ritum
2224 4619 2412 4675 ellicit.
2446 4621 2584 4677 llinc
2609 4636 2673 4677 ca
2700 4622 2886 4678 dicere
2917 4623 3204 4678 individua
3234 4623 3444 4693 placuit
3476 4624 3618 4680 illis.

344 4717 559 4788 φθορὰν
592 4717 909 4788 ἐργάζεται.
946 4712 1140 4768 Ἔνθεν
1167 4713 1345 4781 ἄτομα
1371 4708 1543 4763 ταῦτα
1572 4707 1758 4761 καλεῖν
1790 4704 1932 4758 ὲκεί-

344 4826 461 4871 νοις
490 4808 644 4877 ι,φίλον
670 4825 683 4839 ο
717 4805 1048 4868 ὑποστάσεις
1097 4805 1155 4858 δὲ
1193 4803 1260 4857 τὰ
1298 4801 1525 4856 τοιαῦτα
1558 4801 1586 4854 ὁ
1632 4797 1928 4869 ἐκκλησια-

347 4901 536 4965 στιλκδς
569 4900 820 4971 ὠνόμασε
845 4899 1024 4969 λόγος,
1061 4898 1199 4952 διότι
1230 4900 1287 4952 ἐν
1312 4896 1528 4959 τούτοις
1563 4894 1633 4950 τὰ
1672 4896 1807 4966 γένη
1839 4894 1935 4947 καὶ

345 4992 420 5046 τὰ
477 4993 591 5063 εἴδη
635 4992 903 5063 λαμϐάνει
942 4993 1041 5063 τὴν
1091 4989 1347 5061 ὕπαρξιν.
1393 4990 1459 5044 Et
1511 4988 1622 5060 γὰρ
1662 4988 1758 5043 καὶ
1804 4988 1936 5041 ἴδιον

346 5085 468 5155 ἔχει
496 5083 589 5137 τὸν
624 5083 719 5138 τοῦ
767 5080 906 5139 εἶναι
952 5084 1141 5152 λόγον,
1166 5082 1230 5136 τὸ
1267 5081 1429 5149 ζῶον,
1461 5081 1595 5152 φέρε
1619 5121 1633 5146 ,
1664 5082 1759 5135 καὶ
1784 5082 1812 5133 ὁ
1843 5079 1932 5133 ἄν·

349 5176 594 5247 θρωπος,
638 5168 713 5229 ὧν
744 5175 805 5228 τὸ
858 5175 959 5246 μέν
990 5178 1107 5229 ἐστι
1152 5174 1331 5243 γένος,
1365 5173 1429 5227 τὸ
1454 5173 1510 5226 δὲ
1540 5168 1700 5239 εἶδος,
1732 5173 1847 5226 ἀλλ’
1878 5174 1936 5226 ὲν

343 5274 469 5334 τοῖς
504 5271 729 5340 ἀτόμοις
758 5270 856 5343 τὴν
904 5270 1138 5340 ὓπαρξιν
1167 5269 1413 5340 ἔχουσιν,
1457 5262 1568 5322 οἷον
1600 5268 1795 5338 Πέτρῳ
1843 5268 1941 5321 καὶ

346 5363 577 5434 Παύλῳ,
612 5364 779 5435 χωρὶς
807 5362 1012 5416 τούτων
1057 5363 1159 5416 οὑκ
1201 5361 1567 5431 ὑφιστάμενα.
1606 5360 1671 5413 Τί
1722 5360 1820 5428 μὲν
1846 5354 1942 5413 οὖν

342 5457 657 5520 ὑπόστασίς
699 5459 840 5521 ἐστι,
873 5456 967 5510 καὶ
995 5455 1049 5507 τί
1084 5455 1246 5525 φύσις
1270 5496 1284 5522 ,
1322 5453 1465 5508 κατὰ
1494 5453 1594 5525 τὴν
1629 5452 1936 5525 ἐκκλησια-

340 5549 550 5622 στικὴν
581 5549 859 5623 ὑφήγησιν
896 5550 1147 5619 εἴπομεν.

2036 4714 2167 4769 llaec
2200 4723 2378 4769 autem
2403 4714 2591 4770 eadem
2616 4715 2685 4770 ab
2712 4716 3093 4772 ecclesiastica
3124 4716 3420 4787 disciplina
3448 4718 3625 4774 nomi-

2037 4814 2242 4862 nantur
2281 4805 2638 4878 liypostases;
2690 4809 2787 4879 qui
2827 4808 2879 4862 in
2914 4809 3050 4879 ipsis
3086 4824 3288 4879 genera
3318 4816 3375 4865 et
3405 4812 3621 4882 species

2038 4900 2419 4958 exsistentiam
2473 4901 2700 4958 habent.
2738 4902 3009 4969 Quamvis
3058 4904 3205 4959 enim
3236 4920 3324 4960 ex.
3365 4919 3449 4976 gr.
3496 4920 3625 4975 pro-

2040 4994 2214 5063 priam
2240 4993 2496 5048 essentiae
2528 4995 2799 5050 rationem
2831 4995 3074 5050 habeant
3108 4996 3315 5050 animal
3348 5004 3404 5051 et
3433 4996 3624 5062 homo,

2041 5102 2280 5158 quorum
2318 5087 2452 5141 illud
2484 5102 2660 5157 genus
2691 5088 2788 5153 sit,
2838 5087 2942 5143 hoc
2992 5089 3244 5159 species;
3284 5095 3522 5145 attamen
3566 5091 3625 5145 in

2044 5180 2348 5236 individuis
2379 5181 2674 5246 exsistunt,
2705 5178 2868 5235 Petro
2895 5181 3120 5251 inquam
3147 5220 3165 5245 ,
3196 5189 3250 5236 et
3278 5182 3473 5247 Paulo,
3505 5183 3630 5238 sine

2046 5273 2251 5345 quibus
2292 5287 2404 5328 non
2442 5272 2777 5328 subsistunt.
2822 5271 2965 5339 Quid
3014 5288 3148 5343 ergo
3193 5275 3266 5329 sit
3314 5274 3630 5345 hypostasis

2046 5366 2253 5437 quidve
2283 5374 2505 5431 natura,
2524 5364 2686 5435 juxta
2719 5363 2983 5422 Ecclesiae
3025 5367 3455 5437 expositionem,
3488 5367 3629 5423 disi-

2049 5472 2192 5512 mus.

1648 5750 1879 5808 VARIIE
1922 5747 2327 5807 LECTIONES.

439 5899 464 5942 ί
496 5898 565 5954 R.
605 5899 748 5955 allen
768 5898 941 5955 ἔστω.

690 6014 959 6075 ΡΑΤιιοι.
1002 6010 1120 6070 Gn.
1166 6007 1367 6071 XCIV.

3165 5996 3244 6058 ﬂ
