3962 6320
401 505 511 569 Ήτ

470 617 658 686 Itaque
693 614 783 668 illa
810 613 1048 670 hominis
1076 623 1273 669 natura
1308 612 1640 672 communis,
1669 609 1970 664 secundum
2002 612 2046 664 A

401 723 566 778 quam
606 705 789 777 quivis
830 706 996 759 homo
1044 707 1110 760 ab
1147 705 1258 759 alio
1301 703 1524 757 homine
1580 717 1689 756 non
1749 701 1929 755 diil‘ert
1957 740 1971 764 ,

401 799 528 852 dum
563 799 617 852 in
651 811 983 866 unoquoque
1015 797 1424 852 individuorum
1458 793 1699 858 exsistit,
1754 791 1972 860 propria

399 890 656 959 deinceps
687 889 790 958 ipsi
837 889 914 951 ﬁt,
956 889 1199 958 nullique
1237 886 1391 942 alteri
1423 885 1760 951 communis;
1785 894 1975 952 qttem-

402 980 696 1036 admodum
757 996 875 1051 cap.
925 980 959 1033 4
990 981 1310 1036 statuimus.
1359 976 1494 1032 Nam
1524 976 1668 1047 quod
1703 977 1757 1030 in
1785 989 1870 1030 me
1892 983 1976 1029 est

401 1070 607 1125 animal
640 1070 928 1135 rationale,
961 1070 1214 1135 mortale,
1247 1069 1452 1124 nemini
1486 1067 1644 1122 alteri
1675 1072 1762 1122 est
1819 1079 1974 1120 com-

402 1177 587 1216 mune.
611 1160 1132 1231 Certeimpossibile
1161 1177 1271 1216 non
1300 1169 1407 1226 est,
1439 1169 1497 1214 ut
1521 1159 1742 1212 homine
1765 1157 1972 1226 aliquo,

401 1252 518 1307 sive
567 1251 725 1315 hove,
789 1250 906 1306 sive
954 1267 1096 1322 equo
1157 1253 1436 1322 patiente,
1506 1250 1643 1304 nihil
1695 1249 1975 1320 patiantur

401 1341 646 1410 ejusdem
706 1340 910 1410 speciei
976 1341 1281 1396 individua.
1347 1339 1654 1411 Siquidem,
1706 1339 1976 1394 moriente

400 1425 594 1493 Paulo,
627 1430 742 1486 ﬁeri
791 1440 970 1502 potest
1006 1441 1064 1486 ut
1102 1441 1426 1488 cancrorum
1472 1431 1757 1486 hominum
1790 1431 1974 1484 nullus

402 1522 706 1586 moriatur;
741 1531 924 1592 atque,
960 1532 1221 1578 nascente
1261 1523 1446 1588 Petro,
1481 1524 1613 1578 etin
1651 1538 1834 1577 rerum
1879 1537 1974 1576 na-

400 1615 580 1664 turain
628 1610 797 1677 edito,
851 1611 1017 1665 futuri
1065 1621 1189 1682 post
1239 1613 1390 1668 illum
1429 1613 1681 1668 homines
1735 1611 1972 1666 nondum

403 1701 704 1774 exsistunt.
737 1702 908 1774 Igitur
944 1719 1285 1774 unaquaeque
1311 1711 1510 1758 natura
1538 1720 1647 1758 non
1683 1718 1794 1756 uno
1839 1701 1976 1756 dun-

402 1798 553 1842 taxat
585 1789 744 1845 modo
780 1791 986 1846 dicitur
1020 1794 1073 1846 id
1106 1793 1250 1864 quod
1298 1802 1402 1858 est,
1453 1793 1547 1848 sed
1601 1793 1827 1863 duplici.
1856 1793 1976 1847 Alio

399 1877 657 1946 quidem,
722 1881 769 1933 si
825 1881 1246 1938 consideremus
1299 1898 1646 1937 communem
1708 1884 1977 1953 cujusque

393 1975 608 2022 naturae
660 1969 949 2038 rationem,
1013 1973 1184 2042 ipsam
1237 1971 1292 2024 in
1343 1987 1402 2026 se
1453 1980 1791 2042 spectatam;
1845 1979 1973 2041 puta
2008 1953 2048 2007 Β

399 2069 652 2126 naturam
704 2063 967 2127 hominis,
1014 2074 1109 2118 aut;
1161 2065 1308 2134 equi,
1362 2066 1416 2118 in
1473 2064 1626 2118 nullo
1689 2063 1974 2118 individuo

399 2153 792 2220 cxsisteutem;
846 2155 1018 2208 altero
1074 2164 1254 2209 autem
1317 2155 1502 2219 modo,
1552 2171 1674 2210 cum
1725 2155 1971 2209 eamdem

400 2251 650 2296 naturam
711 2258 1056 2301 communem
1126 2247 1179 2300 in
1247 2246 1543 2302 individuis
1609 2247 1971 2301 exsistentetn

389 2335 838 2403 'pet'spexerimus
862 2375 877 2400 ,
911 2344 964 2391 et
1003 2345 1277 2407 quatenus
1323 2338 1377 2392 in
1422 2353 1754 2408 unoquoque
1781 2352 1974 2392 eorum

393 2427 783 2494 particularem
815 2426 984 2482 sumit
1017 2421 1423 2495 exsistentiam,
1462 2444 1585 2498 qua:
1619 2428 1756 2482 nulli
1791 2429 1971 2492 alteri,

399 2525 762 2586 pra‘terquam
796 2517 874 2575 illi
905 2533 969 2572 ac
998 2519 1124 2584 soli,
1159 2519 1470 2574 conveniat.
1502 2518 1714 2589 Quippe
1744 2519 1889 2590 quod
1920 2521 1974 2574 in

397 2623 483 2662 me
528 2617 613 2662 est
649 2607 849 2662 animal
888 2609 1174 2676 rationale,
1217 2611 1484 2675 mortale,
1521 2610 1656 2664 nulli
1691 2610 1974 2666 hominum

397 2702 631 2755 aliorum
666 2716 959 2757 commune
986 2711 1089 2769 est,
1123 2719 1305 2774 neque
1329 2702 1586 2758 animalis
1623 2711 1821 2758 natura
1852 2718 1975 2774 quae

395 2800 478 2848 est
517 2792 572 2844 in
624 2793 728 2846 isto
771 2809 936 2862 equo,
973 2793 1028 2847 in
1063 2795 1172 2849 alio
1221 2795 1480 2864 quopiam
1537 2796 1867 2864 reperietur,
1915 2804 1977 2849 ttt

397 2889 559 2942 modo
589 2886 954 2942 ostendimus.
988 2885 1160 2940 Porro
1205 2885 1364 2957 104
1393 2887 1542 2956 quod
1573 2871 1975 2942 hunc-sensum

398 2981 597 3034 habeat
636 2977 895 3034 Ecclesiae
921 2975 988 3030 de
1019 2977 1231 3031 naturis
1257 2985 1310 3030 et
1345 2977 1734 3047 hypostasibus
1765 2975 1976 3031 doctri-

395 3084 488 3132 na,
531 3084 596 3123 ex
633 3084 696 3123 eo
720 3067 1072 3122 manifestum
1097 3066 1176 3123 ﬁt.
1211 3067 1356 3137 quod
1391 3084 1555 3122 uuam
1583 3067 1783 3134 Patris,
1831 3065 1972 3133 Filii,

391 3169 450 3214 'et
471 3160 715 3229 Spiritus
760 3159 936 3215 sancti
981 3167 1242 3214 naturam
1275 3160 1671 3228 conliteamur;
1703 3169 1816 3216 tres
1849 3175 1977 3215 vero

396 3251 591 3305 horum
645 3251 942 3306 doceamus
973 3250 1314 3322 hypostases,
1350 3252 1464 3307 sive
1495 3267 1783 3321 personas.
1820 3253 1973 3322 juxta
2003 3285 2048 3346 Ο

394 3359 532 3413 quas
560 3345 982 3414 unumquodque
1032 3344 1366 3414 proprietate
1404 3345 1638 3415 quadam
1677 3362 1705 3398 a
1747 3345 1973 3416 reliquis

393 3434 762 3490 discernatur.
792 3435 931 3502 Quid
967 3436 1113 3490 enim
1166 3445 1312 3491 esset
1345 3453 1451 3490 una
1482 3437 1782 3494 divinitatis
1814 3452 1976 3493 natu-

391 3538 475 3588 ra,
507 3526 613 3580 nisi
644 3525 842 3581 divina:
887 3533 1096 3581 natura:
1139 3529 1448 3584 communis
1499 3529 1639 3583 ratio
1670 3531 1722 3582 in
1753 3544 1821 3585 ~se
1855 3545 1976 3600 spe-

389 3624 560 3682 ctata,
594 3631 658 3672 ac
689 3632 785 3687 per
811 3626 1046 3674 mentem
1079 3619 1146 3674 ab
1181 3619 1494 3690 hypostasis
1541 3621 1810 3692 cujusque
1843 3638 1972 3693 pro-

390 3707 626 3777 prietate
665 3708 953 3778 sejuncta?
996 3709 1144 3780 quod
1199 3712 1362 3766 etiam
1418 3712 1712 3781 specialius
1765 3723 1975 3769 naturae

390 3813 589 3856 nomen
636 3799 1025 3870 intelligamus,
1074 3800 1201 3856 dum
1258 3803 1315 3857 in
1365 3802 1594 3875 singulis
1653 3803 1969 3871 individuis,

387 3904 486 3946 seu
550 3891 979 3962 hypostasibus,
1040 3907 1385 3950 communem
1442 3904 1652 3949 naturae
1705 3895 1970 3951 rationem

391 3983 663 4052 prepriam
689 3983 933 4039 eﬂectam
975 3985 1438 4056 contemplamur,
1483 3995 1540 4039 ιιι
1575 3986 1710 4040 nulli
1744 3987 1970 4057 posthac

389 4074 544 4129 alteri
580 4089 765 4130 eorum
800 4090 923 4146 quae
952 4078 1230 4131 communi
1260 4075 1461 4145 speciei
1497 4076 1805 4146 subjacent,
1840 4093 1971 4132 con-

387 4163 576 4218 venire
625 4165 838 4229 valeat;
885 4179 951 4218 ex
999 4179 1065 4220 eo
1099 4165 1280 4220 adhuc
1341 4170 1551 4219 clarum
1589 4173 1694 4232 est,
1731 4166 1874 4237 quod
1914 4168 1969 4222 in

386 4253 606 4310 Christo
658 4257 888 4311 duarum
947 4264 1290 4320 naturarum,
1344 4257 1596 4312 humanae
1646 4267 1699 4312 et
1747 4259 1965 4325 divinae,

383 4345 687 4400 unit'ionem
725 4347 1064 4416 proﬁtemur.
1127 4347 1243 4401 Non
1275 4351 1416 4402 enim
1453 4347 1688 4404 dicimus
1719 4363 1968 4403 commu-

384 4451 509 4492 nem
549 4436 856 4492 divinitatis
889 4446 1164 4504 naturam,
1204 4453 1326 4508 quae
1362 4437 1416 4492 in
1471 4447 1662 4493 sancta
1697 4437 1968 4496 Triuitate

373 4530 738 4600 intelligitur,
763 4531 933 4588 fuisse
961 4530 1299 4588 incarnatam
1330 4551 1343 4588 ;
1372 4550 1496 4588 nam
1530 4535 1611 4590 sic
1647 4535 1813 4590 etiam
1843 4535 1967 4607 Spi-

383 4623 525 4678 ritus
551 4624 724 4678 sancti
755 4624 1184 4694 pradicaremus
1220 4628 1677 4686 incarnationem.
1721 4629 1825 4685 Sed
1867 4647 1964 4686 ne-
2000 4623 2041 4676 ῐ)

379 4729 490 4783 que
542 4730 890 4771 communem
959 4715 1210 4776 humanae
1260 4732 1471 4776 naturae
1525 4721 1794 4777 rationem
1855 4719 1964 4776 Deo

382 4801 562 4859 Verbo
613 4807 820 4860 unitam
871 4809 1043 4866 fuisse
1078 4827 1368 4868 censemus
1403 4831 1416 4867 :
1453 4813 1582 4883 quia
1626 4813 1729 4867 hoc
1767 4813 1961 4867 iterum

377 4903 541 4964 pacto
592 4897 932 4964 hominibus,
981 4901 1076 4971 qui
1113 4910 1238 4955 ante
1283 4902 1447 4958 Verbi
1495 4903 1788 4957 adventum
1816 4903 1964 4957 vixe-

379 4993 532 5051 runt,
587 4988 788 5068 quique
816 4999 940 5060 post
971 4992 1125 5046 illum
1172 4993 1370 5046 victuri
1407 5003 1557 5060 sunt,
1602 4995 1812 5048 unitum
1846 5008 1963 5047 om-

367 5077 546 5133 nibus
599 5092 724 5134 esse
771 5079 866 5134 Dei
920 5078 1160 5136 Verbum
1229 5084 1426 5136 merito
1487 5085 1958 5153 pronuntiaretur.

381 5163 582 5222 Verum
622 5175 766 5238 patet
812 5169 960 5240 quod
1015 5170 1105 5225 hie
1158 5181 1411 5226 naturam
1463 5173 1764 5228 divinitatis
1811 5175 1960 5229 dica-

378 5273 536 5325 mus,
574 5269 825 5314 naturam
875 5260 1182 5317 divinitatis
1238 5264 1569 5328 communis,
1623 5278 1742 5336 quae
1777 5274 1862 5319 est
1907 5265 1960 5317 in

379 5351 664 5420 hypostasi
725 5351 910 5408 Verbi.
965 5352 1122 5410 Unde
1159 5369 1282 5409 cum
1323 5371 1484 5409 unam
1546 5365 1798 5409 naturam
1865 5355 1960 5410 Dei

391 5439 542 5492 Verbi
589 5441 923 5498 incarnatam
962 5443 1310 5510 confitemur,
1351 5461 1448 5515 per
1491 5445 1594 5499 hoc
1625 5447 1768 5516 quod
1806 5446 1959 5499 addi-

379 5545 524 5594 mus,
562 5529 654 5585 Dei
695 5532 868 5602 Verbi,
919 5545 1106 5606 aperte
1157 5539 1504 5593 secernimus
1552 5536 1699 5593 illam
1731 5552 1759 5589 a
1795 5535 1956 5591 Patre

374 5627 430 5671 et
465 5617 670 5691 Spiritu
707 5635 918 5680 sancto.
970 5628 1048 5680 lla
1098 5637 1154 5682 ut
1207 5629 1295 5681 hic
1325 5644 1550 5698 quoque
1607 5643 1952 5682 communem

371 5709 574 5768 divina:
602 5723 812 5770 naturae
843 5719 1132 5783 rationem,
1166 5721 1328 5774 modo
1359 5719 1520 5776 Verbi
1549 5719 1642 5775 Dei
1679 5721 1955 5790 propriam

368 5803 779 5875 intelligentes,
850 5823 1166 5864 asseramus
1224 5807 1567 5884 incarnatam
1635 5812 1806 5868 fuisse
1857 5811 1952 5866 Dei

365 5885 540 5951 "crbi
573 5905 846 5951 naturam.
873 5898 1085 5956 Rursus
1113 5900 1469 5961 humanitatis
1501 5912 1751 5958 naturam
1774 5903 1950 5958 Verbo

1583 499 1640 558 S.
1669 496 1987 558 JOANN-IS
2018 493 2451 554 DAMASCENI

2155 605 2304 674 Αὕτη
2343 603 2406 674 δὴ
2437 600 2582 671 οὖνὴ
2623 601 2774 671 κοινὴ
2811 602 2992 671 φύσις,
3027 605 3060 674 ἡ
3093 601 3403 674 ἀνθρώπου,
3430 602 3551 656 καθ’
3587 603 3650 671 ῆι,

2075 697 2250 759 οὐδεὶς
2295 694 2581 765 ἄνθρωπος
2610 692 2825 757 οὐδενὸς
2853 695 3183 765 διενήνοχεν,
3219 695 3275 748 ἑν
3302 693 3519 763 ἑκάστῳ
3543 692 3652 745 τῶν

2075 793 2292 862 ἀτόμων
2328 793 2610 862 γινομένη,
2662 792 2766 845 ἰδία
2805 789 2990 843 λοιπὸν
3025 787 3262 852 ἑκείνου,
3313 786 3408 839 καὶ
3440 785 3653 847 οὐδενὸς

2076 882 2266 953 ἑτέρου
2322 883 2476 953 κοινὴ
2515 882 2747 950 γίνεται,
2783 878 2965 942 καθὼς
2991 879 3050 932 ἑν
3081 877 3158 947 τῷ
3198 875 3444 946 τετάρτῳ
3480 892 3653 944 κεφαα-

2075 974 2212 1044 λαίῳ
2262 973 2608 1046 ὡρισάμεθα.
2651 973 2726 1026 Τὸ
2781 971 2890 1042 γάρ
2943 972 3000 1024 ἑν
3054 969 3176 1039 ἐμοὶ
3231 966 3370 1031 ζῶον
3411 965 3650 1034 λογικὸν,

2076 1065 2268 1137 θνητὸν
2295 1103 2310 1129 ,
2350 1064 2564 1128 οὐδενὸς
2608 1064 2768 1118 ἄλλου
2818 1061 2959 1128 ζώου
3005 1060 3184 1114 κοινόν
3229 1061 3398 1112 ἑστιν.
3438 1058 3655 1128 Ἀμέλει

2078 1155 2344 1220 παθόντος
2378 1153 2668 1226 ἀνθρώπου
2715 1153 2884 1220 τινὸς,
2917 1153 2951 1224 ἢ
2994 1151 3135 1222 βοὸς,
3167 1150 3200 1222 ἢ
3235 1150 3427 1216 ἵππου,
3467 1148 3658 1217 ἀπαθῆ

2081 1246 2262 1316 μένειν
2304 1245 2371 1299 τά
2415 1245 2639 1316 ὁμοειδῆ
2685 1243 2794 1298 τῶν
2834 1243 3053 1314 ἀτόμων
3081 1244 3183 1297 οὑκ
3220 1242 3503 1298 ἀδύνατον.
3541 1241 3656 1296 Καὶ

2076 1340 2185 1407 γὰρ
2210 1338 2425 1393 Παύλου
2453 1337 2773 1404 τεθνεῶτος,
2805 1337 3008 1406 μηδένα
3035 1336 3290 1390 τεθνάναι
3319 1335 3428 1390 τῶν
3451 1335 3655 1390 λοιπῶν

2077 1429 2382 1501 ἀνθρώπων
2409 1428 2714 1498 ἑνδέχεται·
2751 1425 3162 1496 καὶῄγενομένου
3192 1426 3421 1497 Πέτρου,
3451 1425 3547 1478 καὶ
3575 1425 3656 1488 εἰς

2077 1521 2136 1574 τὸ
2165 1517 2303 1574 εἶναι
2338 1518 2734 1590 παραχθέντος,
2756 1517 2806 1571 οἱ
2837 1516 2950 1588 μετ’
2979 1516 3142 1571 αὑτὸν
3166 1516 3465 1586 ἄνθρωποι,
3501 1514 3658 1569 οὑπω

2077 1612 2184 1665 τῶν
2219 1611 2388 1663 ὄντων
2433 1609 2592 1664 εἰσίν.
2627 1609 2837 1662 Οὐκοῦν
2869 1609 3073 1679 ἑκάστη
3115 1608 3290 1678 φύσιςσ
3310 1610 3370 1662 οὐ
3404 1608 3659 1680 μοναχῶς

2077 1708 2294 1776 λέγεται
2333 1705 2482 1758 τοῦθ’
2509 1706 2644 1774 ὅπερ
2672 1703 2845 1767 ἑστίν,
2877 1702 3015 1756 ἀλλά
3046 1703 3230 1773 διχῶς.
3270 1703 3408 1756 Καθ’
3430 1704 3528 1758 ἕνα
3558 1704 3658 1774 μὲν

2076 1796 2330 1866 τρόπον,
2361 1794 2491 1847 ὅταν
2535 1793 2627 1846 τὸν
2680 1789 2858 1846 κοινὸν
2913 1792 3152 1860 ἑκάστης
3198 1791 3416 1860 φύσεως
3474 1793 3657 1861 λόγον,

2078 1888 2240 1941 αὑτὸν
2278 1887 2362 1956 ἐφ’
2412 1883 2606 1938 ἑαυτοῦ
2649 1883 3045 1956 θεωρούμενον,
3089 1878 3199 1937 οἷον
3232 1885 3331 1956 τὴν
3364 1885 3658 1956 ἀνθρώπου

2077 1979 2259 2049 φύσιν,
2294 1978 2326 2048 ἥ
2359 1978 2459 2046 τὴν
2494 1978 2685 2042 ἵππου,
2735 1979 2792 2030 ἑν
2822 1977 2998 2030 οὐδενὶ
3029 1975 3139 2029 τῶν
3187 1977 3406 2031 ἀτόπων
3433 1977 3660 2048 γινομέ-

2075 2091 2172 2143 νην
2202 2090 2214 2103 ο
2251 2071 2373 2124 καθ’
2399 2071 2586 2142 ἕτερον
2615 2070 2693 2135 δὲ,
2726 2071 2852 2123 ὅταν
2882 2068 3050 2139 αὑτὴν
3079 2067 3142 2140 δὴ
3173 2068 3379 2140 ταύτην
3407 2069 3505 2140 τὴν
3536 2087 3658 2123 κοι-

2075 2165 2169 2236 νὴν
2202 2163 2363 2234 φύσιν
2398 2166 2455 2217 ἑν
2483 2165 2594 2226 τοῖς
2634 2163 2855 2233 ἀτόμοις
2883 2161 3176 2232 γινομένην
3205 2161 3534 2232 κατίδωμεν,
3559 2162 3657 2217 καὶ

2078 2258 2464 2328 μερικωτάτην
2488 2258 2544 2309 ἐν
2573 2255 2789 2326 ἑκάστῳ
2812 2253 2992 2308 αὑτῶν
3011 2251 3399 2324 λαμϐάνουσαν
3419 2251 3656 2325 ὕπαρξιν

2074 2345 2250 2399 οὐδενὶ
2281 2345 2428 2416 ἄλλῳ
2461 2344 2599 2416 πλὴν
2631 2344 2828 2414 ἐκείνῳ
2875 2343 2971 2396 καὶ⁹
3001 2342 3150 2415 μόνῳ
3177 2341 3363 2396 λοιπὸν
3403 2342 3654 2414 ἐφαρμό-

2075 2438 2297 2502 ζουσαν.
2345 2437 2418 2490 Τὸ
2448 2437 2556 2507 γάρ
2594 2438 2652 2488 ἑν
2685 2434 2808 2504 ἐμοὶ
2840 2433 2999 2499 ζῶον,
3033 2432 3272 2502 λογικὸν,
3323 2431 3535 2502 θνητὸν,
3562 2431 3658 2484 οὑ-

2075 2528 2190 2582 δενὶ
2222 2528 2331 2582 τῶν
2365 2527 2544 2582 ἄλλων
2591 2525 2898 2597 ἀνθρώπων
2935 2523 3055 2577 ἐστὶ
3093 2523 3272 2577 κοινόν
3300 2540 3312 2556 ·
3345 2522 3466 2576 οὑδὲ
3510 2523 3543 2594 ὴ
3597 2523 3658 2575 ἑν

2075 2621 2212 2691 τῷδε
2233 2620 2312 2692 τῷ
2343 2621 2495 2690 ἵππῳ
2524 2617 2617 2672 τοῦ
2653 2617 2793 2682 ζώου
2826 2617 2988 2686 φύσις
3007 2657 3018 2679 ,
3055 2617 3114 2668 ἑν
3145 2615 3290 2686 ἄλλῳ
3319 2615 3428 2669 τινὶ
3457 2613 3658 2683 γένοιτ’

2075 2712 2162 2774 ἂν,
2195 2712 2269 2773 ῶς
2300 2710 2507 2782 ἀρτίως
2554 2709 2896 2780 δεδείχαμεν.
2935 2708 3058 2760 Ὀτι
3097 2707 3154 2760 δὲ
3189 2707 3394 2771 ταύτας
3431 2706 3532 2769 τὰς
3565 2705 3659 2760 ἑν·-

2075 2802 2225 2866 νοίας
2256 2801 2385 2872 περί
2424 2818 2485 2854 τε
2532 2799 2749 2871 φύσεων
2800 2799 2914 2870 ἔχει
2957 2799 3053 2853 καὶ
3083 2799 3434 2853 ὑποστάσεων
3483 2800 3515 2869 ἡ
3554 2797 3660 2868 τῆς

2089 2892 2420 2962 Ἐκκλησίας
2445 2888 2790 2954 διδασκαλία,
2825 2888 2984 2959 δῆλον
3015 2887 3074 2953 ἐξ
3104 2881 3176 2942 ὧν
3207 2889 3335 2958 μίαν
3366 2888 3465 2958 μὲν
3489 2886 3661 2957 φύσιν

2077 2983 2293 3055 Πατρός
2316 2999 2398 3048 τε,
2449 2983 2547 3036 καὶ
2578 2981 2710 3034 Υίοῦ
2733 3021 2746 3046 ,
2783 2979 2878 3034 καὶ
2908 2978 3068 3048 ἀγίου
3114 2979 3432 3049 Πνεύματος
3463 2977 3676 3048 ὁμολοτ

2076 3075 2305 3146 γοῦμεν,
2349 3077 2499 3146 τρεῖς
2545 3073 2601 3126 δὲ
2635 3074 2734 3138 τάς
2765 3072 2970 3126 τούτων
3004 3071 3352 3134 ὑποστάσεις,
3385 3070 3554 3140 ἦγουν
3587 3069 3661 3124 τὰ

2079 3165 2380 3236 πρόσωπα,
2412 3160 2816 3232 δογματίζομεν
2841 3200 2855 3225 ,
2887 3157 3010 3213 καθ’
3041 3157 3108 3221 ἃς
3150 3157 3386 3210 ἕκαστον
3425 3154 3660 3224 lato”:nt

2079 3273 2186 3309 τινι
2227 3256 2289 3308 ἑκ
2319 3253 2426 3307 τῶν
2459 3253 2662 3306 λοιπῶν
2707 3252 3065 3324 διακρίνεται.
3098 3250 3163 3303 Τί
3191 3249 3299 3320 γὰρ
3338 3247 3402 3302 ἂν
3434 3248 3517 3318 εἴη
3557 3246 3662 3317 μία

2081 3347 2242 3417 φύσις
2272 3346 2549 3416 θεότητος,
2582 3344 2615 3416 ἢ
2643 3347 2671 3398 ὁ
2703 3343 2882 3406 κοινὸς
2922 3343 3021 3412 τῆς
3062 3342 3212 3405 Θείας
3239 3339 3451 3410 φύσεως
3476 3339 3656 3407 λόγος,

2079 3435 2239 3496 αὑτὸς
2279 3434 2402 3487 καθ’
2428 3433 2620 3487 ἑαυτὸν
2653 3431 3048 3504 θεωρούμενος,
3082 3433 3178 3484 καὶ
3208 3433 3272 3502 τῇ
3305 3430 3520 3500 ἐπινοίᾳ
3553 3431 3664 3495 τῆς

2078 3527 2318 3596 ἑκάστης
2353 3525 2710 3588 ὑποστάσεως
2743 3524 3006 3595 ἰδιότητος
3031 3522 3479 3594 κεχωρισμένοςς
3527 3521 3662 3574 Ὅτι

2075 3619 2130 3671 δὲ
2167 3619 2260 3671 καὶ
2288 3617 2600 3688 ἰδικώτερον
2635 3616 2797 3670 πάλιν
2827 3616 2886 3669 τὸ
2915 3615 3016 3686 τῆς
3056 3613 3272 3683 φύσεως
3304 3612 3657 3684 γινώσκομεν

2075 3709 2246 3781 ὄνομα
2273 3751 2286 3770 .
2332 3709 2423 3764 τὸν
2477 3709 2654 3762 κοινὸν
2701 3708 2860 3776 λόγον
2901 3709 3000 3778 τῆς
3039 3706 3254 3777 φύσεως
3306 3706 3390 3774 ἐφ’
3419 3705 3660 3758 ἑκάστου

2072 3804 2181 3857 τῶν
2243 3803 2500 3873 ἀτόμων,
2556 3802 2720 3872 ἤγουν
2774 3800 2885 3854 τῶν
2947 3800 3299 3854 ὑποστάσεων
3371 3798 3657 3868 ἑκάστης,

2076 3897 2208 3950 ἴδιον
2236 3897 2529 3966 γενόμενον
2561 3892 2914 3965 θεωροῦντες,
2943 3893 3038 3947 καὶ
3061 3893 3235 3946 οὐδενὶ
3261 3892 3447 3945 λοιπὸν
3476 3891 3660 3963 ἑτέρῳ

2072 3990 2181 4045 τῶν
2221 3990 2327 4042 ὑπὸ
2362 3989 2424 4041 τὸ
2447 3987 2626 4041 κοινὸν
2659 3981 2796 4050 εἶδος
2827 3985 3162 4056 ἐφαρμόζειν
3186 3983 3516 4056 δυναμένων,
3551 3983 3660 4054 δῆ-

2072 4081 2162 4134 λον
2198 4079 2360 4134 πάλιν
2406 4079 2464 4145 ἐξ
2498 4071 2572 4132 ῶν
2609 4077 2702 4130 ἐπὶ
2753 4075 2989 4146 Χριστοῦ
3036 4075 3128 4129 δύο
3173 4075 3387 4145 φύσεων
3426 4074 3655 4141 ἕνωσιν,

2072 4174 2169 4244 τῆς
2200 4172 2352 4235 θείας
2380 4171 2524 4240 φημὶ
2547 4170 2642 4223 καὶ
2669 4169 2768 4240 τῆς
2801 4167 3211 4240 ἀθρωπότητος,
3244 4165 3653 4236 πρεσϐεύομεν.

2073 4267 2147 4318 Οὑ
2181 4263 2292 4334 γὰρ
2330 4263 2394 4333 δὴ
2430 4262 2528 4332 τὴν
2571 4261 2759 4332 κοινὴν
2792 4261 2885 4315 ἑπὶ
2921 4261 3018 4331 τῆς
3055 4259 3214 4328 ἁγίας
3239 4259 3468 4330 Τριάδος
3495 4273 3661 4310 νοου-

2075 4352 2244 4423 μένην
2288 4351 2389 4421 τῆς
2450 4348 2703 4419 θεότητος
2752 4349 3136 4419 σεσαρκῶσθαί
3195 4365 3414 4418 φαμεν·
3466 4346 3660 4412 οὑτως

2069 4445 2179 4515 γάρ
2206 4444 2271 4497 ἃν
2301 4443 2395 4496 καὶ
2435 4441 2526 4495 τοῦ
2557 4441 2716 4510 άγίου
2753 4441 3071 4512 Πνεύματος
3103 4438 3515 4512 κατηγοροῦμεν
3542 4439 3662 4510 τὴν

2072 4531 2487 4602 ἑνανθρώπησιν
2513 4547 2526 4561 ⁸
2555 4532 2672 4585 ἀλλ’
2703 4531 2825 4585 οὑδὲ
2856 4533 2946 4585 τδν
2970 4531 3146 4585 κοινὸν
3174 4530 3275 4602 τῆς
3299 4529 3666 4600 ἀνθρωπείας

2073 4626 2286 4696 φύσεως
2313 4626 2472 4694 λόγον
2496 4623 2739 4695 ἡνῶσθαι
2774 4624 2852 4695 τῷ
2889 4623 3012 4694 Θεῷ
3048 4623 3207 4694 Λόγῳ
3244 4623 3668 4694 πρεσϐεύομεν.

2073 4717 2230 4771 Οὕτω
2263 4717 2372 4788 γάρ
2418 4715 2580 4768 πάλιν
2628 4715 2723 4768 καὶ
2756 4717 2867 4778 τοῖς
2908 4715 3014 4786 πρὺ
3050 4716 3149 4784 τῆς
3177 4714 3272 4767 τοῦ
3315 4714 3488 4782 Λόγου
3521 4714 3672 4768 ἑπι-

2065 4809 2266 4880 δημίας
2307 4807 2620 4877 γενομένοις
2655 4804 2964 4876 ἀνθρώποις
2989 4848 3002 4872 ,
3052 4806 3146 4859 καὶ
3174 4809 3288 4869 τοῖς
3327 4807 3445 4875 μετ’
3474 4806 3678 4879 αὑτὴν

2067 4899 2344 4968 ἐσομένοις
2389 4897 2626 4960 ἅπασιν,
2677 4895 2919 4967 ἡνῶσθαι
2978 4897 3044 4950 ἂν
3093 4899 3120 4949 ὁ
3163 4895 3258 4948 τοῦ
3297 4897 3432 4949 Θεοῦ
3475 4897 3680 4964 Λόγος

2064 4991 2290 5053 δικαίως
2338 4989 2577 5058 ἐλέγετο.
2634 4988 2795 5042 Ἀλλά
2845 4989 3006 5059 δῆλον
3056 4989 3138 5042 ὅτι
3186 4991 3346 5058 φύσιν
3392 4987 3686 5065 θεότητος

2066 5082 2302 5136 ἐνταῦθά
2336 5099 2539 5154 φαμεν,
2571 5082 2670 5150 τὴν
2702 5082 2758 5133 ἑν
2791 5084 2857 5153 τῇ
2886 5081 3182 5135 ὑποστάσει
3216 5079 3311 5133 τοῦ
3344 5081 3515 5149 Λόγου
3550 5082 3687 5153 τῆς

2065 5179 2250 5247 κοινῆς
2285 5175 2538 5247 θεότητος
2582 5175 2766 5244 φύσιν.
2799 5175 2962 5228 Ὅθεν
3003 5176 3098 5228 καὶ
3134 5174 3282 5243 μίαν
3307 5175 3500 5242 φύσιν
3539 5178 3692 5231 τοῦ

2068 5265 2216 5320 Θεοῦ
2266 5267 2462 5333 Λόγου
2518 5265 2993 5334 σεσαρκωμένην
3037 5262 3440 5333 ὁμολογοῦμεν
3494 5264 3696 5338 αὑτῷ

2064 5357 2124 5409 τὸ
2145 5355 2484 5428 προσθεῖναι,
2505 5355 2610 5410 τοῦ
2637 5355 2785 5410 Θεοῦ
2808 5356 3025 5425 Λόγου,
3051 5356 3235 5425 σαφῶς
3256 5357 3698 5428 ἀποκρίνοντες

2066 5447 2254 5519 αὐτὴν,
2292 5446 2387 5500 τοῦ
2445 5465 2502 5501 τε
2540 5448 2755 5519 Πατρὺς
2802 5449 2897 5502 καὶ
2943 5448 3036 5502 τοῦ
3086 5448 3243 5516 ἁγίου
3295 5449 3698 5520 Πνεύματος,

2069 5540 2232 5592 Ὥστε
2265 5539 2544 5593 κάνταῦθα
2575 5539 2667 5593 τὸν
2700 5540 2879 5593 κοινὸν
2905 5541 3004 5610 τῆς
3037 5540 3188 5605 θείας
3214 5540 3430 5610 φύσεως
3462 5543 3704 5616 λόγςιν,

2067 5633 2195 5684 ἴδιον
2232 5631 2418 5684 λοιπὸν
2463 5631 2557 5684 τοῦ
2587 5631 2734 5686 θείου
2769 5632 2944 5700 Λόγου
2973 5632 3314 5704 νενοηκότες,
3351 5638 3704 5703 σεσαρκῶ..

2069 5722 2191 5776 σθαί
2244 5740 2426 5793 φαμεν
2475 5723 2568 5776 τοῦ
2604 5723 2740 5776 Θεοῦ
2785 5723 2958 5792 Λόγου
2990 5724 3089 5793 τὴν
3121 5723 3304 5794 φύσιν.
3338 5725 3446 5777 Καὶ
3476 5725 3710 5792 φύσιν

2065 5812 2226 5866 πάλιν
2279 5813 2698 5884 ἀνθρωπότητος
2745 5812 2977 5884 λέγομεν
3024 5813 3266 5883 ἡνῶσθαι
3323 5813 3400 5885 τῷ
3454 5814 3704 5890 Λόγῳ,

2060 5902 2156 5974 τὴν
2201 5905 2582 5974 μερικωτάτην
2636 5905 2850 5974 ἐκείνην
2911 5905 3180 5977 ὕπαρξιν,
3236 5907 3303 5977 ἣν
3357 5906 3529 5978 μόνην
3605 5916 3713 5971 ἐκ
