3962 6320
336 371 442 440 749

1508 367 1605 428 DE
1645 363 2101 428 IL’ERESIBUS
2138 360 2390 422 LIBER.

3494 366 3597 429 750

337 483 530 537 πασῶν
579 483 608 534 ό
656 479 826 548 Λόγος
881 479 1267 551 προσείληφεν.
1329 479 1488 532 Ὥστε
1541 480 1725 549 σχεδον
1774 478 1915 530 κατὰ

2034 477 2229 530 initam
2291 489 2414 530 esse
2471 472 2828 539 amrtnamus,
2873 491 3066 547 nempe
3102 474 3600 547 singularissimam

337 575 495 629 τοῦτο
527 573 626 643 τῆς
661 572 875 642 φύσεως
921 571 982 625 τὸ
1033 572 1433 643 σημαινόμενον
1459 611 1472 633 ,
1506 571 1700 624 ταυτὸν
1729 571 1795 624 ἂν
1826 570 1912 639 εἴη

339 666 500 735 φύσις
528 666 622 718 καὶ
667 665 989 728 ὑπόστασις,
1028 663 1167 732 πλὴν
1207 665 1288 716 ὅτι
1332 664 1391 716 τὸ
1421 665 1518 732 τῆς
1562 662 1914 726 ὑποστάσεως

337 754 506 824 όνομα
539 753 1032 822 συνεπινοουμένας
1068 751 1182 821 ἔχει
1233 751 1326 806 καὶ
1375 751 1476 813 τὰς
1527 751 1916 820 ἐπιγινομένοις

340 846 490 915 παρὰ
534 845 632 915 τὴν
671 844 858 915 κοινὴν
895 843 1057 914 φύσιν
1088 844 1336 898 ἑκάστων
1378 843 1666 914 ἰδιότητας,
1701 843 1824 896 καθ’
1852 843 1916 906 ἃς

339 936 585 1004 ἀλλήλων
617 933 973 1006 κεχώρισται.
1010 934 1202 987 Ἔνθεν
1238 933 1345 986 τῶν
1373 933 1659 1006 ἡμετέρων
1684 933 1917 996 πολλοὺς

339 1027 652 1096 διαφόρωςε
703 1025 884 1095 εὑρεῖν
927 1023 1044 1077 ἐστι
1098 1023 1376 1092 λέγοντας,
1425 1025 1688 1094 φύσεων,
1725 1024 1919 1093 ἤγουν

343 1117 758 1181 ὑποστάσεων,
794 1116 988 1171 ἕνωσιν
1020 1117 1322 1185 γεγονέναι.
1362 1117 1426 1170 Ἠ
1456 1117 1566 1188 γὰρ
1595 1117 1913 1180 ὑπόστασις,

343 1210 422 1273 ὡς
450 1209 749 1278 ἐδείξαμεν,
781 1207 878 1279 τὴν
905 1207 1080 1278 ἱδικὴν
1106 1206 1338 1260 ἑκάστου
1369 1209 1464 1261 καὶ
1487 1209 1689 1279 ἄτομον
1718 1208 1914 1278 σημαί-

343 1321 426 1358 νει
460 1302 733 1374 ὓπαρξιν,
781 1304 846 1355 ὲκ
895 1299 1246 1372 παραλλήλου
1279 1301 1336 1354 δὲ
1393 1301 1656 1364 πολλάκις
1708 1300 1918 1364 τούτοις

343 1395 639 1464 κέχρηνται
674 1394 789 1455 τοῖς
819 1392 1071 1463 ὀνόμασι,
1108 1395 1266 1464 δῆλον
1297 1393 1372 1458 ὡς
1403 1394 1500 1448 καὶ
1535 1393 1635 1464 τὴν
1669 1393 1920 1446 ίδικωτά-

342 1503 440 1554 την
493 1483 655 1553 φύσιν
707 1485 996 1554 σημαίνειν
1032 1488 1165 1557 ἡμῖν
1216 1485 1306 1540 διὰ
1349 1486 1557 1539 τούτων
1603 1485 1914 1539 ἐθέλουσινο

346 1577 468 1629 ἐπεὶ
498 1576 596 1630 καὶ
625 1579 683 1630 ὲν
709 1579 774 1647 τῇ
812 1577 915 1630 ἀνὰ
943 1581 1101 1648 χεῖρα
1131 1578 1342 1650 ὁμιλίᾳ,
1381 1581 1476 1631 καὶ
1521 1580 1578 1630 ὲν
1607 1580 1674 1648 τῇ
1723 1579 1920 1650 χρήσει

343 1668 453 1720 τῶν
481 1667 552 1720 τὰ
582 1667 807 1721 τοιαῦτα
841 1663 1395 1741 πεφυσιολογηιίότων
1421 1710 1434 1733 ,
1465 1670 1588 1734 ἔθος
1617 1671 1794 1724 ἅπασι
1827 1671 1921 1724 καὶ

346 1759 436 1812 τὸν
470 1761 650 1812 κοινὸν
679 1759 779 1829 τῆς
836 1759 1052 1830 φύσεως
1100 1762 1258 1830 λόγον
1309 1761 1596 1832 ἄνθρωπον
1642 1778 1920 1833 προσαγο-

2018 566 2165 620 illam
2197 566 2605 631 exsistentiam,
2635 582 2799 636 quam
2855 570 3026 623 solam
3063 585 3130 623 ex
3165 569 3424 622 omnibus
3463 567 3601 624 Ver-

2018 659 2146 713 bum
2182 659 2519 727 assumpsit:
2558 668 2616 712 ut
2642 658 2798 726 juxta
2831 661 2973 715 hanc
3009 669 3218 715 natura:
3244 660 3602 732 signiﬁcatio-

2017 770 2140 808 nem
2173 753 2288 809 fere
2320 754 2463 809 idem
2499 753 2610 810 sint
2649 764 2847 808 natura
2871 766 2922 811 et
2951 755 3285 826 hypostasis,
3321 754 3425 810 nisi
3457 755 3604 824 quod

2019 845 2335 917 hypostasis
2375 860 2573 901 nomen
2609 845 2774 900 simul
2804 848 3234 916 comprehensas
3261 847 3427 902 habet
3474 861 3603 914 pro-

2019 937 2303 1008 prietates,
2331 952 2451 1007 qua:
2480 937 2712 1008 singulis
2745 947 2944 1007 praeter
2972 953 3317 992 communem
3350 945 3602 991 naturam

2019 1029 2198 1084 insitae
2223 1040 2373 1093 sunt,
2398 1028 2706 1084 secundum
2733 1044 2874 1100 quas
2903 1043 2934 1083 a
2962 1044 3020 1084 se
3046 1029 3287 1084 invicem
3304 1043 3606 1084 secernun-

2020 1127 2132 1174 tur.
2161 1119 2430 1185 Quocirca
2460 1135 2490 1176 e
2508 1121 2716 1175 nostris
2745 1121 2949 1176 mullos
2972 1121 3121 1175 varie
3147 1119 3396 1176 invenias
3419 1119 3608 1175 dicen-

2021 1217 2123 1272 tes,
2149 1219 2486 1271 naturarum,
2517 1211 2624 1265 sive
2662 1210 3028 1281 hypostasium
3069 1209 3372 1265 unitionem
3411 1209 3606 1265 factam

2023 1299 2220 1356 fuisse.
2254 1299 2390 1354 Nam
2421 1300 2468 1356 si
2506 1302 2850 1372 hypostasis,
2877 1312 2936 1357 ut
2963 1310 3246 1358 ostensum
3273 1309 3380 1366 est,
3417 1302 3611 1371 singu-

2021 1391 2195 1445 larem
2235 1399 2290 1446 et
2323 1391 2666 1447 individuam
2707 1393 2978 1463 cujusque
3032 1391 3310 1464 signiﬁcat
3336 1392 3612 1448 exsistan-

2023 1482 2181 1547 tiam,
2212 1489 2267 1537 et
2315 1499 2384 1538 ex
2433 1497 2592 1554 aequo
2628 1484 2719 1540 his
2771 1485 3086 1541 nominibus
3134 1500 3278 1555 saepe
3319 1485 3407 1540 usi
3455 1494 3608 1547 sunt,

2022 1571 2198 1641 liquet
2241 1587 2337 1627 eos
2388 1587 2488 1642 per
2528 1573 2645 1628 haec
2683 1574 2824 1629 velle
2876 1573 3121 1630 indicare
3157 1575 3319 1632 nobis
3351 1581 3607 1629 naturam

2024 1662 2267 1719 maxime
2318 1663 2692 1735 singularem;
2730 1666 3178 1737 quandoquidem
3211 1667 3488 1738 loquendo
3541 1665 3612 1722 dc

2025 1754 2111 1810 his
2147 1769 2268 1825 qua:
2317 1755 2482 1809 modo
2530 1771 2839 1822 versamus,
2891 1765 2946 1812 et
2989 1758 3289 1812 secundum
3322 1772 3482 1812 usum
3514 1758 3610 1828 qui

349 1849 530 1921 ρεύειν
557 1866 570 1881 ο
597 1850 672 1914 ὡς
718 1850 849 1904 ὅταν
891 1851 1124 1921 λέγωσιν
1156 1848 1296 1917 εἶδος
1339 1849 1480 1908 εἶναι
1515 1853 1609 1907 τοῦ
1657 1853 1796 1918 ζῴου
1828 1853 1920 1907 τὸν

2034 1845 2264 1900 Jbtinuit
2323 1844 2470 1916 apud
2511 1845 2657 1912 illos,
2713 1847 2805 1916 qui
2857 1847 2926 1902 de
2984 1846 3178 1904 iisdem
3233 1849 3608 1918 disputarunt,

348 1939 691 2008 ἄνθρωπον·
749 1941 909 2012 εῐπερ
959 1942 1128 2013 μηδὲν
1181 1943 1290 1997 τῶν
1323 1943 1542 2013 ἀτόμων
1583 1944 1723 2014 μήτε
1773 1943 1923 1997 ἐστὶν

348 2024 488 2093 εἶδος
541 2029 600 2082 τὺ
639 2031 745 2084 ὑπὸ
779 2031 842 2083 τὸ
889 2032 1068 2100 γένος,
1113 2034 1252 2104 μήτε
1298 2033 1516 2102 λέγεται
1535 2035 1584 2087 ιι.
1627 2033 1790 2087 Ἀλλά
1829 2034 1924 2087 καὶ

349 2121 657 2192 ἄνθρωπον,
686 2121 855 2176 ἵππου
890 2123 1169 2194 διαφέρειν
1207 2125 1462 2196 λέγομεν,
1491 2125 1660 2187 αὑτὰς
1683 2125 1926 2196 δηλονότι

294 2261 314 2280 ,
350 2213 452 2275 τὰς
494 2213 720 2266 καθόλου
768 2213 1019 2280 λέγοντες
1070 2213 1282 2284 φύσεις.
1337 2216 1448 2269 Καὶ
1497 2216 1662 2270 πάλιν
1720 2216 1926 2284 Πέτρον

351 2303 638 2373 ἄνθρωπον
677 2300 814 2356 εἷναί
845 2321 1026 2374 φαμεν
1052 2343 1067 2370 ,
1102 2305 1196 2358 καὶ
1227 2304 1439 2358 Παῦλον
1462 2347 1476 2370 ,
1510 2306 1604 2358 καὶ
1647 2306 1924 2376 Ἰωάννην,

352 2393 742 2461 καϊγεγονέναι
765 2395 1054 2466 ἄνθρωπον
1080 2397 1175 2448 καὶ
1196 2396 1469 2460 τεθνάναι,
1491 2397 1584 2450 τὸν
1608 2397 1928 2452 καθέκαστα

352 2485 629 2554 δηλονότι,
673 2487 894 2540 καὶτοῦ
926 2487 1108 2540 κοινοῦ
1151 2487 1310 2556 λόγου
1345 2491 1445 2560 τῆς
1496 2489 1589 2542 τοῦ
1634 2490 1926 2561 ἀνθρώπου

355 2575 570 2647 φύσεως
604 2577 866 2642 ὡσαύτως
899 2577 1136 2648 ἔχοντος.
1174 2581 1286 2633 Καὶ
1326 2580 1487 2634 τοῦτο
1525 2581 1580 2634 δὲ
1626 2581 1790 2634 πάλιν
1839 2581 1929 2634 εῦ-

351 2669 513 2738 λογον
544 2669 1089 2740 προδιαστείλασθαι,
1131 2670 1207 2735 ὡς
1252 2672 1311 2726 τὸ
1350 2672 1443 2726 τοῦ
1487 2671 1782 2744 προσώπου
1833 2674 1930 2728 καὶ

352 2761 455 2830 τῆς
493 2761 845 2826 ὑποστάσεως
887 2762 1097 2833 ὃνομα,
1147 2763 1406 2827 πολλάκις
1454 2765 1553 2835 μὲν
1607 2764 1706 2834 τῆς
1759 2764 1930 2836 αὑτῆς

353 2853 474 2906 ἐστι
507 2853 638 2924 παρ’
663 2856 797 2924 ἡμῖν
833 2855 1107 2925 σημασίας
1136 2856 1463 2927 δηλωτικὸν,
1493 2857 1626 2910 ὡσεὶ
1657 2858 1752 2911 καὶ
1777 2856 1930 2926 ξίφος

353 2960 440 3007 τις
481 2943 542 2996 τὸ
573 2945 706 2998 αὐτὸ
753 2947 912 3000 καλεί
960 2947 1052 3001 καὶ
1094 2950 1392 3020 μάχαιραν.
1431 2949 1618 3014 Οὕτως
1654 2950 1787 3020 γοῦν
1835 2951 1930 3004 ἐπεὶ

351 3036 453 3106 τῆς
485 3033 647 3106 ἁγίας
675 3039 900 3111 Τριάδος
927 3041 1233 3112 ἀδιαφόρως
1264 3043 1532 3112 πρόσωπὰ
1563 3061 1622 3096 τε
1650 3045 1797 3114 τρία,
1834 3045 1954 3098 καῖ’

355 3125 685 3191 ὑποστάσεις
716 3132 865 3199 τρεῖς
899 3131 1405 3202 προσαγορεύομεν,
1435 3133 1513 3203 τῷ
1549 3135 1613 3185 ὲκ
1645 3133 1927 3204 παραλλή-
1957 3170 1999 3226 C

354 3219 446 3272 λου
487 3223 678 3290 τρόπῳ
731 3221 797 3274 δι’
830 3222 1094 3304 έκατέρου
1129 3225 1327 3280 ταυτὸν
1374 3225 1758 3295 σημαίνοντες.
1793 3225 1931 3278 Πολ-

356 3312 514 3374 λάκις
537 3313 595 3364 δὲ
631 3314 691 3365 τὸ
722 3314 1016 3384 πρόσωπον
1049 3317 1146 3387 τῆς
1178 3317 1530 3382 ὑποστάσεως
1571 3318 1928 3390 διακρίνουσι,

355 3405 650 3476 πρόσωπον
679 3405 971 3469 καλοῦντες
1000 3411 1100 3477 τήν
1129 3424 1293 3462 τινων
1330 3409 1514 3480 σχέσιν
1545 3410 1681 3480 πρὸς
1704 3408 1931 3479 ἄλληλα,

354 3502 458 3552 οὑκ
489 3499 789 3572 ἀγνοούσης
813 3503 930 3556 οὐδὲ
961 3505 1060 3574 τῆς
1083 3504 1350 3576 συνήθους
1380 3505 1632 3576 χρήσεως
1654 3504 1812 3559 τοῦτο
1837 3503 1934 3558 τοῦ

357 3592 658 3663 προσώπου
698 3595 760 3648 τὸ
809 3597 1231 3665 σημαινόμενον.
1279 3597 1463 3668 Φαμὲν
1511 3597 1660 3669 γὰρ,
1712 3597 1774 3650 τὸ
1803 3599 1936 3669 ἐμὸν

356 3685 708 3756 ἀνειληφέναι
740 3688 1032 3757 πρόσωπον
1073 3689 1167 3742 τὸν
1205 3688 1375 3753 δεῖνα,
1408 3691 1503 3743 καὶ
1536 3693 1617 3754 εἰς
1643 3694 1936 3762 πρόσωπον

356 3776 516 3830 τοῦδε
542 3777 642 3849 τὴν
678 3779 836 3852 δίκην
879 3782 1196 3852 εἰσαγαγεῖν
1240 3783 1334 3838 τὸν
1365 3783 1539 3837 δεῖνα·
1578 3784 1792 3838 καὶτὸν
1833 3785 1938 3838 ῦπ-

357 3887 528 3940 αρχον
574 3870 628 3924 δὲ
671 3874 963 3944 πρόσωπον
1007 3875 1152 3945 ἔχειν
1210 3876 1308 3930 τοῦ
1365 3876 1630 3946 βασιλέως
1681 3877 1934 3947 λέγομεν.

363 3965 561 4016 Ἔνθεν
611 3966 705 4018 καὶ
750 3967 800 4019 οἱ
841 3967 951 4021 τῶν
986 3968 1282 4040 Νεστορίου
1328 3970 1616 4039 δογμάτων
1651 3971 1937 4041 κατήκοοι,

358 4055 488 4109 οὔτε
511 4055 674 4126 φύσιν
701 4059 830 4129 μίαν
859 4061 952 4113 ἐπὶ
973 4061 1238 4132 Χριστοῦ,
1270 4061 1394 4115 οῦτε
1426 4064 1728 4117 ὑπόστασιν
1759 4063 1940 4131 λέγειν

358 4153 699 4222 ἀνεχόμενοι,
725 4154 849 4206 ἐπεὶ
893 4156 1031 4225 μήτε
1062 4155 1174 4210 τῶν
1217 4157 1576 4212 ύποστάσεων
1611 4157 1735 4213 καθ’
1769 4159 1941 4224 αὑτὰς

361 4243 761 4315 πρεσϐεύουσιν
818 4248 1050 4315 ἕνωσιν,
1107 4251 1398 4323 ἄνθρωπον
1447 4253 1504 4307 δὲ
1556 4251 1700 4309 εἶναι
1734 4256 1827 4310 τον
1877 4259 1941 4310 ἐκ

358 4337 580 4410 Μαρίας
605 4339 758 4409 ψιλὸν
787 4342 1152 4408 ὑποτίθενται,
1190 4345 1322 4416 ὃλην
1361 4348 1419 4400 ἐν
1447 4348 1626 4419 ἐαυτῷ
1655 4350 1756 4419 τὴν
1791 4349 1942 4403 θείαν

357 4433 692 4502 χωρήσαντα
742 4433 1033 4506 έλλαμψιν.
1076 4438 1188 4490 Καὶ
1234 4438 1410 4512 ταύτῃ
1451 4440 1561 4493 τῶν
1609 4441 1785 4496 ἄλλων
1821 4443 1940 4496 δια-

359 4524 621 4593 φέροντα,
661 4529 1039 4599 μερικωτέρας
1076 4531 1134 4582 ἐν
1165 4531 1391 4584 ἐκείνων
1419 4533 1637 4601 ἑκάστῳ
1664 4534 1764 4604 τῆς
1791 4533 1941 4597 θείας

356 4617 661 4690 γενομένης
697 4619 1040 4691 ἑλλάμψεως,
1070 4625 1219 4694 ὅμως
1248 4625 1582 4696 θαρροῦντες
1607 4625 1665 4679 ἓν
1699 4624 1845 4681 εἶναι
1878 4625 1940 4680 τὸ

359 4711 654 4778 πρόσωπον
686 4713 781 4766 τοῦ
825 4714 1062 4786 Χριστοῦ
1102 4717 1558 4787 διισχυρίζονται,
1605 4721 1704 4792 τὴν
1754 4719 1942 4789 σχέσιν

356 4811 459 4866 τοῦ
474 4813 607 4866 Θεοῦ
632 4816 805 4884 Λόγου
839 4821 975 4888 πρὸς
1005 4819 1096 4873 τὸν
1114 4821 1176 4873 ὲκ
1200 4822 1424 4893 Μαρίας
1450 4823 1738 4896 ἄνθρωπον
1768 4825 1942 4895 πρόσ-

357 4921 514 4958 ωπον
558 4905 616 4958 ἓν
663 4907 946 4976 λέγοντες,
989 4913 1112 4965 ἐπεὶ
1152 4914 1332 4967 πᾶσαν
1386 4917 1592 4980 ἐκεῖνος
1640 4918 1744 4986 τὴν
1789 4919 1940 4972 θείαν

357 4997 676 5067 οξκονομίαν
737 5004 818 5063 εἰς
881 5005 1174 5074 πρόσωπον
1220 5007 1457 5060 ἐποιεῖτο
1500 5009 1600 5079 τῆς
1652 5009 1745 5061 τοῦ
1806 5009 1940 5063 Θεοῦ

361 5090 539 5158 Λόγου
587 5091 870 5161 θεότητοςο
911 5095 1034 5147 ὅθεν
1067 5095 1294 5161 δικαίως
1329 5099 1423 5151 καὶ
1469 5099 1569 5171 τὴν
1607 5100 1686 5162 εἰς
1719 5101 1812 5152 τὸν
1844 5100 1940 5154 ἄν·

359 5191 584 5261 θρωπον
619 5193 781 5265 ύεριν
804 5235 820 5262 ,
869 5199 950 5261 είς
995 5199 1129 5251 Θεὸν
1162 5201 1568 5273 ἀναφέρεσθαι,
1607 5203 1730 5256 ἐπεὶ
1778 5205 1873 5255 καὶ
1907 5206 1940 5275 ἡ

357 5296 475 5349 τῶν
529 5299 785 5371 ὑπηκόων
838 5304 918 5365 εἰς
966 5303 1057 5356 τὸν
1107 5303 1355 5376 ὕπαρχον
1402 5307 1664 5378 γινομένη
1705 5307 1840 5378 τιμή
1884 5323 1942 5359 τε

357 5391 462 5442 καὶ
497 5389 676 5462 ὕϐρις,
717 5395 796 5458 εἰς
823 5395 985 5449 αὑτὸν
1025 5397 1360 5469 ἀναφέρεται
1389 5401 1481 5454 τὸν
1518 5399 1769 5472 βασιλέα.
1800 5397 1945 5452 Ταύ-

354 5497 465 5552 της
488 5483 618 5552 γοῦν
643 5487 742 5558 τῆς
773 5487 1010 5558 σχέσεως
1041 5493 1132 5544 καὶ
1159 5492 1256 5563 τὴν
1285 5491 1526 5564 Χριστοῦ
1563 5490 1940 5565 προσηγορίαν

2027 1933 2173 2004 apud
2216 1949 2408 1991 omnes
2447 1937 2795 1990 consuetudo
2831 1936 3084 2004 invaluit,
3120 1953 3467 1994 communem
3505 1954 3608 1993 na-

2029 2032 2164 2079 tura:
2195 2026 2463 2081 rationem
2503 2029 2786 2098 appellare
2837 2029 3138 2083 hominem:
3187 2023 3248 2084 ut
3282 2044 3408 2084 cum
3457 2031 3612 2084 aiunt

2027 2113 2308 2170 hominem
2344 2131 2470 2172 esse
2495 2117 2738 2188 speciem
2773 2119 3069 2186 animalis;
3102 2134 3210 2189 qua
3240 2135 3436 2189 nempe
3487 2121 3612 2174 nul-

2028 2205 2143 2260 lum
2175 2221 2240 2262 ex
2273 2207 2575 2264 individuis
2611 2209 2825 2288 species
2853 2218 2940 2265 est
2973 2212 3169 2282 generi
3201 2212 3470 2281 subjecta,
3503 2227 3606 2266 nec

2029 2297 2258 2353 dicitur.
2294 2299 2498 2355 Adhaec
2532 2301 2690 2370 105
2721 2301 3000 2358 hominem
3031 2303 3272 2358 dicimus
3300 2304 3520 2359 diﬁ‘erre
3542 2305 3612 2360 ab

2029 2404 2206 2460 equo;
2245 2390 2396 2461 ipsas
2439 2391 2698 2447 videlicet
2730 2393 3071 2449 universales
3108 2395 3472 2464 intelligendo
3509 2409 3612 2449 na-

2032 2490 2206 2538 turas.
2252 2483 2332 2536 Ac
2383 2498 2579 2538 rursus
2611 2481 2834 2538 Petrum
2880 2485 3160 2540 hominem
3191 2501 3312 2541 esse
3345 2487 3611 2552 dicimus,

2032 2575 2160 2629 item
2216 2572 2469 2642 Paulum,
2523 2582 2579 2629 et
2643 2573 2950 2644 Joannem;
2997 2589 3212 2632 necnon
3254 2584 3445 2632 natum
3487 2594 3614 2634 esse

2033 2667 2342 2730 hominem,
2385 2667 2726 2737 singularem
2761 2669 2976 2736 utique,
3007 2677 3064 2724 et
3092 2670 3370 2724 communi
3399 2679 3616 2726 natura;

2032 2754 2287 2810 humanm
2343 2757 2556 2811 ratione
2595 2756 2786 2811 eodem
2840 2758 3002 2814 modo
3057 2774 3119 2815 se
3170 2759 3432 2817 habente.
3468 2761 3612 2817 Illud

2031 2845 2194 2899 etiam
2237 2859 2584 2916 praemonere
2637 2861 2820 2917 operae
2850 2847 3086 2918 pretium
3115 2857 3224 2916 est,
3257 2866 3514 2921 persona:
3559 2863 3616 2908 et

2033 2933 2346 3005 hypostasis
2380 2950 2579 2990 nomen
2619 2951 2770 3006 smpe
2800 2935 3024 3007 quidem
3055 2939 3199 3009 apud
3232 2955 3335 2996 nos
3361 2941 3612 2997 eamdem

2033 3027 2236 3081 habere
2270 3027 2762 3097 signiﬁcationem;
2793 3031 2942 3087 velut
2966 3031 3096 3102 quis
3118 3031 3264 3088 idem
3299 3035 3614 3103 appellave-

2035 3120 2107 3173 rit
2131 3134 2318 3174 ensem
2349 3129 2404 3176 et
2433 3121 2699 3192 gladium.
2736 3121 2828 3177 Sic
2859 3138 2994 3193 ergo
3029 3125 3086 3180 in
3119 3133 3314 3180 sancta
3340 3125 3615 3183 Trinitate

2035 3213 2152 3263 tres
2187 3224 2455 3279 personas
2503 3217 2559 3266 et
2606 3219 2720 3266 tres
2760 3211 3087 3283 hypostases
3129 3213 3612 3271 indiscriminatim

2035 3300 2478 3368 pronuntiamus,
2511 3316 2577 3356 ex
2607 3301 2779 3372 ﬁgura
2806 3303 3049 3372 paralleli
3083 3304 3229 3359 dicta
3270 3320 3366 3374 per
3395 3315 3614 3361 utrum-

2036 3383 2162 3459 que
2186 3391 2331 3446 idem
2369 3392 2744 3448 declarantes.
2778 3393 2934 3464 Smpe
2966 3401 3153 3451 tamen
3189 3412 3488 3466 personam
3544 3400 3614 3454 ab

2038 3482 2321 3553 hypostasi
2349 3483 2716 3554 distinguunt,
2743 3499 3038 3554 personam
3064 3497 3346 3555 vocantes,
3368 3499 3616 3544 mutuam

2039 3571 2183 3627 inter
2213 3573 2489 3643 quasdam
2527 3575 2850 3631 relationem
2877 3594 2891 3630 :
2929 3590 3094 3646 quam
3126 3592 3378 3648 persona:
3401 3579 3614 3650 signiﬁ-

2039 3665 2310 3719 cationem
2372 3679 2480 3719 non
2535 3665 2752 3737 ignorat
2809 3675 3116 3723 consuetus
3162 3684 3319 3727 usus.
3371 3669 3617 3728 Dicimus

2040 3755 2184 3809 enim
2213 3755 2343 3811 :llle
2363 3771 2538 3811 meam
2573 3773 2863 3828 personam
2894 3761 3199 3830 assumpsit
3224 3778 3240 3829 ;
3263 3769 3318 3817 et
3343 3780 3356 3817 ε
3377 3761 3435 3816 In
3469 3763 3618 3820 illius

2039 3860 2277 3915 persona
2301 3846 2673 3901 vadimonium
2701 3847 2864 3904 stitit.
2886 3847 3018 3905 Item
3040 3848 3357 3920 pra-.l‘ectutn
3379 3851 3620 3908 dicimus

2041 3953 2558 4017 personamgerere
2593 3939 2971 4011 imperatoris.
3002 3940 3218 3998 Exinde
3256 3943 3351 4012 qui
3376 3944 3619 4001 Nestorii

2045 4030 2265 4099 placitis
2290 4030 2593 4097 adhaerent,
2627 4047 2754 4087 cum
2789 4047 2955 4087 unam
2993 4032 3048 4088 in
3081 4033 3306 4090 Christo
3343 4044 3620 4100 naturam.

2049 4137 2326 4192 unamque
2376 4122 2718 4194 hypostasim
2776 4126 3069 4182 admittere
3126 4127 3438 4199 refugiant;
3493 4131 3624 4200 quia

2044 4230 2226 4284 neque
2268 4222 2617 4284 naturarum,
2679 4233 2856 4288 neque
2894 4217 3270 4290 hypostasium
3319 4222 3623 4276 secundum

2047 4309 2195 4377 ipsas
2228 4307 2560 4378 prolitentur
2600 4309 2887 4373 unionem,
2922 4310 3016 4364 sed
3051 4309 3235 4364 Marite
3264 4308 3468 4366 Filium
3505 4326 3626 4364 me-

2047 4415 2169 4453 rum
2200 4413 2326 4455 esse
2353 4398 2660 4466 hominem,
2690 4401 2787 4470 qui
2823 4399 3014 4456 divina
3051 4402 3172 4458 luce
3205 4402 3462 4472 perfusus
3504 4403 3626 4459 fue-

1973 4515 2020 4574 D
2051 4489 2143 4554 rit,
2174 4489 2408 4560 ideoque
2433 4491 2662 4562 reliquis
2693 4494 2955 4551 omnibus
2976 4493 3209 4550 Deiferis
3227 4495 3363 4550 viris
3385 4495 3628 4550 anteCel-

2043 4581 2231 4644 luerit,
2261 4582 2317 4636 in
2353 4597 2592 4652 quorum
2623 4599 2956 4655 unoquoque
2984 4585 3338 4655 particularis
3359 4587 3630 4642 duntaxat

2045 4674 2148 4730 fuit
2212 4675 2518 4729 illustratio
2559 4693 2572 4729 :
2607 4685 2665 4730 at
2719 4675 3086 4732 nihilominus
3152 4691 3368 4732 summa
3427 4676 3628 4732 ﬁducia

2046 4779 2209 4818 unam
2243 4779 2369 4820 esse
2410 4763 2618 4821 Christi
2658 4781 2951 4835 personam
2985 4767 3257 4821 afﬁrmare
3308 4782 3419 4822 non
3459 4767 3628 4824 dulii-

2043 4864 2184 4918 tant,
2236 4855 2622 4910 habitudinem
2662 4855 2758 4912 Dei
2790 4858 2954 4914 Verbi
2991 4873 3188 4916 versus
3235 4859 3512 4915 hominem
3560 4875 3631 4916 ex

2047 4946 2221 5001 Maria
2278 4951 2549 5017 genitum,
2611 4964 2777 5004 unam
2842 4966 3134 5021 personam
3202 4947 3627 5023 nuncupantes;

2050 5039 2315 5108 quoniam
2358 5055 2577 5095 omnem
2627 5041 2717 5095 ille
2773 5042 3019 5098 divinam
3068 5046 3461 5111 meonomiam,
3515 5044 3633 5100 dis-

2048 5132 2546 5202 pensationemve,
2589 5131 2644 5188 in
2689 5148 2924 5203 persona
2976 5135 3286 5191 divinitatis
3332 5135 3425 5192 Dei
3463 5135 3630 5193 Verbi

2049 5224 2428 5293 operabatur,
2490 5239 2556 5278 ac
2614 5232 2906 5295 propterea
2968 5229 3362 5282 contumeliam
3418 5228 3632 5286 homini

2049 5317 2260 5370 illatam
2298 5317 2354 5370 in
2391 5317 2560 5370 Deum
2583 5316 2706 5386 jure
2739 5316 2970 5386 referri;
3004 5320 3131 5389 quia
3155 5335 3277 5391 qua:
3304 5337 3334 5376 a
3364 5322 3632 5392 subjectis

2051 5422 2180 5477 erga
2235 5407 2557 5477 praefectum
2609 5409 2903 5464 exhibetur
2946 5414 3255 5477 veneratio,
3295 5421 3390 5468 aut
3432 5423 3634 5470 contu-

2051 5497 2233 5562 melia,
2265 5498 2318 5552 in
2351 5499 2534 5569 ipsum
2570 5500 2810 5556 refertur
2843 5501 3254 5574 imperatorem.
3283 5503 3438 5563 Hanc
3467 5520 3636 5578 porro

1626 5670 1862 5728 VARle
1899 5670 2306 5729 LECTIONES.

355 5775 634 5902 ἐσξίίιθςο
697 5781 1023 5856 ἀδιαφόρως,
1047 5766 1049 5768 Ι
1072 5795 1129 5841 ιιι
1166 5785 1327 5842 infra.

1444 5783 1472 5824 ¹¹
1503 5788 1591 5844 Sic
1651 5787 1716 5847 R.
1777 5788 1901 5845 cod.
1937 5789 2100 5856 295i,
2135 5787 2202 5842 Β.
2226 5787 2368 5846 2508
2408 5784 2482 5846 ὧν
2513 5791 2574 5847 τέ
2626 5794 2776 5851 ἐστιν
2833 5791 2972 5862 εἶδος
3031 5797 3137 5854 ὑπδ
3173 5799 3234 5853 τδ
3275 5801 3471 5870 γένος,
3501 5796 3638 5867 μήτε
