3962 6320
361 355 470 421 751
1363 350 1365 352 ·
1540 351 1601 411 s.
1643 350 1967 412 JOANNIS
2002 351 2430 412 DAMASCENI
3527 350 3632 419 752

373 468 722 530 relationem,
756 462 961 519 Chriin
1003 459 1456 517 denominatione
1503 461 1780 518 declarari
1825 476 1955 516 con-

2066 464 2363 536 δηλωτικὴν
2391 459 2528 520 εἷναί
2553 480 2717 532 φασιν
2745 481 2759 497 ο
2795 465 2920 519 ὅθεν
2946 467 3038 520 καὶ
3058 465 3297 536 Χριστδν
3318 466 3418 522 ἕνα
3451 467 3634 521 καλεῖν

373 561 611 614 tendunt
637 581 651 613 ;
681 558 824 611 unde
857 563 913 610 et
949 555 1234 609 Christum
1273 569 1450 626 unum
1486 568 1690 610 vocare
1718 569 1830 610 non
1859 553 1955 608 du‘

2066 554 2324 622 ἀξιοῦσιν,
2359 556 2486 609 ἐπεὶ
2530 557 2624 609 καὶ
2649 559 2684 629 η
2717 559 2926 628 σχέσις,
2972 557 3049 622 ὼς
3084 559 3324 630 εἴρηται,
3365 560 3488 631 μία,
3531 561 3634 615 κᾶν

373 655 584 718 bitant;
621 647 1098 720 quandoquidem,
1155 654 1215 702 ut
1271 646 1540 710 diximus,
1586 647 1786 702 relatio
1849 660 1955 702 una

2066 647 2279 701 πλείονα
2309 647 2398 719 εἴη
2423 649 2494 702 τὰ
2530 649 2738 720 ταύτης
2771 650 3093 721 μετέχοντα.
3131 651 3338 722 Δηλοῦν
3358 647 3452 706 οὖν
3481 649 3637 726 οἶμαι

372 751 480 810 est,
501 743 609 798 etsi
637 743 811 798 multa
837 747 989 806 sunt,
1018 755 1142 810 qua:
1169 739 1320 794 illam
1344 740 1700 811 participem.
1733 738 1955 794 Clarum

2066 741 2166 802 τοῖς
2189 739 2475 794 εὐσεϐοῦσι
2499 743 2628 812 περὶ
2655 742 2752 814 τὴν
2782 741 2878 796 τοῦ
2909 743 3166 814 Σωτῆρος
3194 744 3636 817 ἐνανθρώπησιν,

370 837 559 907 itaque
587 849 714 890 esse
740 849 864 890 reor
893 834 983 900 iis,
1008 832 1100 903 qui
1136 831 1204 888 de
1233 831 1624 887 incarnatione
1655 830 1957 886 Salvatoris

373 930 1053 1002 religiosesentiunt,nos,
1075 943 1199 983 cum
1225 942 1393 982 unam
1419 926 1628 983 Christi
1659 941 1954 997 personam

372 1024 728 1094 proﬁtemur,
805 1037 919 1078 non
975 1021 1135 1092 juxta
1191 1019 1654 1076 Nestorianorum
1715 1027 1954 1074 mentem

373 1127 624 1185 personae
650 1127 852 1168 nomen
884 1111 954 1166 ad
985 1110 1294 1180 simplicem
1345 1108 1443 1165 Dei
1495 1124 1627 1180 erga
1676 1108 1954 1164 hominem

376 1204 657 1269 allectum,
716 1211 814 1259 aut
855 1203 1233 1258 habitudinem
1279 1201 1518 1269 referre;
1572 1199 1666 1257 sed
1698 1201 1764 1256 ad
1797 1216 1955 1256 eum-

371 1295 496 1351 dem
525 1311 750 1352 sensum
803 1294 1119 1367 hypostasis
1146 1303 1202 1349 et
1230 1309 1484 1364 personae
1529 1295 1952 1365 appellationem

2053 829 2129 894 ὡς
2175 830 2233 882 ἒν
2267 827 2408 884 εἶναι
2437 831 2534 884 τοῦ
2560 831 2800 902 Χριστοῦ
2826 833 2887 885 τὸ
2919 832 3214 902 πρόσωπον
3253 835 3417 906 ἡμεῖς
3453 835 3639 904 λέγον·

2055 939 2166 988 τες,
2197 923 2296 994 οὑχ
2327 922 2402 987 ὡς
2443 925 2558 988 τοῖς
2582 923 2882 994 Νεστορίου
2909 924 3086 994 φίλοις
3114 925 3314 993 ἔδοξεν,
3342 927 3430 979 ἐπ’
3465 926 3638 996 αὐτῆς

2054 1015 2155 1086 τῆς
2178 1014 2341 1086 ψιλῆς
2375 1015 2615 1086 σχέσεως
2647 1013 2741 1068 τοῦ
2775 1015 2911 1070 Θεοῦ
2945 1015 3082 1085 πρὸς
3109 1017 3202 1072 τὸν
3230 1016 3547 1088 ἄνθρωπον,
3571 1019 3635 1088 τῇ

2054 1107 2151 1161 τοῦ
2179 1106 2479 1178 προσώπου
2510 1108 2854 1180 προσηγορίᾳ
2869 1108 3132 1180 χρώμεθα
3158 1121 3172 1137 ⁸
3194 1108 3369 1174 οὑτως
3392 1109 3638 1179 λέγοντες

2053 1200 2117 1253 τὸ
2147 1197 2287 1254 εἶναι
2319 1199 2380 1254 τὸ
2417 1199 2655 1271 Χριστοῦ
2703 1200 3021 1273 πρόσωπον,
3063 1201 3139 1266 ὡς
3184 1201 3480 1274 ἀνθρώπου
3509 1203 3637 1274 μίαν

2057 1293 2378 1356 ὑπόστασιν,
2411 1293 2620 1364 Πέτρου
2644 1293 2827 1364 τυχὸν,
2855 1294 2888 1364 ἢ
2919 1292 3159 1348 Παύλου.

372 1403 662 1459 usurpare.
705 1386 1075 1454 Quamobrem
1129 1399 1295 1440 unam
1325 1384 1533 1442 Christi
1561 1399 1854 1454 personam
1887 1399 2011 1441 esse
2042 1383 2302 1448 dicimus,
2333 1383 2482 1438 velut
2531 1398 2702 1438 unam
2756 1383 3002 1440 hominis
3057 1385 3429 1456 hypostasim,
3490 1386 3636 1443 Petri

372 1492 525 1556 puta,
555 1482 640 1536 vel
675 1479 859 1534 Pauli.

591 1588 724 1630 vero
759 1570 890 1626 illud
919 1585 1141 1641 quoque
1175 1583 1300 1624 cum
1337 1568 1462 1624 aliis
1493 1568 1947 1640 praemonendum
1988 1536 1990 1539 λ

370 1669 535 1726 nobis
573 1676 657 1724 est
697 1682 713 1720 :
745 1663 1140 1718 humanitatem
1167 1661 1375 1717 Christi
1408 1677 1476 1716 ne
1505 1661 1587 1715 vel
1616 1675 1783 1731 quam
1824 1661 1952 1716 bre-

370 1760 602 1818 vissimo
646 1766 898 1827 tempore
947 1755 1267 1811 substitisse
1322 1770 1433 1808 non
1480 1753 1697 1808 unitam
1730 1752 1952 1821 Verbo;

369 1849 466 1910 sed
491 1847 657 1906 simul
687 1861 754 1902 ac
783 1847 840 1901 in
872 1860 1055 1900 rerum
1079 1853 1334 1900 naturam
1370 1844 1592 1914 prodire
1619 1845 1806 1914 cmpit,
1844 1858 1955 1899 una

2128 1565 2539 1638 Προδιηγείσθω
2563 1567 2619 1620 δὲ
2652 1569 2783 1640 ἡμῖν
2808 1567 2948 1638 μετά
2973 1568 3082 1623 τῶν
3121 1568 3298 1624 ἄλλων
3332 1572 3427 1626 καὶ
3452 1575 3634 1628 τοῦτο·

2058 1660 2192 1716 ὡσεὶ
2216 1661 2308 1714 καὶ
2331 1660 2400 1714 τὰ
2423 1659 2659 1730 μάλιστα
2693 1660 2831 1731 μηδὲ
2864 1661 2955 1716 τὸν
2976 1662 3213 1733 τυχόντα
3239 1663 3433 1734 χρόνον
3459 1667 3632 1736 χωρὶς

2059 1750 2157 1821 τῆς
2211 1750 2348 1821 πρὸς
2371 1751 2461 1803 τὸν
2496 1749 2673 1818 Λόγον
2707 1749 2956 1814 ὲνώσεως
2985 1750 3044 1804 τὺ
3064 1749 3407 1822 ἀνθρώπινον
3431 1754 3638 1826 ὑπέστη

2061 1843 2160 1898 τοῦ
2187 1843 2450 1916 Χριστοῦ,
2485 1843 2601 1898 ἀλλ’
2623 1843 2741 1914 ἅμα
2767 1860 2826 1897 τε
2858 1843 2960 1914 τὴν
2985 1843 3165 1914 ἀρχὴν
3185 1845 3283 1915 τῆς
3309 1846 3392 1910 είς
3409 1846 3472 1899 τὸ
3500 1845 3642 1902 εἶναι

369 1937 655 2008 accepisse
689 1935 953 1991 unionem
987 1949 1117 1989 cum
1150 1932 1357 2018 Yerbo.
1392 1935 1463 1988 At
1504 1944 1762 1989 naturam
1805 1935 1954 2002 illam

2066 1936 2320 2009 παρόδου,
2355 1937 2449 1990 καὶ
2469 1935 2571 2008 τὴν
2603 1935 2742 2007 πρὸς
2770 1934 2865 1988 τὸν
2904 1935 3080 2004 Λόγον
3105 1935 3399 2007 ἀνείληφεν
3421 1937 3637 1991 ἕνωσιν·

369 2029 520 2084 omni
553 2025 920 2084 subsistentia
951 2025 1273 2080 destitutam
1314 2027 1635 2097 neutiquam
1669 2027 1954 2093 diximus;

369 2121 574 2195 quippe
625 2107 771 2191 quas.
799 2117 1142 2188 peculiarem
1198 2131 1312 2188 pra:
1371 2117 1584 2174 caeteris
1634 2116 1956 2173 hominibus

367 2210 710 2270 subsistendi
740 2211 966 2267 modum
995 2209 1273 2276 habuerit,
1309 2209 1810 2280 exsistentiamquc
1837 2209 1960 2266 suis

368 2303 852 2373 circumscriptam
908 2301 1190 2367 terminis,
1245 2315 1312 2356 ac
1359 2300 1798 2372 proprietatibus
1827 2301 1956 2372 qui-

365 2397 601 2454 busdam
629 2411 662 2450 a
691 2393 972 2450 communi
1017 2402 1342 2449 caeterornm
1379 2403 1580 2448 natura
1626 2394 1953 2450 discretam.

366 2490 424 2546 ιιι
459 2489 667 2560 quippe
698 2485 1018 2558 signiﬁcare
1069 2485 1392 2557 hypostasis
1441 2499 1642 2542 nomen
1693 2485 1958 2557 superius

367 2566 735 2638 ostendimus.
812 2579 1168 2650 Quapropter
1206 2618 1222 2645 ,
1303 2577 1453 2634 sicut
1531 2577 1588 2632 in
1665 2577 1958 2633 divinitate

366 2673 571 2732 Christi
607 2680 865 2728 naturam
896 2678 952 2726 et
988 2670 1329 2742 hypostasim
1362 2670 1733 2737 conﬁtemur;
1791 2670 1952 2741 106

367 2763 737 2824 consimiliter
779 2763 835 2818 in
874 2763 1002 2833 ejus
1053 2762 1404 2816 humanitate
1445 2761 1645 2832 ipsius,
1693 2772 1753 2816 ut
1788 2771 1956 2818 natu-

365 2873 510 2921 ram,
560 2857 636 2912 ita
688 2863 745 2911 et
808 2854 1154 2925 singularem
1219 2853 1364 2908 hanc
1425 2853 1765 2926 hypostasim
1819 2868 1958 2908 con-

369 2951 511 3006 ﬁteri
546 2962 840 3004 necessum
887 2955 1011 3014 est;
1048 2962 1139 3013 ne,
1189 2953 1253 3000 ut
1298 2946 1448 3011 dixi,
1499 2955 1755 3000 naturam
1805 2945 1956 3001 illam

369 3036 749 3096 subsistentia;
791 3043 1072 3106 expertem
1105 3049 1230 3090 esse
1265 3036 1630 3106 pronuntiare
1666 3048 1954 3106 cogamur.

369 3132 426 3188 id
484 3132 634 3188 enim
685 3135 926 3194 constat,
989 3127 1140 3199 quod
1203 3128 1352 3183 inter
1402 3127 1689 3183 individua
1747 3135 1959 3182 natura:

369 3221 654 3280 communi
701 3219 1051 3292 suhjacentia
1101 3219 1384 3276 exstiterit
1411 3217 1721 3274 Salvatoris
1758 3219 1958 3273 huma-

372 3317 543 3373 nitas.

445 3407 544 3461 llis
594 3420 662 3461 ex
712 3402 906 3460 ordine
961 3409 1015 3458 et
1072 3403 1223 3458 clare
1289 3402 1601 3474 explicatis,
1658 3410 1826 3472 atque
1885 3402 1956 3456 ab

372 3499 651 3564 omnibus,
711 3505 771 3552 ut
821 3510 971 3563 reor,
1027 3496 1312 3560 admissis,
1368 3496 1556 3556 dicant
1613 3496 1799 3559 nobis,
1859 3494 1953 3564 qui

373 3601 601 3648 naturas
651 3590 792 3647 duas
846 3589 904 3645 in
955 3589 1214 3658 Christo,
1271 3604 1336 3644 ac
1383 3604 1551 3644 unam
1607 3587 1954 3660 hypostasim

374 3691 666 3747 statuunt,
701 3679 924 3752 quando
971 3679 1135 3734 ambo
1177 3679 1268 3732 illa
1315 3692 1438 3748 quae
1472 3677 1626 3732 unita
1667 3683 1817 3742 sunt,
1851 3692 1953 3731 na-

373 3788 552 3831 turam
588 3774 754 3829 simul
796 3781 853 3828 ct
885 3771 1258 3843 hypostasim,
1293 3771 1616 3826 necessario
1644 3769 1861 3836 habuit,
1893 3776 1956 3822 ut

370 3867 813 3922 demonstratum
871 3871 977 3929 est,
1041 3877 1111 3917 an
1167 3863 1456 3934 aequaliter
1513 3869 1838 3918 naturarum
1901 3868 1956 3917 et

373 3958 760 4032 hypostasium
789 3958 1164 4014 conﬁteantur
1205 3957 1409 4014 factam
1450 3955 1623 4013 fuisse
1652 3956 1950 4022 unionem;

370 4050 459 4108 vel
514 4049 829 4106 existiment
880 4050 1057 4121 magis
1109 4049 1298 4106 unitas
1353 4050 1682 4121 hypostases
1740 4048 1953 4114 fuisse,

369 4155 497 4198 cum
555 4155 628 4198 ex
673 4139 894 4197 duabus
943 4156 1052 4195 una
1102 4140 1458 4206 substiterit;
1511 4141 1700 4196 minus
1765 4147 1952 4196 autem

369 4243 642 4302 naturas;
688 4234 835 4290 unde
876 4242 930 4289 et
982 4233 1105 4289 duas
1151 4241 1278 4303 post
1324 4233 1634 4290 unitionem
1672 4247 1955 4290 remanse-

367 4328 506 4384 rint.

439 4417 575 4473 Post
615 4415 724 4470 alia
752 4415 807 4470 in
833 4415 1041 4486 quibus
1065 4414 1296 4486 exponit
1317 4427 1426 4486 qua
1447 4413 1666 4470 ratione
1693 4415 1956 4471 substan-

367 4509 448 4564 tia
478 4507 654 4579 magis
691 4514 748 4562 et
778 4507 962 4562 minus
991 4520 1102 4562 non
1129 4505 1383 4577 recipiat,
1413 4505 1702 4578 subiungit
1734 4523 1746 4559 :

442 4599 620 4658 Unam
649 4599 874 4673 quidem
903 4606 1162 4656 naturam
1210 4616 1355 4666 esse,
1381 4616 1505 4672 quae
1545 4601 1750 4657 multas
1775 4600 1955 4673 hypo-

369 4701 550 4751 stases
587 4692 916 4758 constituat,
968 4692 1114 4764 apud
1175 4709 1374 4750 omnes
1426 4708 1552 4750 esse
1605 4702 1953 4765 compertum

370 4777 633 4842 arbitror.
661 4785 743 4841 lta
773 4785 941 4857 igitur
967 4799 1133 4840 unam
1175 4799 1302 4842 esse
1347 4784 1657 4841 divinitatis
1692 4793 1952 4840 naturam

367 4875 720 4942 conﬁtentes,
772 4885 888 4931 tres
922 4874 1104 4944 ipsius
1154 4889 1278 4932 esse
1314 4875 1650 4946 bypostases
1699 4890 1953 4947 pronun-

368 4967 602 5023 tiamus.
641 4965 749 5022 Sed
777 4973 834 5022 et
865 4964 1152 5021 hominum
1181 4979 1404 5036 quoque
1438 4981 1546 5021 una
1579 4974 1666 5022 est
1715 4975 1912 5022 natura
1939 4984 1954 5030 ;

366 5074 493 5129 qua:
527 5057 628 5128 ipsi
669 5057 912 5112 subsunt
942 5053 1369 5128 hypostasibus,
1420 5057 1474 5113 in
1521 5057 1791 5114 inﬁnitam
1836 5057 1955 5114 fere

367 5147 788 5205 multitudinem
821 5147 1154 5220 protensis:
1199 5157 1256 5204 et
1304 5149 1392 5206 sic
1435 5149 1491 5206 in
1540 5151 1686 5206 aliis.
1729 5149 1953 5206 Natura:

363 5238 510 5306 duae,
557 5254 682 5312 qua:
734 5237 1056 5294 dualitatem
1109 5240 1413 5295 secundum
1470 5255 1761 5296 numerum
1817 5241 1954 5296 reti-

365 5339 535 5388 neant
554 5347 718 5388 unam
735 5331 950 5388 elhcere
981 5332 1322 5404 hypostasim
1350 5347 1458 5388 non
1487 5341 1756 5404 possunt:
1787 5333 1953 5403 idque

365 5437 476 5477 non
509 5422 832 5478 inductione
883 5421 1062 5477 solum
1108 5421 1484 5493 singularium
1532 5425 1772 5494 probare
1825 5425 1954 5480 licet

359 5513 498 5584 (quo
527 5515 675 5570 cnim
709 5523 874 5584 pacto
929 5529 1036 5568 una
1090 5513 1231 5570 foret
1265 5516 1490 5587 lapidis,
1545 5532 1609 5572 ac
1651 5517 1807 5589 ligni,
1855 5526 1951 5572 aut

2059 2026 2178 2083 ἀλλ’
2207 2027 2308 2080 οὑκ
2339 2025 2706 2080 ὲνυπόστατον
2725 2020 2867 2078 εἷναί
2885 2041 3068 2095 φαμεν
3093 2025 3195 2094 τὴν
3215 2029 3380 2094 φύσιν
3401 2027 3639 2098 ἐκείνην,

2054 2120 2204 2192 ἥπερ
2234 2116 2606 2172 ίδιοσύστατον
2659 2110 2808 2189 εἶχεν
2844 2116 2984 2188 πρὸς
3016 2115 3146 2179 τοὺς
3174 2114 3400 2181 λοιποὺς
3429 2116 3645 2189 ἀνθρὼι

2058 2229 2193 2276 πους
2217 2210 2313 2265 καὶ
2339 2209 2790 2282 ίδιοπερίγραφον
2821 2208 2922 2280 τὴν
2955 2207 3218 2280 ὕπαρξιν,
3255 2207 3510 2280 ίδιώμασί
3533 2225 3643 2263 τισι

2057 2303 2213 2376 παρά
2235 2303 2334 2373 τὴν
2366 2302 2555 2373 κοινὴν
2589 2302 2754 2371 φύσιν
2782 2301 2892 2356 τῶν
2919 2300 3128 2354 λοιπῶν
3151 2299 3410 2354 ἁπάντων
3432 2299 3646 2369 διακρι-

2057 2397 2313 2468 νομένην.
2342 2393 2518 2448 Τοῦτο
2531 2393 2640 2463 γὰρ
2665 2391 2956 2464 σημαίνειν
2979 2391 3185 2465 ἀρτίως
3209 2391 3272 2446 τὸ
3295 2390 3649 2460 τῆςὺποστά-

2059 2504 2196 2553 σεως
2228 2485 2517 2555 ἐδείξαμεν
2575 2483 2772 2556 ὄνομα.
2807 2483 2924 2538 Ούκ
2952 2478 3049 2538 οὖν
3078 2482 3154 2548 ὡς
3185 2482 3280 2536 ἐπὶ
3317 2482 3418 2552 τῆς
3454 2482 3648 2553 θεότη-

2057 2600 2152 2647 τος
2189 2581 2284 2635 τοῦ
2319 2579 2586 2652 Χριστοῦ,
2623 2580 2721 2634 καὶ
2754 2578 2918 2650 φύσιν
2959 2578 3133 2650 αὑτῆς
3189 2579 3287 2633 καὶ
3343 2577 3648 2631 ὑπόστασιν

2058 2671 2456 2744 ὁμολογοῦμεν,
2497 2668 2672 2734 οὑτως
2731 2670 2904 2741 δήπου
2928 2669 3025 2724 καὶ
3073 2665 3183 2724 ’ἐπὶ
3226 2668 3328 2740 τῆς
3359 2667 3652 2739 ἀνθρωπόη

2057 2783 2219 2836 τητος
2249 2763 2438 2828 αὑτοῦ,
2474 2763 2666 2835 ὥσπερ
2721 2762 2907 2832 φύσιν,
2963 2761 3142 2827 οὑτως
3190 2763 3288 2816 καὶ
3323 2761 3422 2834 τὴν
3472 2763 3649 2836 ίδικὴν

2058 2859 2263 2930 ταύτην
2287 2857 2571 2929 ὁμολογεῖν
2611 2856 2916 2910 ὑπόστασιν
2946 2855 3189 2926 ἀνάγκη,
3224 2855 3312 2909 ἵνα
3343 2855 3418 2927 μὴ
3436 2857 3648 2910 ἀνυπό-

2061 2969 2278 3018 στατον,
2339 2949 2534 3021 ὥσπερ
2573 2949 2796 3021 εἴρηκα,
2863 2948 2964 3020 τὴν
3017 2949 3184 3019 φύσιν
3213 2948 3432 3018 ἐκείνην
3462 2948 3648 3018 λέγειν

2061 3044 2532 3115 ἀναγκαζώμεθα.
2581 3043 2680 3096 ’Ἑν
2733 3043 2844 3114 γὰρ
2892 3041 3072 3112 δῆλον,
3120 3043 3202 3095 ὅτι
3243 3041 3353 3095 τῶν
3391 3042 3498 3096 ὑπὸ
3545 3043 3650 3115 τὴν

2063 3137 2255 3206 κοινὴν
2303 3137 2467 3206 φύσιν
2517 3133 2822 3188 τελούντων
2879 3133 3122 3202 ἀτόμων,
3171 3132 3235 3186 τὸ
3267 3133 3360 3187 τοῦ
3394 3133 3649 3207 Σωτῆρος

2066 3231 2316 3302 ὑπῆρχεν
2347 3226 2714 3301 ἀνθρώπινον.

2138 3407 2357 3461 Τούτων
2407 3407 2552 3460 οὑτω
2601 3404 3099 3477 διευκρινουμένων
3154 3403 3362 3473 σαφῶς,
3404 3405 3502 3458 καὶ
3541 3404 3650 3458 ὑπὸ

2063 3499 2306 3559 πάντων,
2343 3491 2520 3568 οἴμαι,
2553 3475 3063 3566 συμφωνουμένων,
3093 3492 3404 3560 λεγέτωσαν
3427 3492 3650 3565 ἡμῖν,οἱ

2062 3592 2159 3646 δύο
2186 3586 2446 3654 εἷναιτάς
2477 3587 2574 3642 τοῦ
2605 3585 2846 3659 Χριστοῦ
2888 3585 3104 3654 φύσεις,
3148 3584 3278 3655 μίαν
3308 3584 3368 3637 δὲ
3403 3584 3650 3638 ὑπόστα-

2065 3703 2150 3740 σιν
2192 3683 2602 3754 ὑποτιθέμενοι,
2638 3679 2836 3752 ἐπειδὴ
2863 3679 2974 3733 τῶν
3005 3677 3647 3758 ἐνωθὲντοιννὲκὰτερον,

2064 3778 2228 3849 φύσιν
2256 3794 2318 3830 τε
2350 3775 2470 3847 ἅμα
2529 3775 2622 3828 καὶ
2653 3772 2956 3828 ὑπόστασιν
2985 3770 3045 3836 ἐξ
3091 3770 3338 3842 ἀνάγκης
3370 3764 3539 3841 εἶχεν,
3571 3770 3652 3835 ὡς

2063 3876 2092 3927 ὁ
2145 3871 2304 3940 λόγος
2339 3868 2562 3935 ἔδειξεν,
2587 3867 2819 3937 πότερον
2866 3863 3150 3936 ὁμοτίμως
3198 3865 3310 3919 τῶν
3337 3880 3398 3917 τε
3430 3863 3652 3932 φύσεων

2063 3965 2158 4019 καὶ
2193 3961 2550 4018 ὑποστάσεων
2597 3956 2924 4030 ὁμολογοῦσι
2978 3957 3266 4026 γεγονέναι
3295 3955 3393 4028 τὴν
3427 3956 3650 4020 ἕνωσιν,

2063 4057 2096 4128 ἢ
2127 4055 2328 4129 μᾶλλον
2358 4053 2600 4127 ἡνῶσθαι
2626 4051 2728 4116 τὰς
2776 4050 3110 4114 ὑποστάσεις
3137 4049 3365 4115 οίονται,
3399 4050 3523 4104 ἐπεὶ
3548 4049 3652 4103 καὶ

2066 4147 2165 4218 μία
2215 4143 2275 4210 te
2323 4144 2530 4214 ἀμφοῖν
2583 4140 2887 4204 ὑπόστασις
2943 4138 3204 4208 γέγονεν’
3254 4134 3417 4212 ἦττον
3448 4138 3509 4191 δὲ
3546 4138 3652 4203 τὰς

2064 4221 2276 4308 φύσεις,
2325 4235 2448 4291 ὃθεν
2500 4235 2598 4289 καὶ
2655 4231 2752 4288 δύο
2799 4231 2941 4304 μετὰ
2995 4229 3096 4302 τῆν
3143 4229 3340 4285 ἕνωσιν
3398 4231 3650 4303 μεμενή-

2061 4349 2169 4388 κασ
2175 4349 2213 4386 ι.

2137 4421 2246 4476 Καὶ
2264 4419 2384 4492 μεθ’
2436 4419 2604 4490 ’ἐτερα
2629 4417 2688 4471 ὲν
2735 4410 2818 4481 οἷς
2867 4414 3158 4488 γυμνάζει,
3219 4416 3304 4471 ὃτι
3337 4414 3397 4469 τὸ
3441 4413 3651 4486 μᾶλλον
3741 4440 3746 4446 ‹

2063 4514 2157 4570 καὶ
2176 4510 2341 4586 ἦττον
2366 4514 2401 4583 ἡ
2422 4510 2582 4565 οὑσία
2611 4510 2714 4563 οὑκ
2753 4507 3090 4580 ἐπιδέχεται,
3126 4508 3288 4564 πάλιν
3326 4509 3343 4548 ί
3381 4507 3575 4578 φησίν.

2135 4607 2282 4661 Μίαν
2315 4605 2417 4676 μὲν
2442 4603 2552 4674 γὰρ
2585 4602 2749 4672 φύσιν
2798 4600 3064 4656 πλειόνων
3105 4600 3458 4654 ὑποστάσεων
3487 4600 3650 4670 ὲνερ-

1985 4675 2031 4732 Ῑ)
2060 4698 2583 4772 γητικὴνὲναργὲς
2640 4693 2799 4767 οἶμαι
2859 4694 3158 4766 τυγχάνειν
3205 4693 3434 4750 ἅπασιν.
3485 4690 3651 4746 Οῦτω

2057 4791 2188 4862 γοῦν
2215 4791 2347 4864 μίαν
2373 4785 2515 4846 εἶναι
2555 4788 2720 4860 φύσιν
2765 4788 2866 4860 τῆς
2922 4787 3174 4860 θεότητος
3231 4785 3650 4857 ὁμολογοῦντες,

2057 4886 2208 4956 τρεῖς
2231 4878 2376 4938 εἶναι
2409 4883 2510 4948 τὰς
2541 4883 2872 4947 ὑποστάσεις
2893 4883 3070 4954 αὑτῆς
3104 4880 3506 4953 πρεσϐεύομεν.
3536 4878 3656 4932 Καὶ

2059 4974 2367 5046 ἀνθρώπων
2413 4974 2472 5028 δὲ
2511 4973 2612 5046 μία
2679 4975 2827 5028 ἐστὶν
2883 4977 2916 5044 ή
2972 4973 3154 5043 φύσις,
3201 4972 3310 5026 τῶν
3338 4970 3432 5025 ὑπ’
3471 4968 3654 5040 αὑτὴν
3753 5049 3762 5054 _

2060 5059 2416 5121 ὑποστάσεων
2468 5064 2557 5118 ἐπ’
2606 5064 2838 5138 ἄπειρον
2893 5063 3082 5136 σχεδὸν
3128 5061 3518 5132 ὲκτεινομένων
3569 5058 3655 5132 τῷ

2063 5159 2281 5230 πλήθει,
2311 5160 2406 5213 καὶ
2440 5158 2535 5211 ἐπὶ
2564 5157 2674 5211 τῶν
2741 5157 2918 5212 ἄλλων
2980 5156 3245 5218 ὡσαύτως
3267 5171 3282 5186 ⁶
3318 5154 3413 5209 δύο
3455 5155 3658 5224 φύσεις

2064 5248 2344 5314 σωζούσας
2377 5233 2503 5302 κατ’
2535 5247 2771 5320 ἀριθμὸν
2796 5249 2898 5318 τὴν
2926 5247 3116 5312 δυάδα,
3154 5246 3284 5318 μίαν
3315 5243 3650 5298 ἀποτελέσαι

2064 5339 2365 5392 ὑπόστασιν
2425 5337 2712 5391 ἀδύνατον.
2763 5338 2875 5392 Καὶ
2937 5335 3096 5390 τοῦτο
3146 5336 3207 5388 ού
3259 5333 3422 5405 μόνον
3451 5333 3518 5386 ὲκ
3546 5335 3657 5402 τῆς

2061 5429 2170 5493 τῶν
2195 5429 2335 5482 κατὰ
2367 5429 2532 5500 μέρος
2567 5429 2814 5483 ἑκάστων
2864 5428 3164 5498 ἐπαγωγῆς
3217 5426 3333 5481 ἐστι
3367 5424 3664 5479 πιστώσα-

2065 5520 2190 5573 σθαι
2223 5519 2363 5586 (πῶς
2390 5521 2498 5592 γὰρ
2526 5519 2592 5577 ἂν
2618 5523 2702 5590 εἴη
2731 5519 2883 5574 λίθου
2911 5519 3008 5574 καὶ
3058 5518 3218 5584 ξύλου
3261 5517 3360 5589 μία
3403 5513 3660 5572 ὑπόστα-

1684 5721 1922 5779 VABIIE
1956 5710 2356 5781 LECTIONES.

441 5803 459 5846 ί
491 5803 559 5865 li.
594 5805 729 5862 2951
767 5803 826 5857 ὲν
858 5804 937 5876 τῷ
983 5804 1027 5869 ζ’
1059 5806 1255 5874 κεφαλ.
