3962 6320
342 512 447 575 753

1516 509 1612 568 DE
1640 506 2092 568 ILERESIBUS
2130 511 2384 571 LIBER.

3487 512 3596 579 75$

340 637 443 683 σις,
468 618 752 673 τουτέστιν
778 618 980 689 ἄτομον
1002 618 1137 690 Emi}
1175 618 1318 687 βοὸς,
1359 615 1453 670 καὶ
1489 614 1740 683 ἵππους),
1775 614 1911 668 ἀλλὰ

2024 614 2195 684 bovis,
2255 627 2310 672 et
2359 617 2488 689 equi
2545 618 2882 690 hypostasis,
2943 620 3048 675 hoc
3108 628 3194 676 est
3244 618 3595 679 individuum

337 711 429 763 καὶ
461 708 522 775 ἐξ
581 709 753 779 αὑτῆς
807 708 909 779 τῆς
954 709 1048 762 τοῦ
1082 709 1242 776 λόγου
1291 706 1594 780 ἐνεργείας.
1621 707 1685 759 Ei
1724 706 1830 775 γὰρ
1855 708 1911 759 ἐν

334 803 455 864 ταῖς
484 801 820 854 ὑποστάσεσι
853 801 1073 871 (ταυτὸν
1100 800 1158 853 δὲ
1190 801 1364 857 εἰπεῖν
1396 801 1453 851 ὲν
1496 801 1609 861 τοῖς
1643 799 1909 869 ἀτόμοις),

336 891 541 961 ἑκάστη
574 890 735 961 φύσις
761 891 1031 961 λαμόάνει
1069 891 1327 961 ὕπαρξιν,
1380 891 1595 961 ἀνάγκη
1624 894 1774 945 πᾶσα
1804 891 1913 944 τῶν

337 984 430 1036 δύο
467 984 684 1053 φύσεων
709 982 908 1049 οὐσῶν,
937 983 1033 1037 δύο
1055 983 1406 1053 τούλάχιστον
1428 983 1524 1037 καὶ
1551 983 1652 1046 τὰς
1680 982 1915 1037 ὑποστά-

341 1090 456 1136 σεις
489 1069 652 1139 εἶναι,
700 1075 758 1126 ὲν
801 1067 886 1136 αἷς
936 1075 1035 1144 τὴν
1086 1073 1323 1144 ὓπαρξιν
1379 1074 1436 1127 αἱ
1472 1072 1665 1142 φύσεις
1697 1064 1933 1128 ἕλαόονξ

352 1162 639 1216 Ἀδύνατον
668 1163 776 1233 γὰρ
809 1163 1111 1232 ὑποστῆναι
1154 1162 1277 1216 καθ’
1302 1163 1493 1234 αὐτὴν,
1534 1163 1612 1235 μὴ
1641 1165 1699 1216 ἐν
1728 1164 1916 1233 ἀτόμῳ

339 1254 451 1307 τινὶ
491 1253 895 1325 θεωρουμένην.
952 1256 1189 1325 ¹Ἄτομον
1245 1255 1303 1309 δὲ
1364 1257 1566 1309 ταυτὸν
1631 1254 1771 1311 εἶναι
1823 1258 1917 1311 καὶ

339 1346 660 1411 ὑπόστασιν,
718 1345 925 1416 ἀρτίως
973 1345 1315 1417 δεδείχαμεν.
1353 1346 1517 1400 Ὥστε
1548 1348 1665 1401 ὅσοι
1717 1348 1815 1419 μὲν
1843 1347 1918 1419 μὴ

344 1438 503 1507 μόνον
534 1438 636 1507 τὴν
693 1437 995 1491 ὑπόστασιν
1033 1439 1184 1509 μίαν,
1210 1439 1346 1493 ἀλλά
1399 1439 1493 1493 καὶ
1521 1439 1620 1511 τὴν
1646 1440 1806 1510 φύσιν
1829 1440 1920 1494 διὰ

340 1528 441 1595 τὴν
466 1527 661 1583 ἕνωσιν
698 1530 985 1597 γεγονέναι
1028 1530 1216 1599 φασὶν,
1256 1530 1535 1602 σύμφωνοι
1565 1533 1659 1586 καὶ
1683 1533 1915 1598 ἑαυτοῖς,

342 1621 441 1675 καὶ
459 1624 529 1692 τῇ
554 1620 786 1693 ἀληθείᾳ
810 1621 1115 1690 φαίνονται.
1158 1623 1314 1677 Ὅσοι
1349 1623 1406 1675 δὲ
1431 1622 1531 1694 τὴν
1554 1623 1654 1695 μὲν
1686 1624 1920 1678 ὑπόστα-

346 1731 432 1768 σιν
455 1713 607 1784 μίαν,
634 1714 732 1778 τὰς
749 1714 804 1767 δὲ
830 1714 1022 1784 φύσεις
1070 1715 1163 1769 δύο
1191 1718 1355 1786 φασὶν
1381 1712 1543 1787 εῒνᾳι,
1573 1718 1671 1772 καὶ
1704 1722 1920 1783 ἑαυτοῖς

342 1809 437 1877 καὶ
468 1810 535 1878 τῇ
560 1806 789 1880 ἀληθείᾳ
816 1808 1099 1876 φαίνονται
1143 1809 1487 1880 ἀσύμφωνοι.
1540 1811 1683 1865 Ἀλλ’
1731 1813 1919 1883 ἐπειδὴ

342 1898 442 1951 καὶ
456 1899 518 1952 τὸ
541 1896 887 1969 ἀνθρώπινον
922 1899 1186 1970 Χριστοῦ,
1221 1901 1408 1969 φασὶν,
1432 1903 1490 1956 ὲν
1523 1901 1602 1973 τῷ
1632 1902 1775 1974 λόγῳ
1817 1903 1916 1975 τὴν

345 1989 646 2044 ὑπόστασιν
677 1986 844 2061 εἶχεν,
876 1993 974 2045 καὶ
1001 1992 1060 2045 οὑ
1099 1992 1418 2065 προῦπέστη
1451 1994 1549 2065 τῆς
1611 1994 1707 2048 τοῦ
1740 1995 1915 2065 Λόγου

344 2081 614 2145 ὲνὼσεως,
641 2082 729 2136 διὰ
775 2082 935 2137 τοῦτο
968 2083 1098 2154 μίαν
1131 2085 1311 2155 φαμὲν
1338 2082 1478 2140 εἶναι
1505 2086 1605 2157 τὴν
1640 2085 1735 2140 τοῦ
1781 2088 1917 2159 Χρι-

345 2171 474 2226 στοῦ
504 2172 822 2255 ὑπόστασιν.
848 2175 1084 2245 Πότερον
1112 2170 1206 2229 οὖν
1247 2176 1492 2247 φαίημεν
1522 2176 1618 2231 καὶ
1653 2178 1836 2248 ἡμεῖς,
1860 2178 1919 2231 ἓν

344 2264 439 2317 καὶ
489 2264 686 2318 ταυτὸν
744 2265 966 2335 ἡγεῖσθε
1022 2266 1311 2336 σημαίνειν
1351 2266 1450 2337 τὴν
1490 2266 1653 2337 φύσιν
1695 2268 1789 2321 καὶ
1817 2268 1919 2337 τὴν

341 2358 663 2424 ὑπόστασιν,
692 2358 765 2429 ᾡς
789 2358 1027 2429 ὀνόματα
1053 2359 1212 2430 μόνον
1234 2355 1373 2413 εἶναι
1388 2359 1621 2429 διάφορα
1648 2360 1769 2413 καθ’
1802 2361 1919 2423 ἑνὸς

344 2448 745 2518 σημαινομένου
768 2450 1056 2515 πίπτοντα,
1087 2451 1163 2514 ὡς
1190 2451 1431 2522 μάχαιρα
1446 2452 1538 2505 καὶ
1559 2450 1730 2520 ξίφος.
1752 2452 1918 2521 ⁴ἣὲτε-

345 2557 441 2612 ρον
469 2541 561 2593 καὶ
584 2540 800 2611 ἑτέρονς
833 2542 891 2594 Ei
928 2541 1025 2612 μὲν
1045 2538 1138 2596 οὖν
1166 2544 1384 2607 ταυτὸν,
1409 2545 1537 2613 μιᾶς
1560 2543 1659 2613 τῆς
1680 2543 1920 2601 ὑποστά-

344 2649 486 2696 σεως
501 2632 685 2703 οῦσης,
713 2634 837 2703 μίαν
857 2630 990 2689 εἶναι
1021 2636 1114 2687 καὶ
1135 2635 1234 2707 τὴν
1254 2634 1413 2705 φύσιν
1424 2636 1659 2706 ἀνάγκη,
1685 2636 1760 2699 ὡς
1780 2638 1827 2690 εἰ
1862 2638 1922 2690 τὸ

342 2721 501 2791 ξίφος
531 2721 590 2775 ἒν
619 2723 727 2792 εἴη,
755 2724 849 2777 καὶ
878 2724 979 2794 τὴν
1024 2725 1303 2797 μάχαιραν
1338 2726 1467 2796 μίαν
1509 2721 1651 2779 εἷναι
1680 2726 1919 2797 ἀνάγκη.

348 2813 420 2865 Ἤ
446 2814 496 2866 εί
521 2814 578 2866 ai
607 2814 796 2882 φύσεις
829 2814 942 2878 δύο,
979 2817 1072 2868 καὶ
1125 2817 1455 2881 ὑποστάσεις
1483 2816 1542 2883 ἐξ
1563 2817 1809 2888 ἀνάγκης
1830 2817 1922 2870 δύο

344 2904 597 2958 ἔσονται*
631 2908 680 2960 εί
716 2906 772 2958 δὲ
820 2906 948 2960 ἄλλο
987 2908 1084 2977 μὲν
1138 2907 1395 2979 σημαίνει
1442 2910 1504 2962 τὸ
1561 2911 1661 2980 τῆς
1708 2909 1922 2978 φύσεως

341 2994 542 3065 ὄνομα,
567 2995 696 3050 ἀλλο
749 2998 806 3051 δὲ
846 2999 906 3051 τὸ
963 3000 1061 3067 τῆς
1093 3002 1470 3066 ὑποστάσεως,
1518 3002 1690 3057 αἴτιον
1727 3002 1784 3056 δὲ
1827 3003 1921 3056 τοῦ

350 3086 480 3156 μίαν
505 3084 645 3141 εἶναι
672 3089 765 3142 τοῦ
791 3091 1029 3162 Χριστοῦ
1062 3091 1159 3164 τὴν
1209 3094 1507 3147 ὑπόστασιν
1550 3095 1830 3166 ἡγοῦνται,
1860 3095 1923 3148 τὸ

352 3176 430 3247 μὴ
464 3179 811 3251 προϋπάρξαι
840 3182 940 3253 τὴν
978 3182 1073 3237 τοῦ
1101 3182 1392 3254 ἀνθρώπου
1412 3186 1730 3253 ὑπόστασιν,
1754 3188 1922 3258 ἦγουν

2015 710 2232 779 unum),
2263 725 2452 765 verum
2477 711 2643 765 etiam
2675 727 2740 766 ex
2766 711 2885 781 ipsa
2916 712 3151 769 rationis
3174 713 3247 768 vi.
3281 711 3337 768 Si
3364 715 3511 769 enim
3536 716 3597 771 in

2015 801 2411 872 hypostasibus
2443 802 2609 874 (idem
2652 812 2836 859 autem
2860 803 3046 861 dicere
3076 813 3183 872 est,
3217 817 3380 877 atque
3419 807 3472 861 in
3506 808 3593 862 iu-

2015 891 2281 961 dividuis)
2312 899 2516 945 natura
2546 906 2778 962 quaeque
2812 894 3017 963 accipit
3051 895 3457 963 exsistentiam,
3495 912 3592 952 ne-

2014 996 2172 1038 cesse
2207 997 2439 1052 prorsus
2469 990 2576 1047 est,
2628 984 2719 1037 ubi
2769 984 2891 1038 duae
2940 992 3069 1040 sunt
3113 995 3343 1054 naturae,
3396 989 3469 1044 ibi
3527 991 3594 1043 ad

2016 1074 2307 1129 minimum
2340 1077 2478 1131 duas
2497 1075 2823 1147 hypostases
2853 1092 2998 1141 esse,
3018 1062 3300 1145 in’quihus
3322 1080 3593 1136 exsisten-

2018 1167 2150 1221 tiam
2205 1182 2284 1223 eae
2338 1176 2553 1223 naturae
2603 1171 2975 1239 susceperint.
3010 1168 3129 1224 Non
3166 1178 3347 1241 potest
3393 1171 3597 1241 quippe

2018 1267 2218 1315 natura
2261 1261 2569 1316 secundum
2613 1277 2673 1317 se
2705 1262 3011 1317 subsistere
3041 1263 3096 1316 in
3126 1263 3277 1317 nullo
3310 1261 3597 1317 individuo

2017 1361 2286 1421 Spectata.
2314 1351 2664 1407 Individuum
2698 1361 2884 1407 autem
2926 1350 3069 1407 idem
3100 1368 3223 1409 esse
3244 1368 3308 1408 ae
3335 1353 3596 1425 hyposta-

2019 1443 2121 1499 sim
2173 1442 2409 1498 antehac
2446 1442 2978 1498 demonstravimus.
3016 1442 3290 1509 Quocirca
3341 1444 3431 1513 qui
3489 1458 3596 1498 non

2021 1534 2186 1589 modo
2218 1534 2563 1607 bypostasim
2599 1549 2765 1589 unam
2788 1576 2803 1600 ,
2850 1534 2946 1591 sed
2991 1542 3046 1589 et
3090 1542 3344 1590 naturam
3376 1545 3599 1607 propter

2021 1624 2325 1681 unitionem
2350 1625 2632 1680 exstitisse
2652 1625 2859 1687 volunt,
2887 1639 3097 1689 secum,
3128 1639 3192 1680 ac
3210 1639 3337 1680 eum
3356 1625 3596 1681 veritate

2018 1700 2339 1771 conSentire
2397 1714 2778 1784 reperiuntur.
2852 1712 2960 1780 Qui
3036 1728 3171 1769 vero
3252 1714 3596 1785 hypostasim

2023 1820 2217 1872 unam,
2249 1820 2316 1860 ac
2345 1814 2576 1861 naturas
2611 1804 2751 1859 duas
2782 1810 3017 1873 ponunt,
3051 1811 3161 1857 tam
3193 1819 3223 1858 a
3252 1819 3343 1870 se,
3370 1818 3533 1873 quam
3570 1819 3600 1856 a

2023 1898 2260 1953 veritate
2312 1896 2575 1952 videntur
2615 1894 2936 1950 dissentire.
2971 1893 3079 1949 Sed
3109 1895 3307 1951 aiunt:
3339 1894 3418 1951 Eo
3452 1894 3600 1964 quod

2022 1988 2344 2046 humanitas
2368 1987 2579 2045 Christi
2624 1988 2678 2041 in
2722 1985 2907 2043 Verbo
2944 1986 3287 2059 hypostasim
3322 1988 3601 2045 habuerit.

2021 2096 2127 2136 nec
2150 2089 2279 2137 ante
2309 2082 2617 2137 unitionem
2652 2095 2780 2136 cum
2807 2078 2988 2135 Verbo
3010 2080 3358 2147 substiterit;
3392 2080 3603 2134 idcirco

2020 2188 2183 2229 unam
2213 2173 2547 2229 aiiirmamus
2577 2188 2702 2229 esse
2731 2171 2939 2231 Christi
2974 2171 3338 2243 hypostasiiu.
3374 2172 3588 2239 Quibus

2019 2264 2241 2334 quidem
2301 2278 2401 2319 nos
2460 2278 2682 2334 quoque
2747 2262 3116 2318 dixerimus:
3174 2264 3370 2318 Annon
3433 2263 3603 2334 igitur

2022 2371 2193 2411 unum
2227 2355 2485 2426 idemque
2521 2352 2827 2425 signiﬁcari
2869 2354 3110 2409 censetis
3147 2369 3244 2424 per
3272 2362 3526 2408 naturam
3549 2361 3605 2407 et

2022 2450 2384 2521 hypostasim,
2420 2448 2555 2503 adeo
2586 2456 2647 2503 ut
2671 2446 2890 2502 diversa
2917 2446 3183 2500 duntaxat
3221 2445 3334 2501 sint
3382 2445 3604 2501 nomina

2022 2542 2079 2596 in
2145 2557 2313 2595 unum
2370 2550 2537 2610 atque
2599 2539 2743 2595 idem
2796 2538 3173 2609 significatum
3215 2536 3493 2597 cadentia.
3545 2544 3606 2590 nt

2022 2633 2239 2705 gladius
2265 2643 2323 2688 et
2340 2634 2515 2697 ensis,
2554 2640 2651 2686 aut
2675 2632 2825 2687 aliud
2858 2640 2910 2687 et
2944 2630 3118 2685 aliud.
3152 2629 3210 2685 Si
3233 2645 3400 2701 porro
3425 2631 3596 2696 idem;

2019 2740 2146 2781 cum
2193 2741 2302 2781 una
2357 2726 2667 2797 bypostasis
2717 2726 2811 2790 sit,
2864 2738 3028 2778 unam
3075 2716 3295 2793 quoque
3345 2729 3602 2779 naturam

2021 2834 2143 2877 esse
2192 2831 2484 2874 necessum
2537 2825 2649 2883 est;
2699 2818 2847 2872 velut
2895 2816 2943 2871 si
2999 2831 3142 2871 unus
3190 2814 3343 2871 ensis
3402 2813 3593 2876 fuerit,

2023 2910 2190 2964 etiam
2250 2923 2419 2962 unum
2478 2906 2718 2977 gladium
2776 2906 2894 2961 fore
2950 2919 3209 2972 necesse;
3266 2914 3357 2960 aut
3389 2904 3436 2961 si
3482 2904 3606 2960 dua:

2026 3007 2258 3062 naturze,
2290 2998 2617 3069 hypostases
2646 3011 2866 3067 quoque
2893 2995 3016 3051 duae
3047 2995 3239 3051 eadem
3270 2995 3606 3051 necessitate

2023 3098 2210 3146 erunt.
2252 3090 2409 3157 Quod
2463 3090 2508 3146 si
2564 3090 2713 3143 aliud
2761 3089 3038 3160 signiﬁcat
3094 3096 3309 3143 natura:
3368 3103 3604 3155 nomen,

2028 3181 2177 3234 aliud
2241 3182 2585 3253 hypostasis;
2654 3195 2879 3236 causam
2951 3190 3136 3234 autem
3204 3196 3306 3235 cur
3366 3196 3474 3236 una
3535 3181 3608 3236 sit

348 3270 663 3338 πρόσωπον,
694 3274 793 3343 τῆς
824 3274 958 3343 πρὸς
987 3275 1078 3330 τὸν
1133 3277 1307 3345 Λόγον
1358 3276 1625 3341 ὲνὼσεως.
1662 3279 1776 3332 Ούκ
1826 3273 1920 3332 οὖν

2024 3272 2227 3328 Christi
2285 3273 2617 3344 hypostasis,
2680 3287 2799 3328 eam
2845 3287 2969 3327 esse
3020 3271 3401 3338 arbitrentur,
3449 3271 3606 3342 107

346 3357 448 3408 καὶ
482 3358 580 3422 τὰς
603 3358 697 3413 δύο
724 3360 818 3414 τοῦ
854 3363 1095 3434 Χριστοῦ
1137 3365 1331 3433 φύσεις
1361 3361 1523 3431 εἶναι,
1550 3366 1723 3422 αἴτιον
1754 3368 1922 3438 ἀνείη

344 3451 704 3521 προῦπάρξαι
729 3453 828 3525 τὴν
884 3455 981 3509 τοῦ
1034 3457 1324 3528 ἀνθρώπου
1354 3459 1517 3529 φύσιν
1543 3462 1639 3531 τῆς
1664 3460 1799 3531 πρὸς
1833 3460 1953 3513 τὸν·

345 3540 563 3610 Λόγον)
605 3544 869 3610 ένώσεως.
933 3547 1073 3601 Ἀλλ’
1121 3551 1170 3602 εί
1232 3551 1551 3623 προῦπέστη
1600 3551 1925 3623 ήὲνωθεῖσα

345 3633 431 3706 τῷ
451 3635 607 3706 Λόγῳ
635 3638 835 3709 μερικὴ
859 3638 1041 3707 φύσις,
1082 3642 1295 3712 ἀνάγκη
1342 3643 1513 3707 πᾶσα,
1552 3643 1645 3696 καὶ
1670 3642 1766 3714 τὴν
1792 3642 1892 3696 ταύ
1910 3673 1924 3682 -

342 3746 452 3799 της
470 3730 874 3800 προῦποστῆναι
898 3731 1215 3788 ὑπόστασιν,
1241 3732 1460 3787 Τούτων
1487 3733 1595 3806 γὰρ
1630 3735 1729 3790 οὑκ
1777 3736 1924 3790 ἐνδέ-

342 3834 505 3889 χεται
539 3818 767 3890 θάτερον
796 3815 958 3883 εἶναι,
980 3821 1074 3875 τοῦ
1098 3821 1288 3876 λοιποῦ
1320 3822 1396 3894 μὴ
1416 3823 1566 3888 ὅντος
1594 3840 1609 3855 °
1640 3824 1738 3895 τὴν
1768 3842 1924 3896 μερι-

342 3910 455 3977 κὴν
483 3910 628 3979 λέγω
663 3909 846 3979 φύσιν,
898 3911 1047 3965 ἀνευ’
1080 3914 1179 3984 τῆς
1233 3914 1369 3977 ίδίας
1415 3914 1586 3984 αὐτῆς
1632 3914 1845 3984 φύσεως
1870 3916 1922 3973 ί.

347 4002 456 4056 Ἐν
483 4003 591 4072 γάρ
614 4003 762 4055 ἐστιν
786 4002 955 4073 ἀμφω
969 4002 1048 4074 τῷ
1077 4004 1444 4077 ὑποκειμένῳ,
1470 4007 1519 4060 εί
1552 4008 1647 4061 καὶ
1678 4008 1757 4070 εἰς
1791 4025 1923 4061 ταυ-

339 4096 442 4148 τὸν
472 4095 735 4158 πολλάκις
764 4096 1117 4166 συντρέχουσι
1158 4096 1313 4168 παρὰ
1367 4100 1482 4163 τοῖς
1528 4099 1921 4171 χρησαμένοις,

338 4185 427 4241 ὡς
466 4183 647 4256 μικρῷ
703 4185 939 4255 πρόσθεν
992 4187 1295 4259 ἐδείξαμεν.
1353 4188 1415 4242 Εί
1454 4190 1636 4245 τοίνυν
1672 4191 1922 4265 ὥσπερὴ

340 4275 665 4339 ὑπόστασις,
698 4276 839 4331 οῦτω
893 4279 989 4332 καὶ
1039 4280 1071 4351 ὴ
1120 4280 1282 4350 φύσις
1313 4282 1345 4352 ἡ
1371 4279 1448 4352 τῷ
1479 4282 1638 4354 Λόγῳ
1664 4284 1924 4338 ἐνωθεϊσα

344 4370 413 4421 οὐ
442 4370 759 4439 προῦπέστη
787 4369 886 4439 τῆς
916 4370 1051 4441 πρὸς
1075 4371 1238 4425 αὑτὸν
1280 4370 1560 4436 ένὼσεως·
1597 4374 1786 4447 διόπερ
1817 4375 1922 4446 ἄρα

346 4460 481 4528 μίαν
503 4458 600 4529 τὴν
623 4459 717 4512 τοῦ
739 4460 976 4529 Χριστοῦ
1008 4461 1251 4524 ἀξιοῦσιν
1284 4461 1605 4531 ὑπόστασιν,
1640 4464 1730 4518 διὰ
1765 4462 1922 4518 τοῦτο

341 4549 444 4601 καὶ
472 4547 634 4616 φύσιν
666 4549 830 4603 αὑτοῦ
862 4550 993 4619 μίαν
1038 4551 1379 4615 ἀξιούτωσαν
1415 4549 1554 4607 εἶναι
1589 4570 1600 4581 ·
1632 4553 1707 4625 μὴ
1737 4554 1922 4624 διαφέ-

2026 3364 2174 3433 quod
2216 3364 2454 3419 hominis
2487 3364 2825 3434 hypostasis.
2870 3379 2965 3418 seu
3003 3378 3262 3433 persona,
3295 3372 3422 3418 ante
3479 3362 3607 3417 uni-

2026 3457 2229 3511 tionem
2274 3472 2399 3513 cum
2436 3456 2619 3512 Verbo
2657 3472 2767 3512 non
2799 3457 3096 3514 exstiterit.
3130 3453 3333 3511 Verum
3383 3457 3429 3511 sl
3480 3464 3609 3510 ante

2027 3550 2273 3604 substitit
2307 3551 2456 3604 unita
2491 3548 2680 3605 Verbo
2730 3548 3087 3619 particularis
3119 3556 3341 3615 natura,
3380 3563 3609 3604 necesse

2030 3655 2258 3710 prorsus
2300 3649 2407 3705 est,
2463 3649 2521 3695 ut
2568 3648 2701 3696 ante
2740 3638 3055 3696 substiterit
3088 3637 3337 3707 ejusdem
3386 3652 3608 3709 quoque

2031 3741 2242 3787 naturae
2295 3733 2633 3806 hypostasis.
2687 3731 2896 3787 Horum
2928 3732 3073 3787 enim
3115 3731 3446 3787 alterutrum
3482 3744 3607 3787 esse

2028 3824 2245 3894 nequit,
2281 3825 2416 3896 quin
2449 3824 2723 3896 reliquum
2770 3823 2937 3879 etiam
2980 3825 3252 3879 exsistat:
3307 3820 3607 3891 particula-

2032 3931 2143 3971 rem
2194 3915 2321 3971 dico
2375 3925 2628 3971 naturam
2659 3916 2868 3985 absque
2897 3915 3121 3986 propria
3157 3929 3262 3970 sua
3290 3913 3603 3985 hypostasi.

2026 4004 2205 4061 Ambo
2232 4021 2405 4061 unum
2434 4006 2639 4078 quippe
2658 4006 3082 4076 suntsubjeeto,
3105 4005 3209 4062 etsi
3238 4005 3430 4060 eodem
3464 4018 3608 4075 sazpe

2026 4106 2373 4154 concurrunt
2402 4101 2543 4169 apud
2565 4113 2660 4154 eos
2692 4098 2788 4169 qui
2820 4098 2891 4153 iis
2912 4097 3144 4153 vocibus
3175 4096 3430 4163 utuntur,
3458 4097 3610 4153 sicut

2028 4190 2192 4262 paulo
2236 4198 2364 4246 ante
2413 4190 2786 4255 ostendimus.
2834 4187 3024 4259 Itaque
3064 4190 3109 4245 si
3138 4189 3606 4260 quemadmodum

2029 4283 2367 4356 hypostasis,
2400 4283 2475 4337 ita
2504 4291 2567 4338 et
2590 4291 2789 4337 natura
2822 4280 3005 4346 Verbo
3034 4269 3367 4347 unita,'non
3393 4280 3605 4336 substi~

2028 4377 2093 4431 tit
2144 4385 2272 4432 ante
2328 4376 2632 4431 unitionem
2695 4389 2822 4430 cum
2898 4374 3034 4441 illo;
3102 4388 3171 4428 eo
3244 4374 3366 4443 ipso
3418 4372 3608 4442 utique

2028 4469 2178 4538 quod
2211 4484 2374 4524 unam
2398 4468 2613 4523 Christi
2640 4466 2986 4540 hypostasim
3014 4464 3350 4525 concedunt.
3380 4472 3606 4536 propter

2031 4559 2174 4615 idem
2212 4560 2481 4615 continuo
2521 4575 2686 4614 unam
2716 4559 2838 4629 ejus
2865 4574 2989 4615 esse
3019 4568 3276 4613 naturam
3306 4558 3602 4612 fateantur.

343 4656 549 4709 ρουσαν
576 4639 681 4710 γάρ
733 4641 874 4694 κατὰ
916 4642 977 4694 τὸ
1025 4643 1288 4713 ἡνῶσθαι,
1321 4643 1445 4699 οὑδὲ
1493 4624 1641 4700 κατά
1667 4645 1826 4700 τοῦτο
1853 4646 1919 4701 ἂν

2029 4652 2242 4705 Etenim
2283 4651 2732 4722 quandoquidem
2784 4667 2893 4708 non
2941 4651 3205 4706 dill'erunt
3270 4651 3323 4704 in
3379 4650 3602 4713 unione,

336 4730 673 4797 διαφέροιεν.

414 4819 521 4876 τπδ’.
569 4822 1065 4896 ’Λφθαρτοδοκῆται
1117 4826 1253 4897 (6|),
1323 4829 1371 4881 oi
1437 4827 1545 4881 ἀπὸ
1600 4827 1916 4895 ’ῐουλιανοῦ,

2028 4758 2130 4798 nec
2156 4745 2213 4797 in
2247 4746 2348 4798 hoc
2379 4745 2544 4800 etiam
2576 4744 2895 4801 differentes
2924 4744 3146 4799 fuerint.

2098 4830 2189 4886 84.
2221 4832 2767 4902 Aphthartodocetze,
2815 4849 2844 4887 a
2894 4831 3111 4889 Juliano
3144 4829 3604 4886 Halicarnasseno

1631 4943 1867 4997 VARl/E
1923 4943 2325 5002 LECTIONES.

415 5036 429 5084 ἱ
482 5035 577 5090 Sic
619 5034 781 5090 codd.
839 5035 971 5091 2951
1003 5034 1095 5089 τοῦ
1132 5035 1329 5104 Λόγου.
1384 5038 1409 5076 ιι
1444 5036 1571 5109 Leg.
1610 5038 1979 5103 ὑποστάσεως.

1861 5191 2093 5248 ΝΟΤᾹΣ.

414 5289 530 5357 (61)
557 5288 807 5345 Julianus
834 5290 1356 5357 Halicarnassensis,
1390 5303 1444 5345 et
1469 5289 1709 5345 Gaianus
1736 5290 1922 5344 Timo-

337 5362 458 5415 thei
507 5360 798 5414 Alexandr.
860 5361 1126 5416 diaconus
1175 5376 1204 5414 a
1256 5362 1459 5416 Severo
1518 5362 1917 5426 discesserunt,

337 5430 492 5499 quod
535 5429 623 5482 hic
678 5431 1034 5500 corruptibile
1094 5431 1297 5486 Christi
1341 5446 1543 5500 corpus
1573 5430 1819 5496 diceret;
1862 5448 1922 5485 ne

334 5505 459 5570 iam
486 5501 621 5552 inter
645 5517 855 5553 carnem
898 5509 947 5554 et
1008 5500 1232 5554 Verbum
1267 5501 1553 5555 discrimen
1616 5510 1917 5569 poneretur,

338 5572 595 5636 adeoque
622 5570 743 5640 dumi
777 5579 983 5624 natura:
1014 5581 1219 5626 essent.
1256 5570 1379 5624 Haec
1413 5587 1578 5640 porro
1600 5581 1920 5640 acceperant

339 5643 416 5696 ab
454 5640 687 5708 ipsomet
709 5639 1015 5705 Timotheo,
1052 5642 1142 5708 qui
1171 5648 1362 5694 contra
1392 5639 1652 5696 Severum
1682 5649 1921 5696 conten—

339 5714 527 5773 derat,
593 5710 802 5764 unione
851 5709 991 5764 l'aeta
1019 5711 1356 5766 dilicrcntias
1387 5712 1567 5767 nullas
1602 5719 1918 5765 naturarum

339 5779 912 5852 superfuisseg‘quod
943 5796 1075 5836 sane
1118 5782 1170 5835 in
1204 5781 1667 5852 Eutychianorutn
1702 5781 1920 5834 illorum

344 5865 580 5907 sensum
615 5848 915 5913 rccidebat,
951 5852 1043 5919 qui
1080 5848 1348 5920 negabant
1390 5851 1672 5905 ambarum
1700 5859 1926 5904 natura-

348 5936 499 5986 runt,
542 5936 640 5976 seu
672 5921 863 5976 saltem
931 5920 1201 5987 lnuuanae,
1242 5921 1602 5992 proprietates
1635 5922 1924 5977 mansisse.

2032 5291 2217 5348 Severi
2274 5301 2455 5363 partes
2499 5290 2841 5363 Theodosius
2896 5289 3070 5363 tuitus
3098 5299 3204 5351 est,
3231 5303 3354 5363 cum
3394 5287 3463 5363 de
3504 5303 3599 5357 pa-

2033 5356 2336 5418 triarcliatu
2383 5372 2573 5418 contra
2629 5360 2896 5415 Gaianum
2958 5360 3213 5427 litigaret.
3259 5356 3602 5428 Nicephorus

2029 5433 2240 5489 Callist.
2268 5435 2363 5488 lib.
2405 5448 2535 5493 xvu,
2569 5445 2691 5499 cap.
2738 5430 2825 5491 19,
2867 5430 3113 5499 quaedam
3154 5427 3346 5483 recitat
3379 5427 3445 5483 ex
3482 5429 3600 5482 illo-

2026 5519 2144 5557 rum
2172 5498 2678 5571 disceptationibus,
2720 5515 2841 5571 qua:
2863 5498 3063 5571 similia
3100 5508 3445 5571 suntAeorum
3479 5513 3601 5567 qua:

2029 5575 2116 5627 hic
2145 5575 2306 5628 habet
2328 5567 2863 5626 'Datnascenns._Nos
2890 5567 3119 5639 quidem,
3155 5568 3391 5631 aiebant,
3428 5584 3600 5623 neces-

2029 5646 2186 5698 sitate
2211 5652 2418 5697 natura:
2458 5643 2759 5710 a/I‘ectioues
2791 5639 2923 5705 ejus,
2953 5648 3081 5708 puta
3109 5639 3325 5708 fantem,
3354 5640 3600 5704 sitimque

2034 5714 2254 5781 [erimus
2286 5732 2303 5768 :
2335 5722 2390 5767 at
2440 5712 2706 5774 Christus,
2757 5710 2845 5779 qui
2907 5718 3091 5781 sponte
3128 5725 3314 5781 puteus
3366 5710 3599 5781 sit,_nou

2030 5778 2244 5852 perinde
2275 5783 2472 5854 legibus
2509 5791 2716 5854 natura:
2748 5778 2950 5854 seruiit.
2978 5778 3334 5854 Quos__Gr:eci
3365 5778 3605 5854 ’Λφθαρ-

2033 5850 2346 5921 τοδοκήτας,
2385 5853 2584 5916 Latini,
2618 5850 3094 5921 lucorrupticolus,
3124 5850 3340 5915 dixere;
3383 5850 3442 5903 in
3470 5860 3606 5918 quo-

2037 5938 2166 5991 rum,
2191 5920 2355 5979 etiam
2389 5938 2631 5980 errorem
2663 5920 2949 5978 Justiauus
2974 5921 3107 5991 imp.
3142 5920 3391 5975 incurrit.
