3962 6320
41 35 50 98 ξ

401 409 508 468 'lbh
1565 405 1626 464 S.
1667 404 1979 466 JOANNIS

2090 407 2462 468 AMASCENI
3551 409 3651 471 756

398 523 454 568 et
478 512 688 568 Gaiano
720 509 1113 577 Alexandrino,
1147 512 1241 580 qtti
1293 511 1460 565 iidem
1501 510 1769 568 Gaianilae
1802 516 1978 569 vocali

2090 520 2174 571 τοῦ
2214 519 2710 590 Ἀλικαρνασσέως,
2743 523 2836 576 καὶ
2855 521 3084 576 Γαῖανοῦ
3108 519 3204 574 τοῦ
3239 517 3650 587 ’Δλεξανδρέως,

399 613 554 670 sunt,
582 601 848 674 originem
881 602 1115 656 ducunt.
1152 601 1238 669 Hi,
1272 617 1399 657 cum
1437 603 1490 656 in
1538 603 1662 659 aliis
1718 605 1976 661 omnibus

401 697 714 755 Severianis
743 697 1116 760 consentiant,
1147 695 1253 750 hoc
1284 695 1460 750 solum
1486 696 1555 750 ab
1579 696 1660 752 eis
1681 698 1975 762 dissident,

399 791 544 861 quod
604 789 890 845 Severiani
948 790 1004 844 in
1046 787 1257 844 Christi
1303 788 1509 844 unione
1559 789 1974 846 distinctionem

399 883 585 954 specie
615 891 780 937 tenus
805 881 1122 945 admittunt,
1157 879 1468 936 Julianistee
1505 898 1638 938 vero
1669 891 1723 937 et
1748 881 1977 937 Gaiani-

399 986 470 1031 tae
497 975 630 1048 [non
650 975 830 1030 solum
860 972 1093 1027 duarum
1112 975 1166 1027 in
1189 973 1407 1028 Christo
1435 982 1758 1028 naturarum
1782 975 1982 1030 distin-

398 1063 638 1118 ctionem
676 1069 910 1133 negant;
942 1077 1130 1115 verum
1171 1059 1360 1132 etiam]
1398 1060 1611 1116 Domini
1646 1077 1848 1131 corpus
1867 1063 1979 1133 jam

400 1153 532 1210 inde
562 1155 630 1208 ab
659 1153 777 1223 ipsa
812 1151 1144 1206 formatione
1191 1151 1616 1222 ineorruptibile
1659 1153 1829 1208 fuisse
1879 1152 1980 1208 do-

401 1255 548 1302 cent.
599 1245 680 1301 Ae
728 1244 950 1316 quidem
997 1244 1248 1300 fatentur
1301 1247 1631 1299 sustinuisse
1689 1244 1978 1299 Dominum

401 1337 715 1409 passiones,
745 1345 878 1409 puta
914 1337 1136 1402 famem,
1161 1348 1216 1394 et
1243 1338 1414 1400 sitim,
1448 1347 1502 1392 et
1549 1337 1929 1392 lassitudinem
1960 1357 1974 1405 ;

403 1433 499 1489 sed
533 1449 640 1487 non
673 1448 740 1488 eo
772 1448 880 1502 quo
920 1447 1023 1487 nos
1056 1432 1393 1488 sustinemus
1429 1431 1615 1495 modo,
1643 1431 1823 1499 ipsum
1851 1431 1978 1486 haec

2085 613 2133 664 oi
2166 615 2258 665 καὶ
2279 614 2556 667 Γαῖανῖται
2580 614 2888 683 λεγόμενοι,
2922 615 2978 667 ὲν
3001 614 3114 675 τοῖς
3149 610 3328 672 ἄλλοις
3352 611 3449 679 μὲν
3475 608 3640 662 ἃπασι

2085 706 2195 766 τοῖς
2212 705 2275 756 ὲκ
2293 704 2530 774 Σευῆρου
2547 704 2969 774 συμφερόμενοι·
2986 703 3044 754 ὲν
3059 700 3235 770 τούτῳ
3249 700 3307 753 δὲ
3326 699 3651 769 διαφερόμε-

2087 813 2184 859 νοι,
2213 795 2272 849 ὲν
2296 796 2374 865 τῷ
2413 797 2538 858 τοὺς
2568 797 2664 864 μὲν
2704 795 2967 866 διαφορὰν
2995 793 3012 834 ι
3053 794 3147 846 ἐπὶ
3171 793 3269 862 τῆς
3295 791 3541 853 ὲνὼσεως
3563 789 3650 843 τοῦ

2083 887 2318 958 Χριστοῦ
2345 888 2520 940 δοκεῖν
2542 887 2740 956 λέγειν’
2765 887 2986 948 τούτους
3008 885 3064 938 δὲ
3091 885 3367 954 ἄφθαρτον
3401 882 3458 947 ἐξ
3490 881 3651 952 αὐτῆς

2077 977 2417 1040 διαπλάσεως
2438 977 2531 1031 τοῦ
2565 977 2811 1048 σώματος
2837 976 2930 1031 τοῦ
2963 975 3169 1046 Κυρίου
3187 972 3530 1043 πρεσϐεύειν,
3563 971 3652 1024 καὶ

2076 1067 2144 1121 τὰ
2170 1068 2268 1138 μὲν
2285 1068 2431 1138 πάθη
2451 1069 2741 1138 ὑπομεῖναι
2761 1067 2851 1120 τὸν
2870 1066 3074 1138 Κύριον
3099 1063 3442 1134 ὁμολογοῦσι·
3464 1061 3650 1114 πεῖνάν

2078 1176 2242 1229 φημι,
2277 1160 2370 1212 καὶ
2394 1159 2576 1228 δίψαν,
2617 1160 2710 1212 καὶ
2741 1159 2907 1212 κόπον
2927 1174 2940 1187 ’
2977 1157 3038 1211 ού
3071 1157 3164 1208 τὸν
3184 1154 3346 1208 αὑτὸν
3374 1153 3431 1206 δὲ
3456 1152 3651 1223 τρόπον
3685 1166 3688 1168 '

2078 1252 2210 1320 ἡμῖν
2222 1251 2390 1303 ταῦτα
2403 1250 2885 1321 ὑπομεμενηκέναι
2899 1249 3083 1319 φασίν.
3101 1248 3164 1300 Ἦ
3173 1248 3279 1316 μᾶς
3297 1244 3650 1316 γὰρὲξάνάγ-

2085 1357 2186 1410 κης
2216 1345 2484 1413 φυσικῆς·
2524 1343 2616 1396 τὸν
2661 1341 2717 1394 δὲ
2769 1341 3004 1412 Χριστὸν
3055 1337 3317 1401 ἑκουσίως
3365 1338 3650 1406 ὑπομεῖναι.

2084 1431 2324 1502 λέγουσι,
2358 1435 2588 1495 καὶτοῖς
2627 1434 2728 1503 τῆς
2757 1433 2972 1503 φύσεως
3005 1433 3189 1504 νόμοις
3238 1431 3312 1501 μὴ
3347 1427 3647 1482 δουλεῦσαι.

403 1529 738 1584 sustinuisse
770 1528 984 1582 volunt.
1015 1526 1134 1611 Νοε
1157 1528 1302 1583 enim
1335 1527 1572 1581 naturali
1605 1528 1970 1611 necessitate;
2007 1537 2064 1582 at
2096 1528 2380 1586 Christum
2429 1537 2630 1599 Sponte
2674 1530 2828 1585 aiunt
2873 1528 2988 1584 haec
3036 1541 3257 1598 passum
3327 1539 3471 1588 esse,
3554 1536 3652 1576 nec

402 1621 618 1691 legibus
653 1628 865 1675 natura:
891 1605 1172 1676 serviisse.

474 1712 566 1766 85.
602 1709 884 1781 'Aguoetae,
928 1711 1022 1780 qui
1067 1719 1122 1765 et
1153 1709 1541 1765 Themistiani.
1580 1708 1644 1764 Hi
1679 1710 1846 1780 impie
1874 1710 1976 1764 do-

2156 1714 2260 1760 πε’.
2299 1706 2588 1777 Ἀγνοῆται
2618 1705 2752 1776 (62),
2771 1705 2821 1758 οί
2847 1704 2942 1758 καὶ
2963 1701 3313 1774 Θεμιστιανοί
3335 1717 3350 1733 ·
3377 1704 3427 1756 οἱ
3443 1703 3653 1770 ἀγνοεῖν

404 1811 529 1858 cent
560 1803 841 1858 Christum
874 1803 1090 1858 nescire
1121 1802 1262 1857 diem
1289 1802 1513 1872 judicii;
1544 1803 1706 1872 eique
1725 1802 1977 1856 timorem

2090 1798 2295 1862 ἀσεϐῶς
2355 1797 2817 1866 καταγγέλλοντες
2865 1795 2957 1848 τὸν
3015 1795 3251 1866 Χριστὸν
3295 1797 3396 1866 τὴν
3444 1796 3654 1866 ἡμέραν

405 1894 718 1950 ascribunt.
749 1892 891 1948 Sunt
925 1909 1088 1963 porro
1129 1893 1223 1948 isti
1257 1901 1405 1947 secta
1430 1893 1682 1962 quazdam
1731 1891 1982 1947 Theodo-

405 1983 695 2038 siauorum
725 2002 736 2035 ε
772 1998 898 2037 nam
947 1984 1172 2038 haeresis
1223 1983 1466 2053 ipsorum
1525 1967 1721 2038 auctor
1759 1979 1982 2038 Themi-

405 2076 582 2134 stius.
663 2088 828 2127 unam
888 2073 944 2127 in
997 2072 1218 2128 Christo
1298 2082 1546 2127 naturam
1619 2073 1979 2144 compositam

404 2163 661 2218 docebat.

477 2255 566 2310 86.
607 2253 1050 2326 Barsanuphitte,
1075 2253 1167 2325 qui
1191 2261 1244 2310 et
1267 2254 1619 2320 Semidalitae,
1645 2271 1772 2312 cum
1795 2255 1982 2312 omnia

405 2347 793 2401 Gaianitarum
819 2363 883 2402 ac
903 2347 1414 2403 Theodosianorum
1439 2349 1643 2418 placita
1663 2348 1979 2413 defendant,

407 2438 614 2508 aliquid
663 2439 888 2508 insuper
939 2440 1227 2494 invehunt.
1264 2439 1513 2506 Similam
1567 2441 1715 2496 enim
1771 2439 1983 2494 addunt

404 2529 494 2593 iis,
525 2545 646 2598 quae
673 2545 701 2582 a
720 2529 982 2585 Dioscoro
1001 2531 1130 2584 olim
1159 2531 1347 2586 oblata
1367 2531 1609 2598 fuerunt,
1629 2540 1983 2602 extremoque

404 2621 581 2692 digito
646 2624 1052 2694 contingentes,
1117 2623 1351 2677 farinam
1408 2624 1607 2679 leviter
1653 2625 1980 2695 degustant;

407 2714 622 2782 hocque
652 2715 902 2785 mysterii
937 2714 1058 2768 loco
1103 2715 1404 2784 accipiunt,
1443 2731 1568 2769 cum
1618 2715 1825 2769 nullam
1877 2716 1982 2785 ipsi

406 2820 642 2873 prorsus
667 2805 1004 2859 oblationem
1031 2804 1276 2860 faciant:
1309 2821 1520 2870 verum,
1554 2817 1610 2860 ut
1633 2807 1839 2860 dictum
1875 2814 1980 2869 est,

410 2895 572 2966 108
619 2897 882 2952 adhibitis
924 2895 1170 2952 Dioscori
1227 2898 1514 2968 symbolis,
1572 2898 1866 2967 additaque
1906 2900 1982 2953 si-

407 2988 558 3046 mila.
603 3003 711 3057 qua
738 2989 996 3056 paulatim
1026 2988 1401 3054 insumautur,
1427 2989 1480 3042 id
1511 2988 1620 3044 illis
1654 2990 1706 3043 in
1736 3004 1985 3044 commu-

405 3083 593 3138 nionis
626 3091 781 3151 parte
812 3082 980 3138 cedit.

475 3176 566 3230 87.
609 3174 832 3239 llicetze,
867 3173 1118 3228 monachi
1159 3181 1308 3234 sunt,
1341 3175 1638 3244 caatet'oqui
1689 3175 1851 3243 plane
1889 3191 1980 3230 or-

407 3267 633 3322 thodoxi
663 3285 676 3320 :
711 3266 764 3320 id
808 3281 938 3321 vero
969 3265 1252 3335 proprium
1299 3263 1586 3327 factitant,
1623 3273 1680 3318 ut
1717 3281 1822 3319 una
1853 3281 1977 3320 cum

405 3357 930 3416 sanctitnonialibus
973 3343 1033 3410 in
1101 3356 1453 3412 monasteriis
1503 3368 1679 3413 cwtus
1734 3367 1980 3430 agentes,

2082 1891 2180 1962 τῆς
2201 1890 2455 1962 κρίσεως,
2477 1890 2575 1944 καὶ
2602 1887 2808 1944 δειλίαν
2820 1887 2988 1941 αὐτοῦ
3011 1888 3476 1957 καταγράφοντες.
3499 1882 3652 1942 Οὗτοι

2081 1983 2137 2036 δὲ
2169 1984 2486 2054 ἀπόσχισμα
2513 1982 2622 2036 τῶν
2647 1981 3014 2036 Θεοδοσιανῶν
3050 1982 3209 2034 εἰσιν.
3245 1981 3306 2033 '0
3350 1977 3463 2050 γὰρ
3487 1979 3654 2050 Θεμί-

2085 2093 2248 2141 στιος,
2266 2077 2324 2141 ὃς
2343 2078 2559 2146 ἐγένετο
2575 2076 2755 2130 αὐτῶν
2773 2075 3128 2147 αἱρεσιάρχης
3152 2072 3280 2145 μίαν
3305 2074 3399 2125 ἐπὶ
3415 2073 3653 2144 Χριστοῦ

2085 2169 2246 2240 φύσιν
2278 2169 2532 2224 σύνθετον
2561 2170 2918 2240 ὲπρέσὸευεν.

2157 2261 2276 2328 πς’.
2321 2262 2754 2333 Βαρσανουφῖται
2801 2260 2944 2330 (65),
2988 2257 3038 2312 οί
3105 2258 3198 2312 καὶ
3263 2257 3608 2327 Σεμιδαλϊται
3635 2271 3652 2288 ο

2086 2352 2397 2424 σύμφρονες
2464 2350 2563 2420 μὲν
2596 2350 2706 2402 τῶν
2761 2349 3064 2402 Γαῖανιτῶν
3110 2346 3207 2402 καὶ
3257 2346 3652 2400 Θεοδοσιανῶψ

2084 2442 2267 2512 ἔχουσι
2293 2441 2350 2494 δέ
2380 2441 2543 2493 τικαὶ
2589 2438 2769 2493 πλέον.
2814 2437 3106 2508 Σεμίδαλιν
3149 2437 3258 2508 γὰρ
3300 2435 3654 2507 προστιθέασι

2083 2537 2197 2596 τοῖς
2223 2534 2331 2587 ἀπὸ
2351 2532 2644 2602 Διοσκόρου
2701 2531 2862 2602 δῆθεν
2924 2529 3395 2601 προοκομισθεῖσι,
3451 2529 3547 2582 καὶ
3578 2527 3656 2598 τῷ

2085 2627 2240 2698 ἄκρῳ
2267 2625 2514 2694 δακτύλῳ
2541 2624 2912 2694 ἐφαπτόμενοι
2963 2623 3213 2692 γεύονται
3260 2621 3354 2675 τοῦ
3400 2619 3652 2690 ἀλεύρου,

2086 2718 2182 2770 καὶ
2248 2716 2392 2769 τοῦτ’
2425 2715 2546 2790 ἀντὶ
2610 2715 2914 2785 μυστηρίου
2961 2715 3229 2785 δέχονται,
3281 2708 3654 2783 προσκομιδὴν

2085 2808 2313 2862 καθόλου
2351 2809 2424 2880 μὴ
2456 2807 2786 2880 ποιούμενοι.
2823 2808 3143 2870 Ἐλάσαντες
3167 2816 3206 2844 ω
3235 2806 3364 2875 γὰρ,
3399 2803 3476 2868 ὡς
3509 2803 3655 2872 εἴρη-

2083 2919 2194 2966 ται,
2217 2901 2283 2954 τὰ
2310 2901 2599 2972 Διοσκόρου
2642 2900 2946 2966 κοινωνίας,
2980 2897 3332 2969 προστιθέασι
3374 2895 3472 2966 τὴν
3506 2895 3657 2964 σεμί-

2083 2993 2253 3057 δαλιν,
2288 2991 2480 3044 καθότε
2506 2991 2840 3062 δαπανηθείη
2877 2991 3017 3044 κατὰ
3045 2999 3072 3027 ι’
3105 2989 3275 3061 βραχύ
3304 3004 3314 3016 ·
3352 2989 3447 3041 καὶ
3497 2984 3657 3039 τοῦτο

2086 3085 2270 3146 αὐτοῖς
2300 3083 2422 3135 ἀντὶ
2450 3081 2734 3144 κοινωνίας
2765 3081 3091 3149 λελόγισται.

2160 3174 2269 3238 πζη
2302 3173 2628 3242 ’1κέται(64)
2656 3190 2669 3203 ο
2692 3173 2887 3234 οἵτινες
2911 3169 3158 3241 ἀσκηταὶκ
3174 3169 3270 3240 μὲν
3297 3169 3652 3240 ὑπάρχουσιν,

2088 3265 2360 3336 ὁρθόδοξοι
2384 3266 2441 3318 ὲν
2470 3267 2584 3329 τοῖς
2615 3264 2795 3328 ἄλλοις
2826 3263 3032 3317 ἆπασιν
3086 3261 3260 3325 ὄντες,
3299 3259 3655 3329 συναγόμενοι

2047 3382 2056 3392 ·
2091 3359 2147 3412 δὲ
2177 3358 2290 3428 ἅμα
2322 3357 2569 3426 γυναιξὶν
2607 3356 2955 3428 ἀσκητρίαις,
2987 3355 3188 3426 ὕμνους
3234 3336 3323 3426 si};
3344 3353 3461 3422 Θεῷ
3485 3367 3654 3422 προσ-

1689 3508 1922 3565 VARle
1962 3508 2360 3566 LECTIONES.

483 3603 500 3644 ι
538 3604 710 3660 Codd.
747 3606 979 3673 August.
1004 3612 1057 3658 et
1083 3603 1140 3659 S.
1168 3603 1276 3658 Hil.
1308 3603 1627 3672 διαφθοράν,
1681 3601 1958 3673 adversus
1990 3604 2237 3658 auctoris
2293 3611 2552 3665 mentem,
2617 3602 2738 3673 qui
2762 3601 2874 3673 hmo
2904 3600 3228 3673 desumpsit
3291 3615 3356 3653 ex
3417 3597 3657 3673 Scholiis

405 3675 644 3740 Leontii,
675 3689 730 3729 ιιι
763 3668 1042 3742 comperio
1095 3691 1158 3728 ex
1189 3668 1421 3728 Collectj
1452 3668 1602 3727 cont.
1659 3672 1845 3726 Sever.
1909 3688 2031 3742 cap.
2065 3674 2153 3734 l7,
2188 3673 2460 3726 habentur
2501 3681 2569 3742 et
2599 3668 2741 3739 apud
2792 3670 3047 3742 Euthym.
3081 3669 3135 3722 in
3171 3669 3396 3742 Paitop.,
3450 3669 3556 3742 Atil.
3598 3668 3653 3731 ‘2,

405 3745 580 3802 c.17.
633 3738 821 3797 'Alii
876 3738 992 3796 ἀλλ’
1043 3744 1326 3809 ἐάσαντες,
1379 3744 1461 3800 sic
1512 3751 1620 3800 vet.
1659 3743 1890 3813 interpr.
1951 3741 2054 3798 Sed
2112 3744 2456 3798 dimittentes.
2497 3738 2755 3797 Metulosa
2802 3738 2968 3796 lectio
3021 3748 3124 3796 est.
3203 3749 3229 3776 ιι
3269 3741 3403 3810 Reg.
3445 3738 3480 3792 2
3532 3738 3648 3792 Au-

406 3825 553 3888 gust.
583 3813 714 3894 et‘S.
743 3813 849 3870 llil.
880 3814 1048 3884 παρά.

1913 3899 2122 3959 ΝΟΤΕ
2133 3945 2146 3958 .

481 3997 594 4067 (62)
627 3996 934 4052 Theodosio
976 3994 1761 4067 AlexandrinoMenophysita
1804 3992 1981 4067 Justi-

407 4063 558 4124 niaui
581 4063 747 4137 'jussu
774 4067 1308 4136 Constantinoitolim
1347 4063 1658 4137 deportato,
1679 4133 1689 4137 _
1709 4063 1980 4137 contingit

410 4150 466 4194 ut
505 4133 622 4208 ipse
654 4154 777 4192 cum
836 4138 952 4208 suis
1005 4133 1312 4208 disputaret
1340 4135 1529 4208 dehis
1562 4133 1768 4187 Christi
1801 4133 1982 4208 verbis

407 4203 622 4274 (Matth.
659 4224 806 4271 sxw,
845 4207 957 4274 '56),
995 4207 1164 4258 Ded-ie
1194 4205 1286 4257 illo
1305 4204 1382 4258 vel
1409 4204 1561 4263 liora,
1606 4219 1768 4274 neque
1810 4203 1984 4270 angeli

407 4272 569 4349 neque
609 4277 785 4331 Filius
821 4272 939 4349 scit.
1005 4275 1267 4349 Negante
1304 4274 1614 4349 Theodosio
1678 4272 1981 4349 Christum,

409 4343 517 4420 qua
543 4349 708 4420 homo
729 4354 869 4420 erat,
903 4343 1186 4420 ignorasse
1213 4345 1359 4420 diem
1397 4343 1614 4420 jud_i_eii,
1641 4343 1986 4420 aflirtnabaut

408 4414 526 4482 alii,
565 4417 710 4472 unde
753 4416 1059 4486 Ἀγνοῆται,
1093 4414 1228 4486 dicti
1282 4425 1432 4468 sunt.
1482 4415 1688 4486 Horum
1729 4414 1986 4486 princeps

2091 3996 2181 4064 qui
2210 4011 2240 4050 a
2268 3996 2428 4050 Petro
2449 3996 2644 4064 Mongo
2692 3996 3024 4060 defecerant,
3085 3995 3388 4049 oblationes
3421 3994 3474 4047 in
3529 3993 3662 4049 Col—

2084 4067 2242 4120 lectis
2271 4081 2377 4120 non
2412 4065 2630 4129 fecisse,
2663 4067 2758 4121 sed
2807 4082 2873 4120 ex
2903 4065 3185 4136 symbolis.
3207 4081 3340 4136 qua;
3360 4065 3662 4119 Dioscorus

2086 4136 2215 4191 olim
2244 4146 2580 4201 sacraverat,
2635 4152 2823 4191 erasas
2857 4135 3151 4204 particulas
3180 4135 3344 4187 semel
3406 4135 3458 4187 in
3513 4149 3662 4187 anno

2086 4207 2173 4260 die
2204 4205 2490 4262 Paschalis
2519 4221 2736 4260 sumere
2764 4221 3081 4261 consuesse.
3133 4205 3433 4258 Admistam
3479 4207 3662 4271 parti-

2087 4277 2230 4331 culis
2257 4276 2378 4331 istis
2429 4276 2694 4336 similam,
2738 4291 2768 4329 a
2821 4291 2928 4345 qua
2978 4274 3308 4328 Semidalitae
3359 4275 3658 4345 audierint,

2089 4347 2232 4416 apud
2285 4361 2451 4400 unum
2509 4344 2928 4416 Damascenumr
2964 4346 3160 4414 reperi.
3210 4344 3659 4416 _Sem_idalitaruut

2089 4411 2341 4471 meminit
2407 4417 2731 4471 Anastasius
2782 4415 2992 4470 Sinaita
3026 4411 3096 4468 'in
3135 4411 3381 4482 'Odnrtii,
3410 4429 3530 4482 cap.
3566 4414 3659 4467 10.

408 4487 750 4578 'l‘lhemistius
773 4483 1070 4578 'dia'co'uus-
1085 4483 1354 4578 [liii-3110!).
1381 4483 1986 4578 gentilisilleJi-hilolsp-
2019 4523 2062 4578 Β
2091 4486 2527 4578 ῐξίιιεοιιιιριιὶηηί
2559 4502 2686 4540 vero
2715 4487 2844 4540 dicti
2880 4492 3006 4578 sqnt
3039 4500 3066 4538 a
3103 4484 3477 4567 parsauuphio
3517 4497 3664 4578 quq-

410 4560 553 4628 phus
589 4557 679 4626 qui
706 4557 910 4628 sajculo
956 4572 1008 4611 ιν
1056 4556 1287 4618 vixerat,
1333 4557 1430 4628 _uti_
1479 4554 1984 4628 N_it;cphprr_r_s,_lib.

411 4623 570 4688 ivut,
603 4623 724 4694 cap.
756 4627 846 4692 49,
883 4628 1183 4682 oscitanter
1236 4625 1480 4694 scripsit.
1511 4623 1808 4694 Theodosii
1847 4623 1990 4677 illius

410 4692 760 4766 patriarchae,
818 4713 848 4750 a
904 4692 1664 4766 quoifl‘heodosiaoiAnomen
1723 4692 1986 4766 habuere,

410 4763 606 4822 Noster
636 4767 884 4825 meminit
921 4763 974 4821 in
1010 4765 1369 4836 Egyptiacis.
1427 4764 1651 4836 Photius
1704 4763 1827 4818 cod.
1859 4763 1984 4836 250,

411 4855 474 4891 σιτ
511 4837 740 4903 Eulogio
783 4833 1319 4890 Alexandrfnarrat
1363 4834 1661 4889 monachos
1718 4833 1985 4902 quosdam

416 4907 943 4974 llierosolymitanos
991 4906 1346 4974 quaestionem
1410 4906 1656 4959 eamdem
1704 4905 1983 4974 agitasse,

416 4924 660 4962 11181³0501
707 4924 943 4959 ΙῑΙΙιῖΙΙΙΟΒ
991 4924 1346 4974 ψιςὲειιθιιυιιι
1410 4924 1656 4959 θίΠΙΗΙϐΙΙΙ
1726 4924 1983 4974 38113558,

411 4988 634 5047 propter
662 4924 865 5031 Christi
897 4975 1124 5039 dictum,
1161 4973 1228 5047 ad
1273 4989 1494 5047 sorores
1525 4973 1737 5047 Lazari,
1774 4973 1862 5026 ubi
1880 4990 1985 5047 po—

412 5043 594 5101 suam
617 5062 757 5106 eum.
781 5061 954 5108 eoque
983 5043 1338 5114 processisse,
1382 5051 1440 5097 ut
1485 5043 1585 5114 ipsi
1620 5043 1980 5114 ignorantiam

413 5117 755 5186 alliugerent,
783 5115 831 5168 οἳ
863 5112 1088 5186 ἄγνοιαν
1120 5113 1196 5183 τῷ
1230 5114 1420 5186 κυρίῳ
1453 5112 1610 5184 ἡμῶν
1639 5112 1813 5183 Ἰησοῦ
1845 5115 1984 5186 Κρι-

414 5185 526 5259 στῷ
545 5181 882 5259 ξιτεριάπτειν
909 5181 1248 5259 ύπήχθῃσαν.
1280 5181 1404 5259 8ζιι[
1419 5181 1606 5259 vereor
1629 5193 1686 5238 ut
1703 5181 1817 5259 non
1840 5181 1982 5236 Pho-

414 5252 523 5311 tius
550 5252 870 5310 Palaestinos
901 5252 1219 5314 monachos,
1246 5255 1337 5324 qui
1365 5252 1682 5324 Gregorium
1719 5252 1979 5323 Magnum

413 5342 510 5396 per
529 5327 838 5381 Anatolium
868 5323 1279 5396 consuluerant,
1313 5324 1475 5391 hujus
1495 5323 1700 5380 erroris
1722 5332 1980 5396 patronos

411 5393 690 5468 censuerit
722 5415 734 5450 :
760 5397 978 5468 quando
1023 5395 1332 5468 Cregorius
1351 5466 1359 5468 _
1377 5395 1874 5468 ipsecontrariuur
1891 5393 1978 5445 in-

313 5490 318 5498 ι
412 5475 547 5520 nuat
581 5467 673 5521 lih.
711 5458 1052 5534 x,'cpist.35
1077 5458 1264 5528 εἶδε),
1296 5466 1359 5517 ad
1399 5458 1719 5534 Eulogium.
1770 5463 1874 5518 Sed
1924 5471 1977 5516 et

413 5545 750 5600 postremum
781 5533 882 5589 hoc
909 5535 1119 5589 Domini
1151 5537 1395 5597 verbum,
1431 5533 1493 5586 ad
1531 5533 1718 5588 Lazari
1757 5549 1975 5587 sorores

414 5603 723 5660 Theodosio
744 5606 1076 5659 'l'ltemistius
1093 5605 1385 5670 object-rat,
1421 5615 1478 5658 ut
1499 5605 1662 5657 tradit
1691 5603 1974 5658 Liberatus

415 5690 538 5743 cap.
577 5675 663 5729 l9.
687 5674 931 5728 Mouachi
963 5677 1146 5743 itaque
1180 5676 1254 5727 illi
1286 5675 1650 5743 Aguoctarum
1702 5681 1972 5728 momenta

417 5745 482 5803 ad
509 5759 700 5814 papam
725 5743 1017 5814 detulerint
1045 5743 1244 5813 potius,
1283 5760 1443 5812 quam
1475 5745 1886 5813 propugnat-int.

493 5811 606 5888 (ὒὸ)
634 5811 894 5869 Leontius
937 5811 1126 5869 narrat
1192 5811 1489 5871 nonnullos
1545 5811 1607 5870 ea
1661 5811 1968 5884 Acephalis,

2093 4556 2240 4618 dam,
2265 4554 2424 4623 quem
2443 4573 2536 4625 per
2554 4571 2828 4610 summum
2860 4554 3013 4609 nefas
3034 4555 3346 4625 episeopum
3377 4561 3662 4625 crearunt;

2093 4627 2384 4688 consimili,
2441 4623 2499 4679 ut
2545 4641 2688 4691 reor,
2738 4628 2875 4690 ritu,
2941 4640 3047 4693 quo
3115 4623 3520 4693 Accphalorum
3562 4623 3664 4676 alii

2092 4695 2280 4750 Isaiam
2311 4697 2518 4757 nescio,
2547 4713 2731 4763 quem.
2767 4692 3021 4758 imposita
3075 4693 3360 4764 Epiphauii
3404 4692 3574 4764 (velt
3597 4699 3670 4746 ut.

2091 4767 2256 4836 aliqui
2283 4766 2492 4829 volunt,
2525 4760 2761 4836 Eusebii)
2791 4765 3033 4836 episcopi
3073 4760 3358 4836 cujusdam
3385 4763 3453 4816 de
3485 4760 3668 4816 Palae-

2089 4833 2232 4890 stina
2262 4851 2446 4900 manu,
2477 4851 2574 4890 ceu
2614 4833 2848 4905 legitime
2883 4834 3192 4888 ordinatqu
3235 4833 3542 4905 habuerunt
3575 4847 3587 4882 :
3631 4848 3667 4886 a

2087 4916 2274 4974 quoet
2313 4906 2584 4960 lsaianitaa
2615 4901 2791 4961 vocati
2819 4916 2966 4960 sunt.
3015 4906 3141 4959 Haec
3180 4911 3444 4974 meruerat
3470 4901 3668 4974 Timoe

2091 4971 2249 5032 l'heus
2269 4975 2374 5029 ΟΡ.
2403 4976 2561 5029 Circa
2595 4977 2778 5030 steculi
2813 4977 2937 5029 noni
2971 4975 3184 5028 initium
3220 4971 3670 5040 Barsanuphiani

2086 5063 2209 5100 cutn
2269 5046 2483 5100 duobus
2552 5047 2825 5116 episcopis
2893 5046 3014 5116 suis
3063 5046 3245 5116 Marco
3287 5041 3672 5116 Alemndriuo

2083 5116 2450 5170 Jacohitarutn
2484 5112 2804 5180 patriarcha:
2839 5130 2899 5169 se
2918 5115 3263 5172 dediderunt.
3299 5112 3671 5180 quemadmo-

2083 5188 2211 5240 dum
2231 5186 2608 5240 refertauctor
2653 5187 2911 5240 Chro-nici
2943 5185 3380 5250 patriarcharum
3421 5180 3675 5234 Alexan—

2082 5256 2215 5311 dria:
2247 5266 2299 5311 et
2329 5255 2663 5319 Elmakinns,
2707 5259 2797 5310 lib.
2833 5272 2865 5309 ιι
2893 5254 3306 5320 llist.Sarac,p.
3335 5251 3456 5304 19.2.
3504 5251 3671 5305 Multi

2082 5329 2376 5394 scriptores
2395 5327 2485 5381 alii
2513 5326 3030 5394 Barsanuphitarum
3062 5323 3376 5394 meminere.

2150 5391 2264 5466 (64)
2291 5395 2530 5458 Hicetas,
2559 5397 2661 5451 nisi
2683 5391 2977 5462 casteroqui
3005 5391 3294 5446 orthodoxi
3316 5392 3672 5466 dicerentur,

2078 5462 2438 5522 Ma'ssalianos
2475 5467 2597 5520 illos
2635 5481 2756 5521 esse
2821 5473 3137 5525 statuerem,
3167 5477 3308 5528 quos
3355 5462 3675 5529 Χορευτάς,

2078 5537 2350 5591 vocitatus
2394 5537 2562 5591 refert
2625 5537 2946 5590 Timotheus
3001 5533 3105 5588 ΟΡ.
3167 5531 3398 5586 Nomina
3455 5531 3679 5599 quippe

2081 5606 2392 5660 [licetat-mn
2441 5615 2494 5672 et
2547 5606 2905 5662 Eur-hetarum
2958 5603 3098 5658 idem
3149 5602 3354 5656 Grazcis
3432 5613 3673 5655 sonant.

2078 5676 2394 5733 Melctianos
2434 5678 2597 5729 etiam
2655 5677 2704 5728 iu
2753 5675 3051 5745 synaxilms
3095 5674 3324 5728 choreas
3354 5685 3516 5742 agere
3565 5685 3680 5726 so-

2076 5747 2222 5816 litos,
2257 5764 2319 5802 cx
2346 5746 2689 5803 'l‘heodorcto
2723 5746 2979 5800 diximus.
3011 5759 3016 5762 ·
