3962 6320
371 369 481 436 757
1546 366 1645 424 DE
1687 363 2125 425 l-IERESIBUS
2167 365 2412 424 LIBER.
3536 367 3641 428 753

373 485 599 554 φέρουσι
626 474 764 548 μετά
795 472 1014 546 χορείας
1043 474 1185 537 τινὸς
1208 473 1301 527 καὶ
1328 471 1628 542 ὀρχήσεως,
1678 473 1951 543 μιμούμεο

2073 485 2290 542 iymnos
2342 469 2454 525 Deo
2509 485 2632 526 cum
2690 470 2891 527 chorea
2947 479 3002 527 et
3057 472 3313 543 tripudiis
3369 473 3638 543 offerant;

367 591 449 626 νοι
473 571 674 625 ὡσανεὶ
721 569 811 624 τὸν
847 567 1008 640 χορὸν
1064 567 1286 621 ἐκείνων
1341 567 1432 620 ἐπί
1476 565 1952 627 Μωῦσέωςσυνανι

2073 562 2292 616 :hormn
2349 561 2502 616 illum
2559 562 2871 628 imitantes,
2926 563 3022 634 qui
3070 563 3257 636 Moyse
3305 565 3449 622 duce
3501 581 3640 622 con-

373 664 574 716 στάντα
621 662 714 714 ἐπὶ
763 662 832 732 τῇ
888 659 1136 731 ἀπωλείᾳ
1181 658 1290 712 τῶν
1335 658 1668 728 Αἰγυπτίων,
1712 658 1778 728 τῇ
1805 657 1862 710 ἐν
1885 658 1950 727 τῇ

2073 652 2224 710 latus
2264 663 2367 718 est,
2402 668 2526 708 cum
2561 652 2803 725 :Egyptii
2853 654 2909 708 in
2955 655 3094 710 mari
3133 655 3323 712 Rubro
3369 658 3641 716 submersi

383 753 622 826 Ἐρυθρᾷ
649 752 896 824 θαλάσσῃ
923 751 1204 822 γεγονυίᾳ.

442 851 556 916 πη’.
589 843 932 914 Γνωσιμάχοι
958 859 970 872 ·
1025 844 1076 896 οἱ
1113 843 1262 914 πάσῃ
1297 841 1499 911 γνώσει
1545 841 1642 895 τοῦ
1693 842 1956 913 Χριστιας

367 939 560 1010 νισμοῦ
598 937 1040 1002 ἀντιπίπτοντες,
1066 936 1124 988 ἐν
1154 934 1233 1006 τῷ
1262 935 1443 1004 λέγειν
1487 935 1713 998 αὐτοὺς,
1744 935 1826 987 ὅτι
1853 950 1950 987 πε·-

370 1030 556 1102 ρισσόν
582 1046 634 1082 τι
665 1026 912 1081 ποιοῦσιν
946 1027 996 1078 oi
1043 1025 1274 1094 γνώσεις
1322 1025 1473 1088 τινὰς
1509 1023 1866 1096 ἐκζητοῦντες
1897 1027 1954 1078 ἐν

367 1125 488 1186 ταῖς
520 1121 694 1184 θείαις
723 1121 983 1191 Γραφαϊς.
1022 1118 1189 1172 Οὐδὲν
1235 1117 1345 1190 γὰρ
1400 1118 1529 1172 ἄλλο
1570 1117 1724 1189 ζητεί
1765 1120 1794 1172 ό
1823 1117 1955 1181 Θεὸς

370 1215 523 1286 παρά
548 1212 902 1283 Χριπιανοῦ,
936 1213 984 1264 εἰ
1010 1210 1084 1281 μὴ
1117 1204 1554 1280 πράξεις’καλάς
1576 1229 1587 1241 ·
1623 1212 1830 1280 ἀγαθὸν
1861 1205 1954 1264 οὖν

369 1308 486 1359 ἐστι
541 1306 742 1377 μᾶλλον
793 1303 1182 1374 ἀπλουστέρως
1232 1303 1354 1356 τινὰ
1426 1304 1791 1375 πορεύεσθαι,
1861 1304 1954 1358 καὶ

370 1399 537 1470 μηδὲν
570 1398 748 1470 δόγμα
774 1398 1084 1469 γνωστικῆς
1124 1396 1513 1471 πραγματείας
1554 1397 1954 1468 πολυπραγμο-

367 1509 500 1546 νειν.

436 1587 546 1640 πθ’.
586 1584 1035 1656 Ἥλιοτροπῖται’
1095 1584 1144 1637 oi
1190 1582 1288 1648 τὰς
1343 1583 1651 1655 λεγομένας
1707 1583 1956 1655 ἡλιοτρό-

367 1695 504 1742 πους
533 1677 766 1748 βοτάνας
785 1678 905 1739 ταῖς
934 1676 1118 1730 ἀκτῖσι
1153 1675 1248 1730 τοῦ
1274 1675 1427 1747 ἡλίου
1465 1675 1952 1746 συμπεριφερομέ-

366 1789 486 1835 νας,
545 1770 798 1837 λέγοντες
841 1767 1074 1839 δύναμίν
1105 1786 1229 1822 τινα
1279 1767 1431 1822 θείαν
1484 1768 1648 1838 ἔχειν,
1705 1768 1801 1837 τὴν
1849 1767 1950 1831 τὰς

368 1863 621 1928 τοιαύτας
651 1864 959 1935 περιφορὰς
982 1861 1363 1932 ἐργαζομένην
1391 1864 1449 1914 ἐν
1496 1861 1688 1924 αὐταῖς
1713 1879 1726 1892 ·
1763 1863 1857 1914 καὶ
1879 1861 1953 1925 ώς

365 1957 455 2010 διὰ
479 1956 640 2010 τοῦτο
668 1957 838 2026 τιμᾷν
860 1955 1058 2018 αὐτοὺς
1106 1953 1409 2019 ἐθέλοντες,
1445 1954 1520 2026 μὴ
1557 1953 1828 2018 συνιέντες
1854 1952 1954 2024 τὴν

370 2047 705 2119 μηνυθεῖσαν
738 2047 957 2117 κίνησιν
989 2046 1171 2100 αὐτῶν
1211 2047 1448 2115 φυσικήν
1498 2063 1620 2099 τινα
1664 2047 1952 2118 ὑπάρχειν.

442 2140 514 2207 ιζ.
544 2139 946 2211 Θνητοψυχίται
981 2138 1096 2210 (65)
1119 2155 1130 2168 '
1165 2139 1215 2192 οἱ
1243 2141 1344 2210 τὴν
1393 2137 1743 2210 ἀνθρωπείαν
1777 2138 1954 2209 ψυχὴν

371 2231 684 2300 εἰσάγοντες
715 2230 912 2301 ὁμοίαν
934 2230 1034 2300 τῆς
1083 2229 1193 2283 τῶν
1229 2230 1465 2301 κτηνῶν,
1500 2231 1594 2284 καὶ
1623 2230 1703 2301 τῷ
1737 2229 1952 2302 σώματι

367 2323 623 2390 λέγοντες
653 2318 1090 2374 συναπόλλυσθαι
1129 2320 1326 2390 αὐτὴν.

442 2418 552 2482 ιιαῖ.
603 2412 985 2481 Ἀγονυκλῖται
1005 2427 1018 2442 ο
1051 2413 1102 2464 οἱ
1135 2414 1191 2466 ἐν
1232 2413 1392 2465 παντὶ
1422 2411 1600 2483 καιρῷ
1630 2411 1742 2465 τῶν
1774 2428 1944 2481 προσ-

368 2503 549 2576 ευχῶν
577 2503 708 2573 γόνυ
767 2503 842 2574 μὴ
902 2502 1149 2567 θέλοντες
1181 2502 1386 2557 κλίνειν
1435 2503 1550 2557 ἀλλ’
1579 2502 1816 2566 ἑστῶτες
1865 2502 1954 2555 ἀεὶ

366 2598 467 2660 τὰς
487 2597 800 2669 προσευχὰς
833 2596 1170 2668 ποιούμενοι.

442 2688 546 2757 ιβ’.
580 2687 1094 2756 Θεοκαταγνῶσται,
1143 2690 1192 2742 οἱ
1240 2689 1335 2743 καὶ
1397 2689 1748 2762 βλάσφημον
1793 2692 1843 2745 οἱ
1893 2690 1950 2744 έν

365 2798 477 2834 τισι
514 2779 692 2848 λόγοις
720 2782 811 2834 καὶ
836 2783 1146 2852 πράγμασι,
1167 2783 1274 2836 τῶν
1297 2801 1358 2836 τε
1378 2785 1756 2855 ἀνακειμένων
1801 2782 1948 2853 αὐτῷ

367 2873 541 2940 ἁγίων
572 2871 904 2944 προσώπων,
940 2876 1033 2928 καὶ
1062 2873 1168 2927 τῶν
1231 2873 1394 2929 θείων
1459 2876 1496 2928 Γ
1503 2875 1689 2946 ραφῶν
1723 2892 1948 2944 καταγι-

347 2964 602 3018 ’νώσκειν
636 2963 993 3036 πειρώμενοι,
1027 2966 1289 3039 τολμηροί
1334 2983 1479 3030 τινες
1507 2967 1601 3020 καὶ
1632 2965 1946 3041 βλάσφημοι

366 3058 733 3131 ὑπάρχοντες,

438 3241 548 3306 ια’.
574 3237 622 3290 Χ
632 3236 938 3306 ριστολύται
958 3236 1091 3309 (66)⁹
1112 3240 1159 3291 οἱ
1180 3238 1430 3306 λέγοντες
1452 3239 1542 3294 τὸν
1563 3241 1765 3312 Κύριον
1796 3240 1954 3312 ἡμῶν

379 3328 591 3398 Ἰησοῦν
620 3329 858 3399 Χριστὸν
891 3327 1029 3399 μετὰ
1059 3329 1156 3399 τὴν
1181 3331 1244 3382 ἐκ
1293 3329 1504 3400 νεκρῶν
1557 3331 1855 3385 ἀνάστασιν
1893 3332 1953 3384 τδ

367 3419 613 3491 ἔμψυχον
648 3421 808 3490 σῶμα
836 3419 1004 3473 αὑτοῦ
1053 3421 1203 3474 κάτω
1254 3420 1584 3486 λελοιπέναι,
1627 3422 1722 3476 καὶ
1767 3425 1950 3494 γυμνῇ

366 3515 434 3582 τῇ
464 3512 680 3584 θεότητι
711 3512 1097 3584 ἀνεληλυθέναι
1128 3514 1210 3578 είς
1244 3515 1368 3578 τοὺς
1402 3513 1689 3585 οὐρανούς.

440 3692 540 3760 ἥδ’.
585 3691 936 3764 Ἑθνόφρονες
959 3708 972 3724 ⁸
1029 3694 1078 3746 οἱ
1113 3694 1236 3756 ταῖς
1286 3692 1600 3763 συνηθείαις
1635 3692 1745 3746 τῶν
1782 3692 1952 3746 ἐθνῶν

366 3782 886 3848 ἐπακολουθοῦντες,
961 3785 1285 3854 Χριστιανοὶ
1340 3784 1508 3838 τάλλα
1576 3783 1948 3856 ὑπάρχοντες’

365 3875 566 3938 οἵτινες
597 3876 994 3944 παρεισάγουσι
1025 3875 1262 3944 γένεσιν,
1295 3876 1388 3929 καὶ
1409 3875 1602 3946 τύχην,
1634 3876 1729 3929 καὶ
1757 3876 1979 3947 εἱμαρο,

369 3965 565 4035 μένην,
604 3965 786 4020 πᾶσαν
807 3983 865 4019 τε
922 3965 1019 4037 τὴν
1055 3966 1422 4038 ἀστρονομίαν
1455 3967 1550 4019 καὶ
1591 3967 1952 4037 ἀστρολογίαν

367 4057 826 4127 παραδεχόμενοι,
858 4060 952 4111 καὶ
979 4059 1160 4111 πᾶσαν
1192 4059 1475 4127 μαντείαν,
1513 4059 1607 4112 καὶ
1639 4058 1951 4129 ὀρνιθοσκο-

367 4149 500 4202 πίαν
521 4166 535 4179 ·
569 4151 663 4202 καὶ
691 4151 1029 4219 οίωνισμοῖς,
1059 4151 1155 4203 καὶ
1171 4150 1666 4221 ἀππροπιασμοῖς,
1699 4150 1796 4203 καὶ
1821 4150 1953 4222 κλῃ-

367 4241 667 4312 δονισμοῖς,
697 4242 791 4296 καὶ
851 4243 1332 4313 τερατοσκοπίαις,
1379 4243 1475 4296 καὶ
1525 4243 1827 4308 ἐπαοιδαῖς,
1856 4244 1952 4298 καὶ

297 4367 300 4372 -
366 4335 482 4397 τοῖς
517 4332 726 4403 ὁμοίοις
761 4333 953 4403 μύθοις
1000 4333 1236 4398 ἀσεϐῶν,
1270 4336 1336 4405 τῇ
1388 4351 1448 4386 τε
1497 4332 1656 4405 λοιπῇ
1693 4333 1953 4407 συνηθείᾳ

366 4425 476 4478 τῶν
496 4423 668 4476 ἐθνῶν
696 4424 1144 4496 προσανέχοντες,
1167 4427 1260 4479 καὶ
1296 4425 1491 4496 ἐορτάς
1522 4443 1673 4487 τινας
1705 4425 1949 4495 Ἐλληνι-

2059 761 2304 816 pertere..

2131 836 2220 892 88.
2259 836 2618 892 Gnosimachi
2655 844 2806 901 sunt,
2835 837 2926 907 qui
2964 841 3111 892 omni
3158 840 3486 896 Christiana:
3514 843 3645 898 reli-

2058 929 2238 1002 gionis
2289 929 2594 1000 cOgnitioni
2624 944 2687 984 ac
2723 929 2968 985 scientia:
3019 930 3092 984 ita
3133 933 3536 999 adversantur,
3585 945 3645 989 ut

2059 1037 2536 1094 supervacaneum
2560 1037 2750 1076 eorum
2778 1022 3024 1077 laborem
3052 1038 3176 1078 esse
3211 1025 3417 1091 dicant,
3457 1027 3550 1096 qui
3575 1041 3643 1081 ex

2061 1113 2370 1184 Scripturis
2402 1113 2607 1169 divinis
2661 1113 3006 1184 cognitiones
3057 1115 3272 1184 aliquas
3307 1117 3642 1186 exquirunt;

2058 1221 2257 1277 nempe
2307 1221 2434 1261 cum
2468 1205 2614 1261 Deus
2647 1213 2845 1276 praeter
2876 1205 3019 1260 bona
3051 1221 3216 1275 opera
3253 1221 3281 1258 a
3311 1207 3643 1264 Christianis

2058 1301 2197 1356 nihil
2234 1300 2386 1356 aliud
2417 1299 2621 1371 exigat.
2662 1298 2937 1354 Praestare
2969 1301 3154 1368 itaque
3189 1309 3246 1353 ut
3274 1301 3398 1370 quis
3431 1302 3642 1372 simpli.-

2057 1392 2180 1447 cius
2212 1391 2452 1456 incedat,
2483 1391 2808 1460 nullumque
2843 1391 3039 1462 dogma
3074 1391 3140 1446 ad
3180 1392 3467 1447 scientiam
3513 1396 3641 1448 atti—

2059 1501 2196 1541 nens
2227 1484 2508 1541 curiosius
2539 1491 2842 1540 scrutetur.

2129 1578 2218 1634 89.
2260 1577 2636 1649 lleliotrOpitze
2683 1587 2832 1642 sunt,
2888 1578 2982 1648 qui
3034 1577 3102 1632 iis
3147 1577 3202 1632 itt
3258 1578 3466 1644 herbis,
3525 1595 3646 1648 qua:

2059 1672 2232 1727 solem
2256 1670 2489 1741 ejusque
2525 1669 2710 1728 radios
2742 1671 3279 1739 sequuntur,inesse
3308 1670 3415 1724 vim
3446 1685 3644 1740 quam-

2057 1765 2182 1820 dam
2216 1763 2459 1819 divinam
2492 1765 2705 1826 dicunt,
2734 1780 2842 1834 qua
2866 1765 3136 1835 ejusmodi
3168 1768 3561 1823 conversiones
3588 1766 3645 1824 iu

2059 1859 2169 1912 illis
2201 1856 2507 1913 elliciantur
2540 1876 2553 1914 :
2584 1859 2947 1928 quamobrem
2988 1859 3197 1912 cultum
3255 1859 3336 1915 eis
3393 1860 3641 1915 adhiberi

2058 1951 2291 2018 volunt;
2325 1965 2425 2006 nec
2450 1949 2766 2021 intelligunt
2797 1958 3004 2005 motum
3040 1951 3135 2022 qui
3189 1951 3243 2006 in
3287 1952 3372 2008 his
3403 1953 3647 2008 animad-

2057 2041 2314 2106 vertitur,
2350 2041 2660 2097 naturalem
2695 2055 2839 2097 esse.

2125 2133 2214 2191 90.
2246 2133 2753 2206 Thnetopsychitze,
2783 2133 3022 2188 animam
3074 2133 3371 2191 humanam
3404 2136 3641 2196 similem

2056 2229 2253 2281 animae
2283 2227 2560 2298 pecudum
2591 2228 2882 2293 inducunt,
2914 2243 3146 2299 eamque
3175 2229 3328 2284 aiunt
3361 2245 3485 2285 cum
3512 2245 3641 2286 cor-

2057 2336 2188 2391 pore
2219 2321 2419 2390 perire.

2129 2412 2220 2468 9|.
2257 2413 2596 2484 Agonyclitae
2624 2422 2778 2478 sunt,
2823 2414 2917 2484 qui
2953 2415 3112 2468 nullo
3143 2421 3389 2485 tempore
3417 2423 3640 2471 orantes

2055 2503 2423 2576 genuflectere
2459 2505 2654 2560 volunt
2689 2521 2754 2560 ac
2781 2506 3055 2575 provolvi,
3093 2506 3191 2562 sed
3227 2521 3447 2580 semper
3476 2518 3640 2564 orant

2056 2603 2290 2651 stantes.

2128 2688 2218 2743 92.
2262 2687 2774 2759 Theocatagnostze,
2817 2687 2870 2744 id
2916 2696 3000 2746 est
3043 2689 3140 2746 Dei
3184 2691 3636 2761 reprehensores.

2059 2780 2153 2851 qni
2186 2787 2241 2836 et
2271 2780 2612 2850 blasphemi;
2651 2782 2685 2835 ii
2711 2791 2842 2836 sunt
2873 2783 2965 2850 qui
3000 2783 3056 2836 in
3090 2783 3272 2839 verbis
3299 2774 3637 2856 quibusdam

2059 2872 2339 2943 gestisque
2389 2862 2608 2927 D'omini
2667 2873 2840 2928 nostri
2893 2873 3008 2939 Dei,
3065 2873 3277 2945 ipsique
3329 2875 3636 2936 dicataruut

2059 2980 2422 3034 personarum
2499 2973 2868 3030 sanctarum,
2940 2982 3154 3024 necnon
3229 2967 3638 3038 Scripturarum

2059 3071 2344 3112 sacrarum
2392 3058 2600 3113 audent
2629 3057 2834 3115 inferre
2864 3059 3075 3116 crimen
3103 3100 3118 3126 ,
3152 3061 3432 3117 temerarii
3463 3061 3640 3118 homi~

1976 3163 2019 3221 ο
2056 3166 2153 3205 nes
2183 3164 2247 3204 ac
2279 3150 2560 3208 maledici.

2126 3240 2216 3296 95.
2251 3241 2623 3314 Christolytae,
2669 3257 2764 3297 seu
2817 3243 3100 3299 Christum
3157 3245 3456 3310 solventes,
3505 3254 3638 3302 sunt

2055 3333 2150 3402 qui
2199 3333 2489 3389 Dominum
2543 3343 2797 3390 nostrum
2854 3335 3044 3391 Iesum
3117 3337 3401 3394 Christum
3453 3339 3630 3405 aiunt,

2055 3433 2412 3495 posteaquam
2459 3426 2702 3481 surrexit
2755 3443 2785 3482 a
2837 3429 3094 3492 mortuis,
3139 3430 3334 3486 relicto
3379 3431 3432 3486 in
3487 3438 3636 3486 terra

2055 3515 2299 3570 animato
2343 3531 2597 3588 corpore,
2650 3519 2798 3574 nuda
2855 3521 3081 3590 solaque
3128 3521 3331 3578 deitate
3368 3523 3435 3577 ad
3465 3524 3636 3581 caelos

2055 3606 2397 3662 ascendisse.

2128 3699 2216 3754 94.
2252 3688 2701 3771 EthnOphrones,
2756 3705 2872 3773 qui,
2922 3720 3048 3759 cum
3090 3705 3330 3777 gentium
3383 3706 3634 3764 instituta

2055 3806 2118 3846 ac
2134 3807 2314 3848 mores
2347 3802 2672 3864 sequantur,
2695 3799 2987 3868 caeteroqui
3011 3797 3312 3854 Christiani
3332 3799 3630 3856 exsistunt.

2055 3881 2119 3936 lli
2174 3884 2418 3953 genesim
2481 3886 2788 3951 inducunt,
2859 3888 3248 3962 fortunamque
3313 3900 3366 3946 et
3418 3893 3632 3947 fatum:

2054 3988 2273 4028 omnem
2329 3978 2725 4032 astronomiam
2783 3980 3247 4052 astrologiamque
3291 3983 3636 4055 suscipiunt;

2053 4081 2270 4123 Omnem
2305 4072 2468 4124 etiam
2500 4071 2889 4127 divinationem
2938 4080 2992 4129 et
3049 4076 3315 4145 auguria:
3367 4078 3636 4149 auspiciis

2055 4158 2364 4227 attendunt,
2397 4161 2785 4231 expiamentis,
2817 4163 3119 4231 ominibus,
3153 4167 3446 4236 portentis,
3471 4183 3635 4223 vene-

2053 4248 2215 4317 ﬁciis,
2259 4259 2312 4306 et
2359 4253 2633 4308 similibus
2679 4254 2802 4308 aliis
2847 4255 3139 4324 impiorum
3185 4257 3424 4319 fabulis,
3473 4273 3538 4316 ac
3585 4259 3632 4312 si

2055 4341 2186 4410 quid
2219 4344 2505 4412 gentilium
2552 4347 2803 4403 moribus
2861 4347 3105 4404 inolevit.
3139 4349 3283 4416 Quin
3334 4357 3387 4404 et
3444 4349 3633 4405 Genti-

2057 4435 2190 4488 lium
2255 4435 2394 4490 festa
2466 4438 2649 4508 aliqua
2721 4442 3064 4496 venerationi
3141 4442 3306 4513 109
3385 4443 3630 4505 habent,

366 4516 472 4579 κάς
501 4517 791 4586 τιμῶντες,
825 4517 1040 4588 ἡμέρας
1107 4535 1165 4570 τε
1228 4513 1406 4582 αὖθις,
1466 4518 1561 4572 καὶ
1607 4517 1807 4588 μῆνας,
1858 4519 1951 4571 καὶ

2073 4522 2287 4592 liesque
2316 4539 2514 4580 rursus
2544 4537 2599 4581 et
2633 4543 2849 4584 menses
2877 4530 3196 4599 observant,
3223 4542 3276 4588 et
3305 4541 3548 4603 tempora
3581 4543 3634 4588 et

367 4608 623 4677 καιροὺς,
655 4609 747 4661 καὶ
771 4609 1052 4672 ἐνιαυτοὺς
1085 4609 1590 4681 παρατηρούμενοι.

441 4697 542 4766 με’.
602 4699 879 4754 Δονατικοί
925 4707 950 4736 °
991 4700 1126 4771 (67)·
1170 4702 1216 4754 oi
1264 4700 1372 4753 ἀπὸ
1417 4701 1648 4755 Δονάτου
1697 4701 1840 4765 τινὸς
1892 4703 1950 4754 ἐν

2062 4629 2256 4670 annos.

2133 4707 2220 4762 95.
2260 4707 2578 4777 Donatistae,
2605 4727 2633 4765 a
2675 4686 2886 4770 Donato
2906 4715 3141 4786 quodam
3172 4716 3226 4770 in
3246 4716 3430 4772 Africa
3449 4729 3634 4775 ortum

1775 4814 2008 4868 νΑΙιιτΕ
2052 4817 2458 4878 LECTIONES.

441 4917 466 4942 ο
493 4901 558 4959 Β.
584 4905 726 4962 2508
754 4907 1088 4962 Δονατιανοί.
1118 4906 1500 4964 'l‘heodoretus
1526 4923 1654 4963 vero
1679 4910 1746 4960 Δο
1763 4908 2025 4961 ιατισταί.

1887 5017 2116 5073 NOTAE.

441 5109 655 5184 (65),!)e
677 5112 1161 5184 Thnetopsychitis
1186 5114 1319 5168 nihil
1345 5115 1545 5170 diserte
1567 5125 1819 5169 auctores
1840 5124 1952 5167 Ira-

367 5180 528 5261 dunt.
563 5183 832 5261 Eusebius
857 5180 976 5237 lfvi
1011 5183 1322 5261 Hist.,_cap.
1353 5187 1442 5251 58,
1478 5187 1530 5239 in
1555 5186 1754 5261 Arabia
1783 5186 1953 5240 luere-

370 5254 513 5307 tieos
553 5254 837 5310 exstitisse
869 5264 1076 5326 narrat,
1113 5256 1207 5326 qui
1243 5257 1806 5310 assererentaniman'i
1846 5271 1952 5310 una

369 5339 496 5374 eum
519 5326 848 5392 corporibus
878 5325 1141 5389 interire,
1184 5327 1605 5380 resurrectionis
1657 5340 1784 5378 vero
1816 5338 1954 5379 tem-

367 5407 503 5460 pore
537 5410 660 5447 cum
693 5410 922 5464 corpore
949 5397 1129 5448 denuo
1159 5397 1506 5450 excitandam
1542 5414 1556 5450 :
1594 5411 1734 5462 quos
1766 5396 1818 5449 in
1841 5395 1950 5449 fre-

367 5466 560 5537 qut-nti
591 5467 802 5537 synodo
832 5467 1130 5520 confutavit
1165 5467 1450 5537 Origenes,
1479 5475 1533 5519 et
1569 5467 1632 5519 ad
1662 5467 1950 5537 sanitatem

368 5533 919 5606 reduxit.’Arahicos
970 5538 1092 5590 illos
1151 5533 1349 5592 vocant
1402 5538 1766 5606 Augustinus,
1806 5535 1952 5591 Prw-

366 5605 774 5661 dcstiuatianns
807 5617 858 5661 et
895 5608 1176 5661 Isodorus.

443 5673 556 5748 (66)
591 5674 662 5748 De
710 5677 1060 5748 Christolytis
1093 5677 1289 5731 Noster
1310 5677 1500 5732 iisdem
1528 5677 1708 5748 verbis
1739 5677 1949 5738 scribit,

369 5745 571 5819 quibus
620 5745 1016 5819 Constantinus
1077 5749 1479 5819 Copronymus,
1536 5747 1949 5819 cnjns__textmn

369 5809 716 5887 Nicephorus
745 5817 848 5874 (ΞΡ.
873 5821 1064 5876 recitat
1091 5809 1330 5872 Aiithirr'.
1364 5834 1400 5884 ι,
1421 5833 1540 5889 cap.
1575 5809 1662 5874 51.
1689 5817 1954 5874 Videntur

2059 5117 2220 5170 ambo
2255 5117 2369 5170 haac
2407 5117 2658 5174 hanSisse
2728 5137 2790 5174 ex
2834 5121 3134 5180 vetustiore
3179 5135 3420 5182 auctore.
3473 5127 3637 5184 Chri-

2057 5189 2254 5257 stolyta
2282 5186 2728 5262 fuit_Stcphanus
2765 5191 3037 5258 Gobarus,
3072 5195 3163 5262 qui
3212 5195 3492 5252 Christum
3529 5216 3635 5254 non

2057 5267 2346 5332 venturum
2391 5259 2442 5332 in
2497 5273 2660 5332 carne
2691 5269 2748 5332 u_t
2801 5262 3051 5317 homines
3092 5259 3324 5332 iudicet,
3360 5269 3462 5322 sed
3492 5272 3636 5325 nudn

2057 5327 2368 5400 divinitate,
2395 5328 2686 5400 docuisseﬁ
2706 5329 2881 5385 fertur
2912 5327 3268 5400 apudfPhot.
3309 5327 3449 5391 Vcod.
3503 5339 3633 5396 252.

2055 5398 2414 5476 Christolytre
2459 5398 2969 5476 erantlﬁutychian‘i
3009 5403 3106 5476 illi.
3149 5406 3239 5476 qui
3283 5407 3428 5476 apud
3458 5408 3637 5465 Theo-

2056 5468 2348 5543 doretttm,_
2365 5469 2497 5543 dial.
2521 5469 2575 5543 2,
2627 5468 2928 5539 Christum,
2972 5468 3550 5543 posita-humanitate,
3587 5484 3636 5537 in

2056 5538 2256 5592 coelum
2300 5539 2502 5594 abiisse
2538 5540 2855 5594 faterentur.

2128 5607 2239 5683 (67)
2280 5609 2578 5683 Donatista:
2621 5609 2871 5666 Nestorio
2923 5613 3079 5683 longe
3118 5618 3447 5674 vetustiores
3482 5633 3632 5678 sunt.

2059 5678 2315 5756 solemne
2343 5679 2476 5748 ipsis
2520 5695 2626 5756 non
2651 5694 2768 5756 erat
2809 5691 2935 5756 ante
2975 5678 3377 5756 perceptionem
3422 5690 3638 5746 Eucha-

2064 5748 2233 5822 ristize
2265 5764 2328 5822 os
2378 5752 2636 5822 martyris
2675 5748 2988 5822 cujuspiam'
3037 5748 3300 5814 osculari.
3363 5759 3474 5814 lloc
3522 5762 3636 5815 sola

2063 5815 2269 5874 Lucilla
2306 5815 2538 5876 femina'
2563 5815 2871 5890 factita'vit';
2915 5842 3039 5897 qua:
3068 5841 3190 5881 cum
3228 5846 3256 5883 a
3287 5829 3504 5886 Caecilio
3530 5828 3597 5897 di;
