3962 6320
443 405 550 463 75ft

1609 400 1669 460 S.
1711 399 2031 461 JOANNIS
2074 402 2506 465 DAMASCENI

3593 405 3702 468 756

441 519 497 563 et
521 507 730 563 Gaiano
763 504 1156 572 Alexandrino,
1190 507 1284 576 qui
1337 505 1503 561 iidem
1543 505 1812 563 Gaianitae
1845 512 2020 565 vocali

2133 515 2218 567 τοῦ
2257 515 2754 586 Ἀλικαρνασσέως,
2785 519 2880 572 καὶ
2896 518 3126 573 Γαῖανοῦ
3150 515 3246 570 τοῦ
3282 513 3703 584 Ἀλεξανδρέως,

441 608 598 665 sunt,
625 597 890 669 originem
923 597 1158 652 ducunt.
1195 597 1281 664 Hi,
1315 612 1442 652 cum
1479 598 1533 651 in
1581 598 1705 655 aliis
1761 601 2020 657 onmibus

443 692 756 750 Severianis
786 693 1160 756 consentiant,
1190 691 1295 745 hoc
1327 689 1504 745 solum
1529 691 1598 746 ab
1622 692 1704 747 eis
1725 693 2018 759 dissident,

441 786 587 857 quod
647 784 932 840 Severiani
991 785 1047 839 in
1089 783 1300 839 Christi
1347 783 1552 839 unione
1603 784 2018 842 distinctionem

441 879 628 949 specie
657 885 822 932 tenus
848 877 1166 941 admittunt,
1200 874 1511 932 Julianistaa
1548 893 1681 933 vero
1713 886 1767 933 et
1791 877 2020 933 Gaiani-

441 982 512 1026 ta:
539 970 672 1042 [non
693 970 874 1025 solum
903 968 1136 1022 duarum
1155 971 1209 1022 in
1233 967 1450 1023 Christo
1478 978 1802 1024 naturarum
1825 969 2026 1026 distin-

441 1058 681 1113 ctionem
719 1065 953 1128 negant;
985 1072 1173 1110 verum
1215 1055 1403 1128 etiam]
1441 1056 1654 1112 Domini
1689 1073 1890 1126 corpus
1909 1059 2023 1128 jam

442 1147 574 1204 inde
605 1151 672 1204 ab
701 1149 819 1219 ipsa
855 1146 1187 1201 formatione
1234 1145 1659 1218 incorruptibile
1702 1149 1873 1204 fuisse
1922 1148 2023 1204 do-

444 1250 591 1298 cent.
642 1241 722 1296 Ac
771 1239 993 1311 quidem
1041 1239 1290 1295 fatentur
1343 1242 1674 1295 sustinuisse
1731 1239 2022 1294 Dominum

443 1333 758 1404 passiones,
789 1341 920 1404 puta
957 1333 1179 1397 famem,
1204 1343 1259 1389 et
1285 1333 1457 1396 sitim,
1490 1342 1545 1388 et
1591 1332 1972 1388 lassitudinem
2003 1352 2018 1401 ;

446 1427 542 1484 sed
575 1444 683 1482 non
715 1443 783 1483 eo
814 1443 924 1497 quo
963 1442 1066 1482 nos
1099 1428 1435 1483 sustinemus
1472 1426 1658 1491 modo,
1687 1426 1866 1495 ipsum
1893 1427 2021 1482 haec

2129 609 2177 660 οἱ
2210 611 2302 662 καὶ
2323 610 2598 663 Γαῖανῖται
2623 610 2930 680 λεγόμενοι,
2965 611 3021 663 ὲν
3043 611 3156 672 τοῖς
3191 606 3370 668 ἄλλοις
3395 607 3491 676 μὲν
3517 605 3691 658 ἅπασι

2129 702 2238 762 τοῖς
2256 701 2318 752 ὲκ
2337 700 2472 770 Σευή
2483 717 2574 770 ρου
2591 716 2653 752 συ
2663 700 3012 770 μφερόμενοι’
3029 700 3086 751 ὲν
3101 697 3278 766 τούτῳ
3292 697 3350 749 δὲ
3368 695 3704 765 διαφερόμε-

2130 809 2228 855 νοι,
2256 791 2316 845 ὲν
2339 792 2418 861 τῷ
2457 793 2581 855 τοὺς
2611 793 2707 861 μὲν
2747 791 3010 862 διαφορὰν
3038 789 3056 830 ι
3097 791 3189 842 ἐπὶ
3213 789 3311 858 τῆς
3338 788 3582 849 ὲνώσεως
3605 785 3703 839 τοῦ

2126 883 2361 954 Χριστοῦ
2387 884 2563 937 δοκεῖν
2585 883 2783 952 λέγειν·
2807 883 3028 944 τούτους
3051 882 3107 935 δὲ
3134 881 3410 950 ἄφθαρτον
3444 878 3500 943 ἐξ
3531 877 3705 949 αὐτῆς

2120 973 2460 1036 διαπλάσεως
2481 973 2574 1027 τοῦ
2607 973 2854 1044 σώματος
2880 973 2973 1027 τοῦ
3006 971 3212 1042 Κυρίου
3229 969 3573 1038 πρεσϐεύειν,
3607 967 3705 1020 atad.

2119 1063 2187 1116 τὰ
2213 1064 2311 1134 μὲν
2328 1063 2474 1134 πάθη
2495 1065 2784 1134 ὑπομεῖναι
2804 1063 2894 1116 τὸν
2913 1062 3117 1134 Κύριον
3141 1059 3484 1130 ὁμολογοῦσι·
3507 1058 3703 1110 πεῖναν

2121 1171 2285 1225 φημι,
2321 1155 2412 1208 καὶ
2437 1155 2618 1224 δίψαν,
2660 1156 2753 1208 καὶ
2784 1155 2950 1208 κόπον
2971 1170 2983 1183 '
3021 1153 3081 1206 ού
3113 1153 3206 1204 τὸν
3226 1150 3388 1204 αὑτὸν
3416 1149 3473 1202 δὲ
3498 1149 3703 1219 τρόπον

2121 1247 2252 1316 ἡμῖν
2265 1246 2433 1299 ταῦτα
2446 1246 2928 1317 ὑπομεμενηκέναι
2942 1245 3125 1315 φασιν.
3145 1243 3208 1296 Ἢ
3215 1245 3321 1313 μᾶς
3339 1242 3447 1312 γὰρ
3459 1241 3518 1305 ἐξ
3530 1240 3702 1309 ἀνάγ-

2128 1353 2230 1407 κης
2259 1341 2526 1410 φυσικῆς·
2567 1338 2659 1392 τὸν
2705 1337 2761 1391 δὲ
2812 1337 3046 1408 Χριστὸν
3097 1333 3360 1398 ἑκουσίως
3409 1335 3701 1402 ὑπομεῖναι

2127 1427 2367 1498 λέγουσι,
2401 1432 2631 1491 καὶτοῖς
2669 1430 2771 1500 τῆς
2801 1429 3015 1499 φύσεως
3048 1429 3231 1500 νόμοις
3280 1427 3354 1497 μὴ
3389 1424 3697 1479 δουλεῦσαι.

447 1523 780 1580 sustinuisse
813 1524 1027 1578 volunt.
1058 1521 1170 1578 Nos
1200 1523 1344 1578 enim
1378 1523 1615 1577 naturali
1647 1523 2013 1591 necessitate;
2051 1532 2107 1578 at
2139 1524 2424 1582 Christum
2473 1534 2672 1596 sponte
2717 1527 2871 1580 aiunt
2915 1524 3030 1580 haec
3079 1537 3300 1594 passum
3369 1535 3513 1585 esse,
3597 1532 3702 1572 nec

445 1617 661 1686 legibus
695 1623 907 1670 naturae
933 1600 1214 1671 serviisse.

517 1707 610 1762 85.
644 1704 927 1776 'Agnoetae.
970 1707 1064 1776 qui
1109 1714 1164 1760 et
1196 1704 1584 1760 Themistiani.
1623 1704 1686 1760 Hi
1722 1705 1889 1776 impie
1918 1705 2019 1759 do-

2199 1709 2304 1757 πε’.
2343 1701 2631 1773 Ἀγνοῆται
2662 1701 2796 1772 (62),
2814 1701 2864 1755 οἱ
2889 1700 2984 1754 καὶ
3006 1697 3357 1770 Θεμιστιανοί
3377 1713 3392 1730 ⁸
3420 1700 3470 1752 oi
3485 1699 3703 1767 ἀγνοεῖν

447 1806 572 1852 cent
603 1798 884 1854 Christum
917 1798 1132 1853 nescire
1164 1797 1305 1852 diem
1333 1798 1556 1867 judicii;
1587 1798 1748 1868 eique
1768 1797 2020 1852 timorem

2133 1794 2338 1857 ἀσεϐῶς
2399 1793 2860 1862 καταγγέλλοντες
2908 1791 2999 1845 τὸν
3058 1791 3293 1862 Χριστὸν
3338 1793 3439 1862 τὴν
3487 1792 3705 1862 ἡμέραν

448 1889 761 1945 ascribunt.
792 1887 934 1943 Sunt
968 1904 1132 1958 porro
1171 1888 1266 1944 isti
1299 1896 1448 1942 secta
1473 1889 1725 1956 qumdam
1773 1887 2025 1943 Theodo-

449 1979 738 2033 sianorum
768 1997 779 2030 :
815 1993 941 2032 nam
989 1979 1214 2034 haeresis
1265 1978 1510 2048 ipsorqu
1568 1986 1764 2032 auctor
1803 1975 2025 2034 Themi-

448 2071 625 2128 stius,
705 2083 872 2122 unam
931 2068 986 2123 in
1039 2067 1260 2123 Christo
1341 2077 1589 2122 naturam
1661 2069 2023 2139 compositam

447 2159 704 2213 docebat.

520 2249 608 2305 86.
651 2248 1093 2321 Barsanuphitaa,
1119 2247 1210 2320 qui
1233 2257 1288 2306 et
1310 2249 1662 2316 Semidalitze,
1689 2266 1814 2307 cum
1838 2251 2025 2308 omnia

449 2341 836 2396 Gaiauitarum
861 2357 925 2397 ac
945 2342 1458 2398 Theodosianorum
1482 2345 1686 2414 placita
1707 2343 2022 2408 defendant,

449 2433 656 2502 aliquid
706 2433 931 2503 insuper
983 2435 1270 2489 invehunt.
1307 2434 1556 2502 Similam
1611 2435 1758 2490 enim
1814 2435 2027 2490 addunt

447 2524 536 2588 iis,
567 2540 689 2593 quae
715 2540 744 2577 a
763 2524 1025 2580 Dioscoro
1044 2526 1172 2580 olim
1202 2526 1390 2581 oblata
1409 2525 1652 2593 fuerunt,
1672 2536 2027 2598 extremoque

447 2615 623 2686 digito
689 2618 1095 2688 contingentes,
1159 2617 1393 2672 farinam
1451 2619 1650 2674 leviter
1697 2621 2024 2691 degustant;

450 2708 664 2777 hocque
695 2710 944 2780 mysterii
979 2709 1101 2764 loco
1145 2709 1446 2779 accipiunt,
1486 2726 1611 2764 cum
1662 2711 1868 2765 nullam
1920 2711 2025 2780 ipsi

449 2814 685 2868 prorsus
710 2800 1046 2854 oblationem
1074 2800 1318 2855 faciaut‘.
1350 2815 1562 2865 verum,
1597 2813 1652 2856 ut
1675 2802 1882 2856 dictum
1918 2810 2023 2865 est,

453 2891 615 2960 108
661 2891 925 2946 adhibitis
966 2889 1212 2946 Dioscori
1270 2893 1556 2963 symbolis,
1615 2893 1909 2962 additaque
1949 2895 2025 2948 si-

450 2982 600 3040 mila.
647 2997 753 3051 qua
779 2983 1038 3051 paulatim
1069 2983 1443 3049 insumautur,
1469 2985 1522 3038 id
1553 2983 1662 3039 illis
1697 2986 1748 3038 in
1779 3000 2028 3040 commu-

449 3077 635 3132 nionis
669 3086 823 3146 parte
855 3077 1023 3132 cedit.

518 3170 610 3224 87.
651 3169 874 3234 llicetze,
909 3169 1161 3223 monachi
1201 3176 1352 3231 sunt.
1385 3170 1682 3239 caeteroqui
1732 3171 1894 3239 plane
1931 3186 2024 3225 or-

393 3268 396 3272 '
449 3261 676 3316 thodoxi
706 3280 718 3315 :
755 3261 806 3315 id
852 3277 981 3316 vero
1011 3261 1294 3330 proprium
1342 3258 1629 3322 factitant,
1667 3269 1724 3314 ut
1760 3277 1865 3315 una
1897 3277 2020 3315 cum

448 3353 972 3410 sanctimonialibus
1015 3341 1076 3406 in
1144 3351 1497 3407 monasteriis
1546 3364 1722 3408 εωιιιε
1777 3362 2024 3425 agentes,

2125 1887 2223 1958 τῆς
2245 1887 2498 1958 κρίσεως,
2520 1885 2618 1940 καὶ
2645 1883 2850 1940 δειλίαν
2863 1883 3030 1938 αὑτοῦ
3053 1884 3518 1953 καταγράφοντες.
3541 1879 3703 1938 Οὗτοι

2125 1979 2181 2032 δὲ
2213 1980 2530 2050 ἀπόσχισμα
2556 1978 2665 2032 τῶν
2691 1976 3056 2032 Θεοδοσιανῶν
3093 1979 3251 2030 εἰσιν.
3287 1976 3348 2029 '0
3393 1973 3505 2046 γὰρ
3528 1975 3705 2046 Θεμι-

2127 2089 2291 2136 στιος,
2310 2072 2367 2136 ὃς
2386 2073 2602 2141 ἐγένετο
2617 2072 2798 2126 αὐτῶν
2815 2071 3172 2143 αἰρεσιάρχης
3195 2069 3322 2141 μίαν
3347 2070 3442 2122 ἐπὶ
3457 2070 3704 2140 Χριστοῦ

2128 2165 2289 2236 φύσιν
2321 2165 2575 2220 σύνθετον
2605 2166 2960 2236 ἐπρέσϐευεν.

2200 2257 2318 2323 πς’.
2364 2258 2797 2329 Βαρσανουφῖται
2843 2256 2987 2326 (65),
3031 2253 3080 2308 oi
3148 2254 3241 2308 καὶ
3306 2253 3652 2324 Σεμιδαλῐται
3683 2269 3702 2285 ο

2129 2348 2439 2420 σύμφρονες
2507 2345 2605 2416 μὲν
2639 2347 2750 2398 τῶν
2803 2344 3107 2398 Γαῖανιτῶν
3153 2342 3250 2398 καὶ
3299 2343 3704 2396 Θεοδοσιανῶν·

2127 2438 2310 2508 ἔχουσι.
2336 2437 2392 2489 δέ
2423 2437 2587 2489 τικαὶ
2631 2433 2812 2489 πλέον.
2857 2433 3148 2504 Σεμίδαλιν
3192 2433 3300 2504 γὰρ
3342 2431 3706 2503 προστιθέασι

2127 2533 2240 2592 τοῖς
2266 2530 2374 2583 ἀπὸ
2394 2528 2687 2598 Διοσκόρου
2745 2527 2905 2598 δῆθεν
2967 2525 3438 2596 προσκομισθεῖσι,
3494 2524 3709 2594 καὶτῷ

2128 2622 2283 2693 ἄκρῳ
2311 2621 2557 2690 δακτύλῳ
2583 2620 2955 2690 ἐφαπτόμενοι
3005 2619 3255 2688 γεύονται
3303 2617 3398 2671 τοῦ
3443 2615 3704 2685 ἀλεύρου,

2129 2713 2226 2765 καὶ
2291 2711 2434 2764 τοῦτ’
2467 2711 2589 2786 ἀντὶ
2653 2710 2957 2782 μυστηρίου
3005 2710 3272 2781 δέχονται,
3323 2705 3706 2779 προσκομιδὴν

2128 2804 2356 2858 καθόλου
2394 2805 2467 2876 μὴ
2499 2803 2828 2876 ποιούμενοι.
2865 2803 3186 2866 Ἑλάσαντες
3211 2812 3248 2839 ω
3277 2802 3407 2871 γὰρ,
3441 2799 3518 2864 ὡς
3551 2799 3707 2869 εἴρη-

2126 2914 2237 2961 ται,
2260 2896 2326 2950 τὰ
2354 2896 2642 2968 Διοσκόρου
2685 2896 2990 2962 κοινωνίας,
3023 2894 3374 2965 προστιθέασι
3417 2892 3514 2962 τὴν
3548 2891 3709 2960 σεμί-

2126 2989 2296 3053 δαλιν,
2331 2986 2524 3040 καθότε
2549 2987 2884 3057 δαπανηθείη
2921 2987 3060 3040 κατὰ
3089 2995 3115 3022 ⁸³
3148 2985 3318 3057 βραχύ
3346 3001 3356 3012 ’
3394 2985 3490 3038 καὶ
3539 2980 3708 3036 τοῦτο

2128 3080 2313 3141 αὐτοῖς
2343 3078 2465 3131 ἀντὶ
2493 3076 2779 3140 κοινωνίας
2808 3077 3134 3145 λελόγισται.

2204 3169 2312 3234 πζ¹.
2345 3170 2540 3223 Ἱκέται
2559 3168 2671 3238 (6-4)
2699 3186 2712 3198 ·
2735 3169 2929 3230 οἵτινες
2954 3165 3312 3237 ἀσκηταὶκμὲν
3340 3164 3702 3235 ὑπάρχουσιν,

2131 3261 2402 3332 ὀρθόδοξοι
2427 3261 2484 3314 ὲν
2513 3263 2627 3324 τοῖς
2657 3260 2838 3322 ἄλλοις
2869 3259 3074 3313 ἅπασιν
3129 3258 3302 3321 ὄντες,
3342 3255 3706 3325 συναγόμενοι

2089 3378 2099 3388 ·
2134 3355 2190 3407 δὲ
2221 3353 2332 3424 ἅμα
2365 3353 2612 3421 γυναιξὶν
2649 3352 2997 3424 ἀσκητρίαις,
3030 3351 3232 3422 ὕμνους
3276 3332 3366 3421 τι]ξῖ
3387 3349 3505 3419 Θεῷ
3527 3363 3704 3418 προσ-

1732 3503 1966 3560 VARUE
2006 3503 2402 3561 LECTIONES.

526 3599 543 3639 ι
580 3599 752 3654 Codd.
789 3600 1022 3668 August.
1047 3607 1100 3654 et
1127 3599 1182 3654 S.
1211 3598 1319 3653 llil.
1352 3572 1670 3668 διαφθοράν,
1735 3595 2000 3654 adversus
2033 3599 2279 3652 aueloris
2336 3605 2594 3660 mentem,
2660 3597 2754 3665 qui
2805 3597 2917 3668 hmo
2949 3595 3272 3668 desumpsit
3333 3611 3398 3648 ex
3461 3593 3708 3668 Scholiis

447 3670 687 3735 Leontii,
717 3683 774 3724 ut
805 3665 1086 3737 comperio
1137 3686 1202 3723 ex
1232 3665 1462 3724 Collect.
1495 3665 1644 3722 cont.
1701 3667 1888 3722 Sever.
1951 3683 2074 3730 can.
2108 3669 2196 3729 l7,
2230 3667 2503 3722 habentur
2545 3677 2612 3737 et
2643 3667 2784 3734 apud
2836 3666 3090 3736 Euthym.
3124 3665 3177 3718 in
3215 3665 3439 3737 Ρωισρ..
3497 3665 3599 3737 Atil.
3643 3665 3703 3727 ἓ,

448 3740 623 3797 c.17.
675 3734 736 3776 7
760 3741 864 3792 Alii
919 3734 1035 3792 ἀλλ’
1085 3740 1369 3804 ἐάσαντες,
1421 3739 1504 3795 sic
1555 3746 1663 3795 vet.
1702 3738 1932 3807 interpr.
1993 3737 2096 3792 Sed
2154 3738 2498 3793 dimittentes.
2540 3736 2798 3792 Mendosa
2845 3734 3010 3792 lectio
3063 3743 3167 3791 est.
3245 3744 3271 3771 υ
3313 3736 3447 3806 Reg.
3487 3734 3523 3788 2
3575 3734 3698 3788 Au-

449 3819 596 3882 gust.
625 3808 756 3890 ct‘S.
784 3808 892 3864 Hi1.
923 3809 1091 3879 παρὰ.

1956 3894 2189 3954 NOTAE.

524 3992 637 4063 (62)
669 3991 976 4063 Theodosio
1019 3989 1387 4045 Alexandrino
1407 3989 1803 4063 _Monophysila
1847 3987 2023 4063 Justi-

450 4058 600 4118 niani
623 4058 789 4131 'jussu
817 4061 1350 4131 Constantinopolim
1390 4059 1701 4131 deportato,
1722 4127 1731 4131 _
1751 4058 2023 4131 contingit

452 4144 508 4188 ut
547 4127 664 4202 ipse
697 4149 820 4187 cunt
878 4133 994 4202 suis
1047 4127 1354 4202 disputaret
1383 4130 1572 4202 dehis
1605 4127 1810 4182 Christi
1845 4129 2024 4202 verbis

449 4197 664 4268 (Matth.
701 4218 849 4266 xxiv,
887 4201 999 4268 56),
1038 4201 1206 4253 Dedie
1235 4199 1328 4252 illo
1347 4199 1425 4252 vel
1451 4199 1604 4258 liora,
1649 4214 1810 4268 neque
1853 4197 2026 4266 angeli

449 4267 612 4344 neque
651 4271 698 4323 F
703 4272 828 4324 ilius
863 4267 981 4344 scit.
1049 4269 1310 4344 Negante‘
1347 4269 1657 4344 Theodosio
1721 4267 2023 4344 Christum,

450 4337 559 4414 qua
585 4343 750 4414 homo
772 4349 911 4414 erat,
945 4337 1228 4414 ignorasse
1256 4339 1402 4414 diem
1441 4338 1657 4414 jud_i_cii,
1683 4337 2028 4414 allirmabant

450 4409 569 4476 alii,
607 4411 752 4465 unde
795 4410 1102 4480 ’Ᾱγνοῆται,
1137 4409 1270 4480 dicti
1325 4419 1474 4463 sunt.
1525 4409 1731 4480 Horum
1771 4409 2028 4480 princeps

2133 3991 2224 4059 qui
2253 4007 2281 4045 a
2310 3991 2470 4046 Petro
2491 3991 2688 4060 Mongo
2734 3991 3066 4054 defecerant,
3128 3990 3431 4045 oblationes
3464 3990 3516 4043 in
3573 3990 3712 4045 Col-

2126 4062 2284 4115 lectis
2312 4077 2419 4114 non
2454 4061 2672 4124 fecisse,
2705 4062 2800 4116 sed
2850 4077 2915 4116 ex
2946 4061 3228 4132 symbolis.
3250 4077 3373 4130 quae
3403 4061 3710 4132 Dioscorus

2128 4132 2257 4186 olim
2286 4141 2622 4196 sacraverat,
2677 4147 2865 4186 erasas
2900 4131 3193 4199 particulas
3223 4131 3388 4183 semel
3449 4131 3500 4184 iu
3556 4146 3710 4183 anno

2128 4201 2215 4255 die
2247 4200 2532 4258 Paschalis
2561 4216 2779 4257 sumere
2806 4217 3124 4256 consuesse.
3175 4201 3476 4253 Admistam
3521 4203 3710 4267 parti-

2129 4272 2273 4326 culis
2299 4271 2420 4326 istis
2471 4272 2737 4331 similam.
2781 4287 2810 4325 a
2863 4287 2970 4340 qua
3021 4270 3351 4324 Semidalitae
3403 4270 3705 4336 audierint,

2131 4342 2274 4411 apud
2327 4357 2493 4396 unum
2551 4339 2948 4397 Damascenum
3006 4342 3204 4410 reperi.
3253 4339 3708 4411 Setnjtlalitarituii

2131 4406 2384 4466 meminit
2449 4413 2774 4467 Anastasius
2825 4411 3034 4466 Sinaita
3069 4406 3138 4464 'in
3177 4406 3424 4477 Ὀδηγῷ,
3453 4424 3573 4478 cap.
3611 4411 3708 4464 l0.

449 4482 793 4573 'l'lhemislius
817 4478 1092 4573 diaconus
1128 4478 1252 4560 fuit,
1286 4494 1394 4533 non
1423 4479 1644 4573 gentilis
1675 4478 1762 4573 ille
1791 4478 2029 4573 gihilo'sp-
2061 4518 2104 4573 Β
2133 4481 2569 4573 ῐξηιεαηιιρὴίιιηὶ
2601 4498 2728 4536 vero
2757 4482 2886 4536 dicti
2922 4488 3048 4573 surnt
3082 4496 3109 4534 a
3146 4480 3522 4563 parsanuphio
3561 4495 3713 4548 quo-

451 4554 595 4622 phus
631 4551 722 4620 qui
748 4552 952 4622 sa-cuIO
999 4567 1050 4606 tv
1099 4550 1330 4612 vixerat,
1377 4551 1472 4622 uti
1521 4549 2026 4622 Nicephorus,_lib.

453 4618 612 4682 ἰνιιι.
645 4618 766 4688 cap.
798 4620 888 4686 49,
925 4623 1226 4676 oscitanter
1279 4619 1523 4688 scripsit.
1554 4618 1848 4688 Theodosii
1889 4619 2032 4672 illius

491 4687 802 4754 atriarchze,
861 4707 890 4745 a
946 4708 1055 4761 quo
1077 4687 1706 4761 inTheodosianiuomen
1765 4687 2028 4761 habuere,

491 4709 802 4754 atrtarcnm,
861 4709 890 4745 a
946 4709 1055 4761 quo
1120 4709 1472 4744 tneouosiam
1510 4709 1706 4742 nomen
1767 4709 2026 4752 nauucre,

452 4709 648 4817 Roster
679 4761 926 4820 meminit
963 4763 1015 4816 in
1051 4760 1411 4830 Egyptiacis.
1469 4759 1694 4830 Photius
1746 4759 1870 4813 cod.
1901 4758 2026 4830 230,

453 4848 517 4884 σιτ
553 4831 782 4897 Eulogio
824 4829 1361 4886 Alexandrfnarrat
1404 4829 1703 4883 monachos
1760 4829 2027 4897 quosdam

458 4901 985 4969 llierosolymitanos
1033 4900 1388 4969 quaestionem
1452 4901 1698 4969 eamdem
1745 4900 2025 4969 agitasse,

458 4918 703 4956 IIICI'OSOI
749 4918 985 4954 ιιιιιωιοξῑ
1033 4918 1388 4969 ψηιξειιοηυιιι
1452 4918 1698 4954 eamuem
1769 4918 2025 4968 33118556,

454 4981 678 5041 propter
705 4918 907 5025 Christi
939 4971 1166 5033 dictum,
1203 4969 1270 5041 ad
1315 4983 1535 5041 sorores
1567 4968 1780 5041 Lanari,
1815 4968 2028 5041 ubi_po-

455 5038 636 5096 suam
659 5056 800 5100 eum.
823 5055 997 5104 eoque
1024 5038 1380 5109 processisse,
1407 5045 1482 5109 ut
1527 5038 1627 5108 ipsi
1663 5039 2023 5109 ignorantiam

454 5112 797 5180 aliiugerent,
825 5109 873 5163 οἳ
904 5107 1130 5180 ἄγνοιαν
1161 5108 1238 5178 τῷ
1273 5108 1462 5180 κυρίῳ
1495 5107 1651 5178 ἡμῶν
1681 5107 1855 5178 Ἰησοῦ
1887 5109 2026 5180 Κρι·

455 5180 568 5253 τιτῷ
589 5177 925 5253 ἶπεριὰτιτειν
951 5177 1290 5253 eumeum.
1323 5177 1446 5253 Sed_
1460 5177 1648 5253 vereor
1670 5189 1728 5232 ut
1746 5177 1859 5253 non
1883 5177 2024 5231 Pho-

455 5247 564 5306 tius
591 5247 912 5305 Palaestinos
943 5247 1262 5308 monachos.
1288 5249 1379 5318 qui
1407 5247 1724 5318 Gregorium
1762 5247 2020 5318 Magnum

454 5336 551 5390 per
571 5321 882 5375 Anatolium
911 5321 1320 5390 constituerant,
1354 5318 1516 5386 hujus
1537 5318 1742 5375 erroris
1764 5327 2022 5390 patronos

451 5388 732 5462 censuerit
764 5409 776 5445 :
802 5391 1020 5462 quando
1065 5389 1374 5462 Cragorius
1393 5461 1400 5462 ί
1419 5388 1914 5462 ipsecontrarium
1933 5388 2020 5440 in-

353 5483 358 5493 ·
452 5469 588 5515 nuat
624 5461 715 5515 lib.
753 5451 1094 5529 x,'epist.35
1120 5451 1306 5523 εἶδε),
1337 5461 1402 5512 ad
1440 5451 1761 5528 'Eulogium.
1812 5459 1916 5513 Sed
1967 5466 2020 5513 et

453 5538 791 5596 postremum
823 5533 925 5584 hoc
951 5529 1161 5584 Domini
1193 5532 1436 5592 verbum,
1473 5529 1536 5582 ad
1573 5529 1759 5583 Lazari
1797 5545 2017 5584 sorores

453 5599 764 5654 Theodosio
786 5600 1118 5654 'l'ltcmistius
1135 5600 1428 5666 ohjecerat,
1463 5610 1520 5653 ut
1541 5601 1703 5652 tradit
1733 5599 2016 5654 Liberatus

456 5683 580 5739 cap.
619 5669 704 5723 19.
727 5669 974 5739 Monachi
1005 5671 1187 5738 itaque
1221 5671 1296 5723 illi
1329 5670 1692 5739 Aguoctarmu
1744 5677 2014 5724 momenta

456 5737 522 5793 ad
548 5753 739 5809 papam
764 5738 1057 5809 detulerint
1087 5737 1287 5808 potius,
1324 5737 1484 5807 quam
1516 5740 1929 5809 l.rropugnariut.

530 5804 644 5880 (65)
671 5804 934 5865 Leontius
979 5804 1166 5867 narrat
1231 5804 1530 5866 non'uullos
1586 5804 1648 5866 ei
1696 5804 2010 5881 'Acephalis,

2135 4551 2282 4614 dam,
2308 4550 2466 4618 quem
2485 4568 2578 4621 per
2597 4567 2870 4606 smumum
2903 4550 3055 4605 nefas
3076 4551 3390 4621 episcopum
3421 4558 3712 4621 crearunt;

2135 4621 2426 4684 consimili,
2484 4619 2542 4676 ut
2587 4637 2731 4687 reor,
2780 4623 2917 4686 ritu,
2984 4636 3090 4689 quo
3158 4619 3553 4688 Acephalorum
3608 4620 3713 4673 alii

2134 4691 2322 4746 Isaiam
2351 4693 2560 4754 nescio,
2589 4708 2773 4758 quem.
2809 4693 3062 4754 imposita
3117 4689 3402 4760 Epiphauii
3447 4689 3595 4760 (νεὶ,
3643 4697 3718 4744 nt

2133 4762 2298 4831 aliqui
2325 4761 2534 4824 volunt,
2567 4757 2803 4831 Eusebii)
2834 4761 3076 4831 episcopi
3115 4757 3400 4831 cujusdam
3429 4759 3496 4813 de
3530 4757 3717 4813 Palu.h

2131 4829 2274 4886 stitia
2303 4847 2488 4895 manu,
2519 4847 2616 4886 ceu
2656 4829 2891 4900 legitime
2925 4830 3234 4884 ordinatum
3278 4829 3587 4900 habuerunt
3621 4843 3633 4879 :
3677 4845 3714 4883 a

2129 4918 2240 4968 quo
2265 4912 2315 4956 et
2355 4901 2626 4956 Isaianita:
2657 4897 2834 4957 vocati
2862 4911 3008 4955 sunt.
3057 4902 3182 4955 Haec
3223 4907 3488 4952 Incrnorat
3514 4897 3718 4953 'l‘imo-

2132 4967 2290 5026 theus
2311 4970 2416 5024 (ΣΡ.
2446 4972 2603 5025 Circa
2637 4973 2820 5026 saeculi
2855 4973 2979 5024 noni
3014 4971 3227 5024 initium
3262 4967 3718 5036 Barsanttpltiani

2128 5058 2251 5096 cum
2311 5042 2525 5095 duobus
2595 5043 2868 5110 cpisc0pis
2935 5041 3049 5095 suis
3105 5042 3286 5093 Marco
3328 5037 3720 5110 AleXandrino

2126 5111 2492 5166 Jacobitarum
2526 5109 2846 5175 patriarchm
2881 5110 3306 5167 sedediderunt.
3341 5109 3719 5176 quemadmo-

2126 5183 2254 5236 dum
2273 5182 2651 5237 rcfertauctor
2696 5183 2953 5236 Chronici
2985 5181 3422 5246 patriarcharum
3464 5177 3723 5231 Alexan-

2125 5252 2257 5306 dria:
2289 5263 2341 5306 et
2371 5251 2706 5315 Elmakinus,
2749 5254 2839 5306 lib.
2874 5268 2907 5305 ιι
2935 5250 3348 5316 IIist.Sarac,p.
3377 5247 3498 5300 122.
3547 5247 3718 5302 Multi

2124 5324 2418 5390 scriptores
2437 5323 2526 5376 alii
2555 5322 3072 5390 Barsanuphitarmn
3104 5319 3418 5390 meminere.

2192 5387 2307 5463 (64)
2333 5391 2572 5454 Hicetas.
2599 5392 2702 5447 nisi
2724 5387 3019 5458 casteroqui
3046 5387 3334 5443 orthodoxi
3357 5388 3717 5463 dicerentur,

2120 5457 2480 5518 Ma‘ssalianos
2517 5463 2638 5516 illos
2676 5476 2797 5516 esse
2863 5457 3178 5523 statuerem,
3209 5473 3349 5524 quos
3395 5457 3720 5526 Χορευτὰς,

2120 5533 2391 5586 vocitatus
2437 5532 2603 5586 refert
2667 5532 2988 5585 Timotheus
3043 5529 3147 5582 (ΣΡ.
3211 5527 3437 5581 Nomina
3497 5527 3726 5595 quippe

2123 5601 2434 5655 l-lirctarum
2481 5611 2536 5667 et
2588 5601 2947 5656 Enchetarum
2999 5599 3140 5653 idem
3190 5597 3396 5652 Grauis
3473 5608 3718 5653 sonant.

2121 5672 2436 5728 Mciclianos
2475 5673 2638 5724 etiam
2694 5673 2745 5723 iu
2795 5669 3093 5740 synaxihus
3138 5670 3366 5724 choreas
3395 5680 3555 5738 agerc
3602 5681 3726 5721 so-

2118 5743 2264 5811 litos,
2300 5759 2361 5798 cx
2388 5741 2730 5798 'l‘heodorcto
2764 5742 3020 5796 diximus.
3051 5753 3057 5759 ‘
