3962 6320
392 343 501 409 757

1569 341 1667 400 DE
1711 337 2147 400 llERESIBUS
2189 339 2433 399 LIBER.

3559 342 3663 404 753

394 459 619 528 φέρουσι
647 449 786 523 μετὰ
817 447 1036 521 χορείας
1065 448 1207 512 τινὸς
1230 448 1324 502 καὶ
1350 446 1650 517 ὀρχήσεως,
1699 448 1972 518 μιμούμε-

2094 460 2312 517 iymnos
2364 443 2474 500 Deo
2530 460 2652 501 cum
2711 445 2913 502 chorea
2970 453 3024 502 et
3080 447 3336 518 tripudiis
3391 449 3660 518 oderant;

387 564 470 600 νοι
494 545 696 599 ὡσανεὶ
742 544 832 598 τὸν
869 542 1030 614 χορὸν
1085 542 1308 596 ἐκείνων
1363 541 1454 595 ὲπ¹ι
1498 541 1776 602 Μωῦςέως
1793 558 1972 594 συνανι

2094 537 2313 591 :horum
2369 536 2522 590 illum
2581 537 2892 603 imitantes,
2948 538 3042 608 qui
3092 538 3279 610 Moyse
3328 541 3471 598 duce
3523 557 3662 597 con~

393 639 594 691 στάντα
641 637 736 689 ἐπὶ
785 637 854 707 τῇ
909 634 1157 706 ἀπωλείᾳ
1203 633 1312 687 τῶν
1357 633 1690 702 Αἰγυπτίων,
1734 634 1800 702 τῇ
1827 631 1883 685 ὲν
1907 633 1972 702 τῇ

403 728 643 800 Ἐρυθρᾷ
670 727 917 798 Θαλάσσῃ
945 726 1226 796 γεγονυίᾳ.

464 825 577 889 πη’.
609 818 954 889 Γνωσιμάχοι
981 833 992 847 ’
1048 819 1097 870 οἱ
1135 817 1284 888 πάσῃ
1319 817 1520 886 γνώσει
1567 816 1664 870 τοῦ
1715 816 1978 887 Χριστιας

385 913 582 984 νισμοῦ
619 911 1062 976 ἀντιπίπτοντες,
1088 911 1146 962 ὲν
1175 909 1255 980 τῷ
1284 910 1465 978 λέγειν
1508 909 1735 972 αὐτοὺς,
1766 910 1846 962 ὅτι
1874 925 1971 962 πε-

389 1004 577 1075 ρισσόν
603 1020 656 1056 τι
687 1001 934 1055 ποιοῦσιν
969 1002 1018 1053 οί
1065 1000 1296 1068 γνώσεις
1343 999 1494 1063 τινὰς
1530 997 1888 1070 ὲκζητοῦντες
1919 1001 1976 1053 ὲν

385 1099 511 1160 ταῖς
543 1095 716 1158 θείαις
745 1095 1005 1165 Γραφαῖς.
1044 1093 1211 1146 Ούδὲν
1256 1092 1367 1164 γὰρ
1421 1092 1550 1146 ἄλλο
1591 1092 1745 1164 ζητεῖ
1787 1094 1815 1146 ὁ
1844 1092 1977 1156 Θεὸς

387 1189 545 1260 παρὰ
569 1186 925 1258 Χριστιανοῦ,
959 1188 1006 1240 εἰ
1031 1185 1106 1256 μὴ
1138 1178 1575 1255 πράξεις’καλάς
1597 1203 1609 1216 ·
1644 1187 1851 1254 ἀγαθὸν
1883 1181 1976 1239 οὗν

388 1282 508 1334 ἐστι
563 1280 764 1351 μᾶλλον
815 1277 1204 1349 ἁπλουστέρως
1254 1277 1376 1330 τινὰ
1448 1279 1812 1349 πορεύεσθαι,
1883 1279 1976 1332 καὶ

389 1373 559 1444 μηδὲν
591 1373 769 1444 δόγμα
796 1373 1105 1444 γνωστικῆς
1146 1371 1534 1446 πραγματείας
1576 1371 1976 1443 πολυπραγμο-

387 1484 522 1520 νειν.

457 1561 567 1615 πθ’.
607 1559 1056 1631 Ἥλιοτροπῖται·
1116 1559 1166 1611 οί
1211 1557 1309 1622 τὰς
1365 1557 1672 1629 λεγομένας
1729 1558 1978 1629 ἡλιοτρό-

387 1670 526 1716 πους
555 1652 788 1722 βοτάνας
808 1653 927 1714 ταῖς
956 1651 1140 1704 ἀκτῖσι
1175 1649 1270 1704 τοῦ
1296 1650 1448 1721 ἡλίου
1485 1649 1974 1720 συμπεριφερομέ-

386 1763 507 1810 νας,
566 1744 820 1812 λέγοντες
861 1741 1094 1814 δύναμίν
1127 1760 1250 1796 τινα
1300 1741 1452 1796 θείαν
1505 1742 1670 1812 ἔχειν,
1727 1741 1822 1812 τὴν
1871 1741 1972 1805 τὰς

389 1837 643 1902 τοιαύτας
673 1838 981 1910 περιφορὰς
1004 1835 1385 1908 ἐργαζομένην
1412 1838 1470 1888 ὲν
1517 1836 1710 1899 αὐταῖς
1735 1853 1747 1867 ·
1785 1837 1879 1889 καὶ
1900 1835 1975 1899 ὡς

385 1931 476 1984 διὰ
500 1931 663 1984 τοῦτο
691 1931 860 2000 τιμᾷν
881 1929 1080 1992 αὐτοὺς
1128 1927 1430 1993 ἐθέλοντες,
1466 1929 1541 2000 μὴ
1578 1927 1850 1992 συνιέντες
1876 1927 1976 1999 τὴν

391 2021 728 2093 μηνυθεῖσαν
761 2022 978 2091 κίνησιν
1010 2021 1192 2075 αὐτῶν
1233 2022 1469 2090 φυσικήν
1519 2038 1641 2074 τινα
1685 2021 1973 2093 ὑπάρχειν.

462 2115 536 2182 ις.
566 2113 967 2185 Θνητοψυχῖται
1003 2112 1117 2184 (65)
1140 2131 1152 2142 ·
1186 2114 1236 2166 oi
1264 2117 1365 2184 τὴν
1414 2111 1764 2184 ἀνθρωπείαν
1798 2112 1975 2183 ψυχὴν

391 2205 706 2274 εἰσάγοντες
738 2204 933 2275 ὁμοίαν
955 2204 1056 2274 τῆς
1105 2203 1214 2258 τῶν
1250 2205 1486 2276 κτηνῶν,
1521 2205 1616 2258 καὶ
1645 2204 1724 2275 τῷ
1759 2204 1974 2276 σώματι

389 2297 645 2365 λέγοντες
674 2293 1112 2348 συναπόλλυσθαι
1151 2295 1346 2364 αὑτήν.

462 2393 574 2456 ιμ’.
626 2386 1040 2455 Ἀγονυκλίται·
1073 2387 1124 2438 οἱ
1157 2388 1213 2440 ὲν
1253 2387 1413 2439 παντὶ
1442 2385 1621 2457 καιρῷ
1651 2385 1763 2439 τῶν
1795 2403 1965 2455 προσ-

389 2478 570 2550 ευχῶν
599 2477 730 2546 γόνυ
789 2477 862 2548 μὴ
924 2476 1170 2540 θέλοντες
1203 2477 1406 2531 κλίνειν
1455 2477 1570 2531 ἀλλ’
1599 2476 1837 2540 ἑστῶτες
1885 2477 1974 2529 ἀεὶ

387 2572 487 2635 τὰς
510 2570 822 2643 προσευχὰς
855 2569 1192 2642 ποιούμενοι.

461 2661 567 2730 1.,βῆ
602 2661 1116 2729 Θεοκαταγνῶσται,
1165 2664 1214 2716 οἱ
1261 2663 1356 2718 καὶ
1414 2662 1768 2736 βλάσφημοι·
1814 2666 1864 2718 οί
1913 2663 1970 2718 ἐν

385 2772 498 2808 τισι
535 2753 714 2822 λόγοις
742 2755 833 2807 καὶ
858 2756 1167 2826 πράγμασι,
1188 2757 1295 2810 τῶν
1319 2775 1379 2810 τε
1399 2759 1778 2828 ἀνακειμένων
1821 2756 1969 2828 αὐτῷ

388 2847 562 2913 ἁγίων
594 2845 925 2918 προσώπων,
961 2850 1055 2902 καὶ
1083 2847 1189 2900 τῶν
1251 2847 1414 2902 θείων
1479 2849 1710 2920 Γραφῶν
1744 2866 1968 2918 καταγι-

369 2937 624 2991 ’νώσκειν
658 2937 1014 3010 πειρώμενοι,
1048 2939 1310 3013 τολμηροί
1354 2957 1499 3004 τινες
1527 2941 1622 2994 καὶ
1653 2939 1967 3014 βλάσφημοι

386 3031 754 3104 ὑπάρχοντες..

457 3214 570 3279 ια’.
596 3210 643 3263 Χ
653 3209 959 3279 ριστολύται
979 3210 1112 3282 (66)·
1133 3213 1180 3265 οί
1202 3211 1451 3280 λέγοντες
1472 3213 1563 3267 τὸν
1583 3215 1786 3286 Κύριον
1817 3215 1974 3286 ἡμῶν

400 3301 612 3371 Ἰησοῦν
640 3303 879 3372 Χριστὸν
913 3300 1051 3372 μετὰ
1080 3302 1178 3372 τὴν
1203 3305 1265 3356 ὲκ
1314 3303 1525 3374 νεκρῶν
1578 3305 1876 3360 ἀνάστασιν
1914 3306 1974 3358 τὸ

388 3393 634 3464 ιμψυχον
669 3394 830 3463 σῶμα
858 3392 1025 3446 αὐτοῦ
1074 3395 1224 3448 κάτω
1275 3395 1604 3460 λελοιπέναι,
1647 3397 1742 3450 καὶ
1789 3398 1971 3467 γυμνῇ

386 3488 454 3555 τῇ
486 3485 701 3557 θεότητι
732 3485 1118 3558 ἀνεληλυθέναι
1149 3488 1230 3552 είς
1265 3489 1388 3552 τοὺς
1423 3487 1710 3558 οὐρανούς.

460 3665 562 3732 ίιδν.
607 3665 957 3737 Ἑθνύφρονες
980 3681 994 3698 °
1049 3667 1099 3720 οί
1135 3668 1256 3730 ταῖς
1306 3666 1620 3737 συνηθείαις
1656 3665 1765 3719 τῶν
1802 3666 1972 3720 ἐθνῶν

386 3755 907 3822 ἐπακολουθοῦντες,
982 3758 1306 3828 Χριστιανοὶ
1360 3757 1528 3811 τᾶλλα
1597 3757 1969 3829 ὑπάρχοντες·

387 3849 589 3911 οἵτινες
619 3849 1014 3918 παρεισάγουσι
1045 3848 1283 3918 γένεσιν,
1316 3849 1409 3903 καὶ
1429 3848 1622 3920 τύχην,
1654 3849 1749 3902 καὶ
1777 3850 1974 3921 εἱμαρ-

390 3938 588 4008 μένην,
626 3939 808 3993 πᾶσάν
829 3957 887 3992 τε
943 3939 1040 4010 τὴν
1075 3939 1442 4012 ἀστρονομίαν
1475 3941 1570 3992 καὶ
1611 3941 1973 4010 ἀστρολογίαν

388 4030 848 4100 παραδεχόμενοι,
879 4033 972 4084 καὶ
999 4033 1181 4085 πᾶσαν
1213 4032 1495 4102 μαντείαν,
1534 4033 1628 4085 ml.
1659 4032 1972 4104 ὀρνιθοσκο-

388 4122 522 4175 πίαν
543 4139 556 4152 ·
591 4124 684 4175 καὶ
713 4124 1049 4193 οίωνισμοῖς,
1079 4124 1174 4177 καὶ
1192 4123 1687 4194 ἀποτροπιασμοῖς,
1720 4123 1817 4178 καὶ
1842 4124 1974 4196 κλῃ-

388 4215 689 4284 δονισμοῖς,
718 4215 812 4270 καὶ
873 4216 1352 4286 τερατοσκοπίαις,
1399 4217 1495 4269 καὶ
1545 4218 1848 4282 ἐπαοιδαῖς,
1877 4219 1972 4272 καὶ

315 4339 320 4346 -
387 4309 504 4370 τοῖς
538 4305 748 4375 ὁμοίοις
783 4306 973 4377 μύθοις
1020 4306 1256 4372 ἀσεϐῶν,
1290 4309 1356 4378 τῇ
1408 4325 1468 4360 τε
1517 4306 1677 4380 λοιπῇ
1714 4308 1974 4381 συνηθείᾳ

386 4398 498 4451 τῶν
518 4396 689 4449 ἐθνῶν
717 4397 1164 4469 προσανέχοντες,
1188 4401 1281 4453 καὶ
1316 4399 1512 4470 ἑορτάς
1541 4417 1694 4462 τινας
1727 4399 1970 4470 Ἐλληνι-

2083 627 2246 683 llatus
2286 638 2388 692 est,
2424 643 2548 682 cum
2583 627 2824 700 zEgyptii
2874 629 2930 684 in
2977 630 3116 685 mari
3156 631 3345 687 ltubro
3390 633 3664 691 submersi

2080 722 2326 791 periere.-

2153 811 2242 867 88.
2281 811 2640 867 Gnosimacbi
2677 818 2828 877 sunt,
2857 812 2949 882 qui
2986 815 3134 867 omni
3180 815 3507 872 Christiana:
3537 818 3668 873 reli-

2080 903 2260 976 gionis
2311 904 2616 975 COgnitioni
2646 919 2709 958 ac
2745 904 2990 959 scientiae
3041 905 3115 959 ita
3156 907 3558 974 adversantur,
3607 921 3667 964 ut

2081 1012 2557 1069 supervacaneum
2582 1012 2772 1052 eorum
2800 997 3045 1052 laborem
3074 1013 3198 1053 esse
3233 999 3440 1066 dicant,
3480 1003 3572 1072 qui
3597 1016 3665 1056 ex

2083 1087 2392 1160 Scripturis
2424 1088 2629 1144 divinis
2683 1087 3028 1158 cognitiones
3079 1090 3295 1159 aliquas
3330 1093 3664 1162 exquirunt;

2079 1197 2279 1252 nempe
2328 1196 2456 1236 cum
2489 1180 2636 1236 Deus
2669 1188 2867 1251 praeter
2898 1180 3042 1236 bona
3073 1196 3240 1251 opera
3276 1196 3304 1234 a
3333 1183 3665 1239 Christianis

2080 1275 2220 1331 nihil
2256 1275 2408 1330 aliud
2439 1274 2642 1346 exigat.
2684 1273 2959 1330 Przestare
2990 1275 3176 1343 itaque
3212 1285 3267 1329 ut
3296 1278 3420 1346 quis
3454 1278 3664 1348 simpli.-

2080 1367 2202 1421 cius
2234 1365 2473 1430 incedat,
2505 1366 2829 1435 nullumque
2864 1365 3061 1436 dogma
3097 1367 3162 1420 ad
3203 1368 3489 1422 scientiam
3535 1373 3663 1423 atti-

2081 1476 2218 1515 nens
2248 1459 2530 1515 curiosius
2560 1466 2863 1514 scrutetur.

2151 1552 2240 1608 89.
2282 1552 2657 1624 lleliotropita:
2704 1561 2854 1616 sunt,
2909 1553 3003 1622 qui
3055 1551 3123 1608 iis
3169 1553 3224 1607 in
3280 1553 3488 1618 herbis,
3547 1571 3668 1624 qua:

2081 1646 2254 1701 solem
2278 1644 2511 1714 ejusque
2546 1642 2732 1703 radios
2763 1647 3301 1713 sequuntur,inesse
3329 1645 3437 1699 vim
3468 1661 3666 1716 (ptatu-

2078 1739 2204 1794 dam
2237 1737 2480 1793 divinam
2513 1739 2726 1801 dicunt,
2755 1754 2863 1808 qua
2888 1739 3158 1809 ejusmodi
3190 1743 3583 1798 conversiones
3610 1742 3667 1800 in

2080 1833 2190 1887 illis
2223 1830 2528 1887 efficiantur
2562 1850 2574 1888 :
2606 1833 2968 1902 quamobrem
3009 1833 3218 1887 cultum
3276 1834 3356 1890 eis
3415 1835 3662 1890 adhiberi

2079 1925 2312 1993 volunt;
2346 1939 2447 1980 nec
2472 1924 2787 1995 intelligunt
2819 1932 3025 1979 motum
3062 1926 3155 1996 qui
3210 1926 3264 1980 in
3308 1927 3394 1983 his
3425 1927 3668 1982 animad-

2079 2016 2336 2081 vertitur,
2372 2015 2681 2071 naturalem
2717 2030 2860 2072 esse.

2147 2107 2235 2165 90.
2267 2107 2774 2180 Thnetopsychitze,
2805 2107 3044 2163 animam
3096 2108 3393 2166 humanam
3426 2110 3662 2170 similem

2077 2203 2274 2255 animm
2304 2201 2581 2272 pecudum
2611 2201 2904 2268 inducunt,
2935 2217 3168 2274 eamque
3196 2204 3349 2259 aiunt
3383 2220 3506 2260 cum
3534 2220 3663 2262 cor-

2079 2311 2209 2365 pore
2240 2295 2440 2363 perire.

2149 2386 2240 2442 9|.
2277 2387 2617 2458 Agonyclitae
2645 2396 2799 2453 sunt,
2845 2388 2939 2458 qui
2974 2389 3133 2443 nullo
3163 2396 3410 2460 tempore
3438 2398 3661 2446 orantes

2076 2477 2444 2550 genuﬂectere
2479 2479 2675 2534 volunt
2711 2495 2775 2534 ac
2803 2481 3076 2550 provolvi,
3115 2481 3211 2537 sed
3248 2495 3468 2554 semper
3496 2493 3662 2538 orant

2077 2577 2310 2625 stantes.

2149 2662 2238 2718 92.
2283 2661 2795 2733 Theocatagnostze,
2837 2662 2891 2718 id
2937 2670 3021 2720 est
3064 2663 3160 2720 Dei
3204 2665 3658 2736 reprehensores.

2080 2754 2174 2825 qui
2207 2761 2262 2810 et
2291 2755 2634 2825 blasphemi;
2672 2757 2706 2810 ii
2732 2767 2864 2811 sunt
2894 2757 2985 2825 qui
3021 2757 3077 2811 in
3111 2757 3293 2813 verbis
3321 2749 3658 2830 quibusdam

2080 2847 2360 2917 gestisque
2410 2837 2628 2902 Domini
2688 2848 2861 2902 nostri
2914 2848 3028 2914 Dei,
3085 2848 3298 2920 ipsique
3349 2850 3657 2910 dicatarum

2080 2955 2444 3008 personarum
2521 2948 2888 3005 sanctarum,
2961 2957 3174 2998 necnon
3250 2941 3658 3013 Scripturarum

2080 3047 2365 3086 sacrarum
2413 3033 2622 3087 audent
2650 3032 2854 3090 inferre
2885 3035 3096 3090 crimen
3123 3075 3139 3101 ,
3172 3036 3454 3092 temerarii
3485 3035 3661 3093 homi~

1997 3138 2040 3196 ο
2077 3141 2174 3179 nes
2205 3139 2268 3179 ac
2300 3124 2580 3182 maledici.

2148 3215 2237 3270 95.
2272 3215 2644 3288 Christolytaz,
2691 3232 2785 3272 seu
2838 3218 3121 3274 Christum
3178 3220 3660 3283 solventes,.sunt

2075 3307 2170 3376 qui
2221 3307 2510 3363 Dominum
2564 3317 2817 3364 nostrum
2874 3309 3065 3366 Iesum
3138 3311 3422 3368 Christum
3474 3314 3652 3379 aiunt,

2075 3406 2433 3469 posteaquam
2480 3401 2722 3455 surrexit
2775 3417 2806 3456 a
2857 3403 3114 3466 mortuis,
3159 3405 3355 3459 relicto
3399 3406 3453 3460 in
3508 3413 3657 3460 terra

2077 3489 2320 3544 animato
2364 3505 2617 3562 corpore,
2671 3493 2818 3547 nuda
2876 3494 3101 3564 solaque
3148 3495 3352 3552 deitate
3389 3497 3456 3552 ad
3486 3498 3656 3555 caelos

2076 3579 2418 3636 ascendisse.

2149 3673 2237 3727 94.
2273 3661 2721 3744 EthnOphrones,
2776 3677 2892 3746 qui,
2943 3693 3070 3733 cum
3111 3679 3350 3750 gentium
3404 3680 3655 3738 instituta

2076 3780 2139 3820 ac
2155 3781 2335 3821 mores
2367 3775 2692 3837 sequantur,
2715 3773 3009 3842 caeteroqui
3031 3771 3333 3828 Christiani
3353 3774 3651 3831 exsistunt.

1997 3917 2000 3920 ἠ
2076 3856 2140 3910 Hi
2195 3859 2438 3926 genesim
2502 3859 2809 3925 inducunt,
2880 3862 3269 3936 fortunamque
3334 3874 3388 3920 et
3439 3867 3652 3922 fatum:

2075 3962 2292 4002 omnem
2349 3951 2745 4006 astronomiam
2803 3954 3268 4026 astrologiamque
3312 3957 3655 4029 suscipiunt;

2074 4056 2290 4097 onmem
2326 4045 2488 4097 etiam
2520 4045 2909 4100 divinationem
2959 4054 3013 4103 et
3069 4049 3336 4119 auguria:
3389 4052 3656 4122 auspiciis

2075 4132 2385 4200 attendunt,
2418 4135 2806 4204 expiamentis,
2837 4137 3140 4204 ominibus,
3173 4141 3467 4209 portentis,
3492 4156 3656 4196 vene-

2074 4223 2235 4291 ﬁciis,
2279 4232 2333 4280 et
2379 4227 2654 4282 similibus
2699 4227 2823 4282 aliis
2868 4230 3160 4298 impiorum
3206 4230 3446 4293 fabulis,
3494 4247 3559 4288 ac
3606 4233 3654 4285 si

2076 4315 2205 4385 quid
2239 4318 2526 4387 gentilium
2573 4321 2824 4377 moribus
2882 4321 3126 4378 inolevit.
3159 4323 3304 4390 Quin
3355 4332 3408 4378 et
3465 4323 3654 4379 Genti-

2078 4409 2208 4462 lium
2273 4409 2414 4464 festa
2487 4411 2670 4482 aliqua
2742 4416 3085 4470 venerationi
3162 4416 3326 4488 109
3406 4417 3652 4479 habent,

387 4489 493 4552 κάς
522 4489 812 4559 τιμῶντες,
846 4491 1060 4562 ἡμέρας
1127 4508 1185 4544 τε
1248 4487 1426 4556 αὖθις,
1486 4493 1581 4546 καὶ
1628 4491 1828 4562 μῆνας,
1879 4493 1972 4545 καὶ

2094 4496 2307 4566 liesque
2336 4513 2534 4555 rursus
2565 4511 2619 4556 et
2653 4517 2870 4558 menses
2897 4504 3217 4574 observant,
3237 4487 3296 4562 et
3325 4515 3569 4577 tempora
3603 4517 3656 4562 et

388 4580 644 4650 καιροὺς,
676 4582 768 4634 καὶ
792 4583 1072 4645 ἐνιαυτοὺς
1105 4583 1610 4654 παρατηρούμενοι.

461 4670 564 4738 ιιέ.
623 4673 900 4727 Δονατικοί
945 4681 970 4710 ο
1011 4674 1146 4744 (67)’
1190 4675 1236 4727 οί
1285 4674 1392 4727 ἀπὸ
1437 4675 1668 4728 Δονὰτου
1717 4675 1860 4738 τινος
1912 4675 1970 4727 ὲν

2081 4602 2276 4643 annos.

2153 4681 2241 4736 95.
2281 4681 2599 4751 Donatistae,
2626 4702 2653 4740 a
2696 4660 2907 4744 Donato
2927 4690 3162 4761 quodam
3193 4691 3246 4745 in
3267 4691 3450 4748 Africa
3470 4703 3655 4750 ortum

1795 4787 2029 4841 VARIAa‘
2073 4790 2478 4851 LECTIONES.

461 4890 485 4914 °
513 4874 580 4932 Β.
605 4877 747 4935 2508
775 4881 1108 4936 Δονατιανοί.
1138 4879 1520 4937 Thcodoretus
1546 4897 1674 4936 vero
1699 4882 2046 4934 Δοιατισταί.

1907 4991 2137 5048 NOTAE.

461 5082 675 5158 (65)_De
697 5085 1181 5158 Thnetopsychitis
1206 5088 1339 5142 nihil
1366 5089 1565 5143 diserte
1587 5100 1839 5144 auctores
1860 5098 1973 5142 tra-

386 5153 550 5228 dunt.
583 5155 853 5214 Eusebius
877 5153 997 5211 vai
1031 5156 1196 5222 Hist,
1221 5174 1341 5228 cap.
1373 5160 1462 5224 58,
1498 5161 1550 5213 in
1576 5160 1774 5214 Arabia
1803 5161 1974 5214 luere-

389 5227 534 5278 ticos
575 5228 857 5283 exstitisse
889 5238 1096 5290 narrat,
1132 5229 1226 5299 qui
1263 5227 1827 5284 aSsererentanimam
1867 5246 1972 5284 una

390 5312 518 5347 t'llllt
541 5299 868 5366 corporibus
899 5299 1145 5363 interire,
1203 5301 1626 5354 resurrectionis
1677 5314 1804 5352 vero
1837 5312 1975 5354 tem-

389 5380 525 5432 pore
559 5382 680 5420 cum
714 5383 943 5438 corpore
969 5371 1149 5422 denuo
1179 5371 1526 5424 excitandam
1563 5388 1576 5424 ι
1615 5385 1754 5437 quos
1787 5370 1838 5424 in
1862 5370 1971 5425 fre-

387 5439 582 5512 quenti
613 5439 824 5512 synodo
853 5440 1150 5494 confutavit
1185 5440 1470 5512 Origenes,
1499 5450 1554 5494 et
1589 5442 1652 5495 ad
1683 5441 1971 5512 sanitatem

390 5505 940 5581 r_edn_xit._‘Arahicos
990 5512 1112 5564 illos
1170 5505 1370 5567 vocant
1423 5513 1786 5581 Augustinus,
1827 5511 1973 5567 Prai-

388 5577 795 5633 dcstinatianus
827 5591 879 5634 et
915 5581 1196 5634 lsodorus.

464 5646 578 5722 (66)
611 5646 682 5722 De
731 5649 1081 5722 Christolytis
1113 5650 1309 5705 Noster
1331 5651 1520 5707 iisdem
1548 5653 1728 5707 verbis
1760 5652 1970 5714 scribit,

390 5716 592 5793 [lgibus
641 5716 1038 5793 Constantinus
1097 5723 1500 5793 Copronymus.
1557 5722 1970 5793 cujusﬂtextum

390 5781 737 5858 Nicephorus
766 5791 869 5848 GP.
894 5794 1084 5849 recitat
1111 5781 1351 5846 Anthirf.
1385 5808 1420 5858 ι,
1442 5807 1561 5863 cap.
1596 5781 1683 5848 δ’ἰι.
1711 5791 1975 5848 Videntur

2080 5092 2241 5145 ambo
2275 5091 2390 5144 haec
2427 5091 2679 5148 hauSisse
2749 5111 2812 5148 ex
2855 5095 3154 5154 vetustiore
3200 5110 3442 5156 auctore.
3495 5101 3657 5158 Chri-

2079 5163 2275 5232 stolyta
2303 5160 2748 5236 fuit_Stcphanus
2785 5164 3058 5232 Gobarus,
3092 5169 3184 5236 qui
3233 5169 3513 5227 Christum
3550 5190 3655 5228 non

2079 5241 2366 5306 venturum
2411 5233 2462 5306 in
2518 5247 2681 5306 carne
2712 5244 2768 5306 u_t
2822 5236 3072 5292 homines
3112 5233 3345 5306 judicet,
3381 5243 3484 5296 sed
3513 5246 3656 5300 nuda

2078 5302 2388 5374 divinitate,
2415 5303 2706 5374 docuisse;
2726 5302 2901 5358 fertur
2933 5302 3290 5374 apndfl’hot.
3330 5302 3471 5366 Vcod.
3523 5313 3654 5370 9.52.

2077 5373 2435 5450 Christolytai
2478 5372 2990 5450 erantlﬁutychian‘i
3030 5377 3126 5450 illi.
3170 5380 3260 5450 qui
3304 5381 3448 5450 apud
3480 5382 3659 5439 Theo-

2077 5442 2595 5516 doretuln,_t_l_ial.2_,
2647 5442 2949 5512 Christum,
2992 5442 3570 5516 ausim-humanitate,
3608 5457 3657 5511 iu

2077 5513 2276 5567 cmlum
2319 5512 2523 5567 abiisse
2558 5513 2876 5568 faterentur.

2149 5582 2260 5656 (67)
2301 5583 2598 5656 Donatista:
2641 5581 2892 5640 Nestorio
2942 5585 3100 5656 longe
3139 5592 3468 5649 vetustiores
3503 5607 3654 5652 sunt.

2079 5653 2334 5731 solemne
2363 5653 2495 5722 ipsis
2539 5668 2646 5731 non
2671 5667 2790 5731 erat
2829 5664 2956 5731 ante
2996 5653 3400 5731 perceptionem
3444 5664 3661 5720 Eucha-

2084 5723 2253 5796 ristiie
2285 5738 2346 5796 os
2398 5725 2658 5796 martyris
2697 5723 3008 5796 cujuspiam
3058 5723 3321 5788 osculari.
3385 5733 3495 5788 Hoc
3543 5737 3658 5789 sola

2083 5791 2289 5848 Lucilla
2325 5791 2556 5850 fctnina'
2583 5791 2891 5863 factitavit}
2935 5815 3057 5872 quae
3086 5814 3210 5857 cum
3251 5820 3281 5858 a
3309 5803 3527 5859 Caecilio
3552 5802 3666 5855 dia-
