3962 6320
194 327 297 393 761

1384 339 1479 400 DE
1510 342 1966 408 H/ERESIBUS
2003 350 2249 413 LIBER.

3360 359 3467 423 762

188 443 269 504 ὡς
298 439 404 511 τῆς
446 441 665 510 φύσεως
696 442 871 507 οὕτως
918 444 1258 519 ἀπαιτούσης
1279 464 1291 477 ’
1329 451 1422 504 καὶ
1448 450 1613 523 ἕτερά
1658 470 1779 507 τινα

1900 458 2005 513 hoc
2045 460 2249 532 exigat.
2297 463 2573 520 Feruntur
2613 465 2861 536 quaedam
2909 466 3016 521 alia
3066 454 3302 538 sentire,
3346 486 3471 541 quae

188 533 601 604 παραπλησίως
629 535 738 588 τῶν
766 536 1187 609 ὀνομαζομένων
1220 541 1520 613 Ἀρειανῶν
1547 556 1568 583 ³
1593 545 1781 615 λέγον-

186 641 281 678 ται
304 629 548 696 φρονεῖν.
586 626 759 699 [Ἀπὸ
788 630 995 685 τούτων
1035 632 1335 699 necesse;
1380 653 1463 700 τις
1513 638 1779 708 ἀνεφάνη,

191 717 249 783 ἐξ
280 712 341 773 οῦ
373 719 731 775 Εὑσταθιανοί
772 722 842 794 ⁸.]

359 808 544 868 Αὗται
560 814 739 883 μέχρι
768 814 887 869 τῶν
912 817 1264 887 Ἡρακλείου
1286 821 1530 892 χρόνων
1552 834 1600 877 υ.

208 984 342 1040 Ἀπὸ
363 986 433 1039 δὲ
473 988 826 1057 Ἡρακλείου
846 993 941 1079 καζ
971 992 1148 1061 δεῦρο
1173 995 1534 1066 ἀνεφύησαν
1554 999 1615 1052 αἱ
1634 1000 1782 1053 ὐπο-

847 1079 931 1115 κει
934 1080 1110 1130 perat
1120 1106 1134 1120 .

267 1150 373 1218 ιιθν.
412 1152 784 1223 Μονοθελῆται
836 1154 988 1223 (69)·
1016 1157 1064 1209 οἱ
1094 1156 1203 1210 ἀπὸ
1243 1156 1338 1211 τοῦ
1372 1158 1781 1230 Ἀλεξανδρείας

194 1241 384 1312 Κύρου
411 1244 510 1315 τὴν
533 1246 707 1317 ἀρχὴν
737 1247 1018 1317 εἰληφότες
1039 1266 1053 1279 ·
1089 1249 1197 1303 ἀπὸ
1226 1250 1280 1304 δὲ
1306 1250 1399 1305 τοῦ
1431 1254 1780 1308 Κωνσταντι-

195 1334 501 1398 νουπόλεως
534 1336 764 1407 Σεργίου
799 1337 1214 1409 βεδαιωθέντες.
1251 1336 1411 1397 Οὗτοι
1442 1343 1541 1413 μὲν
1567 1343 1660 1399 δύο
1688 1344 1780 1397 ἐπὶ

196 1426 437 1499 Χριστοῦ
464 1427 658 1496 φύσεις
700 1431 1086 1503 πρεσϐεύουσι,
1123 1433 1217 1486 καὶ
1254 1434 1386 1504 μίαν
1442 1436 1777 1491 ὑπόστασινο

192 1516 253 1569 ἓν
299 1517 355 1570 δὲ
411 1518 623 1590 θέλημα
671 1521 764 1573 καὶ
811 1521 940 1590 μίαν
988 1522 1276 1593 ἐνέργειαν
1332 1523 1778 1595 δογματίζουσιν,

194 1605 548 1674 ἀναιροῦντες
589 1608 677 1662 διὰ
711 1610 902 1663 τούτου
945 1610 1055 1664 τῶν
1084 1613 1301 1682 φύσεων
1335 1615 1433 1686 τὴν
1460 1615 1652 1682 δυάδα,
1684 1617 1778 1669 καὶ

190 1701 306 1760 τοῖς
350 1699 727 1772 Ἀπολιναρέου
751 1702 1017 1773 δόγμασιν
1056 1705 1294 1777 ἰσχυρῶς
1314 1707 1774 1779 ἀντιποιούμενοι.

263 1789 366 1863 [ρ’.
396 1792 887 1865 Αὐτοπροσκόπται
917 1806 944 1836 ν
967 1813 980 1828 ⁸
1017 1798 1194 1852 πάντα
1230 1800 1329 1870 μὲν
1353 1800 1624 1870 ὀροόδοξοι
1673 1804 1779 1856 ὑπ-
1811 1813 1853 1868 Β

190 1884 475 1955 ἄρχοντες,
518 1886 691 1951 ἀδεῶς
733 1887 790 1941 δὲ
819 1889 919 1961 τῆς
953 1890 1251 1961 καθολικῆς
1299 1890 1626 1961 Ἐκκλησίας
1678 1895 1774 1948 καὶ

191 1975 477 2041 κοινωνίας
520 1979 664 2047 σφᾶς
712 1979 913 2044 αὐτοὺς
945 1983 1274 2053 προφάσεως
1321 1984 1573 2049 εὐτελοῦς
1611 1986 1776 2041 ’ἑνεκα

189 2069 618 2134 ἀποκόπτοντες.
664 2072 1002 2137 Κανονικοὺς
1031 2075 1087 2127 δὲ
1117 2074 1356 2146 δεσμοὺς
1384 2078 1544 2149 δῆθεν
1576 2079 1774 2150 ἐπιζη-

188 2159 433 2228 τοῦντες,
462 2161 587 2215 οὔτε
607 2163 921 2228 ἐπίσκοποι,
950 2164 1065 2220 οὗθ’
1085 2166 1222 2231 ὅλως
1251 2167 1381 2222 λαοῦ
1406 2168 1772 2240 προεστῶτες

189 2253 328 2308 ἀλλά
351 2272 494 2318 τινες
528 2254 769 2324 ἀγελαῖοι
807 2257 982 2325 ὄντες,
1016 2260 1168 2329 ὅμως
1218 2261 1374 2315 αὐτοὶ
1400 2263 1776 2334 προσκόπτου-

188 2362 278 2399 σιν
308 2348 364 2400 ὲν
389 2341 472 2411 οἷς
498 2349 811 2416 ἐγκαλοῦσι.
836 2352 1155 2406 Συνοικοῦσι
1186 2354 1297 2425 γὰρ
1322 2355 1538 2424 γυναιξὶ
1563 2373 1777 2428 προφα-

190 2438 321 2504 νῶς,
345 2439 440 2493 καὶ
472 2442 873 2510 παρεισάκτους
901 2444 1222 2513 συνάγουσι’
1257 2449 1668 2517 πραγματείαις
1713 2467 1775 2502 τε

190 2531 289 2584 καὶ
341 2532 696 2599 πλεονεξίαις,
753 2536 847 2587 καὶ
881 2539 992 2599 τοῖς
1018 2537 1198 2602 ἄλλοις
1228 2540 1562 2612 ὲντρίϐονται
1592 2542 1776 2612 βιωτι-

189 2624 308 2686 κοῖς
324 2623 648 2696 πράγμασιν
669 2644 681 2657 ·
701 2627 913 2697 ἀλόγως
934 2646 993 2682 τε
1023 2629 1394 2700 βιωτεύουσιν,
1418 2635 1603 2695 ἐκεῖνα
1631 2633 1777 2705 ἔργῳ

192 2708 582 2783 καταλύοντες,
614 2720 759 2791 ἆπερ
788 2720 933 2792 λόγῳ
968 2725 1224 2795 συνιστᾷν
1253 2724 1644 2794 ἰσχυρίζονται,
1670 2744 1778 2781 πα·-

194 2805 427 2876 ραϐἀται
449 2808 623 2873 ὄντες,
640 2812 779 2865 κατὰ
796 2810 895 2883 τὴν
918 2812 1282 2885 ἀποστολικὴν
1299 2814 1592 2883 ἀπόφασιν.
1618 2816 1778 2886 Λόγῳ

192 2898 304 2967 γάρ
326 2898 616 2969 τιμῶντες,
645 2900 792 2972 ἔργῳ
838 2904 930 2957 τὸν
982 2905 1115 2960 Θεὸν
1169 2907 1522 2977 ἀτιμάζουσι,
1552 2912 1781 2980 μοναχοὶ

194 2990 290 3042 καὶ
312 2989 417 3042 ὑπὸ
446 2991 648 3064 κλῆρον
688 2994 1032 3065 ταττόμενοι.
1061 2997 1327 3051 Ἐπονται
1365 2998 1423 3051 δὲ
1466 3000 1673 3064 αὐτοῖς,
1704 3001 1779 3067 ὡς

189 3080 242 3134 οἱ
275 3081 713 3155 τεθαμσωμένοι,
748 3087 843 3141 καὶ
871 3090 938 3160 τῇ
967 3089 1178 3144 ἑαυτῶν
1198 3090 1461 3161 ἁπλότητι
1485 3086 1780 3164 πορευόμε-

261 3193 282 3223 ⁷
317 3192 478 3249 Rom.
514 3210 576 3263 ιι,
602 3196 692 3251 25.

1889 548 2070 607 alIinia
2105 553 2218 608 sint
2271 555 2493 624 placitis
2533 572 2746 625 eorum,
2794 559 2888 630 qui
2929 559 3192 615 dicuntur
3244 562 3466 619 Aeriani

1889 641 1985 715 [ex
2050 644 2136 700 his
2173 644 2497 704 Eustathius
2533 649 2756 720 quidam
2788 650 3017 722 prodiit,
3052 668 3083 707 a
3128 668 3237 724 quo
3266 652 3469 709 Eusta—

1884 738 2107 809 thiani}.

1887 828 2158 886 Hactenus
2204 831 2451 900 liceretea,
2492 835 2894 917 aureasquead
2937 835 3173 917 Heraclii
3222 832 3467 907 tempora

2504 909 2842 960 exstiterunt.
3134 909 3149 927 ⁸

1889 994 2048 1066 ιιθ
2087 995 2165 1050 Ab
2204 997 2443 1053 Heraclii
2474 1007 2652 1062 (etate,
2711 1006 2761 1052 et
2798 998 3038 1065 deinceps
3090 1009 3289 1055 exorna
3318 1008 3462 1064 sunt,

2362 1085 2480 1139 qua:
2511 1068 2595 1123 hic
2630 1069 3010 1139 subjiciuntur.

1954 1156 2042 1213 99.
2082 1156 2487 1221 Monotheletaa,
2528 1175 2557 1214 a
2599 1159 2744 1232 Cyro
2782 1158 3160 1214 Alexandrino
3193 1159 3461 1231 originem

1883 1246 2201 1315 duxerunt;
2262 1265 2293 1303 a
2354 1249 2548 1321 Sergio
2611 1258 2795 1306 autem
2844 1249 3463 1321 Constantinopolitano

1880 1341 2052 1396 robur
2093 1352 2450 1413 acceperunt.
2483 1341 2568 1395 illi
2610 1341 2748 1398 duas
2784 1351 3012 1397 naturas
3058 1356 3122 1397 ac
3167 1356 3460 1412 personam

1882 1448 2050 1487 unam
2081 1434 2137 1487 in
2166 1434 2393 1488 Christo
2420 1442 2769 1503 agnoscunt;
2804 1442 2859 1488 at
2893 1449 3057 1487 unam
3096 1436 3459 1494 voluntatem,

1883 1535 2160 1591 unamque
2192 1522 2569 1592 Operationem
2605 1522 2663 1575 in
2703 1538 2768 1577 eo
2800 1531 3010 1593 ponunt
3041 1541 3055 1577 :
3088 1536 3198 1591 qua
3249 1521 3464 1575 ratione

1882 1615 2161 1685 duplicem
2198 1623 2454 1671 naturam
2485 1615 2708 1680 tollunt,
2744 1629 2809 1669 ac
2845 1614 3170 1685 Apollinarii
3202 1613 3462 1684 dogmata

1881 1709 2062 1764 valide
2092 1708 2444 1764 confirmant.

1953 1800 2121 1873 [100.
2185 1800 2668 1871 Autoproscoptae.
2724 1798 2791 1853 Hi
2833 1813 2933 1869 per
2987 1797 3177 1852 omnia
3236 1795 3460 1866 quidem

1878 1893 2172 1950 orthodoxi
2197 1901 2348 1958 sunt,
2384 1892 2481 1948 sed
2515 1900 2746 1956 temere,
2777 1889 3169 1958 levissimaque
3197 1888 3263 1943 de
3294 1900 3460 1941 causa

1878 1988 1950 2043 ab
1987 1986 2248 2043 Ecclesia:
2281 1985 2568 2041 catholicae
2614 1986 3007 2040 communione
3039 1997 3179 2038 sese.
3206 1979 3461 2036 abscide-

1877 2089 2027 2147 runt,
2061 2081 2463 2136 canonicarum
2495 2080 2946 2134 Observationum
2979 2075 3178 2147 gratia.
3211 2072 3460 2142 Cumque

1878 2189 1981 2230 nec
2012 2173 2280 2243 episcopi,
2312 2186 2413 2227 nec
2446 2172 2674 2226 omnino
2704 2170 2878 2241 plebis
2903 2166 3168 2239 praesides
3195 2165 3332 2228 sint,
3361 2161 3461 2217 sed

1878 2266 2115 2339 gregarii
2155 2264 2380 2334 quidam
2436 2263 2709 2326 homines,
2761 2261 2816 2315 in
2848 2275 2910 2314 ea
2962 2259 3066 2329 ipsi
3118 2257 3458 2325 impingunt,

1875 2376 2001 2430 qua:
2032 2359 2156 2412 aliis
2186 2358 2491 2426 objectant.
2531 2352 2716 2407 Palam
2750 2351 3020 2421 siquidem
3068 2364 3195 2403 cum
3232 2346 3459 2401 feminis

1879 2450 2156 2515 habitant,
2190 2445 2610 2501 introductitias
2648 2442 2909 2496 mulieres
2944 2438 3085 2509 apud
3126 2453 3185 2493 se
3211 2437 3459 2492 retinen-

1879 2555 1996 2608 tes;
2032 2541 2395 2600 mercatibus,
2414 2538 2614 2602 lucris,
2637 2536 2874 2605 aliisque
2897 2532 3256 2588 saecularibus
3288 2544 3457 2599 nego-

1879 2637 1971 2691 tiis
1993 2642 2215 2697 vacant,
2246 2639 2300 2687 et
2330 2630 2496 2685 vitam
2527 2636 2701 2699 agunt
2754 2642 2783 2681 a
2832 2627 3045 2681 ratione
3087 2637 3314 2693 prorsus
3347 2620 3461 2675 dis-

1879 2706 2225 2788 séntaueam,
2259 2731 2319 2779 ut
2358 2738 2421 2779 ea
2454 2736 2621 2792 opere
2662 2719 2974 2782 destruant,
3023 2730 3147 2786 qua:
3189 2712 3462 2770 sermoni-

1880 2820 1983 2875 bus
2045 2820 2300 2873 nituntur
2352 2824 2648 2880 astruere;
2708 2813 2957 2882 adeoque
3007 2808 3459 2880 praevaricatores

1882 2911 2021 2965 fiunt
2072 2908 2379 2965 secundum
2432 2906 2766 2963 sententiam
2816 2901 3137 2974 Apostoli'.
3171 2898 3329 2963 Nam,
3378 2908 3461 2951 ta-

1882 3003 2047 3058 metsi
2080 3011 2212 3057 sunt
2242 2999 2523 3063 monachi,
2558 3008 2613 3055 et
2654 2997 2759 3054 sub
2789 2996 2939 3051 clero
2968 2992 3281 3056 constituti,
3328 3005 3465 3044 voce

1882 3095 2105 3167 quidem
2154 3093 2325 3149 Deum
2382 3093 2697 3157 honorant,
2757 3103 2923 3160 opere
2973 3093 3156 3141 autem
3214 3091 3463 3139 contem-

1456 3270 1691 3341 VARUE
1727 3271 2131 3329 LECTIONES.

265 3365 287 3392 ⁸
322 3358 564 3431 Emendo
610 3361 923 3431 Ἀεριανῶν.

1012 3361 1185 3417 ιΗεεο
1232 3362 1505 3417 habentur
1557 3364 1611 3417 in
1670 3365 1789 3420 solo
1842 3365 1964 3420 cod.
2023 3365 2077 3421 S.
2144 3364 2250 3418 Hil.

192 3428 677 3503 llonothelitarum
702 3428 717 3484 Ξ
752 3434 847 3487 sed
871 3432 939 3487 ad
972 3431 1366 3503 Lampetianos
1392 3442 1446 3486 et
1488 3434 1754 3491 Aerianos
1779 3437 2076 3503 pertinent.

2327 3365 2698 3420 emendatoris
2749 3379 2913 3418 manu
2983 3363 3215 3433 adjecta,
3268 3362 3461 3433 itatrCSl

2154 3447 2183 3476 ιι
2205 3435 2449 3489 Titulum
2483 3438 2630 3491 hunc
2662 3435 2814 3491 solus
2846 3435 3011 3489 habet
3040 3432 3164 3490 cod.
3189 3432 3256 3487 Β.
3294 3432 3458 3487 2508.

192 3508 220 3539 ν
261 3499 419 3556 Hanc
457 3502 707 3558 haeresim
738 3503 943 3558 habent
974 3499 1134 3558 codd}
1179 3502 1348 3575 Regg.
1380 3504 1540 3571 2508,
1582 3516 1634 3561 et
1666 3499 1844 3562 Vatic.
1886 3506 2059 3573 H82;
2104 3506 2156 3560 in
2182 3507 2307 3563 aliis
2337 3506 2513 3562 abest.

1711 3617 1950 3674 NOTAE.

262 3708 381 3778 (69)
410 3706 1207 3780 Monojheletarum_parentes
1239 3707 1463 3764 fuerunt
1496 3708 1779 3780 Eutychia-
1805 3715 1849 3772 C
1882 3711 2103 3765 Christo
2139 3710 2464 3774 adimerent,
2506 3711 2600 3765 sed
2627 3712 2939 3775 lmmanam,
2969 3709 3038 3764 oh
3065 3706 3460 3779 penitissiinam

192 3777 283 3841 ni,
327 3777 981 3851 aliiqueMonophysitaE.
1040 3780 1133 3849 qui
1189 3779 1294 3851 hac
1349 3777 1651 3851 praesertim
1713 3781 1783 3835 de

192 3866 362 3907 causa
396 3848 595 3905 Leonis
629 3848 698 3904 Μ.
735 3848 1155 3903 ιιᾱίῖῚεινίειιιιιιιι
1206 3850 1492 3919 epistolam
1546 3851 1781 3904 insimu-

195 3923 394 3981 lat-ent,
426 3922 572 3988 quod
604 3920 743 3975 duas
779 3920 831 3973 in
862 3919 1087 3975 Christo
1117 3921 1466 3987 operationes
1489 3924 1783 3985 astrueret,

193 3993 284 4046 his
309 3992 513 4053 verbis,
549 3992 670 4055 Agit
703 4000 928 4055 utraque
952 3991 1135 4060 forma.
1154 4006 1271 4043 cum
1296 3991 1520 4043 alterius
1546 4007 1783 4044 commu-

196 4065 371 4123 nione,
406 4068 516 4116 etc.
557 4062 788 4115 Aiehant
822 4063 968 4116 enim
991 4100 1007 4125 ,
1037 4061 1296 4114 admissis
1350 4063 1638 4130 utriuSque
1688 4077 1782 4113 na-

195 4142 335 4186 tura:
385 4132 815 4201 operationibus,
869 4131 1008 4186 duas
1072 4132 1185 4186 fore
1224 4147 1509 4200 personas,
1561 4143 1784 4201 propter

199 4219 433 4272 pugnam
463 4202 824 4265 voluntatum,
849 4218 970 4272 quas
996 4202 1442 4271 subsequeretur.
1477 4202 1567 4255 Sic
1597 4202 1782 4255 Timo-

199 4276 360 4329 theus
394 4272 621 4328 jElurus
657 4282 1091 4341 argumentatur,
1139 4274 1192 4325 in
1236 4274 1540 4341 fragmento
1588 4272 1783 4342 ()peris

198 4358 387 4397 contra
410 4346 586 4413 ipsum
612 4346 758 4413 quod
777 4344 904 4397 alibi
939 4343 1211 4397 dabimus.
1236 4342 1326 4396 Sic
1360 4342 1594 4398 Severus
1615 4343 1779 4412 epist.

198 4416 263 4467 ad
297 4414 597 4468 (lEcumen.
637 4430 758 4483 qua:
817 4414 954 4468 lecta
994 4424 1079 4467 est
1124 4421 1230 4467 act.
1268 4413 1335 4466 10
1368 4422 1533 4468 sextae
1562 4413 1779 4482 synodi.

198 4484 471 4551 Quocirca
527 4485 854 4539 Anastasius
905 4484 1278 4537 Jacobitarum
1313 4484 1778 4537 Antiochenorum

199 4557 537 4625 patriarcha,
568 4570 872 4623 pnecursor
903 4556 1011 4616 ille,
1047 4565 1103 4608 ut
1136 4555 1444 4608 Antiochus
1477 4554 1781 4625 monachus

198 4622 294 4685 ait,
322 4622 674 4690 Antichristi,
710 4625 963 4679 lleraclio
988 4625 1118 4693 imp.
1150 4625 1445 4693 soggessit,
1482 4622 1628 4676 facili
1683 4639 1781 4676 ne-

199 4698 348 4766 gotio
406 4694 687 4751 Jaciihitas
736 4711 859 4750 cum
922 4694 1221 4766 Catholicis
1272 4694 1560 4766 uniendos,
1591 4693 1661 4755 si,
1697 4694 1781 4766 vel

201 4764 308 4820 una
357 4769 614 4820 voluntas
673 4775 727 4821 et
762 4765 1007 4834 operatio
1052 4765 1273 4819 Christo
1309 4765 1663 4827 tribueretur,
1700 4764 1780 4817 vel

201 4853 307 4890 una
344 4837 614 4900 duplexve
647 4833 943 4891 taceretur.
980 4835 1285 4905 Suppressa
1314 4833 1580 4903 siquidem
1605 4834 1783 4903 dupli-

200 4909 281 4960 cis
314 4908 553 4962 actionis
600 4906 978 4969 confessione,
1031 4916 1280 4959 naturam
1321 4913 1609 4973 utramque
1654 4920 1782 4973 sop-

202 4978 546 5044 prituendam
593 4985 841 5033 noverat.
894 4976 1235 5030 Postremum
1286 4975 1386 5028 hoc
1411 4975 1780 5029 adnuentibus

203 5043 396 5117 Sergio
430 5047 532 5118 CP.
562 5057 615 5103 et
645 5049 786 5118 Cyro
815 5046 1188 5101 Alexandrino
1226 5044 1465 5118 lictliesi,
1490 5061 1582 5099 seu
1610 5043 1786 5118 Expo-

203 5115 405 5173 sitione
432 5117 575 5180 fidei,
603 5115 836 5173 sancivit
868 5119 1199 5185 imperator;
1228 5117 1591 5185 tirmavitque,
1630 5115 1787 5168 insti-

204 5197 369 5257 gante
402 5187 610 5257 Pyrrho
644 5188 819 5256 Sergii
850 5184 1189 5249 successore,
1230 5186 1505 5257 Constans
1549 5184 1786 5239 lleraclii

206 5256 375 5320 titius,
398 5256 544 5313 edita
578 5258 810 5312 formula
836 5257 983 5321 lidei,
1005 5272 1167 5327 quam
1200 5256 1402 5319 Τόπον,
1438 5259 1653 5327 'l'ypnm,
1688 5271 1784 5308 ro—

166 5370 167 5373 η
202 5336 422 5382 earant.
458 5328 513 5382 ln
539 5330 685 5383 hunc
712 5329 875 5383 etiam
916 5324 1202 5396 scopulum
1258 5327 1512 5380 incautus
1566 5324 1788 5396 impegit

206 5399 484 5453 Honorius
522 5415 681 5470 papa,
740 5400 989 5468 repetitis
1019 5394 1089 5470 ad
1123 5398 1377 5470 Sergium
1416 5394 1642 5470 litteris;
1686 5412 1784 5449 nec

206 5467 649 5539 Sophronii,‘q'ui
683 5467 948 5538 proditam
1003 5469 1161 5523 tidem
1196 5467 1549 5538 querebatur,
1576 5467 1782 5539 legatos

203 5538 442 5601 dimisit,
496 5538 597 5595 nisi
635 5541 909 5608 pollicitos
943 5542 1107 5593 unius
1139 5553 1203 5605 ac
1238 5540 1471 5608 duarum
1506 5538 1784 5591 actionum

204 5611 580 5666 reticentiam.
617 5607 984 5663 Nihilominus
1015 5609 1259 5678 Sergius,
1320 5607 1695 5677 Pyrrhusque,
1736 5617 1789 5661 ct

204 5682 299 5733 alat
332 5682 604 5734 actionem
638 5690 692 5735 et
719 5681 1051 5735 voluntatem
1084 5695 1248 5731 unam
1293 5678 1674 5733 incunctanter
1706 5679 1789 5731 di-

205 5752 409 5804 cebant
430 5767 442 5803 :
467 5767 699 5819 quorum
731 5766 950 5805 sensum
979 5750 1343 5805 Combelisius
1362 5750 1441 5819 sic
1464 5748 1776 5813 ediSsernit,

208 5829 269 5874 ut
302 5836 403 5878 nec
449 5821 684 5879 divinant
719 5822 930 5879 volcndi
966 5821 1308 5888 facultatem,
1340 5835 1438 5903 nec
1488 5821 1778 5874 humanam

1888 3782 2145 3836 unionem
2176 3797 2297 3835 cum
2331 3782 2515 3836 divina
2557 3781 2843 3854 dicendam
2884 3784 3100 3854 proprie
3126 3779 3461 3854 voluntatem

1886 3868 1993 3907 non
2025 3866 2146 3905 esse
2169 3861 2477 3917 censerent,
2511 3850 2633 3921 quae
2659 3852 2855 3906 divinae
2889 3852 3314 3908 instrumentum
3343 3850 3460 3903 fue-

1884 3924 1979 3985 rit,
2010 3936 2073 3975 ac
2100 3921 2282 3975 divina
2308 3921 2671 3992 ὑποστατική,
2702 3938 2938 3990 persona:
2959 3922 3220 3982 voluntas,
3261 3931 3312 3974 et
3335 3921 3463 3992 ἡγε-

1890 3992 2107 4062 μονική,
2140 3992 2474 4060 principalis,
2523 4004 2577 4046 et
2602 3994 3058 4061 quemadmodum
3096 4006 3276 4043 causa:
3312 3991 3462 4062 prin-

1886 4063 2023 4130 cipis
2046 4061 2100 4116 et
2131 4063 2477 4116 instrumenti
2511 4079 2615 4117 una
2641 4072 2725 4117 est
2764 4064 2928 4122 actio,
2964 4064 3036 4116 ita
3072 4061 3376 4115 divinitatis
3407 4068 3463 4111 et

1888 4133 2273 4201 humanitatis.
2313 4133 2399 4186 Sic
2430 4136 2589 4201 plane
2626 4133 2849 4201 Sergius
2891 4134 2957 4186 ad
2993 4133 3289 4185 llonoriom
3321 4132 3461 4184 scri-

1889 4203 2049 4256 bebat
2084 4220 2096 4255 :
2137 4205 2216 4257 sic
2251 4200 2572 4257 Theodorus
2625 4200 2939 4267 Pharanita,
2998 4211 3050 4255 et
3085 4202 3174 4253 alii
3228 4214 3460 4267 quorum

1885 4273 2028 4325 dicta
2063 4275 2367 4344 recitantur
2398 4276 2450 4327 in
2489 4284 2644 4327 sexta
2681 4273 3093 4344 synodoanCuni
3129 4270 3463 4344 Comhctisio

1884 4344 2118 4397 doctiss.
2154 4342 2411 4399 Petavius
2445 4337 2779 4397 convenit‘t.
2826 4342 2890 4396 IV
2928 4342 3106 4395 Tlieol.
3139 4339 3315 4407 dogm.
3361 4337 3458 4390 lib.

1888 4430 1924 4475 ι,
1962 4429 2010 4468 c.
2044 4413 2133 4475 20,
2172 4431 2224 4470 ιι.
2263 4416 2402 4481 1;ct
2432 4416 2525 4469 lib.
2553 4431 2671 4476 rm,
2694 4430 2741 4467 c.
2781 4416 2834 4476 6,
2870 4430 2921 4467 ιι.
2959 4414 3011 4468 5.
3045 4412 3142 4464 llic
3159 4424 3311 4463 error
3335 4424 3457 4461 cum

1887 4485 1988 4537 sub
2016 4482 2318 4552 Philippica
2358 4485 2487 4553 itup.
2518 4485 2896 4553 rccrudnisset
2921 4484 3142 4553 iterum,
3176 4495 3297 4553 niox
3333 4494 3464 4553 exo-

1887 4549 2450 4629 levitpprtct—cr‘quam-
2474 4556 2615 4629 apud
2665 4550 3311 4629 Jacobitaisﬂ.“Eutychius
3338 4549 3464 4629 qui-

1885 4625 2007 4677 dctn
2035 4620 2332 4678 Alexandr.
2386 4631 2427 4675 t.
2482 4620 2522 4676 ll
2571 4626 2707 4677 Ann.
2743 4640 2865 4693 pag.
2902 4624 3024 4687 190,
3059 4620 3265 4693 erroris
3299 4620 3465 4687 hujus
3540 4640 3551 4647 ν

1887 4701 2170 4748 auctorem
2205 4694 2375 4748 fuisse
2398 4703 2585 4747 narrat
2621 4691 2896 4747 Maronem
2936 4691 3223 4762 quemdam
3269 4705 3463 4762 mona-

1885 4763 2068 4829 chum,
2100 4765 2378 4816 alumnum
2409 4767 2723 4818 monasterii
2754 4766 2903 4818 urbis
2930 4759 3129 4821 ﬂama,
3164 4775 3191 4811 a
3224 4774 3335 4829 quo
3355 4759 3465 4812 Mo-

1888 4827 2177 4887 notheletae
2201 4834 2459 4903 deinceps
2498 4838 2549 4886 in
2587 4832 2808 4888 Oriente
2845 4832 3098 4904 appellati
3132 4830 3244 4904 sint
3279 4827 3466 4883 Maro-

1887 4906 2031 4957 niue.
2067 4906 2220 4970 Quod
2253 4900 2498 4957 nunttihil
2522 4905 2858 4959 dillicultatis
2883 4900 3079 4964 habet,
3111 4900 3313 4969 quippe
3338 4914 3461 4954 cum

1887 4991 1950 5028 ex
1992 4974 2311 5029 Damasceni
2352 4974 2578 5045 epistola
2617 4975 2686 5030 de
2744 4977 2944 5045 hymno
2975 4971 3224 5045 Trisagio
3253 4980 3461 5045 certum

1824 5055 1862 5109 υ
1892 5046 1982 5120 sit,
2025 5045 2196 5120 ipsius
2227 5039 2713 5120 aetate—Maronitas
2754 5039 2921 5120 puros
2963 5054 3123 5120 pulos
3164 5039 3465 5120 illonophv-

1894 5110 2257 5177 sitas'fuissc,
2281 5116 2389 5167 imo
2411 5125 2462 5169 et
2501 5110 2977 5185 Theopascliitasf
3009 5110 3064 5168 tit
3096 5128 3196 5185 suo
3230 5112 3346 5185 loco
3371 5110 3464 5160 atl-

1893 5185 2477 5256 notabitur._lnsuper
2527 5187 2579 5256 in
2629 5179 2896 5256 opuscqu
2961 5186 3033 5238 De
3074 5183 3231 5256 recip.
3254 5179 3462 5256 Incr_et.,

1893 5256 2036 5325 quod
2070 5257 2173 5310 sub
2201 5250 2472 5325 Timothei
2510 5255 2615 5309 CP.
2642 5250 2859 5310 nomine
2886 5255 3250 5309 Comhctisius
3286 5250 3467 5325 yulga-

1892 5319 1988 5391 vit,
2018 5337 2055 5382 t.
2078 5326 2120 5380 ll
2145 5328 2324 5387 Λυσι..
2346 5322 2628 5379 Maronitze
2643 5328 2901 5380 dicuntur
2915 5335 3190 5394 quartam,
3216 5319 3462 5394 quintani

1890 5405 1944 5452 et
1976 5390 2188 5451 sextam
2220 5394 2463 5467 synodos
2494 5397 2782 5467 abnegare,
2809 5390 2946 5449 cum
2963 5402 3168 5467 sextam
3202 5390 3465 5443 duntaxat

1893 5462 2267 5521 illonothelctzé
2299 5462 2663 5532 repudiarent.
2698 5465 2965 5519 Caeterum
3013 5462 3318 5515 fabulosum
3353 5476 3461 5512 non

1886 5556 2009 5594 esse
2039 5537 2320 5591 Athanasii
2350 5535 2609 5589 Jacobitae
2664 5552 2787 5588 cum
2825 5534 3073 5587 lleraclio
3098 5545 3458 5604 congressum

1888 5610 2011 5662 alibi
2050 5608 2311 5661 adversus
2346 5606 2562 5659 clariss.
2609 5604 2828 5676 Pagium
2874 5604 3252 5676 proli:ibin_uts,
3290 5599 3463 5652 addu-

1889 5690 1977 5731 cto
2015 5680 2225 5745 prolixo
2289 5678 2592 5745 fragmento
2643 5671 2827 5745 operis
2885 5675 3075 5727 liulnili
3136 5671 3457 5745 Lystroruni

1890 5740 2128 5817 episcopi
2163 5740 2426 5799 adversus
2478 5740 2739 5812 lihe’luiii,
2793 5763 2951 5816 quem
2989 5740 3322 5800 Athanasius
3358 5740 3460 5793 istc

1889 5820 2201 5888 iuipit‘alot‘i
2237 5827 2573 5887 porrexerat.
