3962 6320
398 349 508 414 761

1577 347 1637 408 S.
1679 339 2000 407 JOAN‘NIS
2024 338 2458 407 DAMASCENI

3567 343 3690 410 768

398 469 534 524 dent
565 466 737 522 Deum
774 465 959 522 facere
979 481 1104 538 quae
1130 465 1234 538 ipsi
1261 464 1582 521 allubuerit.
1623 463 1677 519 ld
1711 465 1856 536 quod
1885 481 1984 520 nos

2106 465 2272 534 ἡμεῖς,
2303 462 2503 533 φαμὲν,
2539 461 2765 533 οἴδαμεν
2785 477 2798 491 ⁸
2825 460 2942 516 ἀλλ’
2967 459 3168 532 ὅπωςὴ
3198 459 3384 533 γραφὴ
3405 461 3694 533 κατῆλθεν

402 575 622 630 quoque
646 559 895 631 proliteri
922 559 1164 617 dicimus
1196 579 1209 616 :
1244 560 1341 615 sed
1377 574 1485 628 qua
1521 557 1740 613 tandem
1777 561 1988 614 ratione

400 653 675 721 scriptura
727 651 830 707 ista
863 651 930 706 ad
966 651 1290 721 prephetam
1336 656 1582 706 vestrum
1614 648 1857 706 demissa
1893 649 1986 713 sit,

345 736 348 738 ’
401 745 507 800 hoc
549 759 836 813 rogamus.
873 741 1229 812 Respondent
1271 757 1392 797 eam
1425 757 1594 811 super
1628 741 1779 795 illum
1836 756 1988 796 sour-

400 853 474 892 no
517 837 902 908 quiescentem
928 837 1208 906 delapsam
1241 851 1388 892 esse.
1431 835 1568 888 Tum
1605 850 1706 889 nos
1733 835 1988 904 jocosum

400 926 506 983 hoc
544 929 626 985 eis
666 928 959 998 objicimus
983 945 996 980 :
1023 925 1492 997 Quandoquidem
1525 925 1860 995 scripturam
1895 941 1983 980 ex-

400 1020 548 1088 cepit
595 1019 902 1079 dormiens,
942 1033 1045 1072 nec
1091 1016 1264 1071 divini
1322 1015 1472 1072 illius
1504 1016 1806 1085 quidquam
1839 1015 1991 1070 ama-

399 1117 495 1165 tus
527 1109 728 1176 sensit,
781 1109 835 1164 in
889 1108 1070 1178 ipsum
1104 1118 1250 1164 recte
1281 1108 1431 1164 cadit
1461 1106 1655 1161 tritum
1695 1107 1832 1162 illud
1859 1107 1990 1163 ada-

400 1201 552 1270 gium
589 1199 704 1270 “'.]

471 1291 718 1347 Rursum
773 1291 907 1348 dum
941 1291 1267 1361 quaerimus,
1304 1291 1575 1356 Gurnam,
1617 1304 1744 1345 eum
1779 1289 1898 1359 ipse
1935 1288 1989 1344 in

399 1385 680 1456 scriptura
704 1394 887 1440 vestra
918 1383 1066 1455 (Sur.
1092 1383 1210 1455 4-5)
1225 1383 1485 1446 vetuerit,
1509 1397 1578 1436 ne
1607 1381 1736 1451 quid
1763 1382 1992 1436 remo-tis

402 1477 632 1532 arbitris
649 1476 890 1547 ageretis
911 1484 1006 1530 aut
1040 1475 1395 1546 acciperetis,
1423 1475 1492 1528 ab
1521 1475 1643 1546 ipso
1666 1481 1849 1529 tamen
1881 1489 1990 1530 non

403 1570 666 1640 petiistis,
691 1579 768 1626 .ut
799 1571 1038 1640 primum
1069 1577 1242 1627 testes
1274 1570 1629 1640 produceret,
1667 1570 1761 1640 qui
1808 1569 1990 1637 ipsum

299 1739 304 1745 λ
401 1672 457 1716 et
490 1662 812 1732 prophetam
846 1677 972 1718 esse
999 1662 1452 1732 pronuntiarent,
1489 1669 1656 1730 atque
1682 1675 1711 1714 a
1755 1659 1863 1716 Deo
1901 1676 1993 1716 ve-

400 1755 554 1810 nisse
578 1772 592 1822 ;
626 1764 794 1823 utque
821 1753 1044 1809 demum
1068 1753 1311 1817 doceret,
1335 1768 1588 1822 qumnam
1615 1752 1903 1824 Scriptura
1924 1753 1992 1808 de

2090 558 2171 619 εἰς
2197 556 2288 609 τὸν
2315 555 2598 626 προφήτην
2637 555 2816 624 ὑμῶν,
2853 553 3169 626 ἐρωτῶμεν.
3211 547 3323 606 καὶ
3351 553 3694 624 ἀποκρίνον-

2089 667 2202 712 ται,
2235 650 2320 702 ὅτι
2361 650 2420 702 ὲν
2448 649 2558 718 ὅσῳ
2601 649 2884 718 κοιμᾶται,
2935 645 3142 717 κατέϐη
3181 648 3216 718 ἡ
3251 648 3442 718 γραφὴ
3494 647 3696 701 ἐπάνω

2091 740 2283 795 αὑτοῦ.
2315 741 2427 794 Καὶ
2453 740 2514 794 τὺ
2535 740 2825 810 γελοιῶδες
2846 739 2986 811 πρὸς
3014 738 3212 803 αὐτοὺς
3232 738 3464 808 λέγομεν
3491 741 3692 809 ἡμεῖς·

2089 835 2174 888 ὅτι
2207 834 2392 888 λοιπὸν
2418 833 2606 906 ἐπειδὴ
2636 835 2984 904 κοιμώμενος
3027 831 3248 896 ἐδέξατο
3291 831 3391 902 τὴν
3431 831 3688 901 γραφὴν,

2092 928 2187 981 καὶ
2211 927 2312 981 οὐκ
2342 926 2539 998 ᾔσθετο
2581 928 2682 997 τῆς
2715 925 3018 997 ἐνεργείας,
3061 925 3142 989 είς
3185 923 3350 980 αὐτὸν
3382 922 3693 996 ἐπληρώθη

2089 1019 2155 1072 τὸ
2187 1021 2284 1090 τῆς
2313 1018 2596 1090 δημώδους
2631 1017 2932 1092 παροιμίας
2963 1016 3015 1072 ά.
3056 1056 3072 1072 .
3103 1056 3119 1072 .

2170 1270 2344 1339 Πάλιν
2365 1285 2398 1356 ἡ
2407 1283 2523 1356 μῶν
2551 1283 2879 1356 ἐρωτώντων
2899 1299 2914 1314 ⁶
2941 1283 3067 1347 Πῶς
3105 1281 3272 1337 αὐτοῦ
3297 1282 3696 1355 ἐντειλαμένου

2095 1378 2233 1449 ἡμῖν
2255 1378 2314 1432 ἐν
2340 1381 2408 1449 τῇ
2455 1380 2644 1450 γραφῇ
2679 1367 2857 1448 ὑμῶν,
2911 1377 3079 1448 μηδὲν
3121 1379 3320 1440 ποιεῖν,
3364 1376 3692 1447 ῆδέχεσθαι

2095 1473 2227 1528 ἄνευ
2268 1473 2593 1543 μαρτύρων,
2617 1471 2716 1524 οὐκ
2747 1471 3069 1543 ἠρωτήσατε
3112 1469 3309 1534 αὐτὸν,
3337 1470 3420 1523 ὅτι
3458 1469 3698 1539 Πρῶτον

2097 1565 2258 1628 αὐτὸς
2286 1563 2572 1628 ἀπόδειξον
2596 1563 2687 1618 διὰ
2725 1561 3040 1634 μαρτύριον,
3063 1561 3145 1615 ὅτι
3177 1561 3461 1634 προφήτης
3489 1558 3560 1628 εἶ,
3593 1563 3696 1618 καὶ

2097 1657 2182 1711 ὅτι
2207 1655 2315 1710 ἀπὸ
2333 1653 2470 1708 Θεοῦ
2501 1653 2741 1726 ἐξῆλθες,
2769 1655 2864 1708 καὶ
2887 1653 3017 1708 ποία
3046 1654 3232 1725 γραφὴ
3261 1655 3529 1725 μαρτυρεί
3553 1653 3693 1724 περὶ

2100 1748 2230 1814 σοῦ;
2275 1748 2556 1803 σιωπῶσιν
2589 1747 2921 1818 αἰδούμενοι.
2981 1747 3198 1818 Ἐπειδὴ
3233 1747 3471 1815 γυναῖκα
3509 1746 3698 1818 γῆμαι

401 1860 462 1900 se
508 1843 888 1901 testimonium
930 1845 1165 1900 tulerit?
1195 1854 1330 1898 tunc
1372 1859 1486 1914 prae
1540 1843 1754 1914 pudore
1803 1843 1987 1899 silent.

2106 1839 2198 1893 οὐκ
2242 1839 2453 1906 ἔξεστιν
2497 1841 2626 1910 ὑμῖν
2659 1815 2787 1894 ἄνευ
2825 1839 3159 1911 μαρτύρων,
3187 1815 3323 1892 *οὐδὲ
3369 1815 3694 1910 ἀγοράζειν,

400 1935 615 2002 Quibus
649 1936 846 1991 merito
872 1935 1263 2006 subiungimus
1295 1953 1308 1989 :
1334 1935 1610 2001 Quoniam
1638 1951 1738 1991 nec
1763 1929 1993 1990 uxorem

2106 1931 2218 1984 οὐδὲ
2241 1931 2497 1992 κτᾶσθαι.
2529 1930 2656 1984 οὔτε
2679 1931 2736 1985 δὲ
2773 1933 2934 2003 ὑμεῖς
2959 1931 3112 1985 αὐτοὶ
3151 1931 3514 2003 καταδέχεσθε
3541 1931 3694 1997 δνον,

399 2029 606 2084 ducere
639 2030 797 2084 vobis
837 2029 1049 2099 absque
1073 2029 1311 2084 testibus
1342 2029 1494 2094 licet,
1530 2044 1634 2084 nec
1659 2044 1865 2094 emere,
1891 2044 1994 2084 nec

2106 2023 2133 2094 ἡ
2171 2023 2369 2093 κτῆνος
2409 2024 2727 2095 ἀμάρτυρον
2757 2023 2900 2094 ἔχειν
2921 2039 2936 2054 ·
2979 2023 3134 2095 ἔχετε
3165 2023 3263 2094 μὲν
3285 2025 3379 2078 καὶ
3398 2025 3695 2092 γυναῖκας,

401 2119 714 2188 acquirere,
739 2120 813 2173 ita
847 2127 905 2173 ut
934 2135 1002 2174 ne
1026 2120 1246 2174 asinum
1283 2118 1529 2189 quidem,
1563 2135 1744 2189 neque
1772 2119 1996 2190 jumen—

401 2217 517 2261 tum
562 2211 675 2264 ﬁeri
707 2218 952 2266 vestrum
989 2211 1111 2266 sine
1143 2211 1382 2266 testibus
1418 2212 1742 2267 sustinentis
1783 2230 1795 2266 :
1840 2227 1992 2265 cum-

401 2316 512 2369 que
549 2315 771 2367 uxores,
809 2303 1192 2372 possessiones
1222 2311 1276 2358 et
1313 2303 1526 2372 reliqua
1565 2303 1804 2360 testibus
1833 2303 1993 2357 adhi-

401 2392 534 2445 bitis
557 2395 911 2462 comparetis,
937 2395 1110 2449 solam
1150 2395 1308 2450 tidem
1357 2395 1720 2452 nihilominus
1745 2402 1799 2450 et
1861 2397 1995 2451 scri-

403 2493 623 2552 pturam
659 2486 812 2539 nullo
858 2493 999 2541 teste
1050 2487 1380 2556 suscipitis?
1408 2487 1544 2541 Nam
1565 2487 1660 2556 qui
1690 2488 1847 2544 vobis
1872 2503 1993 2542 eam

404 2573 658 2636 tradidit,
703 2576 852 2629 nulla
889 2584 1041 2645 parte
1069 2577 1460 2631 certitudinem
1485 2577 1672 2631 habet.
1706 2593 1808 2632 nec
1839 2578 1996 2647 quis-

401 2662 677 2730 quamqui
709 2671 836 2719 ante
862 2663 1283 2722 sittestiticatus
1311 2667 1565 2722 exsistit:
1595 2667 1845 2736 quinimo
1869 2682 1995 2722 cum

404 2751 497 2806 ille.
521 2767 827 2823 oppressus
878 2772 1076 2811 somno
1103 2757 1339 2826 jac-cret,
1376 2774 1497 2814 eam
1531 2759 1766 2828 accepit.
1805 2759 1912 2814 Sed
1942 2766 1998 2814 et

406 2860 508 2901 nos
554 2847 894 2918 ὲταιριστὰς,
947 2851 1116 2915 idest,
1164 2849 1492 2911 Sociatores,
1531 2851 1834 2920 appellant,
1869 2851 1999 2922 quia

405 2939 620 2992 socium
649 2939 909 3018 inquiunt
937 2957 1039 2996 nos
1073 2941 1184 2998 Deo
1216 2943 1540 3012 adjungere,
1573 2943 1812 2998 dicendo
1835 2942 1999 2998 Chri-

403 3037 553 3084 stum
573 3045 699 3086 esse
724 3031 818 3086 Dei
844 3031 1068 3094 Filium,
1086 3049 1151 3090 ac
1181 3036 1372 3090 Deum.
1402 3034 1617 3100 Quibus
1641 3050 1742 3090 nos
1767 3051 2000 3106 respon-

2095 2118 2191 2171 καὶ
2216 2117 2490 2187 κτήματα,
2526 2121 2616 2171 καὶ
2639 2118 2814 2182 δνους,
2841 2118 2936 2172 καὶ
2964 2118 3036 2172 τὰ
3053 2117 3218 2171 λοιπὰ
3242 2117 3332 2170 διὰ
3365 2117 3687 2189 μαρτύρων,

2100 2207 2271 2278 μόνην
2325 2209 2382 2261 δὲ
2417 2208 2635 2271 πίστιν,
2667 2208 2762 2262 καὶ
2795 2208 3016 2279 γραφὴν
3059 2207 3375 2278 ἀμάρτυρον
3425 2207 3610 2277 ἔχετε·
3662 2208 3696 2260 ὁ

2094 2300 2166 2368 τὰ
2176 2318 2206 2370 ρ
2231 2299 2434 2371 ταύτην
2458 2301 2588 2370 ὑμῖν
2610 2301 2888 2372 παραδοὺς
2915 2299 3212 2368 οὐδαμόθεν
3231 2298 3344 2367 ἔχει
3365 2298 3425 2352 τὸ
3444 2298 3698 2369 βέϐαιον,

2096 2389 2218 2443 οὐδέ
2252 2407 2334 2452 τις
2361 2389 2690 2460 προμάρτυρ
2719 2400 2742 2428 ε
2778 2389 2992 2442 ἐκείνου
3027 2388 3370 2458 γνωρίζεται,
3416 2388 3551 2440 ἀλλὰ
3595 2389 3697 2444 καὶ

2097 2480 2442 2552 κοιμώμενος
2473 2480 2689 2546 ἐδέξατο
2717 2481 2941 2551 ταύτην.
2969 2480 3206 2534 Καλοῦσι
3231 2479 3286 2533 δὲ
3310 2481 3459 2550 ἡμᾶς
3501 2480 3691 2534 Ἑται-

2089 2573 2351 2642 ριαστὰς
2391 2572 2446 2638 τ,
2479 2574 2582 2638 ὅτι,
2615 2574 2770 2644 φησὶ,
2812 2575 3026 2644 ἑταῖρον
3066 2573 3144 2643 τῷ
3195 2571 3314 2642 Θεῷ
3359 2573 3698 2644 παρεισάγο-

2103 2682 2224 2736 μεν,
2251 2665 2505 2733 λέγοντες
2539 2661 2679 2720 εἶναι
2707 2665 2796 2718 τὸν
2829 2665 3066 2736 Χριστὸν
3097 2665 3226 2719 Υίὸν
3252 2665 3398 2725 Θεοῦ
3417 2665 3510 2718 καὶ
3535 2665 3691 2719 Θεὸν.

2100 2757 2244 2828 Πρὸς
2272 2757 2366 2820 οῦς
2401 2774 2602 2828 φαμεν.
2637 2759 2719 2812 ὅτι
2742 2757 2904 2812 τοῦτο
2934 2759 2984 2812 οἱ
3010 2759 3288 2830 προφῆται
3319 2759 3412 2813 καὶ
3439 2759 3472 2828 ἡ
3501 2759 3693 2830 Γραφὴ

2101 2851 2487 2923 παραδέδωκεν
2509 2867 2520 2880 ·
2568 2851 2730 2922 ὑμεῖς
2757 2852 2812 2904 δὲ
2843 2855 2918 2916 ὡς
2952 2853 3292 2924 ἱσχυρίζεσθε
3325 2855 3452 2917 τοὺς
3483 2855 3698 2924 προφή-

2100 2961 2202 3008 τας
2231 2943 2476 3014 δέχεσθε.
2509 2944 2572 2998 Et
2593 2940 2687 2998 οῦν
2713 2945 2903 3008 κακῶς
2925 2945 3159 3016 λέγομεν
3179 2947 3271 3000 τὸν
3300 2946 3541 3016 Χριστὸν
3557 2944 3695 2998 Θεοῦ

2105 3036 2256 3101 Υίὸν,
2309 3037 2554 3089 κάκεῖνοι
2611 3037 2862 3103 ἐδίδαξαν
2893 3039 2988 3090 καὶ
3039 3038 3370 3110 παρέδωκαν
3401 3040 3551 3109 ἡμῖν.
3585 3037 3696 3092 Καί

407 3123 633 3181 demus,
668 3120 772 3177 hoc
803 3137 834 3175 a
875 3123 1158 3193 prophetis
1187 3133 1240 3180 et
1287 3140 1448 3180 sacra
1502 3123 1790 3195 Scriptura
1825 3127 1996 3182 tradi—

2106 3146 2249 3192 τινες
2284 3128 2384 3198 μὲν
2413 3128 2597 3184 αὐτῶν
2622 3146 2808 3198 φασιν,
2839 3131 2920 3182 ὅτι
2948 3131 3112 3200 ἡμεῖς
3137 3131 3266 3194 τοὺς
3285 3131 3574 3202 προφήτας
3597 3131 3696 3184 ἀλ-

403 3219 522 3264 tum
557 3228 703 3268 esse.
734 3213 900 3283 Atqui
930 3231 1028 3271 vos
1069 3218 1372 3287 prophetas
1418 3219 1666 3288 recipere
1715 3234 2000 3276 assevera-

407 3305 501 3360 tis.
533 3305 590 3360 Si
648 3307 836 3376 itaque
870 3307 1155 3365 Christum
1187 3309 1282 3366 Dei
1308 3309 1505 3366 Filium
1537 3327 1823 3383 perperam
1856 3328 1997 3368 con-

409 3396 648 3464 ﬁtemur,
683 3399 734 3455 id
771 3401 874 3470 ipsi
925 3417 1027 3456 nos
1062 3401 1397 3467 docuerunt,
1423 3403 1700 3473 nobisque
1737 3404 1997 3460 tradide—

2103 3221 2514 3293 ληγορήσαντες
2545 3219 2772 3274 τοιαῦτα
2794 3221 3285 3293 προστεθείκαμεν.
3321 3222 3508 3276 Ἀλλοι
3530 3223 3696 3291 φασίν

2101 3313 2186 3366 δτι
2211 3315 2262 3367 oi
2305 3314 2553 3386 Ἑϐραῖοι
2586 3313 2875 3384 μισοῦντες
2919 3314 3068 3384 ἡμᾶς
3100 3313 3437 3384 ἐπλάνησαν,
3477 3313 3551 3378 ὡς
3587 3314 3696 3367 ἀπὺ

2101 3405 2212 3461 τῶν
2249 3405 2548 3478 προφητῶν
2567 3404 2900 3478 γράψαντες,
2935 3404 3022 3459 ἵνα
3068 3407 3233 3477 ἡμεῖς
3265 3404 3622 3476 ἀπολώμεθα.

407 3496 556 3546 runt.
599 3489 773 3547 Porro
801 3494 1052 3549 nonnulli
1084 3494 1306 3565 quidem
1332 3511 1397 3551 es
1423 3496 1523 3566 eis,
1563 3513 1667 3554 nos
1707 3497 1825 3553 haec
1869 3499 2153 3570 prophetis
2189 3499 2461 3570 adjeeisse
2532 3501 2716 3567 alunt,
2751 3515 2850 3555 eos
2917 3501 3030 3556 alio
3094 3515 3262 3557 sensu
3331 3508 3387 3557 et
3422 3515 3522 3570 per
3556 3501 3699 3556 alle-

409 3581 594 3661 got-ias
619 3583 966 3652 exponendo.
994 3585 1101 3639 Alii
1155 3585 1412 3642 inductos
1443 3587 1497 3641 in
1526 3601 1772 3643 errorem
1808 3587 2001 3642 dicunt
2038 3588 2108 3643 ab
2140 3588 2405 3654 Hebraeis,
2432 3603 2544 3658 quo
2577 3589 2873 3644 adversum
2908 3604 3010 3646 nos
3078 3590 3205 3645 odio
3262 3591 3464 3661 perciti
3530 3582 3690 3646 sunt;

407 3680 469 3728 ut
501 3673 615 3727 haec
655 3675 1049 3745 prophetarum
1081 3678 1307 3734 nomine
1338 3679 1686 3749 scripserint,
1711 3679 1918 3751 quibus
1943 3680 1997 3735 in
2039 3682 2326 3737 interitum
2365 3681 2741 3738 traheremur.

483 3762 640 3832 113
674 3761 892 3822 Rursus
923 3775 1109 3822 autem
1140 3783 1242 3824 nos
1272 3769 1355 3825 eis
1379 3770 1715 3839 objieimus:
1746 3772 1861 3827 Cur
1892 3785 1995 3828 nos

410 3863 672 3924 tanquam
710 3855 1026 3914 Sociatores
1083 3859 1308 3930 probris
1342 3861 1715 3928 insectamini,
1776 3877 1874 3916 vos
1902 3861 1998 3933 qui

408 3947 692 4003 tlhristum
743 3949 836 4006 Dei
871 3950 1108 4008 Verbum
1167 3962 1224 4011 et
1277 3952 1548 4026 Spiritum
1604 3971 1731 4012 esse
1773 3955 2002 4012 dicitis?

415 4037 656 4095 Verbum
690 4043 962 4111 siquidem
987 4052 1042 4101 et
1078 4045 1322 4116 Spiritus
1356 4047 1569 4116 seiungi
1607 4057 1891 4118 nequeunt
1933 4049 2001 4102 ab

411 4146 479 4187 eo
503 4133 593 4186 cui
629 4137 961 4192 naturaliter
999 4138 1194 4194 insint.
1224 4139 1280 4194 Si
1326 4139 1496 4210 igitur
1531 4152 1615 4196 est
1652 4141 1708 4196 in
1743 4141 1851 4196 Deo
1884 4152 2005 4196 tan-

409 4239 577 4296 quam
618 4228 854 4284 Verbum
909 4230 1126 4297 ipsius,
1188 4230 1548 4286 manileslum
1601 4241 1687 4288 est
1720 4242 1775 4288 et
1825 4234 2001 4288 Deum

412 4335 558 4376 esse.
595 4319 692 4375 Sin
728 4337 861 4376 vero
899 4330 983 4376 est
1010 4329 1170 4377 extra
1209 4321 1400 4391 Deum,
1434 4339 1501 4379 ex
1529 4332 1714 4380 vestra
1740 4325 2003 4396 opinione

415 4413 670 4482 sequitur
701 4411 874 4468 Deum
904 4412 1028 4468 sine
1065 4412 1247 4469 Verbo
1276 4422 1330 4468 et
1375 4416 1584 4486 Spiritu
1632 4431 1776 4471 esse.
1831 4415 2000 4470 Deum

416 4503 602 4574 itaque
632 4504 924 4571 mutilatis,
956 4504 1086 4560 dum
1120 4506 1172 4562 ei
1223 4505 1438 4563 socium
1470 4508 1680 4562 cavetis
1711 4507 2000 4562 adhibere.

414 4595 551 4650 Nam
599 4595 780 4652 satius
813 4595 1012 4665 fuisset
1055 4599 1214 4655 vobis
1245 4598 1462 4664 dicere.
1500 4615 1624 4656 eum
1663 4601 1871 4655 habere
1912 4615 2000 4655 so-

416 4691 588 4751 cium.
631 4703 798 4760 quam
852 4691 1030 4761 ipsum
1086 4694 1376 4759 mutilare,
1439 4702 1493 4749 et
1561 4694 1798 4764 lapidem
1859 4709 2005 4758 esse,

419 4780 724 4850 lignumve,
783 4789 882 4836 aut
933 4798 1048 4838 rem
1109 4773 1420 4854 quamlibet
1469 4801 1675 4841 sensus
1725 4794 2008 4856 expertem

417 4879 690 4927 astruere.
710 4871 827 4929 Non
850 4891 983 4946 ergo
1011 4877 1150 4931 citra
1183 4878 1530 4933 mendacium
1553 4895 1654 4934 nos
1672 4879 2009 4950 ἐταιριστὰς,

418 4961 472 5016 id
501 4969 604 5028 est,
637 4963 936 5020 Sociatores
989 4968 1244 5022 vocitatis
1278 4988 1291 5023 :
1331 4985 1432 5024 nos
1468 4985 1598 5026 vero
1633 4970 1881 5026 vicissim
1915 4969 2012 5025 Dei

417 5051 764 5113 mutilatores
803 5072 904 5113 vos
945 5059 1312 5128 appellamus.

491 5144 724 5218 Insuper
768 5163 872 5204 nos
924 5157 1185 5220 tanquam
1241 5151 1564 5209 idnlolatras
1603 5153 2003 5219 criminantur,

421 5240 551 5312 quia
583 5257 806 5299 crucem
833 5244 1155 5310 adoramus,
1189 5263 1352 5318 quam
1377 5256 1432 5305 et
1463 5249 1565 5319 ipsi
1591 5249 2002 5304 abominantur.

2178 3774 2346 3828 Πάλιν
2378 3774 2434 3828 δέ
2475 3791 2655 3844 φαμεν
2704 3774 2842 3846 πρὸς
2886 3774 3117 3840 αὐτούς’
3162 3774 3347 3847 ’Υμῶν
3396 3773 3695 3844 λεγόντων,

2107 3866 2191 3920 ὅτι
2220 3867 2455 3938 Χριστὸς
2481 3867 2656 3936 Λόγος
2682 3869 2800 3922 ἐστὶ
2856 3869 2951 3922 τοῦ
2986 3868 3121 3922 Θεοῦ
3153 3869 3246 3922 καὶ
3296 3867 3547 3938 Πνεῦμα,
3579 3870 3698 3932 πῶς

2106 3957 2398 4028 λοιδορεῖτε
2428 3962 2579 4031 ἡμᾶς
2618 3960 2694 4025 ὼς
2723 3961 3070 4032 Ἕταιριστάς
3097 3978 3112 4026 ;
3158 3961 3215 4016 Ὀ
3266 3961 3376 4032 γὰρ
3410 3962 3569 4031 λόγος
3600 3964 3696 4015 καὶ

2108 4052 2170 4104 τὸ
2207 4052 2432 4124 Πνεῦμα
2479 4052 2784 4127 ἀχώριστόν
2819 4054 2934 4106 ἐστι
2973 4053 3068 4106 τοῦ
3114 4057 3170 4108 ὲν
3211 4047 3256 4123 ᾧ
3305 4055 3550 4124 πέφυκεν
3584 4071 3598 4087 ο
3646 4057 3696 4108 εί

2107 4141 2200 4199 οῦν
2221 4147 2278 4199 ὲν
2317 4145 2437 4218 Θεῷ
2470 4149 2618 4200 ἐστιν
2648 4147 2676 4200 ὁ
2706 4147 2882 4216 Λόγος
2922 4146 3112 4208 αὐτοῦ,
3147 4146 3308 4217 δῆλον
3335 4148 3416 4200 ὅτι
3446 4150 3540 4202 καὶ
3565 4149 3696 4210 Θεὸς

2107 4238 2275 4292 ἐστιν.
2320 4241 2382 4293 Ei
2411 4239 2469 4293 δὲ
2503 4240 2662 4304 ἐκτός
2696 4240 2813 4292 ἐστι
2861 4240 2956 4294 τοῦ
3011 4239 3172 4307 θεοῦ,
3206 4240 3399 4310 ἄλογός
3422 4243 3540 4294 ἐστι
3573 4239 3696 4294 καθ’

2109 4333 2255 4401 ὑμᾶς
2293 4333 2321 4385 ὁ
2343 4332 2495 4396 Θεὸς,
2530 4333 2624 4385 καὶ
2639 4332 2862 4395 ἄπνους,
2890 4332 3102 4387 Οὐκοῦν
3135 4333 3428 4403 φεύγοντες
3460 4334 3695 4404 ἐταιριά-

2109 4426 2223 4488 ζειν
2255 4425 2346 4478 τὸν
2368 4425 2501 4478 Θεὸν
2521 4425 2756 4495 ὲκόψατε
2783 4427 2967 4481 αὐτόν.
2990 4429 3259 4499 Κρεῖσοον
3283 4427 3392 4499 γὰρ
3416 4423 3482 4497 ἡν
3517 4427 3694 4495 λέγειν

2115 4518 2281 4587 ὑμᾶς,
2317 4520 2402 4572 ὅτι
2459 4519 2675 4590 ἑταῖρον
2716 4518 2850 4590 ἔχει,
2905 4519 2939 4590 ἢ
2995 4521 3219 4574 κόπτειν
3276 4519 3460 4584 αὑτὸν,
3496 4520 3591 4572 καὶ
3620 4519 3694 4584 ὡς

2113 4611 2280 4674 λίθον,
2318 4611 2548 4681 ἣξύλον,
2599 4613 2634 4683 ἡ
2665 4630 2718 4666 τι
2758 4612 2866 4666 τῶν
2919 4613 3267 4684 ἀναισθήτων
3309 4613 3688 4682 παρεισάγειν.

2109 4707 2277 4758 Ὥστε
2337 4701 2510 4776 ὑμεῖς’
2556 4707 2706 4776 ἡμᾶς
2743 4705 3234 4777 ψευδηγοροῦντες,
3309 4705 3693 4776 Ἐταιριαστὰς

2109 4796 2331 4849 καλεῖτε
2359 4812 2372 4826 ·
2393 4797 2554 4867 ἡμεῖς
2579 4797 2634 4851 δὲ
2670 4798 2894 4861 Κόπτας
2916 4798 3062 4868 ὑμᾶς
3087 4797 3569 4870 προσαγορεύομεν
3599 4796 3691 4850 τοῦ

2107 4887 2265 4944 Θεοῦ.

2181 5152 2537 5208 mammia:
2561 5151 2618 5206 δὲ
2647 5153 2792 5222 ἡμᾶς
2811 5154 2886 5218 ὡς
2903 5153 3294 5226 εἰδωλολάτρας
3323 5154 3692 5228 προσκυνοῦν-

2111 5263 2212 5309 τας
2235 5247 2326 5300 τὸν
2357 5246 2615 5318 σταυρὸν,
2662 5245 2722 5300 ὃν
2777 5248 2872 5302 καὶ
2927 5247 3307 5318 βδελύοσονται
3333 5264 3347 5278 ·
3379 5249 3471 5304 καί
3513 5266 3690 5321 φαμεν

1698 5406 1936 5464 VAliIIE
1979 5405 2388 5463 LECTlONES.

493 5538 518 5578 ἀ
553 5537 716 5614 Deest
751 5539 882 5614 illud
920 5543 1266 5614 proverbium
1304 5545 1354 5597 in
1384 5545 1644 5600 omnibus
1677 5545 1798 5600 cod.
1836 5542 2000 5614 quod,
2031 5540 2175 5614 aliud
2219 5557 2342 5614 esse
2373 5556 2478 5595 non
2514 5541 2730 5597 videtur
2765 5542 2866 5614 nisi
2899 5541 3042 5597 istud
3092 5545 3356 5598 Platonis.
3415 5545 3692 5614 Ὀνείρατά

424 5626 518 5685 μοι
553 5609 766 5685 λέγεις.-
791 5609 934 5685 Vel,:
965 5613 1302 5682 ὀνειροπολεῖ
1349 5615 1644 5668 καθεύδων.
1693 5616 1747 5668 In
1797 5609 1918 5672 coll.
1985 5613 2041 5667 S.
2077 5611 2355 5685 _llil._lnrc__
2388 5614 2734 5685 solummodo
2773 5609 3010 5674 additur,
3071 5613 3280 5685 σκόλιον
3310 5609 3686 5682 ἀποκείμενον.

426 5677 450 5714 δ’
485 5677 635 5744 Regii
667 5677 1097 5756 ctltltl._t.t&{O'J;.
1134 5695 1242 5756 vet.
1287 5687 1478 5739 transl.
1504 5687 1930 5756 prwtcstiﬁcrms.

2012 5685 2030 5756 ξ
2071 5682 2162 5738 Sic
2290 5682 2431 5736 9.508
2461 5700 2490 5738 a
2531 5685 2696 5738 verbo
2736 5681 3258 5756 é:a:p:d§:w,ﬁuod
3290 5686 3434 5740 intra
3467 5681 3687 5756 uSurpat

417 5756 635 5805 auctor.
683 5751 784 5805 Alii
828 5752 1108 5821 ἑτεριστάς
1139 5769 1150 5783 ·
1186 5755 1288 5824 leg.
1319 5751 1632 5825 ἐταιριάτὰς
1664 5774 1721 5810 ιιι
1745 5751 1861 5826 ’ριο
1905 5774 1952 5810 ε.
1982 5753 2150 5811 Vetus
2187 5755 2460 5824 interpres
2490 5757 2798 5810 IIeterastas
2822 5751 3022 5824 pnsuit.
