3962 6320
202 347 211 355 ’
248 348 354 414 769

1424 351 1519 411 DE
1550 350 2007 412 HERESIBUS
2055 352 2309 416 LIBER.

3392 362 3504 425 770

253 462 388 530 πρὸς
447 460 664 523 αὐτούς·
710 463 833 525 Πῶς
890 458 983 514 οῦν
1054 463 1211 533 ὑμεῖς
1257 463 1389 535 λίθῳ
1430 465 1820 536 προστρίϐεσθε

1928 465 2010 520 Ad
2058 483 2198 537 quos
2241 470 2499 536 dicimus,
2534 474 2635 537 Qui
2668 472 2724 526 tit
2769 474 2936 543 igitur
2966 483 3024 528 ut
3054 475 3254 546 lapidi,
3303 478 3395 532 uni
3446 478 3500 532 iu

249 553 390 606 κατά
412 552 509 619 τὴν
550 553 827 605 Χίιίῑειθὰν
882 556 906 594 Β
943 554 1117 623 ὑμῶν,
1174 555 1269 608 καὶ
1309 556 1515 625 φιλεῖτε
1552 557 1641 609 τὸν
1682 554 1828 608 λίθον

248 642 660 710 άσπαζόμενοι;
688 643 794 695 Καί
826 661 971 707 τινες
1005 644 1186 697 αὐτῶν
1218 662 1382 714 φασιν
1428 646 1612 700 ἐπάνω
1662 645 1828 700 αὑτοῦ

247 733 339 785 τὸν
382 732 633 805 ⁹Αϐραςὶιμ
684 735 1033 787 συνουσιάσαι
1095 736 1161 806 τῇ
1229 736 1397 807 Ἀγάρ
1426 752 1440 765 ⁸
1473 735 1621 788 ἄλλοι
1660 735 1716 788 δὲ
1745 736 1826 789 ὃτι

249 825 338 876 ἐπ’
367 824 531 877 αὐτὸν
560 824 859 895 προσέδησε
888 825 984 896 τὴν
1007 825 1276 896 κάμηλον,
1310 825 1518 895 μέλλων
1540 826 1690 879 θύειν
1735 827 1826 880 τὸν

261 915 465 972 Ἰσαάκ.
503 917 613 969 Καὶ
664 916 802 986 πρὸς
836 917 1034 980 αὐτοὺς
1083 918 1514 989 ἀποκρινόμεθα⁸
1543 920 1653 989 Τῆς
1688 920 1827 992 Γρα-

248 1008 357 1077 φῆς
379 1008 668 1079 λεγούσης,
686 1009 768 1062 ὅτι
801 1010 925 1081 ὅρος
954 1004 1021 1080 ἧν
1054 1010 1314 1077 ἀλσῶδες,
1340 1013 1431 1063 καὶ
1457 1010 1609 1076 ξύλα,
1636 1013 1728 1080 ἀφ’
1745 1004 1821 1065 ὧν

244 1102 343 1155 καὶ
362 1104 443 1164 είς
469 1101 569 1172 τὴν
605 1101 990 1172 ὀλοκάρπωσιν
1014 1102 1205 1172 σχίσας
1239 1105 1266 1156 6
1304 1103 1556 1175 Ἀϐραὰμ
1584 1104 1824 1174 ἐπέθηκε

245 1194 328 1264 τῷ
371 1194 558 1247 Ἰσαάκ
585 1210 599 1225 ο
628 1194 724 1247 καὶ
752 1194 835 1246 ὅτι
871 1195 1009 1264 μετά
1031 1194 1142 1248 τῶν
1160 1195 1368 1247 παίδων
1386 1197 1484 1259 τὰς
1506 1197 1660 1259 ὅνους
1691 1213 1823 1250 κατ-

246 1285 434 1338 έλιπεν
460 1302 471 1314 ⁸
507 1286 668 1339 πόθεν
707 1281 801 1340 οὖν
857 1286 985 1355 ὑμῖν
1013 1286 1073 1340 τὸ
1122 1286 1351 1355 ληρεῖν;
1386 1288 1446 1340 ού
1500 1288 1609 1358 γὰρ
1643 1290 1824 1341 ἐκεῖσε

247 1378 382 1443 ξύλα
408 1378 660 1449 δρυμώδη
688 1382 890 1442 κεῖται,
918 1377 1041 1432 οὔτε
1083 1379 1196 1432 ὄνοι
1224 1379 1571 1433 διοδεύουσιν.
1604 1380 1822 1433 Αίδοῦν-

242 1490 338 1525 ται
369 1473 486 1541 μέν.
516 1473 704 1543 Ὅμως
734 1474 897 1542 φασὶν
926 1469 1068 1527 εἶναι
1124 1474 1215 1528 τὸν
1243 1473 1388 1526 λίθον
1414 1474 1506 1527 τοῦ
1544 1475 1819 1545 Ἀϐραάμ.

244 1560 382 1617 Εἶτά
404 1581 606 1635 φαμεν
646 1565 825 1618 Ἔστω
851 1565 945 1618 τοῦ
991 1566 1262 1637 Ἀϐραὰμ,
1289 1566 1365 1630 ὡς
1395 1568 1551 1636 ὑμεῖς
1580 1566 1819 1637 ληρεῖτε·

242 1656 434 1711 τοῦτον
492 1652 585 1710 οὖν
629 1655 1021 1726 ἀσπαζόμενοι,
1070 1658 1153 1710 ὃτι
1179 1658 1338 1727 μόνον
1378 1661 1407 1712 6
1448 1657 1697 1728 Ἀϐραὰμ
1735 1660 1819 1710 ἐπ’

243 1747 406 1800 αὑτὸν
452 1747 772 1800 συνουσίασε
804 1749 1042 1815 γυναικὶ,
1079 1746 1111 1816 ἦ
1165 1747 1247 1800 ὅτι
1279 1746 1526 1817 κάμηλον
1558 1746 1820 1817 προσέδη-

246 1855 362 1903 σεν,
391 1838 491 1891 οὐκ
514 1837 768 1903 αἰδεῖσθε,
796 1838 911 1892 ἀλλ’
939 1840 1088 1909 ἡμᾶς
1113 1837 1365 1891 εύθύνετε
1383 1840 1467 1892 ὅτι
1494 1838 1628 1908 πρὸς
1656 1855 1818 1892 σταυ-

245 1931 339 2000 ρὸν
376 1929 470 1983 τοῦ
522 1929 759 1999 Χριστοῦ
809 1929 1249 2000 προσκυνοῦμεν,
1305 1929 1373 1982 δι’
1439 1922 1501 1983 οὗ
1546 1929 1819 2000 δαιμόνων

247 2020 425 2089 ίσχυς,
456 2018 549 2070 καὶ
571 2017 819 2071 διαϐόλου
862 2018 1227 2091 ξιαταλέλυται
1256 2018 1471 2088 πλάνης
1528 2013 1695 2081 Οὗτος
1736 2018 1814 2085 δὲ,

241 2113 304 2164 ὃν
337 2128 468 2180 φασι
485 2110 650 2176 λίθον,
673 2110 880 2181 κεφαλὴ
906 2112 1006 2182 τῆς
1034 2110 1354 2181 Ἀφροδίτης
1380 2111 1528 2164 ἐστὶν
1556 2112 1621 2179 ἣν
1646 2127 1817 2182 προσ-

241 2204 492 2267 εκύνουν,
522 2205 587 2274 ἢν
611 2204 801 2271 Χαόὲρ
826 2201 853 2240 ιι
887 2204 1313 2277 προσηγόρευον,
1341 2204 1423 2271 ἐφ’
1443 2202 1501 2255 ὃν
1527 2202 1623 2257 καὶ
1657 2202 1818 2273 μέχρι

241 2296 338 2350 νῦν
362 2296 683 2365 ὲγγλυφίδος
748 2298 763 2337 ί
806 2296 1166 2367 ἀποσκίασμα
1208 2297 1322 2359 τοῖς
1354 2294 1602 2367 ἀκριϐῶς
1642 2311 1810 2349 κατας

243 2387 426 2442 νοοῦσι
461 2388 732 2457 φαίνεται.

358 2646 483 2715 ὗτος
530 2652 559 2705 6
604 2650 803 2723 Μάμεδ
858 2649 1081 2715 πολλάς,
1131 2650 1208 2713 ὡς
1265 2649 1503 2721 εἴρηται,
1548 2647 1819 2719 ληρῳδίας

245 2743 533 2809 συντάξας,
565 2744 773 2815 ἑκάστῃ
822 2740 1026 2796 τούτων
1080 2741 1454 2813 προσηγορίαν
1509 2740 1815 2811 ἐπέθηκενο

243 2833 354 2889 οἷον
379 2838 413 2907 ἡ
448 2836 634 2907 γραφὴ
661 2836 758 2905 τῆς
784 2833 1062 2903 γυναικὸς,
1114 2833 1211 2886 καλ⁵
1259 2835 1316 2886 ὲν
1361 2832 1499 2903 αὐτῇ
1545 2833 1817 2902 τέσσαρας

242 2930 509 2996 γυναῖκας
539 2926 830 3000 προφανῶς
883 2925 1184 2996 λαμϐάνειν
1216 2924 1515 2998 νομοθετεῖ,
1551 2922 1647 2976 καὶ
1682 2923 1818 2975 παλ-

242 3021 437 3085 λακάς,
471 3020 566 3073 ὲάν
595 3019 840 3089 δύνηται,
863 3020 1058 3091 χιλίας,
1086 3021 1214 3082 ὅσας
1245 3021 1278 3090 ἡ
1313 3018 1432 3088 χεὶρ
1455 3014 1617 3069 αὑτοῦ
1647 3016 1819 3069 κατά-

1930 557 2207 613 (ΙΙιαὺαιΙια
2238 568 2417 615 vestra
2457 571 2561 628 est,
2593 578 2692 617 vos
2737 564 3035 632 adfricetis,
3073 582 3311 637 eumque
3351 583 3521 624 com--

1930 650 2213 719 plexantes
2241 653 2682 709 deosculemini?
2731 655 2967 721 Quidam
3013 659 3231 713 illorum
3274 675 3506 730 respon-

1927 738 2058 794 dent
2100 756 2267 811 super
2296 742 2388 796 illo
2425 743 2799 798 Abrahamum
2833 762 2958 800 cum
2994 749 3172 818 Agare
3213 749 3453 805 coivisse
3488 767 3501 803 :

1929 832 2022 885 alii
2050 834 2321 887 camelum
2357 834 2470 889 illic
2503 836 2759 906 alligasse
2791 853 2915 891 cum
2943 841 3099 894 lsaac
3122 840 3508 897 immolaturus

1926 933 2092 978 esset.
2114 924 2194 979 Ad
2213 940 2335 993 quze
2356 940 2457 980 nos
2486 927 2805 996 reponimus
2834 946 2847 981 :
2868 928 3005 983 Cum
3033 931 3176 985 dicat
3200 930 3505 1002 Scriptura,

1929 1022 2168 1070 montem
2206 1016 2375 1072 fuisse
2413 1033 2765 1074 nemorosum
2800 1028 2855 1074 et
2890 1022 3038 1090 ligna
3099 1022 3393 1087 habuisse,
3438 1040 3507 1079 ex

1926 1106 2127 1175 quibus
2155 1117 2563 1178 segmentorum
2601 1110 2804 1165 fascem
2838 1112 3187 1167 Abrahamus
3217 1114 3405 1170 lsaaco
3438 1116 3505 1167 ad

1926 1197 2310 1253 holocaustum
2390 1202 2761 1270 imposuerit,
2811 1203 3079 1274 illumque
3134 1207 3322 1262 asinas
3380 1223 3504 1262 cum

1926 1290 2118 1358 pueris
2166 1290 2489 1360 reliquisse,
2552 1295 2695 1349 unde
2730 1295 2885 1349 vobis
2924 1303 3004 1350 tot
3046 1296 3507 1367 ineptimiﬂaud-

1924 1396 2201 1450 quaquam
2241 1385 2385 1437 enim
2426 1384 2540 1438 illic
2589 1388 2818 1440 dumosa
2872 1386 3017 1456 ligna
3050 1396 3205 1451 sunt,
3243 1389 3375 1458 quin
3408 1403 3511 1443 nec

1926 1470 2049 1523 illae
2085 1472 2355 1528 transitus
2387 1474 2560 1535 asinis
2592 1481 2761 1543 patet.
2789 1473 2926 1529 Hinc
2950 1476 3027 1529 illi
3058 1477 3278 1546 quidem
3306 1478 3508 1532 rubore

1924 1562 2320 1619 suﬁ‘unduntur
2347 1585 2360 1620 :
2400 1566 2757 1620 nihilominus
2784 1566 3081 1621 Abrahami
3117 1568 3351 1637 lapidem
3383 1584 3508 1623 esse

1923 1663 2201 1709 asserunt.
2230 1654 2343 1710 Nos
2371 1670 2499 1709 vero
2524 1672 2536 1709 :
2575 1654 2809 1710 Sitsane
2831 1656 3150 1722 Abrahami,
3183 1659 3390 1723 aimus,
3422 1660 3503 1712 ιιιί

1922 1757 2020 1797 vos
2049 1744 2329 1813 nugamini
2361 1764 2375 1799 :
2409 1761 2517 1800 non
2542 1760 2642 1800 vos
2666 1744 2833 1814 pudet
2852 1762 2977 1800 eum
3003 1747 3211 1802 idcirco
3237 1748 3506 1802 duntaxat

1922 1835 2184 1898 osculari,
2223 1835 2353 1904 quia
2394 1850 2557 1907 super
2591 1851 2717 1891 eum
2772 1836 3048 1893 Abraham
3104 1839 3174 1892 sit
3209 1854 3333 1893 cum
3384 1856 3507 1894 mu-

1922 1927 2054 1982 liere
2084 1942 2438 1997 congressus,
2468 1928 2711 1997 autquia
2736 1927 2913 1983 eidem
2943 1930 3212 2025 camelum
3234 1931 3502 2000 alltgarit;

1921 2033 2045 2073 eum
2065 2033 2165 2074 nos
2188 2020 2412 2074 interim
2433 2016 2819 2075 emendatione
2843 2016 3041 2090 dignos
3068 2020 3337 2086 habeatis,
3356 2022 3504 2091 quod

1919 2108 2125 2165 Christi
2152 2125 2372 2165 crucem
2398 2111 2716 2175 adoremus,
2751 2127 2849 2181 per
2870 2126 3034 2181 quam
3070 2120 3371 2181 potestates
3396 2112 3507 2167 daa-

1920 2210 2236 2265 monum,et
2253 2201 2460 2257 diaboli
2482 2200 2707 2257 fraudes
2735 2201 3032 2273 proﬂigata:
3049 2204 3213 2257 sunt?
3237 2203 3504 2259 Caeterum

1920 2292 2061 2363 lapis
2112 2293 2203 2347 ille
2244 2307 2408 2363 quem
2463 2292 2654 2356 aiunt,
2696 2301 2863 2363 caput
2914 2301 3001 2350 est
3048 2294 3281 2349 Veneris
3337 2310 3505 2364 quam

1920 2384 2254 2448 adorabant,
2297 2398 2573 2453 quamque
2608 2382 2814 2439 Cimber
2842 2386 3277 2455 nuncupabant,
3309 2387 3363 2438 in
3395 2401 3506 2455 quo

1919 2474 2080 2528 etiam
2117 2472 2393 2542 hodieque
2447 2473 2652 2543 sculpti
2692 2462 2891 2545 capitis
2944 2474 3152 2545 efﬁgies
3210 2475 3507 2547 diligenter

1920 2564 2344 2634 inspicientibus
2378 2575 2626 2635 apparet.

1990 2656 2205 2712 Mamed
2242 2657 2337 2712 ille
2374 2671 2500 2712 cum
2545 2658 2718 2711 multa
2764 2657 3145 2722 deliramenta,
3192 2667 3255 2713 ιιι
3296 2659 3505 2714 dictum

1919 2756 2027 2814 est,
2059 2748 2478 2821 conscripserit,
2514 2762 2706 2802 eorum
2742 2749 2971 2818 singulis
3006 2749 3229 2804 nomina
3277 2750 3502 2806 indidit.

1919 2838 2244 2911 Cujusmodi
2262 2850 2344 2895 est
2365 2839 2638 2910 scriptura
2664 2837 2814 2910 (Sur.
2836 2841 2916 2911 4),
2937 2855 3034 2895 seu
3065 2850 3231 2911 caput
3246 2842 3505 2906 mulieris,

1922 2931 1977 2986 in
2028 2946 2138 3003 qua
2192 2932 2477 3003 prapalam
2534 2931 2653 3001 lege
2703 2931 2885 2986 sancit
2944 2942 3244 3002 quaternas
3298 2949 3506 2990 uxores

1922 3024 2197 3093 accipere,
2240 3032 2295 3079 et
2349 3022 2713 3086 concubinas,
2780 3024 2826 3078 si
2886 3022 3006 3078 ﬁeri
3068 3024 3267 3094 possit,
3329 3025 3506 3092 mille,

244 3132 350 3188 σχῃ
388 3115 756 3185 ὑποκειμένας
804 3118 867 3168 ὲκ
903 3116 1011 3168 τῶν
1068 3115 1349 3187 τεσσάρων
1400 3112 1704 3182 γυναικῶν·
1752 3113 1819 3182 ἢν

1925 3125 2161 3182 qumque
2221 3125 2417 3166 manus
2470 3109 2591 3178 ejus
2644 3108 2896 3166 subditas
2953 3111 3254 3175 contineat,
3296 3120 3502 3182 praster

241 3206 287 3259 δ’
315 3206 381 3259 ἂν
406 3205 639 3275 βουληθῇ
686 3205 961 3270 ἀπολύειν,
986 3204 1019 3277 ἦ
1044 3204 1316 3276 θελήσειε,
1365 3203 1462 3257 καὶ
1495 3201 1818 3273 κομίζεσθαι

242 3296 431 3365 ἄλλην,
457 3296 519 3346 ὲκ
553 3294 565 3343 1
613 3293 865 3366 τοιαύτης
891 3294 1072 3357 αἰτίας
1109 3293 1502 3364 νομοθετήσας*
1535 3291 1819 3363 Σύμπονον

244 3388 403 3457 ἔσχεν
420 3389 446 3439 ὁ
463 3386 658 3456 Μάμεδ
675 3387 793 3439 Ζεῖδ
805 3386 1368 3455 προσαγορευόμενον.
1398 3379 1564 3447 Οὗτος
1586 3386 1821 3453 γυναῖκα

243 3482 401 3551 ἔσχεν
416 3481 642 3551 ὡραίαν,
660 3475 725 3552 ἧς
742 3480 956 3552 ἠράσθη
974 3482 1000 3533 6
1018 3478 1232 3550 Μάμεδ.
1256 3476 1413 3548 Καθη
1423 3478 1602 3547 μένων
1618 3476 1819 3541 αὐτῶν,

244 3576 413 3646 φησιν
470 3577 498 3628 6
544 3576 773 3646 Μάμεδ·
811 3593 828 3625 ι
887 3573 944 3626 Ὀ
974 3573 1141 3637 δεῖνα,
1180 3573 1207 3624 6
1241 3570 1372 3634 Θεὸς
1397 3568 1699 3623 ἐνετείλατό
1730 3584 1820 3638 μοι

240 3669 341 3738 τὴν
368 3668 613 3740 γυναῖκά
635 3685 724 3720 σου
757 3666 963 3721 λαϐεῖν.
1005 3685 1023 3717 ι
1062 3665 1119 3717 Ὀ
1152 3662 1207 3716 δὲ
1239 3662 1517 3733 ἀπεκρίθη
1541 3678 1554 3693 ⁸
1590 3681 1608 3713 ι
1654 3660 1815 3714 Ἀπό-

245 3761 435 3823 στόλος
464 3755 512 3812 εἷ
534 3775 548 3789 ο
600 3758 825 3829 ποίησον
888 3757 963 3820 ῶς
1022 3774 1103 3809 σοι
1131 3758 1158 3808 6
1191 3756 1327 3818 Θεὸς
1364 3753 1485 3808 εἷπε
1512 3768 1523 3781 ·
1553 3752 1686 3808 λάϐε
1720 3753 1820 3821 τὴν

244 3852 481 3919 γυναῖκά
509 3867 629 3921 μου.
662 3870 678 3901 ι
714 3849 929 3903 Μᾶλλον
961 3849 1038 3917 δὲ,
1065 3850 1153 3902 ἵνα
1184 3847 1390 3902 ἄνωθεν
1416 3847 1682 3916 εἴπωμεν,
1716 3844 1820 3915 ἔφη

245 3944 385 4015 πρὸς
416 3943 597 3996 αὐτόν·
625 3960 643 3993 ι
685 3942 741 3995 Ὀ
771 3941 902 4005 Θεὸς
934 3940 1236 3995 ἐνετείλατό
1276 3958 1389 4012 μοι,
1431 3940 1517 3992 ἵνα
1545 3937 1823 4008 ἀπολύσῃς

246 4037 348 4106 τὴν
371 4035 613 4103 γυναῖκά
645 4052 762 4089 σου.
810 4053 829 4087 ι
868 4035 925 4087 '0
949 4035 1005 4088 δὲ
1034 4034 1292 4087 ἀπέλυσε.
1329 4033 1439 4085 Καὶ
1460 4032 1577 4102 μεθ’
1607 4030 1820 4101 ἡμέρας

245 4126 469 4191 πολλάς.
524 4145 543 4178 ι
594 4126 776 4191 Ἀλλὰ,
834 4128 1035 4198 φησὶν,
1094 4127 1179 4178 ἵνα
1243 4123 1398 4193 κάγὼ
1446 4122 1616 4193 αὐτὴν
1676 4121 1824 4174 λάϐω

1924 3211 2162 3274 quatuor
2190 3202 2314 3258 illas
2336 3216 2536 3257 uxores
2563 3219 2579 3257 :
2608 3216 2769 3272 quam
2793 3202 3506 3270 itamvoluerit,dimittere,

1924 3297 2217 3365 aliamque,
2250 3294 2294 3348 si
2331 3294 2657 3358 allubescat,
2699 3295 2924 3357 dueere,
2968 3293 3039 3348 ob
3068 3294 3339 3364 ejusmodi
3376 3309 3510 3350 cau-

1925 3402 2040 3441 sam
2076 3386 2292 3441 statuit.
2341 3386 2563 3440 Soeium
2605 3385 2842 3440 habebat
2873 3385 3107 3452 Mamed,
3141 3384 3366 3440 Zeidum
3407 3402 3509 3442 no-

1924 3481 2070 3534 mine
2102 3477 2250 3549 (Sur.
2286 3478 2503 3548 33),cui
2526 3477 2766 3531 formosa
2790 3492 2929 3530 uxor
2947 3485 3087 3541 erat,
3106 3492 3270 3546 quam
3293 3476 3505 3533 Mamed

1923 3569 2217 3639 deperiret.
2252 3570 2389 3624 Cum
2428 3569 2612 3639 itaque
2648 3583 2754 3622 una
2799 3569 3079 3631 sederent,
3126 3569 3204 3622 ait
3234 3569 3446 3625 Mamed
3488 3589 3502 3625 :

1928 3681 1948 3715 ι
1981 3662 2128 3717 Heus
2157 3671 2237 3723 ιιι,
2270 3672 2601 3732 ριωςεριιιιιι
2636 3660 2768 3713 mihi
2810 3676 2839 3715 a
2874 3660 2987 3715 Deo
3013 3669 3118 3725 est,
3165 3670 3225 3716 ut
3278 3677 3507 3717 uxorem

1925 3764 2071 3809 tuam
2108 3754 2398 3823 accipiam.
2436 3772 2455 3805 ι
2490 3752 2589 3806 Cui
2648 3752 2738 3806 ille
2772 3753 3110 3821 respondet:
3149 3771 3170 3805 ι
3205 3753 3506 3823 Apostolus

1923 3861 2004 3912 es,
2034 3843 2121 3898 fac
2139 3845 2284 3899 sicut
2309 3842 2445 3898 dixit
2468 3843 2563 3897 tibi
2591 3843 2733 3897 Deus
2760 3858 2774 3895 :
2800 3858 3024 3898 uxorem
3054 3859 3227 3898 meam
3247 3846 3457 3915 accipe.
3482 3866 3501 3901 ι

1923 3933 2056 4000 ιιιιο,
2086 3943 2144 3988 ιιι
2168 3949 2280 3987 rem
2306 3947 2334 3986 a
2360 3933 2539 4003 capite
2569 3942 2904 4003 repetamus,
2929 3933 3004 3988 ait
3031 3935 3107 3988 illi
3138 3954 3150 3989 :
3186 3955 3206 3987 ι
3232 3935 3508 3992 Mandavit

1924 4023 2057 4078 mihi
2093 4022 2236 4078 Deus
2273 4030 2331 4076 ut
2370 4037 2595 4077 uxorem
2627 4031 2776 4076 tuam
2813 4024 3082 4077 dimittas.
3118 4042 3137 4075 ι
3179 4024 3509 4098 Elapsisque

1923 4112 2119 4167 diebus
2156 4112 2388 4183 aliquot,
2419 4111 2556 4166 dixit
2583 4131 2594 4165 :
2629 4131 2645 4161 ι
2674 4111 2939 4182 Przecepit
2972 4111 3115 4168 Deus
3142 4123 3199 4167 ut
3222 4130 3341 4169 eam
3372 4132 3510 4186 quo-

248 4219 554 4274 ἐνετείλατο
585 4217 793 4280 όθεός.
844 4236 862 4269 ι
919 4213 1052 4269 Εἶτα
1109 4212 1289 4267 λαϐὼν
1317 4250 1332 4276 ,
1387 4211 1481 4265 καί
1527 4208 1819 4281 μοιχεύσας

1925 4221 2029 4275 que
2058 4205 2188 4258 mihi
2223 4219 2522 4259 sumerem.
2562 4223 2581 4255 ›
2632 4202 2841 4259 Deinde
2872 4221 2994 4259 cum
3032 4218 3314 4277 acceptam
3358 4208 3506 4263 illam

248 4308 420 4379 αὐτὴν
457 4306 695 4362 τοιοῦτον
723 4307 883 4377 ἔθηκε
914 4305 1078 4375 νόμον
1103 4321 1116 4335 ο
1161 4322 1179 4355 ι
1233 4303 1290 4356 Ὀ
1327 4300 1649 4371 βουλόμενος
1682 4298 1820 4350 ἀπο-

1929 4295 2089 4369 114
2104 4296 2374 4351 adulterio
2400 4305 2730 4365 stuprasset,
2763 4295 2934 4368 legem
2958 4298 3102 4352 hanc
3129 4299 3254 4353 tulit
3281 4318 3293 4352 :
3323 4319 3341 4354 ι
3364 4299 3510 4356 Uxo-

248 4402 425 4457 λυέτω
449 4403 548 4473 τὴν
575 4402 809 4470 γυναῖκα
833 4397 1020 4452 αὑτοῦ.
1053 4396 1179 4450 Ἐὰν
1212 4394 1269 4450 δὲ
1302 4394 1439 4465 μετὰ
1467 4392 1528 4447 τὸ
1556 4389 1820 4446 ἀπολῦσαι

1927 4403 2038 4442 rem
2070 4403 2250 4453 suam,
2276 4386 2369 4458 qui
2397 4387 2628 4442 voluerit
2651 4387 2890 4443 dimittat
2922 4408 2934 4444 :
2968 4390 3113 4461 quod
3142 4390 3186 4446 si
3218 4399 3507 4462 postquam

249 4495 337 4548 ἐπ’
370 4468 540 4563 αὐτην
567 4468 903 4562 ἀναστρέφῃ,
922 4488 1171 4559 γαμείτω
1199 4485 1369 4557 αὐτὴν
1395 4483 1570 4547 ἄλλος.
1603 4482 1678 4534 Ού
1712 4480 1820 4550 γάρ

1927 4478 2221 4544 dimiserit,
2268 4479 2335 4532 ad
2388 4494 2507 4533 eam
2566 4488 2895 4545 revertatur,
2948 4482 3113 4537 ducat
3159 4483 3310 4538 illam
3347 4484 3506 4540 alter.

248 4585 432 4652 ἔξεστι
459 4583 666 4649 λαϐεῖν,
721 4584 769 4635 εί
824 4581 899 4653 μὴ
938 4580 1163 4650 γαμηθῇ
1202 4578 1294 4646 ὑφ’
1327 4576 1540 4646 ἑτέρου.
1601 4573 1726 4625 Ἐὰν
1769 4571 1820 4624 δὲ

1925 4571 2042 4625 Non
2075 4570 2220 4625 enim
2261 4570 2387 4626 licet
2424 4586 2542 4626 eam
2580 4572 2853 4643 accipere,
2890 4575 2996 4629 nisi
3027 4584 3156 4631 ante
3193 4577 3413 4630 ductam
3442 4577 3511 4632 ab

251 4675 348 4729 καὶ
374 4673 602 4742 ἀδελφὸς
632 4670 902 4744 ἀπολύσῃ,
935 4668 1185 4739 γαμείτω
1200 4663 1369 4733 αὐτὴν
1398 4660 1628 4730 ἀδελφὸς
1659 4656 1820 4712 αὐτοῦ

1928 4663 2037 4716 alio
2066 4681 2081 4717 :
2115 4662 2187 4715 ita
2215 4671 2273 4716 ut
2301 4662 2347 4717 si
2374 4661 2543 4717 frater
2570 4664 2735 4718 etiam
2766 4665 2914 4719 illam
2948 4665 3244 4733 dimiserit,
3272 4667 3508 4722 ducatur

252 4766 596 4837 βουλόμενος.
611 4783 629 4817 ›
651 4764 740 4817 Ἐν
758 4764 894 4834 αὐτῇ
909 4764 977 4833 τῇ
994 4762 1179 4833 γραφῇ
1199 4756 1423 4812 τοιαῦτα
1439 4752 1820 4825 παραγγέλλει·

1930 4768 1960 4808 a
1995 4752 2163 4807 fratre
2207 4752 2353 4822 ejus,
2387 4753 2434 4808 si
2469 4753 2713 4810 libuerit.
2745 4772 2763 4805 ι
2811 4753 2981 4810 Porro
3008 4755 3062 4809 in
3095 4756 3367 4825 scriptura
3409 4770 3508 4811 sua

1930 4844 2202 4914 ejusmodi
2242 4845 2490 4915 quaedam
2552 4847 2872 4915 pronuntiat
2909 4866 2922 4903 :
2963 4867 2982 4900 ι
3025 4848 3267 4918 Operare
3302 4855 3508 4903 terram

1928 4951 2095 5006 quam
2128 4935 2225 4990 tibi
2250 4936 2402 4991 dedit
2423 4935 2590 5003 Deus,
2613 4945 2666 4991 et
2694 4937 2942 4994 studiose
2975 4938 3125 4993 illam
3158 4940 3278 4995 cole
3305 4957 3319 4994 :
3347 4949 3511 5009 atque

1930 5030 2034 5083 hoc
2062 5025 2254 5090 facito,
2281 5035 2336 5083 et
2374 5027 2443 5081 ad
2483 5027 2627 5082 hunc
2662 5028 2918 5098 modum;
2958 5048 2977 5081 ι
3017 5046 3086 5086 ne
3109 5031 3295 5086 omnia
3325 5039 3383 5085 ut
3417 5030 3512 5087 ille

1928 5119 2166 5175 obscena
2200 5118 2493 5188 proferam.

323 5216 497 5270 Πάλιν
526 5214 713 5288 γραφὴ
748 5218 848 5287 τῆς
891 5212 1165 5282 καμήλου
1222 5210 1329 5264 τοῦ
1385 5207 1555 5273 Θεοῦ,
1602 5205 1731 5277 περὶ
1759 5198 1820 5277 ἦς

2004 5208 2243 5265 Rursum
2285 5209 2618 5278 scripturam
2672 5210 2845 5267 edidit
2890 5211 3094 5267 Cameli
3127 5213 3252 5276 Dei,
3297 5213 3365 5268 de
3402 5228 3512 5282 qua

251 5309 425 5379 λέγει,
455 5309 537 5362 ὅτι
572 5305 642 5381 ἦν
666 5307 935 5377 κάμηλος
967 5309 1031 5359 ὲκ
1053 5303 1147 5357 τοῦ
1181 5302 1339 5367 Θεοῦ,
1376 5301 1559 5354 ἔπινεν
1578 5300 1698 5353 ὅλον
1735 5298 1820 5350 τὸν

1934 5308 2123 5354 narrat
2152 5297 2298 5370 (Sur.
2328 5300 2379 5364 7,
2419 5314 2481 5367 ιι,
2514 5311 2562 5355 et
2596 5300 2746 5375 alibi)
2779 5319 2794 5357 :
2827 5303 3084 5355 camelum
3140 5320 3205 5357 ex
3246 5302 3355 5358 Deo
3382 5318 3511 5374 pro-

254 5402 525 5473 ποταμὸν,
558 5403 653 5456 καὶ
690 5401 752 5454 ού
808 5400 1064 5471 διήρχετο
1098 5395 1302 5467 μεταξὺ
1348 5394 1441 5448 δύο
1467 5393 1637 5462 ὀρέων
1658 5391 1744 5445 διὰ
1767 5391 1820 5444 τὸ

1940 5391 2141 5455 diisse,
2186 5406 2311 5461 quae
2352 5400 2524 5447 totum
2561 5391 2784 5447 fluvium
2834 5394 3111 5459 ebiberet,
3151 5409 3325 5465 neque
3368 5393 3511 5451 inter

258 4879 276 4909 ι
308 4858 587 4929 Εῐργασαι
606 4856 705 4926 τὴν
728 4854 856 4925 γῆν,
882 4856 948 4924 ἢν
972 4854 1001 4906 6
1026 4852 1161 4915 Θεὸς
1212 4847 1386 4903 ἔδωκέ
1418 4863 1524 4911 σοι,
1553 4847 1649 4900 καὶ
1672 4843 1827 4913 φιλο-

253 4952 495 5022 κάλησον
521 4950 689 5020 αὐτήν
716 4966 730 4981 ·
781 4948 878 5001 καὶ
918 4946 1038 5000 τόδε
1068 4944 1313 5014 ποίησον,
1365 4941 1459 4995 καὶ
1498 4937 1723 4992 τοιῶσδε
1748 4952 1763 4968 ·
1801 4953 1821 4989 ι

255 5041 344 5094 ἶνα
382 5039 458 5110 μὴ
492 5038 670 5092 πάντα
690 5037 857 5106 λέγω,
879 5035 954 5099 ὡς
986 5035 1214 5097 ἐκεῖνος,
1251 5029 1475 5103 αἰσχρά.

1533 5578 1761 5634 VARI/13
1799 5576 2200 5636 LECTIONES.
2300 5556 2305 5565 ’

329 5703 360 5743 ο
389 5699 453 5753 R.
481 5698 643 5764 2508,
697 5696 945 5768 Βαχθάψ
981 5696 1072 5751 alii
1096 5696 1150 5759 2,
1185 5694 1471 5768 Χαϐοθάνξ
1519 5704 1624 5768 est,
1648 5698 1843 5768 iraaba,
1898 5714 1993 5753 seu
2035 5698 2219 5752 fanum
2277 5696 2595 5755 Meccanum
2708 5694 2737 5736 ιι
2764 5696 2880 5752 Ais.
2917 5693 3125 5765 Χαϐέρ.
3217 5692 3236 5735 ί
3275 5692 3342 5749 Β.
3369 5692 3512 5750 2308

261 5773 328 5825 ἐκ
350 5771 625 5840 γλυφίδος.
668 5766 837 5825 Vetus
872 5772 1099 5838 interpr.
1144 5767 1507 5835 insulptiouis.
1588 5766 1602 5816 ἱ
1645 5767 1711 5821 Β.
1749 5768 1889 5825 2508
1920 5772 1986 5831 ἣν
2033 5768 2228 5828 ἐθέλοι,
2266 5770 2348 5823 ἐκ.
