3962 6320
441 335 541 401 ’ΠΙ

1611 327 1671 386 S.
1713 326 1955 386 JOANN
1969 325 2034 384 IS
2076 323 2506 384 DAMASCENI

3611 321 3727 387 77?.

440 451 581 505 duos
621 450 835 500 montes
890 438 1192 498 transiret,
1228 437 1354 506 quia
1403 435 1505 506 ipsi
1543 434 1678 488 satis
1715 433 1879 504 spatii
1919 447 2020 486 non

2131 431 2204 501 μὴ
2246 429 2563 501 χωρεῖσθαι.
2595 426 2738 487 Aab;
2770 421 2884 489 οὖν,
2925 423 3112 493 φησὶν,
3140 417 3206 494 ἦν
3235 423 3293 476 ὲν
3313 422 3394 494 τῷ
3414 423 3584 495 τόπῳ,
3627 430 3733 481 καὶ

377 601 384 606 ,
438 547 606 594 esset.
643 532 884 604 Populus
930 531 1118 600 igitur,
1173 528 1372 597 inquit,
1431 526 1580 579 illius
1632 524 1762 589 loci,
1797 538 1908 577 uno
1938 522 2027 576 die

369 615 376 637 ⁵
439 627 684 682 ﬂuminis
709 638 903 694 aquam
935 621 1183 692 putabat,
1226 620 1402 672 altero
1431 617 1700 671 camelus.
1732 615 1864 680 Quae
1901 628 2027 668 cum

436 734 634 790 aquam
665 716 931 778 ebiberet,
969 714 1087 782 ipsa
1122 710 1346 782 putabat
1393 710 1537 772 illos,
1587 722 1740 777 aqua:
1785 706 1906 759 loco
1944 705 2028 758 lac

436 808 896 866 subministrans.
935 802 1172 872 lmprobi
1202 816 1334 855 vero
1361 815 1484 866 cum
1526 808 1712 852 essent
1735 798 1818 851 illi
1849 796 2028 886 homil-

436 916 560 961 nes,
597 898 804 966 impetu
848 895 992 949 facto
1027 893 1302 947 camelum
1344 891 1690 944 occiderunt.
1727 887 1852 942 Haec
1902 902 2030 958 par-

434 1007 559 1046 vam
593 967 851 1042 camelum
887 993 1180 1057 genuerat,
1218 999 1340 1053 qum
1375 981 1664 1037 interfecta
1713 990 1886 1036 matre
1917 981 2028 1035 cla-

433 1085 606 1139 mavit
637 1082 706 1136 ad
731 1081 926 1143 Deum,
950 1079 1044 1149 qui
1067 1094 1186 1134 eam
1213 1075 1280 1128 ad
1312 1091 1371 1130 se
1402 1073 1726 1144 assumpsit.
1751 1071 2028 1139 Quocirca

433 1191 538 1231 nos
567 1175 870 1244 quaerimus
899 1173 968 1226 ab
998 1171 1078 1226 eis
1107 1189 1120 1222 :
1160 1168 1440 1223 Undenam
1470 1176 1585 1221 erat
1615 1167 1865 1221 camelus
1896 1166 2029 1220 illa?

434 1269 514 1323 Ex
539 1268 670 1332 Deo,
694 1266 972 1334 inquiunt.
1004 1263 1138 1318 Cum
1180 1277 1282 1316 nos
1312 1276 1514 1315 rursus
1554 1278 1566 1314 :
1601 1258 1783 1313 Coivit
1813 1273 1940 1313 cum
1964 1273 2027 1312 ea

434 1357 679 1411 camelus
723 1354 934 1408 altera?
965 1352 1070 1406 hoc
1125 1351 1232 1420 ipsi
1294 1357 1515 1419 negant.
1557 1347 1808 1413 Quonam
1863 1356 2029 1417 pacto

434 1447 598 1516 igitur
625 1444 851 1514 genuit?
878 1441 1013 1496 Nam
1050 1443 1322 1496 camelum
1351 1447 1591 1494 vestram
1624 1439 1880 1495 videmus
1909 1440 2029 1493 sine

434 1546 610 1607 patrc,
646 1535 766 1590 sine
797 1541 996 1596 matre,
1039 1533 1162 1588 sine
1194 1532 1538 1602 genealogia.
1574 1531 1818 1599 Quaeque
1853 1531 2026 1598 ipsam

433 1631 640 1702 genuit,
683 1629 826 1684 male
866 1627 1054 1700 periit.
1083 1626 1228 1693 Quin
1266 1641 1368 1693 nec
1405 1635 1630 1696 apparet
1658 1625 1784 1693 quis
1821 1623 2030 1678 admis-

433 1723 614 1778 sarius
650 1721 770 1790 ejus
819 1720 1006 1774 tucrit.
1044 1717 1276 1789 insuper
1326 1727 1380 1771 et
1435 1731 1604 1787 parva
1652 1717 1899 1771 camelos
1932 1731 2026 1770 as-
2059 1766 2098 1820 Β

433 1817 648 1877 sumpta
683 1814 789 1863 est.
848 1807 960 1860 Cur
1015 1821 1149 1860 vero
1202 1805 1472 1875 propheta
1504 1815 1703 1872 vester,
1759 1820 2020 1875 quocum,

431 1907 492 1950 ut
528 1898 714 1962 fertis,
742 1897 964 1950 locutus
988 1904 1071 1950 est
1107 1895 1275 1960 Deus,
1315 1897 1381 1950 dc
1413 1897 1626 1950 camelo
1665 1911 1772 1948 non
1811 1896 2022 1962 didicit,

433 1990 525 2044 ubi
568 1996 852 2058 pascatur,
882 1999 937 2043 et
976 2005 1005 2042 a
1031 1989 1232 2059 quibus
1264 1989 1613 2058 mulgeatur?
1636 1989 1715 2040 An
1743 1986 1886 2041 torte
1907 1989 2024 2056 ipsa

432 2094 654 2147 quoque
689 2080 849 2132 malis
878 2093 1168 2149 oppressa,
1206 2078 1432 2146 perinde
1465 2093 1528 2131 ac
1562 2085 1737 2132 mater
1770 2078 2026 2132 interiit?

433 2169 514 2220 An
543 2168 902 2237 praecursoris
932 2169 1106 2222 instar
1143 2166 1463 2237 paradisum
1517 2176 1646 2220 ante
1693 2182 1793 2223 vos
1843 2168 2022 2237 petiit,

432 2275 500 2315 ex
525 2274 631 2330 qua
670 2259 872 2314 ﬂuvius
901 2261 996 2315 ille
1028 2260 1213 2323 lactis,
1245 2260 1312 2314 de
1359 2274 1469 2328 quo
1518 2259 1832 2329 nugamini,
1868 2260 2026 2314 vobis

433 2359 762 2406 manaturus
790 2352 897 2406 sit?
934 2350 1070 2406 Tres
1105 2351 1306 2421 quippe
1342 2350 1543 2406 ﬂuvios
1581 2351 1741 2406 vobis
1781 2351 1834 2405 in
1865 2367 2026 2422 para-

431 2445 556 2499 diso
577 2459 801 2499 manare
819 2445 1081 2512 narratis,
1111 2459 1287 2514 aquae,
1307 2444 1444 2512 vini,
1466 2452 1520 2499 et
1545 2444 1644 2499 lact
1659 2446 1724 2500 is.
1757 2443 1814 2498 Si
1842 2453 2026 2501 vestra

432 2536 702 2601 camelus,
755 2551 878 2606 qua:
922 2550 1026 2590 vos
1075 2536 1462 2602 anteverterit,
1501 2544 1658 2591 extra
1699 2537 2026 2607 paradisum

431 2628 601 2700 degit,
630 2642 751 2682 eam
783 2629 946 2697 plane
978 2627 1121 2682 fame
1153 2637 1208 2683 et
1245 2628 1338 2682 siti
1370 2628 1661 2684 exaruisse
1689 2627 1901 2698 liquet;
1932 2637 2029 2684 aut

431 2721 526 2775 alii
570 2722 710 2776 lacte
748 2720 871 2790 ejus
903 2720 1167 2776 fruuntur
1202 2737 1214 2773 :
1252 2719 1502 2790 adeoque
1534 2722 1810 2792 propheta
1845 2730 2029 2778 vester

431 2813 638 2868 frustra
657 2829 717 2869 sc
743 2829 869 2868 cum
897 2812 1008 2868 Deo
1036 2814 1382 2868 collocutum
1408 2814 1805 2884 gloriatur,cui
1833 2823 2032 2886 myste-

445 2907 591 2959 rium
619 2907 812 2960 cameli
844 2905 1146 2960 revelatum
1175 2920 1284 2960 non
1310 2906 1495 2962 fuerit.
1526 2906 1624 2961 Sin
1657 2916 1836 2962 autem
1865 2917 1951 2964 est
1976 2910 2032 2964 in

431 2997 712 3066 paradiso,
770 3011 970 3067 aquam
1037 3013 1261 3053 rursum
1316 2998 1524 3064 ebibit,
1579 2999 1926 3072 subindcque
1972 3002 2029 3056 in

2129 523 2229 593 τὴν
2257 523 2356 592 μὲν
2388 521 2516 591 μίαν
2537 520 2754 589 ἡμέραν
2787 516 2954 579 αὐτὸς
2990 515 3141 568 ἔπινε
3171 515 3234 568 τὸ
3265 515 3430 587 ὕδωρ,
3467 519 3501 587 ἡ
3534 516 3589 570 δὲ
3622 521 3728 572 κά-

2133 616 2302 686 μηλος
2339 617 2406 686 τῇ
2450 613 2600 683 ἑξῆς.
2631 612 2870 666 Πίνουσα
2900 610 2956 663 δὲ
3001 609 3061 662 τὸ
3095 607 3240 678 ῦδωρ
3267 608 3499 679 ἔτρεφεν
3526 610 3733 673 αὑτοὺς

2129 708 2189 760 τὸ
2209 709 2348 776 γάλα
2371 705 2725 777 παρεχομένη
2767 705 2889 756 ἀντὶ
2941 701 3041 756 τοῦ
3109 700 3325 765 ὓδατος.
3390 701 3730 774 Ἀνέστησαν

2128 797 2220 855 οὖν
2277 802 2327 854 οἱ
2384 801 2576 871 ἄνδρες
2635 801 2832 853 ἐκεῖνοι
2893 796 3124 868 πονηροὶ¹
3184 795 3359 860 ὅντες,
3428 798 3583 867 φησὶ,
3629 798 3732 850 καὶ

2128 889 2460 945 ἀπέκτειναν
2489 889 2590 958 τὴν
2633 887 2883 958 κάμηλον
2909 903 2922 917 ·
2971 887 3071 954 τῆς
3100 885 3156 938 δὲ
3187 884 3437 955 γέννημα
3477 886 3729 956 ὑπῆρχεν

2132 983 2308 1055 μικρά
2338 982 2632 1051 κάμηλος,
2658 981 2802 1050 ἥτις,
2833 977 3118 1049 φησὶητῆς
3161 977 3372 1048 μητρὸς
3400 977 3715 1049 ἀναιρεθεί-

2131 1095 2230 1148 σης
2262 1076 2527 1145 ἀνεϐόησε
2552 1074 2690 1146 πρὸς
2714 1075 2806 1127 τὸν
2835 1074 2992 1136 Θεὸν,
3032 1075 3127 1126 καὶ
3152 1072 3346 1126 ἔλασεν
3375 1071 3545 1143 αὑτὴν
3584 1071 3728 1142 πρδς

2129 1170 2338 1223 ἑαυτόν.
2370 1167 2515 1240 Πρός
2544 1166 2638 1229 οὓς
2667 1183 2846 1236 φαμεν
2874 1181 2886 1193 ·
2927 1165 3100 1218 Πόθεν
3136 1164 3170 1235 ἠ
3205 1163 3458 1234 κάμηλος
3495 1162 3680 1232 ἐκείνη
3706 1178 3724 1228 ;

2128 1261 2242 1313 Kal.
2270 1259 2543 1326 λέγουσιν,
2578 1257 2661 1310 ὅτι
2712 1257 2776 1308 ὲκ
2807 1253 2967 1307 Θεοῦ.
3017 1254 3128 1308 Καί
3170 1269 3354 1322 φαμεν
3380 1267 3393 1280 ·
3426 1251 3729 1306 Συνεὸιϐἁ-

2135 1351 2236 1420 σθη
2266 1349 2438 1420 ταύτῃ
2473 1348 2719 1419 κάμηλος
2749 1346 2885 1418 ἄλλη
2914 1363 2928 1412 ;
2961 1347 3074 1399 Καὶ
3123 1346 3375 1414 λέγουσιν
3399 1363 3414 1378 ·
3460 1345 3619 1416 Οὑχί.
3653 1373 3725 1389 -

2129 1441 2300 1495 Πόθεν
2323 1437 2436 1504 οὖν,
2501 1440 2725 1509 φαμὲν,
2784 1439 3107 1507 ὲγέννησενς
3161 1437 3411 1509 Ὀρῶμεν
3469 1439 3579 1508 γὰρ
3623 1438 3726 1508 τὴν

2127 1533 2375 1605 κάμηλον
2411 1533 2564 1602 ὑμῶν
2591 1532 2844 1601 ἀπάτορα
2885 1533 2981 1585 καὶ
3013 1533 3266 1602 ἀμήτορα
3305 1530 3401 1582 καὶ
3424 1529 3722 1597 ἀγενεαλόο

2126 1642 2331 1698 γητον·
2389 1626 2698 1695 γεννήσασα
2755 1624 2834 1688 δὲ,
2891 1622 3058 1676 κακὸν
3104 1621 3329 1676 ἔπαθεν.
3372 1620 3512 1673 Ἀλλ’
3549 1619 3725 1674 οὑδὲὸ

2129 1721 2362 1792 βιϐἀσας
2392 1719 2665 1788 φαίνεται,
2703 1717 2798 1771 καὶ
2850 1720 2881 1788 ή
2918 1716 3091 1788 μικρά
3123 1715 3370 1787 κάμηλος
3411 1714 3720 1786 ἀνελήφθη.

2138 1815 2196 1865 '0
2226 1807 2318 1865 οὖν
2353 1812 2643 1882 προφήτης
2665 1809 2841 1880 ὑμῶν,
2878 1805 2920 1877 ᾧ
2969 1808 3153 1872 καθὼς
3187 1808 3398 1876 λέγετε,
3456 1806 3720 1877 ἐλάλησεν

2125 1908 2154 1960 ὁ
2183 1905 2336 1968 Θεὸς,
2382 1905 2470 1958 διά
2522 1905 2574 1958 τί
2618 1902 2746 1975 περὶ
2799 1903 2898 1972 τῆς
2943 1902 3192 1972 καμήλου
3243 1901 3343 1954 οὑκ
3400 1900 3589 1971 ἔμαθε,
3616 1900 3720 1954 ποῦ

2131 1997 2410 2068 βόσκεται,
2438 1997 2531 2048 καὶ
2553 1996 2698 2058 τίνες
2729 1994 3078 2063 γαλεὺονται,
3118 1994 3324 2063 ταύτην
3359 1993 3720 2064 ἀμέλγοντες;

2131 2093 2202 2144 Ἢ
2229 2092 2323 2144 καὶ
2361 2091 2502 2158 αὑτὴ
2538 2090 2611 2160 μή
2663 2105 2794 2141 ποτε
2842 2091 3048 2150 κακοὲς,
3083 2087 3213 2158 ῶςὴ
3249 2088 3454 2158 μήτηρ,
3493 2103 3721 2157 περιτυ-

2129 2182 2299 2254 χοῦσα
2327 2181 2590 2255 ἀνῃρέθη,
2622 2181 2654 2252 ἦ
2687 2182 2746 2232 ὲν
2770 2180 2848 2249 τῷ
2873 2179 3190 2252 παραδείσῳ
3230 2179 3538 2250 πρόδρομος
3559 2178 3718 2249 ὑμῶν

2129 2277 2401 2347 εἰσῆλθεν,
2431 2278 2521 2344 ἀφ’
2539 2270 2606 2347 ἦς
2653 2278 2680 2328 ό
2726 2274 2971 2344 ποταμὸς
3005 2275 3134 2344 ὑμῖν
3183 2273 3358 2339 ἔσται,
3385 2275 3444 2326 ὃν
3476 2274 3716 2345 ληρεῖτε,

2129 2369 2223 2424 τοῦ
2246 2370 2517 2438 γάλακτος
2541 2387 2555 2436 ;
2581 2369 2742 2439 Τρεῖς
2759 2368 2868 2438 γάρ
2899 2384 3033 2437 φατε
3066 2366 3348 2437 ποταμοὺς
3388 2367 3518 2436 ὑμῖν
3548 2369 3608 2420 ὲν
3642 2367 3718 2436 τῷ

2130 2463 2443 2534 παραδείσῳ
2479 2462 2643 2532 ῥέειν,
2673 2461 2885 2524 ὓδατος,
2915 2461 3080 2522 οἴνου,
3113 2461 3208 2512 καὶ
3251 2459 3542 2526 γάλακτος.
3594 2460 3719 2512 Ἐὰν

2131 2556 2288 2618 ἐκτός
2324 2557 2471 2607 ἐστιν
2521 2555 2553 2621 ἡ
2581 2552 2887 2626 πρόδρομος
2929 2552 3082 2623 ὑμῶν
3114 2552 3360 2623 κάμηλος
3393 2551 3488 2604 τοῦ
3538 2571 3719 2622 παρα·

2130 2646 2332 2710 δείσου,
2365 2645 2523 2716 δῆλον
2550 2646 2632 2699 ὅτι
2667 2645 3022 2715 ἀπεξηράνθη
3063 2644 3227 2716 πείνῃ
3263 2645 3358 2698 καὶ
3386 2643 3537 2716 δίψῃ,
3566 2645 3600 2715 ἢ
3627 2644 3720 2696 ἀλ-

2132 2737 2212 2792 λοι
2235 2738 2330 2792 τοῦ
2358 2738 2630 2806 γάλακτος
2687 2738 2861 2808 αὑτῆς
2898 2736 3302 2791 ἀπολαύσουσιο
3348 2737 3443 2791 καὶ
3483 2737 3666 2807 μάτην
3689 2739 3718 2792 ὁ

2134 2833 2420 2902 προφήτης
2447 2831 2600 2902 ὑμῶν
2626 2831 2988 2901 φρυάττεται,
3033 2829 3109 2892 ὡς
3134 2831 3405 2900 ὁμιλήσας
3435 2829 3556 2901 Θεῷ
3593 2847 3606 2860 ·
3653 2832 3715 2882 οὐ

2133 2926 2242 2991 γὰρ
2271 2922 2334 2974 τὸ
2363 2924 2664 2993 μυστήριον
2695 2921 2843 2992 αὑτῷ
2899 2921 3259 2993 ἀπεκαλύφθη
3308 2921 3410 2992 τῆς
3440 2922 3710 2994 καμήλου.

2135 3015 2198 3067 Εἰ
2227 3015 2282 3066 δὲ
2310 3016 2368 3067 ὲν
2416 3013 2494 3084 τῷ
2544 3013 2862 3085 παραδείσῳ
2917 3013 3053 3080 ἐστὶ,
3093 3013 3255 3067 πάλιν
3280 3014 3424 3068 πίνει
3457 3015 3519 3068 τὸ
3547 3015 3711 3087 ὕδωρ,
3760 3039 3762 3041 >

433 3088 614 3142 medio
701 3083 941 3158 paradisi
998 3089 1323 3144 deliciarum
1389 3091 1458 3146 ob
1517 3106 1675 3162 aqua:
1733 3092 2020 3162 penuriam

2129 3107 2226 3160 καὶ
2256 3083 2483 3177 ἀνυδρίά
2535 3083 2857 3178 ξηραίνεσθε
2929 3108 2986 3160 ἐν
3039 3107 3194 3177 μέσῳ
3238 3106 3340 3175 τῆς
3367 3109 3580 3179 τρυφῆς
3620 3083 3714 3162 τοῦ

431 3182 719 3245 arescetis,
751 3183 824 3237 ita
862 3193 921 3236 ut
959 3183 1147 3237 vinum
1199 3183 1526 3239 dcsideretis
1559 3199 1701 3255 aqua
1736 3201 1843 3239 non
1882 3201 2017 3256 sup-

430 3284 670 3346 petente,
703 3290 866 3344 quam
898 3283 1067 3354 totam
1110 3277 1355 3332 camelus
1388 3279 1646 3346 epotarit.
1689 3277 1827 3332 Tum
1881 3279 2019 3334 meri

429 3373 562 3434 potu
623 3365 1036 3432 exardescctis,
1115 3382 1226 3436 prae
1282 3368 1554 3422 ebrietate
1639 3369 2016 3439 ccspitabitis,

429 3454 825 3523 dormietisque
860 3455 1198 3526 :gravcdine
1235 3472 1364 3510 vero
1409 3457 1607 3528 capitis
1639 3474 1735 3528 per
1761 3475 2015 3514 somnum

427 3546 591 3600 etiam
632 3545 946 3600 laborantes
969 3562 1037 3600 ex
1063 3546 1174 3600 vini
1207 3549 1462 3618 crapula,
1499 3549 1846 3620 voluptatum
1888 3552 2017 3620 qui—

428 3637 534 3692 bus
565 3637 857 3707 paradisus
889 3636 1060 3692 aﬂluit
1107 3638 1533 3694 obliviscemini.
1573 3641 1814 3695 (Iurnam
1849 3643 2018 3713 igitur

430 3733 548 3787 haec
578 3732 632 3785 in
665 3739 904 3786 mentem
939 3731 1220 3800 propheta:
1260 3732 1428 3786 vestri
1462 3746 1572 3787 non
1619 3744 1911 3800 venerunt,
1945 3752 2016 3792 ne

431 3823 573 3881 forte
601 3817 761 3880 vobis
809 3824 866 3878 in
915 3825 1080 3879 horto
1126 3823 1454 3879 deliciarum
1505 3825 1868 3881 acciderent?
1917 3843 2018 3883 cur

431 3921 706 3975 sollicitus
740 3919 808 3974 de
857 3919 1071 3974 camelo
1119 3935 1229 3974 non
1282 3918 1419 3985 fuit,
1470 3921 1562 3975 ubi
1616 3937 1765 3976 nunc
1815 3922 2018 3994 degat?

431 4027 613 4082 neque
650 4027 748 4068 vos
781 4027 849 4068 ex
886 4013 983 4067 illo
1023 4012 1294 4068 sciscitati
1355 4015 1534 4081 estis,
1590 4016 1671 4070 uti
1724 4032 1903 4086 neque
1949 4018 2016 4073 de

433 4103 612 4158 ﬂuviis
638 4103 747 4159 illis
781 4105 981 4171 tribus,
1023 4119 1165 4176 quos
1199 4105 1511 4160 venditator
1539 4106 1629 4160 ille
1669 4108 2014 4163 somniorum

431 4197 768 4252 edisset-uit?
806 4197 916 4254 Nos
946 4208 1130 4252 autem
1179 4199 1358 4268 palam
1405 4199 1799 4255 denuntiamus
1833 4200 2012 4264 vobis,

429 4290 806 4359 prodigiosam
833 4291 982 4343 illam
1002 4290 1272 4344 camelum
1299 4297 1534 4344 vestram
1551 4305 1648 4345 vos
1665 4291 2016 4360 princessisse

430 4380 485 4434 in
516 4381 730 4434 animas
759 4382 1039 4436 asinorum
1075 4382 1128 4435 in
1160 4382 1361 4451 quibus
1392 4389 1446 4438 et
1470 4397 1587 4446 vos,
1619 4398 1720 4438 ceu
1745 4384 2014 4454 jumentis

2130 3199 2483 3271 παραδείσου.
2518 3198 2636 3252 Κᾶν
2667 3199 2692 3237 ιι
2719 3193 2860 3252 οἷνον
2885 3201 2948 3251 ἐκ
2987 3199 3081 3252 τοῦ
3100 3199 3488 3270 παροδεύοντος
3520 3201 3714 3255 ἐπιθυ-

2123 3295 2336 3364 μήσητε
2366 3289 2640 3362 ποταμοῦ,
2672 3292 2749 3363 μὴ
2802 3293 3068 3364 παρόντος
3119 3292 3311 3356 ὕδατος
3340 3294 3568 3361 (ἀπέπιε
3602 3295 3713 3367 γὰρ

2119 3381 2304 3450 ὅλονή
2345 3380 2613 3452 κάμηλος)
2657 3379 2898 3452 ἄκρατον
2942 3382 3193 3446 πίνοντες
3245 3384 3558 3448 ὲκκαίεσθε,
3616 3388 3712 3440 καὶ

2123 3472 2262 3545 μέθῃ
2296 3473 2695 3545 παραπταίετε,
2737 3474 2832 3527 καὶ
2878 3474 3210 3528 καθεύδετεσ
3263 3475 3712 3548 καρηϐαροῦντες

2117 3565 2174 3618 δὲ
2207 3565 2302 3618 καὶ
2331 3565 2447 3636 μεθ’
2473 3564 2658 3630 ὕπνον,
2717 3567 2812 3618 καὶ
2864 3567 3380 3637 κεκραιπαληκότες
3425 3569 3484 3632 ἐξ
3538 3570 3708 3636 οἴνου,

2117 3659 2226 3713 τῶν
2260 3659 2432 3729 ἡδέων
2465 3658 2891 3713 ἐπιλανθάνεσθε
2918 3659 3013 3712 τοῦ
3055 3661 3414 3732 παραδείσου.
3457 3661 3584 3726 Πῶς
3615 3659 3711 3718 οὖν

2118 3755 2146 3806 ὁ
2190 3753 2479 3824 προφήτης
2533 3753 2688 3822 ὑμῶν
2743 3754 2844 3807 οὑκ
2895 3755 3154 3827 ὲνενοήθη
3220 3755 3433 3820 ταῦτα,
3493 3758 3710 3828 μήποτε

2121 3845 2301 3916 συμϐῇ
2329 3845 2457 3915 ὑμῖν
2476 3846 2534 3900 έν
2562 3845 2639 3916 τῷ
2671 3847 2988 3917 παραδείσῳ
3015 3849 3116 3919 τῆς
3156 3851 3403 3921 τρυφῆς;
3433 3851 3709 3905 Οὐδέποτε

2119 3936 2248 4006 περὶ
2289 3936 2391 4006 τῆς
2433 3937 2684 4008 καμήλου
2738 3939 3121 4010 πεφρόντικεν,
3173 3943 3305 3995 ὅπου
3347 3940 3443 3994 νῦν
3503 3942 3706 4011 διάγει.

2129 4021 2273 4080 Ἀλλ’
2306 4027 2425 4080 οὑδὲ
2482 4028 2641 4098 ὑμεῖς
2674 4029 2993 4100 ἐρωτήσατε
3027 4032 3211 4096 αὑτὸν,
3247 4031 3323 4096 ὡς
3366 4033 3496 4104 ὑμῖν
3527 4035 3656 4106 περὶ
3687 4034 3704 4073 ι

2117 4119 2226 4174 τῶν
2263 4119 2430 4189 τριῶν
2483 4119 2837 4193 διηγόρευσεν
2867 4122 3377 4195 όνειροπολοὺμενος
3417 4127 3703 4197 ποταμῶν.

2131 4210 2270 4265 Ἀλλ’
2298 4213 2462 4282 ἡμεῖς
2517 4212 2707 4280 σαφῶς
2764 4213 2862 4285 τὴν
2909 4213 3231 4287 θαυμαστὴν
3271 4216 3425 4288 ὑμῶν
3455 4220 3707 4290 κάμηλον

2116 4305 2197 4366 εἰς
2219 4302 2396 4373 ψυχὰς
2427 4302 2587 4368 ὄνων,
2618 4303 2752 4358 ὅπου
2777 4305 2874 4358 καὶ
2911 4307 3070 4377 ὑμεῖς
3110 4308 3331 4378 μέλλετε
3377 4310 3605 4379 διάγειν,
3627 4312 3708 4376 ὡς

2117 4393 2446 4463 κτηνώδεις,
2487 4396 2910 4468 προδραμοῦσαν
2969 4400 3100 4470 ὑμῖν
3141 4409 3178 4430 ¹¹¹
3224 4402 3702 4474 ἐπαγγελλόμεθα.

429 4470 568 4525 nihil
600 4471 908 4537 absimilcs,
945 4474 1222 4529 versaturi
1263 4473 1419 4530 estis.
1465 4472 1594 4529 'lllic
1645 4491 1813 4545 porro
1862 4485 2016 4532 exte-

2211 4455 2223 4463 -
2402 4455 2416 4460 -
2433 4455 2441 4458 -
2533 4455 2547 4467 ο
2631 4455 2641 4467 l
2703 4455 2715 4468 υ
3008 4455 3021 4470 I
3345 4455 3358 4472 ι
3384 4455 3395 4470 I
3515 4455 3550 4474 ⁷5
3588 4455 3596 4456 ί
3621 4455 3626 4456 ⁷
3647 4455 3702 4461 ν’

2132 4486 2342 4539 Ἐκείσε
2362 4487 2418 4540 δὲ
2440 4488 2628 4552 σκότος
2653 4490 2773 4543 ἐστὶ
2802 4490 2862 4543 τό
2893 4491 3182 4562 ἐξώτερον,
3211 4496 3306 4547 καὶ
3326 4495 3547 4558 κόλασις
3576 4498 3706 4550 ἁτε·-

427 4565 608 4617 riores
662 4565 902 4619 tenebrae
964 4575 1114 4628 sunt,
1160 4574 1216 4621 et
1273 4581 1435 4635 pmna
1477 4566 1828 4634 immortalis,
1874 4569 2014 4638 ignis

430 4671 762 4724 personatus,
805 4657 1006 4712 vermis
1052 4659 1302 4730 pervigil,
1337 4666 1391 4713 et
1439 4658 1665 4714 tartarei
1709 4661 2012 4716 daemones.

504 4747 662 4817 115
701 4745 920 4804 Rursus
977 4749 1187 4806 Mamed
1231 4751 1285 4805 in
1331 4750 1608 4819 scriptura
1656 4749 1855 4807 Mensw
1922 4754 1998 4807 ait

431 4836 580 4908 (Sur.
617 4839 719 4909 1):
768 4841 1052 4897 Christum
1124 4858 1154 4896 a
1233 4843 1344 4896 Deo
1426 4858 1673 4900 mensam
1752 4847 2006 4915 petiisse,

429 4945 552 4999 quae
599 4945 868 4989 concessa
921 4934 1026 5003 ipsi
1079 4932 1266 4987 fuerit.
1303 4932 1450 4988 Deus
1480 4936 1652 5001 enim,
1687 4936 1889 5008 inquit,
1931 4941 2008 4994 illi

430 5020 609 5076 dixit:
655 5040 674 5074 ι
722 5022 852 5078 Dedi
883 5026 1016 5089 tibi,
1049 5026 1270 5095 tuisque
1318 5041 1562 5080 mensam
1613 5031 1750 5084 nulli
1806 5047 2006 5088 corru-

429 5117 590 5187 ptelae
622 5117 940 5172 obnoxiam.
975 5138 994 5171 ι

499 5205 773 5262 Praeterea
833 5210 1166 5278 scripturam
1238 5212 1447 5283 Vacca’,
1515 5216 1732 5288 aliaque
1803 5214 2008 5270 delira-

429 5307 612 5353 menta
647 5298 765 5354 risu
799 5299 964 5371 digna
1016 5304 1262 5361 condidit
1297 5307 1459 5378 (Sur.
1492 5309 1585 5379 2),
1621 5289 1745 5378 quze
1778 5317 2004 5379 propter

2120 4577 2375 4649 λεὺτητος
2393 4595 2407 4613 ο
2437 4580 2550 4650 πῦρ
2570 4581 2761 4652 ήχοῦν,
2788 4582 3006 4656 σκώληξ
3035 4585 3354 4658 ἀκοίμητος,
3379 4587 3474 4641 καὶ
3498 4589 3707 4661 ταρτά-

2125 4686 2229 4739 ριοι
2257 4668 2530 4740 δαίμονες.

2188 4761 2358 4815 Πάλιν
2390 4763 2554 4832 φησὶν
2578 4767 2606 4818 ό
2633 4765 2833 4836 Μάμεδ
2859 4783 2872 4795 ο
2910 4770 2944 4840 ἡ
2995 4771 3184 4842 γραφὴ
3217 4772 3318 4842 τῆς
3363 4772 3657 4842 τραπέζης
3687 4792 3700 4804 ·

2116 4852 2263 4922 λέγει
2292 4853 2348 4907 δὲ
2377 4856 2457 4908 ὅτι
2484 4857 2512 4908 ὁ
2533 4856 2770 4925 Χριστὸς
2794 4858 3039 4930 ᾐτήσατο
3085 4863 3236 4934 παρά
3265 4863 3360 4916 τοῦ
3392 4863 3528 4917 Θεοῦ
3563 4867 3704 4935 τρα-

2117 4947 2312 5014 πεζαν,
2335 4947 2430 5000 καὶ
2462 4947 2619 5020 ἐδόθη
2645 4949 2812 5021 αὑτῷ.
2855 4951 2915 5006 ’0
2967 4953 3076 5024 γὰρ
3109 4955 3262 5021 Θεὸς,
3320 4957 3508 5028 φησιν.
3543 4954 3708 5012 εἶπεν

2117 5037 2291 5107 αὐτῷ,
2339 5039 2422 5092 ὅτι
2461 5057 2478 5090 ι
2519 5039 2739 5096 Δέδωκά
2790 5060 2872 5095 σοι
2923 5047 3018 5100 καὶ
3076 5051 3190 5115 τοῖς
3245 5051 3358 5114 σοῖς
3413 5050 3709 5122 τράπεζαν

2116 5127 2412 5200 ἄφθαρτον.

2184 5231 2212 5258 ιι
2241 5221 2410 5276 Πάλιν
2430 5223 2647 5294 γραφὴν
2707 5225 2947 5280 Βοῖδιόυ
2977 5237 3025 5292 ο,
3062 5234 3156 5284 καὶ
3189 5231 3326 5285 ἄλλα
3352 5235 3477 5288 τινὰ
3529 5235 3706 5308 ληρή-

2111 5327 2260 5381 ματα
2289 5309 2441 5379 λέγει
2470 5311 2704 5380 γέλωτος
2735 5314 2882 5383 ἀξια,
2912 5317 2948 5372 ἀ
2969 5318 3061 5372 διὰ
3091 5320 3153 5373 τὸ
3174 5321 3379 5394 πλῆθος
3409 5325 3706 5398 παραδρα-

1715 5488 1949 5545 VAle
1990 5489 2396 5547 LECTIONES.

501 5618 526 5659 κ
568 5617 659 5676 Sic
680 5621 816 5692 Reg.
845 5622 1008 5678 2508.
1067 5621 1158 5677 Sic
1206 5631 1442 5680 etvetus
1479 5625 1750 5692 interpres
1781 5627 1886 5680 etsi
1897 5627 2101 5680 'vinum
2132 5640 2153 5679 :
2187 5628 2278 5681 alii
2329 5632 2444 5686 καί.

432 5692 1044 5762 vctusinterpres-vobis
1081 5709 1099 5746 :
1127 5694 1237 5756 alii,
1277 5695 1451 5762 ὑμῶν.
1527 5705 1554 5732 ιι

1642 5696 2069 5782 u'cusque-codd.
2096 5696 2252 5782 Regii.
2285 5698 2430 5782 ψει)
2459 5711 2515 5757 et
2540 5704 2700 5770 '52.“,
2739 5722 2804 5782 ac
2835 5719 2992 5763 vetus
3017 5711 3256 5782 interpr.

2527 5631 2836 5708 {3.2503
2863 5637 2973 5694 διά.
3051 5652 3092 5679 ω
3121 5640 3214 5696 Sic
3277 5643 3342 5699 ιι.
3383 5645 3546 5702 2508.
3599 5647 3702 5708 Sic

3339 5723 3363 5749 “
3387 5719 3524 5772 Cod.
3550 5721 3698 5790 Aug.

429 5757 690 5817 κυνιδίου.
723 5757 956 5832 ,Νιιιιυιιι
985 5763 1259 5834 ejusmodi
1293 5757 1453 5822 titulo
1485 5773 1652 5836 caput
1679 5757 2004 5837 inscriptum
2028 5757 2208 5825 exstat
2239 5768 2297 5824 in
2334 5757 3256 5840 Alcoranotsevd'sccu—nd-um'erst'
3277 5757 3696 5856 οιιιιῖῖίηιῖαξιῖὶὲξ
