3962 6320
280 329 383 393 777

1454 314 1551 372 DE
1576 310 2024 372 IIzEllESlBUS
2059 312 2305 369 LIBER.

3408 315 3513 376 7'78

269 431 392 496 λους
419 429 837 501 διαφερόμενοι·
866 425 1185 498 πολυσχιδὲς
1232 426 1343 495 γὰρ
1386 425 1448 478 τὸ
1482 424 1675 494 ψεῦδος
1699 422 1841 493 ’τῆς

1967 421 2275 476 uultiﬁdum
2312 420 2661 477 mendacium
2686 420 2818 492 est),
2851 420 3232 477 ecclesiastica
3263 436 3516 478 commu~

270 520 731 592 ὲκκλησιαστικῆς
759 518 1045 583 κοινωνίας
1071 517 1403 580 ἀποστάντες
1430 518 1531 587 τὴν
1561 513 1843 585 ἀκρίϐειαν

272 612 677 683 ὑποκρίνονται,
739 609 899 673 ἄλλος
962 609 1127 663 ἄλλου
1205 608 1470 679 κρείττων
1532 605 1845 661 δείκνυσθαι

273 704 550 761 σπεύδων*
574 704 623 756 οί
661 701 760 773 μὲν
794 700 935 755 θεῖον
986 700 1269 770 βάπτισμα
1309 700 1370 753 οὑ
1418 698 1685 768 δέχονται,
1720 695 1845 749 οὔτε

270 799 367 868 τῆς
406 796 557 859 θείας
587 794 873 856 κοινωνίας
909 793 1259 863 μετέχουσιν·
1291 792 1472 864 ἕτεροι
1512 790 1569 844 δὲ
1596 789 1715 843 οὐδὲ
1748 788 1848 840 τύ-

273 906 374 941 πον
397 886 491 941 τοῦ
521 885 705 956 τιμίου
729 881 962 954 σταυροῦ
994 883 1191 937 νεωστὶ
1238 880 1781 945 κατασκευασθέντα,
1812 880 1845 949 ἢ

275 978 479 1048 σεπτὴν
509 976 695 1030 εἰκόνα
724 972 1081 1038 ἀσπάζονται,
1116 973 1210 1025 καὶ
1238 970 1595 1042 ὑπερανέχειν
1633 968 1849 1022 πάντων

272 1066 577 1138 ἀνθρώπων
603 1064 864 1135 οἰόμενοι,
891 1061 953 1115 τὸ
976 1061 1206 1134 ἔσχατον
1234 1062 1344 1117 τῶν
1383 1060 1589 1125 κακῶν»,
1620 1059 1847 1113 καθόλου

273 1160 426 1232 ἱερέα
461 1159 523 1212 οὑ
559 1156 829 1227 δέχονται,
884 1153 1001 1209 ἀλλ’
1038 1156 1096 1208 ὲν
1147 1153 1436 1225 ὑποκρίσει
1489 1151 1847 1222 ψευδολόγων,

273 1246 817 1322 κεκαυτεριασμὲνην
856 1244 954 1316 τὴν
984 1244 1120 1299 ἰδίαν
1150 1244 1456 1314 συνείδησιν
1496 1242 1731 1312 ἔχοντες,
1759 1241 1849 1292 λο-

275 1341 610 1412 γομαχοῦσιν
638 1340 718 1401 εἰς
744 1338 897 1392 οὐδὲν
934 1336 1226 1409 χρήσιμον,
1284 1334 1463 1400 ξύλον,
1511 1335 1721 1405 χόρτον,
1749 1349 1851 1387 κα-

275 1436 476 1505 λάμην,
506 1431 576 1485 τὰ
608 1430 703 1485 τοῦ
734 1429 954 1484 αἰωνίου
998 1428 1171 1498 πυρὸς
1214 1426 1685 1497 ὑπερεκκαὺματα
1721 1425 1851 1477 ἐαυ-

274 1528 387 1589 τοῐς
418 1521 860 1593 θησαυρίζοντες.
900 1520 1012 1574 Καὶ
1053 1518 1279 1573 ἀπέστω
1310 1518 1371 1583 ἐξ
1402 1519 1519 1571 ἴσου
1551 1517 1646 1571 καὶ
1681 1517 1714 1586 ἡ
1745 1515 1853 1569 τῶν

274 1612 705 1667 εἰκονοκλαστῶν
750 1608 1029 1680 παροινία,
1079 1608 1176 1661 καὶ
1231 1609 1265 1677 ὴ
1318 1607 1427 1660 τῶν
1482 1604 1852 1676 Ἀποσχιστῶν

277 1700 694 1774 παραφροσύνη,
725 1700 795 1754 τὰ
847 1701 911 1754 ὲκ
939 1698 1234 1771 διαμέτρου
1280 1696 1429 1753 κακὰ
1471 1697 1565 1752 καὶ
1614 1696 1851 1766 ὁμότιμα

277 1798 376 1869 τὴν
403 1794 678 1852 ἀσέϐειαν.

347 1979 459 2035 Καὶ
518 1974 682 2036 αὗται
711 1976 809 2047 μὲν
838 1975 1077 2045 αίρὲσεις
1098 1979 1160 2033 αἱ
1178 1976 1584 2047 προγραφείσαι
1604 1974 1850 2045 ἐγράφη-

284 2096 384 2133 σαν
410 2074 536 2129 κατ’
567 2071 830 2143 ἐπιτομὴν
860 2070 948 2124 διὰ
976 2069 1037 2123 τὸ
1079 2064 1217 2121 εἶναι
1261 2065 1464 2129 ταύτας
1506 2065 1613 2118 τῶν
1647 2065 1851 2118 λοιπῶν

280 2169 628 2239 γεννητικὰς,
652 2164 773 2218 ἐπεὶ
794 2160 965 2217 πᾶσαί
987 2162 1091 2213 εἱσι
1119 2159 1212 2213 τὸν
1267 2158 1498 2229 ἀριθμὸν
1532 2164 1598 2225 ρ’,
1649 2158 1854 2210 τούτων

280 2258 555 2322 ἁπάντων,
583 2255 770 2325 ὥσπερ
812 2252 918 2306 τῶν
954 2250 1180 2321 βόθρων,
1216 2250 1249 2319 ἡ
1284 2249 1415 2316 ἁγία
1464 2249 1557 2302 καὶ
1595 2248 1856 2327 καθολικη

294 2348 596 2419 Ἐκκλησία
624 2345 989 2415 ἐκφεύγουσα,
1021 2343 1118 2396 καὶ
1160 2342 1266 2395 ὑπὸ
1307 2341 1406 2411 τῆς
1440 2341 1602 2407 ἁγίας
1630 2341 1859 2411 Τριάδος

284 2439 669 2511 σεσοφισμένη,
696 2436 1001 2491 ἐκδιδάσκει
1035 2433 1210 2507 ὀρθῶς
1235 2450 1294 2487 τε
1332 2434 1425 2486 καὶ
1455 2432 1719 2496 εὐσεϐῶς,
1756 2433 1859 2486 καὶ

284 2534 422 2603 βοᾷ’
453 2529 789 2600 Πιστεύομεν
844 2530 924 2590 είς
991 2524 1214 2596 Πατέρα
1249 2525 1345 2578 καὶ
1379 2522 1506 2576 Υἱὸν
1555 2524 1653 2577 καὶ
1703 2525 1859 2593 ἅγιον

285 2624 532 2694 Πνεῦμα,
558 2625 615 2675 ὲν
657 2621 837 2693 τρισὶν
858 2618 1189 2672 ὑποστάσεσι
1239 2616 1369 2687 μίαν
1416 2616 1678 2686 Θεότητα,
1728 2616 1860 2686 μίαν

285 2717 528 2786 θέλησιν,
555 2714 837 2785 ἐνέργειαν
893 2711 1043 2781 μίαν,
1071 2710 1164 2762 καὶ
1195 2709 1397 2779 ὁμοίως
1422 2709 1480 2761 ὲν
1509 2709 1656 2778 τρισὶ
1693 2726 1862 2780 προσ-

284 2807 478 2869 ὡποις,
513 2804 805 2876 ἀσώματον
834 2802 1051 2871 σοφίαν,
1084 2800 1359 2866 ἄκτιστον,
1400 2800 1686 2863 ἀθάνατον,
1730 2801 1862 2854 ἀκα-

284 2897 560 2967 τάληπτον
580 2936 596 2959 ,
660 2894 892 2963 ἄναρχον
912 2934 927 2958 ,
983 2893 1241 2963 ἀκίνητον
1265 2932 1279 2956 ,
1339 2892 1526 2962 ἀπαθῆ
1547 2932 1561 2956 ,
1615 2892 1818 2945 ἄποσον
1842 2933 1856 2957 ,

285 2988 499 3053 ἄποιον,
563 2987 822 3056 ἄρῤητον,
879 2984 1164 3053 ἄτρεπτον,
1228 2983 1606 3048 ἀναλλοίωτον,
1656 2983 1852 3054 ἀπερί-

286 3095 553 3148 γραπτον,
572 3077 844 3147 ὁμόδοξον,
862 3074 1094 3143 ὁμοδύνα
1103 3089 1221 3143 μον,
1243 3073 1376 3143 ὁμόθ
1386 3090 1559 3143 ρονον,
1587 3074 1856 3144 ίσοσθενῆ,

1947 513 2114 567 nione
2152 513 2377 577 relicta,
2424 521 2676 567 exactam
2732 512 3083 582 disciplinam
3159 513 3516 579 simulantes,

1947 603 2090 659 alius
2121 604 2230 658 alio
2257 602 2454 658 melior
2480 616 2746 673 apparere
2789 603 3012 675 satagit.
3055 602 3292 670 Quidam
3323 616 3515 661 eorum

1947 712 2165 752 sacrum
2201 696 2473 766 baptisma
2500 710 2609 751 non
2646 696 2963 760 admittunt,
2996 713 3096 752 nec
3127 697 3326 754 divina:
3366 713 3519 754 com—

1948 789 2229 844 munionis
2259 787 2559 860 participes
2591 786 2747 842 ﬁunt.
2782 788 2887 842 Alii
2936 803 3113 858 neque
3141 790 3369 861 figuram
3395 808 3521 861 pre-

1949 882 2103 936 tiosa;
2161 880 2318 949 117
2369 879 2556 935 crucis
2613 892 2810 935 recens
2856 893 3199 949 expressam,
3232 889 3326 936 aut
3357 897 3519 937 renc-

1951 968 2175 1023 randam
2228 968 2529 1039 quamlibet
2584 968 2878 1037 imaginem
2930 969 3219 1025 salutant:
3267 981 3321 1037 et
3374 974 3518 1041 quod

1950 1069 2255 1115 extremum
2307 1059 2578 1113 malorum
2633 1069 2740 1123 est,
2792 1074 2917 1113 cum
2961 1060 3283 1128 cunctisse
3329 1070 3524 1130 putent

1955 1154 2314 1219 antecellere,
2369 1152 2711 1209 sacerdotem
2753 1151 3045 1221 ncquidcm
3092 1152 3392 1222 rccipiunt,
3426 1156 3520 1209 sed

1952 1243 2302 1298 mendacium
2338 1257 2513 1309 more,
2544 1258 2641 1312 per
2683 1242 3003 1309 simulatam
3035 1244 3256 1298 virtutis
3283 1245 3522 1313 speciem

1953 1336 2319 1390 cauteriatam
2359 1335 2761 1391 conscientiam
2803 1335 3093 1401 habentes,
3119 1336 3184 1392 ad
3226 1337 3362 1409 nihil
3388 1337 3527 1403 utile

1954 1428 2140 1483 verbis
2182 1427 2559 1494 contendunt;
2609 1428 2704 1485 sed
2737 1428 2967 1499 lignum,
2995 1429 3205 1493 fenum,
3245 1428 3525 1499 stipulam,

1953 1518 2141 1573 aeterni
2193 1518 2337 1588 ignis
2384 1517 2624 1573 fomitem
2673 1518 2782 1574 sibi
2824 1520 3217 1575 thesaurizant.
3258 1521 3525 1575 Caeterum

1954 1610 2019 1665 ex
2082 1626 2239 1680 aequo
2276 1611 2443 1677 absit,
2491 1626 2616 1665 cum
2666 1611 3137 1668 lconoclastarum
3189 1612 3367 1679 furor,
3412 1622 3527 1666 tum

1954 1701 2415 1771 Aposchis'arum
2460 1703 2735 1768 amentia;
2771 1718 2891 1772 qua:
2922 1703 3144 1772 quidem
3190 1719 3219 1759 e
3258 1704 3529 1760 diametro

1963 1797 2213 1864 Opposita
2246 1803 2398 1860 sunt,
2440 1804 2495 1849 at
2529 1796 2805 1865 impietate
2836 1798 3011 1866 paria.

2032 1977 2312 2047 Epilogus.
2338 2006 2407 2017 -—
2428 1977 2609 2047 Atque
2643 1978 2728 2032 ha:
2759 1993 2898 2048 quas
2933 1979 3200 2037 hactenus
3224 1980 3531 2035 delincari-

1963 2087 2085 2126 mus
2152 2072 2415 2137 haereses,
2450 2072 2773 2141 compendio
2823 2073 3114 2141 descriptae
3165 2073 3408 2139 fuerunt,
3463 2089 3532 2128 ex

1958 2165 2163 2233 quibus
2193 2165 2417 2233 reliqum
2474 2173 2607 2219 sunt
2651 2165 2970 2234 progenitas.
3021 2164 3166 2220 Sunt
3213 2181 3380 2235 porro
3420 2182 3528 2219 nu-

1959 2270 2110 2311 mero
2155 2264 2402 2321 centum,
2443 2272 2473 2309 a
2505 2256 2743 2325 quibus,
2776 2256 2942 2310 veluti
2977 2255 3157 2313 foveis
3186 2266 3239 2312 et
3284 2258 3533 2327 prmcipi-

1958 2346 2072 2412 tiis,
2114 2356 2312 2402 sancta
2357 2355 2414 2401 et
2466 2346 2744 2400 catholica
2800 2345 3049 2401 Ecclesia
3094 2347 3334 2417 fugiens,
3371 2347 3531 2416 juxta

1959 2452 2025 2493 ac
2054 2452 2084 2491 a
2120 2437 2479 2494 sanctissima
2513 2435 2791 2491 Trinitatc
2837 2436 3056 2491 erudita
3087 2447 3195 2500 est,
3224 2445 3377 2492 recte
3416 2438 3533 2506 pic-

1959 2545 2067 2598 que
2106 2528 2268 2584 docet
2302 2538 2357 2584 et
2382 2528 2586 2584 clamat
2614 2547 2625 2581 :
2655 2528 2946 2582 Credimus
2976 2529 3031 2581 in
3072 2528 3310 2595 Patrem,
3353 2537 3407 2583 et
3443 2527 3533 2581 Fi-

1960 2620 2118 2684 lium,
2151 2629 2205 2675 et
2243 2620 2513 2691 Spiritum
2551 2626 2838 2685 sanctum,
2892 2634 3057 2673 unam
3111 2620 3166 2673 in
3220 2620 3401 2675 tribus
3437 2619 3536 2691 hy-

1962 2713 2286 2783 poslasibus
2316 2712 2588 2767 Dcitatem
2610 2752 2624 2775 ,
2651 2713 2991 2765 voluntatem
3023 2725 3187 2764 unam
3210 2750 3224 2776 ,
3256 2712 3535 2766 actionem

1964 2820 2154 2869 unam,
2209 2818 2373 2859 unam
2406 2816 2459 2859 ct
2494 2804 2549 2856 in
2602 2803 2782 2857 tribus
2836 2816 2903 2857 ex
2930 2817 3092 2871 :equo
3144 2800 3400 2871 personis
3442 2817 3535 2856 sa-

1962 2897 2228 2966 pientiam
2271 2894 2705 2964 incorporalem,
2754 2892 3084 2955 increatam,
3133 2894 3534 2959 immortalem,

1964 2985 2605 3056 incomprehensibilem,
2659 2982 2779 3039 sine
2832 2982 3108 3052 principio
3174 2982 3535 3045 immobilem,

1968 3079 2080 3147 pati
2114 3077 2381 3138 nesciam,
2407 3076 2525 3131 sine
2560 3074 2891 3145 quantitate,
2917 3075 3039 3130 sine
3078 3073 3367 3144 qualitate,
3398 3075 3540 3131 inef-

289 3173 506 3241 ίσοφυῆ,
536 3168 881 3240 ὑπεροὺσιον,
924 3168 1287 3237 ὑπεράγαθον,
1331 3166 1627 3235 τρισαυγῆ,
1666 3167 1859 3236 τρισή-

1969 3168 2193 3222 fabilem
2218 3205 2234 3231 ,
2282 3167 2679 3221 immutabilem
2702 3206 2717 3231 ,
2778 3165 3161 3220 invariabilem
3184 3205 3198 3229 ,
3256 3166 3540 3221 incirtun-

287 3265 420 3323 λιον,
456 3260 758 3329 τριλαμπῆ.
797 3258 915 3321 Φῶς
959 3259 987 3309 ὁ
1028 3256 1239 3327 Πατὴρ,
1272 3257 1387 3325 φῶς
1415 3258 1443 3308 ὁ
1472 3256 1619 3319 Υἱὸς,
1650 3256 1763 3324 φῶς
1795 3258 1855 3310 τὸ

290 3353 515 3422 Πνεῦμα
568 3352 629 3403 τὸ
659 3349 846 3417 ἅγιον
913 3348 1072 3415 σοφία
1119 3349 1147 3400 ὁ
1202 3346 1411 3416 Πατὴρ,
1447 3346 1606 3415 σοφία
1646 3348 1675 3399 ὁ
1704 3347 1852 3411 Υἱὸς,

289 3444 453 3513 σοφία
487 3442 548 3494 τὸ
574 3439 797 3510 Πνεῦμα
822 3439 883 3492 τὸ
929 3439 1083 3507 ἆγιον
1106 3454 1120 3468 ⁸
1162 3432 1241 3501 εἷς
1294 3436 1445 3500 Θεὸς,
1479 3437 1571 3490 καὶ
1607 3437 1668 3490 οὑ
1706 3441 1854 3509 τρεῖς

288 3535 436 3589 θεοί·
460 3528 545 3593 εἷς
573 3532 772 3603 Κύριος
800 3533 834 3602 ἡ
867 3531 996 3598 ἁγία
1031 3528 1200 3599 Τριὰς
1230 3529 1286 3579 ἐν
1318 3526 1496 3597 τρισὶν
1524 3527 1852 3582 ὑποστάσεσι

1960 3260 2228 3328 scriptam
2256 3300 2271 3323 ,
2310 3257 2541 3327 aequalis
2597 3257 2824 3326 glorize,
2864 3258 3156 3326 potentia),
3194 3258 3538 3327 niajcSIatis,

1959 3350 2225 3416 virtutis,
2277 3357 2532 3414 naturae,
2584 3348 2896 3404 substantia
2958 3358 3013 3403 ct
3068 3350 3319 3406 bonitate
3374 3351 3542 3417 longe

1959 3440 2259 3509 maiorem,
2297 3440 2505 3508 triplici
2540 3439 2874 3510 splendore,
2910 3439 3120 3508 triplici
3157 3441 3297 3505 sole,
3332 3441 3539 3510 triplici

1965 3532 2179 3602 fulgore
2210 3529 2541 3586 radiantem.
2588 3530 2798 3586 Lumen
2839 3539 2925 3586 est
2970 3530 3156 3597 Pater,
3195 3532 3383 3586 lumen
3442 3530 3537 3584 Fi-

1832 3706 2059 3763 NOTAE.

287 3826 698 3895 impellerentur,
729 3831 1157 3895 cogerenturque,
1176 3830 1315 3895 itam‘
1331 3822 1617 3895 violentum
1648 3820 1855 3887 {acinus

288 3888 505 3967 aggredi
561 3888 865 3948 renuebant.
919 3888 1123 3967 Malum
1173 3891 1315 3945 istud
1369 3888 1647 3967 cunt_inde
1673 3898 1855 3967 natum

288 3960 447 4030 esset,
468 3977 524 4029 ,et
555 3967 877 4025 increvisset,
919 3964 972 4016 in
1003 3962 1293 4016 Romanum
1333 3960 1552 4030 subinde
1582 3960 1856 4027 imperium

289 4029 595 4107 grassatum
642 4045 716 4087 est
740 4052 757 4099 ;
802 4032 1173 4107 cujusulabcni,
1194 4047 1321 4107 Δηοιι
1348 4032 1410 4083 de
1438 4029 1590 4095 rulgo
1619 4029 1859 4107 quidam,

291 4101 379 4160 sed
438 4107 645 4174 ipsimet
699 4104 984 4174 sacerdotii
1030 4103 1293 4174 principes
1357 4101 1865 4174 exceperunt,__qui

290 4169 532 4245 pastores
580 4175 789 4241 quidem
841 4169 1105 4234 audirent,
1145 4172 1254 4245 lupi
1292 4186 1409 4223 vero
1442 4184 1559 4221 cum
1606 4169 1863 4245 moribus,

296 4236 407 4298 tum
440 4236 604 4297 animi
633 4244 932 4296 inductione
957 4252 1144 4295 essent.
1174 4240 1219 4293 E
1249 4255 1469 4309 quarunt
1500 4253 1717 4290 numero
1748 4236 1866 4309 illas

293 4317 442 4369 colia’
490 4315 760 4382 episcopus
808 4313 1033 4365 exstitit.
1088 4309 1231 4382 Nunt
1261 4307 1377 4382 cum
1408 4308 1735 4382 eadentqua:
1765 4307 1867 4382 _Dei

291 4388 466 4439 hostes
507 4377 759 4437 sentirent
798 4392 849 4436 et
890 4390 1123 4451 agerent,
1168 4379 1462 4451 Ecclesium
1500 4377 1610 4451 pri
1656 4378 1863 4451 probris

293 4464 649 4523 asperserttnt.
678 4454 841 4523 Quem
873 4447 988 4505 vero
1019 4452 1175 4519 ﬂuent
1212 4448 1593 4523 Ilebra’usille‘
1616 4447 1865 4501 scelestus

292 4518 382 4594 qui
418 4523 546 4576 mali
594 4534 777 4577 auctor
817 4518 1025 4594 fuerat,
1051 4529 1235 4594 nactus
1267 4520 1366 4594 sit,
1416 4518 1652 4594 silcittio‘
1676 4534 1873 4594 nequa-

290 4585 451 4664 quam
485 4595 568 4659 fas
600 4605 674 4648 est
704 4585 1120 4664 prmtermittere.
1174 4589 1452 4641 Enimvero
1496 4585 1716 4639 Jezidus
1760 4586 1868 4645 ille,

291 4662 411 4716 eum
460 4664 600 4717 ultra
645 4662 909 4715 biennium
961 4671 1010 4712 et
1063 4675 1259 4711 menses
1310 4674 1399 4710 sex
1451 4667 1709 4723 superstes
1771 4671 1872 4706 non

292 4738 506 4801 luisset,
562 4733 697 4786 male
752 4731 928 4798 periit.
986 4728 1159 4796 Hujus
1196 4744 1310 4781 vero
1355 4725 1520 4801 ﬁlius,
1549 4726 1636 4778 cui
1685 4741 1871 4801 nomen

296 4796 458 4857 [lida
485 4815 621 4862 erat,
654 4803 704 4855 in
744 4796 1020 4869 paternum
1066 4815 1282 4866 regnum
1325 4797 1626 4869 succedens,
1661 4796 1869 4869 prtcsti-

291 4876 550 4941 giatorem
583 4865 833 4941 tanquam
864 4869 1033 4941 patris
1065 4865 1405 4941 seductorem_
1444 4865 1788 4941 acerbissima
1814 4874 1869 4941 et

293 4934 663 4995 crudelissima
688 4934 879 4992 'morte
918 4938 1139 4990 multari
1183 4936 1461 5002 pra'cepit,
1498 4951 1598 5001 quo
1630 4934 1873 5002 nequitia:

292 5013 556 5081 condigna
587 5011 808 5079 prmmia
839 5016 1148 5081 reportaret.
1185 5006 1312 5059 Mox
1350 5020 1440 5071 per
1469 5004 1735 5081 Orientem
1770 5002 1875 5081 Ec-

292 5073 731 5136 clesia'ornutum
760 5073 1041 5145 resumpsit
1084 5092 1260 5136 suum,
1289 5087 1337 5127 et
1370 5073 1873 5145 sucrarum_imagi-

293 5168 420 5206 num
476 5142 1185 5210 instaurationemiaccepit.
1240 5146 1372 5199 Cum
1425 5154 1599 5197 autem
1654 5142 1874 5209 hujusce

293 5221 675 5275 amaritudinis
710 5218 869 5272 radix
907 5218 959 5270 in
992 5215 1261 5283 republica
1289 5216 1526 5268 Romana
1552 5214 1666 5280 jam
1706 5212 1874 5283 pinsita

289 5302 454 5351 esset,
491 5307 609 5345 eum
640 5288 861 5344 subinde
894 5289 1188 5355 occupavit,
1218 5287 1306 5355 qui
1337 5296 1458 5337 tunc
1491 5282 1750 5355 temporis
1772 5282 1875 5333 im-

290 5364 501 5431 perium
541 5363 767 5414 tenebat.
816 5351 1068 5431 Miserat
1107 5351 1548 5431 Leo'nomineuet
1575 5351 1869 5431 nitoribus,

287 5422 381 5499 ἓιηί
412 5433 663 5501 quoniam
694 5428 1054 5501 consimilibus
1078 5443 1137 5478 ac
1169 5425 1428 5478 barbarus
1456 5423 1546 5477 ille
1567 5422 1798 5501 luxuria:
1824 5430 1872 5474 et

290 5491 534 5555 libidinis
583 5500 813 5553 stimulis
852 5496 1214 5566 pangebatur,
1256 5512 1356 5565 quo
1406 5510 1531 5566 erga
1580 5491 1872 5566 Ecclesium

287 5572 478 5641 {tirore
514 5572 740 5639 percitus
768 5563 902 5641 erat,
929 5563 1569 5641 divinorunrtemplorunm
1607 5563 1874 5641 destruere

284 5632 536 5710 picturas
576 5640 802 5693 studuit.
864 5637 1031 5710 Cujus
1079 5632 1435 5710 principatum
1490 5632 1871 5710 Constantinus

292 5705 446 5773 titius
494 5710 835 5767 successionis
872 5709 998 5777 jure
1042 5717 1286 5773 captans,
1337 5706 1581 5772 infestant
1619 5705 1869 5757 adversus

664 5805 933 5865 Parnm.
975 5801 1092 5859 (in.
1136 5798 1331 5860 XCIV.

1964 3822 2175 3888 pietatis
2211 3822 2453 3874 alumnos
2479 3820 2668 3875 bellum
2696 3821 2965 3875 excitavit.
2999 3820 3268 3891 Synodunt
3302 3820 3539 3890 nefario-

1967 3907 2081 3972 rum
2112 3891 2446 3972 sacerdotum
2470 3892 2658 3972 coegit,
2690 3901 2738 3972 et
2757 3893 2974 3960 impium
2995 3892 3410 3972 irreligiosilat‘is
3432 3908 3542 3948 sua:

1965 3960 2229 4014 decretum
2257 3961 2443 4026 edixit,
2475 3969 2532 4013 ut
2561 3960 2815 4030 imagines
2848 3977 3016 4015 sacra:
3035 3977 3098 4015 ea:
3129 3960 3235 4015 toto
3268 3963 3543 4031 auferren-

1964 4040 2069 4101 tur,
2106 4032 2294 4099 quique
2332 4048 2419 4084 eas
2451 4032 2759 4091 adorarent,
2792 4032 2871 4083 vel
2898 4047 2991 4099 pro
3020 4048 3203 4085 earum
3236 4034 3542 4101 defensione

1962 4100 2117 4154 verba
2149 4102 2405 4169 facerent,
2435 4100 2569 4155 diris
2609 4103 2933 4154 cruciatibus
2981 4110 3030 4154 et
3070 4102 3238 4171 plagis
3285 4100 3541 4156 vexaren-

1965 4181 2072 4232 tur,
2110 4188 2171 4225 ac
2203 4174 2248 4226 si
2281 4172 2389 4223 illis
2439 4172 2596 4223 veluti
2635 4171 2739 4224 diis
2789 4171 3155 4225 adorationent
3208 4172 3539 4226 adhiberent.

1967 4240 2189 4308 Insuper
2233 4251 2283 4295 et
2332 4256 2543 4292 sacrant
2594 4243 2901 4295 monastira:
2933 4243 3052 4295 vita:
3086 4243 3389 4294 institutum
3420 4258 3542 4306 pro-

1966 4310 2240 4380 cnlabigi,
2272 4311 2556 4380 haberique
2600 4310 2851 4368 ludibrio.
2889 4321 3044 4379 atque
3092 4311 3402 4375 monachos,
3446 4327 3542 4364 aut

1970 4391 2155 4433 vestem
2182 4393 2407 4441 mutare,
2443 4391 2533 4432 aut
2568 4382 2726 4433 variis
2754 4383 3023 4449 suppliciis
3052 4381 3248 4435 addici.
3290 4400 3308 4431 ι

2051 4450 2176 4504 Πιοο
2218 4466 2445 4517 prorsus
2489 4451 2794 4503 conformia
2852 4459 2980 4504 sunt
3036 4452 3333 4505 narrationi
3378 4466 3545 4520 quam

1978 4519 2219 4574 Joannes
2280 4520 2815 4589 [liernsolytnitanns
2868 4524 3193 4585 monachus,
3246 4519 3461 4575 actione
3513 4522 3547 4573 5

1981 4589 2174 4659 synodi
2222 4591 2485 4657 septimae,
2516 4605 2700 4642 coram
2740 4592 2999 4645 l’atrihus
3050 4592 3315 4655 recitavit,
3351 4606 3548 4659 qnam-

1980 4658 2087 4719 que
2122 4660 2354 4712 scorsim
2383 4658 2698 4722 ediderunt,
2723 4675 2846 4713 cum
2890 4658 3379 4714 continuatur-ibus
3400 4660 3544 4713 Hist.

1977 4729 2284 4799 Byzantium
2322 4738 2445 4797 post
2484 4725 2898 4799 Theophanem.
2936 4730 3074 4796 Quia
3109 4746 3237 4782 vero
3275 4730 3547 4783 Catholici

1980 4798 2377 4869 contenderant
2419 4799 2644 4852 minime
2696 4798 2852 4853 nefas
2897 4816 3019 4854 esse
3066 4800 3267 4853 Christi
3298 4800 3548 4869 corporis

1980 4868 2245 4940 efﬁgiem,
2281 4878 2341 4921 ut
2387 4878 2442 4923 et
2489 4869 2719 4924 alterius
2774 4870 3065 4940 cujuslibet
3101 4870 3339 4923 hominis
3364 4871 3548 4939 exprio

1981 4937 2149 5003 mere,
2206 4937 2592 5008 Copronymus
2636 4955 2760 4992 cum
2816 4937 2934 4994 suis
2976 4940 3192 4993 Domini
3229 4937 3550 5007 corpusin-

1981 5009 2465 5078 circumscriptum
2505 5009 2789 5064 exstitisse
2838 5012 3147 5074 allii-movit,
3184 5009 3551 5077 adductisque

1981 5078 2033 5149 in
2064 5079 2206 5149 hanc
2231 5094 2345 5131 rem
2376 5079 2597 5149 Eusebii
2625 5078 3003 5149 Cmsariensis,
3042 5080 3350 5149 Epiphanii,
3373 5080 3551 5133 Theo-

1981 5147 2094 5202 doti
2135 5148 2432 5217 Ancyrani,
2481 5148 2706 5201 Macarii
2755 5148 3021 5219 Magnetis
3069 5147 3403 5203 tit—aliorum
3440 5151 3552 5217 pri-

1982 5232 2200 5271 scorum
2251 5219 2433 5281 libris,
2464 5234 2493 5273 e
2524 5219 2728 5288 quibus
2759 5219 2809 5271 id
2857 5236 3049 5273 eruere
3080 5220 3404 5272 conabatur.
3440 5220 3551 5271 llas

1981 5288 2339 5358 auctoritates
2388 5303 2510 5342 cum
2562 5289 2794 5358 profano
2836 5289 3087 5357 dogmate
3155 5290 3385 5356 septima
3417 5305 3552 5357 syn-

1981 5359 2122 5413 odus
2152 5357 2310 5411 nihili
2343 5357 2572 5420 habuit:
2607 5368 2718 5411 tum
2764 5358 2962 5412 deinde
2994 5358 3162 5410 variis
3189 5359 3241 5410 in
3269 5360 3552 5411 Antirrhe-

1982 5429 2103 5481 ticis
2136 5427 2476 5496 Nicephorus
2499 5428 2607 5496 CP.
2642 5429 2885 5481 excussit
2911 5448 2923 5483 :
2960 5428 3117 5495 cujus
3145 5429 3359 5496 egregia
3387 5444 3552 5495 Opera

1981 5500 2065 5551 vir
2104 5495 2452 5567 pereruditus
2489 5495 2554 5551 [ἰ.
2594 5497 2653 5550 P.
2704 5497 2766 5550 1).
2804 5497 3095 5553 Anselmns
3130 5495 3443 5551 Bstnlnrius
3470 5513 3554 5548 ur-

1981 5569 2127 5622 dinis
2174 5567 2514 5640 Benedictini
2545 5569 2887 5640 inonachus,
2930 5569 3172 5639 mihique
3212 5567 3555 5640 conjunctis-

1983 5640 2175 5695 simus.
2216 5639 2418 5709 publici
2445 5638 2586 5706 juris
2613 5640 2853 5695 fat-turus
2885 5648 2987 5696 cst.

3134 5750 3200 5803 ἐκ
