3962 6320
445 296 553 365 ’ΠΟ

1630 287 1690 346 S.
1730 285 2052 348 IOANNIS
2087 285 2516 350 DAMASCENI

3593 302 3688 364 780

451 415 580 475 lius,
615 411 799 463 lumen
836 401 1081 475 Spiritus
1115 408 1365 456 sanctus.
1408 399 1690 470 Sapientia
1720 406 1807 454 est
1832 397 1996 453 Pater

2124 398 2499 471 γνωριζομένη
2528 415 2538 428 ·
2566 399 2758 471 Πατὴρ
2785 401 2814 454 6
2863 401 3054 472 Πατὴρ
3081 403 3176 456 καὶ
3214 403 3508 478 ἀγέννητος
3529 426 3543 442 ·
3573 412 3690 482 Υἱὸς

447 500 718 572 sapientia
755 495 948 559 Filius,
983 493 1257 564 sapientia
1296 491 1540 562 Spiritus
1564 499 1790 546 sanctus
1823 508 1837 544 :
1874 504 2019 543 unus

445 593 612 655 Deus,
650 597 706 645 et
734 603 846 642 non
879 595 990 641 tres
1032 585 1108 640 dii
1156 604 1169 640 :
1207 599 1356 639 unus
1404 581 1571 648 Deus,
1602 580 1854 636 Trinitas
1883 594 2016 635 san-

441 694 530 738 cta
565 695 687 753 quae
712 682 766 734 in
794 679 975 733 tribus
999 676 1255 747 personis
1290 682 1492 730 exstat.
1529 673 1693 729 Pater
1717 679 1802 728 est
1829 671 2014 736 Pater,

439 785 494 831 et
549 773 831 844 ingenitus
861 788 875 824 :
905 769 1078 823 Filius
1128 779 1217 824 est
1263 767 1462 833 Filius,
1501 767 1756 837 genitus,
1785 772 1840 821 et
1903 779 2013 820 non

441 866 758 938 ingenitus:
811 873 896 919 est
953 863 1101 917 enim
1155 877 1219 916 ex
1266 860 1447 916 Patre.
1488 857 1735 929 Spiritus
1781 867 2014 913 sanctus

437 958 664 1028 genitus
699 971 811 1011 non
845 963 955 1018 est,
991 953 1085 1009 sed
1126 953 1473 1024 procedens;
1518 953 1647 1020 quia
1697 959 1879 1006 estex
1911 949 2014 1004 Pa-

422 1058 548 1105 -tre.
580 1046 731 1102 Nihil
780 1057 1025 1101 creatum
1046 1087 1062 1114 ,
1117 1045 1253 1098 nihil
1287 1043 1840 1112 primo-secundum,
1872 1042 2012 1097 nihil

441 1139 926 1194 domino-servum
977 1155 990 1190 :
1050 1136 1143 1192 sed
1222 1134 1415 1191 Unitas
1470 1133 1826 1205 Trinitasque
1888 1143 2009 1198 est;

450 1232 565 1286 imo
595 1241 649 1285 et
686 1240 830 1295 erat,
882 1237 1089 1294 etest,
1135 1239 1188 1283 et
1219 1229 1324 1284 erit
1361 1229 1416 1282 in
1453 1227 1692 1290 saecula;
1731 1227 2008 1282 intellecta

425 1337 533 1392 per
564 1320 725 1375 ﬁdem
766 1327 821 1373 et
865 1317 1145 1372 adorata:
1204 1332 1300 1386 per
1353 1315 1538 1381 ﬁdem,
1593 1315 1842 1385 inquatn,
1899 1329 2008 1369 non

435 1411 822 1482 inquisitione,
859 1425 969 1464 non
1018 1407 1473 1476 investigatione,
1513 1421 1624 1460 non
1653 1406 2009 1460 demonstra-

435 1507 603 1560 tione.
642 1503 860 1570 Quanto
887 1501 1064 1572 magis
1092 1502 1239 1555 enim
1275 1499 1669 1569 investigatur,
1699 1505 1858 1552 tanto
1893 1513 2012 1551 ma-

433 1597 518 1667 gis
543 1597 852 1666 ignoratur,
889 1600 947 1648 et
977 1608 1086 1663 quo
1113 1591 1395 1646 curiosius
1435 1590 1756 1660 indagatur,
1794 1604 1858 1644 eo
1893 1603 2009 1642 ain--

433 1689 578 1758 plius
609 1687 993 1742 absconditur.
1033 1684 1321 1740 lncuriosa
1359 1682 1528 1753 igitur
1557 1681 1774 1736 ratione
1809 1681 2008 1736 adore-

417 1753 522 1833 tur
553 1787 607 1834 et
639 1779 904 1834 credatur
935 1792 964 1830 a
1003 1776 1258 1830 fidelibus
1294 1773 1461 1829 Deus.
1512 1773 1580 1827 Et
1616 1772 1840 1842 quidem
1876 1787 2000 1826 eum
2039 1753 2080 1808 Β

429 1873 485 1925 in
521 1873 702 1926 tribus
733 1885 858 1925 esse
887 1868 1273 1924 subsistentiis
1312 1867 1499 1922 crede.
1550 1866 1788 1932 Quinam
1822 1875 2004 1920 autem

428 1966 546 2033 ipse
583 1965 677 2030 sit,
713 1979 820 2018 non
847 1963 1116 2032 inquiras.
1150 1960 1227 2016 Ne
1266 1961 1411 2015 intra
1440 1959 1680 2030 teipsum
1747 1958 1957 2014 dixeris
1986 1975 1999 2012 :

423 2056 663 2112 Ubinam
697 2063 782 2110 est
829 2054 1010 2120 Deus;
1056 2053 1260 2122 ubique
1297 2051 1572 2122 siquidem
1610 2049 1755 2106 Dens
1784 2058 1890 2105 est.
1926 2048 2003 2105 Ne

431 2149 588 2201 dicas
619 2166 630 2198 :
657 2146 904 2212 Quonam
932 2145 1096 2199 modo
1123 2142 1528 2212 est?quoniam
1559 2142 2000 2197 exceditomnem
2049 2211 2058 2220 .

417 2239 666 2294 modum.
703 2239 846 2294 Deus
876 2239 1024 2292 enim
1051 2234 1444 2303 comprehendi
1478 2234 1694 2305 nequit.
1720 2232 1798 2290 Ne
1825 2234 1999 2300 dicas,

420 2330 728 2397 Quomodo
761 2329 1006 2384 Trinitas
1038 2327 1165 2383 est?
1211 2326 1346 2380 Nam
1379 2325 1624 2381 Trinitas
1666 2327 2002 2396 pervestiga-

424 2424 551 2478 hilis
581 2437 690 2476 non
728 2429 832 2477 est.
875 2420 931 2474 Si
965 2434 1097 2475 vero
1151 2418 1317 2474 Deum
1353 2417 1661 2472 studiosius
1703 2417 1994 2480 scruteris,

412 2513 662 2582 atcipsum
715 2510 849 2564 mihi
904 2510 1145 2580 primum
1200 2508 1479 2563 edisseras
1529 2505 1718 2570 velim,
1775 2513 1830 2560 et
1869 2520 1994 2575 qua:

421 2604 570 2656 circa
602 2609 654 2656 te
689 2609 840 2657 sunt.
876 2599 1015 2667 Quis
1046 2600 1244 2654 animae
1284 2610 1391 2654 tuae
1433 2597 1736 2653 exsistendi
1765 2597 2004 2652 modus?

420 2709 530 2763 quo
573 2701 736 2762 pacto
787 2708 942 2748 mens
993 2699 1088 2745 tua
1142 2691 1431 2745 movetur?
1481 2689 1709 2760 quinam
1761 2689 1992 2744 verbum

409 2783 684 2856 .gencras?
716 2799 823 2853 qua
855 2785 1069 2837 ratione
1101 2783 1352 2836 mortalis
1384 2781 1552 2835 simul
1574 2790 1740 2850 atque
1771 2779 1994 2834 immor-

422 2876 552 2930 talis
580 2875 682 2928 es?
711 2874 869 2939 Quod
897 2873 944 2928 si
983 2873 1098 2928 haec
1142 2887 1267 2942 quae
1292 2871 1438 2926 intra
1471 2878 1523 2925 te
1554 2879 1707 2937 sunt,
1748 2871 1993 2940 ignoras,

417 2967 701 3037 quomodo
739 2981 804 3022 ea
829 2979 952 3036 qua:
968 2965 1128 3019 caelis
1160 2962 1487 3018 sublimiora
1519 2970 1648 3017 sunt
1691 2961 1994 3032 anquirens

419 3073 529 3112 non
575 3055 901 3112 horrescis?
932 3055 1068 3110 Vita:
1115 3053 1322 3108 fontem
1388 3053 1610 3106 Patrem
1653 3053 1854 3124 cogita,
1900 3053 1992 3123 qui
2023 3104 2060 3124 η

419 3147 622 3203 Filium
655 3164 756 3203 ceu
801 3148 1026 3202 ﬂuvium
1066 3146 1370 3216 gignat;et
1419 3143 1587 3198 maris
1631 3143 1832 3210 instar,
1871 3141 1994 3213 Spi-

419 3242 587 3296 ritum
624 3247 908 3293 sanctum.
974 3239 1186 3291 Etenim
1249 3235 1395 3297 fons,
1453 3233 1680 3294 ﬂuvius.
1733 3241 1787 3287 ct
1843 3249 1994 3286 mare

418 3350 526 3388 una
563 3339 765 3387 natura
802 3337 954 3385 sunt.
997 3327 1219 3380 Patrem
1245 3325 1490 3378 radicem
1528 3333 1745 3392 reputa,
1778 3337 1990 3376 ramum

415 3427 641 3488 Filium,
679 3423 920 3480 fructum
961 3419 1124 3490 118
1152 3417 1424 3488 Spiritum
1463 3426 1739 3471 sanctum.
1773 3412 1906 3468 Nam
1937 3415 1990 3468 in

417 3519 598 3573 tribus
630 3515 756 3570 istis
790 3528 899 3568 una
937 3509 1252 3567 substantia
1291 3515 1400 3563 est.
1437 3506 1530 3561 Sol
1561 3514 1645 3561 est
1679 3505 1866 3566 Pater,
1894 3505 1988 3573 qui

414 3611 630 3665 radium
667 3607 832 3661 habet
861 3603 1090 3668 Filium,
1123 3601 1362 3656 calorem
1407 3597 1676 3668 Spiritum
1710 3607 1987 3650 sanctum.

413 3699 710 3770 Imaginem
773 3695 1122 3766 ﬁguramque
1197 3703 1419 3745 onmem
1483 3687 1730 3742 Trinitas
1798 3695 1988 3740 sancta

415 3791 572 3861 longe
601 3795 847 3859 superat.
883 3786 1021 3840 Cum
1077 3793 1295 3856 partum
1345 3779 1506 3834 audis
1537 3793 1604 3834 ex
1650 3777 1833 3844 Patre,
1863 3793 1989 3831 cor-

416 3885 657 3955 poraletn
707 3879 924 3934 cavesis
964 3891 1033 3932 ne
1065 3875 1348 3944 intelligas
1384 3890 1398 3926 :
1433 3870 1678 3926 Verbum
1727 3870 1985 3932 audiens,

413 3973 702 4044 corporale
739 3972 964 4026 verbum
995 3984 1064 4023 ne
1095 3963 1438 4036 suspiceris:
1482 3978 1584 4017 nec
1615 3961 1806 4016 audito
1861 3961 1986 4032 Spi-

404 4069 556 4122 ritus
587 4065 680 4128 Dei
717 4064 988 4120 vocabulo
1039 4067 1262 4115 ventum
1297 4065 1392 4111 aut
1440 4056 1719 4126 spiramen
1757 4055 1852 4110 tibi
1885 4055 1986 4108 tin-

408 4175 541 4229 gas;
585 4158 680 4214 sed
712 4157 830 4214 sola
863 4155 969 4208 lide
1021 4151 1159 4206 nihil
1203 4149 1462 4205 curiosus
1521 4146 1754 4218 gloriam
1787 4146 1980 4200 dicito.

403 4251 487 4304 Ex
519 4253 685 4304 rebus
716 4260 958 4316 namque
981 4243 1189 4299 creatis
1220 4241 1479 4296 conditor
1512 4247 1568 4295 ct
1602 4237 1786 4309 Opil’ex
1821 4237 1983 4292 intel-

407 4344 621 4414 ligitur.
670 4339 851 4396 Credo
899 4338 1128 4404 insuper
1166 4333 1262 4389 Dei
1302 4331 1422 4387 Filii
1464 4331 1518 4385 in
1556 4344 1724 4386 carne
1754 4328 1981 4398 dispen-

2119 491 2149 542 6
2187 489 2333 556 Υἱὸς,
2379 490 2636 562 γεννητὸς
2673 491 2770 546 καὶ
2808 493 2910 547 οὑκ
2971 494 3265 566 ἀγέννητος
3297 515 3309 527 ·
3365 500 3430 552 ὲκ
3486 500 3692 574 Πατρὸς

2119 584 2228 654 γάρ
2248 599 2262 613 ο
2299 582 2526 654 Πνεῦμα
2556 583 2712 653 ἆγιον
2759 585 2819 638 οὐ
2854 585 3139 655 γεννητὸν,
3184 587 3301 641 ἀλλ’
3325 590 3650 664 ἐκπορευτόν
3672 610 3686 625 ο

2118 677 2183 729 ἐκ
2197 676 2290 730 τοῦ
2318 675 2530 748 Πατρὸς
2559 677 2668 747 γάρ
2688 692 2703 708 ο
2727 675 2881 730 οὐδὲν
2910 677 3147 744 κτιστδν,
3200 679 3351 734 οὐδὲν
3388 673 3710 754 πρωτοδεῦέ

2115 783 2296 839 τερον,
2323 769 2476 822 οὐδὲν
2496 766 2838 840 κυριόδουλον
2853 785 2868 799 ·
2887 767 3023 822 ἀλλὰ
3047 769 3231 833 Μονάς
3252 771 3348 824 καὶ
3365 772 3532 844 Τριάι,
3553 775 3684 829 ἐστι’

2117 861 2212 914 καὶ
2236 855 2306 932 ἧν
2333 861 2428 914 καὶ
2455 859 2570 914 ἐστι
2602 859 2696 914 καὶ
2727 858 2878 914 ἔσται
2931 862 3012 924 εἰς
3056 860 3185 925 τοὺς
3229 862 3465 926 αἰῶνας·
3513 866 3688 920 πίστει

2114 950 2377 1023 νοουμένη
2427 951 2522 1006 καὶ
2574 951 3030 1024 προσκυνουμένη
3057 965 3072 983 ο
3103 951 3310 1017 πίστει,
3338 953 3402 1007 οὑ
3445 954 3686 1028 ζητήσει,

2111 1041 2235 1094 οὑδὲ
2265 1042 2582 1114 ὲξερανήσει
2617 1052 2663 1108 ν,
2697 1042 2760 1095 οὑ
2811 1041 3144 1114 φανερώσει.
3169 1042 3323 1115 Ὅτῳ
3357 1044 3465 1116 γὰρ
3493 1047 3687 1116 ὲρανᾶο

2111 1151 2225 1196 ται,
2258 1135 2504 1204 τοσούτῳ
2529 1133 2690 1187 πλέον
2718 1135 3011 1202 ἀγνοεῖται,
3041 1135 3136 1190 καὶ
3162 1136 3273 1206 ὅσῳ
3299 1136 3684 1209 πολυπραγμο-

2111 1227 2304 1292 νεῖται,
2329 1225 2588 1280 ὲπιπλέον
2617 1225 2940 1298 κρύπτεται.
2981 1227 3322 1298 Ἀπεριέργῳ
3338 1228 3520 1283 τοίνυν
3549 1229 3690 1302 λόγῳ

2111 1317 2523 1388 προσκυνείσθω
2575 1317 2710 1381 Θεὸς
2763 1318 2868 1371 ὑπὸ
2903 1318 3012 1371 τῶν
3059 1319 3293 1375 πιστῶν.
3335 1320 3448 1373 Καὶ
3477 1321 3558 1374 ὃτι
3589 1323 3689 1392 μέν

2110 1407 2227 1458 ἐστι
2248 1406 2380 1471 Θεὸς
2403 1408 2462 1460 ὲν
2477 1408 2656 1479 τρισὶν
2679 1408 3010 1462 ὑποστάσεσι
3030 1409 3254 1464 πίστευε
3269 1428 3286 1445 ο
3310 1411 3428 1476 πῶς
3445 1412 3501 1465 δέ
3519 1413 3685 1478 ἐστιν,

2109 1499 2248 1569 ὑπὲρ
2278 1499 2338 1552 τὸ
2386 1499 2504 1564 πῶς
2553 1504 2693 1556 ἐστι.
2731 1501 3142 1571 ’Δκατάληπτος
3173 1503 3280 1574 γὰρ
3323 1505 3353 1557 6
3405 1504 3560 1568 Θεός.
3594 1506 3686 1576 Μὴ

2108 1589 2268 1660 εἴπῃς
2291 1605 2304 1619 ·
2341 1589 2524 1660 Πῶςή
2564 1591 2736 1661 Τριάς
2781 1591 3019 1663 ὑπάρχει
3067 1593 3272 1664 Τριάς;
3327 1594 3684 1666 ’Δνεξεράνη-

2107 1695 2197 1742 τος
2214 1687 2236 1714 ³
2269 1680 2379 1751 γάρ
2401 1682 2550 1736 ἐστιν
2576 1683 2610 1754 ἡ
2641 1682 2833 1754 Τριὰς.
2862 1683 2926 1736 Εἰ
2949 1682 3005 1736 δὲ
3025 1682 3158 1736 Θεὸν
3185 1684 3683 1757 πολυπραγμονεῖς,

2109 1768 2326 1837 πρῶτον
2351 1770 2471 1823 εἰπέ
2502 1789 2594 1842 μοι
2657 1773 2855 1827 σαυτὸν
2883 1775 2978 1828 καὶ
3010 1773 3080 1828 τὰ
3129 1775 3260 1845 περὶ
3306 1777 3522 1830 σαυτόν.
3561 1779 3685 1841 Πῶς

2109 1861 2343 1931 ὑπάρχει
2367 1878 2459 1915 σου
2482 1865 2516 1932 ἡ
2545 1863 2692 1935 ψυχή
2721 1880 2736 1929 ;
2773 1863 2879 1918 ποῦ
2935 1865 3163 1919 κινεῖταί
3186 1883 3280 1920 σου
3315 1868 3344 1920 6
3370 1867 3526 1935 νοῦς;
3569 1869 3684 1934 πῶς

2109 1955 2303 2026 γεννᾷς
2323 1955 2414 2009 τὸν
2444 1955 2639 2025 λόγον;
2689 1956 2806 2020 πῶς
2840 1956 3032 2028 θνητὸς
3083 1959 3179 2011 καὶ
3213 1959 3480 2023 ἀθάνατος
3504 1960 3679 2034 ὑπάρ-

2104 2064 2220 2118 χεις
2246 2071 2266 2114 ,-
2295 2049 2356 2101 Εἰ
2384 2048 2441 2102 δὲ
2468 2047 2644 2104 ταὺτα
2666 2048 2817 2114 ἐντὸς
2849 2048 3078 2104 σεαυτοῦ
3110 2049 3242 2106 ὄντα
3291 2051 3531 2121 ἀγνοεῖς,
3563 2053 3682 2118 πῶς

2103 2140 2172 2194 τὰ
2210 2141 2467 2213 ὑπεράνω
2518 2141 2629 2196 τῶν
2683 2143 2931 2217 οὐρανῶν
2987 2145 3049 2198 οὑ
3104 2145 3357 2216 φρίττεις
3395 2148 3680 2218 ὲκζητῶνς

2103 2232 2294 2303 Πηγην
2325 2232 2473 2304 ζωῆς
2522 2234 2716 2306 νόησον
2757 2235 2852 2289 τὸν
2878 2235 3119 2308 Πατέρα,
3147 2237 3225 2301 ὡς
3262 2240 3507 2310 ποταμὸν
3555 2257 3678 2309 γεν-

2101 2320 2208 2375 νῶν
2219 2339 2277 2375 ca
2297 2323 2390 2376 τὸν
2407 2323 2536 2378 Υἰόν
2563 2342 2577 2356 ·
2601 2324 2879 2380 Θάλασσαν
2905 2326 2969 2379 τὸ
2998 2326 3223 2399 Πνεῦμα
3249 2327 3313 2381 τὸ
3353 2329 3510 2397 ἅγιον
3535 2347 3550 2364 ·
3585 2331 3679 2386 καὶ

2101 2414 2210 2484 γὰρ
2236 2414 2270 2485 ἡ
2310 2414 2462 2486 πηγὴ
2489 2415 2584 2470 καὶ
2613 2418 2641 2470 6
2670 2417 2913 2489 ποταμὸς
2942 2418 3036 2471 καὶ
3065 2420 3100 2488 ἡ
3128 2417 3373 2473 θάλασσα
3399 2421 3498 2491 μία
3518 2421 3682 2490 φύσις

2100 2500 2238 2555 ἐστί.
2291 2501 2474 2566 Ῥίζαν
2521 2505 2716 2576 νόησον
2764 2505 2855 2559 τὸν
2904 2508 3145 2580 Πατέρα,
3181 2508 3375 2564 κλάδον
3407 2511 3499 2565 τὸν
3529 2512 3680 2576 Υίὺν,

2099 2591 2310 2664 καρπὸν
2333 2592 2395 2645 τὸ
2424 2594 2641 2666 πνεῦμα
2665 2597 2728 2650 τὸ
2751 2597 2925 2665 ἅγιον.
2953 2599 3066 2653 Μία
3093 2598 3203 2671 γὰρ
3223 2601 3282 2655 ὲν
3310 2604 3422 2664 τοίς
3446 2603 3623 2673 τρισὶν
3643 2606 3678 2676 ἠ

2097 2683 2274 2736 οὐσία.
2311 2684 2498 2750 ’Ἥλιος
2523 2687 2552 2740 6
2574 2688 2784 2760 Πατὴρ,
2809 2691 3002 2744 ἀκτῖνα
3029 2690 3168 2762 ἔχων
3186 2692 3278 2745 τὸν
3304 2692 3453 2762 my,
3475 2693 3680 2766 θερμὸν

2095 2773 2157 2827 τὸ
2184 2775 2412 2847 Πνεῦμα
2453 2777 2513 2830 τὸ
2557 2778 2733 2847 ἅγιον.
2791 2781 2934 2836 Πολὺ
2967 2783 3108 2854 ὑπὲρ
3160 2785 3341 2838 πᾶσαν
3370 2787 3558 2840 εἰκόνα
3585 2789 3679 2841 καὶ

2095 2863 2322 2937 τύπονή
2355 2866 2486 2935 ἁγία
2517 2868 2689 2940 Τριάς
2713 2885 2728 2901 ο
2764 2871 2840 2943 μὴ
2900 2872 3057 2926 τόκον
3090 2873 3305 2928 ἀκούων
3332 2875 3397 2929 ὲκ
3436 2878 3674 2946 Πατρὸς,

2098 2959 2408 3024 σωματικὸν
2455 2959 2614 3015 τόκον
2663 2963 2864 3034 νοήσῃς
2887 2979 2900 2994 ·
2956 2964 3079 3036 μηδ’
3119 2967 3202 3020 ὅτι
3228 2967 3402 3036 Λόγον
3440 2968 3678 3033 ἀκούων,

2099 3046 2258 3116 λόγον
2310 3051 2624 3121 σωματικὸν
2693 3054 3002 3126 ὑπολάϐῃς⁸
3085 3057 3222 3128 μηδὲ
3274 3058 3500 3130 Πνεῦμα
3541 3062 3678 3116 Θεοῦ

2096 3139 2330 3206 ἁκούων,
2366 3144 2567 3216 ἄνεμον
2595 3147 2690 3200 καὶ
2732 3146 3007 3219 ἀναπνοὴν
3033 3151 3236 3222 νοήσῃς
3262 3165 3278 3183 ο
3306 3151 3446 3211 ἀλλά
3493 3154 3680 3209 πίστει

2099 3231 2234 3303 μόνῃ
2263 3235 2580 3307 ἀπεριέργῳ
2619 3237 2832 3304 δόξαζε.
2899 3240 2994 3293 Ἐκ
3057 3241 3168 3311 γὰρ
3213 3242 3321 3296 τῶν
3357 3246 3680 3315 κτισμάτων

2093 3323 2258 3377 αὑτοῦ
2279 3326 2556 3395 ἀναλόγως
2585 3330 2613 3382 6
2641 3329 2976 3410 δημιουργὸς
3005 3335 3230 3388 νοεῖται.
3251 3335 3361 3406 Τὴν
3389 3336 3447 3390 δὲ
3477 3338 3678 3410 ἐνσαρο

2094 3432 2187 3468 κον
2225 3417 2536 3489 οἰκονομίαν
2567 3420 2660 3474 τοῦ
2683 3421 2815 3474 Υίοῦ
2842 3424 2935 3476 τοῦ
2952 3423 3088 3478 Θεοῦ
3110 3427 3174 3480 ὲκ
3205 3427 3485 3498 Παρθένου
3512 3432 3676 3500 ἁγίας

2091 3506 2367 3576 ἁσπόρως,
2401 3511 2696 3580 ἀφράστως
2726 3514 3079 3584 γεγενῆσθαι,
3116 3515 3208 3571 τὸν
3242 3519 3406 3574 αὑτὸν
3431 3523 3676 3593 ἀσυγχύ-

2090 3613 2197 3660 τως
2225 3599 2317 3652 καὶ
2338 3601 2625 3673 ἀτρέπτως
2675 3603 2808 3658 Θεὸν
2831 3607 2926 3659 καὶ
2963 3606 3252 3679 ἄνθρωπον
3285 3612 3559 3668 πιστεύων
3586 3615 3674 3668 δό-

2092 3685 2238 3755 ξαζε,
2280 3691 2373 3744 τὸν
2405 3692 2496 3746 διὰ
2549 3695 2610 3747 σὲ
2643 3697 2822 3751 πάντα
2867 3700 3321 3772 οἰκονομήσαντα,
3383 3705 3479 3758 καὶ
3518 3706 3674 3778 αὑτῷ

2091 3782 2460 3854 προσκύνησιν
2507 3787 2604 3839 καὶ
2646 3786 2904 3860 λατρείαν
2951 3790 3020 3844 δι’
3070 3793 3252 3863 ἔργων
3282 3795 3505 3864 ἀγαθῶν
3528 3799 3671 3853 ἀπό-

2089 3889 2239 3943 νεμε.
2275 3875 2386 3944 Τὴν
2421 3877 2727 3948 ὑπεραγίαν
2782 3880 3042 3938 Θεοτόκον
3114 3885 3209 3939 καὶ
3278 3887 3674 3960 Ἀειπαρθένον

2087 3965 2324 4036 Μαρίαν,
2351 3965 2424 4029 ὡς
2447 3967 2621 4040 ἀληθῆ
2667 3971 2894 4043 Μητέρα
2925 3972 3059 4028 Θεοῦ
3105 3979 3424 4046 προσκυνῶν
3449 3982 3544 4034 καὶ
3577 3999 3671 4036 σε-

2087 4053 2335 4126 ϐόμενος,
2367 4058 2460 4111 καὶ
2488 4062 2698 4125 πάντας
2751 4064 2879 4128 τοὺς
2917 4065 3127 4133 ἁγίους,
3161 4069 3238 4131 ὡς
3283 4069 3448 4123 αὑτοῦ
3501 4071 3672 4145 θερά-

2086 4164 2311 4212 ποντας.
2339 4149 2525 4216 Οὕτως
2571 4154 2742 4208 ποιῶν
2789 4157 3059 4229 ὑπάρχεις
3111 4160 3408 4231 ὁρθότομος
3458 4164 3676 4236 λάτρσις

2084 4237 2184 4308 τῆς
2208 4240 2370 4308 ἁγίας
2404 4243 2499 4296 καὶ
2518 4244 2830 4316 ἀσυγχύτου
2864 4249 3118 4319 Τριάδος,
3166 4251 3378 4323 Πατρὸς
3401 4253 3499 4308 καὶ
3529 4255 3672 4309 Υἰοῦ

2084 4331 2179 4386 καὶ
2209 4333 2366 4401 ἁγίου
2398 4335 2734 4406 Πνεῦματος,
2769 4340 2870 4409 τῆς
2893 4344 3022 4412 μιᾶς
3045 4343 3334 4416 Θεότητος,
3439 4347 3474 4417 ἡ
3508 4348 3668 4415 δόξα,

406 4432 679 4488 sationem
730 4444 796 4484 ex
846 4425 1072 4497 Virgine
1120 4420 1482 4479 inenarrabili
1522 4419 1684 4473 modo
1725 4417 1848 4473 sine
1882 4432 1972 4472 se-

2101 4423 2175 4474 cat
2199 4424 2232 4491 ἡ
2266 4425 2423 4496 τιμὴ,
2449 4426 2544 4480 καὶ
2590 4429 2965 4502 προσκύνησις
3014 4435 3096 4498 εἰς
3133 4436 3262 4500 τοὺς
3307 4436 3512 4502 αἰῶνας
3552 4439 3672 4493 τῶν

407 4525 551 4578 mine
595 4521 796 4576 factam
826 4534 971 4584 esse,
1024 4525 1086 4572 ut
1139 4516 1284 4571 idem
1320 4513 1439 4584 ipse
1490 4512 1611 4566 sine
1644 4507 1976 4565 confusione

2081 4511 2315 4570 αἰώνων.
2365 4517 2422 4570 ’Λ
2429 4519 2556 4590 μήν.

404 4625 459 4670 rt
512 4615 872 4672 conversione
927 4613 1073 4668 Deus
1107 4619 1164 4666 et
1210 4609 1378 4664 homo
1434 4606 1621 4662 fuerit.
1675 4603 1964 4660 Credendo
2000 4607 2234 4677 gloriam
2275 4611 2397 4680 ejus
2431 4614 2672 4682 celebra,
2711 4605 2895 4681 illius,
2968 4621 3219 4688 inquam,
3295 4624 3389 4694 qui
3456 4634 3672 4682 cuncta

402 4718 626 4779 propter
655 4716 707 4762 te
748 4714 902 4761 certo
932 4704 1172 4760 consilio
1202 4699 1468 4770 disponit,
1497 4699 1659 4768 eique
1692 4711 1788 4766 per
1819 4697 1961 4750 bona
1999 4712 2169 4792 opera
2201 4701 2588 4760 adorationem
2636 4719 2695 4762 et
2757 4711 2966 4765 cultum
3014 4713 3107 4780 qui
3147 4728 3370 4769 servum
3438 4715 3666 4792 deccat,

403 4803 676 4872 impende.
713 4801 1134 4858 Sanctissimam
1162 4796 1255 4852 Dei
1279 4792 1620 4850 Genitricem
1651 4805 1978 4860 semperque
2019 4791 2302 4865 Virginem
2379 4797 2628 4865 Mariam,
2681 4809 2945 4874 tanquam
3007 4821 3191 4860 vcratn
3247 4805 3344 4863 Dei
3429 4791 3671 4864 Matrem

401 4891 571 4947 adora
611 4904 664 4948 et
693 4907 995 4958 venerare;
1046 4905 1240 4945 omnes
1288 4895 1536 4947 sanctos,
1570 4883 1648 4937 uti
1683 4899 1878 4938 servos
1931 4884 2106 4940 illius.
2153 4889 2278 4944 llaec
2333 4893 2378 4946 si
2457 4893 2618 4958 facis,
2701 4907 2889 4952 rectus
2937 4901 3120 4954 cultor
3171 4902 3400 4958 exsistis
3449 4911 3674 4960 uncta:

398 4997 454 5043 et
487 4987 797 5044 inconfusus
827 4985 1144 5048 Trinitatis,
1185 4981 1367 5036 Patris
1395 4989 1449 5036 et
1481 4977 1606 5032 Filii
1640 4985 1694 5032 et
1723 4977 1965 5048 Spiritus
1996 4985 2198 5046 sancti,
2248 4987 2410 5042 unius
2455 4989 2706 5046 numinis
2754 4999 2808 5045 ct
2859 4991 3108 5060 Deitatis,
3165 4997 3254 5051 cui
3323 4999 3526 5070 gloria,
3605 5013 3672 5059 cr

401 5087 597 5150 honor,
635 5092 686 5139 et
720 5082 972 5136 adoratio
1004 5081 1057 5134 in
1089 5077 1288 5134 saecula
1324 5076 1676 5132 saeculorum.
1703 5075 1895 5132 Amen.

1641 5254 1878 5310 VARI/IS
1922 5253 2328 5309 LECTIONES.

472 5364 492 5392 τ
523 5357 906 5430 ἑξερευνήοεις
945 5373 998 5413 οι
1029 5355 1190 5426 paulo
1242 5361 1364 5424 post
1396 5353 1703 5422 ἐρευνᾶται.
1784 5357 1806 5385 ³
1845 5348 1976 5421 ch.
2014 5349 2459 5422 ἀνεξερεύνητος.
