3962 6300
260 436 375 501 789
1349 438 1446 495 DE
1486 439 1662 498 FIDE
1703 438 1862 499 ORTL

1979 441 2163 500 DOXA
2199 444 2342 500 LIB.
2389 445 2434 501 Ι.

3412 449 3530 510 790‘

1308 739 1778 828 ΕΚΔΟΣΙΣ
1859 742 2324 829 ΑΚΡΙΒΗΣ

658 1123 2053 1307 ΟΡΘΟΔΟΞΘΥ
2150 1132 3133 1394 ΠΙΣΤΕΩΣ

1211 1565 1878 1660 EXPOSITIO
1986 1565 2594 1660 ACCURATA

947 1785 1464 1939 FIDEI
1598 1787 2883 1943 ORTHODOX/E.

1603 2217 1833 2276 LIBER
1883 2216 2198 2275 PRIMUS.

882 2513 1132 2568 ΚΕΦΛΛ.
1179 2514 1255 2568 Λ’.

2594 2509 2747 2565 CAP.
2785 2511 2823 2563 Ι.

884 2525 1132 2568 ΚΕΨΛΛ.
1179 2525 1255 2568 Λ”.

273 2602 396 2657 Ὅτι
419 2601 847 2674 ἀκατάληπτον
878 2604 943 2656 τὸ
971 2604 1160 2664 Θεῖον.
1186 2608 1280 2658 καὶ
1323 2605 1411 2659 ὅτι
1447 2611 1519 2659 οὐ
1556 2607 1648 2660 δεῖ
1667 2607 1858 2674 (nrt-27v-

2594 2525 2747 2565 ww.
2785 2525 2823 2563 ι.

1979 2607 2131 2659 Deum
2167 2604 2542 2672 comprehendi
2575 2619 2677 2674 non
2706 2617 2857 2669 posse
2881 2619 2897 2660 .'
2929 2592 3111 2674 neeeu
3139 2614 3255 2674 qua!
3281 2616 3312 2674 ᾳ
3340 2600 3538 2654 snctis

343 2673 452 2746 arat
473 2673 948 2746 περιεργᾴζεσοαι
985 2675 1056 2728 τὰ
1084 2675 1171 2746 ιρὴ
1215 2676 1667 2744 παραδεδομένα
1716 2673 1859 2746 ἡμῖν

343 2744 461 2815 ὑπὸ
490 2741 609 2795 τῶν
639 2743 822 2815 ἁγίων
854 2741 1194 2813 προφητῶν,
1213 2741 1313 2798 καί
1346 2741 1860 2815 armarium-ﬁxa!

343 2812 803 2880 εὐαγγελιστῶν.

345 2900 495 2956 Θεὸν
541 2901 740 2967 οὐδεὶς
765 2902 985 2971 ἑώρακε
1011 2903 1243 2958 πώποτε
1288 2905 1387 2975 (Ι).
1434 2906 1497 2959 Ὀ
1521 2905 1858 2975 μονογενὴς

281 2990 438 3056 mg,
460 2992 494 3044 ὁ
535 2991 619 3044 ὢν
641 2992 710 3044 ἐν
759 2993 883 3058 τοῖς
923 2994 1204 3060 κόλποις·
1239 2995 1346 3050 τοῦ
1386 2997 1650 3065 Πατρός,
1679 2998 1861 3062 αὐτὸς

269 3077 634 3150 ἐξηγήσατο.
680 3082 952 3153 ’Δρρητον
998 3078 1092 3137 οὖν
1128 3084 1189 3137 τὸ
1245 3086 1400 3139 Θείον
1443 3089 1538 3141 καὶ
1583 3089 1859 3158 ἀκατάλη-

273 3187 430 3224 πτον.
457 3171 664 3239 Οὐδεὶς
694 3174 804 3242 γὰρ
835 3175 1215 3244 ἐπιγινώσκει
1253 3178 1361 3232 τὸν
1412 3181 1642 3248 Πατέρα
1660 3220 1674 3243 ,
1698 3183 1750 3235 εί
1773 3180 1859 3250 μὴ

273 3266 312 3318 d
341 3264 494 3332 Υίὸς,
525 3265 667 3320 οὐδὲ
707 3266 812 3320 τὸν
871 3269 1042 3332 Υίὸν,
1073 3271 1126 3322 εὶ
1172 3269 1260 3338 μὴ
1297 3272 1330 3323 ὀ
1385 3271 1606 3338 Πατήρ.
1639 3272 1748 3324 Καὶ
1799 3275 1861 3327 τὸ

275 3355 503 3426 Πνεῦμα
540 3356 598 3408 δὲ
628 3357 690 3410 τὸ
723 3359 880 3428 ἅγιον
909 3359 1085 3423 οὕτως
1125 3354 1236 3414 οἶδε
1283 3362 1351 3416 τὰ
1379 3362 1472 3416 τοῦ
1505 3362 1664 3426 Θεοῦ,
1691 3364 1766 3428 ὡς
1801 3366 1863 3418 τὸ

273 3446 506 3515 Πνεῦμα
523 3445 616 3500 τοῦ
649 3447 938 3520 ἀνθρώπου
967 3445 1076 3504 οἶδε
1101 3452 1170 3503 τὰ
1191 3452 1249 3504 ὲν
1288 3451 1456 3522 αὐτῷ.
1492 3453 1651 3507 Μετὰ
1677 3454 1734 3506 δὲ
1763 3455 1862 3526 τὴν

273 3534 506 3606 πρώτην
537 3537 632 3589 καὶ
687 3539 963 3607 μακαρίαν
997 3539 1180 3608 φύσιν,
1219 3541 1397 3604 οὐδεὶς
1429 3541 1571 3610 ἔγνω
1603 3544 1735 3596 ποτὲ
1771 3543 1863 3596 τὸν

270 3622 432 3688 Θεὸν,
465 3626 514 3676 εί
537 3625 611 3696 μὴ
640 3618 685 3693 ᾧ
716 3628 878 3692 αὐτὸς
901 3630 1274 3700 ἀπεκάλυψεν,
1297 3633 1399 3685 οὐκ
1427 3632 1732 3704 ἀνθρώπων
1767 3635 1863 3705 μό-

270 3731 390 3779 νον,
427 3715 541 3768 ἀλλ’
563 3717 684 3769 οὐδὲ
711 3718 822 3771 τῶν
871 3720 1258 3792 ὑπερκοσμίων
1283 3722 1569 3792 δυνάμεων
1597 3739 1611 3752 ⁸
1642 3725 1735 3779 καὶ
1763 3725 1858 3778 αὑ-

271 3799 407 3871 τῶν,
442 3805 606 3873 φημὶ,
627 3804 737 3861 τῶν
765 3807 1046 3878 Χερουϐὶμ
1065 3810 1159 3863 καὶ
1194 3811 1465 3880 Σεραφίμ.

346 3981 464 4034 οὐκ
490 3981 671 4053 ἀφῆκε
707 3985 891 4054 μέντοι
923 3989 1074 4057 ἡμᾶς
1101 3989 1129 4041 ὁ
1150 3987 1282 4052 Θεὸς
1318 3990 1378 4042 ὲν
1410 3990 1666 4043 παντελεῖ
1693 3991 1866 4058 ἀγνω-

275 4073 394 4141 atq.
436 4073 575 4127 [ἰᾶσι
625 4075 732 4147 γὰρ
771 4077 802 4148 ἢ
838 4079 1039 4146 γνῶσις
1082 4080 1178 4132 τοῦ
1220 4076 1362 4133 εῖναι
1391 4079 1526 4133 Θεὸν
1576 4081 1668 4134 ὑπ’
1701 4080 1864 4136 αὐτοῦ

277 4165 530 4232 φυσικῶς
581 4167 1050 4243 ὲγκατέσπαρται.
1080 4171 1193 4223 Καὶ
1232 4171 1370 4241 αὐτὴ
1398 4171 1456 4225 δὲ
1484 4173 1518 4242 ἡ
1549 4172 1745 4236 κτίσις,
1771 4173 1866 4226 καὶ

276 4254 318 4324 ἡ
346 4257 550 4327 ταύτης
603 4261 799 4332 συνοχή
839 4278 896 4314 τε
953 4262 1048 4316 καὶ
1099 4262 1430 4333 κυϐέρνησις
1476 4263 1537 4316 τὸ
1575 4264 1864 4333 μεγαλεῖον

278 4351 380 4418 τῆς
429 4346 578 4412 θείας
631 4350 1000 4421 ἀνακηρύττει
1055 4352 1294 4420 φύσεως.
1329 4354 1440 4407 Καὶ
1482 4353 1568 4406 διὰ
1595 4354 1760 4424 νόμου
1784 4354 1864 4419 δὲ,

280 4437 375 4489 καὶ
399 4442 696 4510 προφητῶν
726 4445 1017 4516 πρότερον,
1051 4445 1243 4498 ἔπειτα
1278 4446 1334 4498 δὲ
1367 4447 1460 4497 καὶ
1488 4445 1577 4498 διὰ
1623 4445 1720 4498 τοῦ
1771 4464 1867 4516 μο-

277 4531 538 4597 νογενοῦς
567 4533 735 4589 αὐτοῦ
760 4535 915 4600 Υίοῦ,
943 4536 1150 4605 Κυρίου
1181 4535 1260 4602 δὲ,
1295 4537 1390 4589 καὶ
1415 4535 1574 4600 Θεοῦ,
1619 4537 1712 4588 καὶ
1753 4537 1865 4588 Σω-

277 4622 446 4692 τῆρος
469 4624 624 4693 ἡμῶν
665 4626 839 4695 Ἰησοῦ
887 4627 1124 4699 Χριστοῦ
1150 4666 1165 4691 ,
1195 4627 1332 4681 κατὰ
1378 4626 1440 4679 τὸ
1481 4625 1703 4695 ἐφικτὸν
1737 4628 1868 4697 ἡμῖν

351 4788 369 4818 ¹
397 4785 560 4842 Joan.

2027 2669 2297 2742 prophetis
2326 2683 2374 2728 et
2439 2673 2690 2741 apostolis
2716 2681 2766 2724 et
2805 2671 3137 2740 eunngelistis
3169 2669 3384 2724 minimc
3420 2677 3536 2722 ιτα-

2032 2746 2145 2799 dita
2173 2755 2316 2808 sunt,
2338 2744 2598 2797 curiosius
2627 2743 2940 2811 inquirenda
2967 2757 3098 2794 esse.

2035 2899 2200 2952 Deum
2221 2913 2369 2952 nemo
2415 2897 2543 2949 vidit
2567 2912 2817 2964 unquam.
2887 2893 3197 2963 Uuigenitus
3226 2893 3428 2963 Filius,
3455 2892 3546 2962 qui

1961 3001 2042 3044 est
2091 2990 2146 3042 in
2178 2989 2298 3042 sinu
2324 2987 2526 3050 Patris,
2577 2987 2686 3055 ipse
2722 2985 2984 3040 enarravit
3022 2987 3061 3038 ¹.
3090 2985 3234 3039 Deus
3269 2998 3402 3054 ergo
3441 2997 3543 3037 nec

1965 3081 2216 3136 oratione
2247 3081 2359 3134 ulla
2419 3079 2709 3148 explicari,
2760 3093 2860 3133 nec
2917 3077 3031 3132 ullo
3073 3076 3236 3131 modo
3286 3090 3542 3144 compre-

1967 3171 2128 3228 bcndi
2158 3178 2356 3242 potest.
2389 3169 2557 3224 Nemo
2582 3169 2728 3226 enim
2761 3167 2972 3222 Patrem
3001 3169 3163 3227 novit.
3191 3168 3296 3220 nisi
3333 3164 3504 3219 Filius
3526 3180 3548 3231 ,°

1966 3281 2058 3318 nec
2103 3261 2329 3323 Filium,
2358 3263 2460 3316 nisi
2495 3261 2657 3314 Pater
2681 3263 2723 3315 '.
2752 3259 2896 3325 Quin
2937 3261 3101 3314 etiam
3152 3257 3390 3327 Spiritus
3417 3272 3551 3312 san-

1967 3363 2092 3409 ctus
2127 3353 2356 3422 perinde
2381 3352 2532 3407 novit
2555 3366 2616 3404 ea
2644 3365 2769 3420 qua:
2797 3349 2891 3405 Dei
2923 3356 3073 3414 sunt,
3107 3356 3275 3416 atque
3299 3345 3546 3417 Spiritus

1965 3446 2205 3501 hominis
2259 3444 2411 3501 novit
2439 3459 2502 3499 ea
2528 3457 2649 3512 quae
2672 3442 2727 3496 in
2776 3442 2898 3510 ipso
2938 3440 3127 3495 sunt'.
3157 3439 3226 3494 At
3250 3454 3397 3502 vero,
3427 3443 3546 3508 post

1967 3538 2201 3606 primam
2249 3536 2395 3590 illam
2430 3536 2757 3604 beatamque
2811 3543 3067 3586 naturam
3113 3545 3272 3584 nemo
3308 3541 3547 3597 unquam

1969 3628 2140 3682 Deum
2200 3628 2479 3696 cognovit,
2534 3627 2639 3680 nisi
2672 3625 2761 3680 cui
2806 3623 2928 3694 ipse
2953 3622 3298 3678 revelaverit.
3362 3617 3550 3687 Neque

1967 3721 2035 3774 de
2057 3718 2376 3771 hominibus
2406 3725 2618 3770 tantum
2655 3715 2787 3772 mihi
2834 3729 3017 3770 sermo
3055 3721 3178 3777 est;
3211 3710 3307 3768 sed
3330 3709 3398 3765 de
3424 3708 3546 3761 Vir-

1969 3809 2182 3863 tutibus
2214 3809 2380 3862 etiam
2421 3807 2528 3862 illis
2573 3806 2778 3860 mundo
2836 3804 3280 3867 sublimioribus,
3317 3801 3385 3856 de
3413 3800 3549 3870 ipsis

1973 3915 2196 3970 quoque
2231 3898 2530 3954 Cherubim
2571 3911 2636 3952 ac
2670 3895 2989 3967 Serapbim.

2046 3993 2164 4046 Non
2198 4007 2300 4046 nos
2331 3997 2515 4046 tamen
2549 3990 2604 4043 in
2647 3990 2944 4060 omnigena
2972 4002 3205 4059 prorsus
3239 3983 3551 4055 ignorantia

1973 4085 2180 4139 versari
2229 4098 2427 4154 passus
2451 4091 2538 4138 est
2569 4083 2734 4138 Deus.
2791 4081 2966 4136 Nemo
2993 4081 3200 4151 quippe
3233 4078 3549 4133 mortallum

1972 4186 2078 4242 est,
2120 4192 2210 4230 cur
2263 4190 2371 4230 non
2407 4175 2513 4230 hoc
2543 4175 2612 4229 ab
2640 4191 2708 4230 eo
2743 4172 3073 4228 naturaliter
3104 4171 3334 4225 insitum
3367 4167 3463 4234 sit,
3493 4175 3552 4219 ut

1973 4268 2145 4323 Deum
2180 4282 2304 4321 esse
2342 4274 2662 4337 cognoscat.
2709 4265 2852 4331 Quin
2895 4262 3028 4333 ipsa:
3055 4277 3142 4316 res
3174 4257 3431 4320 conditae,
3463 4271 3554 4309 ea-

1972 4372 2208 4426 rumque
2247 4357 2602 4411 conservatio
2641 4363 2806 4426 atque
2843 4347 3418 4426 gubernatio,divinae
3453 4363 3552 4399 na-

1971 4457 2108 4502 tura:
2143 4447 2437 4517 praedicant
2471 4447 2810 4517 majestatem
2834 4445 2876 4500 ⁸.
2913 4444 2992 4499 Ad
3028 4443 3145 4498 haec
3171 4452 3286 4496 tum
3310 4445 3434 4493 ante
3461 4452 3556 4506 per

1977 4540 2148 4608 legem
2181 4549 2236 4593 et
2259 4538 2632 4608 prOphetas':
2667 4547 2782 4591 tum
2820 4545 3008 4607 postea
3046 4551 3141 4604 per
3197 4531 3554 4603 Unigenitum

1979 4629 2179 4684 Filium
2208 4647 2394 4693 suum,
2425 4630 2738 4693 Dominum,
2777 4627 2972 4695 Deum,
3003 4635 3054 4683 et
3086 4625 3428 4680 Salvaterem
3459 4635 3558 4674 no-

598 4817 633 4854 ι,
667 4792 752 4845 18.
832 4795 851 4822 ³
875 4791 1064 4846 Matth.
1093 4808 1168 4858 xl,
1207 4793 1289 4848 l7.
1369 4793 1390 4823 ³
1422 4791 1440 4846 Ι
1472 4792 1602 4847 Cor.
1628 4809 1687 4857 ιι,
1733 4794 1816 4882 tl.

1979 4810 2071 4864 ap.
2103 4812 2220 4861 xm,
2252 4796 2306 4850 5.
2381 4796 2402 4827 ⁸
2425 4794 2584 4865 Grcg.
2617 4794 2742 4848 Νη.
2773 4800 2914 4848 orat.
2945 4793 3030 4846 54.

1554 4930 1788 4986 VARIA'J
1835 4931 2246 4987 LECTIONES.

351 5025 380 5054 ⁸
420 5013 758 5093 (Σουλλίξζόυ
779 5025 844 5093 _et
880 5015 1399 5093 N._e!;tbvn61mv.
1478 5021 1506 5059 ι»
1535 5020 1691 5076 Colb.
1728 5023 1888 5077 47⁸50.
1927 5022 2061 5093 Reg.
2094 5023 2238 5078 2930
2273 5024 2412 5093 μετὰ
2439 5020 2532 5078 οὖν
2564 5042 2577 5077 :
2631 5025 2710 5079 sic
2739 5023 2934 5086 Faber,
2963 5030 3076 5088 post
3111 5017 3344 5070 divinam
3375 5017 3552 5084 igitur.

279 5080 520 5140 Gravius
544 5087 731 5141 edidit.
768 5087 900 5141 Post
930 5089 1164 5141 divinant
1196 5091 1393 5157 itaque.

1789 5243 2018 5302 NOTAE.

353 5338 435 5401 (1)
477 5337 624 5391 Θεὸν
653 5338 851 5404 οὐδεὶς
877 5339 1096 5407 ἑώρακε
1123 5341 1378 5403 πώποτε,
1405 5341 1567 5397 Deum
1600 5360 1748 5397 nemo
1799 5345 1874 5396 υἱ-

281 5408 360 5460 dit
389 5424 642 5482 unquam.
673 5409 772 5463 llic
796 5408 1038 5464 Judocus
1073 5413 1382 5482 Clictogeus
1414 5413 1465 5466 in
1499 5414 1871 5482 prolitissimu

282 5481 682 5549 commentario
703 5495 988 5549 perperam
1029 5492 1234 5548 pugnat
1259 5479 1423 5534 Deum
1451 5479 1656 5536 nemini
1694 5483 1865 5536 visum

284 5547 339 5601 in
376 5547 548 5601 haece
571 5549 681 5602 vita
705 5547 961 5603 imortali.
994 5547 1141 5605 Nihil
1176 5553 1325 5604 istaec
1347 5553 1413 5604 ad
1445 5552 1861 5616 Damasecnum,

280 5617 376 5683 qui
407 5618 592 5690 solum
624 5620 821 5690 asserit
845 5619 1027 5673 divina
1053 5622 1310 5690 mysteria
1345 5619 1453 5674 Deo
1485 5623 1606 5685 soli,
1634 5623 1864 5676 divinis-

281 5700 348 5760 ξε
553 5686 840 5760 Trinitatis
893 5685 1144 5757 personis
1197 5689 1410 5760 cognita
1459 5706 1580 5746 esse
1645 5703 1757 5746 tum
1791 5691 1859 5746 iis

286 5754 482 5830 deinde
522 5759 720 5830 quibus
747 5754 1011 5826 Deus—pro
1049 5754 1482 5830 summa'gratia,
1519 5771 1569 5814 et
1593 5768 1853 5829 quantum

278 5827 610 5884 revelaverit
638 5846 652 5887 ;
687 5826 856 5883 Deum
886 5837 1066 5886 tamen
1101 5830 1259 5887 nobis
1292 5826 1635 5888 concessisse
1657 5841 1711 5886 ut
1754 5846 1855 5886 na-

1974 5341 2136 5395 turali
2164 5340 2371 5395 lumine
2400 5356 2689 5396 nossemus
2732 5341 2906 5409 ipsius
2943 5337 3344 5399 cxsistentiam,
3367 5346 3558 5407 poten.

1972 5414 2124 5477 tiam,
2197 5420 2250 5464 et
2308 5411 2705 5480 providentiam
2757 5427 2860 5480 qua
2918 5411 3234 5462 liniversum
3287 5409 3554 5471 condidit,

1967 5479 2357 5544 conservat,et
2391 5480 2756 5534 administrat.
2795 5479 3121 5532 Summatim
3162 5485 3402 5531 enarrat.
3435 5494 3557 5548 quas

1964 5568 1992 5604 a
2024 5553 2398 5619 Dionysastro,
2421 5567 2540 5617 cap.
2568 5551 2591 5602 1
2637 5549 2709 5602 De
2731 5552 2837 5602 diu.
2857 5565 2998 5600 nom.
3031 5564 3129 5619 nec
3161 5562 3266 5601 non
3299 5564 3326 5602 a
3356 5548 3560 5619 Grego-

1962 5623 2045 5674 rio
2072 5617 2370 5690 Tbeologo,
2403 5629 2542 5673 orat.
2577 5621 2646 5672 δαί
2691 5619 2762 5672 De
2803 5635 2982 5690 rerum
3015 5617 3320 5690 divinarum
3345 5617 3558 5690 celsius:-

1964 5692 2104 5750 dine,
2131 5688 2454 5751 tractantur,
2502 5691 2763 5744 adversus
2799 5689 3166 5743 Eunomianos
3212 5689 3418 5757 utique,
3461 5688 3556 5756 qui

1963 5762 2200 5812 divinam
2255 5762 2546 5816 essentiam
2606 5760 3000 5830 perlectissime
3064 5760 3168 5814 sibi
3221 5765 3556 5831 compertam

1961 5832 2200 5886 aiebant.
2873 5849 2876 5852 λ
