3962 6300
430 355 528 416 791
565 357 570 362 “

1630 356 1690 413 S.
1733 354 2051 414 JOANNIS
2093 355 2526 415 DAMASCENI

3603 361 3714 422 τινὶ

435 474 613 518 strum
652 461 843 518 Jesttm
876 460 1180 527 Christum,
1226 475 1324 531 pro
1362 470 1523 531 captu
1558 474 1622 515 ac
1657 461 1881 514 modulo
1914 475 2013 514 no-

2121 461 2214 532 τὴν
2271 464 2469 516 ἑαυτοῦ
2523 463 2837 532 ὲφανὲρωσε
2876 461 3077 530 γνῶσιν
3112 477 3127 493 ·
3162 463 3341 518 πάντα
3393 463 3576 518 τοίνυν
3649 469 3717 518 τά

434 572 552 612 stro
585 554 838 610 nontiam
892 554 976 609 sui
1013 553 1291 625 patefecit.
1362 551 1634 618 Quocirca
1675 551 1860 606 omnia
1890 568 2012 622 qua:

433 649 617 715 nobis,
646 657 753 702 tam
781 661 877 718 per
913 647 1089 716 legem
1116 654 1172 701 et
1210 645 1528 716 prophetas,
1562 660 1726 716 quam
1753 660 1849 714 per
1879 659 2014 714 apo-

435 742 607 796 stolos
655 749 710 795 et
755 739 1120 810 evangelistas
1170 737 1372 792 tradita
1429 745 1580 801 sunt,
1628 737 2014 806 amplectimur

435 832 811 902 agnoscimus,
869 837 921 885 et
961 828 1360 896 veneramur“;
1399 827 1560 899 124
1611 842 1710 883 nec
1746 828 1888 882 ultra
1945 843 2014 882 ea

435 922 734 993 quidquam
769 918 1123 990 inquirimus.
1159 916 1294 972 Nam
1353 933 1478 973 cum
1519 918 1666 974 Deus
1702 920 1882 975 bonus
1911 917 2010 982 sit,

434 1015 616 1071 omnis
652 1013 900 1086 profecto
933 1011 1062 1067 boni
1110 1022 1306 1066 auctor
1338 1021 1392 1067 et
1425 1012 1660 1082 largitor
1692 1020 1799 1078 est,
1833 1021 1892 1067 ut
1919 1012 2012 1084 qui

435 1123 536 1163 nec
579 1105 812 1168 invidia,
863 1120 965 1160 nec
1013 1104 1145 1160 ullis
1222 1105 1580 1172 passionibus
1659 1104 2015 1161 aliectibusve

433 1197 708 1252 laboret".
744 1195 1056 1250 invidentia
1086 1195 1360 1266 siquidem
1391 1197 1584 1266 procul
1615 1198 1772 1250 abest
1804 1211 1832 1248 a
1865 1196 2012 1250 divi-

435 1304 503 1342 na
538 1297 734 1342 natura
764 1305 778 1354 ;
815 1289 1021 1358 quippe
1062 1302 1187 1357 qua)
1235 1289 1419 1342 omnis
1451 1287 1889 1357 perturbationis
1916 1303 2012 1341 cx-

433 1395 580 1450 pers,
611 1379 844 1450 solaque
867 1380 1012 1434 bona
1042 1387 1148 1434 est.
1193 1378 1450 1444 Proinde,
1484 1395 1611 1435 eum
1651 1389 1850 1434 cuncta
1883 1395 2012 1450 per-

435 1483 621 1542 specta
671 1473 890 1534 habeat,
939 1482 994 1526 et
1050 1471 1200 1541 quod
1247 1471 1450 1542 cuique
1505 1470 1860 1526 conducibile
1935 1472 2015 1526 sit

434 1563 801 1626 administrct,
827 1561 878 1616 id
899 1561 1049 1631 quod
1074 1569 1261 1616 nostra
1285 1562 1430 1617 scire
1454 1562 1735 1628 intererat,
1758 1562 1974 1632 aperuit
2001 1581 2014 1617 :

435 1653 696 1723 quodque
727 1653 875 1708 vires
900 1659 1124 1708 nostras
1152 1659 1206 1708 et
1227 1663 1448 1723 captum
1481 1653 1793 1719 excederet,
1819 1654 2010 1708 tacuit.

2121 553 2535 624 παραδεδομένα
2586 556 2718 624 ⁴ἡμῖν
2750 555 2840 609 διά
2895 572 2955 607 τε
3006 555 3214 625 νόμου,
3251 557 3346 608 καὶ
3392 554 3715 628 προφητῶν,

2118 644 2215 698 καὶ
2241 646 2574 712 ἀποστόλων,
2611 647 2705 699 καὶ
2728 647 3132 716 εὐαγγελιστῶν
3170 648 3462 718 δεχόμεθα,
3500 649 3594 702 καὶ
3621 666 3709 716 γι·

2117 739 2433 808 νώσκομεν,
2461 739 2552 793 καὶ
2610 740 2843 812 σέϐομεν
2869 783 2883 807 ,
2917 741 3074 795 οὐδὲν
3122 743 3440 814 περαιτέρω
3500 742 3712 795 τούτων

2117 830 2532 900 ἐπιζητοῦντες·
2565 832 2768 902 ἀγαθὸς
2795 833 2904 903 γὰρ
2933 832 3011 887 ὣν
3040 833 3069 885 ὁ
3095 832 3249 896 Θεὸς,
3267 833 3469 897 παντὸς
3499 834 3712 903 ἀγαθοῦ

2114 923 2449 991 παρεκτικός
2481 924 2649 990 ἐστιν,
2686 924 2747 976 οὗ
2803 923 3016 998 φθόνῳ,
3047 923 3168 978 οὐδὲ
3215 923 3380 980 πάθει
3427 925 3530 978 τινὶ
3579 927 3720 979 ὑπο-

2112 1014 2389 1084 κείμενος.
2447 1014 2684 1084 Μακράν
2732 1013 2840 1085 γὰρ
2893 1017 2994 1086 τῆς
3052 1015 3204 1079 θείας
3241 1014 3456 1084 φύσεως
3493 1016 3712 1084 φθόνος,

2109 1107 2210 1176 τῆς
2242 1122 2306 1173 γε
2345 1105 2591 1168 ἀπαθοῦς
2637 1107 2731 1159 καὶ
2768 1106 2938 1177 μόνης
2994 1105 3228 1176 ἀγαθῆς.
3272 1107 3363 1170 Ὧς
3400 1103 3494 1160 οὖν
3526 1107 3712 1160 πάντα.

2109 1197 2283 1261 εἰδὼς,
2311 1197 2407 1250 καὶ
2431 1197 2492 1250 τὸ
2517 1198 2797 1268 συμφέρον
2824 1198 3041 1268 ἑκάστῳ
3070 1197 3356 1268 προμηθού
3366 1214 3545 1267 μενος,
3569 1196 3710 1265 ὅπερ

2111 1289 2405 1358 συνέφερεν
2454 1290 2585 1359 ἡμῖν
2629 1289 2831 1356 γνῶναι
2880 1289 3232 1358 ἀπεκάλυψεν
3271 1304 3285 1318 ·
3320 1289 3458 1358 ὅπερ
3493 1288 3549 1341 δὲ
3607 1289 3707 1340 οὐκ

2111 1381 2418 1452 ἐδυνάμεθα
2438 1390 2461 1418 ο
2491 1381 2679 1451 φέρειν
2719 1381 3098 1452 ἀπεσιώπησε.
3118 1382 3307 1436 Ταῦτα
3336 1383 3499 1452 ἡμεῖς
3539 1380 3700 1448 στέρ-

2115 1473 2330 1544 ξωμεν,
2361 1473 2454 1526 καὶ
2501 1475 2558 1525 ὲν
2615 1475 2798 1536 αὐτοῖς
2857 1473 3168 1543 μείνωμεν,
3219 1473 3294 1542 μὴ
3353 1470 3707 1542 μεταίροντες

2114 1565 2238 1636 ὅρια
2277 1564 2494 1631 αἰώνια,
2528 1564 2664 1635 μηδὲ
2723 1564 3146 1636 ὑπερϐαίνοντες
3201 1563 3300 1635 τὴν
3347 1563 3498 1617 θείαν
3527 1562 3710 1631 παρὰ·

2118 1657 2282 1709 δοσιν.

437 1743 532 1799 llis
588 1745 770 1812 itaque
799 1744 1044 1800 contenti
1073 1744 1284 1800 simu3°
1315 1744 1370 1799 in
1410 1743 1497 1800 his
1523 1743 1850 1810 haereamtts,
1895 1760 1995 1802 nec
2037 1749 2304 1804 terminos
2357 1748 2637 1819 antiquos,
2711 1748 3173 1820 traditionemque
3226 1749 3467 1804 divinam
3530 1755 3714 1801 trans-

433 1836 744 1901 grcdiatnur
759 1835 800 1890 ⁸.

1123 1975 1278 2034 CAP.
1310 1977 1374 2032 ll.

431 2088 515 2142 De
530 2088 615 2142 itis
643 2104 760 2158 qua:
777 2077 1013 2143 sermone
1035 2090 1260 2158 exprimi
1285 2101 1522 2157 possunt,
1546 2092 1623 2146 vel
1644 2108 1746 2146 non
1763 2101 2005 2158 possunt;

501 2160 629 2232 item,
653 2159 718 2212 de
740 2160 957 2232 hisque:
988 2160 1044 2211 in
1074 2160 1423 2230 cognitionem
1453 2163 1670 2227 cadunt,
1702 2172 1750 2218 et
1777 2178 1894 2232 qua:
1919 2179 2006 2216 co-

499 2231 784 2300 gnitionem
814 2229 1046 2299 fugiunt.

501 2337 761 2404 Quaedam
789 2337 852 2392 de
884 2337 990 2392 Deo
1020 2337 1312 2409 intelligere
1362 2355 1665 2408 possumus,
1714 2358 1817 2396 non
1845 2343 2005 2412 loqui.

428 2460 497 2470 ——
526 2429 694 2484 Plane
729 2429 918 2498 itaque
941 2437 1141 2484 noscat
1171 2443 1398 2485 necesse
1423 2438 1532 2492 est,
1561 2431 1655 2501 'qui
1683 2431 1751 2487 de
1783 2431 1891 2486 Deo
1927 2431 2008 2486 lo-

429 2521 524 2589 qui
556 2521 637 2575 vel
671 2520 864 2575 audire
911 2519 1115 2584 studet,
1156 2534 1222 2574 ea
1271 2536 1395 2590 qute
1424 2519 1491 2575 ad
1519 2520 1854 2587 doctrinam,
1891 2531 2006 2576 tum

429 2615 496 2668 de
534 2612 848 2676 divinitate,
872 2619 992 2666 tum
1035 2610 1103 2665 de
1159 2611 1543 2665 incarnatione
1577 2621 1847 2682 spectant,
1885 2627 2006 2668 eam

435 2705 706 2758 rationem
749 2703 973 2769 habere,
1012 2711 1073 2756 ut
1123 2718 1226 2758 nec
1256 2703 1438 2757 omnia
1475 2705 1584 2757 vim
1623 2717 1841 2758 onmem
1882 2717 2008 2758 ora~

432 2799 602 2854 tionis
660 2804 948 2866 superent,
1024 2810 1125 2850 nec
1174 2796 1362 2850 omnia
1414 2809 1669 2850 sermone
1738 2795 2007 2866 explicari

431 2897 632 2958 queant
657 2905 672 2953 ;
699 2888 937 2956 itemque
961 2902 1063 2941 nec
1095 2887 1469 2956 cognitionem
1506 2897 1754 2942 nostram
1789 2889 2009 2958 pcnittts

434 2980 664 3051 fugiant,
701 2993 801 3032 nec
833 2979 1052 3048 penitus
1095 2977 1152 3031 iu
1179 2993 1300 3032 eam
1343 2977 1544 3034 cadant
1569 2980 1612 3031 θ.
1647 2979 1809 3033 Aliud
1846 2994 2009 3049 porro

431 3081 517 3128 est
555 3071 699 3141 quod
740 3070 994 3141 cognosci
1022 3078 1225 3139 potest,
1261 3069 1410 3125 aliud
1443 3070 1587 3140 quod
1625 3070 1732 3124 diei
1771 3089 1784 3126 :
1825 3088 2010 3140 quem-

433 3165 728 3222 admodum
770 3163 1018 3219 videlicet
1066 3163 1213 3216 aliud
1261 3171 1348 3220 est
1408 3163 1577 3233 loqui,
1639 3172 1803 3232 atque
1861 3163 2009 3218 aliud

433 3271 790 3328 cognoscere.
840 3255 1006 3310 Multa
1060 3255 1228 3326 igitur
1272 3271 1336 3310 ex
1395 3255 1464 3310 iis
1492 3271 1616 3326 quae
1669 3257 1909 3311 obscure
1942 3257 2010 3312 de

2044 1967 2091 2026 Β

2726 1976 2979 2029 ΚΕΦΛΛ.
3021 1976 3075 2027 B'

2117 2089 2256 2158 Περὶ
2281 2086 2504 2158 ῥητῶν,
2553 2089 2650 2142 καί
2701 2087 3079 2157 ἀπορῤήτων,
3111 2089 3206 2142 καὶ
3260 2088 3564 2158 γνωστῶν,
3606 2092 3711 2146 καὶ

2738 2159 3088 2228 ἀγνώστων.

2182 2336 2304 2407 Χρὴ
2328 2329 2420 2389 οὖν
2457 2336 2552 2388 τὸν
2579 2337 2706 2407 περὶ
2735 2335 2872 2389 Θεοῦ
2905 2336 3089 2405 λέγειν
3118 2336 3151 2406 ἢ
3186 2334 3408 2390 ἀκούειν
3441 2334 3709 2403 βουλόμε-

2112 2446 2223 2495 νον,
2265 2428 2451 2498 σαφῶς
2500 2411 2738 2492 εἰδέναι,
2764 2428 2841 2492 ὡς
2894 2427 3016 2481 οὐδὲ
3067 2426 3245 2480 πάντα
3295 2427 3553 2498 ἄρρητα,
3582 2425 3710 2478 οὐδὲ

2112 2521 2290 2576 πάντα
2325 2519 2486 2590 ρητά,
2504 2520 2574 2574 τά
2609 2537 2669 2572 τε
2702 2520 2802 2588 τῆς
2843 2519 3145 2588 θεολογίας,
3174 2517 3245 2572 τά
3275 2535 3336 2570 τε
3372 2501 3472 2585 τῆς
3506 2517 3711 2570 οἰκονο»

2114 2610 2240 2680 μίας
2267 2625 2281 2640 ³
2328 2608 2453 2662 οὔτε
2509 2608 2690 2663 πάντα
2735 2609 3016 2677 ἄγνωστα,
3051 2607 3176 2661 οὔτε
3212 2607 3391 2660 πάντα
3440 2604 3658 2674 γνωστά
3689 2606 3708 2622 ⁸

2109 2703 2295 2774 ἕτερον
2327 2702 2387 2755 δέ
2435 2702 2553 2755 ἐστι
2602 2701 2666 2756 τὸ
2712 2701 2977 2770 γνωστὸν,
3012 2701 3107 2754 καὶ
3155 2701 3344 2770 ἕτερον
3388 2700 3448 2752 τὸ
3489 2698 3654 2768 ῥητόν
3691 2717 3706 2730 ο

2109 2794 2301 2864 ὥσπερ
2328 2793 2456 2848 ἄλλο
2482 2793 2545 2847 τὸ
2572 2793 2776 2861 λαλεῖν,
2799 2793 2894 2847 καὶ
2921 2793 3050 2848 ἄλλο
3085 2793 3147 2846 τὸ
3175 2790 3491 2862 γινώσκειν.
3525 2788 3713 2843 Πολλὰ

2110 2888 2288 2942 τοίνυν
2323 2887 2434 2940 τῶν
2456 2887 2585 2960 περὶ
2613 2885 2750 2940 Θεοῦ
2781 2886 3040 2957 ἀμυδρῶς
3060 2882 3452 2969 νοουμένωνςού
3477 2882 3712 2952 καιρίως

2111 2981 2486 3052 έκφρασθῆναι
2550 2978 2773 3033 δύναται
2796 2995 2809 3010 °
2847 2979 2982 3033 ἀλλά
3035 2979 3104 3032 τὰ
3163 2976 3286 3030 καθ’
3310 2977 3461 3047 ἡμᾶς
3485 3013 3502 3037 ,
3534 2975 3709 3041 ἀναγ-

2111 3071 2390 3142 καζόμεθα
2442 3072 2540 3124 ἐπὶ
2575 3070 2684 3123 τῶν
2743 3071 2884 3141 ὑπὲρ
2927 3071 3077 3142 ἡμᾶς
3110 3069 3294 3138 λέγειν
3325 3084 3339 3098 ο
3373 3067 3566 3133 ὥσπερ
3615 3064 3712 3115 ἐπὶ

2110 3163 2245 3218 Θεοῦ
2281 3163 2512 3234 λέγομεν
2549 3162 2736 3226 ὕπνον,
2754 3164 2848 3216 καὶ
2875 3161 3067 3234 ὀργὴν,
3093 3162 3187 3215 καὶ
3213 3159 3494 3231 ἀμέλειαν,
3519 3155 3714 3227 χεῖράς

2109 3275 2194 3322 τε,
2221 3257 2314 3310 καὶ
2340 3255 2526 3322 πόδας,
2559 3257 2650 3308 καὶ
2681 3255 2751 3308 τά
2778 3254 3020 3309 τοιαῦτα.

435 3351 548 3408 Deo
579 3352 980 3422 intelliguntur.
1019 3364 1128 3404 non
1179 3350 1312 3405 satis
1348 3351 1636 3406 commode
1672 3353 2002 3422 proprieque
2041 3350 2222 3408 eﬂerri
2254 3362 2526 3422 possunt;
2561 3351 2946 3422 cogimurque,
2980 3364 3106 3404 cum
3175 3348 3247 3404 de
3313 3347 3479 3402 rebus
3538 3357 3711 3412 supra

435 3465 538 3504 nos
569 3446 762 3517 positis
797 3459 980 3500 sermo
1008 3443 1169 3498 liOl'tiS
1203 3452 1309 3504 est,
1353 3457 1505 3497 more
1565 3442 1808 3497 humano
1857 3444 2044 3514 loqui;
2090 3453 2150 3499 ut
2180 3460 2306 3501 cum
2358 3445 2426 3500 de
2479 3443 2590 3499 Deo
2635 3443 2802 3500 verba
2860 3441 3128 3497 iacientes
3201 3451 3486 3502 somnum,
3537 3437 3708 3501 iram,

435 3542 731 3606 incuriam,
763 3554 1090 3608 manusque,
1122 3553 1187 3592 ac
1224 3537 1412 3606 pedes.
1452 3536 1668 3607 aliaque
1721 3537 1775 3592 id
1825 3553 1996 3607 genus
2033 3540 2300 3596 vocabula
2335 3555 2689 3611 usurpamus.

509 3639 640 3702 Qua:
671 3643 720 3688 et
769 3632 1067 3701 intelligere
1101 3640 1152 3684 et
1187 3630 1330 3700 loqui
1375 3646 1770 3700 possumus.—
1792 3629 1858 3684 Et
1887 3630 2011 3701 qui-
2039 3637 2084 3694 α

437 3731 560 3786 dem
595 3728 740 3800 quod
775 3727 921 3782 Deus
971 3725 1128 3779 initio
1165 3740 1228 3778 ac
1263 3724 1372 3780 line
1423 3732 1632 3789 careat,
1663 3722 1810 3794 quod
1859 3731 2018 3778 mter-

440 3838 567 3886 nus,
597 3819 1079 3888 sempiternttsque
1126 3815 1219 3881 sit,
1260 3815 1406 3885 quod
1456 3815 1760 3880 increatus,
1813 3813 2017 3868 immu-

439 3911 646 3972 tabilis,
678 3909 745 3963 ab
775 3907 923 3962 omni
979 3905 1306 3961 alteratione
1347 3905 1505 3968 liber,
1553 3905 1808 3973 simplex,
1861 3919 2018 3959 com-

443 4001 736 4072 positionis
789 4013 1015 4067 expers,
1071 3996 1460 4065 incorporetts,
1509 3994 1823 4059 invisibilis,
1868 3995 2018 4066 tangi

443 4092 688 4157 nescius,
738 4089 1274 4158 incircumscriptus,
1313 4094 1368 4142 et
1421 4087 1674 4142 inﬁnitus
1730 4088 1836 4152 sit;
1871 4085 2019 4157 quod

442 4182 809 4253 cognitionem
846 4195 1067 4236 omnem
1106 4177 1279 4248 fugiat
1307 4194 1321 4242 ;
1345 4176 1490 4246 quod
1527 4177 1767 4246 cogitatu
1821 4176 2017 4245 major,

443 4271 966 4340 incomprehensus,
1013 4267 1215 4328 bonus,
1265 4265 1471 4334 justus,
1528 4275 1837 4320 creatorum
1902 4281 2022 4319 om-

443 4364 596 4418 nium
662 4359 872 4432 Opil‘ex,
922 4357 1107 4424 omnia
1177 4366 1394 4427 potens,
1455 4357 1637 4410 omnia
1705 4357 2018 4422 continens,

443 4453 694 4508 omnium
757 4451 1058 4521 inspector,
1113 4447 1358 4502 omnium
1429 4447 1710 4517 provisor,
1753 4455 2022 4517 potestate

445 4550 772 4610 decernens,
827 4560 891 4600 ac
951 4543 1192 4614 denique
1243 4541 1406 4611 iudex
1459 4541 1569 4608 sit;
1600 4540 1735 4604 haec,
1772 4541 2021 4611 inquam,

445 4642 631 4696 omnia
668 4647 724 4696 et
761 4638 994 4702 scimus,
1045 4643 1100 4692 et
1144 4633 1520 4690 conﬁtemur:
1570 4632 1816 4702 illudque
1870 4632 2020 4698 item,

445 4732 594 4802 quod
654 4745 798 4785 unus
861 4727 934 4782 sit
975 4726 1154 4791 Deus,
1209 4725 1312 4780 hoc
1366 4733 1455 4782 est
1510 4737 1618 4778 una
1671 4721 2020 4801 substantia;

447 4822 706 4894 quodque
747 4821 801 4875 in
859 4819 1038 4875 tribus
1074 4825 1408 4888 agnoscatur
1453 4823 1508 4872 ct
1564 4816 1795 4872 exsistat
1836 4831 2026 4886 perso-

448 4917 557 4983 nis,
597 4914 859 4968 nimirum
903 4912 957 4965 in
985 4909 1144 4964 Patre
1177 4907 1419 4963 et’Filio
1459 4915 1513 4962 et
1539 4903 1750 4976 Spiritu
1786 4917 1981 4964 sancto
2009 4927 2021 4962 :

2189 3631 2312 3685 Ὀτι
2357 3632 2456 3702 μὲν
2500 3624 2594 3684 οὖν
2650 3631 2768 3682 ἐστι
2827 3627 2958 3690 Θεὸς
3011 3625 3274 3696 ἄναρχος,
3322 3620 3710 3689 ἀτελεύτητος,

2119 3721 2338 3786 αἰώνιός
2378 3740 2437 3775 τε
2487 3721 2583 3775 καὶ
2621 3721 2790 3782 ἀΐδιος
2810 3761 2825 3783 ,
2857 3720 3109 3780 ἀκτιστος
3131 3757 3147 3782 ,
3177 3717 3448 3786 ἄτρεπτος
3473 3753 3488 3776 ,
3539 3712 3710 3766 ἀναλο

2119 3814 2364 3880 λοίωτσς,
2417 3811 2626 3875 ἁπλοῦς
2657 3852 2670 3876 ,
2703 3810 2999 3873 ἀσύνθετος
3021 3849 3036 3874 ,
3065 3806 3358 3876 ἀσώματος
3380 3844 3394 3867 ,
3431 3804 3666 3874 ἀόρατος
3694 3847 3710 3868 ,

2119 3904 2352 3976 ἀναφὴς,
2389 3902 2818 3974 ἀπερίγραπτος,
2837 3902 3084 3970 ἄπειρος,
3110 3895 3487 3966 ἀπερινόητος,
3505 3892 3709 3963 ἀπερί-

2119 3996 2346 4066 ληπτος,
2380 3993 2780 4064 ἀκατάληπτος,
2815 3990 3039 4060 ἀγαθὸς,
3077 3988 3305 4052 δίκαιος,
3340 3986 3559 4039 πάντων
3587 3999 3699 4035 κτιι

2122 4089 2346 4170 σμάτων
2403 4085 2738 4158 δημιουργὸς
2768 4125 2782 4149 ,
2816 4080 3227 4166 παντοδύναμος
3251 4117 3267 4143 ,
3304 4076 3708 4170 παντοκράτωρ

2121 4167 2526 4248 παντεπόπτης,
2568 4176 2790 4230 πάντων
2822 4171 3154 4245 προνοητὴς,
3182 4167 3560 4237 ὲξουσιαστὴς,
3582 4167 3709 4235 κρί-

2121 4289 2240 4340 της,
2263 4270 2358 4323 καὶ
2407 4268 2766 4338 γινώσκομεν,
2803 4266 2898 4320 καὶ
2937 4262 3308 4335 ὁμολογοῦμεν
3339 4279 3350 4291 ·
3389 4260 3484 4312 καὶ
3508 4259 3591 4312 ὃτι
3623 4251 3708 4320 εἷς

2122 4366 2240 4418 ἐστι
2277 4362 2431 4430 Θεὸς,
2464 4363 2635 4431 ἧγουν
2673 4359 2769 4431 μία
2803 4358 2960 4412 οὐσία
2986 4374 2998 4386 ·
3031 4357 3124 4410 καὶ
3155 4356 3238 4409 δτι
3269 4355 3325 4407 ὲν
3359 4351 3536 4423 τρισὶν
3565 4349 3708 4401 ὑπο-

2123 4453 2344 4507 στάσεσι
2391 4449 2718 4521 γνωρίζεταί
2757 4466 2818 4501 τε
2861 4448 2954 4502 καί
2989 4448 3137 4500 ἐστιν
3160 4463 3173 4475 ·
3209 4444 3387 4514 Πατρί
3421 4457 3582 4510 φημι,
3607 4440 3712 4491 καὶ

2123 4537 2238 4612 Υἱῷ
2273 4580 2288 4607 ,
2321 4540 2413 4594 καὶ
2464 4539 2604 4608 ἁγίῳ
2655 4536 2973 4608 Πνεύματι’
3024 4536 3119 4590 καὶ
3173 4535 3255 4588 ὅτι
3286 4531 3314 4582 ό
3365 4529 3554 4599 Πατὴρ
3608 4527 3714 4580 καὶ

2124 4631 2252 4696 Υἱὸς
2298 4631 2391 4686 καὶ
2433 4631 2496 4684 τὸ
2525 4630 2747 4700 Πνεῦμα
2779 4629 2840 4682 τὸ
2877 4627 3030 4696 ἅγιον
3087 4625 3229 4680 κατά
3278 4622 3458 4675 πάντα
3484 4619 3543 4672 ἓν
3573 4619 3708 4681 εἰσι,

2126 4720 2266 4790 πλὴν
2319 4720 2421 4790 τῆς
2451 4719 2800 4790 ἀγεννησίας,
2830 4719 2926 4772 καὶ
2954 4718 3051 4786 τῆς
3104 4717 3432 4785 γεννήσεως,
3467 4710 3562 4763 καὶ
3607 4709 3714 4777 τῆς

2126 4813 2540 4883 ὲκπορεύσεωςο
2591 4809 2688 4864 καὶ
2743 4812 2890 4865 ὃτιὸ
2941 4808 3234 4880 μονογενὴς
3285 4807 3411 4868 Υἱὸς
3460 4803 3554 4857 καὶ
3616 4801 3720 4854 A6-

2127 4923 2220 4976 γος
2271 4904 2364 4959 τοῦ
2415 4903 2549 4956 Θεοῦ
2594 4903 2688 4957 καὶ
2739 4903 2903 4967 Θεὸς,
2951 4900 3038 4954 διὰ
3093 4899 3378 4967 σπλάγχνα
3407 4895 3588 4956 ἐλέους
3616 4892 3724 4944 αὑ-
3769 4892 3779 4942 ’.

447 4978 564 5061 tum
617 5003 764 5074 quod
817 5001 982 5056 Pater
1030 5007 1084 5054 et
1139 4996 1309 5051 Filius
1373 5004 1428 5052 et
1485 4997 1728 5067 Spiritus
1795 5007 2015 5053 sanctus

2129 4997 2246 5064 τοῦ,
2269 4996 2356 5050 διὰ
2397 4995 2496 5067 τὴν
2539 4995 2816 5066 ἡμετέραν
2856 4992 3165 5064 σωτηρίαν,
3202 4989 3422 5059 εὐδοκία
3454 4985 3546 5040 τοῦ
3599 4983 3725 5034 Πα-

451 5113 619 5153 unum
671 5093 900 5150 omnino
951 5093 1083 5154 sint,
1137 5097 1363 5159 excepta
1419 5089 1674 5160 ingeniti,
1717 5089 2028 5158 generatio-

449 5191 672 5259 .tisquc,
703 5194 760 5241 et
787 5181 1160 5256 processionis
1207 5181 1581 5252 proprietate;
1614 5183 1841 5250 insuper
1880 5180 2025 5250 quod

451 5280 775 5350 unigenitus
819 5277 992 5332 Filius
1039 5285 1095 5331 et
1132 5271 1373 5329 Verbum
1423 5273 1539 5336 Dei,
1587 5287 1650 5327 ac
1703 5272 1865 5337 Deus,
1929 5288 2024 5343 per

2133 5086 2283 5158 τρὸς,
2319 5084 2413 5138 καὶ
2445 5085 2708 5156 συνεργίᾳ
2739 5082 2832 5137 τοῦ
2865 5083 3132 5150 πσναγίου
3167 5079 3501 5148 Πνεύματος.
3536 5078 3728 5130 ἀσπό-

2140 5199 2246 5254 ρως
2297 5179 2624 5250 συλληφθεὶς
2648 5220 2660 5244 ,
2691 5178 2946 5250 ἀφθόρως
2986 5180 3050 5231 ἐκ
3091 5177 3188 5246 τῆς
3233 5175 3394 5242 ἀγίας
3434 5171 3727 5238 Παρθένου

2135 5273 2230 5328 καὶ
2282 5271 2550 5326 Θεοτόκου
2605 5272 2826 5343 Μαρίας
2880 5271 3196 5339 γεγέννηται
3250 5265 3337 5319 διὰ
3396 5261 3733 5331 Πνεύματος

529 5460 552 5491 ⁸
578 5459 802 5529 Dionys.
830 5473 878 5513 c.
923 5459 944 5512 t
985 5455 1068 5529 De
1089 5455 1369 5529 divinam.
1451 5455 1470 5483 ⁷
1502 5451 1667 5522 Greg.
1693 5451 1825 5505 Naz.
1861 5458 2010 5507 orat.
2037 5450 2127 5505 54.
2205 5451 2225 5482 ⁸
2250 5451 2411 5509 Prov.
2457 5469 2594 5519 xxn,
2622 5445 2752 5507 28."
2790 5447 2810 5480 '
2841 5446 3062 5516 Dionys.
3097 5457 3217 5514 cap.
3246 5441 3266 5496 l
3303 5438 3375 5494 De
3405 5435 3510 5493 div.
3542 5451 3729 5499 nam”

457 5532 620 5601 Greg.
654 5526 789 5586 Naz.
822 5536 962 5584 orat.
1007 5527 1075 5582 54
1099 5537 1157 5580 et
1179 5526 1266 5578 57.

1721 5656 1954 5712 \'.\l‘tl.E
1997 5652 2397 5714 LECTiONES.

535 5766 556 5796 ⁸
595 5755 736 5812 Ιίιίὶῐ.
764 5755 862 5807 οὐκ
884 5753 1076 5822 (iw-5.3..
1117 5751 1179 5806 li.
1216 5754 1372 5819 3571!,
1406 5753 1496 5804 καὶ
1529 5751 1552 5802 ὦ
1582 5752 1639 5802 ab
1665 5752 1856 5817 (leniit.
