3962 6300
333 364 447 427 793

1426 368 1522 427 DE
1564 367 1742 427 FIDE
1781 367 2246 432 ORTHODOXA
2286 375 2427 437 LIB.
2459 378 2505 438 Ι.

3482 386 3593 452 79$

322 479 525 547 ἁγίου,
573 475 666 530 καὶ
723 475 1010 547 ἄνθρωπος
1065 478 1268 541 τέλειος
1330 479 1391 544 ἐξ
1444 481 1616 551 αὐτῆς
1666 480 1855 549 γέγονε
1887 497 1898 511 ·

2006 484 2227 571 viscera»
2269 488 2654 547 misericordiae
2709 510 2841 565 sua},
2899 500 2970 557 ob
3020 501 3258 559 salutem
3313 514 3583 571 nostram,

319 572 417 624 καὶ
472 570 554 622 ὅτι
582 570 610 622 ὀ
641 568 803 632 αὐτὸς
841 568 975 633 Θεὸς
1034 570 1237 635 τέλειός
1282 571 1429 625 ἐστιν
1475 572 1613 641 ὁμοῦ
1666 573 1762 626 καὶ
1816 572 1913 626 ἄν·

320 663 542 731 θρωπος
562 659 787 725 τέλειος,
821 660 887 713 ὲκ
908 659 1002 714 δύο
1032 660 1265 730 φύσεων,
1300 662 1556 734 θεότητός
1592 680 1651 716 τε
1682 664 1779 717 καὶ
1812 664 1911 716 ἀν-

321 751 678 822 Θρωπότητος
700 789 715 815 ,
739 751 833 805 καὶ
865 752 922 803 ἐν
970 750 1066 804 δύο
1097 751 1293 822 φύσεσι
1320 755 1535 824 νοεραῖς
1553 796 1568 819 ,
1598 752 1916 822 οελητικαῖς

319 861 379 896 τε
426 843 521 897 καὶ
562 845 964 915 ὲνεργητικαῖς,
1004 845 1099 897 καὶ
1141 845 1542 912 αὐτεξουσίως,
1590 846 1685 899 καὶ
1726 845 1917 909 ἀπλῶς

321 935 515 999 εἰπεῖν,
548 934 770 999 τελείως
809 935 1062 1005 ἐχούσαις
1085 935 1225 990 κατά
1251 937 1342 990 τὸν
1389 937 1593 1007 ἑκάστῃ
1634 935 1913 1007 πρέποντα

318 1024 446 1096 ὅρον
500 1042 562 1077 τε
617 1028 713 1079 καὶ
760 1025 919 1093 λόγον
947 1042 959 1056 ·
994 1025 1211 1096 θεότητί
1270 1043 1331 1079 τε
1384 1026 1479 1080 καὶ
1534 1025 1914 1097 ἀνθρωπότητί

322 1134 501 1187 φημι*
540 1119 639 1189 μιᾷ
684 1117 744 1171 δὲ
797 1118 1037 1188 συνθέτῳ
1070 1119 1401 1172 ὑποστάσει·
1432 1119 1514 1172 ὅτι
1556 1134 1616 1171 τε
1657 1117 1911 1188 ὲπείνησε

321 1207 417 1259 καὶ
442 1204 684 1276 ἐδίψησε,
713 1208 809 1260 καὶ
837 1208 1119 1272 ἐκοπίασε,
1161 1206 1257 1260 καὶ
1301 1205 1647 1277 ἐσταυρώθη,
1688 1205 1782 1258 καὶ
1813 1205 1911 1258 θα-

2015 570 2250 641 benigna
2276 571 2458 631 Patris
2486 579 2765 637 voluntate
2789 623 2804 646 ,
2857 600 2922 643 ae
2966 589 3300 645 sanctissimi
3347 570 3584 661 Spiritus

2017 662 2431 751 cooperatione,
2467 667 2673 738 absque
2719 676 2929 731 semine
2979 690 3304 751 conceptus,
3340 681 3476 734 citra
3503 682 3584 735 ul-

2014 747 2124 803 lam
2172 756 2589 824 corruptionem
2640 776 2707 816 ex
2762 774 2952 821 sancta
2980 747 3207 841 Virgine
3242 772 3448 841 Deique
3476 770 3583 828 Gc-

2016 841 2219 899 nitriee
2275 845 2448 903 Maria
2486 866 2584 920 per
2635 851 2904 925 Spiritum
2968 873 3222 916 sanctum
3275 874 3437 919 natus
3491 865 3582 927 sit,

2015 940 2185 1022 atque
2210 950 2279 991 ex
2307 951 2377 993 ea
2429 939 2594 997 homo
2630 944 2911 1013 perfectus
2966 952 3241 1006 exstiterit
3273 972 3287 1007 :
3327 936 3586 1022 quodque

2014 1020 2164 1077 idem
2191 1025 2360 1082 simul
2410 1038 2463 1085 et
2499 1032 2775 1101 perfectus
2818 1036 2961 1093 Deus
3009 1048 3063 1093 et
3116 1020 3395 1109 perfectus
3425 1020 3586 1095 homo

2010 1112 2108 1176 sit,
2153 1130 2222 1169 ex
2261 1118 2479 1177 duabus
2534 1126 2773 1190 naturis,
2828 1128 3217 1197 intelligentia,
3273 1133 3579 1197 voluntate,

2014 1203 2208 1272 agendi
2244 1203 2527 1272 facultate,
2561 1220 2725 1281 atque
2755 1215 2972 1271 arbitrii
3005 1225 3275 1287 potestate
3318 1219 3582 1289 praeditis;

319 1297 482 1348 νάτου
517 1298 611 1351 καὶ
642 1297 824 1367 ταφῆς
859 1300 1055 1367 πεῖραν
1084 1297 1304 1362 ἐδέξατο
1343 1297 1643 1367 τριήμερος
1666 1336 1683 1363 ,
1706 1295 1802 1350 καὶ
1829 1297 1898 1357 είς

2015 1301 2204 1364 atque,
2235 1304 2295 1350 ut
2326 1302 2496 1355 verbo
2521 1302 2722 1369 dicam,
2756 1305 2811 1360 in
2835 1308 3042 1377 quibus
3069 1309 3369 1364 secundum
3400 1308 3587 1363 deﬁni-

319 1388 584 1458 οὐρανοὺς
636 1389 1011 1459 ἀνεφοίτησεν,
1058 1388 1179 1442 ὅθεν
1231 1389 1327 1441 καὶ
1372 1388 1508 1459 πρὸς
1535 1387 1684 1457 ἡμᾶς
1725 1403 1898 1456 ’τιεαρα⁴

2008 1384 2220 1442 tionem
2252 1389 2410 1460 125
2440 1406 2507 1447 ac
2538 1395 2808 1451 rationem
2866 1400 3100 1468 utrique,
3129 1400 3235 1454 hoc
3271 1408 3356 1455 est
3384 1400 3585 1454 divini-

319 1478 531 1547 γέγονε,
561 1479 657 1532 καὶ
688 1480 1127 1551 παραγενήσεται
1159 1478 1321 1532 πάλιν
1371 1480 1451 1538 είς
1504 1477 1733 1548 ὕστερον
1757 1492 1774 1510 ο
1806 1475 1898 1530 καὶ

2005 1477 2103 1531 tati
2130 1485 2186 1532 et
2225 1478 2578 1548 humanitati,
2622 1497 2788 1557 atque
2829 1490 2922 1543 uni
2979 1505 3225 1559 persona:
3269 1506 3583 1561 congruen-

316 1568 350 1636 ἡ
384 1567 506 1621 θεία
544 1569 734 1640 Γραφὴ
788 1568 999 1640 μάρτυς
1022 1608 1037 1633 ,
1064 1570 1160 1622 καὶ
1211 1569 1320 1632 πᾶς
1359 1570 1387 1622 ὀ
1431 1568 1543 1622 τῶν
1596 1568 1768 1637 ἁγίων
1802 1585 1896 1639 χο-

2004 1576 2134 1634 tem,
2170 1571 2304 1625 nihil
2350 1574 2575 1630 omnino
2608 1576 2782 1645 desit;
2836 1582 2981 1646 quod
3028 1582 3255 1652 insuper
3300 1582 3582 1642 esurierit.

316 1659 433 1729 ράς,
2002 1660 2220 1729 sitierit,
2248 1661 2520 1734 fueritque
2540 1666 2799 1739 fatigatus
2819 1677 2872 1725 et
2891 1671 3118 1727 snmxns
3162 1673 3337 1739 cruci,
3360 1672 3584 1725 mortis-

316 1767 425 1820 que
476 1766 542 1805 ae
586 1752 880 1822 sepulturae
949 1752 1255 1822 periculum
1309 1748 1523 1815 fecerit,
1591 1749 1883 1821 triduoque
1923 1759 2049 1820 post
2081 1757 2467 1820 resurrexerit,
2506 1767 2560 1812 et
2614 1761 2666 1813 in
2696 1762 2890 1828 ctelos,
2935 1765 3076 1819 unde
3112 1764 3179 1818 ad
3247 1779 3348 1819 nos
3412 1778 3583 1817 vene-

317 1849 423 1905 rat,
468 1856 723 1895 reversus
763 1842 855 1906 sit,
902 1855 967 1896 ac
1005 1840 1188 1895 denuo
1232 1839 1453 1895 tandem
1499 1848 1767 1896 venturus
1823 1840 1919 1905 sit,
1981 1848 2094 1895 tum
2159 1842 2346 1898 divina
2413 1844 2694 1918 Scriptura
2756 1859 3032 1919 testatur,
3102 1863 3213 1908 tum
3289 1855 3581 1909 universus

318 1942 633 1990 sanctorum
660 1936 889 1991 chorus.

386 2026 451 2077 Τί
492 2026 551 2079 δέ
587 2028 702 2080 ἐστι
733 2026 871 2080 Θεοῦ
901 2028 1090 2091 οὐσία,
1123 2028 1155 2097 ἢ
1206 2027 1325 2092 πῶς
1364 2030 1512 2082 ἐστιν
1539 2029 1597 2081 ὲν
1634 2028 1822 2090 πᾶσιν,
1858 2027 1891 2098 ἢ

2068 2024 2200 2090 Qum
2246 2042 2339 2081 nec
2400 2028 2693 2098 intelligere
2746 2047 3024 2100 possumus
3080 2049 3175 2087 nee
3226 2033 3394 2104 loqui.
3428 2037 3583 2092 —-At

313 2113 434 2176 πῶς
462 2115 655 2168 ἑαυτὸν
686 2115 931 2179 κενώσας
966 2118 993 2170 ὁ
1021 2116 1314 2187 μονογενὴς
1347 2117 1476 2181 ru;
1501 2118 1595 2170 καὶ
1618 2116 1772 2180 Θεὸς,
1806 2116 1904 2171 ἀν-

319 2213 535 2275 θρωπος
590 2206 812 2275 γέγονεν
856 2208 922 2262 ὲκ
978 2208 1324 2278 παρθενικῶν
1391 2209 1639 2278 αἱμάτων
1668 2249 1683 2273 ,
1726 2209 1898 2279 ἑτέρῳ

315 2296 468 2367 παρά
493 2297 593 2367 τὴν
622 2296 783 2367 φύσιν
810 2298 996 2369 θεσμῷ
1026 2298 1563 2369 πλαστουργηοεὶς,ἣ
1592 2298 1710 2362 πῶς
1743 2298 1908 2369 ἀϐρό-

314 2407 430 2458 χοις
460 2391 587 2443 croci.
614 2392 731 2453 τοῖς
781 2389 972 2445 ὕδασιν
1022 2390 1385 2460 ἐπεπόρευτο,
1418 2390 1515 2444 καὶ
1568 2390 1896 2461 ἀγνοοῦμεν,

312 2480 408 2532 καὶ
441 2479 622 2548 λέγειν
646 2480 705 2533 ού
732 2479 1027 2550 δυνάμεθα.
1059 2481 1132 2533 Ού
1178 2479 1407 2533 δυνατὸν
1444 2475 1537 2533 οὖν
1568 2497 1621 2533 τι
1653 2481 1803 2550 παρὰ
1830 2481 1901 2534 τὰ

312 2567 547 2631 causa;
584 2568 689 2621 ὑπὸ
716 2567 823 2620 τῶν
854 2568 1015 2622 οείων
1059 2568 1257 2637 λογίων
1306 2568 1405 2639 τῆς
1433 2585 1490 2621 τε
1529 2568 1776 2632 Παλαιᾶς
1806 2574 1899 2627 καὶ

309 2659 520 2728 Καινῆς
539 2659 812 2730 Διαθήκης
843 2661 975 2729 ἡμῖν
1013 2659 1577 2730 ἐκπεφασμὲνα,είτοι
1608 2661 1893 2730 εἰρημένα,

309 2751 405 2803 καὶ
438 2750 897 2822 πεφανερωμένα,
938 2751 1110 2803 εἰπεῖν
1139 2767 1192 2803 τι
1218 2750 1347 2821 περὶ
1377 2749 1536 2815 Θεοῦ,
1563 2750 1596 2820 ἢ
1638 2751 1776 2813 ὂλως
1804 2752 1893 2804 ὲν-

308 2859 522 2913 νοησαι.

2001 2130 2153 2181 vero,
2190 2118 2322 2187 quid
2364 2118 2457 2174 Dei
2513 2122 2825 2176 substantia
2861 2124 2951 2187 sit,
3000 2131 3096 2178 aut
3122 2140 3231 2195 quo
3279 2136 3438 2195 pacto
3463 2142 3582 2182 om-

2000 2206 2169 2263 nibus
2209 2210 2377 2265 rebus
2428 2210 2582 2277 insit,
2618 2212 2703 2266 vel
2739 2213 3015 2282 quomodo
3061 2213 3206 2270 Deus
3248 2232 3316 2270 ex
3352 2216 3462 2272 Deo
3490 2233 3580 2287 ge~

2001 2297 2150 2353 nitus
2204 2301 2301 2364 sit,
2335 2302 2415 2356 vel
2452 2303 2815 2372 processerit;
2853 2313 2948 2358 aut
2993 2320 3100 2373 qua
3138 2307 3355 2362 ratione
3378 2308 3577 2377 unige~

2002 2390 2153 2445 nitus
2182 2388 2355 2445 Filius
2387 2406 2452 2446 ac
2496 2394 2638 2447 Deus
2680 2408 2804 2448 sese
2833 2395 3181 2458 exinaniens,
3216 2410 3283 2449 ex
3317 2396 3584 2465 virgineis

2004 2481 2369 2548 sanguinibus
2405 2483 2571 2538 homo
2604 2484 2784 2539 factus
2827 2485 2916 2550 sit,
2951 2485 3110 2540 aliter
3134 2483 3384 2541 videlicet
3414 2503 3578 2556 quam

2004 2580 2215 2626 natura:
2260 2573 2344 2627 lex
2402 2573 2563 2640 ferat,
2621 2574 2873 2642 efﬁctus;
2928 2583 3024 2629 aut
3080 2577 3360 2645 quomodo
3412 2578 3581 2633 siccis

1999 2661 2232 2731 pedibus
2275 2680 2441 2733 super
2493 2680 2667 2734 aquas
2724 2665 3058 2721 incesserit:
3121 2665 3235 2719 hate
3288 2681 3423 2720 sane
3479 2681 3581 2721 nec

2000 2755 2232 2819 scimus,
2282 2770 2384 2810 nec
2439 2756 2623 2811 dicere
2677 2772 2975 2826 possumus
3012 2758 3077 2810 ¹⁰.
3131 2756 3270 2811 Fieri
3324 2772 3456 2827 ergo
3492 2773 3581 2811 ne-

2000 2843 2140 2914 quit,
2177 2851 2238 2897 ut
2283 2852 2481 2914 printer
2516 2846 2606 2898 illa
2649 2860 2771 2913 qua:
2826 2844 3091 2899 divinitus
3146 2844 3305 2899 nobis
3332 2859 3363 2898 a
3398 2859 3579 2900 sacro-

307 2939 516 2994 sanctis
546 2938 759 2994 Veteris
785 2952 849 2993 ac
880 2936 1016 2993 Novi
1045 2936 1382 2993 Testamenti
1420 2937 1661 2993 oraculis
1696 2936 1981 2991 enuntiata
2047 2947 2202 2998 sunt.
2264 2949 2357 2992 aut
2409 2939 2580 3005 dicta,
2649 2947 2744 2995 aut
2777 2938 3069 3010 patefacta,
3132 2939 3198 2995 de
3255 2939 3363 2995 Deo
3423 2938 3580 3009 quid-

305 3044 473 3101 quam
526 3031 835 3100 loquamur,
889 3038 983 3082 aut
1027 3029 1254 3083 omnino
1296 3029 1538 3100 cogitatu
1597 3041 1959 3098 assequamur
1992 3028 2059 3083 υ.

918 3121 1168 3176 ΚΕΦΑΛ.
1198 3122 1274 3174 l".

703 3210 1033 3277 ’Δπόδειξις
1063 3210 1153 3264 ὅτι
1178 3210 1310 3264 ἐστὶ
1337 3211 1499 3277 Θεός.

369 3303 502 3358 Ὀτι
532 3304 630 3374 μὲν
662 3297 756 3356 οὖν
799 3305 915 3356 ἐστι
944 3302 1101 3365 Θεὸς,
1132 3303 1244 3364 τοῖς
1286 3302 1384 3372 μὲν
1422 3303 1519 3365 τὰς
1549 3301 1711 3369 ἁγίας
1749 3302 1891 3372 Γρα-

303 3397 414 3468 φάς
444 3395 774 3467 δεχομένοις,
798 3395 898 3465 τήν
926 3410 987 3446 τε
1022 3392 1266 3447 Παλαιὰν
1305 3394 1399 3447 καὶ
1435 3393 1641 3464 Καινὴν
1687 3393 1889 3462 Διαϐή-

2636 3125 2789 3181 CAP.
2820 3124 2910 3178 lli.

2342 3213 2736 3270 Demonstratio
2786 3216 2925 3285 quod
2970 3216 3102 3271 Deus
3142 3217 3231 3270 sit.

2074 3304 2234 3359 Deum
2294 3322 2407 3359 esse
2475 3293 2797 3375 agnoverunt
2848 3306 3083 3376 plerique
3128 3303 3421 3375 gentilium.
3509 3331 3580 3342 —

1997 3394 2153 3459 Quod
2183 3412 2314 3465 ergo
2348 3396 2489 3451 Dens
2541 3397 2633 3460 sit,
2688 3399 2757 3451 ab
2816 3397 2928 3451 illis
2960 3397 3054 3465 qui
3095 3410 3284 3450 sacras
3319 3394 3577 3458 Litteras,

304 3454 413 3556 inp;
711 3454 811 3538 ο-ύκ
852 3454 1281 3554 ἀμφιϐάλλεται,
1332 3482 1457 3536 οὔτε
1509 3483 1568 3535 δὲ
1598 3454 1729 3545 ’τοῖς
1784 3454 1894 3536 των

2003 3485 2194 3553 Vetus,
2233 3488 2481 3555 inquam,
2506 3495 2559 3541 et
2597 3485 2808 3540 Novum
2829 3484 3259 3547 Testamentum,
3285 3485 3577 3553 recipiunt,

316 3575 583 3645 Ἐλλήνων
635 3572 927 3637 πλείστοις.
968 3574 1061 3637 Ὠς
1106 3573 1218 3643 γὰρ
1248 3572 1462 3643 ἔφημεν
1488 3571 1588 3642 (2),
1622 3574 1656 3643 ὴ
1692 3572 1895 3639 γνῶσις

299 3665 400 3719 τοῦ
426 3661 565 3718 εἶναι
582 3663 715 3717 Θεὸν
752 3663 995 3735 φυσικῶς
1019 3666 1154 3735 ἡμῖν
1179 3663 1644 3733 ὲγκατὲσπαρται.
1671 3662 1896 3732 Ἐπειδὴ

298 3759 361 3812 δὲ
393 3757 649 3810 τοσοῦτον
696 3757 915 3827 ῐσχυσεν
947 3756 982 3824 ἡ
1002 3754 1098 3808 τοῦ
1132 3754 1370 3825 πονηροῦ
1427 3753 1598 3807 κακία
1625 3752 1767 3805 κατά
1795 3752 1897 3821 τῆς

299 3851 415 3903 τῶν
443 3848 747 3919 ἀνθρώπων
786 3848 1020 3917 φύσεως,
1056 3846 1197 3901 ὥστε
1233 3846 1327 3900 καί
1372 3861 1523 3909 τινας
1552 3845 1634 3908 είς
1666 3844 1727 3896 τδ
1768 3842 1894 3897 ἀλο-

299 3941 549 4010 γώτατον
593 3941 688 3994 καὶ
741 3941 959 3994 πάντων
988 3938 1098 3993 τῶν
1126 3937 1311 3991 κακῶν
1354 3938 1617 3991 κάκιστον
1651 3951 1896 4002 καταγα-

299 4035 421 4101 γεῖν
446 4033 546 4100 τῆς
576 4032 852 4096 ἀπωλείας
874 4031 1167 4102 βάραθρον,
1187 4032 1248 4084 τὸ
1270 4030 1452 4100 λέγειν
1475 4031 1547 4102 μὴ
1570 4025 1710 4083 εἶναι
1733 4028 1891 4082 Θεόν·

298 4122 380 4180 ὧν
411 4126 511 4196 τὴν
569 4124 884 4195 ἀφροσύνην
913 4125 1192 4193 ἐμφαίνων
1223 4126 1253 4178 ὁ
1283 4124 1607 4196 ἱεροφάντης
1651 4122 1755 4192 ἔφη
1792 4125 1895 4174 Δα-

299 4217 434 4269 δίδο
483 4212 667 4269 Εἶπεν
710 4215 915 4284 ἄφρων
963 4215 1033 4268 ἐν
1083 4214 1158 4282 τῇ
1218 4214 1429 4284 καρδίᾳ
1491 4211 1679 4267 αὑτοῦ
1712 4230 1725 4244 ·
1761 4215 1893 4267 Οὺκ

299 4309 433 4361 ἔστι
460 4306 632 4371 Θεόςο
664 4308 712 4359 oi
747 4306 844 4373 μὲν
873 4300 967 4359 οὖν
989 4303 1082 4358 τοῦ
1114 4306 1322 4377 Κυρίου
1355 4303 1595 4375 μαθηταὶ
1628 4305 1724 4358 καὶ
1756 4302 1892 4356 ἀπό.

299 4395 476 4447 στολοι
531 4395 609 4465 τῷ
656 4394 910 4466 παναγίῳ
963 4395 1311 4464 σοφισθέντες
1356 4396 1659 4467 Πνεῦματι,
1692 4396 1787 4449 καὶ
1820 4397 1887 4466 τῇ

294 4485 467 4542 αὑτοῦ
494 4486 720 4558 δυνάμει
752 4489 846 4542 καὶ
867 4487 1053 4559 χάριτι
1080 4488 1178 4552 τὰς
1226 4488 1553 4558 Θεοσημείας
1583 4486 1889 4558 ἐργαζόμε-

293 4595 403 4642 νοι,
434 4581 500 4649 τῇ
530 4578 639 4632 τῶν
663 4578 961 4650 θαυμάτων
994 4580 1204 4651 σαγήνῃ
1240 4580 1379 4650 πρὸς
1408 4579 1467 4632 τὸ
1498 4579 1614 4647 φῶς
1641 4578 1739 4649 τῆς
1771 4577 1889 4631 θεο-

291 4671 536 4739 γνωσίας
568 4671 632 4723 ὲκ
670 4671 765 4724 τοῦ
823 4670 985 4740 βύθου
1030 4670 1130 4740 τῆς
1176 4671 1452 4738 ἀγνωσίας
1479 4668 1504 4708 δ
1538 4668 1735 4731 αὐτοὺς
1782 4667 1889 4731 ζω-

291 4761 555 4832 γροῦντες
586 4762 877 4834 ἀνήγαγον.
914 4761 1147 4833 Ὁμοίως
1170 4762 1264 4816 καὶ
1296 4763 1346 4815 oi
1373 4761 1579 4816 τούτων
1597 4760 1699 4830 τῆς
1721 4758 1883 4830 χάρι-

370 4890 414 4921 ¹⁰
441 4888 598 4945 Dion.
626 4904 749 4959 cap.
774 4891 809 4944 2
840 4890 917 4945 De
942 4889 1048 4946 diu.
1080 4907 1223 4946 nom.
1263 4891 1303 4924 “
1328 4891 1461 4947 Ibid.
1507 4906 1628 4960 cap.
1669 4890 1719 4943 l.

2000 3593 2108 3630 non
2140 3576 2460 3645 ambigitur,
2493 3584 2553 3629 ut
2586 3590 2686 3630 nec
2708 3590 2736 3629 a
2766 3575 3042 3644 plerisque
3066 3574 3371 3643 gentilium.
3412 3571 3573 3626 Velut

1998 3668 2143 3722 enim
2189 3668 2302 3736 jam
2335 3666 2575 3721 diximus
2610 3667 2677 3732 ³³,
2722 3666 2949 3719 insitum
2975 3665 3134 3719 nobis
3160 3679 3190 3717 a
3222 3671 3419 3717 natura
3459 3672 3568 3729 est,

1998 3768 2057 3813 nt
2115 3758 2281 3813 Deum
2343 3773 2468 3813 esse
2506 3772 2823 3812 noscamus.
2873 3756 3138 3822 Quoniam
3185 3770 3317 3810 vero
3363 3753 3579 3808 Satanae

1997 3848 2324 3918 improbitas
2379 3856 2592 3902 tantum
2650 3846 2917 3902 adversus
2969 3845 3251 3900 hominum
3323 3853 3573 3899 naturam

1995 3939 2188 4004 valuit,
2220 3947 2277 3992 ut
2308 3946 2361 3993 et
2387 3938 2657 4009 quosdam
2700 3939 2753 3993 in
2820 3937 3256 4001 stolidissimam,
3304 3944 3359 3991 et
3382 3936 3576 4006 quovis

1997 4029 2142 4083 malo
2190 4027 2431 4097 peiorem
2480 4027 2636 4081 exitii
2669 4025 2984 4096 voraginem
3018 4026 3343 4088 detruserit,
3392 4027 3466 4078 ita
3516 4036 3575 4078 nt

1998 4120 2166 4175 Deum
2200 4135 2324 4175 esse
2348 4128 2614 4191 negarent
2645 4121 2922 4191 (quorum
2955 4118 3326 4188 insipientiam
3351 4116 3572 4171 divino-

1997 4228 2118 4267 rum
2156 4212 2446 4267 verborum
2491 4212 2764 4281 interpres
2807 4210 2971 4266 David
3004 4212 3182 4280 palam
3220 4208 3428 4262 faciens
3462 4209 3571 4261 ait:

1992 4301 2142 4357 Dixit
2173 4304 2423 4371 insipiens
2440 4304 2492 4355 in
2514 4300 2668 4356 corde
2686 4318 2781 4354 suo
2801 4318 2819 4355 :
2843 4299 2964 4355 Non
2983 4311 3060 4354 est
3084 4299 3218 4352 Deus
3244 4299 3332 4367 1³),
3357 4312 3475 4351 eam
3504 4298 3575 4353 ob

1990 4409 2213 4448 causam
2252 4394 2505 4462 discipuli
2542 4391 2753 4447 Domini
2785 4399 2840 4446 et
2866 4390 3116 4460 apostoli,
3156 4404 3184 4443 a
3217 4389 3418 4459 Spiritu
3450 4403 3575 4442 san-

1988 4492 2079 4538 cto
2124 4482 2593 4545 ernditi.’divinis
2647 4481 2768 4550 ejus
2811 4480 3049 4551 potentia
3109 4488 3165 4533 et
3214 4479 3384 4547 gratia
3412 4477 3573 4530 editis

1989 4571 2274 4641 prodigiis,
2314 4570 2707 4624 miraculorum
2768 4584 2972 4639 sagena
3018 4584 3112 4622 eos
3152 4584 3220 4621 ex
3254 4564 3575 4635 ignorantia:

1988 4661 2202 4731 gurgite
2238 4668 2541 4724 extractos,
2580 4659 2647 4713 ad
2679 4658 2977 4728 agnitionis
3030 4657 3123 4711 Dei
3159 4657 3338 4709 lumen
3376 4670 3570 4724 prove-

1988 4761 2209 4808 xerunt.
2254 4751 2459 4808 Eodem
2507 4766 2723 4823 quoque
2776 4751 2937 4806 modo
2962 4750 3177 4804 illorum
3214 4756 3326 4802 tum
3361 4746 3551 4818 gratia:

1799 4887 1839 4918 "
1876 4881 2041 4952 Supr.
2101 4895 2225 4951 cap.
2264 4881 2314 4935 l.
2395 4880 2438 4912 "
2467 4879 2613 4936 Psal.
2646 4896 2762 4946 χιιι,
2797 4880 2847 4936 i.

1604 5022 1838 5080 VARUS
1873 5019 2278 5078 LECTIONES.

361 5118 392 5161 «ι
416 5117 561 5173 Edit.
602 5126 658 5176 et
694 5119 852 5175 multi
890 5120 1014 5175 cod.
1043 5120 1194 5187 Regii
1222 5122 1464 5190 ἀγνοίας,
1498 5129 1553 5177 οι
1577 5122 1764 5176 statim
1796 5121 1852 5175 in
1875 5120 2040 5176 editis
2067 5126 2125 5175 et
2155 5115 2440 5174 nonnullis
2478 5114 2666 5188 Regiis
2696 5117 2877 5173 codic.
2917 5115 3140 5187 ἀνῆγον.
3194 5114 3285 5167 At.

1771 5232 2005 5288 NOTAE.

364 5321 441 5391 (2)
491 5323 587 5390 Ὠς
614 5324 731 5396 γὰρ
753 5326 1003 5396 ἔφημεν.
1036 5326 1101 5380 Ut
1128 5327 1266 5396 enim
1290 5325 1546 5378 diximus.
1571 5322 1871 5396 illocgdixc-

288 5401 381 5447 rat
430 5408 550 5459 cap.
603 5401 830 5464 Lquod
875 5401 929 5450 in
972 5408 1205 5465 utroque
1253 5401 1375 5449 loco
1411 5410 1518 5448 non
1569 5401 1641 5448 ita
1705 5401 1864 5447 [tn-rit

287 5464 731 5536 intelligendum,
762 5475 823 5521 ut
856 5468 1144 5536 congcnita
1175 5468 1335 5519 nobis
1369 5466 1438 5520 sit
1462 5465 1703 5533 cognitio
1732 5464 1819 5536 Dei
1852 5480 1864 5515 :

1967 5333 2067 5388 vet,
2097 5341 2214 5377 cum
2244 5331 2482 5391 aspectus
2516 5324 2640 5390 ipse,
2668 5331 2779 5376 tum
2809 5324 2893 5377 (ex
2936 5321 3198 5376 naturalis
3242 5318 3408 5391 docet.
3443 5319 3561 5371 [Iac

603 5387 929 5464 t',i1u6d"in
972 5408 1205 5465 utroque
1253 5395 1375 5449 loco
1411 5410 1518 5448 non
1569 5395 1641 5448 ita
1705 5392 1871 5465 itu-rit
1964 5396 2104 5447 enim
2137 5387 2445 5465 inductione
2475 5387 2656 5445 eorum
2682 5409 2800 5460 qua:
2846 5395 2940 5445 sub
2983 5400 3249 5465 aspectum
3286 5387 3557 5465 caduntet

1966 5477 2107 5517 recto
2158 5463 2344 5516 ordine
2392 5457 2747 5529 disponuntur
2774 5500 2789 5524 ,
2818 5473 3005 5514 auctor
3046 5457 3330 5529 Colligitur.
3385 5457 3556 5529 l’orro

286 5532 388 5588 sed
420 5527 746 5588 nt'hnmana
778 5553 932 5591 mens
958 5527 1022 5590 ἔκ
1057 5536 1296 5589 universi
1330 5536 1493 5602 hujus
1524 5527 1867 5601 inspectione.
1967 5535 2140 5599 prima
2173 5533 2263 5585 illa
2298 5527 2651 5586 ratiocinatio
2692 5546 2798 5599 qua
2848 5531 3045 5585 Noster
3077 5527 3244 5602 Deum
3283 5528 3553 5582 exsistere

285 5602 359 5673 ad
392 5604 636 5658 auctoris
697 5607 943 5659 notitiam
967 5606 1034 5660 de
1077 5605 1222 5659 facili
1254 5601 1523 5660 deveniat.
1564 5602 1703 5656 Nam
1728 5604 1867 5673 quod
1963 5604 2329 5664 demonstrat,
2358 5602 2681 5673 riirrnissima
2729 5608 2784 5653 et
2814 5601 3273 5673 Aesplicatissima
3304 5605 3409 5661 est,
3439 5612 3549 5664 qna

288 5671 432 5724 Deus
496 5673 567 5745 sit
592 5714 605 5734 ,
641 5673 716 5727 ait
765 5675 1077 5745 Tltcoingns
1108 5719 1121 5739 ,
1155 5683 1293 5728 orat.
1350 5675 1415 5727 δί.
1448 5715 1460 5733 ,
1496 5668 1745 5743 quodque
1796 5675 1863 5726 sit
1964 5684 2072 5725 tres
2106 5674 2315 5737 priores
2340 5670 2589 5741 Angelici
2618 5668 3386 5727 doctorisdemonstrationes
3408 5681 3546 5722 con-

285 5758 457 5795 tausu
489 5744 746 5811 princeps,
781 5764 894 5814 qua!
942 5744 1018 5800 res
1051 5764 1223 5800 omnes
1270 5748 1555 5813 procreant
1587 5757 1631 5797 et
1666 5762 1865 5797 consero

1962 5750 2226 5795 tinentur.
