3962 6300
301 325 430 426 ’795

1516 344 1578 405 S.
1617 342 1936 405 JOANNIS
1967 341 2400 406 DAMASCENI

3483 331 3592 397 796

323 478 442 524 tum
467 463 755 540 dignitatis
801 453 1161 532 munerisque
1218 470 1595 520 successores,
1645 463 1896 526 pastores

2032 473 2088 519 ος
2117 456 2212 510 καὶ
2229 459 2328 528 τῆς
2347 454 2502 523 ἀξίας
2526 453 2784 524 διάδοχοι,
2815 451 3072 523 ποιμένες
3104 464 3165 502 τε
3197 447 3288 501 καὶ
3334 443 3594 500 διδάσκα-

321 560 582 616 nimirum
601 563 765 626 atque
785 553 1066 617 doctores,
1096 549 1499 605 illuminantem
1532 545 1772 616 Spiritus
1797 559 1912 616 gra-

329 651 460 706 tiam
489 646 800 710 consecuti,
828 652 942 699 tum
979 641 1374 699 miraculorum
1395 637 1622 701 virtute,
1653 641 1768 690 tum
1791 649 1913 690 ser-

333 739 596 794 monibus
634 737 826 808 gratim
855 735 1166 790 obcaecatos
1193 729 1596 791 illuminabant,
1635 733 1914 782 errantes-

327 845 436 898 que
467 831 524 882 in
555 828 641 882 via
659 825 1016 882 reducebant.
1047 821 1089 855 “
1105 822 1175 876 At
1201 836 1326 888 nos,
1349 820 1442 892 qui
1474 835 1576 876 nec
1619 819 1916 875 miraculo-

329 934 477 986 rum,
501 912 605 975 nec
631 917 895 973 doctrina:
927 915 1135 970 donum
1158 913 1470 983 accepimus
1505 912 1602 979 (ut
1635 910 1727 980 qui
1746 909 1916 964 nimia

330 1026 462 1081 crga
514 1010 825 1079 voluptates
855 1005 1243 1077 propensione,
1275 1019 1376 1060 nos
1405 1018 1470 1059 eo
1499 1002 1764 1074 indignos
1785 1001 1912 1056 red-

337 1099 690 1168 diderimus),
727 1113 828 1168 age
877 1111 1056 1167 pauca
1101 1111 1294 1161 eorum
1345 1109 1468 1166 qua:
1516 1094 1708 1166 gratia;
1743 1094 1915 1149 inter-

335 1204 517 1266 pretes
552 1192 711 1248 nobis
739 1189 1110 1256 tradiderunt,
1135 1187 1205 1243 de
1250 1187 1355 1242 hoc
1381 1193 1710 1256 argumento
1737 1184 1918 1242 disse-

335 1298 522 1339 ramus
555 1299 571 1349 ;
621 1281 916 1350 implorata
969 1287 1150 1333 tamen
1199 1276 1351 1346 prius
1386 1273 1564 1332 Patris
1603 1281 1660 1332 et
1697 1274 1822 1330 Filii
1861 1281 1920 1330 et

336 1373 576 1444 Spiritus
615 1371 791 1427 sancti
812 1385 935 1439 ope.

407 1447 594 1517 Prima
627 1463 766 1516 ratio
795 1460 962 1515 Deum
987 1475 1120 1524 esse,
1150 1473 1216 1513 ex
1245 1472 1421 1512 rerum
1449 1455 1822 1511 mutabilitate.
1850 1485 1917 1500 —-

342 1555 504 1624 126
523 1552 720 1609 Omnia
742 1566 864 1621 qua
882 1558 1036 1617 sunt,
1059 1556 1156 1604 aut
1173 1557 1356 1605 creata
1384 1555 1515 1605 sunt
1536 1557 1630 1602 aut
1651 1549 1914 1603 ittcreata.

337 1643 398 1698 Si
430 1650 639 1707 creata,
673 1643 862 1712 utique
891 1649 946 1696 et
986 1639 1274 1696 mutabilia
1316 1647 1466 1694 sunt.
1492 1639 1738 1705 Quorum
1770 1639 1918 1694 enim

336 1749 463 1790 esse
493 1747 526 1787 α
549 1733 853 1788 mutatione
883 1730 1112 1800 incepit,
1136 1744 1201 1785 ea
1233 1729 1520 1784 mutationi
1543 1744 1764 1800 quoque
1785 1729 1919 1784 sub-

339 1825 454 1878 sint
484 1839 708 1880 necesse
735 1831 841 1888 est,
867 1821 982 1878 sive
1013 1822 1308 1884 intereant,
1343 1821 1458 1875 sive
1491 1835 1588 1889 per
1618 1821 1923 1874 voluntatis

341 1922 503 1972 actus
525 1915 634 1969 alia
677 1921 842 1983 atque
868 1912 974 1967 alia
1001 1912 1150 1966 (iant.
1183 1910 1280 1965 Sin
1325 1919 1507 1966 autem
1539 1911 1806 1977 increata,
1837 1926 1927 1967 se-

341 2007 537 2076 quitur
591 2003 838 2074 prol‘ccto
871 2011 929 2057 ut
986 2009 1040 2058 et
1083 2001 1284 2057 mutari
1345 2001 1570 2058 omnino
1625 2012 1923 2072 nequeant.

344 2101 593 2166 Quorum
625 2097 773 2152 enim
815 2110 942 2152 esse
975 2096 1307 2150 contrarium
1361 2101 1465 2159 est,
1520 2093 1716 2148 horum
1761 2095 1928 2150 etiam

344 2190 545 2246 modus
589 2203 702 2260 quo
755 2197 908 2251 sunt,
957 2187 1384 2256 proprietatesve
1437 2187 1727 2242 contrariae
1776 2197 1927 2242 sunt.

345 2279 552 2350 Ecquis
579 2293 710 2349 ergo
740 2279 844 2333 hoc
874 2278 1030 2333 nobis
1066 2292 1176 2332 non
1205 2276 1559 2342 assentiatur,
1587 2277 1771 2332 omnia
1811 2293 1934 2348 qua:

347 2379 479 2429 sunt
502 2371 786 2426 mutabilia
813 2385 958 2434 esse,
980 2384 1082 2424 nec
1107 2383 1172 2424 ea
1197 2375 1409 2422 tantum
1440 2382 1562 2438 quae
1580 2368 1686 2423 sub
1707 2384 1930 2424 sensum

346 2469 599 2519 nostrum
628 2460 855 2523 cadunt,
903 2460 999 2514 sed
1043 2466 1100 2514 et
1140 2458 1368 2527 angelos
1399 2455 1622 2524 mutari,
1674 2461 1814 2516 alios
1866 2475 1934 2516 ex

348 2552 474 2608 aliis
503 2551 646 2617 ﬁeri,
673 2550 964 2620 multiplici
990 2549 1152 2605 modo
1181 2549 1414 2614 moveri,
1437 2565 1501 2605 ac
1532 2553 1890 2606 transmutari
1918 2567 1930 2603 :

349 2642 432 2697 sic
452 2641 735 2704 nimirum,
762 2647 821 2696 ut
853 2640 1247 2712 intelligibilia,
1279 2640 1504 2711 angelos
1525 2641 1672 2705 dico,
1699 2643 1936 2707 animas,

349 2738 408 2788 et
433 2731 732 2796 daemones,
779 2731 993 2784 ratione
1021 2729 1344 2794 voluntatis,
1381 2730 1497 2784 sive
1539 2731 1939 2800 progredientis

351 2822 410 2876 in
447 2823 617 2884 bono,
659 2823 775 2876 sive
807 2836 1004 2876 rursus
1052 2823 1122 2876 ab
1150 2835 1218 2875 eo
1263 2821 1596 2883 recedentis,
1627 2837 1798 2891 seque
1843 2825 1926 2878 vel

2017 546 2120 611 λοι,
2153 548 2252 619 τὴν
2279 545 2612 617 φωτιστικὴν
2637 544 2734 600 τοῦ
2754 543 3071 615 Πνεύματος
3102 539 3266 612 χάριν
3283 537 3592 608 δεξάμενοι,

2013 639 2082 708 τῇ
2106 653 2165 690 τε
2190 636 2300 690 τῶν
2320 635 2612 706 θαυμάτων
2641 631 2984 704 δυνάμει,τῷ
3005 647 3064 684 τε
3089 629 3236 700 λόγῳ
3250 627 3350 698 τῆς
3371 628 3595 698 χάριτος

2015 728 2144 792 τοὺς
2179 728 2596 799 ὲσκοτισμένους
2640 724 2927 795 ὲφώτιζον,
2962 721 3056 776 καὶ
3081 721 3210 784 τοὺς
3242 717 3596 788 πεπλανημέ-

2017 836 2142 884 νους
2177 820 2534 892 ἐπέστρεφον.
2576 821 2770 890 Ἡμεῖς
2799 819 2858 872 δὲ
2895 819 2944 873 oi
2977 817 3113 889 μηδὲ
3141 817 3202 871 τὸ
3242 814 3352 870 τῶν
3378 813 3597 884 θαυμά-

2016 924 2148 974 των,
2186 908 2322 980 μηδὲ
2364 907 2426 960 τὸ
2465 907 2567 978 τῆς
2593 907 2945 970 διδασκαλίας
2981 905 3268 975 δεξάμενοι
3305 903 3555 974 χάρισμα
3579 917 3592 932 ·

2015 1000 2270 1066 ἀναξίους
2315 999 2424 1072 γάρ
2452 999 2680 1064 ἑαυτοὺς
2715 1002 2784 1070 τῇ
2837 999 2974 1070 πρὸς
3029 996 3129 1060 τὰς
3179 995 3374 1067 ἡδονάς
3427 1009 3598 1065 προσ-

2017 1091 2220 1162 παθείᾳ
2260 1090 2675 1162 πεποιήκαμενο
2707 1091 2840 1162 φέρε
2886 1088 3040 1158 ὀλίγα
3071 1087 3179 1141 τῶν
3229 1083 3598 1158 παραδεδομέ-

2017 1197 2127 1234 νων
2145 1182 2279 1252 ἡμῖν
2295 1180 2402 1235 ὑπὸ
2426 1181 2538 1236 τῶν
2559 1179 2853 1253 ὑποφητῶν
2885 1180 2984 1250 τῆς
3007 1177 3231 1250 χάριτος
3258 1177 3388 1247 περὶ
3402 1173 3597 1228 τούτου

2017 1271 2406 1343 διαλεξώμεθα,
2427 1273 2519 1326 τὸν
2547 1273 2766 1344 Πατέρα
2785 1272 2881 1326 καὶ
2906 1269 2996 1325 τὸν
3013 1270 3142 1324 Υίὸν
3167 1267 3268 1323 καὶ
3283 1267 3344 1321 τὸ
3370 1264 3601 1335 Πνεῦμα

2017 1366 2080 1421 τὸ
2113 1366 2268 1433 ἅγιον
2311 1364 2787 1436 ἐπικαλεσάμενοι.

2090 1457 2278 1512 Πάντα
2320 1457 2390 1510 τὰ
2437 1455 2568 1510 δντα
2591 1494 2607 1521 ,
2635 1455 2670 1526 ἢ
2722 1453 2920 1509 κτιστά
2963 1454 3112 1506 ἐστιν
3143 1491 3159 1517 ,
3185 1449 3221 1520 ἢ
3249 1448 3504 1504 ἀκτιστα.
3533 1443 3605 1498 Ei.

2023 1549 2123 1620 μὲν
2156 1545 2250 1604 οὖν
2316 1548 2550 1613 κτιστά,
2581 1548 2800 1613 πάντως
2849 1547 2945 1600 καὶ
2987 1542 3230 1616 τρεπτά²
3256 1533 3334 1596 ὧν
3387 1537 3500 1610 γὰρ
3542 1537 3605 1589 τὸ

2021 1639 2162 1697 εἶναι
2193 1641 2302 1695 ἀπὸ
2321 1641 2530 1712 τροπῆς
2555 1639 2778 1711 ἧρξατο,
2797 1639 2972 1693 ταῦτα
3003 1640 3071 1708 τῇ
3099 1637 3276 1706 τροπῇ
3317 1631 3605 1687 ὑποκείσεο

2021 1752 2114 1788 ται
2183 1732 2402 1795 πάντως
2424 1771 2440 1796 ,
2469 1731 2504 1802 ἢ
2565 1731 2897 1802 φθειρόμενα
2922 1771 2938 1796 ,
2974 1730 3007 1800 ἢ
3054 1727 3202 1782 κατὰ
3242 1725 3604 1796 προαίρεσινο

2028 1826 2411 1898 ἀλλοιούμενα.
2447 1826 2511 1878 Εἰ
2542 1825 2601 1878 δὲ
2636 1822 2894 1887 ἀκτιστα,
2936 1818 3080 1874 κατά
3127 1817 3220 1871 τὸν
3246 1817 3346 1885 τῆς
3375 1815 3605 1868 ἀκολου-

2029 1917 2152 1982 θίας
2206 1917 2387 1986 λόγον,
2423 1917 2642 1979 πάντως
2692 1915 2787 1969 καὶ
2833 1915 3100 1985 ἄτρεπτα.
3127 1906 3230 1966 Ὦν
3249 1909 3360 1979 γὰρ
3382 1908 3446 1962 τὸ
3465 1904 3605 1961 εἶναι
3635 1957 3642 1964 .

2019 2015 2292 2077 -ὲναντίον,
2321 2012 2528 2066 τούτων
2551 2011 2650 2066 καὶ
2673 2013 2703 2065 ὁ
2730 2010 2825 2064 τοῦ
2849 2009 2967 2072 πῶς
2994 2003 3136 2062 εἶναι
3157 2006 3316 2076 λόγος
3341 2004 3606 2066 ἐναντίος.

2031 2108 2198 2176 ἤγουν
2238 2107 2294 2158 αί
2347 2105 2627 2174 ἰδιότητες.
2664 2103 2761 2165 Τίς
2805 2099 2899 2156 οὖν
2926 2101 2987 2154 οὐ
3041 2098 3400 2168 συνθήσεται,
3425 2096 3605 2150 πάντα

2030 2198 2100 2250 τά
2131 2197 2282 2259 ὄντα,
2312 2197 2415 2250 ὅσα
2447 2195 2554 2250 ὑπὸ
2593 2195 2692 2262 τὴν
2724 2193 3000 2264 ἡμετέραν
3028 2190 3301 2259 αἴσθησιν,
3327 2187 3466 2241 ἀλλά
3497 2186 3608 2256 μὴν

2034 2288 2129 2340 καὶ
2155 2287 2425 2355 ἀγγέλους
2455 2283 2885 2356 τρέπεσθαι,καὶ
2911 2280 3281 2345 ἀλλοιοῦσθαι,
3313 2279 3408 2332 καὶ
3439 2277 3606 2330 πολυ-

2034 2378 2250 2445 τρόπως
2275 2377 2573 2442 κινεῖσθαι;
2594 2377 2675 2428 Τά
2715 2373 2815 2444 μὲν
2837 2373 3004 2444 νοητά
3030 2371 3296 2441 ἀγγέλους
3327 2369 3493 2439 φημὶ,
3514 2373 3609 2420 καὶ

2034 2469 2234 2540 ψυχάς,
2277 2469 2373 2522 καὶ
2396 2467 2657 2537 δαίμονας
2687 2465 2830 2519 κατὰ
2863 2463 3205 2535 προαίρεσιν,
3227 2463 3328 2532 τήν
3351 2477 3412 2514 τε
3432 2460 3492 2512 ὲν
3527 2457 3611 2527 τῷ

2037 2561 2185 2631 καλῷ
2217 2558 2504 2631 προκοπὴν
2537 2557 2632 2611 καὶ
2679 2558 2746 2610 ὲκ
2771 2556 2865 2610 τοῦ
2893 2555 3059 2609 καλοῦ
3095 2553 3475 2623 ἀποφοίτησιν,
3494 2551 3613 2602 ἐπι-

2036 2651 2358 2722 τεινομένην
2389 2667 2450 2703 τε
2484 2649 2578 2702 καὶ
2606 2648 2905 2718 ὑφιεμένην
2931 2664 2946 2680 ·
2981 2647 3051 2700 τά
3089 2645 3145 2699 δὲ
3187 2643 3350 2698 λοιπὰ
3389 2642 3433 2705 ί,
3471 2641 3612 2694 κατά

2037 2761 2097 2795 τε
2127 2743 2341 2811 γένεσιν
2366 2741 2462 2793 καὶ
2491 2739 2717 2810 φθορὰν,
2742 2737 2971 2808 αὔξησίν
2995 2754 3056 2790 τε
3103 2736 3200 2791 καὶ
3235 2734 3479 2806 μείωσιν,
3511 2731 3614 2786 καὶ

2040 2835 2137 2907 τὴν
2165 2834 2308 2887 κατὰ
2339 2832 2601 2902 ποιότητα
2645 2830 2970 2902 μεταϐολὴν,
2999 2829 3096 2883 καὶ
3142 2827 3242 2898 τὴν
3268 2825 3501 2894 τοπικὴν
3527 2821 3613 2876 κίο-

352 2911 716 2978 intendentis,
743 2911 826 2967 vel
861 2912 1192 2966 remittentis
1212 2928 1228 2976 ;
1251 2912 1458 2980 reliqua
1483 2927 1616 2968 vero
1633 2915 1924 2969 secundum

2041 2943 2225 2998 νησιν;
2258 2923 2480 2996 Τρεπτά
2504 2923 2680 2976 τοίνυν
2704 2923 2853 2986 ὄντα,
2872 2921 3090 2983 πάντως
3113 2919 3206 2973 καὶ
3234 2917 3448 2970 κτιστά.
3479 2913 3619 2966 Κτιοι

351 3002 761 3073 generationem
794 3010 850 3058 et
879 3003 1314 3072 corruptionem,
1344 3014 1702 3072 augmentum
1735 3015 1789 3061 et
1842 3006 1938 3062 de—

2042 3018 2144 3070 στά
2178 3017 2235 3070 δὲ
2259 3017 2409 3078 ὄντα,
2457 3014 2675 3076 πάντως
2717 3012 2822 3065 ὑπό
2877 3028 3022 3072 τινος
3080 3003 3617 3078 ὲδημιουργήθησαν.

353 3095 840 3157 crementum,‘aut
868 3093 1173 3149 secundum
1197 3094 1534 3164 qualitatem,
1562 3105 1612 3150 ct
1637 3097 1924 3153 sccunduni

2041 3111 2133 3161 Δεῖ
2158 3108 2217 3162 δὲ
2242 3107 2334 3160 τὸν
2363 3104 2700 3176 δημιουργὸν
2729 3102 2986 3156 ἄκτιστον
3016 3096 3178 3152 εἶναι.
3201 3099 3263 3151 El
3291 3097 3399 3167 γάρ
3432 3095 3621 3148 κάκεῖ-

355 3191 568 3238 motum
613 3183 682 3239 de
713 3184 836 3240 loco
880 3184 936 3240 in
977 3185 1156 3240 locum
1187 3186 1549 3242 immutentur
1580 3186 1760 3242 ?Cum
1811 3205 1924 3261 ergt

2039 3220 2129 3266 νος
2179 3199 2400 3270 ἐκτίσθη
2432 3241 2447 3265 ,
2509 3202 2729 3260 πάντως
2771 3195 2878 3248 ὑπό
2924 3210 3070 3256 τινος
3115 3190 3378 3259 ἐκτίσθη,
3404 3187 3511 3250 ἓως
3553 3185 3624 3240 ἂν

354 3271 643 3326 mutabilia
676 3273 816 3345 sint,
845 3288 980 3330 sane
1008 3274 1174 3329 etiam
1221 3284 1406 3331 creata
1448 3293 1572 3334 esse
1618 3289 1852 3351 Oportet.
1884 3281 1922 3337 S

2043 3290 2290 3360 ἔλθωμεν
2335 3289 2416 3350 εἷς
2465 3303 2518 3340 τι
2565 3286 2842 3340 ἀκτιστον.
2875 3283 3164 3344 Ἀκτιστος
3203 3275 3298 3331 οὖν
3325 3276 3401 3330 ὣν
3426 3278 3453 3316 ⁸
3474 3277 3506 3328 ὁ
3526 3275 3622 3342 δηο

354 3375 488 3416 vero
528 3371 736 3428 creata,
765 3364 911 3419 battd
944 3364 1174 3420 dubium
1207 3366 1342 3436 quin
1393 3368 1463 3422 ab
1508 3368 1693 3439 aliquo
1745 3372 1924 3442 opiliCt

2051 3379 2332 3451 μιουργδς,
2357 3380 2573 3442 πάντως
2606 3378 2701 3431 καὶ
2739 3373 3011 3446 ἄτρεπτός
3039 3375 3177 3426 ἐστι.
3210 3369 3382 3424 Τοῦτο
3408 3368 3467 3422 δὲ
3486 3366 3538 3420 τί
3557 3364 3625 3420 ἂν

357 3451 472 3507 sint
501 3454 744 3510 condita.
794 3454 959 3526 Atqui
987 3464 1296 3511 creatorem
1329 3457 1634 3514 increatum
1665 3477 1791 3521 esse
1843 3485 1941 3526 ne-

2050 3473 2179 3529 ἇλλο
2199 3471 2308 3542 εἴη.
2344 3472 2379 3542 ἢ
2414 3469 2579 3531 Θεός;

357 3557 578 3641 cessum
608 3554 712 3600 est.
749 3545 886 3641 Nam
921 3548 967 3602 si
993 3547 1111 3641 ipse
1125 3561 1352 3618 quoque
1380 3557 1602 3641 creatus
1619 3563 1726 3620 est,
1759 3572 1790 3612 a
1816 3565 2055 3632 quodam
2087 3564 2339 3634 profecto
2373 3569 2594 3616 creatus
2619 3558 2746 3622 erit,
2781 3557 2972 3624 sicque
3009 3553 3185 3607 donec
3252 3549 3320 3604 ad
3392 3545 3625 3616 aliquod

359 3634 672 3728 increatum
698 3634 1030 3728 venerimus.
1055 3635 1347 3728 iincreatus
1377 3637 1547 3710 igitur
1582 3657 1710 3700 cum
1753 3650 1826 3704 sit
1858 3652 2265 3728 ille.conditor,
2306 3651 2532 3707 omnino
2581 3662 2684 3704 nec
2727 3644 3010 3702 mutabilis
3075 3649 3179 3697 est.
3248 3639 3360 3693 lloc
3443 3644 3626 3692 autem

363 3725 498 3794 quid
523 3724 698 3791 aliud,
734 3725 844 3782 nisi
877 3727 1018 3783 Deus
1043 3727 1246 3784 fuerit?

439 3821 682 3878 Secunda
701 3837 768 3876 ea:
781 3839 966 3878 eorum
980 3828 1378 3884 conservatione
1398 3840 1449 3886 et
1477 3833 1950 3902 gubernatione.—

363 3911 536 3968 Porro
560 3913 676 3982 ipsa
701 3929 920 3984 quoque
935 3929 1120 3970 rerum
1137 3927 1448 3976 creatarum
1475 3937 1788 3998 compages,
1810 3945 1947 3985 con-

2115 3837 2228 3891 Καὶ
2259 3833 2401 3903 αὐτὴ
2424 3833 2482 3888 δὲ
2507 3834 2540 3903 ή
2573 3831 2674 3902 τῆς
2714 3832 2947 3891 κτίσεως
2977 3823 3196 3895 συνοχὴ,
3225 3821 3320 3875 καὶ
3358 3823 3628 3890 συντήρηο

2047 3945 2152 3991 σις,
2184 3926 2282 3981 καὶ
2336 3924 2690 3994 κυϐέρνησις,
2728 3921 2970 3976 διδάσκει
3001 3917 3150 3987 ἡμᾶς
3192 3914 3277 3968 ὅτι
3325 3912 3444 3966 ἐστὶ
3471 3911 3625 3976 Θεὸς,

365 4005 626 4068 servatio,
659 4014 825 4074 atque
857 4006 1208 4076 gubernatio,
1242 4025 1344 4067 nos
1380 4012 1580 4070 docent
1609 4017 1776 4074 Deum
1804 4035 1950 4087 esse,

365 4096 462 4164 qui
492 4095 807 4152 universum
835 4099 940 4152 hoc
961 4103 1378 4170 coagmentarit,
1415 4113 1708 4173 sustentet,
1738 4119 1793 4164 et
1819 4125 1923 4165 con

2045 4113 2254 4184 τηρῶν,
2290 4111 2385 4166 καὶ
2424 4109 2513 4163 ἀεὶ
2543 4106 2968 4179 προνοούμενος.
3003 4103 3128 4164 Πῶς
3157 4101 3269 4172 γὰρ
3289 4099 3356 4153 ἂν
3389 4099 3446 4151 αἱ
3476 4099 3630 4150 ἐναν-

367 4194 568 4247 servet.
592 4187 749 4258 eique
771 4191 1077 4259 provideat.
1115 4193 1157 4223 "
1177 4192 1280 4257 Qui
1307 4194 1454 4248 enim
1485 4196 1604 4252 ﬁeri
1649 4201 1922 4268 potuisset

2047 4203 2157 4257 τίαι
2195 4202 2386 4272 φύσεις
2403 4241 2417 4264 ,
2445 4197 2614 4270 πυρὸς
2646 4197 2791 4264 λέγω
2818 4195 2914 4249 καὶ
2936 4193 3127 4254 ὓδατος
3150 4231 3166 4256 ,
3189 4190 3350 4259 ἀέρος
3377 4188 3470 4241 καὶ
3501 4185 3627 4256 γῆς.

367 4284 429 4329 ιιι
474 4278 617 4332 inter
651 4293 710 4332 se
759 4287 1066 4349 pugnantes
1111 4289 1342 4343 natura),
1395 4283 1556 4354 ignis,
1590 4287 1834 4357 inquam,
1891 4307 1920 4344 e

2053 4297 2134 4359 εις
2161 4294 2278 4357 ἑνὸς
2297 4293 2502 4362 κόσμου
2519 4289 2916 4360 συμπλήρωσιν
2935 4285 3186 4354 ἀλλήλοις
3212 4278 3626 4349 συνεληλύθασι,

369 4379 543 4432 aquae,
569 4367 711 4420 acris
726 4374 781 4420 et
817 4375 996 4431 teme,
1027 4367 1095 4422 ad
1115 4370 1277 4424 unius
1302 4373 1487 4429 mundi
1507 4376 1924 4434 constitutione"

2057 4387 2152 4439 xui.
2182 4383 2454 4439 ἀδιάλυτοι
2482 4381 2734 4451 μένουσιν
2755 4420 2768 4442 ,
2793 4381 2841 4432 εἰ
2873 4379 2950 4449 μή
2985 4394 3071 4440 τις
3109 4371 3515 4438 παντοδὺναμος
3537 4367 3630 4420 δύ·

369 4455 604 4519 coirent,
641 4457 929 4528 tcnacique
973 4460 1109 4515 adeo
1141 4477 1281 4516 nexu
1317 4463 1678 4534 cohaererent,
1722 4479 1784 4524 ut
1809 4473 1919 4525 null

2057 4491 2219 4544 ναμις
2267 4470 2444 4525 ταῦτα
2494 4471 2592 4524 καὶ
2629 4468 2979 4526 συνεϐίϐασε.
3011 4465 3104 4520 καὶ
3156 4463 3245 4517 ἀεὶ
3274 4463 3431 4531 τηρεί
3476 4458 3625 4511 ἀδιάο

369 4547 585 4603 ratione
618 4548 753 4604 solvi
780 4551 1028 4620 possint;
1060 4554 1164 4608 nisi
1185 4556 1540 4627 omnipotens
1570 4559 1652 4615 vis
1685 4563 1866 4632 aliqua
1895 4580 1958 4618 ea
2055 4569 2206 4622 λυτα.

370 4639 834 4708 compaginassct,
855 4657 918 4698 ac
944 4653 1208 4716 perpetuo
1231 4662 1262 4700 a
1291 4646 1654 4708 dissolutione
1687 4665 1954 4710 servaret.

445 4725 646 4795 Tertia,
709 4745 775 4784 ea:
827 4749 1002 4787 rerum
1036 4735 1284 4792 ordinato
1325 4739 1452 4794 situ.
1490 4773 1553 4782 —-
1585 4741 1817 4798 Mundus
1857 4763 1920 4798 no

2127 4747 2195 4799 Τί
2224 4745 2285 4799 τὸ
2315 4744 2484 4808 τάξαν
2521 4742 2591 4795 τὰ
2640 4741 2868 4811 οὐράνια
2903 4739 3000 4791 καὶ
3035 4734 3254 4801 ἐπίγεια
3275 4774 3289 4798 ,
3311 4736 3412 4785 ὃσα
3441 4747 3501 4783 τε
3535 4728 3630 4783 καὶ

373 4832 501 4920 casu
529 4827 578 4870 et
606 4831 788 4886 sponte
836 4835 1258 4894 caugmentatus,
1316 4841 1500 4884 contra
1555 4831 1860 4900 Epicureos.
1884 4866 1924 4875 -

2056 4837 2124 4890 δι’
2154 4835 2334 4906 ἀέρος,
2363 4834 2458 4886 καὶ
2491 4833 2591 4886 ὅσα
2643 4829 2762 4883 καθ’
2811 4829 3040 4889 ὓδατος,
3076 4823 3272 4894 μᾶλλον
3297 4821 3354 4874 δὲ
3403 4820 3473 4872 τὰ
3526 4817 3630 4888 πρὸ

372 4906 515 4974 Quid
548 4920 632 4966 est
667 4915 814 4981 quod
837 4931 901 4970 ea
935 4934 1058 4987 qua:
1081 4919 1136 4972 in
1171 4922 1333 4982 cazlo,
1367 4932 1420 4976 et
1464 4941 1585 4993 quae
1619 4925 1828 4984 interra
1851 4945 1917 4982 ex

2057 4929 2284 4992 τούτων,
2319 4925 2567 4996 οὐρανὸν,
2594 4923 2690 4976 καὶ
2709 4923 2834 4990 γῆν,
2869 4919 2962 4972 καὶ
2995 4917 3151 4987 ἀέρα,
3195 4914 3292 4968 καὶ⁸
3324 4913 3488 4982 φύσιν
3526 4929 3631 4964 πυ-

375 5000 604 5100 εἰίειιιηιἶ
658 5020 887 5075 quaeque
945 5023 1124 5063 aerem
1159 5023 1548 5082 pervagantur,
1607 5027 1660 5069 et
1712 5034 1836 5088 quae
1895 5020 1924 5073 it

2059 5022 2150 5093 ρός
2182 5037 2243 5072 τε
2291 5018 2382 5071 καὶ
2417 5017 2639 5078 Mat-50c;
2669 5014 2719 5065 τί
2744 5014 2770 5051 ιι
2802 5009 2978 5063 ταῦτα
3020 5007 3198 5078 ἔμιξε,
3234 5005 3330 5058 καὶ
3361 5003 3587 5074 ἐμέρισε
3613 5015 3628 5030 ·

375 5092 534 5160 aquis
573 5092 953 5163 degunt;imo
1005 5100 1171 5153 etiam
1201 5103 1432 5171 quaehis
1462 5108 1741 5161 anteriora
1798 5118 1924 5164 sunt

2057 5092 2109 5164 τί
2132 5112 2194 5164 τὸ
2220 5109 2392 5165 ταῦτα
2415 5109 2641 5178 κινῆσαν
2683 5103 2776 5158 καὶ
2800 5102 2932 5172 ἄγον
2959 5100 3056 5170 τὴν
3077 5099 3311 5170 ἀληκτον
3333 5094 3508 5164 φορὰν
3539 5093 3634 5146 καὶ

2044 4020 2074 4072 ό
2099 4018 2218 4072 τόδε
2241 4016 2305 4070 τὸ
2340 4018 2450 4069 πᾶν
2474 4014 2907 4086 συστησάμενος,
2945 4009 3039 4063 καὶ
3073 4005 3336 4074 συνέχων,
3367 4003 3464 4056 καὶ
3500 4018 3620 4054 aov-

319 5246 338 5261 ’
451 5253 492 5283 ¹¹
523 5253 686 5326 Greg.
721 5255 850 5310 Naz.
881 5266 1020 5312 orat.
1056 5261 1142 5314 5.1.
1223 5263 1262 5292 ¹⁸
1289 5263 1490 5318 Athan.
1517 5265 1674 5320 Cant.
1701 5278 1842 5336 gent.

1620 5384 1848 5438 VARI/13
1888 5384 2292 5440 LECTIUNES.

459 5535 736 5610 f‘fcponhv.
817 5533 836 5572 ί
891 5537 948 5588 In
983 5536 1047 5587 ll.
1081 5537 1236 5610 5579.
1266 5538 1447 5610 Schol.
1483 5539 1583 5593 hoc
1620 5543 1834 5609 legitur,
1891 5545 1954 5608 τῇ
1990 5542 2120 5610 πρὸς
2154 5541 2213 5592 τὸ
2257 5542 2424 5594 κακὸν
2476 5539 2782 5610 σχέσειίκαὶ
2843 5537 3131 5610 παγιότητι
3201 5531 3355 5610 Quod
3404 5531 3456 5584 in
3488 5529 3647 5610 ﬂag.“

382 5601 752 5682 ἓθξὶυζοθίιὶιηι
783 5619 902 5682 cum
927 5613 1075 5657 textu
1109 5607 1606 5682 serietlpscripttttn
1635 5601 1833 5682 ιηῗιιειὶξ
1915 5601 2221 5668 8"In-editis
2253 5628 2372 5682 qua:
2403 5601 2650 5682 sequitur
2669 5609 2856 5664 Billius
2883 5601 3175 5674 deest,'6w,
3205 5601 3632 5659 reclamantibus

383 5687 522 5738 mss.
553 5682 606 5728 et
635 5675 876 5730 auctoris
893 5689 1081 5730 sensu.
1158 5676 1182 5714 ιι
1223 5675 1398 5742 Edita,
1426 5678 1527 5737 τίς.
