3962 6300
189 356 297 419 797

1290 355 1389 416 DE
1430 355 1607 416 FIDE
1646 353 2107 417 ORTIIODOXA
2145 360 2290 420 LIB.
2332 364 2379 425 Ι.

3353 366 3455 429 798

188 462 521 529 ἀκώλυτονς
554 456 682 534 Ἆρ’
721 460 818 531 οὐχ
847 462 876 514 6
918 462 1168 533 τεχνίτης
1218 462 1454 527 τούτων,
1480 464 1576 516 καὶ
1619 463 1764 533 λόγον

1878 466 2109 531 coelum,
2146 476 2348 523 terram
2400 476 2456 525 et
2494 484 2698 536 aerem,
2753 472 2898 543 ignis
2938 487 3158 543 quoque
3213 482 3268 530 et
3302 490 3459 545 aqua:

188 553 370 616 ἐνθεὶς
397 553 555 617 πᾶσι,
575 551 696 605 καθ’
722 550 782 605 ὃν
812 550 874 605 τὸ
910 552 1020 605 πᾶν
1048 551 1274 622 φέρεταί
1297 568 1378 616 τε,
1404 551 1495 605 καὶ¹
1528 550 1771 620 διεξάγε-

187 662 316 712 ται;
342 644 439 709 Τίς
482 643 540 698 δὲ
568 644 599 697 6
630 643 885 714 τεχνίτης
915 641 1122 697 τούτων
1148 660 1165 710 ;
1192 639 1319 715 Ἆρ’
1354 646 1453 714 οὐχ
1474 646 1502 697 6
1536 660 1771 714 πεποιη-

190 737 309 800 κὼς
341 733 504 799 αὐτὰ,
529 733 628 789 καὶ
654 735 736 798 εἰς
771 732 834 788 τὸ
860 728 1002 788 εἶναι
1035 734 1416 805 παραγαγών;
1450 734 1524 787 Οὐ
1555 733 1662 805 7&9
1690 733 1770 804 τῷ

191 828 490 900 αὐτομάτῳ
537 826 784 898 δώσομεν
834 825 932 896 τὴν
994 822 1252 895 τοιαύτην
1305 823 1557 894 δύναμιν.
1589 824 1770 876 Ἔστω

191 923 306 994 7&9
337 920 430 974 τοῦ
470 918 728 988 γένεσθαι
768 916 865 971 τοῦ
910 915 1251 987 αὐτομάτου·
1291 914 1436 979 τινος
1469 915 1529 969 τὸ
1571 914 1767 981 τάξαις

191 1011 308 1066 Καὶ
354 1009 517 1065 τοῦτο
538 1048 555 1075 ,
588 1010 637 1062 εξ
668 1009 855 1072 δοκεῖ,
885 1006 1087 1077 δῶμεν.
1120 1005 1279 1069 Τίνος
1303 1004 1364 1059 τδ
1397 1005 1634 1077 τηρῆσαι
1677 1005 1772 1058 καὶ

193 1102 452 1171 φυλάξαι,
499 1100 620 1154 καθ’
648 1099 743 1158 οὓς
775 1098 994 1170 πρῶτον
1042 1097 1250 1168 ὑπέστη
1297 1096 1531 1164 λόγονςς
1582 1096 1770 1166 ἐτέρου

192 1193 396 1264 δηλαδὴ
425 1192 577 1264 παρὰ
604 1191 667 1245 τὸ
703 1191 1034 1262 αὐτόματον.
1060 1188 1232 1244 Τοῦτο
1262 1188 1321 1243 δὲ
1351 1188 1404 1243 τί
1424 1187 1553 1243 ἄλλο
1576 1187 1694 1242 ἐστὶ
1722 1188 1772 1240 ει

196 1284 273 1356 μὴ
299 1285 469 1351 θεός;

1875 564 2127 612 naturam
2158 561 2326 615 certis
2349 559 2621 631 disposuit
2655 564 2792 621 locis
2822 564 2846 617 ἲ
2873 579 2903 618 a
2937 580 3178 634 quonam
3220 568 3455 621 commi-

1872 653 1959 701 sta
1981 647 2100 702 haec
2128 656 2261 704 sunt
2301 690 2316 714 ,
2349 657 2403 705 et
2432 650 2768 721 distributa?
2793 653 2924 723 quid
2953 663 3037 709 est
3063 655 3211 723 quod
3242 664 3449 710 motum

1873 735 1959 793 his
1993 737 2296 808 impressit,
2314 740 2653 811 perennique
2674 755 2773 798 nec
2801 741 2909 796 ulla
2936 758 2996 798 re
3015 743 3258 798 cohibito
3280 760 3448 800 cursu

1869 842 1935 883 ea
1970 837 2153 884 versat
2177 830 2198 883 i
2219 830 2262 861 ¹⁶
2291 830 2489 885 Annon
2519 846 2709 886 eorum
2747 832 2968 896 artifex,
2995 833 3087 904 qui
3122 835 3289 890 rebus
3333 850 3455 890 mn-

1867 918 2033 974 nibus
2070 919 2338 975 rationem
2392 922 2747 993 modumque,
2805 938 2914 993 quo
2974 924 3289 980 universum
3348 926 3453 981 hoc

1868 1018 2062 1080 agatur
2126 1019 2182 1066 et
2246 1022 2490 1083 regatur,
2549 1014 2871 1070 indiderit?
2941 1016 3029 1068 At-
3058 1016 3183 1085 quis
3254 1017 3451 1072 borum

1868 1101 2060 1156 artifex
2086 1102 2110 1156 ?
2139 1103 2337 1159 Annon
2369 1105 2415 1160 is
2437 1104 2528 1175 qui
2551 1120 2615 1160 ea
2639 1105 2911 1169 condidit,
2945 1106 3110 1177 inque
3137 1122 3319 1163 rerum
3353 1123 3452 1160 na-

1872 1198 2050 1246 turam
2075 1191 2341 1261 produxit
2369 1192 2523 1249 ?Nec
2554 1195 2701 1250 enim
2725 1194 2801 1265 τῷ
2824 1195 3135 1266 αὐτομάτῳ,
3158 1211 3257 1251 seu
3281 1197 3449 1251 casui

1869 1293 1991 1334 eam
2031 1279 2137 1332 vim
2170 1278 2600 1353 facultatemque
2629 1284 3009 1340 tribuerimus.
3044 1284 3130 1339 Sit
3151 1287 3295 1341 enim
3318 1300 3451 1341 sane

193 1390 381 1442 casus,
427 1374 577 1446 quod
611 1372 964 1430 exstiterint:
1007 1380 1062 1427 at
1106 1371 1264 1441 cujus
1289 1370 1511 1427 tandem
1548 1371 1653 1427 erit
1694 1385 1759 1426 ea
1797 1367 2184 1441 disposuisse?
2214 1387 2400 1427 verum
2423 1374 2556 1429 illud
2592 1389 2830 1445 quoque,
2862 1375 2908 1430 si
2985 1375 3137 1441 libet,
3174 1377 3446 1431 conceda-

193 1484 354 1523 mus:
384 1467 545 1537 eujus
577 1480 707 1521 vero
744 1463 871 1530 erit,
931 1462 1122 1519 eadem
1176 1463 1335 1532 juxta
1398 1461 1521 1517 illas
1576 1460 1780 1530 quibus
1815 1460 2056 1532 primum
2080 1460 2302 1515 condita
2326 1470 2454 1517 sunt
2475 1463 2622 1533 leges
2638 1477 2967 1519 conservare
3004 1474 3060 1519 et
3119 1465 3448 1521 custodire?

191 1561 439 1616 Alterius
468 1556 716 1631 profecto
745 1570 908 1627 quam
930 1569 1097 1611 casus
1131 1571 1146 1608 :
1175 1562 1343 1626 atque
1404 1556 1512 1610 hoc
1541 1553 1808 1625 quidnam
1848 1553 1997 1608 aliud
2031 1553 2124 1618 sit,
2164 1554 2270 1608 nisi
2307 1554 2452 1610 Deus
2484 1556 2526 1587 ¹⁷
2548 1580 2563 1595 ο

810 1650 1063 1704 ΚΕΦΑΛ.
1095 1646 1148 1701 Δ⁹

296 1745 439 1814 Περὶ
471 1743 599 1808 τοῦ,
632 1742 687 1797 τι
717 1742 850 1797 ἐστι
877 1742 1063 1808 Θεός;
1091 1739 1182 1795 ὅτι
1215 1737 1666 1805 ἀκατάληπτον.

262 1840 389 1893 ὀτι
423 1836 524 1909 μὲν
564 1831 660 1890 οὖν
710 1835 825 1888 ἔστι
871 1832 1003 1898 Θεὸς
1030 1874 1047 1901 ,
1076 1833 1256 1905 δῆλον.
1292 1832 1357 1886 Τί
1404 1831 1461 1885 δέ
1505 1832 1621 1886 ἐστι
1655 1829 1773 1883 κατ’

189 1930 378 1987 οὐσίαν
425 1930 519 1984 καὶ
548 1928 730 1999 φύσιν.
764 1926 1146 1997 ἀκατάληπτον
1177 1923 1336 1979 τοῦτο
1367 1924 1644 1986 παντελῶς
1682 1924 1778 1979 καὶ

2416 1650 2571 1719 127
2604 1648 2757 1704 CAP.
2791 1648 2880 1703 Iv.

1874 1738 2140 1805 Quidnam
2176 1738 2316 1794 Deus
2338 1741 2429 1804 sit,
2466 1739 2704 1810 quodque
2734 1740 3100 1811 comprehendi
3124 1757 3229 1795 non
3261 1744 3444 1811 possit.

1942 1829 2112 1885 Deum
2151 1831 2515 1899 incorporeum
2558 1848 2671 1886 esse
2713 1847 2806 1886 sea:
2835 1831 3132 1886 rationibus
3164 1833 3444 1907 probatur.

1872 1952 1942 1963 —
1975 1922 2133 1989 Quod
2176 1922 2369 1994 itaque
2412 1924 2487 1979 sit
2531 1923 2713 1990 Deus,
2746 1922 2957 1994 liquido
3006 1932 3268 1980 constat:
3311 1924 3444 1995 quid

188 2022 486 2093 ἄγνωστον.
513 2022 634 2076 Ὅτι
660 2021 757 2092 μὲν
785 2018 893 2090 7&9
920 2017 1209 2089 ἀσώματον
1228 2018 1271 2081 ί,
1303 2015 1483 2086 δῆλον.
1513 2015 1638 2080 Πῶς
1669 2014 1764 2087 γὰρ

1874 2022 2059 2069 autem
2098 2015 2407 2070 secundum
2445 2016 2745 2073 essentiam
2781 2027 2837 2072 et
2867 2023 3121 2070 naturam
3166 2018 3259 2084 sit,
3290 2016 3446 2070 nullo

192 2114 376 2185 σῶμα,
404 2113 466 2167 τὸ
492 2112 742 2183 ἄπειρον,
776 2110 870 2164 καὶ
909 2108 1184 2181 ἀόριστον,
1218 2107 1313 2161 καὶ
1342 2105 1769 2178 ἀσχημάτιστον,

188 2196 297 2260 καὶ
316 2203 521 2273 ἀναφὲς
541 2244 557 2269 ,
591 2203 686 2257 καὶ
718 2201 982 2272 ἀόρατον,
1011 2199 1106 2254 καὶ
1150 2196 1379 2262 ἁπλοῦν,
1412 2197 1506 2251 καὶ
1546 2196 1774 2251 ἀσύνθε-

186 2311 320 2362 τον;
347 2294 471 2360 Πῶς
513 2293 623 2366 γὰρ
655 2290 989 2365 ᾶτρεπτονὶ,
1014 2292 1068 2345 ει
1116 2290 1499 2361 περίγραπτον
1532 2288 1627 2342 καὶ
1659 2305 1772 2341 πα-

188 2386 390 2457 θητόνς
417 2386 531 2439 Καὶ
555 2383 675 2449 πῶς
702 2383 931 2449 ἀπαθὲς,
972 2381 1035 2435 τὸ
1059 2381 1124 2435 ἐκ
1158 2379 1442 2450 στοιχείων
1470 2377 1770 2449 συγκείμε-

184 2492 300 2541 νον,
334 2475 426 2529 καὶ
447 2475 529 2539 εἰς
561 2472 701 2528 αὐτὰ
737 2471 899 2528 πάλιν
930 2469 1331 2536 ἀναλυόμενον;
1364 2466 1622 2531 Σύνθεσις
1651 2465 1761 2537 7&9

187 2564 335 2636 ἁρχὴ
370 2565 549 2635 μάχης
568 2581 583 2594 ·
620 2563 770 2635 μάχη
799 2561 856 2616 δὲ
881 2602 896 2629 ,
922 2560 1261 2621 διαστάσεως
1293 2576 1307 2591 ο
1360 2558 1639 2622 διάστασις
1679 2556 1761 2623 δὲ,

142 2686 151 2692 -
186 2654 426 2719 λύσεως’
452 2655 606 2719 λύσις
638 2654 696 2709 δὲ
732 2653 1010 2725 ἀλλότριον
1038 2650 1174 2706 Θεοῦ
1213 2648 1514 2714 παντελῶς.

1873 2118 2107 2175 prorsus
2155 2105 2319 2161 modo
2367 2105 2786 2176 comprehendi,
2830 2107 2913 2161 vel
2963 2107 3129 2163 etiam
3181 2107 3446 2177 cognosci

1867 2202 2074 2266 potest.
2141 2195 2274 2251 Nam
2325 2197 2475 2264 quod
2519 2198 2885 2267 incorporeus
2943 2199 3037 2263 sit,
3087 2199 3444 2268 perspicuum

1864 2291 1972 2340 est.
2009 2284 2133 2351 Quo
2168 2286 2314 2340 enim
2348 2285 2513 2341 modo
2552 2301 2763 2356 corpus
2798 2302 2925 2343 esse
2954 2298 3149 2357 queat,
3180 2288 3327 2358 quod
3358 2288 3446 2343 in-

1864 2373 2087 2431 ﬂuitqu
2128 2383 2187 2432 et
2234 2377 2650 2432 interminatum
2689 2386 2803 2443 est,
2844 2378 2994 2449 quod
3043 2379 3218 2449 ﬁgura
3257 2388 3443 2449 caret,

1866 2468 2128 2539 quodque
2187 2484 2289 2524 nec
2348 2470 2542 2539 tangi,
2597 2483 2698 2524 nec
2761 2470 2940 2525 oculis
3001 2469 3154 2524 cerni
3227 2475 3441 2539 potest,

1867 2559 2016 2629 quod
2046 2558 2285 2631 denique
2328 2560 2563 2630 simplex
2604 2568 2690 2616 est
2717 2575 2838 2616 nec-
2863 2560 3277 2630 compositum?
3305 2575 3444 2628 quo-

1866 2650 2032 2707 modo
2057 2651 2264 2723 quippe
2308 2652 2658 2706 immutabile
2700 2651 2830 2715 erit,
2863 2651 2910 2707 si
2950 2650 3436 2719 circumscriptum

186 2762 254 2802 ae
282 2747 528 2819 passioni
556 2747 857 2803 obnoxium
901 2745 1011 2801 sit?
1044 2744 1273 2816 quinam
1306 2757 1506 2814 expers
1533 2741 1819 2815 passionis
1848 2745 1977 2811 erit,
2008 2745 2158 2816 quod
2185 2760 2251 2801 ex
2274 2746 2566 2802 elementis
2642 2744 2935 2809 conﬂatur,
2999 2752 3168 2814 atque
3226 2742 3283 2796 in
3344 2756 3443 2797 ea-

188 2843 313 2900 dem
365 2859 564 2900 rursus
604 2842 907 2899 dilabitur?
954 2840 1291 2912 compositio
1331 2838 1603 2909 siquidem
1654 2852 1851 2911 pugnae
1880 2840 2041 2913 origo
2085 2849 2215 2908 est;
2280 2855 2491 2913 pugna,
2542 2839 2806 2905 dissidii;
2881 2838 3204 2902 dissidium,
3285 2834 3442 2890 solu-

189 2935 395 3003 tionis;
436 2935 643 2992 solutio
673 2942 854 2990 autem
884 2948 916 2987 a
952 2930 1060 2987 Deo
1092 2945 1325 3002 prorsus
1363 2930 1549 2985 aliena
1572 2936 1660 2984 est
1687 2928 1757 2983 ".

266 3028 393 3091 Πῶς
415 3028 472 3083 δὲ
493 3027 589 3081 καὶ
609 3024 955 3097 σωθήσεταιιί
982 3024 1064 3089 τὸ,
1097 3023 1188 3078 διὰ
1213 3021 1436 3076 πάντων
1462 3021 1623 3091 ἣκειν
1655 3020 1752 3074 καὶ

1927 3014 2047 3082 Qua
2103 3014 2325 3071 ratione
2369 3020 2558 3070 autem
2610 3020 2666 3069 et
2702 3012 2838 3069 illud
2889 3013 3063 3069 stabit
3113 3025 3441 3086 certumque

187 3118 429 3192 πληροῦν
453 3118 522 3173 τὰ
573 3119 752 3173 πάντα
784 3117 936 3180 Θεὸν,
970 3114 1045 3179 ὥς
1078 3130 1244 3186 φησιν
1277 3114 1311 3185 ἡ
1348 3113 1576 3184 Γραφής
1612 3111 1757 3180 Οὐχὶ

188 3209 560 3279 τὸνούρανὸν
597 3208 698 3264 καὶ
738 3206 854 3276 τὴν
886 3206 1005 3277 γῆν
1031 3206 1148 3277 ἐγὼ
1187 3203 1426 3275 πληρῶ,
1448 3205 1612 3274 λέγει
1641 3204 1759 3260 Κύ-

180 3319 351 3374 ριος;
392 3300 681 3357 Ἀδύνατον
713 3298 824 3373 γὰρ
878 3299 1039 3370 σῶμα
1074 3298 1166 3353 διὰ
1214 3297 1484 3369 σωμάτων
1525 3296 1757 3368 διήκειν,

188 3391 265 3465 μη
287 3392 489 3463 τέμνον
516 3390 613 3446 καὶ
633 3391 989 3462 τεμνόμενον,
1011 3389 1108 3444 καὶ
1135 3388 1468 3460 πλεκόμενον
1491 3386 1587 3440 καὶ
1606 3387 1758 3441 ἀντι⁴

186 3482 647 3557 παρατιθέμενον,
668 3482 859 3555 ῶσπερ
892 3482 993 3537 ὅσα
1026 3480 1139 3536 τῶν
1167 3480 1352 3552 ὑγρῶν
1377 3478 1632 3551 μίγνυται
1662 3478 1760 3532 καὶ

185 3577 568 3647 συγκιρνᾶται.

253 3840 319 3894 Εἰ
346 3840 405 3893 δὲ
435 3838 530 3892 καί
551 3837 699 3901 τινες
720 3836 797 3908 (5)
829 3852 990 3906 φησιν
1012 3834 1175 3890 ἄῦλον
1208 3837 1390 3905 σῶμα,
1419 3834 1495 3899 ῶς
1521 3834 1582 3887 τὸ
1606 3834 1759 3906 παρὰ

182 3934 296 3995 τοῖς
322 3931 435 3985 τῶν
474 3929 743 4000 Ἑλλήνων
766 3930 951 3999 σοφοῖς
980 3926 1230 3996 πέμπτον
1256 3926 1418 3995 σῶμα
1444 3926 1756 3996 λεγόμενον,

182 4025 321 4096 ὅπερ
372 4023 636 4077 ἀδύνατον
655 4037 671 4052 ·
702 4020 1019 4091 κινούμενον
1054 4018 1206 4072 ἔσται
1251 4018 1488 4082 πάντως,
1507 4002 1695 4089 ὥσπερ
1728 4019 1757 4071 6

182 4114 433 4187 οὐρανός.
459 4114 633 4169 Τοῦτο
660 4112 769 4183 7&9
799 4112 1051 4182 πέμπτον
1083 4108 1245 4180 σῶμά
1286 4125 1443 4179 φασι.
1481 4109 1578 4173 Τίς
1611 4105 1705 4163 οὖν
1728 4111 1758 4164 6

182 4208 341 4262 τοῦτο
365 4205 584 4273 κινοῦνς
617 4205 732 4259 Πᾶν
756 4203 866 4274 7&9
902 4201 1221 4270 κινούμενον
1254 4200 1347 4269 ὑφ’
1374 4199 1562 4271 ἑτέρου
1593 4201 1759 4253 κινεῖ-

184 4314 290 4352 ται.
324 4297 582 4363 Κάκεῖνο,
612 4295 729 4362 τίς;
761 4294 872 4348 Καὶ
903 4292 1064 4347 τοῦτο
1119 4293 1200 4356 εἰς
1245 4293 1473 4366 ἄπειρον
1492 4336 1511 4363 ,
1541 4294 1647 4361 ἕως
1689 4295 1755 4351 ἂν

254 4469 298 4500 ’⁸
333 4467 499 4537 Greg.
534 4463 666 4519 Naz.
710 4474 847 4520 orat.
910 4465 1002 4521 34.

181 4558 311 4617 Nar.
354 4568 495 4617 orat.
521 4560 609 4628 52,
640 4558 731 4615 δι.
814 4559 854 4593 ¹⁹
874 4557 1072 4617 Jerem.
1109 4577 1266 4627 χχιιι,
1294 4559 1385 4615 24.
1460 4560 1505 4591 ¹⁰
1532 4560 1693 4631 Greg.
1716 4559 1759 4614 N

1888 4561 1995 4616 loc.
2020 4568 2113 4614 Cll.

1867 3108 1993 3174 erit,
2024 3105 2174 3178 quod
2209 3105 2357 3163 Deus
2400 3109 2589 3163 omnia
2630 3106 2896 3177 pervadat
2926 3115 2981 3163 et
3011 3106 3256 3177 impleat,
3289 3108 3440 3165 sicut

1866 3198 1947 3253 ait
1978 3196 2269 3269 Scriptura
2296 3214 2311 3253 :
2355 3197 2545 3254 Nonne
2574 3198 2760 3253 caelum
2784 3206 2833 3253 et
2872 3207 3071 3253 terram
3102 3215 3196 3269 ego
3228 3199 3444 3269 impleo,

1865 3293 1994 3347 dicit
2033 3292 2289 3348 Dominus
2318 3294 2360 3326 "
2386 3294 2410 3347 ἰ
2433 3292 2623 3365 Neque
2651 3294 2798 3349 enim
2820 3293 2938 3350 ﬁeri
2958 3294 3196 3365 possit”
3231 3304 3292 3349 ut
3314 3310 3444 3351 cor-

1867 3400 1970 3453 pus
2018 3399 2255 3456 corpora
2298 3394 2580 3455 permeet,
2630 3386 2765 3457 quin
2804 3386 3059 3443 simulet
3108 3386 3346 3453 dividat,
3384 3397 3444 3444 et

1865 3477 2163 3540 dividatur,
2190 3476 2690 3548 complieeturque,
2720 3487 2776 3535 et
2809 3485 3126 3549 opponatur
3158 3494 3255 3548 per
3282 3479 3442 3549 juxta

1864 3568 2295 3638 oppositionem,
2346 3577 2407 3624 ut
2453 3569 2807 3640 loquuntur;
2873 3570 3336 3640 quemadmodum
3369 3573 3441 3628 li-

1864 3661 2031 3733 quida
2093 3659 2281 3716 omnia
2338 3675 2465 3717 cum
2519 3661 2667 3717 inter
2737 3675 2798 3717 se
2838 3662 3145 3718 miscentur
3184 3676 3251 3719 ac
3292 3669 3440 3720 tem-

1866 3758 2151 3822 perantur.

1936 3842 2143 3912 Corpus
2174 3840 2336 3897 ἆῦλον
2377 3850 2426 3897 et
2472 3842 2658 3913 quinta
2709 3842 3013 3899 substantia
3056 3842 3439 3915 Peripatetico-

1864 3948 2003 3986 rum.
2032 3929 2278 3996 ——Quod
2317 3931 2363 3987 si
2415 3931 2638 4000 quidam
2666 3930 3034 3999 contendunt,
3078 3933 3180 3990 hoc
3232 3950 3440 4005 corpus

1865 4021 2242 4101 immateriale'
2281 4037 2429 4085 esse,
2470 4037 2581 4076 non
2628 4037 2793 4077 secus
2834 4031 2999 4093 atque
3044 4038 3247 4094 corpus
3275 4025 3438 4090 illud,

1863 4112 2013 4183 quod
2041 4112 2357 4169 Graecorum
2378 4112 2660 4182 sapientes
2684 4112 2940 4182 quintum
2969 4114 3247 4184 appellant
3270 4116 3438 4185 (quod

1863 4203 2083 4273 quidem
2120 4220 2246 4260 esse
2295 4204 2512 4274 nequit)
2544 4202 2855 4258 movebitur
2895 4212 3047 4259 certe
3080 4204 3159 4260 uti
3210 4205 3436 4260 emtum.

1864 4294 1981 4352 lloc
2017 4295 2168 4352 enim
2213 4304 2320 4361 est,
2368 4296 2516 4368 quod
2563 4295 2823 4366 quintum
2882 4311 3087 4367 corpus
3126 4304 3327 4352 vocant
3366 4298 3435 4352 ".

1110 4468 1147 4499 "
1195 4466 1397 4521 Athan.
1455 4464 1532 4519 De
1564 4467 1769 4520 incarn.
1835 4466 2006 4531 Verbi,
2077 4476 2199 4537 post
2254 4468 2412 4533 init.;
2472 4466 2634 4539 (ξτες.
2684 4467 2814 4524 Nar.
2867 4478 3008 4524 orat.
3032 4470 3120 4526 5i.
3200 4471 3241 4504 ⁸⁸
3274 4471 3437 4542 Greg.

2215 4561 2255 4591 “
2283 4559 2359 4614 Id.
2394 4559 2525 4615 ibid.

1403 4761 1409 4767 ,
1457 4700 1693 4757 VARIIE
1734 4699 2142 4757 LECTIONES.

258 4802 277 4842 ἱ
310 4799 450 4869 Reg.
481 4798 641 4863 5579,
670 4798 732 4852 τὸ
755 4799 908 4851 Θεῐον
929 4798 1220 4869 ἀσώματόν
1245 4798 1382 4869 ἐστι.
1464 4797 1703 4869 iEditn,
1735 4806 1787 4852 et
1818 4796 2158 4869 omnesl'ere
2206 4795 2447 4869 codices.
2482 4797 2700 4869 σεπτὸν.
2734 4796 2809 4850 Ita
2848 4794 3433 4869 GregoriusNazianz.

181 4864 448 4931 oratu’ui,
477 4884 542 4939 ex
565 4884 671 4938 qua
703 4870 817 4923 hac
842 4864 1063 4939 sumpta
1087 4876 1236 4923 sunt.
1274 4865 1449 4939 Vetus,
1497 4868 1727 4939 interpr.
1788 4867 2080 4939 uenerabile
2127 4874 2226 4919 est.
2291 4864 2397 4919 Sed
2457 4865 2714 4939 vitiosum
2760 4882 2882 4939 esse
2917 4866 3169 4939 gregarii
3224 4874 3438 4925 textum

182 4948 434 4994 autumat
457 4932 851 5008 Com'belisius,
872 4932 1265 5008 legendumque
1298 4937 1401 5008 h_oe
1440 4938 1494 4991 in
1526 4932 1704 5007 capite
1728 4937 1872 5007 apud
1906 4937 2301 5008 Damascenum
2334 4950 2457 5008 eum
2484 4932 2663 4990 Fabro
2687 4943 2743 4991 et
2766 4934 2970 4994 cod.S.
2998 4932 3105 4991 ilil.
3140 4936 3434 5008 ἄτρεπτον.

182 5008 395 5065 Favent
415 5009 565 5081 Regii
592 5018 725 5073 tres,
762 5005 1004 5063 ColbIet
1033 5005 1275 5062 Iiber'De
1312 5006 1503 5061 Trinit.
1553 5005 1642 5078 ap.
1681 5005 1869 5079 Cyrill.
1946 5007 1972 5046 ιι
2027 5005 2203 5073 Edita,
2246 5005 2591 5076 συνθήσεται.

1680 5117 1911 5175 NOTAE.

376 5236 443 5289 El
465 5234 531 5288 δέ
561 5251 739 5300 τινες.
760 5232 912 5298 Quod
942 5233 988 5286 si
1017 5229 1233 5300 quidam
1259 5230 1595 5284 contendunt.
1627 5230 1755 5286 Haec

184 5300 541 5360 Aristotelem
585 5303 811 5368 feriunt,
843 5304 933 5372 qui
968 5302 1170 5357 coelum
1222 5300 1397 5372 veluti
1431 5300 1525 5355 Dei
1554 5316 1757 5370 corpus

184 5390 311 5431 esse
335 5374 563 5440 docuit;
595 5374 740 5441 quod
770 5369 898 5443 quia
943 5372 1323 5443 incorruptum
1354 5369 1448 5443 sit,
1479 5378 1535 5424 et
1560 5386 1589 5425 a
1618 5387 1756 5439 qua-

185 5453 316 5499 tuor
358 5439 640 5498 elementis
678 5439 982 5505 diversum,
1026 5440 1237 5494 idcirco
1274 5439 1525 5508 quintum
1557 5456 1759 5509 corpus

183 5511 541 5581 nuncupabat
581 5529 645 5568 ex
692 5513 729 5566 Ρ
770 5515 1016 5582 thagora.
1055 5509 1323 5565 Caeterum
1349 5509 1657 5631 philosophi
1689 5512 1757 5566 de

183 5582 603 5637 incorruptione
645 5529 910 5637 maiorum
946 5580 1216 5637 doctrina,
1262 5594 1351 5633 see
1379 5582 1493 5635 usis
1540 5582 1607 5637 iis
1638 5598 1756 5637 «nne

182 5580 603 5651 incorruptione
645 5580 910 5638 caelorum
946 5580 1216 5639 doctrina,
1240 5580 1493 5651 iseelusis
1540 5582 1607 5637 iis
1638 5598 1756 5651 qum

184 5653 254 5707 de
274 5647 457 5722 primo
490 5662 699 5706 motore
750 5652 998 5713 tradidit,
1026 5652 1135 5720 jam
1169 5647 1376 5722 pridem
1407 5650 1457 5703 in
1486 5647 1756 5706 Christia-

182 5719 386 5781 norum
416 5723 637 5785 scholis.
657 5723 817 5778 etiam
850 5719 1186 5786 Graecarum,
1222 5719 1456 5775 admissa
1485 5733 1586 5776 ρει.
1624 5724 1753 5778 Nam

1861 5231 2202 5287 Schtdtastes
2229 5229 2383 5300 Regii
2410 5229 2533 5301 cod.
2560 5230 2722 5293 2929,
2740 5230 2849 5285 ait:
2885 5230 3258 5301 Ἀριστοτέλης
3281 5234 3435 5286 τοῦτο

1860 5302 2071 5370 εἰσάγει
2105 5302 2163 5354 ὲν
2185 5303 2250 5367 τῇ
2283 5299 2411 5370 περὶ
2437 5299 2641 5370 κόσμον
2666 5299 3017 5370 πραγματείᾳ
3043 5299 3291 5370 πέμπτον
3319 5318 3433 5370 στο-

1860 5365 2008 5441 χεῖον
2029 5388 2043 5400 ·
2082 5372 2176 5423 καὶ
2205 5365 2284 5422 ἔτι
2318 5365 2470 5441 παρά
2504 5365 2571 5423 τὰ
2594 5366 2634 5421 δ’
2642 5411 2670 5441 ,__
2688 5365 2748 5421 τὸ
2781 5365 3067 5441 στερέωμα
3107 5365 3266 5421 τοῦτο
3292 5365 3431 5441 εἶναι

1863 5437 2316 5509 ἆποφαινόμενος,
2343 5437 2411 5493 ἐκ
2436 5438 2713 5509 λογισμῶν
2752 5437 2981 5509 εἰκότων
3012 5438 3433 5509 κατασκευάζων

1865 5511 2033 5564 αὐτὼ
2062 5507 2373 5564 Aristoteles
2404 5509 2645 5579 quintum
2686 5508 2782 5579 hoc
2804 5508 3113 5561 elementum
3153 5507 3443 5579 introducit

1866 5582 1918 5633 in
1954 5580 2087 5633 libro
2123 5579 2199 5633 De
2222 5576 2459 5640 mundo;
2518 5589 2565 5631 et
2593 5579 2681 5630 ubi
2712 5578 3106 5645 ﬁrmamentum
3147 5576 3281 5629 illud
3327 5594 3445 5632 esse

1865 5652 2049 5704 asterit
2106 5667 2139 5701 a
2179 5660 2406 5716 quatuor
2439 5648 2711 5701 elementis
2754 5648 3042 5715 diversum,
3071 5647 3439 5711 verisimilibus

1866 5721 1917 5772 id
1950 5722 2144 5774 astruit
2168 5720 2514 5788 argumentis.
