3962 6300
535 299 642 366 893

1698 288 1759 348 S.
1794 287 2117 352 JOANNIS
2155 288 2586 354 DAMASCENI

3679 300 3791 367 PM

539 429 626 472 tus
657 424 766 468 non
799 415 908 465 est.
957 403 1194 461 Verbum
1249 414 1419 473 porro
1455 399 1503 456 si
1555 398 1776 466 habeat,
1812 417 1922 457 non
1955 402 2108 473 ejus-

2218 401 2520 474 ἀρξάμενον
2551 400 2648 458 τοῦ
2681 395 2844 467 εἷναι,
2875 402 2998 459 οὐδὲ
3040 402 3409 475 παυσόμενον.
3455 405 3534 462 οὑ
3585 409 3697 482 γὰρ
3723 409 3791 484 ἦν

535 503 681 560 modi
709 500 845 556 illud
876 497 1173 553 habiturus
1198 501 1308 558 est,
1353 491 1503 564 quod
1541 507 1653 548 non
1685 492 1980 558 subsistat,
2015 503 2112 550 aut

534 595 680 667 quod
711 607 836 649 esse
858 590 1115 662 coeperit,
1147 594 1243 642 aut
1269 586 1344 642 sit
1369 585 1698 642 desiturum.
1739 583 1928 657 Neque
1960 586 2109 642 enim

534 689 638 742 fuit
692 698 959 755 unquam,
1014 696 1143 738 cum
1189 681 1332 737 Deus
1365 679 1492 736 sine
1522 677 1706 735 Verbo
1753 689 1928 736 esset.
1962 677 2110 746 Quin

533 779 724 851 potius
759 775 1001 833 Verbum
1047 787 1208 831 suum
1261 787 1329 828 ex
1378 785 1440 827 se
1471 770 1718 843 genitum
1756 783 1978 842 semper
2010 769 2110 826 ha-

535 869 652 933 bet,
679 883 793 924 non
823 865 976 937 quod
1027 865 1095 921 ad
1139 865 1316 919 instar
1350 863 1528 918 nostri
1574 877 1686 918 non
1727 861 2021 928 subsistat,
2056 868 2116 918 et

436 949 443 1005 ί
535 963 592 1016 in
627 975 811 1016 aerem
845 958 1087 1024 difﬂuat;
1113 955 1208 1012 sed
1244 955 1300 1010 in
1335 970 1395 1012 se
1425 954 1767 1021 consistens,
1797 955 2112 1025 vivumque,

536 1060 594 1109 et
621 1050 952 1123 perfectum,
985 1057 1150 1118 atque
1180 1045 1477 1118 ejusmodi,
1509 1055 1569 1101 ut
1601 1055 1755 1102 extra
1789 1046 1971 1117 ipsum
2003 1059 2115 1100 non

446 1170 452 1176 -
538 1141 945 1215 progrediatur,
976 1140 1073 1196 sed
1107 1141 1163 1195 in
1199 1140 1323 1210 ipso
1353 1153 1572 1208 semper
1613 1136 1851 1193 exsistat
1885 1135 1954 1190 ³⁸.
1992 1135 2116 1202 Quo

537 1238 708 1297 enim,
741 1249 953 1303 quaeso,
985 1234 1111 1288 loco
1151 1239 1321 1294 esset,
1359 1231 1405 1287 si
1445 1239 1600 1286 extra
1633 1229 1813 1300 ipsum
1850 1227 2118 1284 excedat?

538 1327 674 1382 Nam
717 1326 844 1396 quia
893 1333 1092 1380 natura
1142 1332 1336 1379 nostra
1385 1323 1594 1379 caduca
1634 1331 1740 1388 est,
1789 1330 1842 1378 et
1875 1320 2112 1392 fragilis,

539 1418 613 1472 ob
639 1431 760 1472 eam
809 1431 1028 1486 quoque
1059 1430 1283 1471 causam
1319 1429 1504 1469 sermo
1539 1421 1729 1470 noster
1757 1413 2117 1470 subsistentia

541 1519 715 1563 caret.
770 1509 840 1561 At
894 1507 1070 1574 Deus,
1116 1520 1241 1560 cum
1303 1505 1676 1576 sempiternus
1724 1504 2118 1577 perfectasque

541 1600 634 1663 sit,
672 1599 980 1668 perfectum
1022 1613 1250 1668 quoque
1285 1607 1342 1652 et
1382 1596 1722 1662 subsistens,
1753 1612 1994 1668 vereque
2019 1612 2118 1654 ex-

541 1691 748 1747 sistens
786 1689 1026 1746 Verbum
1062 1705 1222 1745 suum
1263 1689 1456 1756 habet;
1501 1696 1556 1744 et
1583 1689 1730 1758 quod
1769 1704 1992 1760 semper
2022 1689 2117 1756 sit,

540 1789 596 1838 et
619 1781 791 1846 vivat,
826 1788 880 1838 et
918 1781 1104 1836 omnia
1132 1780 1358 1844 habeat,
1391 1794 1510 1849 quae
1538 1778 1705 1834 Pater
1735 1779 1924 1834 habet.
1961 1778 2119 1834 Sicut

537 1873 687 1928 enim
737 1886 922 1928 sermo
978 1880 1170 1928 noster
1222 1887 1291 1927 ex
1340 1879 1527 1926 mente
1583 1871 1988 1942 progrediens,
2019 1885 2122 1928 nec

539 1977 776 2034 prorsus
812 1978 937 2018 cum
984 1971 1172 2018 mente
1220 1963 1364 2018 idem
1413 1970 1522 2025 est,
1580 1977 1683 2018 nec
1733 1978 1956 2019 rursum
2005 1977 2124 2017 om-

539 2054 674 2110 nino
698 2055 769 2110 ab
806 2069 869 2111 ea
912 2053 1168 2111 diversus
1221 2064 1531 2124 tquatenus
1575 2057 1724 2109 enim
1751 2053 1843 2110 ἐι
1896 2063 2116 2120 mente,

541 2143 816 2200 hactenus
851 2143 996 2201 alius
1030 2151 1116 2200 est
1149 2159 1179 2199 a
1215 2153 1440 2210 mente;
1488 2154 1763 2214 quatenus
1808 2159 1938 2199 vero
1969 2160 2126 2200 men-

542 2239 653 2287 tem
709 2233 890 2305 ipsam
952 2236 1136 2305 palam
1196 2234 1432 2305 profert.
1487 2249 1599 2289 non
1647 2235 1762 2305 jam
1819 2249 2051 2305 prorsus
2092 2249 2122 2288 a

540 2333 730 2381 mente
779 2325 1037 2381 diversus
1087 2332 1209 2392 est,
1255 2337 1452 2381 verum
1498 2333 1700 2379 natura
1763 2324 1985 2394 quidem
2038 2331 2124 2380 est

541 2431 716 2471 unum
757 2431 882 2472 cum
921 2431 1008 2482 ea,
1040 2417 1294 2488 subjecto
1323 2424 1506 2474 autem
1540 2419 1609 2473 ab
1635 2418 1732 2472 illa
1757 2417 2065 2488 diversum)
2104 2435 2119 2472 :

543 2507 610 2561 ad
640 2505 892 2562 eumdem
930 2505 1156 2562 modum
1195 2505 1292 2563 Dei
1328 2523 1554 2580 quoque
1597 2507 1868 2571 Verbum,
1920 2518 2116 2577 quate.

543 2610 656 2652 nus
705 2612 808 2668 per
852 2612 913 2653 se
949 2598 1230 2663 subsistit,
1281 2599 1352 2654 ab
1398 2614 1464 2655 eo
1511 2598 1895 2669 distinguitur,
1931 2612 1960 2652 a
2007 2612 2118 2668 quo

2212 497 2304 550 ὅτε
2337 495 2440 550 οὐκ
2485 491 2556 567 ἦν
2597 497 2627 549 6
2657 495 2791 560 Θεὸς
2823 495 3015 564 Λόγος.
3068 497 3184 551 Ἀεὶ
3223 497 3281 551 δὲ
3321 496 3438 569 ἔχει
3466 499 3561 555 τὸν
3591 501 3790 560 ἑαυτοῦ

2209 585 2387 655 Λόγον
2414 584 2476 652 ἐξ
2515 585 2677 642 αὐτοῦ
2707 585 3092 658 γεννώμενον,
3121 589 3184 643 οὺ
3216 589 3360 645 κατὰ
3394 590 3490 646 τὸν
3519 592 3793 670 ἡμέτερον

2209 676 2368 747 λόγον
2399 677 2788 746 ἀνυπόστατον,
2819 678 2916 733 καὶ
2955 679 3036 744 εἰς
3063 679 3206 752 ἀέρα
3236 682 3520 753 χεόμενον,
3549 684 3667 739 ἀλλ’
3699 688 3790 744 ιν.

2209 768 2536 836 ὑπόστατον,
2565 769 2765 836 ζῶντα,
2783 770 2907 825 τέὶε
2915 787 2992 825 ιον
3005 787 3020 804 ο
3045 771 3147 826 οὐκ
3167 770 3274 838 ἔξω
3293 773 3461 828 αὑτοῦ
3483 777 3789 849 χωροῦντα,

2210 857 2328 912 ἀλλ’
2355 859 2416 913 ιν
2455 859 2608 933 αὐτῷ
2645 861 2736 916 ἀεὶ
2785 860 2936 916 ὅντα.
2973 861 3086 917 Ποῦ
3119 861 3229 936 γὰρ
3275 863 3452 934 locat,
3484 865 3591 934 ἔξω
3617 869 3790 926 αὑτοῦ

2211 951 2533 1024 γινόμενοςς
2596 953 2816 1027 Ἐπειδὴ
2848 954 2960 1026 γὰρ
2991 955 3024 1025 ἡ
3059 956 3308 1029 ἡμετέρα
3334 957 3499 1028 φύσις
3523 959 3794 1033 ἐπίκηρός

2213 1045 2332 1098 ἐστι
2359 1082 2376 1110 ,
2405 1046 2504 1100 καὶ
2544 1045 2856 1110 εὑδιάλυτος
2880 1085 2896 1110 ,
2943 1045 3034 1100 διὰ
3079 1046 3240 1102 τοῦτο
3269 1048 3366 1103 καὶ
3394 1049 3424 1102 6
3450 1049 3610 1119 λόγος
3629 1049 3794 1122 ἡμῶν

2217 1137 2369 1192 ἔστιν
2399 1138 2793 1204 ἀνυπόστατος.
2833 1138 2896 1193 '0
2921 1138 2980 1192 δὲ
3005 1138 3140 1204 Θεὸς
3182 1140 3272 1195 ἀεὶ
3312 1139 3411 1206 ὢν,
3447 1143 3543 1198 καὶ
3586 1143 3794 1207 τέλειος

2216 1229 2314 1298 ὢν,
2361 1233 2459 1286 καὶ
2497 1231 2705 1286 τέλειον
2749 1231 2846 1286 καὶ
2878 1231 3243 1286 ὲννπόστατον
3285 1231 3397 1298 ἕξει
3443 1234 3538 1287 τὸν
3591 1233 3790 1288 ἑαυτοῦ

2216 1322 2411 1392 Λόγον,
2453 1324 2550 1378 καὶ
2578 1323 2667 1377 ἀεὶ
2704 1323 2852 1388 ὄντα,
2884 1323 2980 1377 καὶ
3010 1321 3209 1388 ζῶντα,
3244 1325 3339 1378 καὶ
3384 1324 3564 1380 πάντα
3601 1325 3796 1396 ἔχοντα

2173 1484 2176 1487 _
2217 1415 2319 1470 ὅσα
2343 1417 2372 1469 6
2403 1415 2684 1486 γεννήτωρ
2718 1415 2852 1486 ἔχει.
2887 1415 3100 1486 Ὥσπερ
3126 1415 3237 1487 γὰρ
3274 1415 3304 1468 6
3330 1415 3604 1488 ἡμέτερος
3632 1417 3795 1486 λόγος

2219 1506 2286 1559 ὲκ
2307 1504 2404 1560 τοῦ
2445 1504 2539 1559 νοῦ
2567 1506 2992 1577 προερχόμενος,
3025 1504 3149 1559 οὔτε
3177 1505 3246 1559 δι’
3282 1506 3406 1560 ὅλου
3432 1507 3460 1560 6
3483 1507 3644 1570 αὑτός
3675 1509 3792 1562 ἐστι

2218 1595 2296 1667 τῷ
2320 1595 2414 1666 νῷ,
2441 1595 2567 1650 οὔτε
2596 1596 2942 1652 παντάπασιν
2969 1596 3159 1668 ἔτερος
3183 1613 3199 1628 ο
3228 1598 3293 1650 ὲκ
3321 1597 3414 1652 τοῦ
3441 1597 3534 1652 νοῦ
3559 1598 3660 1669 μὲν
3685 1599 3798 1670 γὰρ

2219 1687 2316 1751 ὢν,
2343 1688 2503 1753 ἄλλος
2547 1691 2666 1742 ἐστὶ
2694 1690 2829 1761 παρ’
2875 1687 3073 1744 αὐτόν·
3121 1687 3283 1743 αὑτὸν
3328 1689 3388 1743 δὲ
3427 1689 3520 1743 τὸν
3563 1687 3690 1743 νοῦν
3717 1691 3798 1753 εἰς

2219 1780 2531 1851 τούμφανὲς
2564 1780 2751 1850 ἄγων,
2799 1780 2986 1835 οὐκέτι
3037 1781 3387 1836 παντάπασιν
3435 1783 3624 1853 ἕτερός
3677 1783 3798 1836 ἐστι

2219 1871 2372 1944 παρὰ
2401 1872 2491 1925 τὸν
2532 1871 2678 1938 νοῦν,
2715 1871 2854 1927 ἀλλὰ
2880 1873 3023 1928 κατὰ
3051 1871 3149 1945 τὴν
3180 1871 3343 1943 φύσιν
3387 1872 3448 1926 ἓν
3473 1873 3571 1939 ὢν,
3605 1872 3798 1943 ἕτερόν

2220 1965 2338 2018 ἐστι
2359 1963 2438 2035 τῷ
2464 1964 2814 2038 ὑποκειμένῳ
2836 1980 2853 1996 υ
2879 1964 3052 2029 οὑτως
3081 1965 3178 2018 καὶ
3199 1965 3227 2018 6
3251 1963 3349 2019 τοῦ
3386 1963 3521 2020 Θεοῦ
3550 1965 3726 2032 Λόγος
3747 1973 3799 2030 lt,

2219 2055 2300 2126 τῷ
2333 2055 2432 2126 μὲν
2464 2055 2763 2126 ὑφεστάναι
2809 2057 2936 2111 καθ’
2975 2057 3208 2121 ἑαυτὸν,
3252 2055 3506 2128 διῄρηται
3529 2055 3607 2126 (7)
3656 2055 3804 2127 πρὸς

2223 2147 2433 2200 ἐκεῖνον
2463 2144 2594 2216 παρ’
2623 2141 2685 2199 οῦ
2713 2146 2816 2217 τὴν
2847 2145 3148 2201 ὑπόστασιν
3170 2155 3199 2196 ιι
3229 2144 3344 2215 ἔχει
3374 2159 3388 2174 ο
3425 2143 3500 2197 Τδ
3531 2143 3589 2196 δὲ
3627 2142 3807 2198 ταῦτα

2218 2235 2485 2291 δεικνύειν
2513 2239 2570 2291 ὲν
2609 2235 2811 2308 ἐαυτῷ,
2857 2236 2894 2292 ἃ.
2925 2237 3052 2306 περὶ
3095 2237 3186 2290 τὸν
3232 2233 3365 2301 Θεὸν
3407 2233 3742 2304 καθορᾶται,
3779 2231 3808 2283 6

2219 2330 2380 2394 αὑτός
2422 2331 2539 2384 ἐστι
2581 2330 2726 2385 κατὰ
2769 2329 2868 2402 τὴν
2911 2329 3074 2402 φύσιν
3119 2325 3571 2398 ἑκείνῳ.⁹Ὦσπερ
3597 2323 3714 2395 γὰρ
3743 2323 3806 2377 τὺ

2221 2421 2281 2474 ὲν
2319 2421 2494 2476 ἅπασι
2544 2421 2750 2476 τέλειον
2794 2422 2890 2475 ἐπὶ
2920 2419 3016 2475 τοῦ
3045 2418 3260 2491 Πατρδς
3292 2417 3618 2489 θεωρεῖται,
3658 2413 3807 2469 οὕτω

2223 2512 2318 2565 καὶ
2370 2512 2467 2566 ἐπὶ
2514 2512 2609 2567 τοῦ
2657 2513 2720 2579 ἐξ
2767 2512 2934 2568 αὐτοῦ
2979 2509 3384 2584 γεγεννημένου
3434 2509 3612 2579 Λόγου
3669 2506 3810 2562 Bem-

2225 2604 2398 2672 ρεῖται
2424 2611 2471 2657 τ.

543 2693 709 2749 habet
739 2702 798 2748 ut
827 2709 922 2765 per
945 2709 1006 2750 se
1035 2695 1308 2750 subsistat
1337 2710 1353 2748 :
1379 2702 1656 2765 quatenus
1688 2692 1846 2763 130
1865 2700 2047 2747 autem
2078 2695 2267 2750 eadem
2294 2696 2348 2750 in
2376 2697 2496 2767 ipso
2525 2695 2796 2755 ostendit.
2825 2710 2947 2767 quae
2966 2694 3024 2750 in
3049 2693 3160 2750 Deo
3183 2692 3625 2766 conspiciuntur,
3654 2690 3807 2747 idem

545 2794 746 2838 natura
779 2798 903 2838 cum
945 2782 1069 2854 ipso
1098 2790 1206 2838 est.
1239 2779 1717 2849 Quemadmodum
1749 2781 1898 2834 enim
1934 2781 2250 2837 onmimoda
2293 2785 2535 2855 undique
2565 2783 2832 2856 perfectio
2905 2785 2961 2838 in
3025 2783 3186 2839 Patre
3261 2780 3617 2854 perspicitur,
3711 2794 3810 2836 ea-

543 2878 666 2932 dem
699 2875 862 2931 etiam
898 2875 953 2929 in
988 2873 1172 2929 Verbo
1200 2889 1264 2926 ex
1309 2873 1428 2941 ipso
1461 2873 1650 2942 genito
1687 2877 1996 2942 Spectatur.

1174 2965 1328 3021 CAP.
1361 2963 1481 3020 Vll.

650 3057 728 3112 De
755 3056 958 3128 Spiritu
989 3067 1195 3123 sancto,
1234 3057 1477 3128 probatio
1499 3055 1660 3110 ducta
1689 3070 1755 3110 ea:
1783 3058 2008 3112 ratione.

617 3208 800 3273 Divini
847 3215 1085 3288 Spiritus
1151 3217 1217 3272 ab
1266 3217 1496 3271 humano
1543 3215 1850 3270 discrimen.
1881 3245 1945 3255 —
1977 3215 2119 3275 Suus

545 3325 765 3382 quoque
797 3309 982 3366 Verbo
1021 3310 1266 3380 Spiritus
1291 3311 1365 3364 sit
1398 3315 1640 3380 oportet.
1676 3305 1814 3362 Nam
1841 3323 1909 3364 ne
1938 3316 2126 3363 noster

546 3400 768 3470 quidem
799 3415 986 3456 sermo
1016 3399 1251 3470 spiritus
1287 3405 1373 3455 est
1405 3413 1628 3469 expers.
1666 3395 1784 3452 Hoc
1813 3407 1996 3454 autem
2035 3398 2124 3452 in-

547 3501 632 3548 ter
671 3501 963 3563 utrumque
1006 3492 1270 3559 interest,
1311 3490 1458 3562 quod
1503 3491 1560 3544 in
1607 3490 1771 3548 nobis
1815 3491 2048 3561 spiritus
2087 3506 2120 3546 a

622 3670 663 3701 ³⁸
689 3669 850 3740 Grcg.
887 3667 1016 3741 Nys.
1051 3669 1272 3726 Catech.
1299 3685 1354 3726 c.
1385 3669 1438 3725 Ι.

2835 2960 3088 3016 ΚΕΦΛΛ.
3121 2959 3196 3015 Ζ’.

2226 3055 2368 3126 Περὶ
2405 3055 2510 3110 τοῦ
2543 3055 2889 3179 Πνεῦμαωὲ
2929 3053 3040 3178 Ξὲῦ
3056 3053 3279 3187 ξἁγίου,
3314 3053 3806 3125 caldariorum

2883 3139 2927 3177 π
3001 3139 3052 3176 ει
3097 3140 3172 3187 ις.

2883 3139 3172 3188 nocerem.

2297 3219 2390 3270 Δεῖ
2421 3217 2478 3271 δὲ
2511 3215 2602 3270 τὸν
2630 3215 2803 3285 Λόγον
2843 3216 2936 3270 καὶ
2971 3213 3201 3286 Πνεῦμα
3235 3213 3382 3285 ἔχειν
3397 3214 3498 3285 (8).
3528 3215 3648 3270 Καὶ
3672 3217 3808 3286 γὰρ,

2225 3309 2321 3362 καὶ
2346 3310 2374 3362 6
2406 3308 2673 3381 ἡμέτερος
2703 3307 2862 3376 λόγος
2890 3307 2991 3362 οὑκ
3017 3306 3248 3378 ἄμοιρός
3275 3307 3393 3360 ἐστι
3432 3305 3528 3361 τοῦ
3564 3308 3813 3376 πνεῦμα-

2225 3415 2313 3463 τος
2339 3415 2354 3430 ο
2387 3399 2501 3452 ἀλλ’
2542 3399 2627 3469 ἐφ’
2663 3399 2822 3471 ἡμῶν
2852 3398 2952 3469 μὲν
2998 3397 3062 3451 τὸ
3095 3396 3318 3468 πνεῦμα
3361 3398 3646 3470 ἀλλότριόν
3687 3399 3809 3453 ἐστι

2225 3489 2328 3560 τῆς
2353 3489 2632 3561 ἡμετέρας
2662 3489 2876 3554 οὐσίας.
2904 3488 3010 3544 Τοῦ
3046 3488 3210 3562 ἀέρος
3237 3487 3349 3562 γάρ
3377 3490 3527 3543 ἐστιν
3545 3489 3686 3562 ὁλκὴ
3712 3491 3809 3546 καὶ

1806 3762 2043 3818 νΛῐὶῐλΕ
2084 3761 2488 3820 LECTIONES.

621 3868 651 3907 ιδ
678 3855 736 3910 In
777 3853 843 3908 Β.
872 3855 1013 3908 2527
1054 3855 1274 3911 additur
1333 3856 1393 3920 ὃς
1423 3857 1571 3910 ἐστιν
1595 3856 1624 3909 6
1665 3861 1800 3918 υἱός.

1875 3855 2061 3911 «Cod.
2123 3855 2183 3910 S.
2237 3855 2340 3910 Hil.
2378 3855 2634 3922 ὓπαρξιν.
2697 3854 2788 3911 Sic
2845 3855 2980 3922 Reg.
3031 3855 3160 3920 duo,
3211 3862 3267 3912 et
3304 3853 3370 3910 T.
3411 3855 3807 3911 exsistentiam.

552 3927 729 3990 Edita,
757 3925 853 3994 τὴν
885 3925 1096 3994 γένεσιν
1130 3927 1429 3980 ὑπόστασιν
1459 3925 1594 3997 ἔχει.
1624 3925 1882 3982 Absurde
1909 3941 2160 3996 prorsus.

2241 3937 2262 3964 τ
2294 3926 2451 3981 Edita
2482 3926 2791 3999 θεωρεῖται.
2869 3937 2891 3965 ι
2923 3926 3133 3982 Desunt
3167 3926 3282 3981 haec
3309 3926 3363 3980 in
3385 3941 3518 3982 mss.

2065 4079 2298 4138 ΝΟΤᾸΞ.

553 4173 775 4240 dicitur,
806 4174 880 4228 Οὑ
919 4173 1026 4243 γὰρ
1050 4168 1117 4244 ἦν
1133 4173 1220 4227 ὅτε
1248 4173 1348 4225 οὐκ
1373 4166 1460 4242 ἦν·
1497 4169 1679 4244 Neque
1707 4171 1849 4244 enini
1870 4170 2122 4244 e_ra_t__ali-

587 4245 785 4305 uando,
817 4240 941 4297 cuni
973 4240 1085 4297 ille
1113 4259 1216 4296 non
1250 4240 1420 4304 esset;
1467 4241 1564 4295 sed
1595 4240 1776 4295 etiam
1817 4240 2120 4308 Sabellius,

598 4323 979 4382 amosatenus,
1004 4323 1058 4367 et
1083 4313 1401 4382 quicunque
1437 4310 1532 4364 alii
1585 4325 1768 4365 veram
1801 4311 2118 4366 consisten-

554 4386 686 4437 tiam
717 4383 892 4438 eidem
938 4381 1115 4436 Verbo
1145 4381 1489 4435 ademerunt.

627 4454 704 4524 (7)
739 4453 1038 4524 Διῄρητᾳι.
1079 4451 1154 4524 Δρ
1178 4467 1238 4524 eo
1263 4449 1844 4524 distinguitursP‘atre
1889 4449 2123 4524 scilicet.

555 4519 848 4576 Nonnullis
875 4523 1098 4577 verbum
1131 4519 1385 4591 διῄρηται
1411 4519 1714 4590 displicuit,
1743 4520 1873 4588 quia
1897 4520 2124 4574 divisio-

555 4537 844 4576 nonnums
875 4537 1098 4577 verbum
1131 4537 1385 4643 οιῃρτίται
1411 4537 1714 4590 displicuit,
1743 4537 1873 4588 quia
1897 4537 2124 4574 umsro-

555 4607 678 4645 nem
711 4600 1000 4646 annueret.
1031 4593 1099 4644 At
1123 4591 1274 4645 Theo
1297 4605 1434 4660 ogus
1461 4591 1592 4645 illud
1619 4591 1934 4660 frequenter
1964 4605 2125 4646 usur-

557 4669 670 4731 pat,
701 4663 768 4716 ad
795 4662 1090 4717 discrimen
1125 4661 1393 4715 duntaxat
1426 4675 1789 4729 personarum
1820 4660 2125 4731 enuntian-

555 4729 722 4802 dum:
761 4748 814 4785 ν.
865 4746 948 4802 gr.
983 4731 1112 4786 dum
1154 4731 1230 4802 ait
1262 4749 1275 4784 :
1313 4731 1411 4785 'Ev
1448 4731 1577 4802 ὄντα
1607 4729 1952 4802 διῃρημένως
1975 4772 1990 4796 ,
2031 4731 2127 4784 καὶ

551 4800 907 4870 διαιρούμενα
935 4800 1319 4872 συνημμένῳς,
1345 4816 1462 4870 qua:
1487 4800 1757 4872 discretim
1786 4815 1952 4854 unum
1975 4807 2125 4864 sunt,

551 4880 602 4923 et
627 4869 857 4942 discreta
882 4869 1224 4942 coniunctim.
1246 4870 1310 4926 Et
1329 4869 1469 4925 orat.
1485 4870 1593 4924 54:
1621 4869 1908 4942 Eulfgorem
1937 4885 2123 4942 unum,

554 4943 761 5012 abruna
809 4940 1013 5012 Deitate
1045 4951 1442 5012 coruscantem,
1488 4940 1684 5012 ἑνικῶς
1715 4940 2124 5012 διαιρουμένῃν,

553 5011 650 5062 καὶ
689 5011 1108 5081 συναπτομένην
1141 5010 1464 5081 ἀδιαιρέτῳς
1487 5053 1501 5076 ,
1523 5011 1613 5080 qui
1657 5009 1976 5081 conjunctiin
2005 5009 2123 5081 dis-

551 5090 724 5133 cretus
757 5081 849 5142 sit,
886 5078 948 5134 et
982 5078 1257 5134 discretim
1295 5078 1624 5148 conjunctae
1646 5096 1666 5134 :
1700 5078 1760 5133 id
1801 5078 1941 5150 quod
1971 5079 2125 5149 plane

554 5150 746 5203 mentis
800 5150 968 5220 aciem
1014 5149 1191 5220 fugit:
1224 5153 1494 5204 Sescenta
1545 5159 1674 5206 sunt
1721 5149 1830 5204 tam
1859 5150 2121 5220 theOIOgi,

553 5234 720 5290 quam
781 5219 1114 5291 reliquorum
1170 5219 1395 5291 Patrum
1452 5221 1605 5284 loca,
1657 5222 1860 5290 quibus
1915 5219 2124 5291 διαιρέ-

555 5289 697 5353 eam:
727 5289 949 5346 nomine
979 5291 1197 5345 nonnisi
1229 5289 1525 5345 discrimen
1572 5291 1649 5344 rei
1678 5289 1856 5345 unius
1913 5290 1982 5343 ab
2016 5291 2122 5344 alia

553 5361 877 5431 enuntiatur
928 5379 942 5415 :
1000 5371 1164 5431 atque
1205 5361 1308 5414 hoc
1367 5373 1534 5431 sensu
1581 5375 1704 5431 cum
1754 5361 2120 5431 contractipni

557 5427 902 5492 Sabellianze,
944 5443 1056 5484 tum
1076 5427 1322 5484 ‘Ariana:
1349 5429 1608 5486 divisioni
1642 5430 1990 5486 adversatur.
2021 5429 2123 5484 Le-

556 5499 703 5570 gesis
731 5500 928 5570 denuo
949 5501 1077 5554 Νη.
1112 5508 1253 5554 orat.
1282 5500 1374 5570 29,
1409 5517 1462 5570 p.
1493 5501 1619 5555 489.

626 5565 703 5638 (8)
743 5568 845 5640 Δεῖ
873 5569 981 5624 τὸν
1031 5571 1225 5638 Λόγον
1251 5569 1349 5624 καὶ
1389 5565 1457 5624 τὸ
1484 5571 1728 5639 Πνεῦμα
1755 5570 1939 5640 ἔχειν.
1982 5569 2122 5624 Suus

555 5637 757 5707 quoque
801 5637 966 5693 Verbo
994 5642 1062 5694 sit
1092 5637 1323 5709 Spiritus
1355 5652 1574 5709 oportet.
1608 5637 1822 5707 Grzcci,
1843 5650 1958 5694 tum
1996 5655 2122 5710 pro-

559 5714 678 5767 pter
729 5710 970 5764 nativam
1005 5713 1280 5766 notionem
1313 5726 1475 5780 quam
1527 5713 1764 5781 Spiritus
1798 5727 1996 5767 nomen
2035 5711 2120 5766 iu-

2229 4173 2548 4242 gerit,tum
2583 4171 2673 4242 ob,
2711 4170 2816 4226 hoc
2855 4169 3154 4240 Scriptura:
3213 4169 3458 4242 citatum,
3506 4179 3556 4225 et
3593 4169 3810 4239 Spiritu

2227 4239 2336 4295 oris
2369 4241 2483 4311 ejus
2533 4241 2703 4295 omnis
2752 4242 2919 4294 virtus
2964 4239 3185 4311 eorum,
3247 4239 3513 4311 Spiritum
3547 4251 3808 4311 sanctum

2229 4309 2431 4366 docent
2458 4326 2490 4366 a
2524 4311 2696 4381 Patre
2724 4311 3020 4381 procedere
3053 4309 3215 4381 ﬂatus
3257 4309 3624 4381 instar__quem
3667 4310 3813 4368 Deus

2229 4381 2560 4451 proferendo
2577 4378 2813 4435 Verbum
2835 4381 3070 4451 emittat.
3097 4379 3186 4451 Ait
3205 4381 3404 4451 quippe
3424 4378 3648 4451 Nuster,
3675 4382 3807 4436 infr.

2229 4448 2286 4532 ᾗ.
2315 4451 2420 4532 15,
2459 4449 2684 4532 Nullum
2713 4451 2824 4505 sine
2853 4448 3058 4532 Spiritu
3092 4450 3380 4532 impulsum
3407 4464 3549 4515 esse,
3575 4449 3813 4532 omitto.

2226 4521 2538 4593 γὰρὸρμῂ
2588 4521 2720 4574 ἄνευ
2769 4519 3098 4589 πνεύματος.
3158 4519 3310 4593 Adeo
3348 4529 3666 4593 tamenin
3714 4519 3816 4593 ille

2229 4587 2474 4660 Spiritus
2495 4587 2590 4644 Dei
2621 4605 2730 4646 non
2763 4587 3089 4660 evanescat,
3127 4587 3436 4660 seddivina
3491 4590 3815 4660 substantia

2228 4657 2301 4716 sit
2338 4671 2394 4731 et
2422 4662 2541 4731 ipse
2567 4661 2732 4716 Deus.
2761 4661 2838 4712 lta
2868 4659 3183 4731 Gregorius
3222 4657 3507 4731 Νχεεθηιιε
3537 4658 3808 4731 (Περέα-αις

2227 4732 2298 4786 ita
2352 4726 2761 4794 Naiianzenus,
2797 4737 2940 4783 orat.
2979 4726 3016 4792 ἵ,
3043 4728 3115 4795 3;
3145 4726 3381 4795 Cyrillus
3411 4729 3594 4792 Alex"
3629 4726 3815 4784 'Thes.

2227 4743 2298 4786 ita
2352 4743 2761 4794 Nazianzenus,
2797 4743 2940 4783 orat.
2979 4745 3016 4792 ι,
3043 4743 3115 4795 o;
3145 4743 3186 4782 ιι
3229 4743 3381 4782 riuus
3411 4743 3594 4792 Alex"
3649 4743 3815 4784 lites.

2225 4810 2428 4876 assert.
2459 4802 2549 4876 Si,
2585 4801 2716 4856 dial.
2746 4799 2782 4852 2
2815 4797 3070 4876 De__Trin.
3104 4743 3500 4876 p.125;_‘et'_l_,
3527 4814 3582 4867 p.
3613 4798 3722 4876 6S;
3758 4810 3816 4854 et

2226 4871 2350 4926 640.
2392 4871 2472 4925 lta
2496 4872 2738 4934 demum,
2775 4879 2833 4922 nt
2862 4869 3002 4922 alios
3056 4866 3290 4932 taceam,
3341 4866 3597 4930 Basilius,
3647 4870 3748 4923 lib.
3781 4885 3815 4922 ν

2226 4939 2382 4996 Cant.
2438 4941 2666 4994 Eunom.
2700 4947 2755 4994 et
2784 4939 2880 4994 lib.
2915 4937 2991 4991 De
3015 4937 3242 5007 Spiritu
3288 4946 3496 4999 sancto,
3544 4952 3675 5007 cap.
3719 4939 3816 5003 i8,

2225 5013 2385 5066 docet
2432 5012 2697 5081 Spiritum
2739 5025 2869 5081 esse
2908 5023 2974 5081 est
3006 5006 3152 5081 Deo,
3193 5023 3298 5060 non
3341 5006 3708 5081 quomodo'ea:
3753 5025 3819 5063 eo

2225 5091 2348 5136 sunt
2403 5077 2603 5145 omnia,
2656 5079 2746 5147 sed
2797 5088 2855 5132 ut
2911 5077 2976 5130 ab
3009 5079 3156 5147 ipso,
3195 5077 3452 5147 procedit,
3498 5093 3605 5130 non
3653 5095 3820 5147 gene-

2225 5153 2432 5206 ratione
2476 5151 2636 5205 veluti
2703 5146 2920 5213 Filius,
2969 5145 3084 5200 ἀλλ’
3131 5146 3206 5210 ὡς
3259 5145 3484 5216 Πνεῦμα
3537 5145 3821 5216 στόιὶατος

2225 5221 2415 5287 αὑτοῦ,
2443 5221 2532 5276 sed
2563 5231 2813 5288 tanquam
2835 5215 3209 5288 Spiritusoris
3241 5217 3378 5283 ejus.
3409 5215 3728 5288 Etsihneq’ue
3759 5234 3822 5271 os

2224 5291 2361 5344 illud
2393 5286 2684 5346 membrum
2713 5299 2811 5352 est,
2851 5286 2942 5342 nec
2992 5286 3226 5355 Spiritus
3261 5295 3337 5340 est
3377 5286 3674 5355 anhelitus,
3710 5289 3827 5342 sive

2224 5378 2386 5431 vapor
2414 5375 2745 5421 evanescens,
2771 5357 2861 5431 sed
2889 5374 2947 5410 os
2977 5354 3193 5431 dicitur,
3223 5355 3362 5426 quod
3393 5354 3564 5431 Desint
3590 5357 3825 5431 deceat;

2223 5426 2542 5500 et'Spiritus
2595 5437 2674 5484 est
2719 5428 3026 5482 substantia
3090 5426 3824 5500 vivens{sanctificationis

2223 5495 2460 5566 domina,
2492 5512 2545 5554 ut
2580 5510 2690 5553 tum
2722 5500 2918 5554 veritas
2948 5509 3160 5551 natura
3183 5495 3469 5563 manifesta
3491 5497 3584 5566 sit,
3627 5505 3742 5550 tu»:
3773 5506 3826 5550 et

2223 5565 2516 5626 exsistcndi
2551 5571 2741 5624 modus
2787 5567 3076 5637 ineffabilis
3111 5575 3471 5637 conservetur.
3501 5565 3829 5637 Gregorius

2226 5639 2568 5705 Scholarius,
2588 5643 2681 5695 lib.
2709 5657 2724 5694 ι
2752 5633 2907 5693 Cant".
2965 5634 3169 5698 Latin.,
3197 5636 3261 5689 de
3305 5651 3539 5705 process.
3572 5633 3831 5704 Spiritus

2224 5715 2398 5766 sancti
2437 5723 2570 5767 sect.
2619 5713 2674 5778 4,
2713 5711 2977 5780 Spiritum
3027 5715 3282 5762 sanctum
3312 5706 3492 5775 ὁρμὴν
3520 5720 3650 5762 esse
3679 5722 3830 5762 cou-
