  <div class='ocr_page' id='page_1' title='image "/cluster/home/n/w/nwhite01/storage/ocr_20150623/94/hvd.32044052838174/489.png"; bbox 0 0 3962 6300; ppageno 0'>
   <div class='ocr_carea' id='block_1_1' title="bbox 419 251 523 316">
    <p class='ocr_par' dir='ltr' id='par_1_1' title="bbox 419 251 523 316">
     <span class='ocr_line' id='line_1_1' title="bbox 419 251 523 316; baseline 0 0"><span class='ocrx_word' id='word_1_1' title='bbox 419 251 523 316; x_wconf 80' lang='lat'><strong>807</strong></span> 
     </span>
    </p>
   </div>
   <div class='ocr_carea' id='block_1_2' title="bbox 1559 246 2434 308">
    <p class='ocr_par' dir='ltr' id='par_1_2' title="bbox 1559 246 2434 308">
     <span class='ocr_line' id='line_1_2' title="bbox 1559 246 2434 308; baseline 0.001 -2"><span class='ocrx_word' id='word_1_2' title='bbox 1559 246 1617 306; x_wconf 88' lang='lat' dir='ltr'><strong>S.</strong></span> <span class='ocrx_word' id='word_1_3' title='bbox 1647 246 1967 308; x_wconf 75' lang='lat' dir='ltr'><strong>JOANNIS</strong></span> <span class='ocrx_word' id='word_1_4' title='bbox 2003 247 2434 308; x_wconf 75' lang='lat' dir='ltr'><strong>DAMASCENI</strong></span> 
     </span>
    </p>
   </div>
   <div class='ocr_carea' id='block_1_3' title="bbox 3567 243 3678 307">
    <p class='ocr_par' dir='ltr' id='par_1_3' title="bbox 3567 243 3678 307">
     <span class='ocr_line' id='line_1_3' title="bbox 3567 243 3678 307; baseline 0.018 -2"><span class='ocrx_word' id='word_1_5' title='bbox 3567 243 3678 307; x_wconf 78' lang='lat'><strong>898</strong></span> 
     </span>
    </p>
   </div>
   <div class='ocr_carea' id='block_1_4' title="bbox 423 354 2000 436">
    <p class='ocr_par' dir='ltr' id='par_1_4' title="bbox 423 360 1988 436">
     <span class='ocr_line' id='line_1_4' title="bbox 423 360 1988 436; baseline -0.001 -18"><span class='ocrx_word' id='word_1_6' title='bbox 423 380 529 436; x_wconf 86' lang='lat' dir='ltr'><strong>que</strong></span> <span class='ocrx_word' id='word_1_7' title='bbox 581 364 680 419; x_wconf 87' lang='lat' dir='ltr'><strong>hac</strong></span> <span class='ocrx_word' id='word_1_8' title='bbox 725 362 971 426; x_wconf 89' lang='lat' dir='ltr'><strong>ratione,</strong></span> <span class='ocrx_word' id='word_1_9' title='bbox 1029 377 1126 434; x_wconf 86' lang='lat' dir='ltr'><strong>per</strong></span> <span class='ocrx_word' id='word_1_10' title='bbox 1179 367 1388 416; x_wconf 58' lang='lat' dir='ltr'><strong>natura!</strong></span> <span class='ocrx_word' id='word_1_11' title='bbox 1430 360 1647 430; x_wconf 82' lang='lat' dir='ltr'><strong>quidem</strong></span> <span class='ocrx_word' id='word_1_12' title='bbox 1699 363 1988 430; x_wconf 83' lang='lat' dir='ltr'><strong>unitatem,</strong></span> 
     </span>
    </p>
   </div>
   <div class='ocr_carea' id='block_1_5' title="bbox 2104 354 3678 436">
    <p class='ocr_par' dir='ltr' id='par_1_5' title="bbox 2104 354 3678 430">
     <span class='ocr_line' id='line_1_5' title="bbox 2104 354 3678 430; baseline -0.003 -15"><span class='ocrx_word' id='word_1_13' title='bbox 2104 362 2216 426; x_wconf 70' lang='grc' dir='ltr'><strong>Βεος</strong></span> <span class='ocrx_word' id='word_1_14' title='bbox 2244 362 2356 415; x_wconf 82' lang='grc' dir='ltr'><strong>τῶν</strong></span> <span class='ocrx_word' id='word_1_15' title='bbox 2400 361 2670 430; x_wconf 82' lang='grc' dir='ltr'><strong>Ἑλλήνων</strong></span> <span class='ocrx_word' id='word_1_16' title='bbox 2695 357 3084 427; x_wconf 66' lang='grc' dir='ltr'><strong>ἐξαφανίζεται</strong></span> <span class='ocrx_word' id='word_1_17' title='bbox 3116 354 3291 426; x_wconf 80' lang='grc' dir='ltr'><strong>πλάνη</strong></span> <span class='ocrx_word' id='word_1_18' title='bbox 3319 370 3333 386; x_wconf 66' lang='grc' dir='ltr'><strong>ι</strong></span> <span class='ocrx_word' id='word_1_19' title='bbox 3368 356 3456 409; x_wconf 68' lang='grc' dir='ltr'><strong>διὰ</strong></span> <span class='ocrx_word' id='word_1_20' title='bbox 3485 357 3542 412; x_wconf 76' lang='grc' dir='ltr'><strong>δὲ</strong></span> <span class='ocrx_word' id='word_1_21' title='bbox 3577 360 3678 429; x_wconf 84' lang='grc' dir='ltr'><strong>τῆς</strong></span> 
     </span>
    </p>
   </div>
   <div class='ocr_carea' id='block_1_6' title="bbox 423 451 1993 526">
    <p class='ocr_par' dir='ltr' id='par_1_6' title="bbox 423 451 1993 526">
     <span class='ocr_line' id='line_1_6' title="bbox 423 451 1993 526; baseline -0.003 -18"><span class='ocrx_word' id='word_1_22' title='bbox 423 455 707 526; x_wconf 72' lang='lat' dir='ltr'><strong>gentilium</strong></span> <span class='ocrx_word' id='word_1_23' title='bbox 731 453 932 507; x_wconf 89' lang='lat' dir='ltr'><strong>multos</strong></span> <span class='ocrx_word' id='word_1_24' title='bbox 960 451 1091 506; x_wconf 82' lang='lat' dir='ltr'><strong>deos</strong></span> <span class='ocrx_word' id='word_1_25' title='bbox 1117 452 1480 507; x_wconf 83' lang='lat' dir='ltr'><strong>asserentium</strong></span> <span class='ocrx_word' id='word_1_26' title='bbox 1506 466 1664 508; x_wconf 91' lang='lat' dir='ltr'><strong>error</strong></span> <span class='ocrx_word' id='word_1_27' title='bbox 1685 451 1948 506; x_wconf 75' lang='lat' dir='ltr'><strong>adimitur</strong></span> <span class='ocrx_word' id='word_1_28' title='bbox 1975 468 1993 518; x_wconf 84' lang='lat'><strong>;</strong></span> 
     </span>
    </p>
   </div>
   <div class='ocr_carea' id='block_1_7' title="bbox 421 542 1992 614">
    <p class='ocr_par' dir='ltr' id='par_1_7' title="bbox 421 542 1992 614">
     <span class='ocr_line' id='line_1_7' title="bbox 421 542 1992 614; baseline -0.002 -15"><span class='ocrx_word' id='word_1_29' title='bbox 421 560 723 614; x_wconf 81' lang='lat' dir='ltr'><strong>mrsusque</strong></span> <span class='ocrx_word' id='word_1_30' title='bbox 764 544 1026 600; x_wconf 85' lang='lat' dir='ltr'><strong>admissis</strong></span> <span class='ocrx_word' id='word_1_31' title='bbox 1068 543 1249 600; x_wconf 76' lang='lat' dir='ltr'><strong>Verbo</strong></span> <span class='ocrx_word' id='word_1_32' title='bbox 1294 552 1349 598; x_wconf 91' lang='lat' dir='ltr'><strong>et</strong></span> <span class='ocrx_word' id='word_1_33' title='bbox 1396 543 1625 614; x_wconf 78' lang='lat' dir='ltr'><strong>Spiritu,</strong></span> <span class='ocrx_word' id='word_1_34' title='bbox 1671 542 1992 598; x_wconf 74' lang='lat' dir='ltr'><strong>Judzeorum</strong></span> 
     </span>
    </p>
   </div>
   <div class='ocr_carea' id='block_1_8' title="bbox 421 634 1998 708">
    <p class='ocr_par' dir='ltr' id='par_1_8' title="bbox 421 634 1998 708">
     <span class='ocr_line' id='line_1_8' title="bbox 421 634 1998 708; baseline -0.003 -17"><span class='ocrx_word' id='word_1_35' title='bbox 421 637 617 708; x_wconf 71' lang='lat' dir='ltr'><strong>dogma</strong></span> <span class='ocrx_word' id='word_1_36' title='bbox 638 636 921 701; x_wconf 89' lang='lat' dir='ltr'><strong>evertitur,</strong></span> <span class='ocrx_word' id='word_1_37' title='bbox 950 642 1301 706; x_wconf 79' lang='lat' dir='ltr'><strong>renianetque</strong></span> <span class='ocrx_word' id='word_1_38' title='bbox 1323 634 1470 704; x_wconf 87' lang='lat' dir='ltr'><strong>quod</strong></span> <span class='ocrx_word' id='word_1_39' title='bbox 1500 635 1553 689; x_wconf 92' lang='lat' dir='ltr'><strong>in</strong></span> <span class='ocrx_word' id='word_1_40' title='bbox 1589 642 1825 704; x_wconf 87' lang='lat' dir='ltr'><strong>utraque</strong></span> <span class='ocrx_word' id='word_1_41' title='bbox 1848 642 1998 689; x_wconf 90' lang='lat' dir='ltr'><strong>secta</strong></span> 
     </span>
    </p>
   </div>
   <div class='ocr_carea' id='block_1_9' title="bbox 423 725 1998 784">
    <p class='ocr_par' dir='ltr' id='par_1_9' title="bbox 423 725 1998 784">
     <span class='ocr_line' id='line_1_9' title="bbox 423 725 1998 784; baseline 0 -4"><span class='ocrx_word' id='word_1_42' title='bbox 423 727 692 782; x_wconf 88' lang='lat' dir='ltr'><strong>commodi</strong></span> <span class='ocrx_word' id='word_1_43' title='bbox 718 735 804 782; x_wconf 89' lang='lat' dir='ltr'><strong>est</strong></span> <span class='ocrx_word' id='word_1_44' title='bbox 827 728 870 759; x_wconf 77' lang='grc' dir='ltr'><strong>’τ</strong></span> <span class='ocrx_word' id='word_1_45' title='bbox 893 745 908 784; x_wconf 87' lang='lat'><strong>:</strong></span> <span class='ocrx_word' id='word_1_46' title='bbox 933 743 998 781; x_wconf 75' lang='lat' dir='ltr'><strong>ex</strong></span> <span class='ocrx_word' id='word_1_47' title='bbox 1012 725 1247 782; x_wconf 86' lang='lat' dir='ltr'><strong>Judaiea</strong></span> <span class='ocrx_word' id='word_1_48' title='bbox 1275 727 1536 782; x_wconf 89' lang='lat' dir='ltr'><strong>nimirum</strong></span> <span class='ocrx_word' id='word_1_49' title='bbox 1567 726 1842 782; x_wconf 88' lang='lat' dir='ltr'><strong>sententia</strong></span> <span class='ocrx_word' id='word_1_50' title='bbox 1871 726 1998 780; x_wconf 88' lang='lat' dir='ltr'><strong>uni-</strong></span> 
     </span>
    </p>
   </div>
   <div class='ocr_carea' id='block_1_10' title="bbox 423 817 2001 888">
    <p class='ocr_par' dir='ltr' id='par_1_10' title="bbox 423 817 2001 888">
     <span class='ocr_line' id='line_1_10' title="bbox 423 817 2001 888; baseline -0.001 -16"><span class='ocrx_word' id='word_1_51' title='bbox 423 829 508 872; x_wconf 91' lang='lat' dir='ltr'><strong>tas</strong></span> <span class='ocrx_word' id='word_1_52' title='bbox 541 828 786 883; x_wconf 82' lang='lat' dir='ltr'><strong>naturae;</strong></span> <span class='ocrx_word' id='word_1_53' title='bbox 819 834 884 872; x_wconf 83' lang='lat' dir='ltr'><strong>es</strong></span> <span class='ocrx_word' id='word_1_54' title='bbox 918 818 1229 888; x_wconf 82' lang='lat' dir='ltr'><strong>gentilismo</strong></span> <span class='ocrx_word' id='word_1_55' title='bbox 1261 825 1442 874; x_wconf 87' lang='lat' dir='ltr'><strong>autem</strong></span> <span class='ocrx_word' id='word_1_56' title='bbox 1483 831 1847 887; x_wconf 80' lang='lat' dir='ltr'><strong>personarum</strong></span> <span class='ocrx_word' id='word_1_57' title='bbox 1883 817 2001 873; x_wconf 87' lang='lat' dir='ltr'><strong>sola</strong></span> 
     </span>
    </p>
   </div>
   <div class='ocr_carea' id='block_1_11' title="bbox 424 897 1014 963">
    <p class='ocr_par' dir='ltr' id='par_1_11' title="bbox 424 897 1014 963">
     <span class='ocr_line' id='line_1_11' title="bbox 424 897 1014 963; baseline 0.003 -1"><span class='ocrx_word' id='word_1_58' title='bbox 424 909 704 963; x_wconf 88' lang='lat' dir='ltr'><strong>distinctio</strong></span> <span class='ocrx_word' id='word_1_59' title='bbox 733 909 804 963; x_wconf 74' lang='grc' dir='ltr'><strong>ιο.</strong></span> <span class='ocrx_word' id='word_1_60' title='bbox 1011 897 1014 900; x_wconf 76' lang='grc'><strong>’</strong></span> 
     </span>
    </p>
   </div>
   <div class='ocr_carea' id='block_1_12' title="bbox 497 994 2000 1061">
    <p class='ocr_par' dir='ltr' id='par_1_12' title="bbox 497 994 2000 1061">
     <span class='ocr_line' id='line_1_12' title="bbox 497 994 2000 1061; baseline 0.003 -16"><span class='ocrx_word' id='word_1_61' title='bbox 497 995 652 1061; x_wconf 80' lang='lat' dir='ltr'><strong>Quod</strong></span> <span class='ocrx_word' id='word_1_62' title='bbox 695 997 740 1050; x_wconf 90' lang='lat' dir='ltr'><strong>si</strong></span> <span class='ocrx_word' id='word_1_63' title='bbox 780 995 1118 1051; x_wconf 84' lang='lat' dir='ltr'><strong>contradicat</strong></span> <span class='ocrx_word' id='word_1_64' title='bbox 1149 994 1397 1058; x_wconf 67' lang='lat' dir='ltr'><strong>Iudaeus,</strong></span> <span class='ocrx_word' id='word_1_65' title='bbox 1429 1011 1497 1050; x_wconf 91' lang='lat' dir='ltr'><strong>ne</strong></span> <span class='ocrx_word' id='word_1_66' title='bbox 1523 994 1761 1050; x_wconf 82' lang='lat' dir='ltr'><strong>Verbum</strong></span> <span class='ocrx_word' id='word_1_67' title='bbox 1800 994 2000 1049; x_wconf 85' lang='lat' dir='ltr'><strong>admit-</strong></span> 
     </span>
    </p>
   </div>
   <div class='ocr_carea' id='block_1_13' title="bbox 427 1085 2004 1157">
    <p class='ocr_par' dir='ltr' id='par_1_13' title="bbox 427 1085 2004 1157">
     <span class='ocr_line' id='line_1_13' title="bbox 427 1085 2004 1157; baseline 0 -17"><span class='ocrx_word' id='word_1_68' title='bbox 427 1096 574 1140; x_wconf 87' lang='lat' dir='ltr'><strong>tatur</strong></span> <span class='ocrx_word' id='word_1_69' title='bbox 602 1096 655 1140; x_wconf 86' lang='lat' dir='ltr'><strong>et</strong></span> <span class='ocrx_word' id='word_1_70' title='bbox 684 1088 937 1157; x_wconf 79' lang='lat' dir='ltr'><strong>Spiritus</strong></span> <span class='ocrx_word' id='word_1_71' title='bbox 974 1087 1172 1142; x_wconf 71' lang='lat' dir='ltr'><strong>divinte</strong></span> <span class='ocrx_word' id='word_1_72' title='bbox 1211 1085 1506 1156; x_wconf 66' lang='lat' dir='ltr'><strong>Scriptura:</strong></span> <span class='ocrx_word' id='word_1_73' title='bbox 1539 1086 1850 1140; x_wconf 86' lang='lat' dir='ltr'><strong>testimonio</strong></span> <span class='ocrx_word' id='word_1_74' title='bbox 1875 1101 2004 1140; x_wconf 89' lang='lat' dir='ltr'><strong>con-</strong></span> 
     </span>
    </p>
   </div>
   <div class='ocr_carea' id='block_1_14' title="bbox 427 1176 2007 1248">
    <p class='ocr_par' dir='ltr' id='par_1_14' title="bbox 427 1176 2007 1248">
     <span class='ocr_line' id='line_1_14' title="bbox 427 1176 2007 1248; baseline 0.001 -18"><span class='ocrx_word' id='word_1_75' title='bbox 427 1177 656 1244; x_wconf 80' lang='lat' dir='ltr'><strong>iutetur,</strong></span> <span class='ocrx_word' id='word_1_76' title='bbox 715 1194 888 1248; x_wconf 88' lang='lat' dir='ltr'><strong>osque</strong></span> <span class='ocrx_word' id='word_1_77' title='bbox 934 1179 1011 1232; x_wconf 77' lang='lat' dir='ltr'><strong>illi</strong></span> <span class='ocrx_word' id='word_1_78' title='bbox 1065 1178 1399 1233; x_wconf 86' lang='lat' dir='ltr'><strong>obstruatur.</strong></span> <span class='ocrx_word' id='word_1_79' title='bbox 1447 1179 1518 1233; x_wconf 86' lang='lat' dir='ltr'><strong>De</strong></span> <span class='ocrx_word' id='word_1_80' title='bbox 1550 1176 1725 1232; x_wconf 85' lang='lat' dir='ltr'><strong>Verbo</strong></span> <span class='ocrx_word' id='word_1_81' title='bbox 1757 1177 1900 1232; x_wconf 90' lang='lat' dir='ltr'><strong>enim</strong></span> <span class='ocrx_word' id='word_1_82' title='bbox 1929 1181 2007 1232; x_wconf 85' lang='lat' dir='ltr'><strong>ait</strong></span> 
     </span>
    </p>
   </div>
   <div class='ocr_carea' id='block_1_15' title="bbox 427 1264 2003 1328">
    <p class='ocr_par' dir='ltr' id='par_1_15' title="bbox 427 1264 2003 1328">
     <span class='ocr_line' id='line_1_15' title="bbox 427 1264 2003 1328; baseline 0 -9"><span class='ocrx_word' id='word_1_83' title='bbox 427 1266 646 1322; x_wconf 82' lang='lat' dir='ltr'><strong>divinus</strong></span> <span class='ocrx_word' id='word_1_84' title='bbox 672 1267 832 1321; x_wconf 86' lang='lat' dir='ltr'><strong>David</strong></span> <span class='ocrx_word' id='word_1_85' title='bbox 864 1286 876 1321; x_wconf 92' lang='lat'><strong>:</strong></span> <span class='ocrx_word' id='word_1_86' title='bbox 913 1267 977 1320; x_wconf 83' lang='lat' dir='ltr'><strong>In</strong></span> <span class='ocrx_word' id='word_1_87' title='bbox 1005 1276 1282 1325; x_wconf 81' lang='lat' dir='ltr'><strong>a&#39;ternum,</strong></span> <span class='ocrx_word' id='word_1_88' title='bbox 1317 1264 1555 1328; x_wconf 77' lang='lat' dir='ltr'><strong>Domine,</strong></span> <span class='ocrx_word' id='word_1_89' title='bbox 1603 1266 1819 1318; x_wconf 69' lang='lat' dir='ltr'><strong>l&#39;erbum</strong></span> <span class='ocrx_word' id='word_1_90' title='bbox 1856 1276 2003 1320; x_wconf 75' lang='lat' dir='ltr'><strong>tuum</strong></span> 
     </span>
    </p>
   </div>
   <div class='ocr_carea' id='block_1_16' title="bbox 429 1352 2005 1421">
    <p class='ocr_par' dir='ltr' id='par_1_16' title="bbox 429 1352 2005 1421">
     <span class='ocr_line' id='line_1_16' title="bbox 429 1352 2005 1421; baseline 0 -14"><span class='ocrx_word' id='word_1_91' title='bbox 429 1363 697 1421; x_wconf 82' lang='lat' dir='ltr'><strong>permanet</strong></span> <span class='ocrx_word' id='word_1_92' title='bbox 732 1356 784 1408; x_wconf 81' lang='lat' dir='ltr'><strong>in</strong></span> <span class='ocrx_word' id='word_1_93' title='bbox 812 1353 940 1408; x_wconf 71' lang='lat' dir='ltr'><strong>emta</strong></span> <span class='ocrx_word' id='word_1_94' title='bbox 971 1354 1036 1407; x_wconf 80' lang='lat'><strong>”.</strong></span> <span class='ocrx_word' id='word_1_95' title='bbox 1060 1355 1121 1408; x_wconf 89' lang='lat' dir='ltr'><strong>Et</strong></span> <span class='ocrx_word' id='word_1_96' title='bbox 1152 1369 1343 1409; x_wconf 86' lang='lat' dir='ltr'><strong>rursus</strong></span> <span class='ocrx_word' id='word_1_97' title='bbox 1380 1373 1392 1408; x_wconf 92' lang='lat'>:</span> <span class='ocrx_word' id='word_1_98' title='bbox 1429 1353 1576 1408; x_wconf 78' lang='lat' dir='ltr'><strong>Misit</strong></span> <span class='ocrx_word' id='word_1_99' title='bbox 1593 1352 1811 1407; x_wconf 84' lang='lat' dir='ltr'><strong>Verbum</strong></span> <span class='ocrx_word' id='word_1_100' title='bbox 1827 1368 2005 1421; x_wconf 76' lang='lat' dir='ltr'><strong>suum,</strong></span> 
     </span>
    </p>
   </div>
   <div class='ocr_carea' id='block_1_17' title="bbox 428 1449 2005 1520">
    <p class='ocr_par' dir='ltr' id='par_1_17' title="bbox 428 1449 2005 1520">
     <span class='ocr_line' id='line_1_17' title="bbox 428 1449 2005 1520; baseline 0 -17"><span class='ocrx_word' id='word_1_101' title='bbox 428 1459 477 1503; x_wconf 89' lang='lat' dir='ltr'><strong>et</strong></span> <span class='ocrx_word' id='word_1_102' title='bbox 505 1450 710 1504; x_wconf 76' lang='lat' dir='ltr'><strong>sonarii</strong></span> <span class='ocrx_word' id='word_1_103' title='bbox 734 1467 819 1504; x_wconf 90' lang='lat' dir='ltr'><strong>eos</strong></span> <span class='ocrx_word' id='word_1_104' title='bbox 850 1449 914 1503; x_wconf 77' lang='lat'><strong>“.</strong></span> <span class='ocrx_word' id='word_1_105' title='bbox 935 1450 1097 1519; x_wconf 82' lang='lat' dir='ltr'><strong>Atqui</strong></span> <span class='ocrx_word' id='word_1_106' title='bbox 1137 1451 1359 1505; x_wconf 77' lang='lat' dir='ltr'><strong>Verbum</strong></span> <span class='ocrx_word' id='word_1_107' title='bbox 1396 1451 1526 1504; x_wconf 90' lang='lat' dir='ltr'><strong>illud</strong></span> <span class='ocrx_word' id='word_1_108' title='bbox 1558 1451 1703 1518; x_wconf 78' lang='lat' dir='ltr'><strong>quod</strong></span> <span class='ocrx_word' id='word_1_109' title='bbox 1737 1467 1828 1504; x_wconf 91' lang='lat' dir='ltr'><strong>ore</strong></span> <span class='ocrx_word' id='word_1_110' title='bbox 1879 1464 2005 1520; x_wconf 88' lang='lat' dir='ltr'><strong>pro-</strong></span> 
     </span>
    </p>
   </div>
   <div class='ocr_carea' id='block_1_18' title="bbox 431 1539 2006 1604">
    <p class='ocr_par' dir='ltr' id='par_1_18' title="bbox 431 1539 2006 1604">
     <span class='ocr_line' id='line_1_18' title="bbox 431 1539 2006 1604; baseline 0 -9"><span class='ocrx_word' id='word_1_111' title='bbox 431 1543 624 1604; x_wconf 81' lang='lat' dir='ltr'><strong>fertur,</strong></span> <span class='ocrx_word' id='word_1_112' title='bbox 675 1556 772 1596; x_wconf 91' lang='lat' dir='ltr'><strong>nec</strong></span> <span class='ocrx_word' id='word_1_113' title='bbox 823 1539 1080 1604; x_wconf 86' lang='lat' dir='ltr'><strong>mittitur,</strong></span> <span class='ocrx_word' id='word_1_114' title='bbox 1124 1556 1226 1595; x_wconf 88' lang='lat' dir='ltr'><strong>nec</strong></span> <span class='ocrx_word' id='word_1_115' title='bbox 1273 1541 1328 1594; x_wconf 89' lang='lat' dir='ltr'><strong>in</strong></span> <span class='ocrx_word' id='word_1_116' title='bbox 1369 1550 1631 1595; x_wconf 69' lang='lat' dir='ltr'><strong>internum</strong></span> <span class='ocrx_word' id='word_1_117' title='bbox 1682 1549 1882 1595; x_wconf 78' lang='lat' dir='ltr'><strong>manet.</strong></span> <span class='ocrx_word' id='word_1_118' title='bbox 1931 1539 2006 1595; x_wconf 86' lang='lat' dir='ltr'><strong>De</strong></span> 
     </span>
    </p>
   </div>
   <div class='ocr_carea' id='block_1_19' title="bbox 432 1631 2002 1702">
    <p class='ocr_par' dir='ltr' id='par_1_19' title="bbox 432 1631 2002 1702">
     <span class='ocr_line' id='line_1_19' title="bbox 432 1631 2002 1702; baseline -0.001 -16"><span class='ocrx_word' id='word_1_119' title='bbox 432 1632 638 1702; x_wconf 83' lang='lat' dir='ltr'><strong>Spiritu</strong></span> <span class='ocrx_word' id='word_1_120' title='bbox 681 1647 870 1685; x_wconf 87' lang='lat' dir='ltr'><strong>rursus</strong></span> <span class='ocrx_word' id='word_1_121' title='bbox 911 1631 986 1686; x_wconf 86' lang='lat' dir='ltr'><strong>ait</strong></span> <span class='ocrx_word' id='word_1_122' title='bbox 1025 1631 1166 1686; x_wconf 90' lang='lat' dir='ltr'><strong>idem</strong></span> <span class='ocrx_word' id='word_1_123' title='bbox 1220 1631 1386 1687; x_wconf 85' lang='lat' dir='ltr'><strong>David</strong></span> <span class='ocrx_word' id='word_1_124' title='bbox 1439 1652 1453 1688; x_wconf 90' lang='lat'><strong>:</strong></span> <span class='ocrx_word' id='word_1_125' title='bbox 1503 1632 1694 1687; x_wconf 78' lang='lat' dir='ltr'><strong>Emitte</strong></span> <span class='ocrx_word' id='word_1_126' title='bbox 1742 1631 2002 1701; x_wconf 72' lang='lat' dir='ltr'><strong>Spiritum</strong></span> 
     </span>
    </p>
   </div>
   <div class='ocr_carea' id='block_1_20' title="bbox 2097 447 3681 522">
    <p class='ocr_par' dir='ltr' id='par_1_20' title="bbox 2097 447 3681 522">
     <span class='ocr_line' id='line_1_20' title="bbox 2097 447 3681 522; baseline -0.003 -14"><span class='ocrx_word' id='word_1_127' title='bbox 2097 454 2192 507; x_wconf 81' lang='grc' dir='ltr'><strong>τοῦ</strong></span> <span class='ocrx_word' id='word_1_128' title='bbox 2221 455 2395 522; x_wconf 84' lang='grc' dir='ltr'><strong>Λόγου</strong></span> <span class='ocrx_word' id='word_1_129' title='bbox 2434 451 2749 522; x_wconf 76' lang='grc' dir='ltr'><strong>παραδοχῆς</strong></span> <span class='ocrx_word' id='word_1_130' title='bbox 2777 449 2873 503; x_wconf 78' lang='grc' dir='ltr'><strong>καὶ</strong></span> <span class='ocrx_word' id='word_1_131' title='bbox 2919 448 3012 502; x_wconf 81' lang='grc' dir='ltr'><strong>τοῦ</strong></span> <span class='ocrx_word' id='word_1_132' title='bbox 3042 447 3384 518; x_wconf 77' lang='grc' dir='ltr'><strong>Πνεύματος,</strong></span> <span class='ocrx_word' id='word_1_133' title='bbox 3412 449 3523 502; x_wconf 85' lang='grc' dir='ltr'><strong>τῶν</strong></span> <span class='ocrx_word' id='word_1_134' title='bbox 3546 449 3681 504; x_wconf 65' lang='grc' dir='ltr'><strong>Ἴου-</strong></span> 
     </span>
    </p>
   </div>
   <div class='ocr_carea' id='block_1_21' title="bbox 2095 539 3681 614">
    <p class='ocr_par' dir='ltr' id='par_1_21' title="bbox 2095 539 3681 614">
     <span class='ocr_line' id='line_1_21' title="bbox 2095 539 3681 614; baseline -0.003 -16"><span class='ocrx_word' id='word_1_135' title='bbox 2095 544 2262 598; x_wconf 81' lang='grc' dir='ltr'><strong>δαίων</strong></span> <span class='ocrx_word' id='word_1_136' title='bbox 2305 543 2650 614; x_wconf 76' lang='grc' dir='ltr'><strong>καθαιρείται</strong></span> <span class='ocrx_word' id='word_1_137' title='bbox 2683 541 2744 594; x_wconf 78' lang='grc' dir='ltr'><strong>τὸ</strong></span> <span class='ocrx_word' id='word_1_138' title='bbox 2771 541 2952 610; x_wconf 84' lang='grc' dir='ltr'><strong>δόγμα</strong></span> <span class='ocrx_word' id='word_1_139' title='bbox 2980 579 2995 602; x_wconf 93' lang='grc'><strong>,</strong></span> <span class='ocrx_word' id='word_1_140' title='bbox 3029 539 3298 610; x_wconf 75' lang='grc' dir='ltr'><strong>ἑκατέρας</strong></span> <span class='ocrx_word' id='word_1_141' title='bbox 3323 556 3384 592; x_wconf 88' lang='grc' dir='ltr'><strong>τε</strong></span> <span class='ocrx_word' id='word_1_142' title='bbox 3413 540 3681 610; x_wconf 71' lang='grc' dir='ltr'><strong>αἱρέσεως</strong></span> 
     </span>
    </p>
   </div>
   <div class='ocr_carea' id='block_1_22' title="bbox 2097 630 3682 706">
    <p class='ocr_par' dir='ltr' id='par_1_22' title="bbox 2097 630 3682 706">
     <span class='ocr_line' id='line_1_22' title="bbox 2097 630 3682 706; baseline -0.001 -18"><span class='ocrx_word' id='word_1_143' title='bbox 2097 636 2408 706; x_wconf 76' lang='grc' dir='ltr'><strong>παραμένει</strong></span> <span class='ocrx_word' id='word_1_144' title='bbox 2437 634 2498 687; x_wconf 83' lang='grc' dir='ltr'><strong>τὸ</strong></span> <span class='ocrx_word' id='word_1_145' title='bbox 2526 635 2797 704; x_wconf 85' lang='grc' dir='ltr'><strong>χρήσιμον</strong></span> <span class='ocrx_word' id='word_1_146' title='bbox 2823 649 2836 662; x_wconf 93' lang='grc'><strong>·</strong></span> <span class='ocrx_word' id='word_1_147' title='bbox 2863 630 2928 683; x_wconf 77' lang='grc' dir='ltr'><strong>ἐκ</strong></span> <span class='ocrx_word' id='word_1_148' title='bbox 2959 630 3060 701; x_wconf 84' lang='grc' dir='ltr'><strong>μὲν</strong></span> <span class='ocrx_word' id='word_1_149' title='bbox 3088 630 3188 700; x_wconf 84' lang='grc' dir='ltr'><strong>τῆς</strong></span> <span class='ocrx_word' id='word_1_150' title='bbox 3227 630 3526 701; x_wconf 71' lang='grc' dir='ltr'><strong>Ἰουδαϊκῆς</strong></span> <span class='ocrx_word' id='word_1_151' title='bbox 3546 633 3682 686; x_wconf 83' lang='grc' dir='ltr'><strong>ὑπο-</strong></span> 
     </span>
    </p>
   </div>
   <div class='ocr_carea' id='block_1_23' title="bbox 2097 722 3680 798">
    <p class='ocr_par' dir='ltr' id='par_1_23' title="bbox 2097 722 3680 798">
     <span class='ocr_line' id='line_1_23' title="bbox 2097 722 3680 798; baseline -0.008 -18"><span class='ocrx_word' id='word_1_152' title='bbox 2097 727 2314 798; x_wconf 82' lang='grc' dir='ltr'><strong>λήψεως</strong></span> <span class='ocrx_word' id='word_1_153' title='bbox 2335 765 2350 789; x_wconf 92' lang='grc'><strong>,</strong></span> <span class='ocrx_word' id='word_1_154' title='bbox 2399 728 2433 796; x_wconf 78' lang='grc' dir='ltr'><strong>ἠ</strong></span> <span class='ocrx_word' id='word_1_155' title='bbox 2467 725 2566 795; x_wconf 76' lang='grc' dir='ltr'><strong>τῆς</strong></span> <span class='ocrx_word' id='word_1_156' title='bbox 2596 723 2812 793; x_wconf 81' lang='grc' dir='ltr'><strong>φύσεως</strong></span> <span class='ocrx_word' id='word_1_157' title='bbox 2839 724 3032 793; x_wconf 82' lang='grc' dir='ltr'><strong>ἑνότης</strong></span> <span class='ocrx_word' id='word_1_158' title='bbox 3055 739 3070 753; x_wconf 92' lang='grc'><strong>·</strong></span> <span class='ocrx_word' id='word_1_159' title='bbox 3105 724 3169 776; x_wconf 80' lang='grc' dir='ltr'><strong>ἐκ</strong></span> <span class='ocrx_word' id='word_1_160' title='bbox 3199 722 3257 775; x_wconf 82' lang='grc' dir='ltr'><strong>δὲ</strong></span> <span class='ocrx_word' id='word_1_161' title='bbox 3299 722 3395 776; x_wconf 80' lang='grc' dir='ltr'><strong>τοῦ</strong></span> <span class='ocrx_word' id='word_1_162' title='bbox 3433 722 3680 797; x_wconf 78' lang='grc' dir='ltr'><strong>Έλληνι-</strong></span> 
     </span>
    </p>
   </div>
   <div class='ocr_carea' id='block_1_24' title="bbox 2101 812 3482 886">
    <p class='ocr_par' dir='ltr' id='par_1_24' title="bbox 2101 812 3482 886">
     <span class='ocr_line' id='line_1_24' title="bbox 2101 812 3482 886; baseline -0.002 -17"><span class='ocrx_word' id='word_1_163' title='bbox 2101 815 2263 886; x_wconf 83' lang='grc' dir='ltr'><strong>σμοῢ,</strong></span> <span class='ocrx_word' id='word_1_164' title='bbox 2295 816 2335 885; x_wconf 75' lang='grc' dir='ltr'>ή</span> <span class='ocrx_word' id='word_1_165' title='bbox 2363 813 2507 868; x_wconf 76' lang='grc' dir='ltr'><strong>κατὰ</strong></span> <span class='ocrx_word' id='word_1_166' title='bbox 2533 813 2635 878; x_wconf 73' lang='grc' dir='ltr'><strong>τὰς</strong></span> <span class='ocrx_word' id='word_1_167' title='bbox 2663 813 2988 876; x_wconf 75' lang='grc' dir='ltr'><strong>ὑποστάσεις</strong></span> <span class='ocrx_word' id='word_1_168' title='bbox 3015 812 3292 882; x_wconf 83' lang='grc' dir='ltr'><strong>διάκρισις</strong></span> <span class='ocrx_word' id='word_1_169' title='bbox 3321 812 3482 884; x_wconf 86' lang='grc' dir='ltr'><strong>μόνη.</strong></span> 
     </span>
    </p>
   </div>
   <div class='ocr_carea' id='block_1_25' title="bbox 2173 993 3676 1065">
    <p class='ocr_par' dir='ltr' id='par_1_25' title="bbox 2173 993 3676 1065">
     <span class='ocr_line' id='line_1_25' title="bbox 2173 993 3676 1065; baseline -0.001 -15"><span class='ocrx_word' id='word_1_170' title='bbox 2173 997 2238 1050; x_wconf 80' lang='lat' dir='ltr'><strong>Et</strong></span> <span class='ocrx_word' id='word_1_171' title='bbox 2269 995 2329 1050; x_wconf 81' lang='grc' dir='ltr'><strong>δὲ</strong></span> <span class='ocrx_word' id='word_1_172' title='bbox 2377 995 2647 1063; x_wconf 77' lang='grc' dir='ltr'><strong>ἀντιλέγοι</strong></span> <span class='ocrx_word' id='word_1_173' title='bbox 2673 996 2703 1048; x_wconf 87' lang='grc' dir='ltr'><strong>ό</strong></span> <span class='ocrx_word' id='word_1_174' title='bbox 2750 994 3005 1057; x_wconf 81' lang='grc' dir='ltr'><strong>Ἰουδαῖος</strong></span> <span class='ocrx_word' id='word_1_175' title='bbox 3044 993 3180 1064; x_wconf 82' lang='grc' dir='ltr'><strong>πρὸς</strong></span> <span class='ocrx_word' id='word_1_176' title='bbox 3213 994 3314 1065; x_wconf 75' lang='grc' dir='ltr'><strong>τὴν</strong></span> <span class='ocrx_word' id='word_1_177' title='bbox 3358 994 3454 1048; x_wconf 74' lang='grc' dir='ltr'><strong>τοῦ</strong></span> <span class='ocrx_word' id='word_1_178' title='bbox 3499 994 3676 1063; x_wconf 68' lang='grc' dir='ltr'><strong>Λόγου</strong></span> 
     </span>
    </p>
   </div>
   <div class='ocr_carea' id='block_1_26' title="bbox 2103 1086 3678 1161">
    <p class='ocr_par' dir='ltr' id='par_1_26' title="bbox 2103 1086 3678 1161">
     <span class='ocr_line' id='line_1_26' title="bbox 2103 1086 3678 1161; baseline -0.002 -17"><span class='ocrx_word' id='word_1_179' title='bbox 2103 1088 2437 1161; x_wconf 74' lang='grc' dir='ltr'><strong>παραδοχὴν,</strong></span> <span class='ocrx_word' id='word_1_180' title='bbox 2478 1089 2572 1142; x_wconf 79' lang='grc' dir='ltr'><strong>καὶ</strong></span> <span class='ocrx_word' id='word_1_181' title='bbox 2604 1087 2699 1141; x_wconf 78' lang='grc' dir='ltr'><strong>τοῦ</strong></span> <span class='ocrx_word' id='word_1_182' title='bbox 2729 1087 3069 1156; x_wconf 75' lang='grc' dir='ltr'><strong>Πνεῦματος,</strong></span> <span class='ocrx_word' id='word_1_183' title='bbox 3102 1086 3207 1140; x_wconf 79' lang='grc' dir='ltr'><strong>ὑπὸ</strong></span> <span class='ocrx_word' id='word_1_184' title='bbox 3231 1087 3332 1157; x_wconf 87' lang='grc' dir='ltr'><strong>τῆς</strong></span> <span class='ocrx_word' id='word_1_185' title='bbox 3355 1086 3506 1151; x_wconf 78' lang='grc' dir='ltr'><strong>θείας</strong></span> <span class='ocrx_word' id='word_1_186' title='bbox 3534 1088 3678 1159; x_wconf 84' lang='grc' dir='ltr'><strong>Γρα-</strong></span> 
     </span>
    </p>
   </div>
   <div class='ocr_carea' id='block_1_27' title="bbox 2104 1177 3679 1254">
    <p class='ocr_par' dir='ltr' id='par_1_27' title="bbox 2104 1177 3679 1254">
     <span class='ocr_line' id='line_1_27' title="bbox 2104 1177 3679 1254; baseline -0.002 -19"><span class='ocrx_word' id='word_1_187' title='bbox 2104 1183 2212 1254; x_wconf 85' lang='grc' dir='ltr'><strong>φῆς</strong></span> <span class='ocrx_word' id='word_1_188' title='bbox 2237 1180 2543 1252; x_wconf 81' lang='grc' dir='ltr'><strong>ὲλεγχέσθω</strong></span> <span class='ocrx_word' id='word_1_189' title='bbox 2568 1197 2630 1232; x_wconf 84' lang='grc' dir='ltr'><strong>τε</strong></span> <span class='ocrx_word' id='word_1_190' title='bbox 2657 1180 2752 1233; x_wconf 78' lang='grc' dir='ltr'><strong>καὶ</strong></span> <span class='ocrx_word' id='word_1_191' title='bbox 2782 1177 3239 1247; x_wconf 79' lang='grc' dir='ltr'><strong>ὲπιστομιζέοθω.</strong></span> <span class='ocrx_word' id='word_1_192' title='bbox 3279 1178 3417 1247; x_wconf 78' lang='grc' dir='ltr'><strong>Περὶ</strong></span> <span class='ocrx_word' id='word_1_193' title='bbox 3450 1180 3548 1248; x_wconf 84' lang='grc' dir='ltr'><strong>μὲν</strong></span> <span class='ocrx_word' id='word_1_194' title='bbox 3569 1179 3679 1250; x_wconf 74' lang='grc' dir='ltr'><strong>γὰρ</strong></span> 
     </span>
    </p>
   </div>
   <div class='ocr_carea' id='block_1_28' title="bbox 2099 1269 3676 1342">
    <p class='ocr_par' dir='ltr' id='par_1_28' title="bbox 2099 1269 3676 1342">
     <span class='ocr_line' id='line_1_28' title="bbox 2099 1269 3676 1342; baseline -0.003 -15"><span class='ocrx_word' id='word_1_195' title='bbox 2099 1274 2199 1327; x_wconf 82' lang='grc' dir='ltr'><strong>τοῦ</strong></span> <span class='ocrx_word' id='word_1_196' title='bbox 2222 1274 2396 1341; x_wconf 85' lang='grc' dir='ltr'><strong>Λόγου</strong></span> <span class='ocrx_word' id='word_1_197' title='bbox 2429 1272 2593 1342; x_wconf 79' lang='grc' dir='ltr'><strong>φησὶν</strong></span> <span class='ocrx_word' id='word_1_198' title='bbox 2637 1273 2666 1325; x_wconf 85' lang='grc' dir='ltr'><strong>ὁ</strong></span> <span class='ocrx_word' id='word_1_199' title='bbox 2713 1270 2857 1333; x_wconf 81' lang='grc' dir='ltr'><strong>Θεῖος</strong></span> <span class='ocrx_word' id='word_1_200' title='bbox 2879 1279 2904 1306; x_wconf 71' lang='grc' dir='ltr'><strong>ι</strong></span> <span class='ocrx_word' id='word_1_201' title='bbox 2941 1269 3139 1322; x_wconf 76' lang='grc' dir='ltr'><strong>Δαϐίδ·</strong></span> <span class='ocrx_word' id='word_1_202' title='bbox 3185 1272 3292 1335; x_wconf 77' lang='grc' dir='ltr'><strong>Εἰς</strong></span> <span class='ocrx_word' id='word_1_203' title='bbox 3325 1269 3432 1323; x_wconf 76' lang='grc' dir='ltr'><strong>τὸν</strong></span> <span class='ocrx_word' id='word_1_204' title='bbox 3465 1269 3676 1334; x_wconf 70' lang='grc' dir='ltr'><strong>αἰῶνα,</strong></span> 
     </span>
    </p>
   </div>
   <div class='ocr_carea' id='block_1_29' title="bbox 2103 1360 3680 1434">
    <p class='ocr_par' dir='ltr' id='par_1_29' title="bbox 2103 1360 3680 1434">
     <span class='ocr_line' id='line_1_29' title="bbox 2103 1360 3680 1434; baseline -0.004 -13"><span class='ocrx_word' id='word_1_205' title='bbox 2103 1366 2303 1434; x_wconf 74' lang='grc' dir='ltr'><strong>Κύριε,</strong></span> <span class='ocrx_word' id='word_1_206' title='bbox 2342 1367 2376 1420; x_wconf 83' lang='grc' dir='ltr'><strong>ό</strong></span> <span class='ocrx_word' id='word_1_207' title='bbox 2407 1365 2598 1433; x_wconf 80' lang='grc' dir='ltr'><strong>Λόγος</strong></span> <span class='ocrx_word' id='word_1_208' title='bbox 2621 1377 2739 1418; x_wconf 86' lang='grc' dir='ltr'><strong>σου</strong></span> <span class='ocrx_word' id='word_1_209' title='bbox 2781 1361 3047 1430; x_wconf 70' lang='grc' dir='ltr'><strong>διαμένει</strong></span> <span class='ocrx_word' id='word_1_210' title='bbox 3076 1362 3148 1415; x_wconf 79' lang='grc' dir='ltr'><strong>ἐν</strong></span> <span class='ocrx_word' id='word_1_211' title='bbox 3173 1360 3253 1426; x_wconf 81' lang='grc' dir='ltr'><strong>τῷ</strong></span> <span class='ocrx_word' id='word_1_212' title='bbox 3278 1360 3533 1429; x_wconf 78' lang='grc' dir='ltr'><strong>οὐρανῷ.</strong></span> <span class='ocrx_word' id='word_1_213' title='bbox 3567 1363 3680 1416; x_wconf 71' lang='grc' dir='ltr'><strong>Καὶ</strong></span> 
     </span>
    </p>
   </div>
   <div class='ocr_carea' id='block_1_30' title="bbox 2103 1451 3679 1522">
    <p class='ocr_par' dir='ltr' id='par_1_30' title="bbox 2103 1451 3679 1522">
     <span class='ocr_line' id='line_1_30' title="bbox 2103 1451 3679 1522; baseline -0.002 -13"><span class='ocrx_word' id='word_1_214' title='bbox 2103 1457 2268 1511; x_wconf 84' lang='grc' dir='ltr'><strong>πάλιν</strong></span> <span class='ocrx_word' id='word_1_215' title='bbox 2285 1473 2301 1489; x_wconf 79' lang='grc' dir='ltr'><strong>ο</strong></span> <span class='ocrx_word' id='word_1_216' title='bbox 2341 1454 2692 1511; x_wconf 70' lang='grc' dir='ltr'><strong>Ἀπέστειλε</strong></span> <span class='ocrx_word' id='word_1_217' title='bbox 2735 1453 2842 1506; x_wconf 81' lang='grc' dir='ltr'><strong>τὸν</strong></span> <span class='ocrx_word' id='word_1_218' title='bbox 2877 1453 3072 1522; x_wconf 74' lang='grc' dir='ltr'><strong>Λόγον</strong></span> <span class='ocrx_word' id='word_1_219' title='bbox 3097 1452 3307 1512; x_wconf 74' lang='grc' dir='ltr'><strong>αὐτοῦ.</strong></span> <span class='ocrx_word' id='word_1_220' title='bbox 3338 1453 3432 1505; x_wconf 80' lang='grc' dir='ltr'><strong>καί</strong></span> <span class='ocrx_word' id='word_1_221' title='bbox 3464 1451 3679 1506; x_wconf 69' lang='lat' dir='ltr'><strong>idoneo</strong></span> 
     </span>
    </p>
   </div>
   <div class='ocr_carea' id='block_1_31' title="bbox 2104 1542 3675 1615">
    <p class='ocr_par' dir='ltr' id='par_1_31' title="bbox 2104 1542 3675 1615">
     <span class='ocr_line' id='line_1_31' title="bbox 2104 1542 3675 1615; baseline -0.004 -15"><span class='ocrx_word' id='word_1_222' title='bbox 2104 1548 2346 1612; x_wconf 82' lang='grc' dir='ltr'><strong>αὐτούς.</strong></span> <span class='ocrx_word' id='word_1_223' title='bbox 2397 1546 2566 1615; x_wconf 81' lang='grc' dir='ltr'><strong>Λόγος</strong></span> <span class='ocrx_word' id='word_1_224' title='bbox 2609 1545 2667 1598; x_wconf 75' lang='grc' dir='ltr'><strong>δέ</strong></span> <span class='ocrx_word' id='word_1_225' title='bbox 2712 1544 3046 1615; x_wconf 81' lang='grc' dir='ltr'><strong>προφορικδς</strong></span> <span class='ocrx_word' id='word_1_226' title='bbox 3107 1545 3210 1596; x_wconf 81' lang='grc' dir='ltr'><strong>οὐκ</strong></span> <span class='ocrx_word' id='word_1_227' title='bbox 3262 1542 3675 1606; x_wconf 75' lang='grc' dir='ltr'><strong>ἀποστέλλεται,</strong></span> 
     </span>
    </p>
   </div>
   <div class='ocr_carea' id='block_1_32' title="bbox 2105 1632 3678 1707">
    <p class='ocr_par' dir='ltr' id='par_1_32' title="bbox 2105 1632 3678 1707">
     <span class='ocr_line' id='line_1_32' title="bbox 2105 1632 3678 1707; baseline -0.005 -13"><span class='ocrx_word' id='word_1_228' title='bbox 2105 1639 2228 1694; x_wconf 80' lang='grc' dir='ltr'><strong>οὐδὲ</strong></span> <span class='ocrx_word' id='word_1_229' title='bbox 2257 1641 2338 1702; x_wconf 86' lang='grc' dir='ltr'><strong>εἰς</strong></span> <span class='ocrx_word' id='word_1_230' title='bbox 2383 1638 2476 1692; x_wconf 82' lang='grc' dir='ltr'><strong>τὸν</strong></span> <span class='ocrx_word' id='word_1_231' title='bbox 2521 1636 2693 1691; x_wconf 78' lang='grc' dir='ltr'><strong>αἰῶνα</strong></span> <span class='ocrx_word' id='word_1_232' title='bbox 2724 1637 2965 1707; x_wconf 85' lang='grc' dir='ltr'><strong>διαμένει</strong></span> <span class='ocrx_word' id='word_1_233' title='bbox 2985 1643 3036 1689; x_wconf 72' lang='grc'><strong>1.</strong></span> <span class='ocrx_word' id='word_1_234' title='bbox 3076 1634 3213 1706; x_wconf 83' lang='grc' dir='ltr'><strong>Περὶ</strong></span> <span class='ocrx_word' id='word_1_235' title='bbox 3261 1635 3320 1688; x_wconf 82' lang='grc' dir='ltr'><strong>δὲ</strong></span> <span class='ocrx_word' id='word_1_236' title='bbox 3354 1632 3449 1687; x_wconf 81' lang='grc' dir='ltr'><strong>τοῦ</strong></span> <span class='ocrx_word' id='word_1_237' title='bbox 3501 1634 3678 1687; x_wconf 70' lang='lat' dir='ltr'><strong>Ilvati-</strong></span> 
     </span>
    </p>
   </div>
   <div class='ocr_carea' id='block_1_33' title="bbox 433 1723 2000 1806">
    <p class='ocr_par' dir='ltr' id='par_1_33' title="bbox 433 1723 2000 1786">
     <span class='ocr_line' id='line_1_33' title="bbox 433 1723 2000 1786; baseline 0.001 -10"><span class='ocrx_word' id='word_1_238' title='bbox 433 1735 600 1786; x_wconf 86' lang='lat' dir='ltr'><strong>tuum,</strong></span> <span class='ocrx_word' id='word_1_239' title='bbox 644 1733 692 1778; x_wconf 84' lang='lat' dir='ltr'><strong>et</strong></span> <span class='ocrx_word' id='word_1_240' title='bbox 721 1723 1042 1777; x_wconf 71' lang='lat' dir='ltr'><strong>creabantur</strong></span> <span class='ocrx_word' id='word_1_241' title='bbox 1060 1725 1125 1778; x_wconf 66' lang='grc' dir='ltr'><strong>δ’.</strong></span> <span class='ocrx_word' id='word_1_242' title='bbox 1156 1724 1222 1778; x_wconf 88' lang='lat' dir='ltr'><strong>Et</strong></span> <span class='ocrx_word' id='word_1_243' title='bbox 1266 1726 1373 1780; x_wconf 89' lang='lat' dir='ltr'><strong>alio</strong></span> <span class='ocrx_word' id='word_1_244' title='bbox 1403 1728 1561 1780; x_wconf 87' lang='lat' dir='ltr'><strong>loco:</strong></span> <span class='ocrx_word' id='word_1_245' title='bbox 1596 1725 1760 1780; x_wconf 77' lang='lat' dir='ltr'><strong>Verbo</strong></span> <span class='ocrx_word' id='word_1_246' title='bbox 1791 1725 2000 1780; x_wconf 86' lang='lat' dir='ltr'><strong>Domini</strong></span> 
     </span>
    </p>
   </div>
   <div class='ocr_carea' id='block_1_34' title="bbox 2104 1723 3680 1806">
    <p class='ocr_par' dir='ltr' id='par_1_34' title="bbox 2109 1725 3680 1806">
     <span class='ocr_line' id='line_1_34' title="bbox 2109 1725 3680 1806; baseline -0.005 -18"><span class='ocrx_word' id='word_1_247' title='bbox 2109 1750 2278 1806; x_wconf 85' lang='grc' dir='ltr'><strong>ματος</strong></span> <span class='ocrx_word' id='word_1_248' title='bbox 2305 1733 2334 1785; x_wconf 90' lang='grc' dir='ltr'><strong>ὁ</strong></span> <span class='ocrx_word' id='word_1_249' title='bbox 2361 1729 2522 1793; x_wconf 80' lang='grc' dir='ltr'><strong>αὐτὸς</strong></span> <span class='ocrx_word' id='word_1_250' title='bbox 2564 1729 2727 1782; x_wconf 81' lang='grc' dir='ltr'><strong>Δασίδ</strong></span> <span class='ocrx_word' id='word_1_251' title='bbox 2751 1746 2764 1760; x_wconf 91' lang='grc'><strong>·</strong></span> <span class='ocrx_word' id='word_1_252' title='bbox 2826 1725 3290 1792; x_wconf 75' lang='grc' dir='ltr'><strong>Ἐξαποστελεῒς</strong></span> <span class='ocrx_word' id='word_1_253' title='bbox 3329 1726 3396 1780; x_wconf 83' lang='grc' dir='ltr'><strong>τὸ</strong></span> <span class='ocrx_word' id='word_1_254' title='bbox 3435 1727 3680 1795; x_wconf 76' lang='grc' dir='ltr'><strong>Πνεῦμά</strong></span> 
     </span>
    </p>
   </div>
   <div class='ocr_carea' id='block_1_35' title="bbox 432 1816 2001 1887">
    <p class='ocr_par' dir='ltr' id='par_1_35' title="bbox 432 1816 2001 1887">
     <span class='ocr_line' id='line_1_35' title="bbox 432 1816 2001 1887; baseline 0.001 -17"><span class='ocrx_word' id='word_1_255' title='bbox 432 1817 548 1870; x_wconf 75' lang='lat' dir='ltr'><strong>cwli</strong></span> <span class='ocrx_word' id='word_1_256' title='bbox 591 1817 798 1886; x_wconf 74' lang='lat' dir='ltr'><strong>ﬁrmati</strong></span> <span class='ocrx_word' id='word_1_257' title='bbox 836 1825 979 1880; x_wconf 83' lang='lat' dir='ltr'><strong>sunt,</strong></span> <span class='ocrx_word' id='word_1_258' title='bbox 1021 1827 1071 1872; x_wconf 86' lang='lat' dir='ltr'><strong>et</strong></span> <span class='ocrx_word' id='word_1_259' title='bbox 1110 1816 1314 1887; x_wconf 83' lang='lat' dir='ltr'><strong>Spiritu</strong></span> <span class='ocrx_word' id='word_1_260' title='bbox 1347 1818 1454 1872; x_wconf 89' lang='lat' dir='ltr'><strong>oris</strong></span> <span class='ocrx_word' id='word_1_261' title='bbox 1486 1818 1598 1887; x_wconf 85' lang='lat' dir='ltr'><strong>ejus</strong></span> <span class='ocrx_word' id='word_1_262' title='bbox 1631 1819 1803 1872; x_wconf 84' lang='lat' dir='ltr'><strong>omnis</strong></span> <span class='ocrx_word' id='word_1_263' title='bbox 1837 1819 2001 1872; x_wconf 80' lang='lat' dir='ltr'><strong>virtus</strong></span> 
     </span>
    </p>
   </div>
   <div class='ocr_carea' id='block_1_36' title="bbox 430 1907 2000 1981">
    <p class='ocr_par' dir='ltr' id='par_1_36' title="bbox 430 1907 2000 1981">
     <span class='ocr_line' id='line_1_36' title="bbox 430 1907 2000 1981; baseline 0.003 -19"><span class='ocrx_word' id='word_1_264' title='bbox 430 1924 610 1962; x_wconf 87' lang='lat' dir='ltr'><strong>eorum</strong></span> <span class='ocrx_word' id='word_1_265' title='bbox 629 1911 694 1962; x_wconf 73' lang='grc' dir='ltr'><strong>δ’.</strong></span> <span class='ocrx_word' id='word_1_266' title='bbox 745 1907 850 1964; x_wconf 78' lang='lat' dir='ltr'><strong>Job</strong></span> <span class='ocrx_word' id='word_1_267' title='bbox 889 1909 1018 1963; x_wconf 83' lang='lat' dir='ltr'><strong>item</strong></span> <span class='ocrx_word' id='word_1_268' title='bbox 1063 1924 1078 1962; x_wconf 92' lang='lat'><strong>:</strong></span> <span class='ocrx_word' id='word_1_269' title='bbox 1122 1910 1358 1976; x_wconf 78' lang='lat' dir='ltr'><strong>Spiritus</strong></span> <span class='ocrx_word' id='word_1_270' title='bbox 1393 1909 1605 1964; x_wconf 86' lang='lat' dir='ltr'><strong>Domini</strong></span> <span class='ocrx_word' id='word_1_271' title='bbox 1635 1911 1725 1981; x_wconf 86' lang='lat' dir='ltr'><strong>qui</strong></span> <span class='ocrx_word' id='word_1_272' title='bbox 1757 1911 1877 1980; x_wconf 80' lang='lat' dir='ltr'><strong>fecit</strong></span> <span class='ocrx_word' id='word_1_273' title='bbox 1902 1926 2000 1967; x_wconf 80' lang='lat' dir='ltr'><strong>me.</strong></span> 
     </span>
    </p>
   </div>
   <div class='ocr_carea' id='block_1_37' title="bbox 432 2001 2000 2072">
    <p class='ocr_par' dir='ltr' id='par_1_37' title="bbox 432 2001 2000 2072">
     <span class='ocr_line' id='line_1_37' title="bbox 432 2001 2000 2072; baseline 0.002 -19"><span class='ocrx_word' id='word_1_274' title='bbox 432 2010 507 2053; x_wconf 66' lang='lat' dir='ltr'><strong>est</strong></span> <span class='ocrx_word' id='word_1_275' title='bbox 527 2001 689 2067; x_wconf 80' lang='lat' dir='ltr'><strong>[latus</strong></span> <span class='ocrx_word' id='word_1_276' title='bbox 709 2001 1062 2068; x_wconf 84' lang='lat' dir='ltr'><strong>omnipotens,</strong></span> <span class='ocrx_word' id='word_1_277' title='bbox 1080 2004 1167 2072; x_wconf 85' lang='lat' dir='ltr'><strong>qui</strong></span> <span class='ocrx_word' id='word_1_278' title='bbox 1189 2020 1267 2056; x_wconf 87' lang='lat' dir='ltr'><strong>me</strong></span> <span class='ocrx_word' id='word_1_279' title='bbox 1293 2012 1467 2057; x_wconf 87' lang='lat' dir='ltr'><strong>tuetur</strong></span> <span class='ocrx_word' id='word_1_280' title='bbox 1484 2012 1636 2072; x_wconf 81' lang='lat' dir='ltr'><strong>atque</strong></span> <span class='ocrx_word' id='word_1_281' title='bbox 1652 2013 1922 2057; x_wconf 80' lang='lat' dir='ltr'><strong>conservat</strong></span> <span class='ocrx_word' id='word_1_282' title='bbox 1934 2002 2000 2056; x_wconf 75' lang='grc'><strong>⁵⁸.</strong></span> 
     </span>
    </p>
   </div>
   <div class='ocr_carea' id='block_1_38' title="bbox 436 2087 1999 2156">
    <p class='ocr_par' dir='ltr' id='par_1_38' title="bbox 436 2087 1999 2156">
     <span class='ocr_line' id='line_1_38' title="bbox 436 2087 1999 2156; baseline 0.002 -18"><span class='ocrx_word' id='word_1_283' title='bbox 436 2087 675 2154; x_wconf 82' lang='lat' dir='ltr'><strong>Spiritus</strong></span> <span class='ocrx_word' id='word_1_284' title='bbox 705 2101 869 2156; x_wconf 89' lang='lat' dir='ltr'><strong>porro</strong></span> <span class='ocrx_word' id='word_1_285' title='bbox 919 2088 1012 2156; x_wconf 89' lang='lat' dir='ltr'><strong>qui</strong></span> <span class='ocrx_word' id='word_1_286' title='bbox 1074 2090 1330 2152; x_wconf 86' lang='lat' dir='ltr'><strong>mittitur,</strong></span> <span class='ocrx_word' id='word_1_287' title='bbox 1368 2088 1522 2154; x_wconf 80' lang='lat' dir='ltr'><strong>facit,</strong></span> <span class='ocrx_word' id='word_1_288' title='bbox 1565 2089 1762 2152; x_wconf 82' lang='lat' dir='ltr'><strong>ﬁrmat,</strong></span> <span class='ocrx_word' id='word_1_289' title='bbox 1796 2095 1999 2152; x_wconf 87' lang='lat' dir='ltr'><strong>tuetur,</strong></span> 
     </span>
    </p>
   </div>
   <div class='ocr_carea' id='block_1_39' title="bbox 437 2179 2000 2250">
    <p class='ocr_par' dir='ltr' id='par_1_39' title="bbox 437 2179 2000 2250">
     <span class='ocr_line' id='line_1_39' title="bbox 437 2179 2000 2250; baseline 0.003 -22"><span class='ocrx_word' id='word_1_290' title='bbox 437 2187 602 2244; x_wconf 76' lang='lat' dir='ltr'><strong>atque</strong></span> <span class='ocrx_word' id='word_1_291' title='bbox 632 2187 942 2245; x_wconf 90' lang='lat' dir='ltr'><strong>conservat,</strong></span> <span class='ocrx_word' id='word_1_292' title='bbox 981 2194 1088 2233; x_wconf 89' lang='lat' dir='ltr'><strong>non</strong></span> <span class='ocrx_word' id='word_1_293' title='bbox 1116 2179 1380 2236; x_wconf 84' lang='lat' dir='ltr'><strong>evanidus</strong></span> <span class='ocrx_word' id='word_1_294' title='bbox 1413 2180 1631 2250; x_wconf 88' lang='lat' dir='ltr'><strong>quidam</strong></span> <span class='ocrx_word' id='word_1_295' title='bbox 1663 2179 1866 2234; x_wconf 82' lang='lat' dir='ltr'><strong>halitus</strong></span> <span class='ocrx_word' id='word_1_296' title='bbox 1894 2189 2000 2244; x_wconf 87' lang='lat' dir='ltr'><strong>est,</strong></span> 
     </span>
    </p>
   </div>
   <div class='ocr_carea' id='block_1_40' title="bbox 432 2265 2001 2340">
    <p class='ocr_par' dir='ltr' id='par_1_40' title="bbox 432 2265 2001 2340">
     <span class='ocr_line' id='line_1_40' title="bbox 432 2265 2001 2340; baseline 0.004 -23"><span class='ocrx_word' id='word_1_297' title='bbox 432 2265 889 2334; x_wconf 84' lang='lat' dir='ltr'><strong>quemadmodum</strong></span> <span class='ocrx_word' id='word_1_298' title='bbox 927 2284 1026 2324; x_wconf 90' lang='lat' dir='ltr'><strong>nec</strong></span> <span class='ocrx_word' id='word_1_299' title='bbox 1063 2270 1154 2325; x_wconf 89' lang='lat' dir='ltr'><strong>Dei</strong></span> <span class='ocrx_word' id='word_1_300' title='bbox 1187 2287 1269 2334; x_wconf 90' lang='lat' dir='ltr'><strong>os,</strong></span> <span class='ocrx_word' id='word_1_301' title='bbox 1302 2272 1604 2327; x_wconf 87' lang='lat' dir='ltr'><strong>membrum</strong></span> <span class='ocrx_word' id='word_1_302' title='bbox 1636 2285 2001 2340; x_wconf 88' lang='lat' dir='ltr'><strong>corporeum;</strong></span> 
     </span>
    </p>
   </div>
   <div class='ocr_carea' id='block_1_41' title="bbox 434 2358 2005 2426">
    <p class='ocr_par' dir='ltr' id='par_1_41' title="bbox 434 2358 2005 2426">
     <span class='ocr_line' id='line_1_41' title="bbox 434 2358 2005 2426; baseline 0.004 -18"><span class='ocrx_word' id='word_1_303' title='bbox 434 2367 724 2426; x_wconf 79' lang='lat' dir='ltr'><strong>utrumque</strong></span> <span class='ocrx_word' id='word_1_304' title='bbox 768 2359 913 2411; x_wconf 89' lang='lat' dir='ltr'><strong>enim</strong></span> <span class='ocrx_word' id='word_1_305' title='bbox 965 2358 1159 2414; x_wconf 88' lang='lat' dir='ltr'><strong>horum</strong></span> <span class='ocrx_word' id='word_1_306' title='bbox 1211 2368 1585 2416; x_wconf 84' lang='lat' dir='ltr'><strong>consentanea</strong></span> <span class='ocrx_word' id='word_1_307' title='bbox 1636 2358 1732 2415; x_wconf 90' lang='lat' dir='ltr'><strong>Dei</strong></span> <span class='ocrx_word' id='word_1_308' title='bbox 1792 2359 2005 2414; x_wconf 80' lang='lat' dir='ltr'><strong>ratione</strong></span> 
     </span>
    </p>
   </div>
   <div class='ocr_carea' id='block_1_42' title="bbox 432 2441 928 2515">
    <p class='ocr_par' dir='ltr' id='par_1_42' title="bbox 432 2441 928 2515">
     <span class='ocr_line' id='line_1_42' title="bbox 432 2441 928 2515; baseline 0.002 -17"><span class='ocrx_word' id='word_1_309' title='bbox 432 2441 659 2515; x_wconf 78' lang='lat' dir='ltr'><strong>intelligi</strong></span> <span class='ocrx_word' id='word_1_310' title='bbox 701 2444 858 2501; x_wconf 83' lang='lat' dir='ltr'><strong>debet</strong></span> <span class='ocrx_word' id='word_1_311' title='bbox 883 2445 928 2477; x_wconf 76' lang='lat'><strong>“</strong></span> 
     </span>
    </p>
   </div>
   <div class='ocr_carea' id='block_1_43' title="bbox 1051 2697 1383 2756">
    <p class='ocr_par' dir='ltr' id='par_1_43' title="bbox 1051 2697 1383 2756">
     <span class='ocr_line' id='line_1_43' title="bbox 1051 2697 1383 2756; baseline -0.012 0"><span class='ocrx_word' id='word_1_312' title='bbox 1051 2697 1203 2756; x_wconf 80' lang='lat' dir='ltr'><strong>CAP.</strong></span> <span class='ocrx_word' id='word_1_313' title='bbox 1250 2698 1383 2754; x_wconf 82' lang='lat' dir='ltr'><strong>VIII.</strong></span> 
     </span>
    </p>
   </div>
   <div class='ocr_carea' id='block_1_44' title="bbox 918 2806 1511 2862">
    <p class='ocr_par' dir='ltr' id='par_1_44' title="bbox 918 2806 1511 2862">
     <span class='ocr_line' id='line_1_44' title="bbox 918 2806 1511 2862; baseline 0.002 -2"><span class='ocrx_word' id='word_1_314' title='bbox 918 2806 990 2861; x_wconf 87' lang='lat' dir='ltr'><strong>De</strong></span> <span class='ocrx_word' id='word_1_315' title='bbox 1016 2818 1200 2862; x_wconf 82' lang='lat' dir='ltr'><strong>sancta</strong></span> <span class='ocrx_word' id='word_1_316' title='bbox 1236 2808 1511 2862; x_wconf 87' lang='lat' dir='ltr'><strong>Trinitate.</strong></span> 
     </span>
    </p>
   </div>
   <div class='ocr_carea' id='block_1_45' title="bbox 535 2915 2002 2988">
    <p class='ocr_par' dir='ltr' id='par_1_45' title="bbox 535 2915 2002 2988">
     <span class='ocr_line' id='line_1_45' title="bbox 535 2915 2002 2988; baseline 0.002 -19"><span class='ocrx_word' id='word_1_317' title='bbox 535 2915 822 2970; x_wconf 87' lang='lat' dir='ltr'><strong>Credimus</strong></span> <span class='ocrx_word' id='word_1_318' title='bbox 874 2915 1038 2988; x_wconf 75' lang='lat' dir='ltr'><strong>igitur</strong></span> <span class='ocrx_word' id='word_1_319' title='bbox 1083 2918 1138 2972; x_wconf 93' lang='lat' dir='ltr'><strong>in</strong></span> <span class='ocrx_word' id='word_1_320' title='bbox 1187 2933 1357 2972; x_wconf 92' lang='lat' dir='ltr'><strong>unum</strong></span> <span class='ocrx_word' id='word_1_321' title='bbox 1423 2916 1614 2981; x_wconf 78' lang='lat' dir='ltr'><strong>Deum,</strong></span> <span class='ocrx_word' id='word_1_322' title='bbox 1681 2917 2002 2987; x_wconf 88' lang='lat' dir='ltr'><strong>principium</strong></span> 
     </span>
    </p>
   </div>
   <div class='ocr_carea' id='block_1_46' title="bbox 432 3003 1998 3074">
    <p class='ocr_par' dir='ltr' id='par_1_46' title="bbox 432 3003 1998 3074">
     <span class='ocr_line' id='line_1_46' title="bbox 432 3003 1998 3074; baseline -0.001 -17"><span class='ocrx_word' id='word_1_323' title='bbox 432 3017 624 3068; x_wconf 88' lang='lat' dir='ltr'><strong>unum,</strong></span> <span class='ocrx_word' id='word_1_324' title='bbox 667 3003 934 3072; x_wconf 90' lang='lat' dir='ltr'><strong>principio</strong></span> <span class='ocrx_word' id='word_1_325' title='bbox 962 3015 1261 3067; x_wconf 88' lang='lat' dir='ltr'><strong>carentem,</strong></span> <span class='ocrx_word' id='word_1_326' title='bbox 1311 3005 1638 3066; x_wconf 88' lang='lat' dir='ltr'><strong>increatum,</strong></span> <span class='ocrx_word' id='word_1_327' title='bbox 1677 3005 1998 3074; x_wconf 82' lang='lat' dir='ltr'><strong>ingenitum,</strong></span> 
     </span>
    </p>
   </div>
   <div class='ocr_carea' id='block_1_47' title="bbox 433 3092 1998 3160">
    <p class='ocr_par' dir='ltr' id='par_1_47' title="bbox 433 3092 1998 3160">
     <span class='ocr_line' id='line_1_47' title="bbox 433 3092 1998 3160; baseline 0.003 -15"><span class='ocrx_word' id='word_1_328' title='bbox 433 3092 686 3147; x_wconf 85' lang='lat' dir='ltr'><strong>interitus</strong></span> <span class='ocrx_word' id='word_1_329' title='bbox 716 3107 779 3147; x_wconf 87' lang='lat' dir='ltr'><strong>ac</strong></span> <span class='ocrx_word' id='word_1_330' title='bbox 810 3097 1003 3150; x_wconf 89' lang='lat' dir='ltr'><strong>mortis</strong></span> <span class='ocrx_word' id='word_1_331' title='bbox 1027 3097 1298 3159; x_wconf 88' lang='lat' dir='ltr'><strong>nescium,</strong></span> <span class='ocrx_word' id='word_1_332' title='bbox 1330 3104 1616 3158; x_wconf 78' lang='lat' dir='ltr'><strong>:eteruum,</strong></span> <span class='ocrx_word' id='word_1_333' title='bbox 1651 3095 1998 3160; x_wconf 88' lang='lat' dir='ltr'><strong>immensmn,</strong></span> 
     </span>
    </p>
   </div>
   <div class='ocr_carea' id='block_1_48' title="bbox 435 3185 2002 3254">
    <p class='ocr_par' dir='ltr' id='par_1_48' title="bbox 435 3185 2002 3254">
     <span class='ocr_line' id='line_1_48' title="bbox 435 3185 2002 3254; baseline 0.002 -16"><span class='ocrx_word' id='word_1_334' title='bbox 435 3185 992 3254; x_wconf 87' lang='lat' dir='ltr'><strong>incircumscriptum,</strong></span> <span class='ocrx_word' id='word_1_335' title='bbox 1025 3187 1197 3241; x_wconf 90' lang='lat' dir='ltr'><strong>nullis</strong></span> <span class='ocrx_word' id='word_1_336' title='bbox 1242 3187 1493 3242; x_wconf 88' lang='lat' dir='ltr'><strong>terminis</strong></span> <span class='ocrx_word' id='word_1_337' title='bbox 1522 3185 1833 3250; x_wconf 88' lang='lat' dir='ltr'><strong>delinitum,</strong></span> <span class='ocrx_word' id='word_1_338' title='bbox 1877 3186 2002 3241; x_wconf 83' lang='lat' dir='ltr'><strong>iuti-</strong></span> 
     </span>
    </p>
   </div>
   <div class='ocr_carea' id='block_1_49' title="bbox 434 3275 2003 3346">
    <p class='ocr_par' dir='ltr' id='par_1_49' title="bbox 434 3275 2003 3346">
     <span class='ocr_line' id='line_1_49' title="bbox 434 3275 2003 3346; baseline -0.001 -18"><span class='ocrx_word' id='word_1_339' title='bbox 434 3276 562 3328; x_wconf 73' lang='lat' dir='ltr'><strong>nitze</strong></span> <span class='ocrx_word' id='word_1_340' title='bbox 613 3277 894 3344; x_wconf 73' lang='lat' dir='ltr'><strong>potentiae,</strong></span> <span class='ocrx_word' id='word_1_341' title='bbox 950 3275 1206 3345; x_wconf 77' lang='lat' dir='ltr'><strong>simplex,</strong></span> <span class='ocrx_word' id='word_1_342' title='bbox 1251 3275 1698 3346; x_wconf 89' lang='lat' dir='ltr'><strong>incompositum,</strong></span> <span class='ocrx_word' id='word_1_343' title='bbox 1749 3276 2003 3346; x_wconf 89' lang='lat' dir='ltr'><strong>incorpo-</strong></span> 
     </span>
    </p>
   </div>
   <div class='ocr_carea' id='block_1_50' title="bbox 435 3365 2002 3439">
    <p class='ocr_par' dir='ltr' id='par_1_50' title="bbox 435 3365 2002 3439">
     <span class='ocr_line' id='line_1_50' title="bbox 435 3365 2002 3439; baseline 0.003 -19"><span class='ocrx_word' id='word_1_344' title='bbox 435 3382 627 3430; x_wconf 90' lang='lat' dir='ltr'><strong>reum,</strong></span> <span class='ocrx_word' id='word_1_345' title='bbox 668 3381 698 3420; x_wconf 92' lang='lat' dir='ltr'><strong>a</strong></span> <span class='ocrx_word' id='word_1_346' title='bbox 736 3365 920 3433; x_wconf 81' lang='lat' dir='ltr'><strong>ﬂuxu,</strong></span> <span class='ocrx_word' id='word_1_347' title='bbox 965 3368 1244 3437; x_wconf 89' lang='lat' dir='ltr'><strong>passione,</strong></span> <span class='ocrx_word' id='word_1_348' title='bbox 1295 3369 1556 3439; x_wconf 82' lang='lat' dir='ltr'><strong>omnique</strong></span> <span class='ocrx_word' id='word_1_349' title='bbox 1602 3369 1904 3424; x_wconf 89' lang='lat' dir='ltr'><strong>mutatione</strong></span> <span class='ocrx_word' id='word_1_350' title='bbox 1947 3377 2002 3425; x_wconf 88' lang='lat' dir='ltr'><strong>et</strong></span> 
     </span>
    </p>
   </div>
   <div class='ocr_carea' id='block_1_51' title="bbox 438 3457 2002 3523">
    <p class='ocr_par' dir='ltr' id='par_1_51' title="bbox 438 3457 2002 3523">
     <span class='ocr_line' id='line_1_51' title="bbox 438 3457 2002 3523; baseline 0.002 -11"><span class='ocrx_word' id='word_1_351' title='bbox 438 3457 760 3512; x_wconf 89' lang='lat' dir='ltr'><strong>alteratione</strong></span> <span class='ocrx_word' id='word_1_352' title='bbox 804 3458 1056 3523; x_wconf 90' lang='lat' dir='ltr'><strong>liberum,</strong></span> <span class='ocrx_word' id='word_1_353' title='bbox 1102 3459 1456 3522; x_wconf 85' lang='lat' dir='ltr'><strong>invisibilem,</strong></span> <span class='ocrx_word' id='word_1_354' title='bbox 1504 3459 1684 3516; x_wconf 90' lang='lat' dir='ltr'><strong>omnis</strong></span> <span class='ocrx_word' id='word_1_355' title='bbox 1740 3460 2002 3515; x_wconf 78' lang='lat' dir='ltr'><strong>bonitatis</strong></span> 
     </span>
    </p>
   </div>
   <div class='ocr_carea' id='block_1_52' title="bbox 432 3549 2000 3618">
    <p class='ocr_par' dir='ltr' id='par_1_52' title="bbox 432 3549 2000 3618">
     <span class='ocr_line' id='line_1_52' title="bbox 432 3549 2000 3618; baseline 0.002 -15"><span class='ocrx_word' id='word_1_356' title='bbox 432 3564 497 3603; x_wconf 86' lang='lat' dir='ltr'><strong>ac</strong></span> <span class='ocrx_word' id='word_1_357' title='bbox 525 3549 754 3618; x_wconf 71' lang='lat' dir='ltr'><strong>justitia:</strong></span> <span class='ocrx_word' id='word_1_358' title='bbox 793 3549 1022 3614; x_wconf 80' lang='lat' dir='ltr'><strong>fontem,</strong></span> <span class='ocrx_word' id='word_1_359' title='bbox 1069 3555 1244 3609; x_wconf 89' lang='lat' dir='ltr'><strong>lucem</strong></span> <span class='ocrx_word' id='word_1_360' title='bbox 1296 3550 1722 3606; x_wconf 84' lang='lat' dir='ltr'><strong>intellectualem</strong></span> <span class='ocrx_word' id='word_1_361' title='bbox 1757 3561 1812 3606; x_wconf 83' lang='lat' dir='ltr'><strong>et</strong></span> <span class='ocrx_word' id='word_1_362' title='bbox 1846 3553 2000 3606; x_wconf 84' lang='lat' dir='ltr'><strong>inac-</strong></span> 
     </span>
    </p>
   </div>
   <div class='ocr_carea' id='block_1_53' title="bbox 429 3640 1996 3711">
    <p class='ocr_par' dir='ltr' id='par_1_53' title="bbox 429 3640 1996 3711">
     <span class='ocr_line' id='line_1_53' title="bbox 429 3640 1996 3711; baseline 0.002 -18"><span class='ocrx_word' id='word_1_363' title='bbox 429 3654 666 3700; x_wconf 88' lang='lat' dir='ltr'><strong>cessam,</strong></span> <span class='ocrx_word' id='word_1_364' title='bbox 701 3640 999 3708; x_wconf 86' lang='lat' dir='ltr'><strong>potentiam</strong></span> <span class='ocrx_word' id='word_1_365' title='bbox 1036 3641 1182 3693; x_wconf 91' lang='lat' dir='ltr'><strong>nulla</strong></span> <span class='ocrx_word' id='word_1_366' title='bbox 1221 3655 1480 3694; x_wconf 82' lang='lat' dir='ltr'><strong>mensura</strong></span> <span class='ocrx_word' id='word_1_367' title='bbox 1520 3642 1996 3711; x_wconf 87' lang='lat' dir='ltr'><strong>comprehensam,</strong></span> 
     </span>
    </p>
   </div>
   <div class='ocr_carea' id='block_1_54' title="bbox 427 3731 1997 3802">
    <p class='ocr_par' dir='ltr' id='par_1_54' title="bbox 427 3731 1997 3802">
     <span class='ocr_line' id='line_1_54' title="bbox 427 3731 1997 3802; baseline 0.005 -22"><span class='ocrx_word' id='word_1_368' title='bbox 427 3745 704 3798; x_wconf 83' lang='lat' dir='ltr'><strong>quamque</strong></span> <span class='ocrx_word' id='word_1_369' title='bbox 735 3733 850 3784; x_wconf 88' lang='lat' dir='ltr'><strong>sola</strong></span> <span class='ocrx_word' id='word_1_370' title='bbox 886 3731 1138 3785; x_wconf 84' lang='lat' dir='ltr'><strong>voluntas</strong></span> <span class='ocrx_word' id='word_1_371' title='bbox 1176 3745 1276 3786; x_wconf 89' lang='lat' dir='ltr'><strong>sua</strong></span> <span class='ocrx_word' id='word_1_372' title='bbox 1312 3733 1571 3786; x_wconf 88' lang='lat' dir='ltr'><strong>metiatur</strong></span> <span class='ocrx_word' id='word_1_373' title='bbox 1603 3731 1822 3802; x_wconf 87' lang='lat' dir='ltr'><strong>(potest</strong></span> <span class='ocrx_word' id='word_1_374' title='bbox 1851 3734 1997 3788; x_wconf 90' lang='lat' dir='ltr'><strong>enim</strong></span> 
     </span>
    </p>
   </div>
   <div class='ocr_carea' id='block_1_55' title="bbox 429 3819 1998 3892">
    <p class='ocr_par' dir='ltr' id='par_1_55' title="bbox 429 3819 1998 3892">
     <span class='ocr_line' id='line_1_55' title="bbox 429 3819 1998 3892; baseline 0.005 -21"><span class='ocrx_word' id='word_1_375' title='bbox 429 3819 692 3889; x_wconf 79' lang='lat' dir='ltr'><strong>quidquid</strong></span> <span class='ocrx_word' id='word_1_376' title='bbox 733 3822 847 3874; x_wconf 85' lang='lat' dir='ltr'><strong>vult</strong></span> <span class='ocrx_word' id='word_1_377' title='bbox 870 3821 959 3892; x_wconf 67' lang='grc' dir='ltr'><strong>1ι’),</strong></span> <span class='ocrx_word' id='word_1_378' title='bbox 982 3837 1163 3876; x_wconf 85' lang='lat' dir='ltr'><strong>rerum</strong></span> <span class='ocrx_word' id='word_1_379' title='bbox 1195 3824 1442 3876; x_wconf 91' lang='lat' dir='ltr'><strong>omnium</strong></span> <span class='ocrx_word' id='word_1_380' title='bbox 1478 3823 1862 3888; x_wconf 88' lang='lat' dir='ltr'><strong>conditricem,</strong></span> <span class='ocrx_word' id='word_1_381' title='bbox 1886 3834 1998 3879; x_wconf 88' lang='lat' dir='ltr'><strong>tam</strong></span> 
     </span>
    </p>
   </div>
   <div class='ocr_carea' id='block_1_56' title="bbox 431 3911 1998 3981">
    <p class='ocr_par' dir='ltr' id='par_1_56' title="bbox 431 3911 1998 3981">
     <span class='ocr_line' id='line_1_56' title="bbox 431 3911 1998 3981; baseline 0.003 -17"><span class='ocrx_word' id='word_1_382' title='bbox 431 3911 750 3974; x_wconf 82' lang='lat' dir='ltr'><strong>visibilium,</strong></span> <span class='ocrx_word' id='word_1_383' title='bbox 787 3913 934 3981; x_wconf 86' lang='lat' dir='ltr'><strong>quod</strong></span> <span class='ocrx_word' id='word_1_384' title='bbox 975 3912 1334 3968; x_wconf 85' lang='lat' dir='ltr'><strong>invisibilium</strong></span> <span class='ocrx_word' id='word_1_385' title='bbox 1353 3912 1689 3969; x_wconf 69' lang='lat' dir='ltr'><strong>eﬂectricem</strong></span> <span class='ocrx_word' id='word_1_386' title='bbox 1715 3931 1730 3980; x_wconf 88' lang='lat'><strong>;</strong></span> <span class='ocrx_word' id='word_1_387' title='bbox 1755 3915 1998 3969; x_wconf 90' lang='lat' dir='ltr'><strong>omnium</strong></span> 
     </span>
    </p>
   </div>
   <div class='ocr_carea' id='block_1_57' title="bbox 431 4000 1998 4070">
    <p class='ocr_par' dir='ltr' id='par_1_57' title="bbox 431 4000 1998 4070">
     <span class='ocr_line' id='line_1_57' title="bbox 431 4000 1998 4070; baseline 0.003 -19"><span class='ocrx_word' id='word_1_388' title='bbox 431 4000 913 4066; x_wconf 79' lang='lat' dir='ltr'><strong>conservatricem,</strong></span> <span class='ocrx_word' id='word_1_389' title='bbox 945 4001 1198 4056; x_wconf 81' lang='lat' dir='ltr'><strong>omnibus</strong></span> <span class='ocrx_word' id='word_1_390' title='bbox 1229 4001 1626 4070; x_wconf 87' lang='lat' dir='ltr'><strong>providentem,</strong></span> <span class='ocrx_word' id='word_1_391' title='bbox 1659 4003 1843 4057; x_wconf 90' lang='lat' dir='ltr'><strong>omnia</strong></span> <span class='ocrx_word' id='word_1_392' title='bbox 1865 4018 1998 4058; x_wconf 90' lang='lat' dir='ltr'><strong>con-</strong></span> 
     </span>
    </p>
   </div>
   <div class='ocr_carea' id='block_1_58' title="bbox 431 4089 2000 4161">
    <p class='ocr_par' dir='ltr' id='par_1_58' title="bbox 431 4089 2000 4161">
     <span class='ocr_line' id='line_1_58' title="bbox 431 4089 2000 4161; baseline 0.006 -21"><span class='ocrx_word' id='word_1_393' title='bbox 431 4089 691 4143; x_wconf 87' lang='lat' dir='ltr'><strong>tinentem</strong></span> <span class='ocrx_word' id='word_1_394' title='bbox 719 4104 782 4143; x_wconf 87' lang='lat' dir='ltr'><strong>ac</strong></span> <span class='ocrx_word' id='word_1_395' title='bbox 811 4099 1107 4160; x_wconf 84' lang='lat' dir='ltr'><strong>regentem,</strong></span> <span class='ocrx_word' id='word_1_396' title='bbox 1135 4099 1568 4161; x_wconf 88' lang='lat' dir='ltr'><strong>perpetuumque</strong></span> <span class='ocrx_word' id='word_1_397' title='bbox 1595 4106 1660 4147; x_wconf 89' lang='lat' dir='ltr'><strong>ac</strong></span> <span class='ocrx_word' id='word_1_398' title='bbox 1691 4092 2000 4150; x_wconf 88' lang='lat' dir='ltr'><strong>immortale</strong></span> 
     </span>
    </p>
   </div>
   <div class='ocr_carea' id='block_1_59' title="bbox 433 4182 1998 4251">
    <p class='ocr_par' dir='ltr' id='par_1_59' title="bbox 433 4182 1998 4251">
     <span class='ocr_line' id='line_1_59' title="bbox 433 4182 1998 4251; baseline 0.003 -16"><span class='ocrx_word' id='word_1_399' title='bbox 433 4198 656 4251; x_wconf 77' lang='lat' dir='ltr'><strong>regnum</strong></span> <span class='ocrx_word' id='word_1_400' title='bbox 710 4184 762 4236; x_wconf 88' lang='lat' dir='ltr'><strong>in</strong></span> <span class='ocrx_word' id='word_1_401' title='bbox 812 4183 994 4237; x_wconf 89' lang='lat' dir='ltr'><strong>omnia</strong></span> <span class='ocrx_word' id='word_1_402' title='bbox 1052 4184 1431 4246; x_wconf 73' lang='lat' dir='ltr'><strong>obtinentem;</strong></span> <span class='ocrx_word' id='word_1_403' title='bbox 1480 4182 1618 4237; x_wconf 86' lang='lat' dir='ltr'><strong>nihil</strong></span> <span class='ocrx_word' id='word_1_404' title='bbox 1660 4186 1998 4240; x_wconf 88' lang='lat' dir='ltr'><strong>contrariqu</strong></span> 
     </span>
    </p>
   </div>
   <div class='ocr_carea' id='block_1_60' title="bbox 431 4273 1998 4345">
    <p class='ocr_par' dir='ltr' id='par_1_60' title="bbox 431 4273 1998 4345">
     <span class='ocr_line' id='line_1_60' title="bbox 431 4273 1998 4345; baseline 0.002 -19"><span class='ocrx_word' id='word_1_405' title='bbox 431 4273 739 4334; x_wconf 85' lang='lat' dir='ltr'><strong>habentem,</strong></span> <span class='ocrx_word' id='word_1_406' title='bbox 784 4274 967 4328; x_wconf 90' lang='lat' dir='ltr'><strong>omnia</strong></span> <span class='ocrx_word' id='word_1_407' title='bbox 1007 4274 1348 4342; x_wconf 86' lang='lat' dir='ltr'><strong>impleutem,</strong></span> <span class='ocrx_word' id='word_1_408' title='bbox 1381 4287 1410 4326; x_wconf 88' lang='lat' dir='ltr'><strong>a</strong></span> <span class='ocrx_word' id='word_1_409' title='bbox 1444 4274 1592 4328; x_wconf 88' lang='lat' dir='ltr'><strong>nulla</strong></span> <span class='ocrx_word' id='word_1_410' title='bbox 1637 4289 1697 4329; x_wconf 87' lang='lat' dir='ltr'><strong>re</strong></span> <span class='ocrx_word' id='word_1_411' title='bbox 1747 4289 1998 4345; x_wconf 87' lang='lat' dir='ltr'><strong>compre-</strong></span> 
     </span>
    </p>
   </div>
   <div class='ocr_carea' id='block_1_61' title="bbox 2101 1818 3678 1890">
    <p class='ocr_par' dir='ltr' id='par_1_61' title="bbox 2101 1818 3678 1890">
     <span class='ocr_line' id='line_1_61' title="bbox 2101 1818 3678 1890; baseline -0.005 -10"><span class='ocrx_word' id='word_1_412' title='bbox 2101 1841 2241 1886; x_wconf 89' lang='grc' dir='ltr'><strong>σου,</strong></span> <span class='ocrx_word' id='word_1_413' title='bbox 2263 1823 2364 1878; x_wconf 82' lang='grc' dir='ltr'><strong>καί</strong></span> <span class='ocrx_word' id='word_1_414' title='bbox 2390 1822 2841 1890; x_wconf 78' lang='grc' dir='ltr'><strong>κτισθήσονται.</strong></span> <span class='ocrx_word' id='word_1_415' title='bbox 2879 1819 2990 1874; x_wconf 80' lang='grc' dir='ltr'><strong>Καὶ</strong></span> <span class='ocrx_word' id='word_1_416' title='bbox 3014 1819 3181 1872; x_wconf 86' lang='grc' dir='ltr'><strong>πάλιν</strong></span> <span class='ocrx_word' id='word_1_417' title='bbox 3207 1836 3222 1851; x_wconf 80' lang='grc' dir='ltr'><strong><em>ο</em></strong></span> <span class='ocrx_word' id='word_1_418' title='bbox 3261 1818 3344 1884; x_wconf 85' lang='grc' dir='ltr'><strong>Τῷ</strong></span> <span class='ocrx_word' id='word_1_419' title='bbox 3367 1819 3536 1887; x_wconf 70' lang='grc' dir='ltr'><strong>Λόγῳ</strong></span> <span class='ocrx_word' id='word_1_420' title='bbox 3565 1823 3678 1872; x_wconf 81' lang='grc' dir='ltr'><strong>Κυ-</strong></span> 
     </span>
    </p>
   </div>
   <div class='ocr_carea' id='block_1_62' title="bbox 2095 1903 3677 1983">
    <p class='ocr_par' dir='ltr' id='par_1_62' title="bbox 2095 1903 3677 1983">
     <span class='ocr_line' id='line_1_62' title="bbox 2095 1903 3677 1983; baseline -0.004 -15"><span class='ocrx_word' id='word_1_421' title='bbox 2095 1916 2234 1983; x_wconf 84' lang='grc' dir='ltr'><strong>ρίου</strong></span> <span class='ocrx_word' id='word_1_422' title='bbox 2277 1916 2330 1968; x_wconf 89' lang='grc' dir='ltr'><strong>οί</strong></span> <span class='ocrx_word' id='word_1_423' title='bbox 2383 1912 2626 1981; x_wconf 76' lang='grc' dir='ltr'><strong>οὐρανοί</strong></span> <span class='ocrx_word' id='word_1_424' title='bbox 2678 1911 3135 1978; x_wconf 82' lang='grc' dir='ltr'><strong>ἐστερεώθησαν</strong></span> <span class='ocrx_word' id='word_1_425' title='bbox 3156 1950 3172 1974; x_wconf 89' lang='grc'><strong>,</strong></span> <span class='ocrx_word' id='word_1_426' title='bbox 3226 1909 3326 1963; x_wconf 72' lang='grc' dir='ltr'><strong>καί</strong></span> <span class='ocrx_word' id='word_1_427' title='bbox 3375 1903 3456 1976; x_wconf 79' lang='grc' dir='ltr'><strong>τῷ</strong></span> <span class='ocrx_word' id='word_1_428' title='bbox 3485 1910 3677 1962; x_wconf 70' lang='lat' dir='ltr'><strong>Uret}-</strong></span> 
     </span>
    </p>
   </div>
   <div class='ocr_carea' id='block_1_63' title="bbox 2098 2001 3678 2076">
    <p class='ocr_par' dir='ltr' id='par_1_63' title="bbox 2098 2001 3678 2076">
     <span class='ocr_line' id='line_1_63' title="bbox 2098 2001 3678 2076; baseline -0.003 -17"><span class='ocrx_word' id='word_1_429' title='bbox 2098 2023 2238 2076; x_wconf 80' lang='grc' dir='ltr'><strong>ματι</strong></span> <span class='ocrx_word' id='word_1_430' title='bbox 2269 2005 2375 2059; x_wconf 83' lang='grc' dir='ltr'><strong>τοῦ</strong></span> <span class='ocrx_word' id='word_1_431' title='bbox 2421 2005 2721 2071; x_wconf 79' lang='grc' dir='ltr'><strong>στόματος</strong></span> <span class='ocrx_word' id='word_1_432' title='bbox 2763 2002 2948 2057; x_wconf 83' lang='grc' dir='ltr'><strong>αὑτοῦ</strong></span> <span class='ocrx_word' id='word_1_433' title='bbox 2991 2001 3162 2056; x_wconf 82' lang='grc' dir='ltr'><strong>πᾶσα</strong></span> <span class='ocrx_word' id='word_1_434' title='bbox 3197 2003 3235 2070; x_wconf 81' lang='grc' dir='ltr'><strong>ἠ</strong></span> <span class='ocrx_word' id='word_1_435' title='bbox 3272 2001 3527 2070; x_wconf 79' lang='grc' dir='ltr'><strong>δύναμις</strong></span> <span class='ocrx_word' id='word_1_436' title='bbox 3571 2003 3678 2054; x_wconf 78' lang='grc' dir='ltr'><strong>αὑ-</strong></span> 
     </span>
    </p>
   </div>
   <div class='ocr_carea' id='block_1_64' title="bbox 2102 2090 3674 2160">
    <p class='ocr_par' dir='ltr' id='par_1_64' title="bbox 2102 2090 3674 2160">
     <span class='ocr_line' id='line_1_64' title="bbox 2102 2090 3674 2160; baseline -0.003 -11"><span class='ocrx_word' id='word_1_437' title='bbox 2102 2094 2242 2150; x_wconf 79' lang='grc' dir='ltr'><strong>τῶν.</strong></span> <span class='ocrx_word' id='word_1_438' title='bbox 2285 2093 2395 2147; x_wconf 70' lang='grc' dir='ltr'><strong>Καὶ</strong></span> <span class='ocrx_word' id='word_1_439' title='bbox 2431 2093 2461 2144; x_wconf 85' lang='grc' dir='ltr'><strong>ό</strong></span> <span class='ocrx_word' id='word_1_440' title='bbox 2506 2093 2657 2146; x_wconf 74' lang='grc' dir='ltr'><strong>Ίώὸο</strong></span> <span class='ocrx_word' id='word_1_441' title='bbox 2697 2093 2940 2160; x_wconf 82' lang='grc' dir='ltr'><strong>Πνεῦμα</strong></span> <span class='ocrx_word' id='word_1_442' title='bbox 2970 2091 3136 2145; x_wconf 80' lang='grc' dir='ltr'><strong>θεῖον</strong></span> <span class='ocrx_word' id='word_1_443' title='bbox 3161 2092 3224 2144; x_wconf 88' lang='grc' dir='ltr'><strong>τὸ</strong></span> <span class='ocrx_word' id='word_1_444' title='bbox 3263 2090 3534 2159; x_wconf 60' lang='lat' dir='ltr'><strong>aonio-(ir</strong></span> <span class='ocrx_word' id='word_1_445' title='bbox 3560 2108 3634 2154; x_wconf 76' lang='lat' dir='ltr'><strong>us</strong></span> <span class='ocrx_word' id='word_1_446' title='bbox 3657 2106 3674 2122; x_wconf 73' lang='grc' dir='ltr'><strong>ο</strong></span> 
     </span>
    </p>
   </div>
   <div class='ocr_carea' id='block_1_65' title="bbox 2103 2181 3677 2252">
    <p class='ocr_par' dir='ltr' id='par_1_65' title="bbox 2103 2181 3677 2252">
     <span class='ocr_line' id='line_1_65' title="bbox 2103 2181 3677 2252; baseline -0.003 -13"><span class='ocrx_word' id='word_1_447' title='bbox 2103 2184 2263 2252; x_wconf 73' lang='grc' dir='ltr'><strong>πνοὴ</strong></span> <span class='ocrx_word' id='word_1_448' title='bbox 2293 2184 2362 2238; x_wconf 76' lang='grc' dir='ltr'><strong><em>δὲ</em></strong></span> <span class='ocrx_word' id='word_1_449' title='bbox 2383 2183 2863 2252; x_wconf 77' lang='grc' dir='ltr'><strong>παντοκράτορος</strong></span> <span class='ocrx_word' id='word_1_450' title='bbox 2883 2184 2922 2252; x_wconf 81' lang='grc' dir='ltr'><strong><em>ὴ</em></strong></span> <span class='ocrx_word' id='word_1_451' title='bbox 2950 2181 3307 2250; x_wconf 77' lang='grc' dir='ltr'><strong>συνέχουσά</strong></span> <span class='ocrx_word' id='word_1_452' title='bbox 3324 2199 3422 2252; x_wconf 77' lang='grc' dir='ltr'><strong>με.</strong></span> <span class='ocrx_word' id='word_1_453' title='bbox 3452 2181 3677 2252; x_wconf 80' lang='grc' dir='ltr'><strong>Πνεῦμα</strong></span> 
     </span>
    </p>
   </div>
   <div class='ocr_carea' id='block_1_66' title="bbox 2103 2273 3678 2345">
    <p class='ocr_par' dir='ltr' id='par_1_66' title="bbox 2103 2273 3678 2345">
     <span class='ocr_line' id='line_1_66' title="bbox 2103 2273 3678 2345; baseline -0.001 -17"><span class='ocrx_word' id='word_1_454' title='bbox 2103 2274 2162 2328; x_wconf 76' lang='grc' dir='ltr'><strong>δὲ</strong></span> <span class='ocrx_word' id='word_1_455' title='bbox 2210 2274 2698 2345; x_wconf 84' lang='grc' dir='ltr'><strong>ἀποστελλόμενον,</strong></span> <span class='ocrx_word' id='word_1_456' title='bbox 2729 2275 2825 2327; x_wconf 77' lang='grc' dir='ltr'><strong>καὶ</strong></span> <span class='ocrx_word' id='word_1_457' title='bbox 2873 2273 3085 2338; x_wconf 83' lang='grc' dir='ltr'><strong>ποιοῦν,</strong></span> <span class='ocrx_word' id='word_1_458' title='bbox 3130 2274 3226 2327; x_wconf 80' lang='grc' dir='ltr'><strong>καὶ</strong></span> <span class='ocrx_word' id='word_1_459' title='bbox 3274 2273 3550 2344; x_wconf 82' lang='grc' dir='ltr'><strong>στερεοῦν,</strong></span> <span class='ocrx_word' id='word_1_460' title='bbox 3580 2274 3678 2326; x_wconf 74' lang='grc' dir='ltr'><strong>καὶ</strong></span> 
     </span>
    </p>
   </div>
   <div class='ocr_carea' id='block_1_67' title="bbox 2105 2363 3676 2436">
    <p class='ocr_par' dir='ltr' id='par_1_67' title="bbox 2105 2363 3676 2436">
     <span class='ocr_line' id='line_1_67' title="bbox 2105 2363 3676 2436; baseline -0.002 -16"><span class='ocrx_word' id='word_1_461' title='bbox 2105 2366 2362 2436; x_wconf 85' lang='grc' dir='ltr'><strong>συνέχον,</strong></span> <span class='ocrx_word' id='word_1_462' title='bbox 2400 2365 2502 2418; x_wconf 83' lang='grc' dir='ltr'><strong>οὐκ</strong></span> <span class='ocrx_word' id='word_1_463' title='bbox 2542 2365 2726 2436; x_wconf 79' lang='grc' dir='ltr'><strong>ἄσθμα</strong></span> <span class='ocrx_word' id='word_1_464' title='bbox 2755 2366 2871 2418; x_wconf 65' lang='grc' dir='ltr'><strong>ἔστί</strong></span> <span class='ocrx_word' id='word_1_465' title='bbox 2902 2366 2963 2418; x_wconf 77' lang='grc' dir='ltr'><strong>τὸ</strong></span> <span class='ocrx_word' id='word_1_466' title='bbox 2995 2365 3258 2435; x_wconf 86' lang='grc' dir='ltr'><strong>λυόμενον</strong></span> <span class='ocrx_word' id='word_1_467' title='bbox 3278 2403 3293 2428; x_wconf 95' lang='grc'><strong>,</strong></span> <span class='ocrx_word' id='word_1_468' title='bbox 3327 2364 3517 2433; x_wconf 80' lang='grc' dir='ltr'><strong>ὥσπερ</strong></span> <span class='ocrx_word' id='word_1_469' title='bbox 3553 2363 3676 2417; x_wconf 80' lang='grc' dir='ltr'><strong>οὐδὲ</strong></span> 
     </span>
    </p>
   </div>
   <div class='ocr_carea' id='block_1_68' title="bbox 2107 2456 3678 2530">
    <p class='ocr_par' dir='ltr' id='par_1_68' title="bbox 2107 2456 3678 2530">
     <span class='ocr_line' id='line_1_68' title="bbox 2107 2456 3678 2530; baseline -0.003 -16"><span class='ocrx_word' id='word_1_470' title='bbox 2107 2460 2418 2530; x_wconf 60' lang='grc' dir='ltr'><strong>σωματικὸν</strong></span> <span class='ocrx_word' id='word_1_471' title='bbox 2452 2459 2613 2530; x_wconf 85' lang='grc' dir='ltr'><strong>μέλος</strong></span> <span class='ocrx_word' id='word_1_472' title='bbox 2644 2457 2712 2512; x_wconf 81' lang='grc' dir='ltr'><strong>τὸ</strong></span> <span class='ocrx_word' id='word_1_473' title='bbox 2736 2457 2827 2513; x_wconf 73' lang='grc' dir='ltr'><strong>τοῦ</strong></span> <span class='ocrx_word' id='word_1_474' title='bbox 2857 2456 2994 2511; x_wconf 80' lang='grc' dir='ltr'><strong>Θεοῦ</strong></span> <span class='ocrx_word' id='word_1_475' title='bbox 3023 2458 3199 2528; x_wconf 80' lang='grc' dir='ltr'><strong>στόμα</strong></span> <span class='ocrx_word' id='word_1_476' title='bbox 3218 2474 3232 2488; x_wconf 92' lang='grc'><strong>·</strong></span> <span class='ocrx_word' id='word_1_477' title='bbox 3257 2457 3541 2529; x_wconf 77' lang='grc' dir='ltr'><strong>ἀμφότερα</strong></span> <span class='ocrx_word' id='word_1_478' title='bbox 3565 2456 3678 2527; x_wconf 78' lang='grc' dir='ltr'><strong>γὰρ</strong></span> 
     </span>
    </p>
   </div>
   <div class='ocr_carea' id='block_1_69' title="bbox 2107 2550 2697 2623">
    <p class='ocr_par' dir='ltr' id='par_1_69' title="bbox 2107 2550 2697 2623">
     <span class='ocr_line' id='line_1_69' title="bbox 2107 2550 2697 2623; baseline -0.002 -18"><span class='ocrx_word' id='word_1_479' title='bbox 2107 2550 2425 2623; x_wconf 77' lang='grc' dir='ltr'><strong>Θεοπρεπῶς</strong></span> <span class='ocrx_word' id='word_1_480' title='bbox 2458 2550 2697 2621; x_wconf 82' lang='grc' dir='ltr'><strong>νοητέον.</strong></span> 
     </span>
    </p>
   </div>
   <div class='ocr_carea' id='block_1_70' title="bbox 2699 2691 3066 2746">
    <p class='ocr_par' dir='ltr' id='par_1_70' title="bbox 2699 2691 3066 2746">
     <span class='ocr_line' id='line_1_70' title="bbox 2699 2691 3066 2746; baseline 0.008 -3"><span class='ocrx_word' id='word_1_481' title='bbox 2699 2691 2948 2746; x_wconf 72' lang='grc' dir='ltr'><strong>ΚΕΦΑΛ.</strong></span> <span class='ocrx_word' id='word_1_482' title='bbox 2984 2692 3066 2746; x_wconf 74' lang='grc'><strong>11⁸.</strong></span> 
     </span>
    </p>
   </div>
   <div class='ocr_carea' id='block_1_71' title="bbox 2489 2804 3288 2876">
    <p class='ocr_par' dir='ltr' id='par_1_71' title="bbox 2489 2804 3288 2876">
     <span class='ocr_line' id='line_1_71' title="bbox 2489 2804 3288 2876; baseline 0.005 -17"><span class='ocrx_word' id='word_1_483' title='bbox 2489 2805 2624 2874; x_wconf 76' lang='grc' dir='ltr'><strong>Περὶ</strong></span> <span class='ocrx_word' id='word_1_484' title='bbox 2663 2804 2772 2874; x_wconf 82' lang='grc' dir='ltr'><strong>τῆς</strong></span> <span class='ocrx_word' id='word_1_485' title='bbox 2803 2806 2978 2876; x_wconf 74' lang='grc' dir='ltr'><strong>ἁγίας</strong></span> <span class='ocrx_word' id='word_1_486' title='bbox 3024 2805 3288 2874; x_wconf 79' lang='grc' dir='ltr'><strong>Τριὰδος.</strong></span> 
     </span>
    </p>
   </div>
   <div class='ocr_carea' id='block_1_72' title="bbox 2175 2916 3674 2990">
    <p class='ocr_par' dir='ltr' id='par_1_72' title="bbox 2175 2916 3674 2990">
     <span class='ocr_line' id='line_1_72' title="bbox 2175 2916 3674 2990; baseline 0.001 -19"><span class='ocrx_word' id='word_1_487' title='bbox 2175 2917 2515 2987; x_wconf 78' lang='grc' dir='ltr'><strong>Πιστεύομεν</strong></span> <span class='ocrx_word' id='word_1_488' title='bbox 2557 2917 2845 2988; x_wconf 77' lang='grc' dir='ltr'><strong>τοιγαροῦν</strong></span> <span class='ocrx_word' id='word_1_489' title='bbox 2875 2919 2956 2980; x_wconf 82' lang='grc' dir='ltr'><strong>είς</strong></span> <span class='ocrx_word' id='word_1_490' title='bbox 2985 2918 3081 2970; x_wconf 72' lang='grc' dir='ltr'><strong>ἕνα</strong></span> <span class='ocrx_word' id='word_1_491' title='bbox 3115 2917 3282 2979; x_wconf 85' lang='grc' dir='ltr'><strong>Θεὸν,</strong></span> <span class='ocrx_word' id='word_1_492' title='bbox 3316 2916 3446 2988; x_wconf 92' lang='grc' dir='ltr'><strong>μίαν</strong></span> <span class='ocrx_word' id='word_1_493' title='bbox 3475 2917 3674 2990; x_wconf 79' lang='grc' dir='ltr'><strong>ἀρχὴν.</strong></span> 
     </span>
    </p>
   </div>
   <div class='ocr_carea' id='block_1_73' title="bbox 2106 3009 3686 3083">
    <p class='ocr_par' dir='ltr' id='par_1_73' title="bbox 2106 3009 3686 3083">
     <span class='ocr_line' id='line_1_73' title="bbox 2106 3009 3686 3083; baseline -0.001 -18"><span class='ocrx_word' id='word_1_494' title='bbox 2106 3012 2342 3082; x_wconf 80' lang='grc' dir='ltr'><strong>ἄναρχον</strong></span> <span class='ocrx_word' id='word_1_495' title='bbox 2363 3051 2378 3076; x_wconf 93' lang='grc'><strong>,</strong></span> <span class='ocrx_word' id='word_1_496' title='bbox 2410 3012 2663 3066; x_wconf 83' lang='grc' dir='ltr'><strong>ἀκτιστον</strong></span> <span class='ocrx_word' id='word_1_497' title='bbox 2689 3051 2704 3075; x_wconf 97' lang='grc'><strong>,</strong></span> <span class='ocrx_word' id='word_1_498' title='bbox 2740 3010 3034 3080; x_wconf 83' lang='grc' dir='ltr'><strong>ἀγέννητον</strong></span> <span class='ocrx_word' id='word_1_499' title='bbox 3053 3048 3069 3074; x_wconf 94' lang='grc'><strong>,</strong></span> <span class='ocrx_word' id='word_1_500' title='bbox 3121 3009 3412 3083; x_wconf 84' lang='grc' dir='ltr'><strong>ἀνόλεορόν</strong></span> <span class='ocrx_word' id='word_1_501' title='bbox 3461 3027 3522 3064; x_wconf 87' lang='grc' dir='ltr'><strong>τε</strong></span> <span class='ocrx_word' id='word_1_502' title='bbox 3583 3014 3686 3064; x_wconf 74' lang='grc' dir='ltr'><strong>καὶ</strong></span> 
     </span>
    </p>
   </div>
   <div class='ocr_carea' id='block_1_74' title="bbox 2103 3100 3678 3173">
    <p class='ocr_par' dir='ltr' id='par_1_74' title="bbox 2103 3100 3678 3173">
     <span class='ocr_line' id='line_1_74' title="bbox 2103 3100 3678 3173; baseline -0.002 -17"><span class='ocrx_word' id='word_1_503' title='bbox 2103 3102 2393 3166; x_wconf 78' lang='grc' dir='ltr'><strong>ἀθάνατον,</strong></span> <span class='ocrx_word' id='word_1_504' title='bbox 2435 3100 2674 3166; x_wconf 75' lang='grc' dir='ltr'><strong>αἰώνιον,</strong></span> <span class='ocrx_word' id='word_1_505' title='bbox 2726 3101 2974 3173; x_wconf 79' lang='grc' dir='ltr'><strong>ἄπειρον,</strong></span> <span class='ocrx_word' id='word_1_506' title='bbox 3006 3101 3444 3172; x_wconf 85' lang='grc' dir='ltr'><strong>ἀπερίγραπτον,</strong></span> <span class='ocrx_word' id='word_1_507' title='bbox 3477 3102 3678 3172; x_wconf 81' lang='grc' dir='ltr'><strong>ἀπερι-</strong></span> 
     </span>
    </p>
   </div>
   <div class='ocr_carea' id='block_1_75' title="bbox 2101 3191 3677 3265">
    <p class='ocr_par' dir='ltr' id='par_1_75' title="bbox 2101 3191 3677 3265">
     <span class='ocr_line' id='line_1_75' title="bbox 2101 3191 3677 3265; baseline -0.001 -19"><span class='ocrx_word' id='word_1_508' title='bbox 2101 3193 2341 3265; x_wconf 80' lang='grc' dir='ltr'><strong>όριστον,</strong></span> <span class='ocrx_word' id='word_1_509' title='bbox 2363 3193 2822 3264; x_wconf 77' lang='grc' dir='ltr'><strong>ἀπειροδύναμον,</strong></span> <span class='ocrx_word' id='word_1_510' title='bbox 2849 3192 3073 3255; x_wconf 81' lang='grc' dir='ltr'><strong>ἁπλοῦν,</strong></span> <span class='ocrx_word' id='word_1_511' title='bbox 3103 3191 3419 3256; x_wconf 78' lang='grc' dir='ltr'><strong>ἀσύνθετον,</strong></span> <span class='ocrx_word' id='word_1_512' title='bbox 3443 3191 3677 3262; x_wconf 79' lang='grc' dir='ltr'><strong>ἀσώμα-</strong></span> 
     </span>
    </p>
   </div>
   <div class='ocr_carea' id='block_1_76' title="bbox 2099 3283 3674 3357">
    <p class='ocr_par' dir='ltr' id='par_1_76' title="bbox 2099 3283 3674 3357">
     <span class='ocr_line' id='line_1_76' title="bbox 2099 3283 3674 3357; baseline -0.001 -19"><span class='ocrx_word' id='word_1_513' title='bbox 2099 3301 2226 3349; x_wconf 88' lang='grc' dir='ltr'><strong>τον,</strong></span> <span class='ocrx_word' id='word_1_514' title='bbox 2263 3285 2564 3357; x_wconf 79' lang='grc' dir='ltr'><strong>ἄρῤευστον</strong></span> <span class='ocrx_word' id='word_1_515' title='bbox 2591 3325 2607 3352; x_wconf 95' lang='grc'><strong>,</strong></span> <span class='ocrx_word' id='word_1_516' title='bbox 2661 3286 2891 3356; x_wconf 84' lang='grc' dir='ltr'><strong>ἀπαθῆ,</strong></span> <span class='ocrx_word' id='word_1_517' title='bbox 2941 3285 3244 3356; x_wconf 78' lang='grc' dir='ltr'><strong>ἄτρεπτον,</strong></span> <span class='ocrx_word' id='word_1_518' title='bbox 3292 3283 3674 3350; x_wconf 71' lang='grc' dir='ltr'><strong>ἀναλλοίωτον,</strong></span> 
     </span>
    </p>
   </div>
   <div class='ocr_carea' id='block_1_77' title="bbox 2099 3374 3676 3450">
    <p class='ocr_par' dir='ltr' id='par_1_77' title="bbox 2099 3374 3676 3450">
     <span class='ocr_line' id='line_1_77' title="bbox 2099 3374 3676 3450; baseline -0.002 -20"><span class='ocrx_word' id='word_1_519' title='bbox 2099 3378 2330 3450; x_wconf 65' lang='grc' dir='ltr'><strong>ἀόρατον</strong></span> <span class='ocrx_word' id='word_1_520' title='bbox 2355 3419 2371 3445; x_wconf 96' lang='grc'><strong>,</strong></span> <span class='ocrx_word' id='word_1_521' title='bbox 2408 3376 2592 3448; x_wconf 79' lang='grc' dir='ltr'><strong>πηγὴν</strong></span> <span class='ocrx_word' id='word_1_522' title='bbox 2633 3377 2970 3447; x_wconf 82' lang='grc' dir='ltr'><strong>ἀγαθότητος</strong></span> <span class='ocrx_word' id='word_1_523' title='bbox 3015 3377 3111 3429; x_wconf 76' lang='grc' dir='ltr'><strong>καὶ</strong></span> <span class='ocrx_word' id='word_1_524' title='bbox 3139 3374 3482 3445; x_wconf 72' lang='grc' dir='ltr'><strong>δικαιοσύνης</strong></span> <span class='ocrx_word' id='word_1_525' title='bbox 3511 3415 3527 3439; x_wconf 96' lang='grc'><strong>,</strong></span> <span class='ocrx_word' id='word_1_526' title='bbox 3558 3374 3676 3443; x_wconf 73' lang='grc' dir='ltr'><strong>φῶς</strong></span> 
     </span>
    </p>
   </div>
   <div class='ocr_carea' id='block_1_78' title="bbox 2101 3465 3677 3541">
    <p class='ocr_par' dir='ltr' id='par_1_78' title="bbox 2101 3465 3677 3541">
     <span class='ocr_line' id='line_1_78' title="bbox 2101 3465 3677 3541; baseline -0.003 -19"><span class='ocrx_word' id='word_1_527' title='bbox 2101 3470 2308 3539; x_wconf 76' lang='grc' dir='ltr'><strong>νοερδν,</strong></span> <span class='ocrx_word' id='word_1_528' title='bbox 2353 3470 2651 3541; x_wconf 86' lang='grc' dir='ltr'><strong>ἀπρόσιτον</strong></span> <span class='ocrx_word' id='word_1_529' title='bbox 2675 3483 2692 3500; x_wconf 85' lang='grc'>⁶</span> <span class='ocrx_word' id='word_1_530' title='bbox 2724 3469 2955 3538; x_wconf 85' lang='grc' dir='ltr'><strong>δύναμιν</strong></span> <span class='ocrx_word' id='word_1_531' title='bbox 2986 3467 3164 3520; x_wconf 75' lang='grc' dir='ltr'><strong>οὐδενὶ</strong></span> <span class='ocrx_word' id='word_1_532' title='bbox 3193 3467 3377 3538; x_wconf 86' lang='grc' dir='ltr'><strong>μέτρῳ</strong></span> <span class='ocrx_word' id='word_1_533' title='bbox 3406 3465 3677 3536; x_wconf 83' lang='grc' dir='ltr'><strong>γνωριζο-</strong></span> 
     </span>
    </p>
   </div>
   <div class='ocr_carea' id='block_1_79' title="bbox 2104 3558 3672 3633">
    <p class='ocr_par' dir='ltr' id='par_1_79' title="bbox 2104 3558 3672 3633">
     <span class='ocr_line' id='line_1_79' title="bbox 2104 3558 3672 3633; baseline -0.004 -17"><span class='ocrx_word' id='word_1_534' title='bbox 2104 3561 2293 3633; x_wconf 83' lang='grc' dir='ltr'><strong>μένην,</strong></span> <span class='ocrx_word' id='word_1_535' title='bbox 2343 3562 2492 3633; x_wconf 88' lang='grc' dir='ltr'><strong>μόνῳ</strong></span> <span class='ocrx_word' id='word_1_536' title='bbox 2537 3561 2615 3633; x_wconf 86' lang='grc' dir='ltr'>τῷ</span> <span class='ocrx_word' id='word_1_537' title='bbox 2661 3562 2848 3631; x_wconf 81' lang='grc' dir='ltr'><strong>οἰκείῳ</strong></span> <span class='ocrx_word' id='word_1_538' title='bbox 2910 3560 3210 3631; x_wconf 85' lang='grc' dir='ltr'><strong>βουλήματι</strong></span> <span class='ocrx_word' id='word_1_539' title='bbox 3257 3558 3672 3629; x_wconf 84' lang='grc' dir='ltr'><strong>μετρουμένην·</strong></span> 
     </span>
    </p>
   </div>
   <div class='ocr_carea' id='block_1_80' title="bbox 2101 3650 3676 3725">
    <p class='ocr_par' dir='ltr' id='par_1_80' title="bbox 2101 3650 3676 3725">
     <span class='ocr_line' id='line_1_80' title="bbox 2101 3650 3676 3725; baseline -0.004 -17"><span class='ocrx_word' id='word_1_540' title='bbox 2101 3656 2278 3709; x_wconf 86' lang='grc' dir='ltr'><strong>πάντα.</strong></span> <span class='ocrx_word' id='word_1_541' title='bbox 2305 3656 2413 3725; x_wconf 76' lang='grc' dir='ltr'><strong>γὰρ</strong></span> <span class='ocrx_word' id='word_1_542' title='bbox 2448 3656 2548 3708; x_wconf 85' lang='grc' dir='ltr'><strong>ὅσα</strong></span> <span class='ocrx_word' id='word_1_543' title='bbox 2581 3654 2756 3720; x_wconf 79' lang='grc' dir='ltr'><strong>ϐέλει,</strong></span> <span class='ocrx_word' id='word_1_544' title='bbox 2784 3653 3006 3707; x_wconf 81' lang='grc' dir='ltr'><strong>δύναται</strong></span> <span class='ocrx_word' id='word_1_545' title='bbox 3035 3666 3050 3680; x_wconf 83' lang='grc'><strong>⁸</strong></span> <span class='ocrx_word' id='word_1_546' title='bbox 3102 3653 3322 3706; x_wconf 88' lang='grc' dir='ltr'><strong>πάντων</strong></span> <span class='ocrx_word' id='word_1_547' title='bbox 3354 3650 3676 3720; x_wconf 79' lang='grc' dir='ltr'><strong>κτισμάτων</strong></span> 
     </span>
    </p>
   </div>
   <div class='ocr_carea' id='block_1_81' title="bbox 2100 3743 3676 3817">
    <p class='ocr_par' dir='ltr' id='par_1_81' title="bbox 2100 3743 3676 3817">
     <span class='ocr_line' id='line_1_81' title="bbox 2100 3743 3676 3817; baseline -0.005 -16"><span class='ocrx_word' id='word_1_548' title='bbox 2100 3743 2312 3817; x_wconf 78' lang='grc' dir='ltr'><strong>ὁρατῶν</strong></span> <span class='ocrx_word' id='word_1_549' title='bbox 2349 3763 2410 3799; x_wconf 87' lang='grc' dir='ltr'><strong>τε</strong></span> <span class='ocrx_word' id='word_1_550' title='bbox 2466 3747 2562 3800; x_wconf 78' lang='grc' dir='ltr'><strong>καὶ</strong></span> <span class='ocrx_word' id='word_1_551' title='bbox 2614 3745 2864 3816; x_wconf 83' lang='grc' dir='ltr'><strong>ἀοράτων</strong></span> <span class='ocrx_word' id='word_1_552' title='bbox 2923 3744 3244 3812; x_wconf 86' lang='grc' dir='ltr'><strong>ποιητικὴν,</strong></span> <span class='ocrx_word' id='word_1_553' title='bbox 3293 3743 3513 3796; x_wconf 88' lang='grc' dir='ltr'><strong>πάντων</strong></span> <span class='ocrx_word' id='word_1_554' title='bbox 3544 3759 3676 3794; x_wconf 81' lang='grc' dir='ltr'><strong>συν⁴</strong></span> 
     </span>
    </p>
   </div>
   <div class='ocr_carea' id='block_1_82' title="bbox 2099 3832 3673 3908">
    <p class='ocr_par' dir='ltr' id='par_1_82' title="bbox 2099 3832 3673 3908">
     <span class='ocr_line' id='line_1_82' title="bbox 2099 3832 3673 3908; baseline -0.004 -17"><span class='ocrx_word' id='word_1_555' title='bbox 2099 3838 2326 3908; x_wconf 79' lang='grc' dir='ltr'><strong>εκτικὴν</strong></span> <span class='ocrx_word' id='word_1_556' title='bbox 2372 3838 2467 3892; x_wconf 79' lang='grc' dir='ltr'><strong>καὶ</strong></span> <span class='ocrx_word' id='word_1_557' title='bbox 2517 3837 2960 3907; x_wconf 58' lang='grc' dir='ltr'><strong>σεωτηρητικὴν,</strong></span> <span class='ocrx_word' id='word_1_558' title='bbox 3009 3835 3227 3893; x_wconf 77' lang='grc' dir='ltr'><strong>πάντων</strong></span> <span class='ocrx_word' id='word_1_559' title='bbox 3278 3832 3673 3905; x_wconf 83' lang='grc' dir='ltr'><strong>προνοητικὴν,</strong></span> 
     </span>
    </p>
   </div>
   <div class='ocr_carea' id='block_1_83' title="bbox 2101 3923 3677 3998">
    <p class='ocr_par' dir='ltr' id='par_1_83' title="bbox 2101 3923 3677 3998">
     <span class='ocr_line' id='line_1_83' title="bbox 2101 3923 3677 3998; baseline -0.003 -19"><span class='ocrx_word' id='word_1_560' title='bbox 2101 3929 2319 3981; x_wconf 85' lang='grc' dir='ltr'><strong>πάντων</strong></span> <span class='ocrx_word' id='word_1_561' title='bbox 2343 3926 2671 3998; x_wconf 78' lang='grc' dir='ltr'><strong>κρατοῦσαν,</strong></span> <span class='ocrx_word' id='word_1_562' title='bbox 2695 3927 2788 3979; x_wconf 74' lang='grc' dir='ltr'><strong>καὶ</strong></span> <span class='ocrx_word' id='word_1_563' title='bbox 2809 3926 3106 3996; x_wconf 75' lang='grc' dir='ltr'><strong>ἄρχουσαν,</strong></span> <span class='ocrx_word' id='word_1_564' title='bbox 3136 3926 3229 3978; x_wconf 75' lang='grc' dir='ltr'><strong>καὶ</strong></span> <span class='ocrx_word' id='word_1_565' title='bbox 3254 3923 3677 3994; x_wconf 85' lang='grc' dir='ltr'><strong>βασιλεύουσαν,</strong></span> 
     </span>
    </p>
   </div>
   <div class='ocr_carea' id='block_1_84' title="bbox 2099 4013 3679 4090">
    <p class='ocr_par' dir='ltr' id='par_1_84' title="bbox 2099 4013 3679 4090">
     <span class='ocr_line' id='line_1_84' title="bbox 2099 4013 3679 4090; baseline -0.004 -17"><span class='ocrx_word' id='word_1_566' title='bbox 2099 4019 2441 4090; x_wconf 80' lang='grc' dir='ltr'><strong>ἀτελευτήτῳ</strong></span> <span class='ocrx_word' id='word_1_567' title='bbox 2487 4020 2579 4071; x_wconf 80' lang='grc' dir='ltr'><strong>καὶ</strong></span> <span class='ocrx_word' id='word_1_568' title='bbox 2605 4017 2859 4088; x_wconf 76' lang='grc' dir='ltr'><strong>ἀθανάτῳ</strong></span> <span class='ocrx_word' id='word_1_569' title='bbox 2893 4016 3176 4088; x_wconf 79' lang='grc' dir='ltr'><strong>βασιλείᾳ,</strong></span> <span class='ocrx_word' id='word_1_570' title='bbox 3217 4015 3383 4086; x_wconf 78' lang='grc' dir='ltr'><strong>μηδὲν</strong></span> <span class='ocrx_word' id='word_1_571' title='bbox 3430 4013 3679 4067; x_wconf 73' lang='grc' dir='ltr'><strong>ἐναντίον</strong></span> 
     </span>
    </p>
   </div>
   <div class='ocr_carea' id='block_1_85' title="bbox 2099 4103 3673 4181">
    <p class='ocr_par' dir='ltr' id='par_1_85' title="bbox 2099 4103 3673 4181">
     <span class='ocr_line' id='line_1_85' title="bbox 2099 4103 3673 4181; baseline -0.006 -17"><span class='ocrx_word' id='word_1_572' title='bbox 2099 4112 2351 4181; x_wconf 75' lang='grc' dir='ltr'><strong>ἔχουσαν,</strong></span> <span class='ocrx_word' id='word_1_573' title='bbox 2383 4111 2565 4164; x_wconf 88' lang='grc' dir='ltr'><strong>πάντα</strong></span> <span class='ocrx_word' id='word_1_574' title='bbox 2596 4110 2908 4181; x_wconf 80' lang='grc' dir='ltr'><strong>πληροῦσαν</strong></span> <span class='ocrx_word' id='word_1_575' title='bbox 2929 4148 2945 4173; x_wconf 97' lang='grc'><strong>,</strong></span> <span class='ocrx_word' id='word_1_576' title='bbox 2976 4108 3069 4162; x_wconf 83' lang='grc' dir='ltr'><strong>ὑπ’</strong></span> <span class='ocrx_word' id='word_1_577' title='bbox 3099 4105 3311 4170; x_wconf 83' lang='grc' dir='ltr'><strong>οὐδενὸς</strong></span> <span class='ocrx_word' id='word_1_578' title='bbox 3341 4103 3673 4176; x_wconf 86' lang='grc' dir='ltr'><strong>περιεχομέ-</strong></span> 
     </span>
    </p>
   </div>
   <div class='ocr_carea' id='block_1_86' title="bbox 2100 4197 3676 4274">
    <p class='ocr_par' dir='ltr' id='par_1_86' title="bbox 2100 4197 3676 4274">
     <span class='ocr_line' id='line_1_86' title="bbox 2100 4197 3676 4274; baseline -0.005 -18"><span class='ocrx_word' id='word_1_579' title='bbox 2100 4221 2196 4274; x_wconf 87' lang='grc' dir='ltr'><strong>νην</strong></span> <span class='ocrx_word' id='word_1_580' title='bbox 2217 4220 2230 4232; x_wconf 90' lang='grc'>·</span> <span class='ocrx_word' id='word_1_581' title='bbox 2281 4203 2450 4272; x_wconf 83' lang='grc' dir='ltr'><strong>αὐτὴν</strong></span> <span class='ocrx_word' id='word_1_582' title='bbox 2495 4203 2553 4256; x_wconf 85' lang='grc' dir='ltr'>δὲ</span> <span class='ocrx_word' id='word_1_583' title='bbox 2601 4202 2802 4273; x_wconf 82' lang='grc' dir='ltr'><strong>μᾶλλον</strong></span> <span class='ocrx_word' id='word_1_584' title='bbox 2835 4201 3196 4272; x_wconf 79' lang='grc' dir='ltr'><strong>περιέχουσαν</strong></span> <span class='ocrx_word' id='word_1_585' title='bbox 3235 4199 3304 4252; x_wconf 86' lang='grc' dir='ltr'><strong>τά</strong></span> <span class='ocrx_word' id='word_1_586' title='bbox 3357 4197 3676 4267; x_wconf 87' lang='grc' dir='ltr'><strong>σύμπαντα,</strong></span> 
     </span>
    </p>
   </div>
   <div class='ocr_carea' id='block_1_87' title="bbox 2101 4287 3674 4364">
    <p class='ocr_par' dir='ltr' id='par_1_87' title="bbox 2101 4287 3674 4364">
     <span class='ocr_line' id='line_1_87' title="bbox 2101 4287 3674 4364; baseline -0.006 -16"><span class='ocrx_word' id='word_1_587' title='bbox 2101 4295 2196 4348; x_wconf 72' lang='grc' dir='ltr'><strong>καὶ</strong></span> <span class='ocrx_word' id='word_1_588' title='bbox 2233 4295 2596 4364; x_wconf 84' lang='grc' dir='ltr'><strong>συνέχουσαν,</strong></span> <span class='ocrx_word' id='word_1_589' title='bbox 2647 4294 2744 4346; x_wconf 73' lang='grc' dir='ltr'><strong>καὶ</strong></span> <span class='ocrx_word' id='word_1_590' title='bbox 2792 4292 3170 4362; x_wconf 83' lang='grc' dir='ltr'><strong>προέχουσαν·</strong></span> <span class='ocrx_word' id='word_1_591' title='bbox 3223 4287 3508 4358; x_wconf 84' lang='grc' dir='ltr'><strong>ἀχράντως</strong></span> <span class='ocrx_word' id='word_1_592' title='bbox 3550 4288 3674 4349; x_wconf 84' lang='grc' dir='ltr'><strong>ταῖς</strong></span> 
     </span>
    </p>
   </div>
   <div class='ocr_carea' id='block_1_88' title="bbox 433 4365 2000 4461">
    <p class='ocr_par' dir='ltr' id='par_1_88' title="bbox 433 4365 1997 4435">
     <span class='ocr_line' id='line_1_88' title="bbox 433 4365 1997 4435; baseline 0.002 -17"><span class='ocrx_word' id='word_1_593' title='bbox 433 4367 680 4431; x_wconf 83' lang='lat' dir='ltr'><strong>liensam,</strong></span> <span class='ocrx_word' id='word_1_594' title='bbox 710 4366 818 4419; x_wconf 90' lang='lat' dir='ltr'><strong>imo</strong></span> <span class='ocrx_word' id='word_1_595' title='bbox 857 4379 987 4419; x_wconf 87' lang='lat' dir='ltr'><strong>vero</strong></span> <span class='ocrx_word' id='word_1_596' title='bbox 1025 4365 1199 4435; x_wconf 83' lang='lat' dir='ltr'><strong>ipsam</strong></span> <span class='ocrx_word' id='word_1_597' title='bbox 1248 4366 1506 4422; x_wconf 88' lang='lat' dir='ltr'><strong>universa</strong></span> <span class='ocrx_word' id='word_1_598' title='bbox 1549 4365 1997 4435; x_wconf 88' lang='lat' dir='ltr'><strong>complectentem</strong></span> 
     </span>
    </p>
   </div>
   <div class='ocr_carea' id='block_1_89' title="bbox 2104 4365 3675 4461">
    <p class='ocr_par' dir='ltr' id='par_1_89' title="bbox 2104 4379 3675 4450">
     <span class='ocr_line' id='line_1_89' title="bbox 2104 4379 3675 4450; baseline -0.007 -10"><span class='ocrx_word' id='word_1_599' title='bbox 2104 4386 2253 4449; x_wconf 86' lang='grc' dir='ltr'><strong>ὅλαις</strong></span> <span class='ocrx_word' id='word_1_600' title='bbox 2281 4385 2490 4448; x_wconf 74' lang='grc' dir='ltr'><strong>οὐσίαις</strong></span> <span class='ocrx_word' id='word_1_601' title='bbox 2520 4383 2969 4450; x_wconf 81' lang='grc' dir='ltr'><strong>ὲπιϐατεύουσαν,</strong></span> <span class='ocrx_word' id='word_1_602' title='bbox 3002 4382 3096 4436; x_wconf 75' lang='grc' dir='ltr'><strong>καὶ</strong></span> <span class='ocrx_word' id='word_1_603' title='bbox 3141 4380 3361 4433; x_wconf 79' lang='grc' dir='ltr'><strong>πάντων</strong></span> <span class='ocrx_word' id='word_1_604' title='bbox 3389 4379 3675 4440; x_wconf 73' lang='grc' dir='ltr'><strong>ἐπέκεινα,</strong></span> 
     </span>
    </p>
   </div>
   <div class='ocr_carea' id='block_1_90' title="bbox 430 4457 2002 4525">
    <p class='ocr_par' dir='ltr' id='par_1_90' title="bbox 430 4457 2002 4525">
     <span class='ocr_line' id='line_1_90' title="bbox 430 4457 2002 4525; baseline 0.005 -14"><span class='ocrx_word' id='word_1_605' title='bbox 430 4467 484 4511; x_wconf 91' lang='lat' dir='ltr'><strong>et</strong></span> <span class='ocrx_word' id='word_1_606' title='bbox 505 4457 876 4511; x_wconf 87' lang='lat' dir='ltr'><strong>continentem</strong></span> <span class='ocrx_word' id='word_1_607' title='bbox 908 4472 974 4511; x_wconf 91' lang='lat' dir='ltr'><strong>ac</strong></span> <span class='ocrx_word' id='word_1_608' title='bbox 1002 4457 1426 4525; x_wconf 71' lang='lat' dir='ltr'><strong>praehabentem,</strong></span> <span class='ocrx_word' id='word_1_609' title='bbox 1453 4458 1786 4516; x_wconf 84' lang='lat' dir='ltr'><strong>substantias</strong></span> <span class='ocrx_word' id='word_1_610' title='bbox 1810 4476 2002 4519; x_wconf 85' lang='lat' dir='ltr'><strong>omnes</strong></span> 
     </span>
    </p>
   </div>
   <div class='ocr_carea' id='block_1_91' title="bbox 431 4549 2003 4620">
    <p class='ocr_par' dir='ltr' id='par_1_91' title="bbox 431 4549 2003 4620">
     <span class='ocr_line' id='line_1_91' title="bbox 431 4549 2003 4620; baseline 0.005 -16"><span class='ocrx_word' id='word_1_611' title='bbox 431 4551 550 4605; x_wconf 84' lang='lat' dir='ltr'><strong>sine</strong></span> <span class='ocrx_word' id='word_1_612' title='bbox 601 4549 903 4620; x_wconf 88' lang='lat' dir='ltr'><strong>pollutione</strong></span> <span class='ocrx_word' id='word_1_613' title='bbox 956 4558 1354 4620; x_wconf 87' lang='lat' dir='ltr'><strong>penetrantem,</strong></span> <span class='ocrx_word' id='word_1_614' title='bbox 1404 4553 1548 4606; x_wconf 85' lang='lat' dir='ltr'><strong>ultra</strong></span> <span class='ocrx_word' id='word_1_615' title='bbox 1590 4565 1677 4608; x_wconf 89' lang='lat' dir='ltr'><strong>res</strong></span> <span class='ocrx_word' id='word_1_616' title='bbox 1724 4570 1916 4612; x_wconf 88' lang='lat' dir='ltr'><strong>omnes</strong></span> <span class='ocrx_word' id='word_1_617' title='bbox 1949 4565 2003 4612; x_wconf 93' lang='lat' dir='ltr'><strong>et</strong></span> 
     </span>
    </p>
   </div>
   <div class='ocr_carea' id='block_1_92' title="bbox 428 4641 2004 4716">
    <p class='ocr_par' dir='ltr' id='par_1_92' title="bbox 428 4641 2004 4716">
     <span class='ocr_line' id='line_1_92' title="bbox 428 4641 2004 4716; baseline 0.003 -20"><span class='ocrx_word' id='word_1_618' title='bbox 428 4641 698 4697; x_wconf 83' lang='lat' dir='ltr'><strong>essentias</strong></span> <span class='ocrx_word' id='word_1_619' title='bbox 732 4641 888 4712; x_wconf 73' lang='lat'><strong>132</strong></span> <span class='ocrx_word' id='word_1_620' title='bbox 920 4642 1078 4713; x_wconf 77' lang='lat' dir='ltr'><strong>longe</strong></span> <span class='ocrx_word' id='word_1_621' title='bbox 1131 4646 1545 4714; x_wconf 82' lang='lat' dir='ltr'><strong>provectiorem,</strong></span> <span class='ocrx_word' id='word_1_622' title='bbox 1574 4654 1633 4699; x_wconf 89' lang='lat' dir='ltr'><strong>ut</strong></span> <span class='ocrx_word' id='word_1_623' title='bbox 1661 4662 1780 4716; x_wconf 82' lang='lat' dir='ltr'><strong>qme</strong></span> <span class='ocrx_word' id='word_1_624' title='bbox 1807 4663 2004 4716; x_wconf 82' lang='lat' dir='ltr'><strong>super-</strong></span> 
     </span>
    </p>
   </div>
   <div class='ocr_carea' id='block_1_93' title="bbox 427 4734 1998 4806">
    <p class='ocr_par' dir='ltr' id='par_1_93' title="bbox 427 4734 1998 4806">
     <span class='ocr_line' id='line_1_93' title="bbox 427 4734 1998 4806; baseline 0.004 -20"><span class='ocrx_word' id='word_1_625' title='bbox 427 4734 809 4788; x_wconf 85' lang='lat' dir='ltr'><strong>substantialis</strong></span> <span class='ocrx_word' id='word_1_626' title='bbox 846 4741 952 4797; x_wconf 89' lang='lat' dir='ltr'><strong>est,</strong></span> <span class='ocrx_word' id='word_1_627' title='bbox 1005 4734 1367 4805; x_wconf 88' lang='lat' dir='ltr'><strong>omnibusque</strong></span> <span class='ocrx_word' id='word_1_628' title='bbox 1414 4737 1636 4791; x_wconf 88' lang='lat' dir='ltr'><strong>entibus</strong></span> <span class='ocrx_word' id='word_1_629' title='bbox 1671 4739 1998 4806; x_wconf 90' lang='lat' dir='ltr'><strong>sublimior;</strong></span> 
     </span>
    </p>
   </div>
   <div class='ocr_carea' id='block_1_94' title="bbox 429 4823 1997 4899">
    <p class='ocr_par' dir='ltr' id='par_1_94' title="bbox 429 4823 1997 4899">
     <span class='ocr_line' id='line_1_94' title="bbox 429 4823 1997 4899; baseline 0.006 -23"><span class='ocrx_word' id='word_1_630' title='bbox 429 4823 738 4890; x_wconf 82' lang='lat' dir='ltr'><strong>divinitate,</strong></span> <span class='ocrx_word' id='word_1_631' title='bbox 765 4824 1033 4888; x_wconf 86' lang='lat' dir='ltr'><strong>bonitate,</strong></span> <span class='ocrx_word' id='word_1_632' title='bbox 1061 4826 1405 4894; x_wconf 87' lang='lat' dir='ltr'><strong>plenitudine</strong></span> <span class='ocrx_word' id='word_1_633' title='bbox 1433 4827 1806 4896; x_wconf 85' lang='lat' dir='ltr'><strong>superiorem;</strong></span> <span class='ocrx_word' id='word_1_634' title='bbox 1848 4831 1997 4899; x_wconf 89' lang='lat' dir='ltr'><strong>prin-</strong></span> 
     </span>
    </p>
   </div>
   <div class='ocr_carea' id='block_1_95' title="bbox 430 4915 2000 4992">
    <p class='ocr_par' dir='ltr' id='par_1_95' title="bbox 430 4915 2000 4992">
     <span class='ocr_line' id='line_1_95' title="bbox 430 4915 2000 4992; baseline 0.008 -26"><span class='ocrx_word' id='word_1_635' title='bbox 430 4915 646 4984; x_wconf 84' lang='lat' dir='ltr'><strong>cipatus</strong></span> <span class='ocrx_word' id='word_1_636' title='bbox 683 4931 875 4972; x_wconf 89' lang='lat' dir='ltr'><strong>omnes</strong></span> <span class='ocrx_word' id='word_1_637' title='bbox 944 4927 1107 4986; x_wconf 84' lang='lat' dir='ltr'><strong>atque</strong></span> <span class='ocrx_word' id='word_1_638' title='bbox 1159 4917 1379 4971; x_wconf 87' lang='lat' dir='ltr'><strong>ordines</strong></span> <span class='ocrx_word' id='word_1_639' title='bbox 1447 4925 1800 4986; x_wconf 85' lang='lat' dir='ltr'><strong>statuentem,</strong></span> <span class='ocrx_word' id='word_1_640' title='bbox 1836 4937 2000 4992; x_wconf 90' lang='lat' dir='ltr'><strong>super</strong></span> 
     </span>
    </p>
   </div>
   <div class='ocr_carea' id='block_1_96' title="bbox 427 5005 1998 5078">
    <p class='ocr_par' dir='ltr' id='par_1_96' title="bbox 427 5005 1998 5078">
     <span class='ocr_line' id='line_1_96' title="bbox 427 5005 1998 5078; baseline 0.007 -22"><span class='ocrx_word' id='word_1_641' title='bbox 427 5020 640 5059; x_wconf 86' lang='lat' dir='ltr'><strong>omnem</strong></span> <span class='ocrx_word' id='word_1_642' title='bbox 692 5005 1058 5075; x_wconf 87' lang='lat' dir='ltr'><strong>principatum</strong></span> <span class='ocrx_word' id='word_1_643' title='bbox 1114 5017 1275 5074; x_wconf 85' lang='lat' dir='ltr'><strong>atque</strong></span> <span class='ocrx_word' id='word_1_644' title='bbox 1312 5006 1559 5060; x_wconf 90' lang='lat' dir='ltr'><strong>ordinem</strong></span> <span class='ocrx_word' id='word_1_645' title='bbox 1599 5011 1872 5078; x_wconf 89' lang='lat' dir='ltr'><strong>positum;</strong></span> <span class='ocrx_word' id='word_1_646' title='bbox 1911 5028 1998 5067; x_wconf 89' lang='lat' dir='ltr'><strong>es-</strong></span> 
     </span>
    </p>
   </div>
   <div class='ocr_carea' id='block_1_97' title="bbox 427 5097 2002 5172">
    <p class='ocr_par' dir='ltr' id='par_1_97' title="bbox 427 5097 2002 5172">
     <span class='ocr_line' id='line_1_97' title="bbox 427 5097 2002 5172; baseline 0.006 -23"><span class='ocrx_word' id='word_1_647' title='bbox 427 5098 622 5160; x_wconf 64' lang='lat' dir='ltr'><strong>sentia,</strong></span> <span class='ocrx_word' id='word_1_648' title='bbox 655 5099 786 5156; x_wconf 74' lang='lat' dir='ltr'><strong>vita,</strong></span> <span class='ocrx_word' id='word_1_649' title='bbox 812 5110 1084 5160; x_wconf 87' lang='lat' dir='ltr'><strong>sermone,</strong></span> <span class='ocrx_word' id='word_1_650' title='bbox 1109 5103 1162 5150; x_wconf 85' lang='lat' dir='ltr'><strong>et</strong></span> <span class='ocrx_word' id='word_1_651' title='bbox 1187 5097 1423 5166; x_wconf 80' lang='lat' dir='ltr'><strong>cogitatu</strong></span> <span class='ocrx_word' id='word_1_652' title='bbox 1452 5097 1698 5152; x_wconf 89' lang='lat' dir='ltr'><strong>altiorem</strong></span> <span class='ocrx_word' id='word_1_653' title='bbox 1727 5117 1880 5172; x_wconf 80' lang='lat' dir='ltr'><strong>;qu.e</strong></span> <span class='ocrx_word' id='word_1_654' title='bbox 1910 5104 2002 5159; x_wconf 80' lang='lat' dir='ltr'><strong>lux</strong></span> 
     </span>
    </p>
   </div>
   <div class='ocr_carea' id='block_1_98' title="bbox 427 5189 2000 5262">
    <p class='ocr_par' dir='ltr' id='par_1_98' title="bbox 427 5189 2000 5262">
     <span class='ocr_line' id='line_1_98' title="bbox 427 5189 2000 5262; baseline 0 -19"><span class='ocrx_word' id='word_1_655' title='bbox 427 5189 543 5259; x_wconf 85' lang='lat' dir='ltr'><strong>ipsa</strong></span> <span class='ocrx_word' id='word_1_656' title='bbox 577 5197 682 5254; x_wconf 89' lang='lat' dir='ltr'><strong>est,</strong></span> <span class='ocrx_word' id='word_1_657' title='bbox 716 5189 930 5244; x_wconf 86' lang='lat' dir='ltr'><strong>bonitas</strong></span> <span class='ocrx_word' id='word_1_658' title='bbox 952 5191 1090 5261; x_wconf 67' lang='lat' dir='ltr'><strong>ipsa,</strong></span> <span class='ocrx_word' id='word_1_659' title='bbox 1140 5191 1367 5258; x_wconf 81' lang='lat' dir='ltr'><strong>ipsamet</strong></span> <span class='ocrx_word' id='word_1_660' title='bbox 1389 5191 1518 5254; x_wconf 88' lang='lat' dir='ltr'><strong>vita,</strong></span> <span class='ocrx_word' id='word_1_661' title='bbox 1551 5195 1780 5262; x_wconf 84' lang='lat' dir='ltr'><strong>ipsautet</strong></span> <span class='ocrx_word' id='word_1_662' title='bbox 1808 5212 2000 5253; x_wconf 89' lang='lat' dir='ltr'><strong>essen.</strong></span> 
     </span>
    </p>
   </div>
   <div class='ocr_carea' id='block_1_99' title="bbox 2105 4469 3681 4548">
    <p class='ocr_par' dir='ltr' id='par_1_99' title="bbox 2105 4469 3681 4548">
     <span class='ocr_line' id='line_1_99' title="bbox 2105 4469 3681 4548; baseline -0.006 -17"><span class='ocrx_word' id='word_1_663' title='bbox 2105 4479 2198 4532; x_wconf 71' lang='grc' dir='ltr'><strong>καὶ</strong></span> <span class='ocrx_word' id='word_1_664' title='bbox 2232 4477 2413 4548; x_wconf 84' lang='grc' dir='ltr'><strong>πάσης</strong></span> <span class='ocrx_word' id='word_1_665' title='bbox 2437 4477 2628 4540; x_wconf 83' lang='grc' dir='ltr'><strong>οὐσίας</strong></span> <span class='ocrx_word' id='word_1_666' title='bbox 2676 4477 3040 4548; x_wconf 77' lang='grc' dir='ltr'><strong>ἐξῃρημένην,</strong></span> <span class='ocrx_word' id='word_1_667' title='bbox 3084 4475 3160 4537; x_wconf 84' lang='grc' dir='ltr'><strong>ὡς</strong></span> <span class='ocrx_word' id='word_1_668' title='bbox 3189 4471 3538 4543; x_wconf 77' lang='grc' dir='ltr'><strong>ὑπερούσιον,</strong></span> <span class='ocrx_word' id='word_1_669' title='bbox 3583 4469 3681 4523; x_wconf 76' lang='grc' dir='ltr'><strong>καὶ</strong></span> 
     </span>
    </p>
   </div>
   <div class='ocr_carea' id='block_1_100' title="bbox 2104 4563 3677 4638">
    <p class='ocr_par' dir='ltr' id='par_1_100' title="bbox 2104 4563 3677 4638">
     <span class='ocr_line' id='line_1_100' title="bbox 2104 4563 3677 4638; baseline -0.005 -17"><span class='ocrx_word' id='word_1_670' title='bbox 2104 4569 2246 4638; x_wconf 79' lang='grc' dir='ltr'><strong>ὑπὲρ</strong></span> <span class='ocrx_word' id='word_1_671' title='bbox 2274 4567 2342 4620; x_wconf 82' lang='grc' dir='ltr'><strong>τά</strong></span> <span class='ocrx_word' id='word_1_672' title='bbox 2368 4567 2546 4620; x_wconf 73' lang='grc' dir='ltr'><strong>πάντα</strong></span> <span class='ocrx_word' id='word_1_673' title='bbox 2570 4563 2757 4630; x_wconf 82' lang='grc' dir='ltr'><strong>οὖσαν,</strong></span> <span class='ocrx_word' id='word_1_674' title='bbox 2787 4566 3073 4637; x_wconf 83' lang='grc' dir='ltr'><strong>ὑπέρθεον,</strong></span> <span class='ocrx_word' id='word_1_675' title='bbox 3103 4563 3474 4634; x_wconf 83' lang='grc' dir='ltr'><strong>ὑπεράγαθον,</strong></span> <span class='ocrx_word' id='word_1_676' title='bbox 3501 4563 3677 4632; x_wconf 75' lang='grc' dir='ltr'><strong>ὑπερ-</strong></span> 
     </span>
    </p>
   </div>
   <div class='ocr_carea' id='block_1_101' title="bbox 2105 4653 3678 4728">
    <p class='ocr_par' dir='ltr' id='par_1_101' title="bbox 2105 4653 3678 4728">
     <span class='ocr_line' id='line_1_101' title="bbox 2105 4653 3678 4728; baseline -0.004 -19"><span class='ocrx_word' id='word_1_677' title='bbox 2105 4657 2289 4728; x_wconf 82' lang='grc' dir='ltr'><strong>πλήρη</strong></span> <span class='ocrx_word' id='word_1_678' title='bbox 2317 4674 2330 4688; x_wconf 88' lang='grc'><strong>·</strong></span> <span class='ocrx_word' id='word_1_679' title='bbox 2366 4657 2463 4720; x_wconf 77' lang='grc' dir='ltr'><strong>τὰς</strong></span> <span class='ocrx_word' id='word_1_680' title='bbox 2508 4658 2636 4721; x_wconf 86' lang='grc' dir='ltr'><strong>ὅλας</strong></span> <span class='ocrx_word' id='word_1_681' title='bbox 2693 4655 2866 4726; x_wconf 76' lang='grc' dir='ltr'><strong>ἀρχὰς</strong></span> <span class='ocrx_word' id='word_1_682' title='bbox 2913 4656 3011 4709; x_wconf 77' lang='grc' dir='ltr'><strong>καὶ</strong></span> <span class='ocrx_word' id='word_1_683' title='bbox 3055 4653 3237 4719; x_wconf 81' lang='grc' dir='ltr'><strong>τάξεις</strong></span> <span class='ocrx_word' id='word_1_684' title='bbox 3284 4653 3678 4724; x_wconf 64' lang='grc' dir='ltr'><strong>ἀφορίζουσιν,</strong></span> 
     </span>
    </p>
   </div>
   <div class='ocr_carea' id='block_1_102' title="bbox 2105 4743 3679 4821">
    <p class='ocr_par' dir='ltr' id='par_1_102' title="bbox 2105 4743 3679 4821">
     <span class='ocr_line' id='line_1_102' title="bbox 2105 4743 3679 4821; baseline -0.006 -19"><span class='ocrx_word' id='word_1_685' title='bbox 2105 4751 2201 4803; x_wconf 74' lang='grc' dir='ltr'><strong>καὶ</strong></span> <span class='ocrx_word' id='word_1_686' title='bbox 2235 4750 2413 4819; x_wconf 81' lang='grc' dir='ltr'><strong>πάσης</strong></span> <span class='ocrx_word' id='word_1_687' title='bbox 2440 4749 2617 4821; x_wconf 79' lang='grc' dir='ltr'><strong>ἀρχῆς</strong></span> <span class='ocrx_word' id='word_1_688' title='bbox 2660 4749 2756 4802; x_wconf 70' lang='grc' dir='ltr'><strong>καὶ</strong></span> <span class='ocrx_word' id='word_1_689' title='bbox 2787 4748 2994 4814; x_wconf 77' lang='grc' dir='ltr'><strong>τάξεως</strong></span> <span class='ocrx_word' id='word_1_690' title='bbox 3047 4745 3505 4817; x_wconf 80' lang='grc' dir='ltr'><strong>ὑπεριδρυμένην,</strong></span> <span class='ocrx_word' id='word_1_691' title='bbox 3533 4743 3679 4815; x_wconf 71' lang='grc' dir='ltr'><strong>ὑπὲρ</strong></span> 
     </span>
    </p>
   </div>
   <div class='ocr_carea' id='block_1_103' title="bbox 2104 4833 3678 4910">
    <p class='ocr_par' dir='ltr' id='par_1_103' title="bbox 2104 4833 3678 4910">
     <span class='ocr_line' id='line_1_103' title="bbox 2104 4833 3678 4910; baseline -0.006 -16"><span class='ocrx_word' id='word_1_692' title='bbox 2104 4840 2310 4902; x_wconf 81' lang='grc' dir='ltr'><strong>οὐσίαν,</strong></span> <span class='ocrx_word' id='word_1_693' title='bbox 2341 4840 2433 4892; x_wconf 75' lang='grc' dir='ltr'><strong>καὶ</strong></span> <span class='ocrx_word' id='word_1_694' title='bbox 2461 4838 2626 4910; x_wconf 77' lang='grc' dir='ltr'><strong>ζωὴν,</strong></span> <span class='ocrx_word' id='word_1_695' title='bbox 2656 4840 2747 4892; x_wconf 67' lang='grc' dir='ltr'><strong>καὶ</strong></span> <span class='ocrx_word' id='word_1_696' title='bbox 2778 4839 2955 4906; x_wconf 87' lang='grc' dir='ltr'><strong>λόγον,</strong></span> <span class='ocrx_word' id='word_1_697' title='bbox 3001 4839 3095 4890; x_wconf 75' lang='grc' dir='ltr'><strong>καὶ</strong></span> <span class='ocrx_word' id='word_1_698' title='bbox 3123 4836 3333 4891; x_wconf 74' lang='grc' dir='ltr'><strong>ἔννοιαν</strong></span> <span class='ocrx_word' id='word_1_699' title='bbox 3358 4852 3372 4865; x_wconf 87' lang='grc'><strong>·</strong></span> <span class='ocrx_word' id='word_1_700' title='bbox 3402 4833 3678 4901; x_wconf 74' lang='grc' dir='ltr'><strong>αὑτοφῶς,</strong></span> 
     </span>
    </p>
   </div>
   <div class='ocr_carea' id='block_1_104' title="bbox 2104 4923 3681 4999">
    <p class='ocr_par' dir='ltr' id='par_1_104' title="bbox 2104 4923 3681 4999">
     <span class='ocr_line' id='line_1_104' title="bbox 2104 4923 3681 4999; baseline -0.006 -13"><span class='ocrx_word' id='word_1_701' title='bbox 2104 4929 2570 4998; x_wconf 77' lang='grc' dir='ltr'><strong>αὑτοαγαϐότητα,</strong></span> <span class='ocrx_word' id='word_1_702' title='bbox 2611 4929 2910 4999; x_wconf 77' lang='grc' dir='ltr'><strong>αὐτοζωὴν,</strong></span> <span class='ocrx_word' id='word_1_703' title='bbox 2959 4926 3303 4992; x_wconf 82' lang='grc' dir='ltr'><strong>αὖτοουσίαν,</strong></span> <span class='ocrx_word' id='word_1_704' title='bbox 3334 4925 3409 4988; x_wconf 83' lang='grc' dir='ltr'><strong>ὡς</strong></span> <span class='ocrx_word' id='word_1_705' title='bbox 3438 4925 3514 4996; x_wconf 85' lang='grc' dir='ltr'><strong>μὴ</strong></span> <span class='ocrx_word' id='word_1_706' title='bbox 3545 4923 3681 4994; x_wconf 75' lang='grc' dir='ltr'><strong>παρ’</strong></span> 
     </span>
    </p>
   </div>
   <div class='ocr_carea' id='block_1_105' title="bbox 2106 5016 3682 5094">
    <p class='ocr_par' dir='ltr' id='par_1_105' title="bbox 2106 5016 3682 5094">
     <span class='ocr_line' id='line_1_105' title="bbox 2106 5016 3682 5094; baseline -0.005 -17"><span class='ocrx_word' id='word_1_707' title='bbox 2106 5023 2292 5094; x_wconf 80' lang='grc' dir='ltr'><strong>ἑτέρου</strong></span> <span class='ocrx_word' id='word_1_708' title='bbox 2319 5023 2379 5074; x_wconf 74' lang='grc' dir='ltr'><strong>τὸ</strong></span> <span class='ocrx_word' id='word_1_709' title='bbox 2409 5016 2548 5075; x_wconf 72' lang='grc' dir='ltr'><strong>εἶναι</strong></span> <span class='ocrx_word' id='word_1_710' title='bbox 2578 5021 2829 5093; x_wconf 80' lang='grc' dir='ltr'><strong>ἔχουσαν,</strong></span> <span class='ocrx_word' id='word_1_711' title='bbox 2863 5021 2982 5090; x_wconf 79' lang='grc' dir='ltr'><strong>ῆτοι</strong></span> <span class='ocrx_word' id='word_1_712' title='bbox 3012 5022 3118 5073; x_wconf 85' lang='grc' dir='ltr'><strong>τῶν</strong></span> <span class='ocrx_word' id='word_1_713' title='bbox 3153 5021 3254 5073; x_wconf 81' lang='grc' dir='ltr'><strong>ὅσα</strong></span> <span class='ocrx_word' id='word_1_714' title='bbox 3287 5018 3435 5071; x_wconf 76' lang='grc' dir='ltr'><strong>ἐστίν</strong></span> <span class='ocrx_word' id='word_1_715' title='bbox 3459 5035 3471 5048; x_wconf 73' lang='grc' dir='ltr'><strong>ο</strong></span> <span class='ocrx_word' id='word_1_716' title='bbox 3505 5018 3682 5084; x_wconf 71' lang='grc' dir='ltr'><strong>αὐτὴν</strong></span> 
     </span>
    </p>
   </div>
   <div class='ocr_carea' id='block_1_106' title="bbox 2102 5108 3683 5185">
    <p class='ocr_par' dir='ltr' id='par_1_106' title="bbox 2102 5108 3683 5185">
     <span class='ocr_line' id='line_1_106' title="bbox 2102 5108 3683 5185; baseline -0.006 -17"><span class='ocrx_word' id='word_1_717' title='bbox 2102 5116 2161 5169; x_wconf 79' lang='grc' dir='ltr'><strong>δὲ</strong></span> <span class='ocrx_word' id='word_1_718' title='bbox 2198 5113 2378 5185; x_wconf 79' lang='grc' dir='ltr'><strong>πηγὴν</strong></span> <span class='ocrx_word' id='word_1_719' title='bbox 2405 5111 2571 5167; x_wconf 79' lang='grc' dir='ltr'><strong>οὖσαν</strong></span> <span class='ocrx_word' id='word_1_720' title='bbox 2599 5114 2692 5167; x_wconf 82' lang='grc' dir='ltr'><strong>τοῦ</strong></span> <span class='ocrx_word' id='word_1_721' title='bbox 2725 5109 2863 5168; x_wconf 76' lang='grc' dir='ltr'><strong>εἶναι</strong></span> <span class='ocrx_word' id='word_1_722' title='bbox 2893 5115 3004 5176; x_wconf 86' lang='grc' dir='ltr'><strong>τοῖς</strong></span> <span class='ocrx_word' id='word_1_723' title='bbox 3046 5108 3168 5166; x_wconf 76' lang='grc' dir='ltr'><strong>οὖσι</strong></span> <span class='ocrx_word' id='word_1_724' title='bbox 3193 5128 3206 5141; x_wconf 75' lang='grc' dir='ltr'><strong>ο</strong></span> <span class='ocrx_word' id='word_1_725' title='bbox 3253 5112 3364 5173; x_wconf 84' lang='grc' dir='ltr'><strong>τοῖς</strong></span> <span class='ocrx_word' id='word_1_726' title='bbox 3393 5108 3550 5172; x_wconf 79' lang='grc' dir='ltr'><strong>ζῶσι,</strong></span> <span class='ocrx_word' id='word_1_727' title='bbox 3574 5108 3683 5177; x_wconf 79' lang='grc' dir='ltr'><strong>τῆς</strong></span> 
     </span>
    </p>
   </div>
   <div class='ocr_carea' id='block_1_107' title="bbox 2103 5199 3682 5277">
    <p class='ocr_par' dir='ltr' id='par_1_107' title="bbox 2103 5199 3682 5277">
     <span class='ocr_line' id='line_1_107' title="bbox 2103 5199 3682 5277; baseline -0.004 -19"><span class='ocrx_word' id='word_1_728' title='bbox 2103 5206 2250 5275; x_wconf 81' lang='grc' dir='ltr'><strong>ζωῆς</strong></span> <span class='ocrx_word' id='word_1_729' title='bbox 2279 5223 2292 5236; x_wconf 77' lang='grc'><strong><em>⁸</em></strong></span> <span class='ocrx_word' id='word_1_730' title='bbox 2341 5208 2452 5269; x_wconf 80' lang='grc' dir='ltr'><strong>τοῖς</strong></span> <span class='ocrx_word' id='word_1_731' title='bbox 2483 5206 2639 5274; x_wconf 87' lang='grc' dir='ltr'><strong>λόγου</strong></span> <span class='ocrx_word' id='word_1_732' title='bbox 2684 5206 2992 5277; x_wconf 78' lang='grc' dir='ltr'><strong>μετέχουσι,</strong></span> <span class='ocrx_word' id='word_1_733' title='bbox 3025 5202 3117 5256; x_wconf 77' lang='grc' dir='ltr'><strong>τοῦ</strong></span> <span class='ocrx_word' id='word_1_734' title='bbox 3151 5202 3333 5270; x_wconf 81' lang='grc' dir='ltr'><strong>λόγου,</strong></span> <span class='ocrx_word' id='word_1_735' title='bbox 3375 5201 3491 5262; x_wconf 85' lang='grc' dir='ltr'><strong>τοῖς</strong></span> <span class='ocrx_word' id='word_1_736' title='bbox 3537 5199 3682 5251; x_wconf 78' lang='grc' dir='ltr'><strong>πᾶσι</strong></span> 
     </span>
    </p>
   </div>
   <div class='ocr_carea' id='block_1_108' title="bbox 497 5321 2000 5403">
    <p class='ocr_par' dir='ltr' id='par_1_108' title="bbox 497 5321 2000 5403">
     <span class='ocr_line' id='line_1_108' title="bbox 497 5321 2000 5403; baseline 0.012 -33"><span class='ocrx_word' id='word_1_737' title='bbox 497 5321 540 5352; x_wconf 83' lang='grc'>³⁷</span> <span class='ocrx_word' id='word_1_738' title='bbox 569 5322 730 5403; x_wconf 57' lang='lat' dir='ltr'><strong>(ireg.</strong></span> <span class='ocrx_word' id='word_1_739' title='bbox 755 5331 902 5403; x_wconf 51' lang='lat' dir='ltr'><strong>erat.</strong></span> <span class='ocrx_word' id='word_1_740' title='bbox 939 5322 1028 5403; x_wconf 50' lang='lat'><strong>:38,</strong></span> <span class='ocrx_word' id='word_1_741' title='bbox 1058 5328 1108 5375; x_wconf 88' lang='lat' dir='ltr'><strong>ct</strong></span> <span class='ocrx_word' id='word_1_742' title='bbox 1129 5321 1277 5403; x_wconf 74' lang='lat' dir='ltr'><strong>alibi.</strong></span> <span class='ocrx_word' id='word_1_743' title='bbox 1354 5321 1581 5403; x_wconf 47' lang='lat' dir='ltr'><strong>’iqreg.</strong></span> <span class='ocrx_word' id='word_1_744' title='bbox 1622 5322 1777 5395; x_wconf 74' lang='lat' dir='ltr'><strong>Nyss.</strong></span> <span class='ocrx_word' id='word_1_745' title='bbox 1814 5330 2000 5403; x_wconf 73' lang='lat' dir='ltr'><strong>Cateclt</strong></span> 
     </span>
    </p>
   </div>
   <div class='ocr_carea' id='block_1_109' title="bbox 2104 5321 3680 5403">
    <p class='ocr_par' dir='ltr' id='par_1_109' title="bbox 2133 5333 3680 5403">
     <span class='ocr_line' id='line_1_109' title="bbox 2133 5333 3680 5403; baseline -0.006 -10"><span class='ocrx_word' id='word_1_746' title='bbox 2133 5342 2188 5393; x_wconf 83' lang='grc'><strong>5.</strong></span> <span class='ocrx_word' id='word_1_747' title='bbox 2262 5340 2308 5372; x_wconf 69' lang='grc'><strong>⁸³</strong></span> <span class='ocrx_word' id='word_1_748' title='bbox 2338 5339 2481 5394; x_wconf 84' lang='lat' dir='ltr'><strong>Psal.</strong></span> <span class='ocrx_word' id='word_1_749' title='bbox 2506 5356 2694 5403; x_wconf 65' lang='grc' dir='ltr'><strong>(ιςγιιι.</strong></span> <span class='ocrx_word' id='word_1_750' title='bbox 2732 5341 2821 5396; x_wconf 90' lang='lat'><strong>89.</strong></span> <span class='ocrx_word' id='word_1_751' title='bbox 2902 5342 2947 5372; x_wconf 77' lang='lat'>‘°</span> <span class='ocrx_word' id='word_1_752' title='bbox 2973 5339 3116 5395; x_wconf 84' lang='lat' dir='ltr'><strong>Psal.</strong></span> <span class='ocrx_word' id='word_1_753' title='bbox 3147 5354 3257 5400; x_wconf 83' lang='lat' dir='ltr'><strong>cvi,</strong></span> <span class='ocrx_word' id='word_1_754' title='bbox 3284 5336 3374 5391; x_wconf 73' lang='lat'><strong>20.</strong></span> <span class='ocrx_word' id='word_1_755' title='bbox 3450 5336 3493 5366; x_wconf 75' lang='lat'><strong>&quot;</strong></span> <span class='ocrx_word' id='word_1_756' title='bbox 3525 5333 3680 5388; x_wconf 78' lang='lat' dir='ltr'><strong>Psal.</strong></span> 
     </span>
    </p>
   </div>
   <div class='ocr_carea' id='block_1_110' title="bbox 425 5392 1284 5456">
    <p class='ocr_par' dir='ltr' id='par_1_110' title="bbox 425 5392 1284 5456">
     <span class='ocr_line' id='line_1_110' title="bbox 425 5392 1284 5456; baseline 0.003 -13"><span class='ocrx_word' id='word_1_757' title='bbox 425 5405 536 5451; x_wconf 84' lang='lat' dir='ltr'><strong>CIII,</strong></span> <span class='ocrx_word' id='word_1_758' title='bbox 591 5393 678 5446; x_wconf 76' lang='grc'><strong>50.</strong></span> <span class='ocrx_word' id='word_1_759' title='bbox 754 5392 799 5424; x_wconf 79' lang='grc'><strong>⁶¹</strong></span> <span class='ocrx_word' id='word_1_760' title='bbox 831 5394 973 5448; x_wconf 85' lang='lat' dir='ltr'><strong>I’sal.</strong></span> <span class='ocrx_word' id='word_1_761' title='bbox 1014 5407 1183 5456; x_wconf 72' lang='lat' dir='ltr'><strong>sxxii,</strong></span> <span class='ocrx_word' id='word_1_762' title='bbox 1233 5392 1284 5446; x_wconf 72' lang='grc'><strong>4.</strong></span> 
     </span>
    </p>
   </div>
   <div class='ocr_carea' id='block_1_111' title="bbox 427 5461 727 5528">
    <p class='ocr_par' dir='ltr' id='par_1_111' title="bbox 427 5461 727 5528">
     <span class='ocr_line' id='line_1_111' title="bbox 427 5461 727 5528; baseline 0.003 -13"><span class='ocrx_word' id='word_1_763' title='bbox 427 5477 643 5528; x_wconf 75' lang='lat' dir='ltr'><strong>exxxw,</strong></span> <span class='ocrx_word' id='word_1_764' title='bbox 674 5461 727 5516; x_wconf 83' lang='lat'><strong>6.</strong></span> 
     </span>
    </p>
   </div>
   <div class='ocr_carea' id='block_1_112' title="bbox 1363 5389 2000 5480">
    <p class='ocr_par' dir='ltr' id='par_1_112' title="bbox 1363 5389 2000 5464">
     <span class='ocr_line' id='line_1_112' title="bbox 1363 5389 2000 5464; baseline 0.005 -19"><span class='ocrx_word' id='word_1_765' title='bbox 1363 5393 1408 5422; x_wconf 82' lang='grc'><strong>⁸⁵³</strong></span> <span class='ocrx_word' id='word_1_766' title='bbox 1439 5389 1542 5445; x_wconf 55' lang='lat' dir='ltr'><strong>Job</strong></span> <span class='ocrx_word' id='word_1_767' title='bbox 1571 5389 1757 5464; x_wconf 46' lang='lat' dir='ltr'><strong>xxxii,</strong></span> <span class='ocrx_word' id='word_1_768' title='bbox 1799 5401 1850 5457; x_wconf 70' lang='grc'><strong>4,</strong></span> <span class='ocrx_word' id='word_1_769' title='bbox 1928 5408 2000 5461; x_wconf 59' lang='grc' dir='ltr'><strong>δι]</strong></span> 
     </span>
    </p>
   </div>
   <div class='ocr_carea' id='block_1_113' title="bbox 2104 5389 3679 5480">
    <p class='ocr_par' dir='ltr' id='par_1_113' title="bbox 2105 5389 3679 5480">
     <span class='ocr_line' id='line_1_113' title="bbox 2105 5389 3679 5480; baseline -0.003 -19"><span class='ocrx_word' id='word_1_770' title='bbox 2105 5389 2188 5464; x_wconf 63' lang='grc' dir='ltr'><strong>υἷ’</strong></span> <span class='ocrx_word' id='word_1_771' title='bbox 2220 5409 2293 5464; x_wconf 91' lang='lat' dir='ltr'><strong>De</strong></span> <span class='ocrx_word' id='word_1_772' title='bbox 2335 5389 2821 5480; x_wconf 53' lang='lat' dir='ltr'><strong>&#39;s,3i}.&#39;;a&#39;,;a5,1;t</strong></span> <span class='ocrx_word' id='word_1_773' title='bbox 2851 5389 3257 5480; x_wconf 42' lang='lat' dir='ltr'><strong>[iuuenili-ipf</strong></span> <span class='ocrx_word' id='word_1_774' title='bbox 3289 5389 3377 5461; x_wconf 72' lang='lat' dir='ltr'><strong>i8.</strong></span> <span class='ocrx_word' id='word_1_775' title='bbox 3453 5406 3499 5438; x_wconf 70' lang='grc' dir='ltr'><strong>ιδ</strong></span> <span class='ocrx_word' id='word_1_776' title='bbox 3526 5405 3679 5460; x_wconf 65' lang='lat' dir='ltr'><strong>rw.</strong></span> 
     </span>
    </p>
   </div>
   <div class='ocr_carea' id='block_1_114' title="bbox 1695 5557 2370 5619">
    <p class='ocr_par' dir='ltr' id='par_1_114' title="bbox 1695 5557 2370 5619">
     <span class='ocr_line' id='line_1_114' title="bbox 1695 5557 2370 5619; baseline 0.009 -6"><span class='ocrx_word' id='word_1_777' title='bbox 1695 5557 1926 5615; x_wconf 55' lang='lat' dir='ltr'><strong>VAIlle.</strong></span> <span class='ocrx_word' id='word_1_778' title='bbox 1970 5562 2370 5619; x_wconf 70' lang='lat' dir='ltr'><strong>LI&#39;ICTIONES.</strong></span> 
     </span>
    </p>
   </div>
   <div class='ocr_carea' id='block_1_115' title="bbox 511 5645 1700 5720">
    <p class='ocr_par' dir='ltr' id='par_1_115' title="bbox 511 5645 1700 5720">
     <span class='ocr_line' id='line_1_115' title="bbox 511 5645 1700 5720; baseline 0.003 -20"><span class='ocrx_word' id='word_1_779' title='bbox 511 5659 534 5687; x_wconf 73' lang='grc' dir='ltr'><strong><em>ι</em></strong></span> <span class='ocrx_word' id='word_1_780' title='bbox 587 5645 642 5701; x_wconf 87' lang='lat' dir='ltr'><strong>In</strong></span> <span class='ocrx_word' id='word_1_781' title='bbox 673 5648 798 5705; x_wconf 88' lang='lat' dir='ltr'><strong>edit.</strong></span> <span class='ocrx_word' id='word_1_782' title='bbox 843 5649 1021 5714; x_wconf 80' lang='lat' dir='ltr'><strong>deest,</strong></span> <span class='ocrx_word' id='word_1_783' title='bbox 1051 5647 1218 5712; x_wconf 75' lang='grc' dir='ltr'><strong>θεῖος.</strong></span> <span class='ocrx_word' id='word_1_784' title='bbox 1298 5657 1324 5696; x_wconf 73' lang='lat' dir='ltr'><strong>.V</strong></span> <span class='ocrx_word' id='word_1_785' title='bbox 1352 5646 1492 5703; x_wconf 86' lang='lat' dir='ltr'><strong>Edit.</strong></span> <span class='ocrx_word' id='word_1_786' title='bbox 1527 5651 1700 5720; x_wconf 85' lang='grc' dir='ltr'><strong>μένει.</strong></span> 
     </span>
    </p>
   </div>
  </div>
