3962 6300
444 324 544 389 811

1618 324 1678 385 S.
1718 318 2040 386 JOANNIS
2080 318 2510 391 DAMASCENI

3613 334 3719 397 Si?

438 433 802 500 iterationem,
833 445 933 488 nec
966 438 1200 496 tempus,
1231 442 1335 486 nec
1372 429 1593 486 initium
1641 432 1753 502 pati
1782 431 2024 488 ostendi-

2134 451 2233 504 μεν
2257 436 2339 489 ὅτι
2389 436 2618 505 ἆχρονος
2664 437 2757 489 καὶ
2800 436 3036 509 ἄναρχος
3064 436 3231 492 αὐτοῦ
3329 432 3582 514 γέννησις
3607 462 3621 476 υ
3653 438 3716 499 οὗ

437 542 584 581 mus.
618 523 740 582 Non
769 522 914 579 enim
947 521 1042 578 Dei
1074 519 1248 579 Filius
1273 537 1338 577 ex
1370 519 1549 577 nihilo
1583 521 1639 576 in
1676 530 1858 578 ortum
1893 538 2027 593 pro-

431 620 631 673 ductus
657 616 832 683 est";
862 615 977 683 ille,
1005 614 1251 686 inquam,
1271 613 1459 686 gloria:
1481 613 1763 685 splendor,
1787 625 2026 685 paternae

434 712 605 779 figura
633 706 955 763 substantia:
980 707 1047 774 'l,
1074 706 1197 761 viva
1214 705 1505 777 sapientia,
1533 712 1589 761 et
1610 705 1868 771 virtus",
1891 706 2025 762 sub-

434 802 642 857 sistens
674 796 942 863 Verbum,
973 797 1361 855 substantialis
1386 798 1526 869 ipsa,
1559 796 1827 868 perfecta,
1862 808 2027 869 atque

430 894 623 948 vivens
653 891 834 963 imago
869 889 964 945 Dei
988 890 1033 923 "
1059 888 1374 952 invisibilis,
1404 888 1502 944 sed
1532 903 1748 960 semper
1768 903 1891 944 cum
1920 888 2025 943 Pa-

431 994 534 1049 tre,
550 993 603 1040 et
629 984 681 1037 in
705 982 867 1039 Patre
891 989 1033 1047 erat,
1061 981 1397 1051 sempiterne
1420 989 1468 1036 et
1496 981 1707 1052 absque
1731 980 1844 1035 ullo
1866 981 2026 1038 initio

431 1094 499 1134 ex
538 1077 660 1147 ipso
710 1076 948 1147 genitus.
998 1072 1187 1145 Neque
1224 1073 1370 1129 enim
1418 1072 1581 1128 Pater
1607 1088 1850 1144 unquam
1897 1074 2023 1142 fuit,

430 1168 653 1241 quando
676 1168 850 1225 Filius
882 1184 990 1223 non
1013 1174 1163 1224 esset
1192 1186 1209 1223 ι
1234 1181 1426 1222 verum
1452 1166 1618 1223 simul
1648 1166 1831 1234 Pater,
1861 1166 2026 1223 simul

430 1261 628 1325 Filius,
662 1261 756 1334 qui
801 1276 867 1317 ex
908 1260 1028 1330 ipso
1068 1259 1287 1331 genitus
1313 1266 1421 1314 est.
1477 1258 1663 1329 Neque
1686 1261 1833 1314 enim
1864 1259 2027 1315 Pater

434 1354 619 1411 vocari
650 1354 844 1425 possit,
868 1352 962 1424 qui
988 1349 1129 1407 Filio
1150 1359 1357 1407 careat.
1382 1348 1519 1405 Nam
1545 1351 1591 1406 si
1613 1349 1753 1407 Filio
1771 1353 2026 1423 aliquam-

433 1447 504 1503 do
543 1447 740 1512 caruit,
782 1444 945 1501 Pater
974 1454 1126 1501 certe
1168 1459 1277 1499 non
1307 1452 1425 1500 erat
1450 1444 1519 1498 ".
1547 1442 1611 1498 Et
1638 1445 1682 1500 si
1717 1453 1905 1515 postea
1933 1445 2024 1498 Fi-

433 1538 563 1594 lium
583 1537 795 1604 habuit;
809 1544 999 1608 postea
1022 1550 1241 1607 quoque
1260 1535 1438 1591 factus
1454 1541 1539 1590 est
1556 1532 1737 1598 Pater,
1753 1549 1877 1589 cum
1902 1542 2028 1589 ante

434 1631 597 1686 Pater
640 1645 749 1685 non
785 1635 949 1695 esset,
984 1623 1141 1699 133
1163 1635 1327 1696 atque
1357 1641 1422 1682 ex
1459 1640 1525 1681 eo
1552 1625 1695 1696 quod
1726 1622 1885 1680 Pater
1916 1638 2025 1680 non

428 1732 569 1788 erat,
596 1726 837 1776 mutatus
861 1728 964 1786 est,
1006 1734 1181 1790 eoque
1202 1732 1524 1791 progressus
1551 1725 1611 1771 ut
1637 1717 1799 1772 Pater
1835 1725 2020 1773 esset:

2131 524 2240 596 γὰρ
2274 526 2340 581 ὲκ
2382 526 2479 580 τοῦ
2512 526 2587 599 μὴ
2624 527 2778 594 ὄντος
2812 531 2892 594 είς
2930 530 2993 583 16
3038 527 3180 586 slva:
3228 535 3489 609 παρήχθη
3523 539 3552 591 6
3587 538 3720 604 Υίδς

2128 616 2224 671 τοῦ
2251 618 2412 684 Θεοῦ,
2437 618 2497 673 16
2527 619 2870 693 ἀπαύγασμα
2903 623 3003 693 τῆς
3034 614 3216 695 δόξης,
3244 627 3272 679 6
3294 629 3585 701 χαρακτὴρ
3617 632 3719 702 τῆς

2128 708 2225 763 τοῦ
2255 708 2471 781 Πατρδς
2499 711 2875 779 ὑποστάσεως,
2912 714 2946 786 ἡ
2985 713 3135 780 ζῶσα
3172 717 3358 785 σοφία,
3412 720 3509 773 καὶ
3550 718 3719 776 δόνα-

2132 813 2249 872 μις,
2286 805 2317 856 6
2341 803 2517 871 Λόγος
2546 803 2574 856 6
2599 805 2986 874 ὲνυπόστατος,
3022 808 3056 879 ἠ
3081 807 3352 880 οὐσιὼδης
3376 810 3472 864 καὶ
3505 812 3715 880 τελεία,

2130 896 2226 949 καὶ
2258 894 2412 961 ζῶσα
2438 897 2604 951 εἰκὼν
2628 896 2723 951 τοῦ
2757 899 2993 971 ἀοράτου
3029 899 3168 953 Θεοῦ
3192 918 3207 934 ο
3242 901 3363 956 ἀλλἲ
3383 901 3473 955 ἀεὶ
3509 899 3581 975 ἦν
3602 902 3718 975 (l5)

2132 989 2232 1042 σὺν
2271 988 2347 1060 τῷ
2380 990 2557 1062 Πατρὶ
2580 1030 2595 1054 ,
2629 991 2722 1045 καὶ
2776 992 2835 1044 ὲν
2866 991 3051 1062 αὐτῷ,
3092 988 3281 1057 ἀῗδίως
3324 985 3421 1047 καὶ
3462 995 3720 1067 ἀνάρχως

2130 1080 2192 1147 ἐξ
2224 1080 2391 1135 αὐτοῦ
2426 1084 2851 1157 γεγεννημένος.
2901 1085 2976 1138 οὐ
3018 1084 3129 1156 γὰρ
3161 1081 3231 1158 ἦν
3278 1103 3411 1141 ποτε
3438 1087 3467 1139 6
3498 1086 3714 1160 Πατὴρ,

2130 1174 2219 1228 ὅτε
2254 1175 2356 1230 οὐκ
2399 1172 2467 1247 ἦν
2500 1178 2529 1230 6
2568 1177 2699 1242 Υἱός
2722 1195 2736 1209 ·
2778 1176 2898 1233 ἀλλ’
2940 1177 3058 1250 ἅμα
3092 1179 3308 1251 Πατὴρ,
3338 1178 3458 1250 ἅμα
3493 1179 3644 1248 Υἱὸς,
3685 1181 3717 1234 6
3764 1188 3767 1189 ⁷

2131 1264 2191 1331 eg
2220 1265 2385 1321 αὑτοῦ
2417 1269 2817 1340 γεγεννημένος
2842 1285 2856 1301 ·
2905 1269 3098 1342 Πατὴρ
3124 1269 3235 1343 γὰρ
3270 1272 3429 1335 ὲκτδς
3455 1270 3587 1326 Υίοῦ
3614 1274 3717 1326 οὐκ

2131 1358 2197 1413 ἂν
2228 1358 2477 1432 κληθείη.
2512 1361 2574 1414 Ei
2606 1359 2660 1414 δὲ
2688 1354 2757 1432 ἦν
2786 1361 2860 1434 μὴ
2895 1360 3035 1432 ἔχων
3070 1360 3218 1428 Υίὺν,
3253 1361 3352 1415 οὐκ
3380 1358 3449 1435 ἦν
3478 1363 3674 1435 Πατήρ
3694 1380 3712 1395 ο

2131 1452 2226 1506 καὶ
2262 1453 2311 1506 εἰ
2340 1453 2479 1524 μετᾶ
2508 1455 2681 1509 ταῦτα
2714 1456 2873 1526 ἔσχεν
2914 1455 3067 1523 Υίὸν,
3101 1454 3241 1527 μετὰ
3276 1454 3452 1510 ταῦτα
3493 1457 3717 1525 ἐγένετο

2132 1547 2344 1619 Πατὴρ,
2379 1548 2454 1618 μὴ
2498 1547 2573 1602 ὣν
2613 1548 2720 1621 πρὸ
2760 1548 2952 1603 τούτου
2984 1549 3215 1621 Πατὴρ,
3260 1549 3357 1604 καὶ
3403 1549 3617 1621 ἐτράπη
3648 1550 3715 1602 ὲκ

2130 1637 2227 1692 τοῦ
2257 1640 2333 1711 μὴ
2380 1634 2520 1694 εἶναι
2556 1642 2750 1715 Πατὴρ
2786 1642 2869 1705 είς
2909 1641 2971 1695 16
3001 1641 3256 1711 γενέσθαι
3293 1641 3485 1712 Πατήρ
3512 1656 3525 1670 ·
3572 1639 3715 1710 ὅπερ

2132 1731 2313 1800 πάσης
2370 1729 2724 1804 βλασφημίας
2782 1731 2902 1785 ἐστὶ
2955 1730 3360 1803 χαλεπώτερον.
3424 1728 3715 1783 Ἀδύνατον

431 1814 483 1868 id
512 1813 656 1886 quod
694 1812 845 1867 omni
896 1806 1241 1880 blasphemia
1320 1808 1544 1880 gravius
1578 1807 1810 1864 foret”.
1854 1807 2019 1866 Nefas

2131 1822 2230 1893 γάρ
2275 1821 2369 1876 τὸν
2416 1823 2549 1877 Θεὸν
2593 1824 2793 1890 εἰπεῖν,
2841 1822 3049 1895 ἔρημον
3102 1822 3205 1892 τῆς
3262 1822 3502 1892 φυσικῆς
3561 1838 3712 1891 γονιδ

430 1905 571 1959 enim
594 1912 678 1960 est
703 1901 906 1968 dicere,
926 1900 1096 1955 Deum
1120 1898 1455 1955 fecunditate
1475 1899 1716 1953 naturali
1744 1899 2015 1956 caruisse.

431 1991 759 2050 Fecunditas
803 2005 967 2063 porro
1001 1990 1058 2045 in
1090 1990 1193 2045 hoc
1239 1989 1413 2061 posita
1438 1999 1542 2057 est,
1576 1984 1633 2046 ut
1660 1989 1785 2061 quis
1829 2006 1897 2047 ex
1926 2007 2019 2048 ses

430 2089 575 2156 ipso,
617 2083 672 2139 id
719 2092 899 2140 estex
938 2082 1157 2153 propria
1189 2081 1520 2151 substantia,
1560 2083 1770 2155 prolem
1824 2095 2020 2140 natura

431 2177 668 2232 similem
709 2176 793 2231 sui
830 2174 1028 2232 edat“.

499 2266 867 2323 Generationis
905 2266 1100 2322 divine
1148 2283 1181 2321 a
1238 2267 1504 2323 creatione
1564 2267 1905 2323 discrimina.
1948 2297 2020 2311 -ι

430 2358 674 2415 Proinde
713 2375 837 2415 cum
880 2359 948 2414 de
989 2356 1114 2439 Filii
1151 2359 1514 2430 generatione
1553 2363 1755 2431 agitur,
1800 2367 2020 2432 tempus

432 2449 826 2507 intercessisse
863 2449 1049 2505 dicere
1088 2447 1317 2519 impium
1358 2459 1443 2505 est
1476 2450 1523 2481 "
1550 2467 1564 2517 ;
1588 2457 1684 2505 aut
1714 2448 1839 2504 Filii
1872 2450 2022 2506 exsi~

432 2543 693 2600 steutiam
726 2543 883 2598 Patre
914 2541 1272 2614 posteriorem
1312 2542 1654 2599 constituere
1681 2542 1747 2598 ⁸⁸.
1785 2541 1864 2597 Ex
1899 2544 2023 2614 ipso

431 2635 577 2690 enim
601 2675 616 2699 ,
651 2635 755 2689 hoc
790 2644 875 2690 est
908 2648 975 2688 ex
1015 2632 1195 2689 Patris
1231 2641 1427 2688 natura
1449 2675 1464 2698 ,
1518 2649 1643 2690 esse
1695 2633 2025 2705 proﬁtemur

432 2723 560 2780 Filii
591 2727 1033 2797 generationem.
1070 2726 1150 2779 Ae
1178 2725 1285 2780 nisi
1320 2723 1522 2779 Filium
1552 2738 1581 2780 a
1628 2724 1906 2796 principio
1945 2726 2025 2781 si-

435 2819 546 2872 mul
580 2833 703 2873 cum
738 2816 904 2872 Patre
936 2832 965 2871 a
1000 2831 1111 2887 quo
1142 2816 1365 2889 genitus
1395 2823 1479 2872 est
1504 2868 1517 2883 ,
1548 2814 1721 2875 fuisse
1749 2817 2024 2873 conceda-

437 2924 561 2963 mus
585 2950 599 2974 ,
626 2906 877 2964 Paterna:
898 2907 1225 2963 substantia:
1258 2909 1621 2963 mutationem
1655 2906 1983 2964 inducemus
2007 2927 2021 2964 :

435 2999 739 3070 quoniam,
773 3013 899 3052 cum
957 2997 1122 3053 Pater
1176 3012 1287 3052 non
1333 3006 1522 3064 esset,
1572 3000 1803 3069 posthac
1846 3000 2029 3056 erasit

437 3093 623 3146 Pater.
662 3090 772 3145 Res
799 3091 944 3145 enim
993 3099 1227 3154 ereatze,
1274 3089 1378 3145 etsi
1405 3089 1760 3160 postmodum
1792 3091 2028 3147 conditae

439 3191 607 3248 sunt,
660 3197 771 3237 non
821 3190 1008 3236 tamen
1050 3195 1117 3235 ex
1172 3180 1268 3237 Dei
1306 3181 1615 3237 substantia
1653 3183 2025 3252 exstiterunt;

437 3277 535 3333 sed
573 3275 749 3346 ipsius
782 3274 1066 3328 voluntate
1111 3281 1167 3328 et
1203 3273 1449 3343 potentia
1486 3273 1709 3330 fuerunt
1744 3276 2029 3346 productae

440 3376 501 3422 ut
546 3375 754 3422 essent.
803 3363 914 3420 Nec
970 3370 1263 3435 propterea
1317 3362 1374 3417 in
1427 3363 1520 3420 Dei
1573 3374 1828 3420 naturam
1877 3367 2029 3423 cadit

438 3459 717 3515 mutatio:
749 3457 956 3513 etenim
997 3456 1287 3527 generatio
1326 3455 1550 3526 quidem
1596 3457 1652 3512 in
1703 3457 1808 3512 hoc
1837 3461 2026 3517 consi-

440 3552 576 3617 stit,
635 3559 695 3607 ut
728 3566 794 3606 ex
832 3548 1112 3621 gignentis
1162 3549 1476 3605 substantia
1533 3549 1719 3620 proles
1770 3550 2025 3622 ejusdem

439 3665 564 3703 cum
594 3649 855 3720 gignente
885 3646 1215 3703 substantiae
1241 3646 1612 3717 producatur:
1646 3655 1703 3703 at
1730 3650 1943 3706 creatio
1970 3661 2027 3709 et

438 3738 659 3795 etlectio
688 3738 795 3793 hoc
838 3745 1052 3792 tantum
1099 3737 1365 3809 requirit,
1416 3745 1474 3793 ut
1505 3747 1690 3805 extra,
1725 3747 1779 3797 et
1808 3756 1918 3796 non
1953 3758 2021 3799 e1

2124 1913 2382 1983 μότητος.
2426 1910 2493 1966 Ἡ
2544 1912 2602 1967 δὲ
2639 1914 2955 1985 γονιμότης,
2987 1914 3049 1967 16
3096 1912 3157 1978 ἐξ
3200 1911 3399 1978 αὐτοῦ,
3447 1913 3615 1983 ἤγουν
3645 1912 3715 1965 ὲκ

2121 2004 2220 2075 τῆς
2251 2004 2387 2070 ἰδίας
2416 2006 2628 2073 οὐσίας,
2659 2008 2849 2079 ὅμοιον
2881 2005 3023 2061 κατὰ
3057 2006 3220 2077 φύσιν
3256 2007 3476 2079 γεννᾷν.

2207 2270 2329 2323 Ἐπὶ
2371 2270 2470 2342 μὲν
2518 2266 2611 2325 οὖν
2665 2272 2763 2343 τῆς
2813 2272 2908 2327 τοῦ
2963 2269 3095 2327 Υίοῦ
3145 2268 3457 2344 γεννήσεως
3506 2271 3711 2338 ἀσεϐὲς

2122 2362 2302 2431 λέγειν
2338 2364 2530 2435 χρόνον
2565 2363 2904 2434 μεσιτεῦσαι,
2936 2366 3032 2420 καί
3062 2365 3203 2437 μετά
3233 2364 3326 2420 τὸν
3352 2363 3573 2438 Πατέρα
3606 2364 3713 2436 τὴν

2121 2454 2216 2509 τοῦ
2251 2453 2381 2509 Υίοῢ
2412 2455 2665 2525 γενέσθαι
2701 2456 2959 2528 ὓπαρξιν.
3017 2457 3109 2524 Ἐξ
3157 2456 3325 2513 αὑτοῦ
3370 2458 3503 2529 γάρ,
3540 2457 3717 2527 ἤγουν

2130 2548 2229 2619 τῆς
2274 2547 2369 2602 τοῦ
2401 2547 2617 2621 Πατρδς
2646 2546 2883 2619 φύσεως,
2935 2550 3119 2623 φαμὲν
3152 2549 3254 2622 τὴν
3282 2550 3377 2604 τοῦ
3413 2548 3544 2603 Υίοῦ
3584 2550 3718 2619 γέν-

2127 2656 2307 2711 νησιν.
2342 2641 2452 2694 Καὶ
2484 2640 2531 2692 εἰ
2562 2641 2638 2711 μὴ
2670 2639 2728 2705 ἐξ
2750 2641 2924 2714 ἀρχῆς
2950 2640 3135 2713 δῶμεν
3158 2640 3249 2695 τὸν
3278 2639 3410 2695 Υίδν
3438 2639 3719 2710 συνυιιτοὶρ⁴

2127 2750 2242 2803 χειν
2274 2730 2352 2804 τῷ
2384 2733 2561 2804 Πατρὶ
2599 2733 2659 2799 ἐξ
2688 2732 2853 2788 αὐτοῦ
2902 2733 3303 2806 γεγεννημένον
3322 2776 3338 2800 ,
3369 2732 3575 2804 τροπὴν
3610 2732 3720 2803 τῆς

2125 2822 2219 2878 τοῦ
2254 2825 2473 2896 Πατρὺς
2521 2826 2875 2890 ὑποστάσεως
2914 2825 3330 2898 παρεισάγομεν
3352 2842 3366 2855 ο
3406 2825 3491 2879 ὅτι
3521 2824 3598 2897 μὴ
3634 2823 3718 2878 ὢν

2126 2917 2319 2990 Πατὴρ
2353 2917 2584 2990 ὕστερον
2624 2918 2841 2988 ἐγένετο
2874 2918 3068 2991 Πατήρ
3092 2935 3106 2950 ’
3163 2921 3197 2991 ὴ
3251 2918 3361 2989 γὰρ
3404 2916 3582 2981 κτίσις
3606 2961 3622 2984 ,
3662 2918 3719 2971 εί

2127 3010 2225 3065 καὶ
2258 3011 2397 3082 μετά
2434 3010 2610 3066 ταῦτα
2643 3012 2889 3081 γέγονεν,
2931 3010 3047 3066 ἀλλ’
3076 3012 3177 3066 οὐκ
3219 3014 3284 3066 ἐκ
3316 3011 3415 3082 τῆς
3444 3009 3541 3065 τοῦ
3573 3009 3719 3065 Θεοῦ

2129 3103 2319 3169 οὐσίας
2343 3120 2355 3134 ·
2407 3107 2472 3158 ἐκ
2518 3104 2576 3159 δὲ
2609 3105 2705 3159 τοῦ
2742 3104 2818 3177 μὴ
2862 3104 3017 3169 ὄντος
3050 3106 3129 3169 είς
3164 3104 3225 3158 16
3266 3098 3407 3158 εἷναι
3458 3103 3721 3175 βουλήσει

2131 3197 2226 3250 καὶ
2252 3196 2480 3269 δυνάμει
2513 3196 2679 3252 αὑτοῦ
2719 3199 2998 3271 παρήχθη,
3024 3198 3120 3252 καὶ
3144 3197 3244 3268 οὐχ
3270 3194 3501 3251 ἅπτεται
3530 3195 3720 3269 τροπὴ

2129 3290 2227 3359 τῆς
2252 3289 2349 3343 τοῦ
2378 3290 2514 3344 Θεοῦ
2545 3290 2782 3361 φύσεως.
2821 3291 3083 3363 Γέννησις
3117 3289 3220 3361 μὲν
3271 3289 3379 3360 γάρ
3410 3289 3527 3342 ἔστι
3554 3288 3617 3342 τὸ
3648 3290 3722 3341 ἐκ

2129 3382 2227 3452 τῆς
2272 3382 2462 3447 οὐσίας
2493 3384 2588 3439 τοῦ
2629 3385 2931 3455 γεννῶντος
2965 3382 3303 3454 προάγεσθαι
3344 3382 3408 3437 16
3435 3380 3721 3450 γεννώμεο

2131 3491 2221 3528 νον
2260 3475 2445 3547 ὅμοιον
2496 3476 2617 3532 κατ’
2661 3478 2873 3534 οὐσίαν.
2905 3477 3100 3541 Κτίσις
3144 3476 3203 3531 δὲ
3254 3476 3350 3530 καὶ
3399 3475 3619 3545 ποίησις
3651 3474 3722 3527 16

2132 3566 2368 3637 ἔξωθεν,
2421 3570 2519 3624 καὶ
2557 3570 2659 3625 οὐκ
2705 3571 2771 3625 ιιι
2813 3570 2913 3642 τῆς
2946 3569 3135 3634 οὐσίας
3168 3565 3267 3623 τοῦ
3298 3565 3577 3632 κτίζοντος
3615 3564 3722 3619 καὶ

2131 3660 2437 3729 ποιοῦντος,
2469 3662 2726 3733 γενέσθαι
2771 3662 2836 3717 16
2888 3662 3212 3734 κτιζόμενον
3250 3660 3346 3715 καὶ
3388 3657 3723 3729 ποιούμενον

2129 3749 2384 3824 ἀνόμοιον
2414 3750 2692 3819 παντελῶς
2719 3763 2768 3807 ι.

439 3834 684 3892 creantis
719 3840 814 3889 aut
851 3832 1140 3891 etlieientis
1170 3833 1486 3891 substantia
1541 3833 1639 3891 liat
1688 3836 1825 3892 illud
1872 3838 2019 3910 quod
2061 3856 2287 3903 creatur
2335 3860 2431 3905 aut
2475 3849 2729 3917 ellieitur,
2771 3848 3113 3920 omninoque
3151 3853 3423 3919 quantum
3490 3840 3558 3899 ad
3618 3856 3722 3898 θερ-

439 3928 672 3985 sentiam
707 3925 979 3982 dissimile
1008 3926 1105 3982 sit.

509 4043 555 4126 1°
578 4042 741 4126 (ξτες.
769 4042 901 4126 liae.
933 4052 1073 4102 orat.
1105 4044 1193 4102 56.
1288 4046 1352 4126 _"
1375 4045 1556 4126 _llebr.
1589 4064 1628 4114 ι,

1812 4047 1857 4081 ⁸⁸
1891 4052 1911 4105 l
1959 4051 2090 4108 Cor.
2126 4068 2162 4116 l,
2214 4053 2306 4109 24.

2403 4053 2449 4086 ³³
2487 4052 2703 4110 Coloss.
2734 4070 2775 4120 ι,
2804 4052 2892 4109 15.
2998 4048 3046 4084 ⁸⁵
3082 4048 3245 4120 Greg.
3281 4048 3415 4105 Naz.
3449 4056 3592 4106 orat.
3617 4048 3720 4108 55.

440 4113 487 4145 "
506 4112 675 4185 Cyril.
698 4112 755 4171 in
791 4115 1083 4182 Thesauro,
1125 4124 1325 4174 assert.
1362 4119 1398 4173 4
1428 4125 1483 4173 et
1522 4118 1575 4172 5.
1615 4112 1621 4114 ⁷
1651 4118 1698 4150 ⁵⁸
1722 4118 1861 4175 lbid.
1897 4131 2101 4178 assert.
2128 4112 2181 4178 6.
2258 4124 2301 4155 ⁸⁷
2332 4122 2466 4179 lbid.
2498 4134 2695 4181 assert.
2728 4112 2785 4179 ὅ.
2862 4120 2909 4156 ⁸⁸
2948 4120 3113 4195 Greg.
3142 4112 3276 4177 Naz.
3307 4128 3453 4178 orat.
3474 4121 3565 4178 29.

1774 4252 2009 4311 VARIJE
2042 4254 2450 4313 LECTIONES.

504 4382 532 4410 ι
566 4367 702 4439 Reg.
736 4367 845 4422 duo
879 4364 1169 4430 παντελῶς
1206 4365 1330 4420 κατ’
1359 4364 1568 4431 οὐσίαν,
1600 4366 1687 4423 sic
1720 4366 1883 4423 etiam
1912 4368 2058 4440 apud
2086 4368 2375 4441 Cyrillum.

1974 4490 2204 4549 NOTAE.

439 4587 505 4669 ad
523 4586 1164 4669 eviu‘cer‘i'tlamsinceram
1182 4595 1494 4669 temporum
1509 4585 2028 4669 Ante-Nieaenorum
2061 4592 2107 4647 Ι)
2134 4587 2582 4669 1a5£polléaetg
2612 4589 2712 4659 τὴν
2742 4586 2887 4669 σὺν,
2920 4586 3015 4669 καὶ

434 4658 597 4713 ﬁdem
623 4655 689 4711 tle
721 4655 887 4712 Verbi
935 4655 1527 4713 consubstantialitate.
1564 4656 1666 4711 llic
1707 4658 1885 4712 solum
1925 4656 2027 4712 ad-

435 4729 561 4781 dam
631 4725 1021 4783 brevissimum
1082 4725 1385 4782 Clementis
1444 4725 1743 4782 Alexandri
1814 4728 2023 4793 locum,

435 4812 595 4866 quem
621 4797 876 4854 omisisse
921 4795 1270 4866 videnturilli
1296 4796 1387 4865 qui
1430 4795 1772 4851 Catholicam
1798 4813 2022 4853 causam

434 4864 611 4937 nuper
634 4864 1458 4939 propugnarunt.Festinemus,
1496 4866 1677 4937 inquit
1710 4869 1762 4921 in
1800 4866 2025 4939 Protre-

438 4930 703 5009 pti'co,_'ut
741 4930 899 4993 inu'tti
929 4939 987 4992 in
1029 4930 1366 5009 dilectionem
1394 4930 1849 5009 unam'coeamus,
1885 4937 2027 4991 κατὰ

431 5006 531 5077 τὴν
572 5007 673 5079 τῆς
715 5009 1010 5079 μοναδικῆς
1062 5006 1252 5079 οὐσίας
1298 5009 1527 5079 ἕνωσιν,
1578 5023 1683 5077 qua
1730 5007 2022 5079 referamus

410 5073 592 5131 'uuius
629 5073 784 5148 illius
838 5073 1047 5148 natura:
1104 5076 1370 5148 unionem.
1404 5073 1511 5148 [ibi
1541 5073 1735 5148 nempe
1780 5073 2023 5147 explicat

436 5149 569 5203 illud
620 5147 853 5213 dictum,
897 5146 1053 5202 Joan.
1100 5161 1257 5213 xvm,
1292 5147 1382 5214 Ἡ,
1422 5142 1491 5200 Ut
1526 5148 1635 5201 sint
1672 5142 2020 5202 unum—sicut

431 5228 482 5270 ει
512 5234 606 5273 νιος
642 5235 801 5273 unum
834 5234 1037 5273 sumus.

507 5289 618 5358 (l3)
665 5289 827 5345 Ἀλλ’
862 5289 953 5359 ἀεὶ
1002 5284 1099 5359 ἦν.
1136 5286 1240 5343 Sed
1281 5303 1625 5359 sempercum
1674 5286 1835 5342 Patre
1859 5330 1873 5355 ,
1906 5297 2012 5344 etc.

435 5355 637 5414 Filium
668 5375 790 5417 esse
830 5361 884 5414 in
916 5355 1080 5414 Patre
1101 5355 1481 5415 concedebant
1508 5358 1721 5423 Ariani,
1757 5374 1822 5413 eo
1852 5360 2013 5414 modo

435 5444 546 5499 quo
578 5444 668 5499 res
704 5439 902 5487 creatre
945 5432 1000 5485 in
1034 5428 1145 5485 Deo
1180 5439 1309 5485 sunt
1359 5445 1372 5482 :
1414 5429 1667 5483 eumdem
1708 5444 1835 5484 vero
1892 5444 2015 5482 esse

435 5497 758 5570 etimgl’atre
789 5500 933 5556 idem
960 5509 1045 5570 est
1073 5516 1136 5554 ac
1167 5500 1455 5570 cumiipsgo
1497 5499 1842 5567 penitissime
1878 5513 2013 5570 con-

430 5568 609 5639 jungi.
639 5568 774 5626 Nam
800 5571 959 5641 juxta
994 5569 1251 5641 Basiliam
1298 5566 1373 5641 D_é
1400 5566 1543 5638 Spir.
1564 5580 1748 5623 sancto
1766 5582 1883 5641 cap.
1922 5568 2015 5641 25,

434 5650 495 5695 et
523 5648 673 5713 orat.
715 5642 770 5696 in
802 5638 997 5713 ‘princ.
1039 5639 1243 5710 Evang.
1316 5639 1483 5713 Joan.
1539 5638 2014 5713 prmpositio_puu,

429 5724 606 5784 eam,“
632 5705 907 5784 signiﬁcat
958 5705 1257 5784 συνάςεειξιν
1291 5754 1306 5777 ,
1334 5705 1803 5784 conjunctio'nent.
1858 5705 2015 5784 [inde

418 5776 760 5841 scholiast'es
792 5783 927 5851 Reg.
959 5782 1084 5837 eod.
1110 5776 1258 5838 9929
1284 5780 1350 5835 ad
1371 5776 1515 5836 hunc
1535 5780 1714 5834 locum
1739 5778 1815 5832 ait
1839 5793 1853 5830 :
1873 5779 2013 5849 Ὅρα

3061 4585 3158 4657 τὴν
3189 4587 3281 4657 ἐν,
3310 4586 3367 4641 αἳ
3390 4584 3454 4657 τὸ
3481 4583 3721 4657 ἄχρονον

2133 4658 2227 4713 τοῦ
2250 4654 2405 4730 Υῖοῦ,
2432 4660 2524 4712 καὶ
2553 4654 2933 4730 συνηνῳμένον
2959 4654 3233 4730 τῷΑΠατρὶ
3254 4654 3499 4730 δηλοῦσι,
3528 4654 3721 4730 καθὼς

2130 4728 2400 4802 ἔλλαμψᾼις
2431 4730 2648 4802 σύνεστι
2670 4724 2748 4802 τῷ
2772 4724 3063 4802 ὶρῳτὶκπαὶ
3089 4724 3411 4802 exceptare);
3437 4724 3714 4802 «poetam.

2136 4793 2403 4873 Ἐνταῦθα
2430 4793 2745 4873 παρώικῶζς
2790 4793 2903 4873 τὺνῆ
2929 4796 3089 4873 eam
3126 4793 3719 4873 ῥτήλιτεύωνὲλέγχει

2130 4871 2368 4954 Ἀρειον.
2414 4867 2647 4954 Observa
2678 4867 3080 4954 pr'tegositimtes
3120 4867 3277 4954 istas,
3329 4880 3479 4929 cum,
3519 4873 3592 4927 et,
3630 4868 3714 4927 in,

2124 4937 2308 5033 quibus
2385 4937 2688 5033 ostenditur
2731 4937 2933 5033 [gilium
2985 4945 3139 5033 extra
3201 4946 3401 5005 tempus
3440 4949 3769 5033 ἐπίεζέ,

2126 5005 2280 5065 Patri
2305 5011 2590 5081 coniungi;
2642 5008 2785 5063 haud
2823 5020 2971 5081 secus
3011 5016 3169 5081 atque
3212 5005 3511 5081 coruscatio
3544 5005 3717 5081 lucem
3752 5005 3766 5072 ξ

2122 5083 2411 5136 comitatur
2439 5123 2453 5146 ,
2494 5075 2544 5135 Et
2591 5096 2656 5135 ex
2699 5082 2817 5150 ipsa
2844 5079 2965 5150 sine
3016 5075 3413 5150 intercapedine
3451 5075 3713 5150 procedd.

2128 5151 2233 5206 Hic
2269 5144 2447 5207 autent
2492 5144 2728 5221 impium'
2754 5149 2944 5202 Arium
2958 5148 3150 5221 obiter
3174 5144 3522 5221 __traducendo
3556 5159 3713 5197 eoar.

2126 5222 2256 5292 guit.
2292 5216 2576 5292 Caeterum
2597 5220 2766 5276 Basil.
2798 5216 3027 5292 cap._2‘3
3059 5217 3136 5272 De
3165 5216 3371 5292 Spiritu
3399 5225 3588 5270 sancto
3622 5230 3721 5268 εσυ

2126 5288 2238 5347 tius
2265 5307 2389 5346 esse
2419 5292 2495 5346 ait
2524 5291 2747 5357 dicere,
2796 5288 3063 5357 Spiritum
3112 5289 3395 5350 συνεῖναι,
3447 5300 3555 5357 una
3602 5300 3725 5339 esse

2126 5376 2253 5433 cum
2288 5364 2453 5417 Patre
2488 5371 2551 5433 et
2591 5353 2973 5433 Filio,_quam
2997 5360 3200 5413 ἐνεῖναι
3225 5400 3239 5424 ,
3282 5360 3488 5433 iactae.
3526 5353 3724 5433 Ipsum

2125 5432 2329 5503 quippe
2362 5432 2591 5502 proprie
2616 5422 2787 5503 simul
2812 5422 3251 5503 'non‘essecum
3293 5426 3484 5495 justis,
3661 5424 3724 5502 in

2126 5491 2406 5570 eis'ésse',
2446 5491 2500 5557 in
2534 5500 2738 5571 quibus
2784 5499 3223 5571 sanctimoniam
3268 5491 3547 5571 operetur.
3579 5491 3727 5548 Tria

2126 5572 2363 5646 subinde
2378 5567 2675 5646 momenta
2724 5585 2789 5626 ex
2834 5570 3007 5646 variis
3056 5567 3315 5646 lfatribus
3360 5567 3725 5646 deprompta,

2162 5644 2475 5698 aucioribus
2505 5641 2729 5712 quidem
2756 5639 2961 5712 verbis,
2992 5639 3089 5695 sed
3124 5635 3528 5712 retententiori
3557 5635 3718 5707 stylo

2162 5656 2475 5698 aucrortbus
2505 5656 2729 5712 qmuem
2756 5656 2961 5706 vernis,
2992 5656 3089 5695 seu
3124 5656 3453 5693 velamenta

2119 5656 2318 5769 Noster
2355 5723 2513 5784 urget
2546 5719 2741 5768 contra
2772 5707 3009 5792 Arianos
3045 5718 3101 5767 et
3128 5710 3453 5793 Auommos.
