3962 6300
239 399 347 464 813

1338 373 1433 456 DE
1462 372 1638 456 FIDE
1675 374 2138 457 onrHODOXA
2168 375 2307 454 LIB,
2355 374 2408 456 '1.

3397 378 3501 453 sit

324 517 447 571 Ἐπὶ
480 516 579 585 μὲν
602 508 695 568 οὖν
716 491 810 566 τού
838 515 999 584 μόνου
1026 506 1291 579 ἀπαθοῦς,
1317 516 1412 569 καὶ
1435 514 1815 578 ἀναλλοιώτου,

1991 512 2358 579 Quamobrem
2409 512 2463 567 in
2514 510 2657 574 Deo,
2709 510 2804 582 qui
2861 511 3014 566 Solus
3064 524 3093 563 a
3146 510 3505 581 perpessioue

242 613 339 668 atat
373 611 645 681 ἀτρέπτου
669 647 684 669 ,
733 608 824 660 κατ
862 607 949 659 ἀεὶ
978 606 1241 671 ὡσαύτως
1271 606 1484 677 ἔχοντος
1515 604 1651 659 Θεοῦ
1678 646 1693 669 ,
1729 606 1825 659 καὶ

241 702 304 758 τδ
339 702 558 772 γεννᾷν,
594 700 687 753 καὶ
726 699 788 751 τὸ
833 699 1068 765 κτίζειν,
1116 698 1359 764 ἀπαθές·
1406 698 1565 768 φύσει
1608 699 1716 769 γὰρ
1748 698 1823 752 ὢν

243 792 462 865 ἀπαθὴς
493 792 584 846 καὶ
634 776 971 863 ἄῤῥευστος,
1008 788 1085 854 ὡς
1131 789 1339 869 ἁπλοῦς
1372 790 1466 846 καὶ
1505 789 1822 855 ἀσύνθετος,

242 887 303 941 ού
333 886 602 955 πέφυκεν,
637 881 932 955 ὑπομένειν
978 882 1171 949 πάθος,
1202 883 1237 954 ἢ
1269 882 1478 954 ῥεῦσιν,
1506 882 1629 937 οὔτε
1661 885 1719 937 ὲν
1745 882 1824 955 τῷ

242 979 460 1049 γεννᾷν,
514 977 642 1031 οὒτε
689 978 749 1030 ὲν
781 975 861 1047 τῷ
914 975 1143 1052 κτίζειν,
1177 975 1299 1029 ούδέ
1335 992 1484 1041 τινος
1531 976 1823 1048 συνεργίας

241 1072 454 1124 δεῖται·
507 1069 626 1125 ἀλλ’
670 1070 703 1141 ἡ
759 1068 859 1142 μὲν
908 1069 1166 1138 γέννησις
1213 1069 1448 1141 ἄναρχος
1497 1070 1592 1124 καὶ
1629 1070 1820 1136 ἀΐδιος,

244 1162 462 1233 φύσεως
489 1160 652 1234 ἔργον
694 1157 852 1227 οὖσα,
893 1162 989 1217 καὶ
1033 1164 1097 1217 ἐκ
1137 1163 1238 1234 τῆς
1265 1163 1456 1227 οὐσίας
1487 1162 1654 1217 αὐτοῦ
1686 1180 1823 1234 προ-

243 1256 475 1323 ἄγουσα,
513 1255 603 1309 ἵνα
644 1252 854 1325 τροπὴν
882 1255 910 1309 ὁ
932 1252 1140 1323 γεννῶν
1175 1253 1249 1325 μὴ
1279 1254 1570 1327 ὑπομείνῃ,
1610 1256 1704 1310 καὶ
1735 1256 1824 1310 ἵνα

246 1334 472 1417 μὴΘεδς
504 1347 739 1419 πρῶτος,
776 1347 873 1402 καὶ
900 1345 1033 1410 Θεδς
1064 1346 1289 1419 ὕστερος
1325 1348 1433 1417 εἴη.
1464 1349 1554 1401 καὶ
1583 1345 1825 1421 προσθή-

243 1456 348 1510 κην
378 1424 617 1509 δέξηται.
662 1439 727 1493 Ἦ
759 1439 817 1493 δὲ
862 1438 1041 1504 κτίσις
1077 1439 1172 1493 ἐπὶ
1209 1439 1343 1493 Θεοῦ
1367 1440 1502 1510 (id),
1550 1440 1824 1510 θελήσεως

243 1530 405 1600 ἔργον
434 1527 598 1597 οὖσα,
628 1532 689 1585 οὐ
730 1532 1002 1596 συναϊδιός
1050 1533 1169 1586 ἐστι
1213 1531 1294 1603 τῷ
1326 1531 1467 1604 Θεῷ.
1514 1532 1735 1604 Ἐπειδὴ
1760 1532 1821 1586 ού

242 1623 457 1692 πέφυκε
498 1624 559 1677 τὸ
589 1624 654 1677 ὲκ
674 1624 769 1677 τοῦ
814 1624 888 1695 μὴ
922 1623 1077 1688 ὖντος
1110 1626 1192 1688 εἰς
1220 1625 1282 1679 τὸ
1325 1620 1467 1680 εἶναι
1506 1627 1824 1701 παραγόμε-

240 1731 333 1767 νον
363 1715 632 1767 συναῖδιον
666 1709 804 1769 εἶναι
836 1716 913 1786 τῷ
945 1716 1167 1786 ἀνάρχῳ
1200 1715 1295 1770 καὶ
1326 1715 1409 1769 ἀεὶ
1448 1715 1583 1771 ὄντι.
1610 1716 1823 1789 Ὥσπερ

240 1801 334 1858 οὖν
357 1805 387 1845 δ
420 1806 518 1876 οὐχ
550 1805 752 1876 ὁμοίως
793 1807 941 1861 ποιεῖ
979 1800 1268 1878 ἄνθρωπος
1306 1808 1401 1861 καὶ
1441 1808 1609 1872 Θεός·
1664 1810 1692 1862 ὁ
1724 1810 1824 1879 μὲν

240 1895 352 1966 γὰρ
375 1895 662 1967 ἄνθρωπος
690 1884 843 1949 οὐδὲν
874 1898 938 1950 ἐκ
976 1896 1068 1951 τοῦ
1109 1898 1184 1970 μὴ
1234 1898 1385 1964 ὄντος
1424 1901 1505 1965 εἰς
1538 1900 1644 1973 [τὸ]
1675 1898 1818 1956 εἶναι

241 1985 504 2054 παράγει,
556 1985 672 2039 ἀλλ’
720 1987 859 2058 ὅπερ
891 1990 1035 2041 ποιεῖ
1080 1991 1145 2043 ὲκ
1178 1992 1657 2064 προϋποκειμένης
1692 1991 1825 2063 ὕλης

241 2081 419 2144 ποιεῖ,
468 2078 529 2131 ού
564 2077 798 2149 θελήσας
848 2082 1042 2151 μόνον,
1078 2080 1214 2135 ἀλλὰ
1260 2083 1354 2137 καὶ⁹
1397 2085 1822 2155 προεπινοήσας,

239 2170 336 2219 καὶ
365 2170 424 2221 ἐν
460 2167 538 2239 τῷ
565 2168 641 2240 νῷ
666 2168 1026 2234 ἁνατυπὼσας
1053 2172 1114 2224 τὸ
1144 2174 1506 2243 γενησόμενον
1528 2219 1543 2241 ,
1574 2172 1691 2230 εἶτα
1729 2177 1825 2229 καὶ

239 2259 432 2329 χερσὶν
461 2258 870 2329 ἐργασάμενος,
907 2261 1003 2314 καὶ
1035 2262 1203 2314 κόπον
1253 2263 1554 2333 ὑπομείνας
1588 2268 1683 2319 καὶ
1722 2268 1824 2322 κά-

242 2368 439 2421 ματον,
479 2351 743 2416 πολλάκις
785 2352 843 2407 δὲ
881 2353 974 2407 καὶ
1009 2355 1343 2425 ἁστοχήσας,
1376 2357 1451 2427 μὴ
1484 2358 1818 2425 ἀποϐάντος,

240 2430 386 2496 καθὰ
418 2441 693 2513 βούλεται,
735 2444 828 2498 τοῦ
858 2444 1321 2518 ἐπιτηδεύματος·
1351 2450 1380 2503 ὁ
1415 2449 1471 2503 δὲ
1497 2450 1629 2515 Θεὸς
1659 2451 1823 2523 θελήυ

242 2536 345 2597 σας
374 2537 553 2605 μόνον,
588 2537 652 2589 ἐκ
682 2537 776 2590 τοῦ
811 2535 885 2609 μὴ
919 2537 1072 2603 ὄντος
1105 2541 1185 2603 εἰς
1211 2540 1271 2595 τὸ
1303 2537 1444 2595 εἶναι
1472 2544 1651 2598 πάντα
1682 2562 1822 2618 παρ-

240 2622 471 2711 ἢγαγεν.
506 2623 692 2688 Οὕτως
721 2625 841 2678 οὐδὲ
885 2627 1087 2697 ὁμοίως
1125 2631 1291 2701 γεννᾷ
1326 2629 1459 2694 Θεὸς
1488 2633 1585 2685 καὶ
1611 2633 1822 2706 ἄνθρω-

242 2718 360 2777 πος.
407 2716 471 2767 '0
507 2714 607 2785 μὲν
647 2714 757 2788 γὰρ
786 2712 951 2781 Θεὸς,
996 2718 1227 2791 ἄχρονος
1270 2719 1346 2775 ὢν
1371 2763 1386 2789 ,
1430 2725 1523 2778 καὶ
1563 2724 1817 2798 ἄναρχος,

240 2804 340 2859 καὶ
393 2805 613 2878 ἀπαθὴς
640 2849 654 2873 ,
698 2808 794 2862 καὶ
842 2809 1175 2881 ἄρῤευστος,
1211 2813 1307 2866 καὶ
1351 2815 1683 2887 ἀσώματος,
1726 2821 1820 2874 καὶ

243 2896 425 2966 μόνος,
450 2899 543 2952 καὶ
578 2897 958 2969 ἁτελεύτητος,
994 2903 1265 2976 ἀχρόνως,
1305 2908 1400 2961 κοιλ⁸
1424 2908 1697 2981 ἀνάρχως,
1723 2912 1821 2966 καὶ

240 2987 491 3057 ἀπαθῶς,
546 2990 640 3044 καὶ
690 2990 1010 3061 ἀρρεύστως
1066 2998 1270 3068 γεννᾷ,
1330 2999 1425 3053 καὶ
1476 3000 1635 3064 ἐκτὸς
1686 3021 1819 3057 συν-

239 3074 486 3149 δυασμοῦ
510 3078 623 3150 (15)
651 3097 667 3113 ⁵
698 3080 794 3133 καὶ
826 3080 949 3134 οὔτε
1002 3082 1177 3155 ἀρχὴν
1221 3084 1335 3156 ἔχει
1363 3087 1396 3157 ἡ
1430 3087 1816 3161 ἀκατάληπτος

1927 604 2101 667 omni,
2130 604 2457 659 alteratione
2495 619 2559 660 ac
2605 604 2911 659 mutatione
2938 600 3077 657 liber
3106 608 3210 666 est,
3262 616 3506 673 semper-

1926 702 2036 763 que
2084 693 2277 748 eodem
2313 692 2479 749 modo
2521 700 2580 749 Se
2608 693 2814 761 habet,
2863 700 2979 747 tum
3024 693 3338 764 generatio,
3388 698 3504 749 tum

1926 783 2139 841 erea'tio
2161 826 2175 853 ,
2204 785 2482 857 passionis
2508 788 2711 857 expers
2742 794 2827 843 est
2851 778 2917 842 ".
2947 782 3082 841 Nam
3114 800 3238 842 cum
3276 788 3376 843 nec
3406 801 3503 858 pa-

1926 876 2139 945 tibilis,
2195 894 2298 933 nec
2340 877 2501 934 ﬂuxae
2566 876 2781 935 naturae
2835 880 2948 946 sit;
3010 881 3216 952 quippe
3274 883 3505 953 simplex

1924 970 2031 1032 est,
2091 982 2193 1024 nec
2254 969 2602 1041 compositus
2663 987 2678 1025 ι
2732 979 2884 1026 certe
2918 984 3021 1026 nec
3059 976 3371 1041 passionem
3405 988 3507 1031 nec

1926 1059 2168 1125 lluxum,
2201 1059 2285 1115 vel
2312 1060 2368 1115 in
2415 1061 2768 1131 generando,
2815 1061 2900 1115 vel
2944 1062 3001 1117 in
3048 1062 3287 1119 creando
3320 1067 3508 1122 subire

1924 1158 2133 1223 potest,
2187 1158 2291 1207 nec
2357 1154 2686 1224 cujusquam
2767 1166 2926 1223 Opem
2997 1162 3162 1225 atque
3222 1155 3512 1225 adjumen-

1924 1252 2041 1298 tum
2080 1242 2383 1300 deSiderat.
2434 1246 2503 1301 At
2549 1247 2833 1315 generatio
2875 1245 3097 1316 quidem
3144 1246 3365 1302 initium
3398 1263 3507 1303 non

1926 1333 2094 1391 habet
2155 1336 2598 1407 sempiternaque
2655 1346 2773 1403 est,
2838 1347 2898 1393 ut
2968 1352 3093 1408 quae
3168 1349 3378 1395 naturae
3436 1341 3510 1395 sit

1925 1441 2065 1495 opus
2086 1466 2100 1490 ,
2126 1428 2303 1498 eatque
2328 1428 2504 1500 ipsius
2532 1430 2847 1485 substantia
2878 1430 3114 1501 prodeat
3141 1449 3158 1500 ;
3190 1446 3260 1487 ne
3296 1433 3503 1503 alioqui

1924 1518 2014 1576 ille
2044 1519 2138 1590 qui
2174 1519 2382 1592 gignit,
2437 1521 2802 1577 mutationem
2853 1523 3085 1591 subeat,
3128 1539 3195 1580 ac
3243 1534 3510 1595 prieterea

1925 1625 1995 1665 ne
2022 1610 2167 1667 Deus
2197 1614 2352 1682 prior
2382 1613 2455 1667 sit
2476 1653 2492 1678 ,
2525 1612 2784 1684 Deusque
2822 1618 3120 1685 posterior,
3155 1632 3289 1673 neve
3318 1633 3509 1673 acces-

1926 1702 2142 1759 si'ouem
2178 1704 2456 1773 recipiat:
2513 1706 2723 1761 creatio
2766 1716 2949 1761 autem
2992 1708 3047 1762 in
3102 1700 3245 1775 Deo,
3274 1725 3397 1764 cum
3436 1708 3511 1767 sit

1928 1795 2232 1850 voluntatis
2267 1810 2407 1865 Opus
2433 1835 2448 1860 ,
2482 1795 2593 1851 Deo
2631 1796 2885 1867 profecto
2914 1808 3190 1856 coaeterna
3242 1817 3348 1856 non
3399 1813 3507 1860 est.

1857 1860 1901 1917 Β
1927 1883 2081 1940 Haud
2116 1886 2261 1941 enim
2304 1860 2513 1940 natura
2557 1860 2936 1957 comparatum
2984 1898 3098 1954 est,
3138 1898 3197 1944 ut
3239 1892 3386 1961 quod
3440 1909 3511 1948 ex

1927 1976 2103 2033 nihilo
2128 1977 2476 2047 producitur,
2517 1976 2675 2051 134.
2704 1981 2947 2036 eamdem
2977 1996 3102 2037 cum
3135 2000 3199 2037 eo
3229 1986 3373 2054 quod
3406 1987 3512 2040 ini-

1926 2074 2007 2126 tio
2040 2078 2228 2136 caret,
2272 2078 2326 2126 et
2373 2072 2774 2141 sempiternum
2826 2082 2952 2138 est,
2996 2077 3363 2132 aeternitatem
3416 2087 3512 2133 aut

1924 2163 2356 2232 perpetuitatem
2394 2162 2618 2219 habeat.
2674 2162 3162 2230 Quemadmodum
3204 2169 3371 2238 igitur
3408 2169 3510 2225 bo-

1925 2254 2091 2310 minis
2118 2263 2173 2310 et
2204 2253 2301 2310 Dei
2335 2270 2445 2311 non
2476 2255 2665 2312 eadem
2695 2268 2781 2313 est
2827 2252 3098 2315 efﬁciendi
3144 2260 3327 2329 ratio;
3379 2264 3509 2333 quia

1926 2343 2094 2397 homo
2128 2344 2265 2398 nihil
2294 2358 2359 2399 ex
2391 2345 2565 2401 nihilo
2597 2347 2857 2417 producit
2886 2348 2931 2380 ⁸⁸
2962 2365 2977 2413 ;
3020 2350 3116 2405 sed
3157 2354 3301 2421 quod
3346 2344 3510 2410 edicit

1924 2444 1991 2492 ex
2021 2437 2434 2506 praeeXsistente
2491 2447 2544 2493 et
2575 2439 2826 2508 subjecta
2861 2442 3092 2495 materia
3124 2441 3253 2497 facit
3286 2444 3327 2476 ⁶¹
3358 2465 3371 2513 ;
3405 2458 3509 2502 nec

1924 2528 2264 2585 voluntatem
2298 2530 2571 2585 duntaxat
2605 2531 2828 2586 adhibet
2854 2571 2869 2595 .
2901 2533 2995 2588 sed
3030 2534 3383 2609 prius\etiam
3416 2552 3510 2592 eo-

1924 2621 2061 2691 gitat
2084 2662 2098 2685 ,
2134 2619 2383 2690 illudque
2410 2623 2559 2693 quod
2595 2621 2846 2679 facturus
2875 2630 2999 2691 est,
3036 2625 3223 2682 animo
3260 2627 3504 2699 eliingit,

1924 2727 1991 2766 ac
2018 2714 2247 2783 posthac
2277 2726 2537 2769 manuum
2569 2731 2792 2786 quoque
2820 2716 3006 2772 addita
3033 2732 3199 2789 opera
3220 2758 3235 2784 ,
3261 2718 3504 2777 laborem

1923 2812 1978 2860 et
2008 2806 2316 2861 molestiam
2349 2808 2589 2862 sustinet
2619 2807 2663 2840 ⁶²
2690 2822 2705 2862 :
2737 2814 2840 2864 nec
2875 2812 3005 2865 raro
3040 2810 3209 2867 etiam
3256 2826 3355 2883 spe
3405 2818 3505 2870 sua

1923 2894 2153 2962 labitur,
2181 2904 2242 2952 ut
2272 2897 2361 2952 cui
2386 2896 2734 2967 propositum
2759 2913 2824 2953 ex
2855 2898 3026 2953 animi
3065 2900 3353 2955 voluntate
3392 2916 3503 2957 non

1923 2984 2189 3042 succedat
2214 3005 2226 3040 ε
2261 2984 2405 3043 Deus
2432 2996 2614 3042 autem
2648 2986 2764 3042 sola
2794 2987 3079 3043 voltintate
3109 2988 3291 3045 Omnia
3321 3004 3391 3045 ex
3420 2992 3506 3046 ul-
3594 3050 3599 3055 ,

1922 3079 2038 3135 hilo
2069 3087 2126 3134 ut
2161 3086 2348 3135 essent
2381 3078 2680 3150 produxit:
2716 3078 2791 3134 ita
2829 3095 2929 3136 nec
2973 3082 3166 3137 eodem
3220 3084 3386 3139 modo
3422 3085 3504 3154 gi-

238 3168 409 3223 αὐτοῦ
437 3172 723 3241 γέννησις,
771 3172 892 3227 οὐδὲ
931 3174 1103 3239 τέλος.
1151 3177 1263 3229 Καὶ
1305 3176 1565 3249 ἄνάρχως
1602 3181 1703 3251 μὲν
1732 3183 1821 3241 διὰ

1930 3180 2105 3243 gnunt
2135 3169 2282 3226 Deus
2310 3175 2365 3226 et
2392 3169 2576 3226 homo.
2614 3168 2759 3226 Deus
2800 3172 2978 3235 enim,
3026 3180 3085 3226 ut
3131 3171 3224 3243 qui
3272 3171 3504 3244 tempori

238 3261 305 3313 τὸ
327 3260 597 3331 ἄτρεπτον
622 3278 637 3293 ο
668 3263 987 3335 ὰρῤεύστως
1014 3265 1073 3319 δὲ
1104 3264 1192 3320 διὰ
1220 3267 1282 3319 τὸ
1312 3267 1521 3333 ἀπαθὲς
1554 3272 1648 3324 καὶ
1679 3274 1824 3329 ἀσὼ.

242 3356 419 3419 ματον
449 3369 462 3383 ·
492 3354 649 3418 ὲκτδς
676 3355 1018 3426 συνδυασμοῦ
1036 3399 1051 3423 ,
1080 3356 1167 3411 διά
1204 3376 1264 3411 τε
1302 3359 1364 3412 τὸ
1392 3360 1685 3432 ἀσώματον
1715 3369 1821 3424 πά-

238 3444 363 3510 λιν,
412 3447 508 3498 καὶ
549 3446 645 3501 ἕνα
694 3448 852 3519 μόνον
899 3446 1041 3504 εἶναι
1093 3449 1227 3504 Θεὸν
1270 3450 1546 3525 ἀπροσδεῆ
1583 3456 1774 3529 ἐτέρου
1802 3477 1816 3491 ·

239 3536 617 3609 ἀτελευτήτως
636 3539 713 3607 δὲ,
740 3542 834 3595 καὶ
866 3541 1329 3609 ἀκαταπαύστως,
1359 3543 1448 3597 διά
1476 3563 1534 3599 τε
1563 3547 1624 3600 τὸ
1652 3549 1821 3622 ἄναρ-

239 3646 360 3699 χον,
388 3632 481 3684 καὶ
510 3630 761 3702 ἄχρονον,
790 3635 886 3689 καὶ
909 3634 1289 3705 ἀτελεύτητον,
1324 3638 1418 3689 καὶ
1446 3637 1536 3691 ἀεὶ
1557 3637 1821 3705 ὡσαύτως

240 3724 428 3793 ἔχειν·
474 3724 535 3778 τὸ
599 3727 710 3798 γὰρ
751 3728 1018 3801 ἄναρχον,
1072 3729 1426 3801 ἀτελεύτητον
1455 3747 1468 3761 ·
1514 3731 1574 3785 τὸ
1622 3732 1679 3785 δὲ
1721 3735 1821 3805 χά-

243 3834 356 3887 ριτι
415 3817 805 3889 ἀτελεύτητον,
857 3821 918 3873 οὐ
963 3821 1181 3885 πάντως
1229 3822 1465 3893 ἄναρχον
1491 3861 1507 3889 ,
1549 3821 1741 3897 ὥσπερ
1772 3824 1823 3880 οἱ

241 3907 487 3976 ἄγγελοι.

1935 3278 2042 3319 non
2090 3263 2311 3330 subsit,
2360 3270 2413 3319 et
2465 3262 2780 3335 principio,
2834 3263 3093 3334 passione
3152 3280 3218 3321 ac
3266 3262 3508 3322 ﬂuxioh’e

1929 3358 2077 3413 omni
2112 3366 2306 3422 vacet,
2339 3357 2522 3428 sitque
2553 3357 2953 3427 incorporeus,
2994 3372 3057 3413 ac
3100 3358 3255 3413 solus
3306 3359 3374 3415 ab
3419 3361 3507 3414 in-

1929 3451 2089 3505 teritu
2130 3450 2270 3505 libcr
2299 3449 2385 3516 ⁶³;
2417 3450 2492 3504 ita
2523 3449 2665 3503 citra
2698 3457 2917 3518 tempus
2953 3455 3209 3519 Quoque,
3254 3458 3309 3503 et
3350 3451 3503 3520 priu-

1925 3543 2129 3613 cipium
2154 3581 2169 3607 ,
2196 3550 2250 3596 et
2277 3542 2591 3612 passionem
2616 3579 2632 3605 ,
2653 3550 2709 3596 et
2739 3539 2947 3595 ﬂuxum
2968 3580 2985 3607 ,
3005 3549 3060 3596 et
3086 3540 3209 3596 sine
3234 3541 3347 3595 ullo
3374 3555 3507 3597 con-

1918 3652 2113 3706 gressu
2166 3636 2374 3707 gignit,
2428 3646 2494 3688 ac
2542 3643 2645 3687 nec
2695 3632 2938 3696 initium,
2998 3645 3099 3685 nec
3140 3632 3300 3686 linem
3342 3630 3509 3688 habet

1920 3726 2503 3797 incomprehensibilis
2554 3725 2733 3795 ipsius
2786 3723 3091 3794 generatio.
3143 3723 3311 3792 Atqui
3366 3724 3506 3778 citra

1920 3831 2137 3890 tempus
2171 3818 2395 3890 quidem
2432 3816 2644 3871 idcirco
2672 3815 2882 3886 gignit,
2917 3815 3048 3885 quia
3084 3814 3154 3870 ab
3196 3813 3349 3870 omni
3381 3828 3507 3870 mu-‘

1921 3915 2135 3969 tatione
2179 3912 2394 3967 alienus
2435 3917 2560 3965 est:
2594 3908 2735 3963 citra
2778 3907 3076 3962 ﬂuxionem
3121 3916 3341 3972 autem,
3377 3906 3505 3977 quia

240 4000 568 4069 impatibilis
595 4008 647 4058 et
680 4003 1039 4073 incorporeus
1064 4021 1077 4058 :
1107 4004 1247 4059 citra
1278 4014 1632 4075 congressum
1659 4020 1811 4073 vero,
1850 4015 1965 4062 tum
2002 4018 2199 4061 rursus
2229 4002 2357 4074 quia
2394 4002 2791 4072 incorporeus,
2822 4010 2937 4054 tum
2972 3998 3103 4069 quia
3164 4014 3308 4054 unus
3378 4006 3507 4052 tan-

240 4094 359 4146 tum
397 4102 484 4148 est
523 4093 694 4160 Deus,

778 4096 1007 4152 alterius
1051 4102 1215 4167 opera
1264 4097 1490 4153 m‘inime
1534 4096 1784 4170 indigens
1842 4117 1857 4153 :

1926 4097 2064 4154 citra
2094 4097 2254 4152 linem
2313 4094 2585 4164 denique,
2625 4103 2679 4149 et
2722 4100 2787 4148 ut
2831 4102 3109 4162 nunquam
3153 4106 3184 4146 a
3235 4090 3508 4164 gignendo

240 4190 528 4260 quiescat,
562 4190 707 4260 quod
743 4192 881 4246 initii
905 4233 920 4259 ,
952 4202 1005 4248 et
1039 4194 1302 4263 temporis
1323 4238 1337 4259 ,
1369 4205 1421 4249 et
1483 4192 1609 4248 ﬂuis
1642 4207 1840 4267 expers
1871 4195 1971 4255 sit,
2010 4204 2335 4263 semperque
2362 4189 2552 4247 eodem
2585 4188 2748 4243 modo
2781 4200 2840 4243 se
2871 4186 3092 4241 habeat.
3161 4184 3297 4241 Nam
3361 4185 3509 4256 quod

239 4281 513 4351 principio
544 4290 728 4350 caret,
760 4298 863 4340 nec
895 4284 1056 4339 linem
1115 4299 1352 4355 unquam
1408 4283 1726 4340 habiturum
1753 4298 1856 4342 est.
1894 4284 2048 4352 Quod
2084 4291 2267 4338 autem
2302 4281 2396 4337 Dei
2432 4288 2661 4336 munere
2689 4285 2855 4349 atque
2883 4276 3055 4347 gratia
3110 4278 3229 4331 sine
3290 4276 3396 4332 llne
3425 4288 3509 4335 est

240 4385 306 4428 ac
334 4373 663 4440 immortale,
693 4372 798 4429 hoc
824 4389 1054 4444 prorsus
1082 4374 1357 4444 principio
1386 4388 1496 4430 non
1522 4382 1693 4431 caret.
1726 4374 1785 4431 Id
1822 4376 1971 4447 quod
2004 4391 2071 4431 ex
2102 4372 2317 4445 angelis
2347 4369 2588 4443 perspici
2618 4369 2796 4441 possit
2822 4366 2891 4423 “.

309 4535 357 4626 ξ’
387 4551 721 4626 GregLNaz.
754 4566 893 4612 orat.
927 4554 1069 4613 29et
1096 4557 1187 4613 35.
1263 4557 1308 4590 ‘°
1339 4559 1419 4613 id.
1452 4566 1594 4615 orat.
1624 4558 1715 4612 29.
1792 4558 1833 4589 ⁶¹
1868 4552 2063 4626 (ἶδνιτῑιιἈ
2091 4552 2246 4626 Thes.
2283 4561 2462 4607 assert
2486 4554 2526 4626 ,7
2549 4561 2603 4605 et
2643 4552 2730 4608 18.
2807 4549 2851 4582 ⁶¹
2881 4544 3045 4624 Greg.
3076 4548 3207 4607 Naz.
3246 4556 3386 4606 orat.
3413 4546 3504 4602 29.

238 4616 285 4655 ⁸³
304 4616 528 4695 (Ξγι-ῙΙΙῘ
552 4625 706 4681 Thes.
749 4635 950 4683 assert.
982 4628 1035 4694 5,
1062 4628 1094 4683 6
1114 4637 1168 4686 et
1204 4628 1307 4696 l6;
1349 4628 1514 4701 Greg.
1566 4638 1711 4685 orat.
1736 4626 1826 4683 '55.
1904 4616 1949 4656 ⁵⁸
1980 4622 2145 4689 infra,
2180 4624 2276 4678 lib.
2314 4636 2377 4690 ιι,
2403 4637 2453 4678 c.
2484 4624 2538 4678 3.

1554 4766 1785 4823 νΑιιιΑῑ
1826 4765 2235 4823 LECTIONES.

334 4860 361 4899 ι)
396 4859 535 4914 Cod.
599 4855 656 4915 Β.
718 4859 824 4916 Hil.
853 4861 1053 4916 τοίνυν.

1754 4951 1994 5008 ΝΟΤᾸΕ.

308 5049 427 5121 (Η)
475 5047 548 5121 Ἦ
594 5049 667 5121 δὲ
701 5050 901 5115 κτίσις
948 5048 1047 5121 ἐπὶ
1088 5049 1267 5121 Θερῦἒ
1284 5049 1496 5121 Creatio
1522 5057 1707 5121 autem
1760 5048 1814 5121 in
1845 5052 1891 5109 D

239 5118 367 5175 Deo.
403 5118 766 5183 Athanasius,
817 5127 958 5174 orat.
993 5118 1029 5172 2
1067 5126 1121 5175 et
1154 5118 1187 5171 5
1228 5118 1383 5174 Cant.
1435 5119 1624 5173 Arion.
1659 5118 1816 5173 Basi-

236 5193 368 5253 lius,
406 5189 506 5245 lib.
551 5206 603 5244 IV
643 5186 797 5244 Cant.
839 5187 1071 5245 Eunom.
1130 5188 1529 5253 Nazianzenus,
1564 5198 1704 5244 orat.
1748 5187 1819 5243 29

233 5273 289 5313 et
320 5260 429 5325 55;
467 5258 730 5331 Cyrillus,
771 5254 924 5316 Thes.
946 5269 1146 5316 assert.
1176 5261 1231 5325 ὅ,
1260 5260 1486 5330 aliique,
1514 5259 1819 5314 discrimen

237 5346 339 5384 noc
372 5330 788 5400 generationem
840 5331 983 5386 inter
1014 5339 1072 5385 et
1103 5330 1439 5385 creationem
1485 5337 1815 5400 agnoscunt,

233 5408 296 5453 ut
333 5399 622 5471 generatio
655 5402 727 5456 sit
760 5414 789 5452 a
813 5408 1037 5463 natura,
1066 5414 1209 5471 quae,
1242 5400 1374 5455 dum
1406 5399 1537 5471 ejus
1572 5399 1819 5471 fecundi-

237 5477 408 5523 tatem
462 5470 596 5525 nihil
644 5478 929 5533 moratur,
982 5470 1235 5527 coaevum
1298 5471 1403 5527 sibi
1460 5470 1626 5524 fetum
1668 5470 1815 5535 edat,

234 5539 385 5593 haud
418 5553 581 5611 secus
614 5554 680 5611 ac
734 5542 816 5595 sol
856 5540 1024 5596 simul
1054 5546 1220 5611 atque
1251 5539 1429 5595 factus
1478 5539 1600 5611 fuit,
1632 5540 1816 5594 lumen

228 5624 397 5682 exse
433 5608 685 5678 proludit
715 5629 728 5665 :
758 5612 841 5665 sin
882 5608 1171 5682 generatio
1202 5613 1486 5682 voluntate
1526 5608 1641 5682 ﬂeri
1684 5624 1820 5663 con-

227 5679 501 5743 cedatur,
542 5679 904 5735 voluntatem’
929 5682 1069 5735 hanc
1110 5679 1429 5751 σύνδρομον,
1477 5681 1819 5751 comitantem

227 5762 384 5809 esse,
419 5764 528 5803 non
557 5752 920 5816 anteriorem;
954 5766 985 5806 e
1012 5761 1203 5807 contra
1227 5750 1564 5807 voluntatem
1595 5750 1819 5808 creandi

230 5819 577 5875 creationem
622 5820 953 5891 praecedere.

1991 5048 2104 5117 (15)
2146 5046 2529 5117 i‘Apﬁeéa'twc
2575 5046 2761 5115 γεννᾷ
2785 5084 2801 5111 ,
2830 5044 2956 5117 _a_¢al
3010 5042 3185 5110 ἐκτὸς
3241 5042 3509 5117 συνδυα-

1918 5104 2099 5188 σιὶοῦί
2127 5104 2285 5188 Citii},
2321 5104 2642 5188 [tusi-0am,
2680 5104 2907 5188 etch~
2942 5128 3085 5186 saepe
3126 5104 3352 5188 repetit,
3391 5120 3507 5167 tum

1921 5180 2214 5257 adversum
2248 5180 2545 5242 Gnosticos
2570 5228 2585 5253 ,
2630 5180 2735 5257 qui
2784 5180 3034 5241 Verbum
3069 5187 3135 5239 ad
3170 5180 3348 5257 i_nstar
3381 5198 3512 5253 pro-

1917 5256 2075 5314 ηυνῑί
2111 5270 2425 5321 emanasse,
2460 5252 2626 5325 atque
2658 5252 2751 5312 'ex
2806 5269 3107 5325 congressu
3146 5252 3345 5325 ligonis
3386 5252 3509 5307 ma-

1918 5330 2058 5385 sculi
2112 5342 2236 5384 cum
2288 5325 2465 5381 [Eone
2526 5323 2732 5396 femina
2789 5323 3507 5396 prognatumdlngehant:

1919 5409 2036 5454 tum
2074 5399 2235 5453 etiam
2271 5405 2332 5464 ut
2360 5398 2598 5455 Arianos
2646 5391 3010 5464 refutetfqui
3054 5391 3396 5464 catholicam
3442 5391 3511 5446 de

1925 5468 2275 5543 generatione
2309 5454 2471 5522 Verbi
2526 5454 2715 5543 tidem,
2753 5466 2830 5543 ad
2861 5454 3308 5543 Valentinianum
3356 5461 3510 5543 βηθ-

1931 5531 2247 5607 ἓιίειιιιιᾳυε
2276 5550 2497 5593 sensum
2546 5536 2967 5607 detorquebant.
3001 5531 3113 5607 Hoc
3153 5533 3322 5607 Arius
3354 5532 3507 5587 insu-

1929 5616 2115 5666 surrat
2148 5604 2379 5677 epistola
2427 5608 2493 5660 ad
2554 5605 2925 5677 Alexandrum
2975 5604 3291 5677 μετα-ραν..
3339 5614 3507 5677 quam

1931 5670 2271 5735 Athanasius
2308 5678 2502 5730 recitat
2550 5678 2645 5731 lib.
2699 5670 2775 5729 De
2820 5674 3076 5747 synodjs;
3106 5670 3506 5747 _Epipl_tanius,

1934 5751 2067 5802 lner.
2111 5747 2221 5811 69;
2269 5747 2530 5814 Hilarius,
2568 5747 2661 5803 lib.
2700 5761 2760 5804 tu
2803 5741 2869 5804 etv
2894 5762 2924 5799 v
2970 5742 3047 5800 De
3104 5741 3256 5800 Trin.
3290 5742 3510 5813 Legesis

1932 5818 2192 5874 Nazianz.
2225 5829 2368 5875 orat.
2399 5817 2489 5884 55,
2521 5832 2575 5889 p.
2607 5816 2732 5874 567.
