3962 6300
312 359 419 427 81⁵7

1421 378 1522 438 DE
1543 381 1719 441 FIDE
1758 383 2219 447 ORTHODOXA
2261 384 2483 449 LIB.'I.

3470 388 3572 452 818

313 478 410 533 καὶ
435 477 616 534 πάντα
651 479 755 535 ὅσα
793 481 907 553 ἔχει
932 486 960 537 ό
994 486 1206 559 Πατὴρ,
1237 490 1405 544 αὐτοῦ
1436 494 1564 559 εἰσι,
1611 495 1753 566 πλὴν
1793 497 1888 568 τῆς

2002 501 2367 570 generationis
2410 499 2606 566 modo,
2639 500 2733 557 sed
2768 500 3157 572 processionis.
3196 501 3351 555 Alius
3391 509 3571 554 autem

312 572 644 640 ἀγεννησίας
668 574 803 642 (l7),
842 576 965 646 ἥτις
999 580 1061 632 οὐ
1108 581 1366 651 σημαίνει
1393 585 1580 650 οὐσίας
1603 587 1892 659 διαφορὰν,

1993 600 2079 647 est
2109 591 2195 645 hic
2230 592 2567 646 ex~istentiae
2598 593 2794 647 modus
2824 591 3051 661 perinde
3085 590 3575 659 ineomprehensns

311 660 436 753 οὐδὲ
466 662 694 753 ,ἀξίωμα
724 665 857 736 (18),
907 668 1046 721 ἀλλὰ
1092 672 1291 741 τρόπον
1341 675 1666 742 ὑπάρξεως⁹
1707 678 1888 751 ὥσπερ

2002 694 2050 739 et
2083 685 2304 751 ignotus
2328 724 2342 747 ,
2374 660 2837 753 quemadmodum
2867 693 2922 737 et
2951 682 3075 735 Filii
3105 681 3407 752 generatio.
3433 679 3575 744 ριιο.

313 750 481 845 {cui}
517 752 688 822 ’Δδὰμ
740 755 1037 827 ἀγέννητος
1065 758 1170 813 ὤν’
1228 761 1457 833 πλάσμα
1488 765 1597 837 γάρ
1640 768 1754 821 ἐστι
1802 750 1888 821 τοῦ

2002 776 2146 830 circa
2175 776 2361 845 omnia
2388 791 2510 845 quae
2541 774 2704 829 Pater
2739 775 2929 838 habet,
2974 773 3097 827 Filii
3127 782 3292 837 sunt,
3327 772 3432 825 hoc
3463 785 3573 823 uno

311 840 451 893 Θεοῦ
473 859 487 873 ·
534 844 631 896 καὶ
663 847 691 899 ὁ
721 846 828 917 Σὴθ
859 851 1120 920 γεννητός
1146 865 1162 881 ⁶
1199 853 1313 917 υἱὸς
1359 855 1466 926 γάρ
1506 858 1654 911 ἐστιν
1692 859 1861 929 Ἀδάμ
1881 875 1895 889 ⁸

313 931 407 981 καὶ
436 932 468 1001 ἡ
504 930 618 985 Elia
647 935 710 987 ὲκ
745 936 845 1006 τῆς
877 938 971 991 τοῦ
1010 940 1179 1012 Ἀδὰμ
1198 942 1440 1007 πλευρᾶς
1460 946 1854 1016 ἐκπορευθείσα
1873 963 1888 979 ·

311 1021 374 1073 οὐ
410 1022 519 1094 γὰρ
543 1024 806 1098 ἐγεννήθη
842 1028 984 1099 αὕτη
1011 1045 1023 1059 ·
1071 1032 1131 1084 οὐ
1159 1033 1318 1102 φύσει
1352 1034 1700 1106 διαφέρουσιν
1730 1038 1893 1109 ἀλλή-

312 1112 448 1274 λιὲἓι·
489 1114 768 1189 ἄνθρωποι
799 1120 909 1193 γάρ
963 1124 1137 1177 εἰσινο
1166 1124 1302 1178 ἀλλὰ
1335 1126 1412 1196 τῷ
1454 1128 1557 1197 τῆς
1607 1129 1891 1199 ὑπάρξεως

312 1220 343 1256 τ
413 1223 519 1274 πῳ.

309 1220 519 1277 τροπῳ.

1996 874 2223 934 excepto
2244 907 2258 929 ,
2291 864 2440 935 quod
2469 864 2747 934 ingenitus
2776 878 2883 917 non
2909 871 2993 919 est
3024 881 3039 919 :
3067 878 3199 933 quae
3214 860 3436 932 quidem
3466 874 3571 913 vox
3625 902 3629 925 ε

2000 969 2099 1009 nec
2130 963 2343 1010 natura:
2370 955 2673 1011 discrimen
2696 996 2712 1021 ,
2758 968 2861 1009 nec
2904 954 3225 1022 dignitatem
3249 993 3263 1017 ,
3300 953 3397 1008 sed
3439 950 3573 1006 sub-
3623 954 3631 1009 ἒ

1998 1046 2228 1101 sistendi
2292 1047 2511 1100 modum
2572 1046 2783 1101 indicat
2841 1046 2907 1099 ".
2972 1044 3126 1100 llaud
3182 1060 3345 1100 secus
3407 1051 3573 1111 atque

1997 1136 2201 1201 Adam,
2230 1136 2323 1205 qui
2355 1137 2574 1206 genitus
2604 1151 2713 1189 non
2746 1143 2832 1189 est
2871 1134 3235 1205 (ﬁgmentum
3277 1134 3424 1188 enim
3472 1130 3571 1184 Dei

1995 1229 2116 1299 est)
2144 1239 2197 1282 et
2225 1227 2356 1283 Seth
2387 1227 2479 1298 qui
2513 1227 2733 1297 genitus
2766 1227 2950 1297 (ﬁlius
2978 1227 3126 1281 enim
3151 1233 3235 1281 est
3261 1223 3475 1292 Adami)
3517 1229 3572 1276 et

310 1292 426 1389 Eva
470 1314 593 1389 qua;
621 1317 687 1356 ex
726 1302 923 1357 Adami
952 1313 1106 1361 costa
1137 1306 1344 1375 prodiit
1372 1310 1576 1379 (neque
1621 1313 1767 1368 enim
1818 1315 1935 1384 ipsa
1972 1292 2155 1389 genita
2183 1318 2311 1389 est),
2351 1292 2549 1373 natura
2581 1318 2725 1373 inter
2755 1292 2815 1373 se
2842 1318 3070 1373 minime
3099 1317 3359 1373 diﬂ'erunt
3417 1315 3572 1385 (ho-

310 1386 487 1443 mines
512 1388 655 1443 enim
687 1392 861 1462 sunt),
890 1393 989 1447 sed
1019 1394 1316 1449 exsistendi
1350 1397 1509 1452 modo
1538 1398 1603 1452 '°.

381 1479 502 1551 Χρὴ
538 1481 644 1552 γὰρ
666 1482 886 1547 εἰδέναι,
918 1483 1002 1536 ὅτι
1024 1484 1086 1537 τὸ
1112 1485 1377 1557 ἀγένητον
1402 1486 1491 1540 διὰ
1532 1489 1652 1552 ὲνδς
1684 1508 1722 1543 ν
1750 1508 1887 1560 γρα-

310 1571 566 1641 φόμενον,
597 1574 659 1626 τὸ
686 1574 959 1643 ἄκτιστρον,
996 1578 1113 1647 ἦτοι
1143 1578 1204 1631 τὸ
1240 1579 1315 1649 μὴ
1351 1581 1646 1651 γενόμενον
1685 1585 1888 1656 σημαί-

310 1680 391 1715 νει
413 1664 520 1717 ··τδ
558 1665 616 1718 δὲ
667 1667 962 1738 ἀγέννητον
998 1669 1089 1723 διὰ
1127 1671 1237 1724 τῶν
1270 1672 1365 1725 δύο
1408 1691 1485 1727 νν
1518 1677 1882 1748 γραφόμενον,

306 1754 462 1825 δηλοῖ
488 1757 549 1809 τὸ
584 1758 659 1828 μὴ
689 1760 970 1829 γεννηθέν.
1006 1763 1161 1816 Κατὰ
1197 1764 1295 1833 μὲν
1328 1760 1420 1818 οὖν
1447 1766 1510 1819 τὸ
1539 1769 1756 1838 πρῶτον
1795 1787 1887 1841 ση-

314 1849 640 1919 μαινόμενον
683 1851 934 1921 διαφέρει
968 1854 1123 1908 οὐσία
1160 1855 1347 1919 οὐσίας
1373 1873 1385 1886 ·
1410 1858 1545 1929 ἄλλη
1588 1860 1697 1931 γὰρ
1726 1862 1885 1915 οὐσία

308 1939 589 2007 ἄκτιστος,
612 1943 733 2013 ἤτοι
761 1944 1029 2016 ἀγένητος
1065 1946 1133 1998 δι’
1155 1947 1273 2011 ἑνὸς
1295 1965 1351 2010 ν,
1380 1951 1473 2002 καὶ
1498 1950 1633 2020 ἄλλη
1660 1953 1886 2024 γενητὶμ

310 2034 435 2102 ἢτοι
468 2036 683 2107 κτιστή.
714 2037 872 2091 Κατὰ
904 2038 961 2091 δὲ
993 2039 1054 2091 τὸ
1080 2039 1335 2111 δεύτερον
1372 2044 1793 2114 σημαινόμενον,
1828 2048 1888 2100 οὐ

306 2124 562 2196 διαφέρει
613 2127 767 2181 οὐσία
799 2128 1022 2193 οὐσίας’
1078 2132 1281 2194 παντὸς
1319 2132 1428 2204 γὰρ
1462 2135 1634 2199 εἴδους
1668 2135 1822 2200 ζώων
1852 2140 1886 2209 ὴ

308 2217 509 2287 πρώτη
539 2218 838 2283 ὑπόστασις
888 2220 1181 2291 ἀγέννητός
1214 2223 1384 2289 ἐστιν,
1419 2224 1536 2278 ἀλλ’
1569 2226 1669 2279 οὐκ
1691 2228 1891 2299 ἀγένη-

303 2328 424 2371 τος.
467 2311 828 2383 Ἐκτισθησαν
861 2314 958 2383 μὲν
995 2313 1104 2384 γὰρ
1152 2314 1258 2367 ὑπὸ
1288 2316 1382 2369 τοῦ
1416 2319 1781 2389 Δημιουργοῦ,
1808 2320 1889 2391 τῷ

304 2399 454 2471 λόγῳ
487 2402 654 2456 αὐτοῦ
684 2403 1036 2473 παραχθέντα
1066 2404 1144 2467 εις
1167 2404 1401 2471 γένεσιν.
1431 2405 1511 2458 Οὐ
1532 2407 1638 2477 μὴν
1661 2408 1886 2478 ἐγεννή-

304 2492 504 2562 θησαν,
545 2495 619 2566 μὴ
661 2497 1110 2568 προϋπάρχοντος
1152 2496 1341 2567 ἑτέρου
1387 2497 1684 2568 ὁμοειδοῦς,
1725 2499 1784 2564 ἐξ
1822 2493 1884 2554 οὗ

306 2584 638 2655 γεννηθῶσι.

2070 1492 2229 1546 Aliud
2254 1492 2570 1563 ἀγέννητον,
2601 1500 2652 1547 el
2682 1491 2831 1546 aliud
2856 1491 3140 1562 ἀγένητον.
3170 1522 3241 1532 -
3271 1490 3568 1548 Sciendum

1992 1584 2137 1639 enim
2166 1599 2358 1639 vocem
2388 1584 2674 1656 ἀγένητον,
2708 1599 2835 1640 cum
2871 1585 3135 1641 scribitur
3163 1600 3288 1640 cum
3322 1588 3487 1642 unico
3518 1605 3568 1650 ν,

1994 1677 2297 1731 increatum
2349 1675 2704 1747 significare,
2752 1692 2849 1733 seu
2890 1677 3039 1746 quod
3087 1676 3315 1732 minime
3362 1676 3567 1734 factum

1991 1776 2075 1824 est
2098 1786 2110 1822 :
2141 1768 2434 1837 ἀγέννητον
2461 1777 2803 1832 autem,cum
2824 1767 3087 1821 scribitur
3110 1783 3233 1822 cum
3258 1767 3462 1837 duplici
3486 1784 3567 1831 νν,

1991 1860 2045 1914 id
2100 1861 2344 1917 indicare
2373 1862 2517 1932 quod
2566 1877 2678 1917 non
2732 1872 2817 1917 est
2870 1863 3135 1933 genitum.
3205 1862 3393 1918 Priore
3440 1879 3569 1933 ergo
3650 1854 3655 1859 ’

1991 1952 2303 2022 signiﬁcato
2330 1954 2574 2009 essentia
2604 1954 2674 2008 ab
2716 1955 2957 2009 essentia
3004 1953 3204 2009 diﬂ‘ert.
3252 1956 3375 2008 Alia
3422 1956 3566 2008 enim

1987 2053 2072 2099 est
2099 2046 2342 2100 essentia
2375 2046 2664 2113 increata;
2717 2061 2883 2116 quam
2938 2061 3040 2101 vox
3088 2047 3391 2117 ἀγένητος,
3442 2061 3567 2100 cum

1988 2135 2155 2189 unico
2181 2153 2240 2201 ν,
2271 2144 2471 2202 sonat;
2502 2136 2610 2190 alia
2638 2144 2825 2191 creata
2847 2175 2862 2202 ,
2897 2152 3060 2206 quam
3091 2153 3197 2191 vox
3239 2137 3440 2208 γενητὴ
3469 2136 3568 2190 de-

1987 2233 2163 2281 notat.
2199 2226 2458 2283 Secundo
2486 2236 2669 2283 autem
2714 2228 3064 2299 significandi
3108 2246 3312 2301 genere
3352 2230 3568 2284 nullum

1989 2319 2248 2374 essentia:
2274 2320 2344 2374 ab
2373 2321 2620 2375 essentia
2651 2320 2953 2376 discrimen
2985 2320 3292 2376 inducitur.
3323 2320 3567 2375 Primum

1992 2412 2138 2467 enim
2200 2411 2476 2482 cujusque
2547 2413 2913 2468 animantium
2967 2413 3170 2482 speciei
3223 2411 3567 2467 individuum

1991 2502 2311 2572 ἀγέννητον,
2341 2517 2439 2557 seu
2472 2502 2775 2572 ingenitum
2808 2510 2893 2557 est
2921 2520 2936 2567 ;
2967 2518 3075 2556 non
3108 2503 3236 2557 item
3268 2502 3565 2571 ἀγένητον.

1993 2594 2098 2649 hoc
2123 2602 2209 2650 est
2246 2594 2473 2648 minime
2505 2593 2785 2648 conditum
2816 2602 2870 2647 et
2904 2593 3127 2648 factum.
3178 2594 3219 2647 A
3272 2593 3570 2648 Conditore

308 2679 512 2749 quippe
540 2695 724 2735 rerum
748 2720 762 2746 ,
796 2696 894 2751 per
933 2680 1111 2752 ipsius
1137 2680 1380 2738 Verbum
1426 2684 1483 2737 in
1528 2691 1709 2739 ortum
1754 2686 2023 2755 producta
2051 2695 2203 2743 sunt.
2234 2687 2302 2741 At
2331 2701 2439 2741 non
2472 2688 2654 2758 genita
2683 2706 2697 2752 ;
2759 2702 2883 2742 cum
2947 2694 3075 2743 ante
3142 2686 3355 2741 nullum
3420 2686 3570 2742 aliud

305 2774 558 2844 ejusdem
601 2773 1129 2845 speclei'singnlare
1154 2782 1427 2841 exstaret,
1456 2790 1523 2830 ex
1550 2790 1660 2845 quo
1685 2775 2063 2846 gignerentur.

379 2861 538 2915 Κατὰ
587 2861 685 2932 μὲν
717 2859 811 2915 οὖν
857 2861 923 2915 τὸ
974 2861 1193 2932 πρῶτον
1248 2864 1651 2935 σημαινόμενον
1692 2881 1885 2919 κοινω-

304 2954 491 3025 νοῦσιν
534 2954 590 3008 αἱ
638 2955 790 3026 τρεῖς
819 2954 918 3028 τῆς
956 2954 1123 3023 ἁγίας
1156 2955 1413 3026 θεότητος
1454 2955 1712 3025 ὑπέρθεοι
1751 2958 1885 3011 ὑπο-

307 3042 567 3106 στάσεις·
620 3043 901 3113 ὁμοοὺσιοι
955 3045 1065 3115 γὰρ
1117 3046 1214 3098 καὶ
1253 3046 1497 3101 ἄκτιστοι
1554 3046 1884 3117 ὑπάρχουσι.

2062 2866 2221 2938 136
2250 2868 2524 2933 Quantum
2558 2868 2725 2937 igitur
2744 2867 2818 2921 ad
2848 2868 3081 2937 primam
3109 2866 3567 2937 significationem

1985 2956 2218 3019 attinet,
2251 2956 2485 3027 singulis
2519 2957 2697 3011 tribus
2725 2964 2930 3010 sancta:
2953 2955 3181 3010 Deitatis
3207 2956 3569 3014 divinissimis

1987 3048 2243 3115 personis
2273 3063 2375 3101 vox
2407 3048 2673 3118 ἀγένητος
2714 3048 2971 3103 convenit
3010 3048 3079 3102 τί.
3118 3046 3375 3116 Ejusdem
3419 3049 3568 3101 enim

302 3131 465 3191 Κατὰ
494 3130 551 3184 δὲ
574 3131 634 3184 τὸ
659 3130 911 3202 δεύτερον
937 3132 1357 3203 σημαινόμενον,
1395 3134 1647 3205 οὐδαμῶς
1670 3152 1682 3164 ·
1728 3136 1887 3206 μόνος

2002 3138 2308 3193 substantiae
2332 3147 2462 3194 sunt
2494 3147 2551 3195 et
2604 3139 2863 3194 increata:
2888 3139 2959 3191 ⁷³.
2982 3136 3261 3203 Quantum
3292 3145 3472 3193 autem
3501 3139 3567 3192 ad

305 3221 419 3293 γὰρ
470 3224 499 3275 ὁ
538 3224 729 3295 Πατὴρ
778 3224 1112 3293 ἀγέννητοςο
1154 3224 1215 3277 οὐ
1251 3222 1361 3295 γὰρ
1407 3226 1465 3290 ἐξ
1496 3227 1690 3296 ἐτέρας
1738 3226 1887 3279 ἐστὶν

2002 3231 2288 3285 secundam
2314 3271 2330 3295 ,
2360 3247 2468 3286 non
2500 3234 2629 3286 item
2660 3250 2672 3285 :
2702 3231 2855 3285 solus
2885 3230 3033 3285 enim
3082 3229 3247 3285 Pater
3294 3231 3572 3301 ingenitus

305 3312 458 3383 αὐτῷ
484 3314 836 3378 ὑποστάσεως
865 3314 926 3367 τὸ
952 3309 1118 3368 εἶναι.
1152 3316 1262 3369 Καὶ
1288 3315 1452 3385 μόνος
1477 3316 1506 3368 ὁ
1536 3316 1663 3380 Υἱὸς
1694 3333 1886 3387 γεννη-

2002 3331 2075 3377 est
2104 3323 2171 3375 ⁷³.
2206 3321 2319 3377 Nec
2344 3322 2491 3377 enim
2523 3323 2593 3378 ab
2619 3322 2723 3377 alia
2752 3337 2988 3393 persona
3018 3322 3180 3378 habet
3206 3331 3264 3377 ut
3289 3323 3376 3377 sit.
3410 3322 3572 3377 Solus

304 3407 434 3469 τός⁹
472 3409 538 3461 ὲκ
590 3408 690 3478 τῆς
723 3408 817 3462 τοῦ
868 3407 1082 3483 Πατρρς
1111 3407 1221 3479 γὰρ
1257 3409 1446 3474 οὐσίας
1489 3410 1741 3481 ἀνάρχως
1789 3412 1884 3465 καὶ

2002 3413 2153 3467 etiam
2185 3410 2358 3468 Filius
2384 3412 2601 3482 genitus
2628 3420 2751 3467 est:
2783 3427 2848 3466 ex
2878 3410 3060 3465 Patris
3088 3412 3232 3465 enim
3260 3411 3569 3467 substantia

304 3497 554 3568 ἁχρόνως
580 3500 927 3570 γεγέννηται.
953 3501 1065 3553 Καὶ
1100 3499 1259 3567 μόνον
1289 3500 1348 3553 τὸ
1382 3500 1605 3571 Πνεῦμα
1633 3502 1693 3554 τὸ
1726 3500 1882 3569 ἅγιον

2002 3504 2201 3574 absque
2228 3504 2383 3559 initio
2412 3504 2523 3560 ullo
2550 3518 2615 3560 ac
2639 3514 2887 3575 tempore
2908 3503 3127 3573 genitus
3154 3513 3260 3558 est.
3290 3488 3453 3557 Sol/us
3477 3503 3571 3556 de-

305 3590 662 3661 ἑκπορευτδν,
689 3593 755 3645 ὲκ
782 3594 882 3663 τῆς
904 3590 999 3645 τοῦ
1040 3590 1252 3660 [ἰατρὸς
1277 3591 1486 3655 οὐσίας,
1514 3592 1575 3645 οὐ
1605 3591 1880 3662 γεννώμε-

2002 3594 2157 3663 nique
2188 3593 2427 3664 Spiritus
2454 3602 2683 3651 sanctus
2710 3609 2777 3649 ex
2800 3592 2984 3648 Patris
3007 3592 3228 3662 quidem
3258 3592 3569 3647 substantia

379 3768 426 3803 “
454 3771 619 3826 Basil.
653 3771 747 3826 lib.
776 3787 838 3837 ιι,
876 3778 930 3824 et
960 3787 1034 3827 tv.
1130 3770 1175 3801 "°
1204 3767 1368 3839 Greg.
1404 3768 1536 3822 Naz.
1601 3779 1746 3825 orat.
1803 3772 1894 3838 56,
1954 3773 2042 3828 5'7.

3107 3773 3154 3802 "'
3173 3770 3363 3842 Cyrill.
3400 3769 3552 3824 Thes.

306 3851 488 3915 assert
515 3842 567 3909 1,
610 3841 792 3914 p.12.
867 3842 914 3873 ⁷⁸
951 3840 1113 3911 Greg.
1144 3839 1276 3911 Naz.
1313 3849 1454 3907 orat.
1484 3839 1571 3895 35.

2146 3776 2192 3806 ἰ
2228 3773 2370 3828 Max.
2410 3773 2782 3844 Dialog.cont.
2811 3772 3009 3833 Arian.

1813 3995 2046 4063 NOTIE.

381 4158 496 4228 (Π)
530 4155 705 4224 Πλὴν
736 4154 849 4224 τῆς
866 4156 1279 4228 grav-malae.
1313 4152 1439 4208 Una
1467 4161 1706 4228 excepta,
1746 4152 1887 4228 quod
1988 4154 2045 4208 in
2067 4152 2309 4228 secundo
2346 4152 2690 4228 Dialogorum
2720 4153 2854 4228 adv.
2908 4156 3077 4228 Atjau
3133 4158 3234 4225 qui
3269 4156 3569 4228 Athanasio

308 4223 573 4298 ingenitus
598 4223 703 4298 non
733 4223 833 4298 est.
866 4223 981 4279 Vox
1023 4226 1317 4298 ἀγέννητον
1337 4263 1351 4287 ,
1379 4225 1677 4298 gentilibus
1708 4223 1888 4293 philo-
1989 4224 2253 4298 assignati
2290 4235 2445 4278 sunt.
2468 4223 2579 4277 lmo
2606 4226 2929 4298 praeluserat
2958 4223 3287 4298 Theologus,
3312 4235 3449 4298 orat.
3476 4227 3565 4287 ‘25,

309 4294 500 4368 so'phis
534 4296 898 4368 signiﬁcabat,
929 4303 1046 4350 tum
1093 4297 1144 4349 id
1176 4295 1322 4368 (Litod
1356 4296 1602 4368 genitum
1643 4309 1752 4347 non
1781 4304 1887 4368 est,
1992 4295 2082 4347 ubi
2138 4296 2235 4355 ait,
2265 4311 2562 4368 _con_tmune
2604 4312 2716 4368 esse
2763 4294 2919 4368 Patri
2951 4305 2999 4350 et
3054 4294 3293 4368 Filiaet
3342 4295 3567 4368 Spiritui

313 4363 426 4422 tum
460 4363 607 4437 quod
634 4366 920 4437 infectum,
957 4380 1167 4437 exque
1193 4363 1518 4437 Eunomiani
1543 4363 1614 4418 ob
1646 4364 1888 4437 nominis

2002 4373 2200 4437 saucio,
2230 4365 2289 4437 τδ
2333 4364 2407 4437 μὴ
2438 4365 2744 4437 γεγονέναι,
2784 4375 2841 4418 ιιι
2874 4366 3004 4435 facti
3043 4383 3147 4420 non
3184 4366 3322 4428 sint;
3355 4366 3456 4437 hoc
3489 4374 3572 4418 est

314 4434 917 4506 hujus—ambiguitatem
960 4434 1152 4506 fallere
1176 4435 1492 4489 tiatholicos
1522 4434 1889 4506 conabantur.

1996 4442 2071 4505 ut,
2098 4435 2208 4488 sint
2260 4436 2565 4505 ἀγέννητοι.
2602 4436 2917 4505 Subjungit,
2951 4437 3310 4505 ἀγεννησιαν,
3347 4436 3573 4488 innasci-

313 4482 947 4575 éibi'coinpegtissimam
976 4482 1096 4561 esse
1124 4505 1214 4558 Dei
1245 4506 1540 4559 essentiam
1566 4505 1805 4575 aiebant,
1835 4511 1889 4558 et
1924 4482 1967 4537 θ
1999 4503 2261 4559 vilitatem
2286 4482 2319 4571 ,⁸
2356 4513 2410 4559 et
2444 4482 2734 4575 γέννησιν,
2781 4482 3570 4575 iiiiiiiiiidtem‘rpersonarum

311 4580 367 4632 in
416 4579 520 4632 hoc
552 4574 713 4632 sitam
736 4590 881 4631 esse
915 4575 1061 4645 quod
1091 4575 1234 4630 Deus
1273 4575 1590 4643 ἀγέννητος,
1626 4574 1886 4645 ingenitus

309 4658 504 4703 esset:
557 4644 1191 4715 quamobrem'Verbum
1231 4659 1339 4715 non
1378 4658 1503 4699 esse
1542 4646 1705 4715 Deum
1747 4644 1890 4715 sicut

312 4716 530 4772 Patrem
550 4713 728 4785 {quia
761 4718 1021 4784 genitum.
1073 4714 1516 4785 Catholicigveror
1536 4713 1887 4785 vocabulum,

311 4783 633 4866 ἀγέννητος,
667 4783 1157 4866 improbare,"un
1184 4798 1216 4837 a
1250 4783 1553 4865 Scripturis
1577 4783 1885 4866 exsulare-t;

311 4853 378 4912 ad
419 4853 536 4911 haec
587 4853 929 4924 negationem
975 4853 1072 4908 illo
1119 4853 1379 4922 exprimi,
1406 4869 1527 4924 inec
1555 4869 1622 4908 eo
1659 4854 1888 4924 proinde

309 4926 551 4993 deliniri,
582 4922 712 4995 quid
762 4926 835 4981 sit
882 4926 1044 4995 Deus.
1085 4924 1182 4978 Sin
1214 4924 1319 4995 hoc
1368 4923 1712 4995 rsignilicetur
1740 4922 1889 4995 quod

310 4998 559 5067 genitum
590 4993 700 5067 non
728 5003 836 5058 est,
862 4993 1178 5067 αγεννητον,
1203 4994 1512 5067 ingenitum,
1534 5009 1630 5049 seu
1659 5000 1718 5047 ut
1743 4993 1893 5047 Hila-

312 5060 435 5121 rius
460 5066 639 5129 vertit,
664 5060 1003 5129 innascibile,
1018 5060 1072 5119 et
1082 5060 1359 5134 γεννητὸν,
1377 5066 1649 5134 genitum,
1666 5070 1892 5115 naturas

310 5138 567 5192 diversas
598 5151 705 5188 non
741 5148 1006 5200 annuere,
1062 5135 1155 5188 sed
1204 5133 1568 5202 personarum
1624 5133 1891 5202 duntaxat

311 5206 705 5277 proprietates.
737 5204 827 5257 Sic
854 5204 1479 5327 pugnantAtbanasius,
1510 5213 1647 5256 orat.
1670 5201 1705 5253 ‘2
1734 5201 1889 5256 Cant.

311 5279 530 5327 Arium:
557 5274 818 5327 Basilius.
876 5275 947 5327 ib.
991 5288 1045 5327 tv
1094 5272 1249 5327 Cant.
1296 5271 1460 5327 Eum:
1490 5272 1889 5327 Nazianzenus.

310 5271 530 5337 Ἀτέαπά
557 5274 818 5337 Basilius,
854 5271 954 5328 lib:
991 5288 1045 5328 tv
1094 5272 1249 5333 Cant.
1296 5271 1460 5337 Eum;
1490 5272 1891 5335 Nazianzenus,

311 5357 458 5400 orat.
493 5344 582 5399 55.
619 5343 908 5413 Sequioris
938 5359 1063 5398 vero
1095 5343 1319 5398 Grteeite
1352 5346 1659 5413 scriptores
1686 5342 1885 5413 obser-

314 5425 480 5479 vant,
522 5430 653 5469 voce
700 5410 994 5484 ἆγέννητος
1021 5455 1034 5480 ,
1088 5414 1377 5483 ingenitum
1432 5410 1893 5484 innascibilemve,

311 5485 633 5548 enuntiari;
662 5483 981 5553 ἀγέννητος,
1016 5499 1142 5538 vero
1186 5485 1481 5537 increatum
1514 5500 1621 5536 non
1657 5483 1894 5551 factum:

319 5557 493 5610 Deum
545 5563 740 5623 suapte
791 5565 981 5607 natura
1024 5554 1359 5623 ἀγέννητον,
1415 5555 1709 5606 increatum
1748 5569 1893 5615 esse,

318 5627 540 5693 hocque
588 5627 767 5679 tribus
804 5625 1055 5692 personis
1108 5640 1172 5677 ex
1223 5639 1382 5692 aequo
1423 5624 1896 5693 convenirersoli

316 5693 663 5758 Verol’atri,
693 5704 752 5748 ut
783 5695 853 5748 sit
887 5695 1202 5764 ἀγέννητος,
1238 5694 1519 5764 ingenitus,
1544 5694 1710 5748 veluti
1738 5692 1892 5757 Filio,

320 5773 388 5828 ut
418 5764 698 5837 γεννητός,
725 5765 955 5839 genitus,
992 5768 1082 5819 sit.
1125 5764 1279 5830 Quod
1328 5766 1623 5820 discrimen
1658 5764 1894 5835 reperies

2002 4575 2367 4641 prOprietates
2398 4590 2545 4638 esse,
2584 4590 2693 4629 non
2732 4576 3053 4630 discrimina
3113 4584 3454 4629 naturarum.
3484 4576 3573 4627 Sic

2002 4643 2342 4711 Epiphanius
2368 4645 2584 4698 _h:eresi
2616 4645 2718 4710 64,
2758 4646 2966 4700 diserte
3022 4646 3310 4708 observat,
3346 4644 3572 4697 ontnino

2000 4712 2218 4768 dilferre
2248 4714 2495 4783 γενητόν,
2522 4722 2575 4768 et
2600 4716 2880 4783 γεννητόν,
2923 4723 2993 4773 ιιι,
3019 4714 3407 4784 hocgenitum,
3438 4714 3569 4766 illud

1999 4792 2235 4836 creatum
2259 4791 2313 4836 et
2334 4785 2607 4837 conditum
2634 4785 2926 4853 signiticet.
2953 4784 3249 4853 Enimvero
3273 4785 3444 4849 prima
3470 4800 3571 4837 vox

2000 4869 2029 4906 a
2058 4854 2301 4922 γίνομαι,
2332 4855 2425 4921 ﬁo,
2460 4848 2761 4923 derivatur.
2789 4854 3027 4910 secunda
3065 4869 3094 4907 a
3130 4848 3360 4921 γέννᾶω,
3394 4855 3569 4923 gigno.

2073 4923 2372 4995 (18)_0t‘)5é
2405 4922 2653 4993 ἀξίωμα.
2694 4923 2803 4979 Nec
2838 4924 3168 4995 dignitatem.
3201 4922 3457 4995 Rursutn'
3482 4940 3574 4976 vat.

2001 4992 2505 5073 pulatEunomius,
2534 4996 2648 5073 qui,
2677 5003 2735 5047 ut
2766 4992 2929 5073 refert
2954 4994 3209 5073 Basilius,
3234 4994 3336 5073 lib._
3357 5009 3391 5045 ιι
3419 5001 3569 5073 cont.

2002 5064 2201 5135 ipsum,
2236 5064 2588 5135 ἁγεννησίας,
2624 5065 3080 5128 innascibilitatis,
3110 5064 3378 5135 vocabulo
3412 5064 3573 5125 ἀξίω-

2006 5151 2103 5203 μα,
2136 5134 2452 5205 digni_tatem
2480 5135 2783 5205 quamdam
2810 5135 3040 5205 exprimi
3072 5134 3282 5197 aiebat;
3317 5148 3436 5205 qua:
3464 5149 3571 5183 non

2003 5202 2152 5274 esset
2180 5207 2233 5255 in
2269 5202 2429 5257 Filio.
2478 5202 2739 5267 Basilius,-
2788 5202 2895 5258 Iib.’
2922 5222 3003 5268 tn,
3034 5205 3318 5274 permittit,
3346 5202 3571 5274 Patrem

2004 5272 2140 5328 Filio
2190 5274 2450 5343 dignitate
2497 5274 2757 5343 majorem
2812 5274 2942 5339 dici,
2983 5270 3051 5329 ct'
3086 5273 3289 5343 Filium
3342 5270 3571 5340 Spiritui

2006 5353 2219 5404 sancto.
2249 5344 2314 5396 ἵν’
2342 5343 2474 5408 ὅλως
2498 5342 2593 5397 καῖ
2615 5345 3063 5415 συγχωρήσωμεν
3084 5359 3097 5372 ·
3133 5342 3572 5415 ἀίξειίιιιοιινοιτι

2004 5425 2327 5469 naturarum
2377 5416 2575 5468 exinde
2632 5411 2892 5483 coriSequi
2949 5411 3148 5483 negat:
3189 5412 3335 5466 Sicut
3380 5411 3571 5464 diversi

2004 5496 2128 5539 sunt
2180 5484 2391 5538 ordines
2437 5483 2765 5553 angelorum,
2800 5486 3001 5552 inquit,
3049 5498 3227 5536 omnes
3280 5493 3453 5553 tamen
3507 5496 3572 5534 ea:

2005 5572 2153 5625 (aqua
2188 5564 2386 5608 natura
2420 5552 2590 5624 angeli
2635 5563 2987 5625 sunt,_estque
3030 5552 3260 5623 dignitas
3298 5552 3571 5625 differens,

2006 5622 2201 5677 natura
2254 5641 2372 5679 vero
2423 5622 2733 5678 communis.
2778 5623 2848 5677 At
2886 5624 2981 5679 lib.
3014 5639 3065 5677 tv
3110 5623 3423 5691 cxpendens
3463 5622 3565 5675 hoc

2007 5694 2219 5748 Domini
2258 5695 2484 5749 dictum.
2522 5694 2683 5747 Pater
2716 5692 2887 5762 maior
2913 5711 2990 5748 me
3024 5701 3121 5755 est,
3159 5700 3318 5762 negat
3351 5691 3568 5745 Patrem

2006 5781 2127 5822 csse
2158 5766 2295 5821 Filio
2331 5765 2594 5837 majorem
2626 5765 3047 5835 dignitate,.a).l‘
3083 5764 3203 5818 οὐδὲ
3236 5762 3523 5831 ἀξιώματι.
