3962 6300
320 334 420 400 841
1397 343 1493 402 DE
1526 344 1705 403 FIDE
1745 345 1890 406 ORT

1995 348 2201 408 tDOXA
2243 352 2387 411 LIB.
2426 353 2479 412 Ι.
3459 355 3564 420 842

389 449 739 521 Διακέκριται
795 449 853 505 δὲ
896 449 998 503 ὅσα
1048 449 1147 520 τῆς
1187 450 1336 515 θείας
1374 455 1471 507 καὶ
1506 455 1889 527 φιλανθρώπου

2069 462 2202 527 Quae
2246 461 2314 515 ad
2352 462 2784 521 lncarnationem
2845 469 3103 535 pertinent
3140 467 3370 523 discreta
3413 480 3562 537 sum,

319 539 421 593 τοῦ
439 540 587 593 θείου
614 539 788 607 Λόγου
828 538 1181 610 σαρκώσεως.
1236 540 1326 594 Ἐν
1357 543 1571 607 τούτοις
1613 545 1722 617 γὰρ
1766 545 1889 599 οὐτε

1998 568 2060 604 ac
2110 552 2271 607 solius
2301 550 2451 608 Filii.
2472 584 2545 630 ——_
2566 555 2833 612 Distincta
2883 566 3063 613 autent
3093 568 3221 615 sunt
3254 569 3417 630 atque
3446 561 3561 616 dis-

320 634 349 685 ό
378 632 590 703 Πατὴρ,
617 630 740 684 οὐτε
773 631 834 684 τὸ
862 630 1106 702 Πνεῦμα,
1139 633 1261 687 κατ’
1280 634 1469 689 οὐδένα
1503 636 1663 705 λόγον
1704 653 1888 691 κεκοι-

1998 652 2145 698 creta
2184 658 2248 699 ea
2301 645 2484 699 omnia
2516 628 2638 715 qua:
2670 646 2736 701 ad
2783 649 3024 703 divinam
3087 628 3565 719 benignissimam-

323 722 587 792 νώνηκεν,
613 723 662 774 εί
696 722 771 792 μὴ
801 722 922 775 κατ’
946 722 1218 787 εὐδοκίαν,
1246 724 1341 778 καὶ
1368 728 1509 780 κατὰ
1529 726 1629 797 τὴν
1651 726 1890 798 ἄρρητον

1996 746 2105 802 que
2141 747 2267 804 erga
2305 734 2557 790 homines
2603 736 2701 791 Dei
2737 736 2906 793 Verbi
2961 739 3394 796 incarnationem
3433 755 3563 810 per-

321 810 789 881 θαυματουργίαν,
808 810 875 881 ἢν
899 811 994 863 καὶ
1019 811 1141 864 καθ’
1159 813 1309 882 ἡμᾶς
1323 814 1610 884 ἄνθρωπος
1651 826 1675 853 ι’
1703 817 1732 870 ό
1758 815 1890 879 Θεὸς

1995 826 2193 881 tinent.
2218 828 2275 881 In
2308 827 2395 883 his
2429 830 2578 884 enim
2613 830 2775 885 nullae
2824 832 3049 887 omnino
3090 831 3275 889 Patris
3298 841 3351 889 et
3382 832 3560 903 Spiri-

322 900 494 968 Λόγος
543 901 833 972 γενόμενος
878 900 1162 974 εἰργάξετο
1185 946 1201 971 ,
1231 903 1307 968 ὡς
1339 905 1698 971 ἀναλλοίωτος
1756 907 1889 971 Θεὸς

1995 920 2084 969 tus
2145 915 2324 970 sancti
2378 925 2565 985 partes
2616 918 2966 986 exstiterunt,
3006 919 3114 974 nisi
3167 921 3346 990 quoad
3398 900 3562 974 bene-

324 994 417 1045 καὶ
440 992 574 1045 Θεοῦ
607 992 756 1057 Υἱός.

2002 999 2264 1069 placitum
2297 1003 2516 1068 attinet,
2566 1009 2732 1073 atque
2773 1004 2838 1059 ad
2892 1018 2955 1060 ea
2989 1004 3143 1059 omni
3176 1020 3429 1061 sermone
3470 1021 3563 1061 su—

324 1085 541 1153 periora
572 1083 861 1152 miracula,
889 1098 1013 1158 qua:
1041 1083 1187 1143 Deus
1221 1086 1461 1144 Verbum
1492 1088 1652 1146 nobis
1718 1091 1917 1147 similis
1988 1092 2154 1148 homo
2206 1093 2411 1157 factus,
2468 1104 2527 1150 ut
2582 1095 3059 1153 incommutabilis
3120 1096 3288 1166 Deus,
3351 1096 3560 1167 Deique

325 1178 497 1235 Filius
524 1179 723 1236 edebat
759 1181 826 1235 ¹¹.
1380 1250 1388 1256 κ

895 1276 1145 1332 ΚΕΦΑΛ.
1198 1278 1301 1334 IA'.

429 1364 567 1432 Περὶ
593 1363 713 1419 τῶν
739 1366 1087 1436 σωματικῶς
1118 1367 1218 1422 ἐπὶ
1251 1369 1398 1423 Θεοῦ
1424 1369 1783 1440 λεγομένων.

408 1456 559 1509 Ἐπεὶ
590 1456 647 1510 δὲ
684 1456 908 1512 πλεῖστα
933 1459 1062 1529 περὶ
1086 1458 1223 1513 Θεοῦ
1255 1460 1713 1532 σωματικώτερον
1740 1463 1798 1514 ὲν
1824 1463 1889 1532 τῇ

324 1544 444 1618 θείᾳ
474 1547 664 1618 Γραφῇ
696 1548 1044 1618 συμϐολικῶς
1074 1550 1342 1621 εἰρημένα
1377 1549 1727 1622 εὑρίσκομεν,
1752 1551 1891 1604 είδὲ-

323 1651 411 1687 ναι
439 1636 569 1706 χρὴ,
621 1636 696 1700 ὡς
729 1637 1051 1709 ἀνθρώπους
1095 1639 1255 1703 ὄντας
1297 1641 1467 1711 ἡμᾶς,
1507 1642 1602 1694 καὶ
1647 1641 1711 1694 τὸ
1741 1641 1887 1711 παχὺ

1995 1656 2060 1698 ac
2091 1656 2187 1711 per
2229 1641 2459 1710 ﬁguram
2506 1639 2653 1694 dicta
2705 1640 3045 1710 reperimus;
3089 1640 3223 1694 illud
3269 1657 3562 1698 noscamus

322 1726 478 1779 τοῦτο
506 1727 728 1798 σαρκίον
756 1729 1194 1800 περικειμένους,
1222 1730 1320 1793 τὰς
1346 1729 1634 1796 θείας,,καὶ
1658 1729 1887 1801 ὑψηλὰς,

1995 1739 2234 1805 oportet,
2274 1731 2390 1787 ﬁeri
2433 1745 2544 1786 non
2588 1746 2771 1798 posse,
2808 1740 2868 1786 ut
2906 1746 3010 1787 nos
3053 1732 3147 1803 qui
3188 1734 3442 1789 homines
3469 1749 3564 1789 su-

322 1820 421 1871 καὶ
456 1819 655 1905 ἀύλους
696 1820 798 1891 τῆς
827 1820 1094 1893 Θεότητος
1140 1821 1423 1894 ἐνεργείας
1473 1825 1614 1877 νοεῖν
1646 1822 1679 1893 ἢ
1714 1822 1890 1892 λέγειν

1995 1842 2140 1888 mus,
2172 1838 2476 1894 crassaque
2523 1837 2693 1878 carne
2736 1822 3088 1888 involvimur,
3151 1824 3365 1881 divinas
3417 1825 3559 1885 illas.

322 1910 601 1977 ἀδύνατον,
635 1913 683 1965 εί
705 1913 779 1983 μὴ
811 1912 982 1968 είκόσι
1010 1915 1106 1969 καὶ
1131 1913 1324 1978 τύποις
1348 1914 1442 1969 καὶ
1472 1914 1759 1985 συμϐόλοις
1780 1917 1890 1980 τοῖς

1995 1926 2046 1973 et
2084 1915 2368 1980 excelsas;
2420 1911 2920 1983 immaterialesque
2966 1912 3284 1971 Divinitatis
3316 1915 3562 1969 actiones

322 2002 447 2055 καθ’
466 2005 613 2073 ἡμᾶς
643 2003 988 2075 χρησαίμεθα
1011 2013 1060 2059 ⁸.
1091 2005 1232 2059 Ὅσα
1249 2005 1432 2080 τοίνυν
1473 2007 1604 2076 περὶ
1627 2004 1763 2059 Θεοῦ
1788 2023 1890 2060 σω-

1995 2006 2368 2077 intelligamus
2402 2018 2466 2058 ac
2497 2017 2752 2059 sermone
2785 2003 3239 2073 complectamur,
3280 2005 3390 2060 nisi
3427 2005 3573 2075 ﬁge-

2639 1275 2791 1331 CAP.
2826 1275 2919 1331 XI.

2096 1369 2174 1423 De
2210 1368 2290 1423 his
2334 1383 2449 1439 qua:
2479 1367 2632 1422 modo
2664 1383 2914 1436 corporeo
2951 1370 3016 1423 de
3047 1368 3154 1425 Deo
3186 1372 3456 1428 dicuntur.

2064 1459 2338 1527 Quoniam
2393 1466 2574 1515 autem
2626 1459 2867 1529 plurima
2911 1460 2979 1514 de
3049 1459 3180 1527 Deo,
3236 1466 3561 1532 corporibus

1993 1550 2138 1607 afﬁni
2172 1550 2409 1621 quadam
2462 1549 2675 1603 ratione
2703 1551 2756 1602 in
2788 1550 2969 1604 sacris
3001 1547 3230 1605 Litteris
3262 1553 3563 1622 symbolice

324 2093 696 2165 ματικώτερον
733 2096 970 2168 εἴρηται,
1017 2096 1363 2167 συμϐολικῶς
1408 2098 1524 2151 ἐστι
1552 2098 1886 2169 λελεγμένα·

320 2184 435 2254 ἔχει
479 2184 534 2239 δὲ
575 2186 912 2257 ὑψηλοτέραν
953 2187 1223 2242 διάνοιαν·
1260 2188 1463 2243 ἁπλοῦν
1498 2188 1608 2261 γὰρ
1639 2189 1702 2243 τὸ
1739 2188 1890 2243 Θείον

321 2277 418 2328 καὶ¹
457 2276 881 2347 ἀσχημάτιστον.
925 2278 1266 2349 Ὀφθαλμούς
1308 2278 1406 2348 μὲν
1437 2276 1532 2333 οὖν
1567 2278 1703 2333 Θεοῦ
1727 2318 1744 2345 ,
1796 2281 1891 2333 καὶ

320 2365 586 2436 βλέφαρα,
643 2368 738 2420 καὶ
769 2369 982 2446 ὅρασιν,
1031 2370 1127 2423 καὶ
1155 2369 1254 2439 τὴν
1292 2370 1547 2425 ἁπάντων
1590 2370 1890 2442 ὲποπτικὴν

319 2456 488 2510 αὐτοῦ
519 2456 766 2528 δύναμιν,
793 2459 888 2513 καὶ
915 2460 976 2513 τὸ
1008 2460 1277 2531 ἀλάθητον
1301 2461 1400 2532 τῆς
1442 2461 1609 2515 αὐτοῦ
1636 2461 1889 2531 γνώσεως

321 2548 683 2619 ἐννοήσωμεν,
709 2549 817 2603 ἀπὸ
843 2549 938 2604 τοῦ
966 2551 1096 2623 παρ’
1127 2554 1259 2622 ἡμῖν
1301 2552 1390 2607 διὰ
1432 2552 1639 2621 ταύτης
1678 2554 1778 2623 τῆς
1806 2553 1889 2605 ai-

323 2637 570 2709 σθήσεως
621 2640 1005 2712 ἐντελεστέραν
1056 2641 1257 2711 γνῶσίν
1288 2657 1348 2694 τε
1377 2642 1471 2695 καὶ
1512 2641 1885 2713 πληροφορίαν

322 2730 654 2799 ἐγγίνεσθαι.
686 2728 824 2787 Ὦτα
861 2734 917 2787 δὲ
956 2734 1051 2788 καὶ
1090 2733 1281 2806 ἀκοὴν,
1325 2734 1387 2787 τὸ
1421 2732 1761 2799 ὲξιλεωτικὸν
1793 2735 1890 2787 αὐ-

321 2821 441 2885 τοῦ,
470 2824 563 2876 καὶ
612 2823 709 2893 τῆς
739 2824 1011 2896 ἡμετέρας
1052 2826 1298 2880 δεκτικὸν
1326 2825 1582 2897 δεήσεως.
1622 2826 1734 2880 Καὶ
1779 2827 1889 2896 γὰρ

323 2915 485 2986 ἡμεῖς
512 2917 624 2980 τοῖς
651 2916 750 2980 τὰς
773 2918 980 2983 ἱκεσίας
1020 2918 1383 2990 ποιουμένοις,
1418 2918 1507 2973 διὰ
1536 2918 1736 2989 ταύτης
1790 2919 1889 2989 τῆς

323 3008 630 3078 αἰσθήσεως
679 3009 926 3079 εὐμενεῖς
973 3011 1257 3082 γινόμεθα,
1299 3010 1664 3082 γνησιώτερον
1704 3011 1888 3073 αὐτοῖς

1992 2096 2070 2151 ris
2112 2102 2167 2151 et
2219 2092 2576 2165 imaginibus,
2622 2091 2910 2162 signisque
2951 2099 3166 2148 naturae
3195 2103 3399 2149 nostra:
3426 2110 3561 2149 cou-

1991 2186 2269 2243 sentaneis
2298 2193 2522 2240 utamur
2558 2185 2620 2241 ¹³.
2662 2183 2937 2251 Quocirca
2970 2200 3035 2240 ea
3070 2187 3256 2241 omnia
3284 2202 3406 2257 qua:
3443 2203 3564 2243 cor-

1990 2291 2156 2348 porea
2212 2277 2298 2332 vel
2348 2274 2630 2346 paululum
2688 2274 2909 2331 ratione
2968 2276 3036 2331 de
3101 2277 3209 2333 Deo
3269 2278 3559 2334 enuntiata

1991 2378 2141 2437 sunt,
2176 2369 2404 2440 ﬁgurate
2433 2368 2578 2423 dicta
2614 2378 2766 2433 sunt,
2814 2366 3179 2438 altioremque
3208 2383 3432 2425 sensum
3473 2370 3561 2424 in-

1990 2461 2257 2516 cludunt:
2316 2460 2521 2531 quippe
2569 2473 2695 2514 cum
2766 2458 2908 2514 Deus
2968 2459 3207 2529 simplex
3266 2460 3559 2529 omnisque

1990 2554 2179 2623 ﬁgurae
2216 2566 2414 2622 expers
2443 2551 2702 2607 exsistat.
2757 2547 2929 2620 Igitur
2980 2565 3080 2621 per
3106 2551 3319 2615 oculos,
3363 2560 3417 2607 et
3445 2553 3558 2621 pal-

1956 2646 2210 2716 .pebras,
2242 2646 2533 2715 visumque
2564 2643 2683 2708 Dei,
2724 2644 2832 2697 vim
2879 2643 3055 2712 ipsius
3091 2657 3275 2699 rerum
3310 2644 3556 2698 omnium

1991 2735 2400 2805 inspeetricem,
2433 2741 2598 2803 atque
2625 2730 2899 2802 ejusmodi
2943 2732 3313 2803 cognitionem
3353 2731 3559 2787 intelli-

1990 2840 2202 2897 gamus,
2233 2839 2397 2895 quam
2428 2839 2517 2880 res
2549 2824 2699 2879 nulla
2732 2822 2904 2894 fugiat
2937 2843 2950 2879 :
2982 2831 3042 2879 ut
3065 2824 3326 2879 nimirum
3358 2839 3557 2880 sensus

1989 2918 2301 2975 ministerio
2329 2916 2625 2988 perfectior
2663 2916 2825 2972 nobis
2865 2925 3027 2987 atque
3076 2914 3284 2972 certior
3313 2915 3557 2987 cognitio

1992 3009 2236 3066 accedat.
2262 3008 2367 3064 Per
2397 3022 2559 3064 aures
2589 3014 2644 3064 et
2665 3007 2911 3062 auditum
2967 3006 3145 3077 ipsius
3177 3006 3244 3060 ad
3273 3006 3561 3078 ignoscen-

322 3099 383 3152 τὸ
410 3096 504 3162 οὖς
537 3098 924 3163 ὲπικλίνοντες.
958 3101 1140 3171 Στόμα
1167 3102 1224 3154 δὲ
1270 3102 1364 3155 καὶ
1395 3101 1600 3165 λαλιὰν,
1635 3100 1696 3155 τὸ
1723 3101 1889 3155 ἐνδει-

1995 3102 2123 3158 dum
2173 3100 2598 3172 propensionem
2653 3099 2809 3172 145
2879 3108 3043 3171 atque
3098 3100 3155 3154 in
3218 3098 3561 3169 excipiendis

324 3186 513 3239 κτικδν
544 3186 644 3257 τῆς
674 3186 981 3257 βουλήσεως
1014 3187 1203 3253 αὐτοῦ,
1234 3189 1300 3242 ἐκ
1336 3190 1432 3242 τοῦ
1471 3191 1600 3260 παρ’
1626 3190 1757 3261 ἡμῖν
1801 3189 1890 3245 διὰ

326 3279 594 3348 στόματος
623 3280 717 3333 καὶ
743 3279 931 3343 λαλιᾶς
963 3280 1322 3353 σημαίνεσθαι
1354 3281 1423 3336 τὰ
1468 3282 1733 3353 ἐγκάρδια
1762 3282 1890 3354 νοὴ-

330 3384 495 3438 ματα.
554 3369 762 3439 Βρῶσιν
792 3369 850 3424 δὲ
890 3372 983 3424 καὶ
1015 3371 1195 3436 πόσιν,
1230 3372 1332 3444 τὴν
1362 3372 1639 3443 ἡμετέραν
1667 3371 1805 3444 πρὸς
1831 3373 1892 3426 τὺ

325 3459 493 3513 αὐτοῦ
528 3460 739 3533 θέλημα
796 3463 1120 3534 συνδρομήν.
1155 3464 1267 3518 Καὶ
1316 3464 1427 3535 γὰρ
1478 3466 1662 3535 ἡμεῖς,
1677 3464 1767 3519 διὰ
1793 3464 1891 3535 τῆς

326 3552 624 3623 γευστικῆς
654 3552 1075 3627 αἰσθήσεως,τὴν
1098 3555 1202 3624 τῆς
1230 3555 1443 3624 φύσεως
1470 3555 1889 3627 ἀναπληροῦμεν

325 3644 632 3711 ἀναγκαίαν
657 3642 853 3715 ὄρεξιν.
890 3644 1194 3715 Ὅσφρησιν
1214 3646 1291 3712 δὲ,
1318 3645 1379 3699 τδ
1402 3646 1776 3700 ἀποδεικτικὸν
1794 3646 1893 3715 τῆς

329 3736 468 3805 πρὸς
496 3734 659 3788 αὐτὸν
711 3734 941 3802 ἑννοίας,
995 3736 1091 3790 καὶ
1117 3735 1347 3800 ἑννοίας,
1393 3737 1459 3789 ἐκ
1486 3734 1580 3789 τοῦ
1612 3735 1742 3805 παρ’
1762 3736 1891 3806 ἡμῖν

326 3823 416 3878 διὰ
441 3822 647 3893 ταύτης
670 3825 769 3895 τῆς
797 3822 1224 3895 αἰσθήσεως,τὴν
1254 3825 1353 3894 τῆς
1375 3823 1602 3884 εὐωδίας
1623 3822 1891 3894 ἀποδοχὴν

329 3914 664 3983 ἐγγίνεσθαι.
684 3915 977 3986 Πρόσωπον
1004 3913 1083 3980 δὲ,
1114 3915 1213 3980 τὴν
1233 3914 1298 3967 δι’
1329 3913 1504 3985 ἔργων
1525 3913 1690 3966 αὐτοῦ
1727 3912 1894 3966 ἐνδει-

333 4004 414 4083 ξίν
448 4021 508 4057 τε
537 4006 631 4057 καὶ
684 4005 1077 4073 ὲμφάνειαν,ὲκ
1126 4003 1221 4058 τοῦ
1274 4004 1372 4073 τὴν
1401 4002 1677 4075 ἡμετέραν
1715 4004 1893 4073 ἐμφά-

331 4114 482 4151 νειαν
502 4096 592 4151 διὰ
624 4095 914 4171 προσώπου
946 4096 1210 4166 γίνεσθαι.
1228 4096 1427 4167 Χεῖρας
1460 4095 1539 4161 δὲ,
1586 4095 1647 4147 τὸ
1680 4097 1894 4150 ἀνυστι-

1993 3192 2252 3263 precibus
2299 3191 2508 3248 nostris
2543 3190 2962 3261 benignitatem.
3004 3187 3258 3245 Solemus
3296 3190 3441 3245 enim
3466 3203 3562 3259 per

1994 3284 2141 3340 hunc
2168 3298 2395 3340 sensum
2434 3283 2503 3339 iis
2545 3283 2642 3353 qui
2694 3282 2855 3337 nobis
2891 3281 3170 3352 supplices
3218 3289 3370 3345 sunt,
3403 3280 3562 3335 mites

1994 3393 2096 3434 nos
2125 3377 2426 3447 facilesque
2476 3375 2763 3446 praebere;
2819 3372 3117 3443 benignius
3165 3371 3421 3426 videlicet
3465 3384 3563 3425 au-

1994 3483 2107 3523 rem
2138 3467 2273 3537 ipsis
2315 3468 2691 3520 admoventes.
2734 3461 2836 3518 Per
2862 3476 2924 3517 os
2962 3475 3026 3515 ac
3071 3461 3422 3524 locutionem,
3461 3475 3561 3514 vo-

1997 3558 2225 3612 luntatis
2276 3557 2451 3626 ipsius
2502 3553 2932 3610 declarationem
2981 3553 3309 3622 accipimus.
3346 3550 3562 3621 Quippe

1996 3663 2098 3703 nos
2125 3662 2342 3718 quoque
2374 3645 2563 3701 abdita
2603 3644 2791 3699 cordis
2838 3657 3002 3699 sensa
3039 3656 3135 3711 per
3164 3658 3225 3698 os
3255 3649 3309 3697 et
3347 3655 3559 3698 sermo-

1996 3753 2119 3793 nem
2151 3739 2477 3809 promimus.
2511 3735 2618 3790 Per
2653 3734 2837 3790 cibum
2887 3744 2943 3789 et
2990 3741 3199 3803 potum,
3249 3739 3561 3802 promptum

1997 3836 2249 3885 nostrum
2298 3827 2367 3883 ad
2425 3827 2768 3882 voluntatem
2830 3837 3144 3879 accessum.
3193 3822 3408 3877 Etenim
3462 3835 3563 3877 nos

1999 3934 2219 3990 quoque
2262 3919 2638 3976 necessarium
2683 3926 2893 3971 naturae
2951 3915 3248 3984 appetitum
3279 3913 3563 3982 explemus

2001 4026 2097 4081 per
2144 4018 2340 4081 gustus
2383 4024 2629 4066 sensum.
2666 4006 2768 4062 Per
2799 4006 3083 4069 olfactum,
3140 4004 3243 4058 vim
3280 4018 3421 4071 eam,
3454 4018 3561 4073 qua

2002 4101 2387 4172 cogitationem
2464 4115 2529 4155 ac
2596 4096 3036 4155 benevolentiam
3107 4102 3323 4167 gratam
3405 4109 3564 4149 acce-

405 4281 448 4311 “
479 4274 784 4350 Greg.Naz.
809 4282 943 4330 orat.
973 4274 1076 4344 είς
1113 4276 1335 4346 Dionys.
1367 4289 1417 4329 c.
1439 4274 1474 4327 2
1498 4276 1568 4329 De
1598 4278 1704 4329 div.
1732 4291 1873 4330 nam.
1953 4276 1995 4307 ¹³
2022 4274 2241 4346 Dionys.
2274 4291 2323 4331 c.
2349 4277 2372 4329 1
2415 4276 2487 4329 De
2515 4276 2619 4330 div.
2654 4292 2795 4329 nam.
2822 4283 2877 4331 et
2910 4289 3029 4344 cap.
3062 4275 3141 4330 l5.
3190 4272 3263 4327 De
3293 4271 3405 4327 σαι.
3433 4272 3565 4325 Ιέίεν.

1632 4426 1866 4483 νΑιιιΑῑ
1906 4420 2312 4481 LECTIONES.

404 4589 683 4658 'Quidam
714 4587 936 4644 codices
981 4602 1092 4658 non
1127 4586 1327 4658 habent
1368 4583 1673 4658 ἅνθρωπος,
1735 4599 1833 4637 nec
1873 4582 2069 4653 legitur
2095 4582 2236 4653 apud
2270 4581 2491 4654 Dionys.
2541 4585 2635 4639 lib.
2674 4583 2746 4637 De
2794 4585 2900 4641 div.
2958 4602 3123 4646 nom.,
3185 4601 3250 4639 ex
3298 4599 3406 4654 quo
3461 4582 3572 4636 hinc

328 4652 639 4731 desumpta.
716 4670 736 4697 ε
771 4658 922 4712 Multi
980 4657 1100 4712 eod.
1144 4655 1211 4709 li.
1267 4652 1620 4731 χρησώμεθα.

1834 4742 2059 4799 ΝΟΤᾹΞΞ.

329 4889 453 4933 esse
482 4872 879 4943 operationem,
911 4869 1056 4924 aliud
1083 4866 1304 4943 idquod
1333 4872 1612 4943 operatur,
1651 4871 1704 4943 et
1744 4865 1888 4943 aliud
1928 4872 1971 4927 1)
1996 4881 2196 4943 c_or_p_us
2228 4866 2549 4920 ornabatur.
2595 4865 2685 4920 Sic
2722 4867 2933 4943 divina”
2950 4864 3568 4943 charismata,quorum

330 4945 479 5017 quod
501 4934 1032 5017 eﬁicitur,__obServat
1065 4939 1127 5017 τὸ
1149 4934 1448 5017 eum”,
1474 4936 1591 4991 sive
1619 4934 1892 5017 eﬁ‘eetum,

330 5005 479 5085 quod
499 5013 712 5085 actione
739 5005 921 5085 divina
940 5005 1287 5085 producitur,
1335 5005 1547 5085 necnon
1578 5005 1897 5083 relationem

331 5073 441 5156 qua
474 5085 528 5138 id
576 5082 810 5137 refertur
836 5080 921 5156 ad_
939 5073 1129 5144 Deum,
1165 5077 1328 5156 rebus
1356 5074 1571 5156 creatis.
1593 5073 1897 5136 acceuseri,

332 5143 464 5224 quia
513 5159 638 5224 sunt
684 5159 840 5224 extra
887 5148 1053 5224 Deum
1089 5143 1120 5198 :'
1159 5153 1235 5224 a_t_
1268 5145 1522 5199 virtutem
1562 5143 1734 5212 ipsam
1792 5156 1898 5212 qua

332 5216 481 5278 Deus
512 5223 623 5292 agit
666 5228 719 5275 et
738 5221 859 5292 ejus
883 5219 1152 5292 actionem
1186 5216 1327 5292 idem
1367 5227 1764 5292 esseprorsus,
1801 5227 1899 5292 nec

334 5295 405 5349 ab
428 5282 1075 5363 ejusvessenti'a‘dirjmil
1122 5287 1246 5339 licet
1286 5286 1339 5337 in
1380 5282 1539 5363 nobis
1569 5283 1897 5363 discrepent.

330 5350 767 5432 Nec'quisquam
800 5358 1022 5432 objiciet
1045 5357 1439 5432 Damascenuin
1462 5353 1518 5405 in
1540 5366 1808 5432 sermone_
1825 5350 1901 5404 De

333 5423 824 5502 transﬁgufatione,
848 5423 1030 5502 lumen
1059 5440 1166 5495 quo
1199 5423 1410 5502 Domini
1433 5436 1635 5502 corpus
1668 5423 1905 5502 resplen-

331 5504 473 5566 duit,
500 5492 771 5571 appellare
799 5492 1213 5571 cptiicﬁxetotov,
1235 5494 1407 5571 lumen
1428 5492 1739 5571 increatunt.
1768 5492 1903 5571 13am

334 5558 486 5628 aliud
524 5558 706 5626 l'u'men
746 5558 857 5623 non
896 5558 1167 5635 signiﬁcat
1199 5570 1394 5632 praeter
1442 5558 1906 5635 ipsttminct_Ver-

330 5657 485 5705 Dum,
508 5642 751 5711 quodest
783 5639 873 5691 tua:
903 5628 1025 5711 tte-ro
1047 5628 1360 5711 ἰίίιιηᾷηαηδ
1385 5628 1589 5711 omnem.
1618 5628 1902 5711 hominem,

332 5699 556 5783 propter
584 5710 741 5777 cujus
779 5707 1144 5777 praesentiam,
1195 5702 1402 5771 ingenti
1462 5700 1665 5755 lumine
1702 5699 1906 5754 Christi

650 5791 916 5863 Parnon.
953 5800 1064 5861 Gn.
1089 5796 1289 5858 XCIV.

2002 4936 2237 5005 Spiritus
2268 4946 2491 4991 sanctus
2527 4945 2721 5005 auctor
2756 4944 2861 4998 est,
2900 4935 3139 5005 Spiritus
3171 4941 3395 4986 sanctus
3432 4946 3574 5005 nuu-

2001 4999 2290 5075 cupantur.
2345 5002 2702 5060 Palamiticus
2753 4999 2957 5070 error,'
2987 5006 3146 5075 cujus
3192 5008 3386 5075 auctor
3438 4999 3572 5075 olim

1974 5069 2182 5131 .fuerat
2218 5076 2439 5130 Simeon
2470 5077 2579 5139 ille,
2616 5091 2776 5146 quem
2800 5069 3078 5130 Juniorent
3109 5073 3403 5146 theologum
3428 5069 3575 5146 voci-

2003 5153 2212 5205 tarunt,
2233 5138 2573 5215 proscriptus
2600 5138 2836 5215 primum
2866 5147 2969 5199 fuit
3009 5144 3191 5215 multis
3221 5138 3575 5215 in'synodis:

1978 5206 2249 5287 .posthac'
2263 5231 2389 5269 vero
2419 5206 2754 5287 appret-tatus
2773 5223 2875 5278 est,
2907 5213 3209 5284 praesertim
3264 5210 3321 5263 in
3343 5206 3575 5279 'synodo

2003 5286 2168 5356 quam
2198 5293 2435 5356 octavam
2477 5286 2769 5356 generalem
2806 5291 3146 5356 nuncupant,
3176 5288 3410 5356 propter
3437 5291 3576 5347 qua-

2008 5346 2134 5410 t'uor
2163 5346 2528 5423 patriarchas,
2548 5357 2641 5423 qui
2671 5353 2978 5408 adfuerunt.
2997 5346 3066 5423 "lu
3088 5346 3320 5423 concilio
3353 5346 3569 5405 Floren-

2011 5427 2135 5480 tino
2162 5418 2346 5478 Latini
2383 5425 2451 5479 de
2477 5418 2715 5478 essentia
2746 5429 2800 5477 et
2827 5422 3146 5491 Operatione
3174 5418 3452 5487 disputare
3482 5429 3577 5491 vo-

2007 5497 2230 5550 luerunt
2262 5509 2385 5547 cum
2418 5492 2643 5556 Graecis,
2675 5493 2769 5563 qui
2801 5486 3060 5563 id'l'aeere
3091 5486 3488 5563 detrectarunt,
3519 5486 3575 5563 τὸ

2006 5565 2062 5618 δὲ
2088 5564 2217 5634 περὶ
2254 5563 2438 5626 οὐσίας
2484 5566 2579 5619 καὶ
2623 5557 2901 5633 ἐνεργείας
2953 5560 3060 5613 οὐδ’
3101 5559 3238 5621 ὅλως
3281 5557 3573 5625 ἀπολογοῦ⁴

2012 5635 2170 5704 μεθα.

3071 5787 3138 5847 2⁷1
