3962 6300
374 329 479 392 843

1569 319 1626 377 S.
1665 314 1970 379 JOANNIS
2012 318 2471 379 DAMASCENI-

3539 321 3646 386 SH

377 455 636 515 piamque
667 437 850 493 habet.
905 430 1185 503 Siquidem
1211 439 1263 487 et
1298 445 1396 487 nos
1431 432 1662 486 odorum
1697 431 1948 500 fragran-

2072 433 2149 484 ιὸν
2177 431 2278 501 τῆς
2299 430 2576 514 ἐνεργείας
2608 429 2796 484 αὑτοῦ.
2815 429 2924 483 Καὶ
2954 430 3062 501 γὰρ
3093 429 3256 500 ἡμεῖς
3287 429 3353 482 τὰ
3380 432 3642 499 χρειώδην

377 538 506 589 tiam
569 548 662 603 per
716 529 861 584 hunc
913 541 1136 583 sensum
1199 525 1529 596 excipimus.
1577 523 1680 580 Per
1725 525 1946 590 faciem,

379 626 552 695 ipsius
584 637 678 692 per
707 635 872 691 opera
898 618 1423 675 demonstrationem
1455 632 1520 671 ac
1547 617 1947 673 ostensionem.

377 718 607 785 Quando
651 715 871 786 quidem
937 727 1038 768 nos
1087 726 1306 782 quoque
1335 726 1402 765 ex
1433 711 1586 765 vultu
1615 724 1823 779 oreque
1853 724 1949 780 pa-

379 815 486 865 lam
541 807 939 878 dignoscimur.
1003 803 1106 858 Per
1163 817 1380 866 manus,
1448 801 1722 855 actionem
1779 801 1951 864 illam,

302 934 315 948 ο
379 919 485 974 qua
515 915 680 972 opera
712 914 810 956 sua
833 896 1096 952 absolvit.
1136 896 1274 949 Nam
1310 909 1411 948 nos
1451 893 1617 946 etiam
1652 891 1950 966 utilissima

378 1010 610 1066 quaeque
640 1001 693 1047 et
731 988 1187 1060 praestantissima
1241 1001 1407 1056 opera
1446 984 1656 1038 nostris
1692 982 1954 1036 manibus

378 1089 663 1144 allicimus.
692 1083 796 1139 Per
822 1083 1126 1146 dexteram,
1161 1080 1338 1150 ipsius
1376 1081 1429 1132 in
1483 1078 1648 1132 rebus
1693 1074 1954 1132 secundis

378 1197 537 1252 opem
579 1189 633 1234 et
665 1177 972 1238 auxilium;
1015 1190 1079 1229 ex
1109 1188 1174 1227 eo
1211 1187 1405 1242 nempe
1437 1169 1584 1241 quod
1620 1185 1720 1224 nos
1771 1169 1824 1223 in
1861 1184 1952 1223 re—

381 1275 482 1328 bus
552 1268 978 1340 insignioribus,
1033 1279 1267 1334 qumque
1353 1261 1658 1329 plurimum
1733 1259 1956 1313 roboris

382 1362 690 1432 requirunt,
731 1359 925 1413 dextra
991 1355 1176 1426 potius
1230 1352 1442 1406 utimur
1494 1366 1681 1404 manu.
1741 1347 1843 1403 Per
1874 1357 1956 1400 ta-

381 1464 552 1518 ctum,
586 1451 954 1508 certissimam
1007 1447 1182 1516 ipsius
1227 1442 1727 1497 minutissimarum
1765 1454 1830 1493 ac
1865 1453 1956 1492 oc-

382 1545 816 1603 cultissimarum
876 1553 1059 1594 rerum
1113 1536 1554 1605 explorationem
1595 1541 1650 1587 et
1706 1531 1955 1586 exactio-

383 1650 554 1689 nem:
614 1631 686 1687 ob
749 1629 803 1683 id
851 1628 1085 1692 scilicet,
1167 1624 1313 1695 quod
1374 1625 1452 1677 illi
1513 1637 1756 1693 quoque,
1815 1636 1956 1691 quos

384 1731 813 1785 contrectamus,
871 1720 1008 1773 nihil
1053 1719 1200 1774 inse
1252 1718 1536 1772 occultare
1587 1725 1816 1786 queant.
1853 1717 1956 1771 l’er

2057 525 2152 578 xui
2183 523 2417 593 μάλιστα
2449 521 2752 594 τιμιώτερα
2780 521 2868 575 διὰ
2917 521 3027 575 τῶν
3060 521 3284 574 οἰκείων
3345 524 3646 595 κατορθοῦ-

2059 633 2158 687 μεν
2184 614 2403 686 χειρῶν.
2450 614 2641 682 Δεξιάν
2694 615 2775 679 δὲ,
2824 613 2922 686 τὴν
2949 615 3044 667 ἐπὶ
3076 618 3188 677 τοῖς
3236 615 3438 680 αἰσίοις
3472 618 3642 674 αὑτοῦ

2057 709 2332 778 βοήθειαν,
2355 708 2418 760 ὲκ
2445 704 2541 760 τοῦ
2569 707 2665 760 xui
2689 708 2840 777 ἡμᾶς
2873 706 3075 776 μᾶλλον
3100 707 3191 759 ἐπὶ
3213 707 3322 760 τῶν
3365 709 3646 780 εὐσχημοο

2054 801 2250 870 τέρων,
2283 801 2378 853 xui
2406 799 2776 870 τιμιωτέρων,
2820 800 2916 852 xui
2939 799 3198 870 πλείστης
3237 799 3422 871 ἰσχύος
3449 802 3643 873 δεομέ-

2056 905 2163 941 νων
2191 891 2258 958 τῇ
2289 887 2441 958 δεξιᾷ
2468 889 2796 959 κεχρῆσθαι.
2829 888 3164 958 Ψηλάφησιν
3189 889 3267 954 δὲ,
3297 891 3399 962 τὴν
3421 892 3642 962 ἀκριϐεο

2059 979 2257 1050 στέραν
2289 979 2478 1043 αὐτοῦ,
2508 982 2601 1033 καὶ
2633 980 2731 1051 τὴν
2760 981 2880 1034 λίαν
2909 981 3125 1035 λεπτῶν
3150 999 3230 1045 τε,
3263 985 3360 1037 xui.
3386 985 3641 1056 κρυπτῶν

2056 1071 2347 1140 διάγνωσίν
2373 1089 2452 1138 τε,
2493 1073 2589 1126 xui
2633 1072 2939 1144 εἴσπραξιν,
2972 1075 3036 1126 ὲκ
3075 1073 3169 1127 τοῦ
3215 1077 3345 1148 παρ’
3379 1079 3513 1147 ἡμῖν
3567 1077 3643 1149 μὴ

2056 1163 2317 1216 δύνασθαι
2335 1163 2462 1227 τοὺς
2490 1164 2930 1235 ψηλαφωμένους
2957 1165 3014 1218 ὲν
3038 1165 3254 1229 ἑαυτοῖς
3279 1185 3332 1220 τι
3356 1168 3641 1238 κρύπτειν.

2058 1254 2233 1317 Πόδας
2252 1255 2308 1307 δὲ
2340 1256 2433 1308 καὶ
2467 1255 2697 1325 βάδισιν,
2732 1257 2830 1326 τὴν
2854 1257 2989 1327 πρὸς
3027 1258 3350 1330 ἐπικουρίαν
3387 1260 3495 1314 τῶν
3526 1261 3644 1314 δεο-

2060 1347 2261 1415 μένων,
2313 1346 2346 1416 ἢ
2399 1347 2610 1416 ἐχθρῶν
2652 1349 2886 1418 ἄμυναν,
2944 1349 3186 1420 ἥᾶλλην
3223 1350 3347 1404 τινὰ
3411 1351 3635 1422 πρᾶξιν,

2058 1437 2269 1490 ἐλευσίν
2301 1456 2382 1504 τε,
2415 1440 2510 1493 xui.
2542 1441 2866 1511 παρουσίαν,
2892 1439 2957 1494 ἔκ
2995 1440 3090 1494 τοῦ
3124 1445 3255 1513 παρ’
3279 1444 3414 1514 ἡμῖν
3432 1444 3520 1498 διὰ
3544 1446 3644 1515 τῆς

2057 1530 2166 1584 τῶν
2195 1530 2369 1584 ποδῶν
2389 1532 2640 1601 χρήσεως
2662 1532 3047 1588 ἀποτελεῖσθαι
3075 1533 3173 1603 τὴν
3201 1535 3406 1604 ἄφιξιν.
3435 1537 3644 1607 Ὅρκον

2057 1622 2135 1686 δὲ,
2170 1621 2230 1674 τὸ
2268 1622 2606 1693 ἀμετάθετον
2652 1623 2755 1694 τῆς
2809 1623 3006 1695 βουλῆς
3035 1626 3224 1686 αὑτοῦ.
3279 1628 3344 1680 ἐκ
3381 1627 3477 1682 τοῦ
3510 1631 3642 1698 παρ’

2057 1715 2190 1782 ἡμῖν
2228 1713 2295 1766 δι’
2340 1715 2505 1784 ὅρκου
2533 1715 2632 1778 τὰς
2670 1716 2808 1786 πρὸς
2839 1717 3103 1787 ἀλλήλους
3131 1717 3482 1787 βεϐαιοῦσθαι
3513 1737 3642 1772 συν-

385 1815 550 1884 pedes
581 1822 634 1868 et
665 1810 1057 1874 incessionem,
1094 1808 1396 1862 adventum
1427 1807 1614 1877 ipsius
1633 1816 1686 1862 et
1719 1823 1957 1878 praesen-

2072 1806 2251 1877 ὶήκας.
2324 1807 2522 1878 Ὀργὴν
2562 1807 2616 1861 δὲ
2649 1785 2744 1862 xui.
2790 1785 2984 1880 θυμὸν,
3019 1785 3297 1881 τὴν-πρὸς
3321 1812 3421 1882 τὴν
3447 1813 3645 1865 κακίαν

383 1909 537 1970 tiam,
595 1905 677 1960 vel
724 1903 792 1958 ad
844 1916 1004 1972 opem
1054 1900 1343 1972 egentibus
1397 1899 1701 1966 ferendam,
1757 1899 1843 1955 vel
1891 1898 1961 1954 ad

385 2003 572 2056 hostes
608 1996 979 2061 ulciscendos,
1009 1995 1094 2050 vel
1151 1995 1217 2050 ad
1251 2009 1365 2051 rem
1413 1994 1576 2048 aliam
1613 1993 1910 2065 gerendam
1945 2012 1958 2048 :

383 2093 530 2164 quod
583 2090 843 2145 nimirum
878 2089 1037 2143 nobis
1071 2102 1293 2157 quoque
1325 2087 1430 2141 hoc
1467 2087 1635 2157 pedes
1677 2093 1961 2157 praestent,

387 2192 445 2236 ut
475 2182 541 2236 ad
579 2181 759 2235 locum
791 2179 1030 2248 aliquem
1077 2176 1488 2246 perveniamus.
1543 2174 1649 2229 Per
1676 2175 1965 2246 jusjuran-

385 2277 536 2337 dum,
591 2272 813 2328 consilii
863 2271 984 2340 ejus
1031 2269 1586 2322 immutabilitatem:
1640 2266 1788 2337 quod
1819 2265 1964 2339 apud

389 2385 488 2424 nos
543 2366 875 2436 interposito
901 2361 1266 2433 jurejurando
1305 2370 1493 2414 mutua
1539 2370 1700 2430 pacta
1747 2359 1968 2414 firmen-

387 2471 496 2515 tur.
543 2459 646 2514 Per
705 2460 845 2512 iram
899 2464 953 2512 et
1002 2455 1266 2519 furorem,
1326 2452 1600 2508 infensam
1658 2453 1780 2522 ejus
1836 2466 1967 2522 erga

387 2549 655 2604 malitiam
697 2547 1044 2602 voluntatem
1094 2559 1158 2600 ac
1215 2541 1429 2608 odium,
1482 2539 1617 2595 Nam
1667 2551 1720 2596 et
1748 2556 1849 2596 nos
1901 2553 1965 2595 ea

387 2655 508 2708 qua:
541 2651 666 2692 cum
719 2636 1004 2691 voluntate
1047 2639 1103 2687 et
1141 2631 1412 2686 sententia
1471 2637 1660 2682 nostra
1714 2633 1964 2696 pugnant

388 2733 514 2785 odio
537 2730 821 2792 habentes,
853 2727 908 2781 in
946 2725 1083 2780 iram
1117 2721 1538 2794 prorumpimus
1573 2720 1639 2773 ".
1680 2719 1785 2774 Per
1823 2718 1967 2773 obli-

389 2826 626 2884 vionem,
679 2833 934 2874 somnum
985 2824 1042 2872 et
1087 2815 1562 2879 dormitationem,
1613 2812 1964 2867 animadver-

398 2918 572 2970 sionis
608 2915 661 2966 in
693 2916 879 2967 hostes
906 2910 1245 2974 dilationem,
1275 2906 1648 2976 temporisque
1697 2919 1880 2959 moras
1910 2904 1968 2957 in

391 3006 596 3061 auxilio
628 3009 895 3059 consueto
948 3000 1181 3057 ferendo
1225 2999 1310 3063 iis,
1349 3013 1488 3070 quos
1535 2997 1738 3051 charos
1773 3012 1837 3050 ac
1873 3011 1968 3051 ne-

2059 1896 2360 1967 ἀπέχθειάν
2411 1915 2472 1952 τε
2524 1899 2619 1952 xui.
2648 1900 3025 1970 ἀποστροφήν.
3073 1900 3183 1953 Καὶ
3212 1901 3324 1972 γὰρ
3379 1903 3544 1973 ἡμεῖς
3577 1903 3644 1955 τά

2060 1989 2278 2043 ἐναντία
2316 1991 2416 2060 τῆς
2460 1988 2688 2060 γνώμης
2734 1989 3020 2060 μισοῦντες
3049 1990 3406 2062 ὀργιζόμεθα.
3460 1994 3645 2072 Λήθην

2060 2080 2140 2145 δὲ,
2170 2081 2263 2134 xui
2324 2079 2516 2145 ὕπνον,
2553 2081 2648 2134 xui
2697 2080 3029 2152 νυσταγμδν,
3078 2083 3178 2152 τὴν
3225 2083 3521 2155 ὑπέρθεσιν
3548 2085 3648 2155 τῆς

2063 2173 2172 2227 τῶν
2204 2173 2416 2244 ἐχθρῶν
2465 2172 2706 2242 ἀμύνης,
2743 2173 2838 2224 καὶ
2883 2172 2984 2242 τὴν
3040 2173 3144 2243 τῆς
3195 2175 3460 2244 συνήθους
3513 2176 3651 2246 πρὸς

2065 2267 2192 2330 τοὺς
2223 2266 2458 2328 οἰκείους
2499 2265 2750 2336 βοηθείας
2803 2264 3078 2336 ἀναϐολήν
3097 2282 3111 2296 '
3143 2267 3238 2319 xui
3262 2267 3449 2330 ἁπλῶς
3475 2269 3651 2320 εἰπεῖν

2066 2358 2249 2412 πάντα
2279 2358 2350 2412 τά
2382 2357 2712 2428 σωματικῶς
2737 2357 3006 2429 εἰρημένα
3030 2359 3121 2410 ἐπὶ
3145 2357 3303 2424 Θεοῦ,
3333 2359 3653 2429 κεκρυμμέ-

2066 2467 2165 2522 νην
2196 2449 2308 2520 έχει
2343 2449 2466 2502 τινὰ
2513 2447 2746 2515 ἔννοιαν,
2787 2451 2852 2502 ἐκ
2880 2450 2987 2503 τῶν
3050 2449 3170 2502 καθ’
3201 2452 3349 2520 ἡμᾶς
3392 2451 3462 2504 τὰ
3509 2453 3654 2522 ὑπὲρ

2065 2543 2215 2612 ἡμᾶς
2265 2541 2708 2608 ὲκδιδάσκουσαν,
2761 2543 2810 2594 εἰ
2844 2542 2919 2612 μή
2956 2559 3010 2594 τι
3039 2543 3289 2612 περὶτῆς
3333 2544 3656 2614 σωματικῆς

2072 2632 2164 2686 τοῦ
2198 2633 2335 2686 Θεοῦ
2369 2633 2544 2702 Λόγου
2570 2633 2866 2704 ἐπιδημίας
2896 2633 3130 2704 εἴρηται.
3151 2635 3321 2698 Δύτδς
3343 2635 3450 2706 γὰρ
3475 2635 3655 2689 πάντα

2073 2726 2164 2781 τὸν
2194 2727 2478 2798 ἄνθρωπον
2511 2729 2555 2760 ³·
2589 2725 2679 2779 διὰ
2711 2727 2808 2796 τὴν
2844 2726 3121 2798 ἡμετέραν
3162 2727 3436 2798 σωτηρίαν
3469 2728 3656 2782 ἀνεδέ-

2074 2817 2224 2885 ξατο,
2249 2817 2428 2888 ψυχὴν
2462 2817 2678 2889 νοερὰν,
2711 2819 2804 2872 xui
2840 2818 3033 2888 σῶμα,
3081 2819 3174 2872 xui.
3207 2819 3276 2873 τὰ
3302 2823 3400 2890 τῆς
3443 2820 3657 2891 ἀνθρω-

2073 2910 2236 2980 πίνης
2266 2911 2481 2979 φύσεως
2508 2909 2798 2982 ἰδιώματα,
2830 2911 2900 2966 τά
2920 2928 2979 2965 τε
3010 2911 3237 2982 φυσικὰ,
3270 2913 3364 2967 xui
3397 2913 3660 2984 ἀδιάϐλη-

2073 3017 2141 3053 τα
2171 2999 2340 3072 πάθη.

394 3099 672 3157 cessarios
705 3093 884 3148 habet.
919 3091 1180 3161 Denique,
1223 3097 1282 3142 ut
1311 3103 1420 3145 uno
1461 3087 1628 3142 verbo
1663 3087 1868 3152 dicam,
1902 3087 1958 3142 in
1999 3089 2067 3144 iis
2096 3089 2356 3144 omnibus
2386 3104 2509 3159 qua:
2537 3089 2604 3144 de
2639 3088 2750 3145 Deo
2780 3104 3053 3161 corporeo
3119 3093 3284 3146 modo
3353 3095 3655 3149 enuntian-

392 3199 504 3252 tur,
534 3187 822 3241 abstrusus
850 3181 1071 3252 quidam
1133 3193 1336 3234 sensus
1407 3178 1570 3244 inest,
1619 3191 1730 3248 quo
1780 3193 1876 3248 per
1918 3177 2010 3232 illa
2083 3194 2206 3248 quae
2255 3179 2415 3234 nobis
2471 3191 2810 3252 congruunt,
2864 3197 2926 3237 ea
2992 3196 3112 3252 qua:
3149 3197 3316 3252 supra
3372 3199 3474 3239 nos
3526 3194 3658 3242 sunt

392 3282 729 3337 cdocemur:
779 3276 885 3332 nisi
940 3276 1085 3330 forte
1133 3273 1417 3344 quidpiam
1466 3272 1535 3328 de
1565 3288 1836 3344 corporeo
1874 3272 1967 3328 Dei
2044 3273 2288 3330 adventu
2334 3274 2548 3329 dictum
2623 3284 2728 3332 est.
2775 3273 2907 3330 Nam
2971 3277 3089 3346 ipse
3151 3286 3323 3332 totum
3376 3279 3656 3336 hominem

394 3375 594 3430 salutis
644 3380 852 3426 nostra:
927 3381 1096 3424 causa
1141 3365 1419 3436 suscepit;
1477 3364 1580 3420 hoc
1641 3373 1730 3420 est
1805 3365 2047 3419 animam
2087 3365 2509 3436 intelligentem,
2565 3373 2620 3420 et
2653 3381 2881 3438 corpus,
2928 3376 3091 3438 atque
3145 3367 3396 3427 humanae
3443 3382 3657 3428 naturae

395 3468 774 3539 proprietates,
828 3476 1039 3518 necnon
1089 3459 1389 3525 naturales,
1455 3460 1703 3530 nullique
1766 3458 2188 3530 reprehensioni
2220 3459 2494 3516 obnoxias
2529 3460 2843 3530 passiones.

1019 3550 1171 3609 CAP.
1224 3549 1340 3605 XII.

841 3641 994 3718 146
1030 3644 1107 3699 De
1142 3643 1327 3698 iisdem
1363 3643 1535 3696 rebus.

469 3744 567 3798 Dei
599 3739 814 3795 nomina
851 3751 916 3790 ea:
948 3735 1160 3789 creatis.
1190 3763 1260 3776 --
1281 3730 1576 3786 Enimvero
1612 3730 1728 3784 luec
1779 3744 1845 3785 ex
1886 3743 1975 3784 sa-

398 3834 534 3896 cris,
572 3838 631 3885 ut
675 3828 895 3884 divinus
942 3824 1019 3878 ait
1057 3823 1349 3894 Dionysius
1389 3821 1716 3891 Areopagita
1749 3821 1816 3885 “,
1879 3819 1977 3874 do-

399 3939 590 3982 cemur
617 3921 893 3983 oraculis;
940 3915 1087 3988 quod
1125 3929 1321 3984 nempe
1353 3913 1500 3969 Deus
1525 3915 1776 3968 omnium
1807 3927 1977 3968 causa

318 3993 320 3996 6
401 4032 464 4071 ac
486 4016 639 4084 origo
665 4013 768 4077 sit;
819 4025 1008 4065 eorum
1041 4022 1163 4077 qua:
1185 4015 1333 4072 sunt,
1367 4004 1636 4071 essentia;
1669 4004 1971 4059 viventium

402 4109 550 4175 vita;
611 4103 963 4159 rationalium
1015 4099 1198 4163 ratio;
1251 4096 1706 4166 intelligentium,
1757 4095 1972 4150 intelle-

403 4207 558 4262 ctus;
605 4209 669 4249 ac
705 4207 896 4248 eorum
947 4187 1169 4259 quidem
1219 4187 1315 4256 qui
1366 4186 1436 4240 ab
1467 4200 1534 4240 eo
1578 4186 1860 4250 labuntur,
1900 4199 1982 4239 re-

403 4286 618 4343 vocatio
659 4290 714 4338 et
746 4281 987 4345 erectio;
1035 4291 1231 4332 eorum
1261 4284 1444 4330 autem
1491 4275 1586 4346 qui
1624 4274 1674 4329 id
1703 4274 1851 4345 quod
1883 4288 1980 4328 na-

407 4391 544 4435 turae
589 4378 1026 4432 consentaneum
1085 4373 1210 4432 est,
1259 4373 1625 4436 corrumpunt
1657 4375 1712 4421 et
1757 4367 1979 4431 vitiant,

405 4466 692 4524 renovatio
733 4470 788 4518 et
820 4460 1194 4526 instauratio;
1228 4472 1420 4514 eorum
1453 4458 1547 4528 qui
1578 4457 1830 4529 profanis
1863 4459 1982 4529 qui-

410 4557 638 4614 husdam
671 4551 932 4607 ﬂuctibus
959 4549 1266 4620 iactantur,
1297 4561 1456 4602 sacra
1487 4547 1809 4614 stabilitas;
1835 4557 1985 4603 stan-

309 4705 324 4718 ,
413 4649 544 4703 tium
579 4654 760 4700 tutum
805 4640 1155 4714 praesidium;
1208 4640 1620 4710 assurgentium
1679 4639 1747 4693 ad
1803 4641 1985 4708 ipsum

418 4743 496 4791 tia
541 4743 598 4790 et
641 4732 1021 4794 manuductio,
1075 4743 1182 4800 qua
1243 4729 1298 4782 in
1341 4728 1515 4782 altum
1575 4729 1982 4784 subvehuntur.

417 4827 628 4882 Addam
679 4825 867 4889 etiam,
905 4834 1096 4877 eorum
1129 4819 1220 4888 qui
1254 4817 1324 4870 ab
1359 4817 1479 4887 ipso
1529 4816 1660 4871 facti
1707 4828 1856 4886 sunt,
1889 4819 1985 4874 Pa-

2001 3557 2048 3617 C

2683 3551 2936 3605 ΚΕΦΑΛ.
2970 3551 3071 3606 IB'.

2608 3643 2747 3712 Περί
2775 3642 2893 3696 τῶν
2915 3643 3133 3698 αὐτῶν.

2151 3733 2336 3788 Ταῦτα
2365 3733 2465 3804 μὲν
2489 3728 2583 3787 οῦν
2631 3735 2693 3786 ἐκ
2744 3733 2853 3787 τῶν
2885 3735 3047 3804 ἱερῶν
3084 3736 3409 3808 μεμνήμεθα
3437 3737 3656 3808 λογίων,

2077 3825 2151 3888 ὡς
2184 3825 2328 3888 θεῖος
2365 3824 2470 3894 ἔφη
2517 3823 2796 3888 Διονύσιος
2826 3825 2853 3876 6
2889 3825 3322 3896 Ἀρεοπαγίτηςο
3355 3827 3437 3882 ὅτι
3463 3831 3490 3882 ό
3526 3831 3659 3894 Θεὸς

2081 3917 2296 3970 πάντων
2320 3917 2466 3970 ἐστὶν
2490 3916 2640 3970 αἰτία
2674 3917 2766 3970 xui
2790 3916 2934 3988 ἀρχή
2959 3933 2973 3947 ·
3003 3917 3111 3972 τῶν
3137 3918 3306 3972 ὅντων
3330 3921 3487 3976 οὐσία
3507 3940 3520 3952 ·
3549 3923 3658 3976 τῶν

2081 4005 2300 4070 ζώντων
2336 4006 2451 4078 ζωή
2469 4023 2483 4037 ο
2510 4006 2617 4060 τῶν
2638 4005 2871 4075 λογικῶς
2900 4006 3070 4062 ὄντων
3111 4009 3267 4078 λόγος
3287 4027 3302 4040 ο
3327 4010 3434 4064 τῶν
3459 4013 3661 4082 νοερῶς

2081 4097 2246 4152 ὄντων
2272 4097 2424 4160 νοῦς·
2459 4098 2557 4150 xui
2581 4096 2690 4151 τῶν
2718 4097 2819 4168 μὲν
2847 4099 3268 4154 ἀποπιπτόντων
3291 4102 3484 4173 αὐτῆς,
3526 4104 3660 4159 ἀνάε

2082 4190 2275 4259 κλησίς
2300 4206 2359 4242 τε
2390 4189 2484 4244 καὶ
2513 4189 2811 4252 ἀνάστασις
2832 4207 2844 4218 ·
2866 4189 2973 4243 τῶν
2997 4208 3055 4243 τε
3087 4193 3566 4264 καταφθειρόντων
3601 4195 3663 4248 τὸ

2084 4282 2226 4336 κατά
2255 4281 2441 4350 φύσιν,
2471 4282 2870 4352 ἀνακαινισμὺς
2916 4283 3012 4336 xui.
3061 4286 3516 4356 μεταμόρφωσις⁶
3556 4288 3665 4341 τῶν

2084 4372 2142 4425 δὲ
2165 4372 2497 4442 κινουμένων
2525 4372 2669 4426 κατά
2697 4389 2819 4425 τινα
2843 4372 3056 4445 ἀνίερον
3084 4375 3265 4441 σάλον,
3287 4377 3494 4449 ἵδρυσις
3522 4379 3664 4450 ἰερά-

2086 4464 2182 4515 xui.
2232 4461 2341 4514 τῶν
2390 4461 2702 4531 ἑστηκότων
2759 4464 3058 4531 ἀσφάλεια·
3093 4466 3189 4518 xui
3221 4466 3330 4519 τῶν
3374 4469 3463 4520 ἐπ’
3499 4469 3668 4540 αὐτὴν

2086 4551 2621 4621 ἀναγομένωνοόδὸς,
2651 4553 2746 4607 καὶ
2768 4553 3070 4624 ἀνατατικὴ
3098 4556 3459 4624 χειραγωγία.
3491 4558 3671 4626 ΙΙροσο

2090 4641 2242 4712 θήσω
2277 4642 2333 4695 δὲ
2373 4642 2454 4724 6;:
2494 4642 2589 4695 xui.
2615 4643 2724 4696 τῶν
2755 4643 2845 4696 ὑπ’
2897 4644 3062 4697 αὐτοῦ
3103 4646 3523 4715 πεποιημένων,
3561 4645 3673 4697 [lu-

2087 4734 2214 4806 τήρ.
2251 4732 2600 4806 κυριώτερον
2629 4735 2738 4806 γὰρ
2757 4738 2784 4788 6
2813 4735 2948 4798 Θεὸς
2972 4735 3126 4806 ἡμῶν
3158 4737 3274 4788 ἐστι
3304 4735 3522 4806 Πατὴρ,
3559 4739 3587 4788 6
3612 4737 3674 4788 ὲκ

2097 4826 2173 4897 μὴ
2205 4826 2374 4879 ὄντων
2404 4829 2486 4890 εἰς
2512 4831 2571 4880 τὸ
2601 4823 2740 4880 εἶναι
2771 4826 3134 4897 παραγαγὼν,
3155 4828 3188 4898 ἦ
3210 4828 3261 4880 οἰ
3285 4829 3673 4898 γεννήσαντες,

420 4932 528 4974 ter.
559 4917 800 4982 Etenim,
836 4914 882 4969 si
911 4911 1131 4982 pr0prie
1162 4911 1476 4978 loquamur,
1514 4907 1658 4965 Deus
1683 4909 1848 4966 Pater
1877 4928 1966 4966 no-

2072 4919 2144 4971 οἰ
2171 4918 2230 4983 ἐξ
2263 4916 2429 4970 αὐτοῦ
2452 4957 2466 4980 ,
2499 4918 2597 4971 καὶ
2642 4918 2702 4970 τὸ
2736 4914 2900 4982 εῖναι,
2925 4919 3020 4970 xui
3044 4919 3104 4970 τὸ
3127 4920 3322 4990 γεννᾷν
3359 4919 3674 4988 εἰληφότες·

419 5020 532 5065 ster
584 5007 772 5063 verius
825 5013 930 5069 est,
984 5002 1080 5071 qui
1128 5015 1194 5054 ex
1249 4998 1427 5053 nihilo
1479 5014 1580 5054 nos
1635 5001 1984 5070 produxerit,

420 5117 584 5172 quam
621 5099 717 5171 qui
757 5110 858 5151 nos
888 5102 1229 5165 genuerunt;
1289 5097 1478 5163 utpote
1510 5093 1603 5164 qui
1629 5101 1744 5153 tum
1771 5103 1827 5155 ut
1856 5098 1990 5163 sint,

422 5281 465 5312 “
493 5278 655 5349 Greg.
689 5274 824 5330 Nan.
859 5282 1001 5329 orat.
1030 5268 1118 5328 37.

2098 5008 2207 5063 τῶν
2239 5009 2542 5078 ἑπομένων,
2573 5009 2664 5062 xui
2686 5010 2778 5061 ὑπ’
2799 5008 2963 5062 αὐτοῦ
2985 5009 3426 5080 ποιμαινομένων
3451 5011 3679 5078 ποιμήνο

2098 5100 2206 5155 τῶν
2237 5099 2640 5171 φωτιζομένων,
2669 5101 2932 5173 ἔλλαμψις
2955 5116 2969 5131 ·
3003 5101 3108 5155 τῶν
3128 5101 3468 5171 τελουμένων
3496 5101 3683 5154 τελετο

1207 5269 1248 5300 ”
1273 5261 1502 5342 Dionys.
1527 5284 1650 5342 cap.
1685 5271 1712 5325 1
1746 5271 1826 5329 De
1857 5274 1964 5329 div.
1997 5291 2140 5331 nam.

1736 5426 1969 5484 ΥΔΒΙΑΞ
2010 5427 2412 5486 LECTIONES.

498 5543 733 5617 (Regii
803 5551 1036 5617 quatuor
1109 5541 1498 5617 uarum-uuam
1569 5540 1878 5612 ἄνθρωπον.
1931 5541 2040 5617 _Sic
2104 5543 2303 5617 legisse
2379 5546 2596 5617 videtur
2658 5543 3092 5617 vetusinterpres
3179 5546 3314 5617 qui,
3383 5563 3692 5603 uniuersum

424 5610 706 5687 hominem,
738 5610 940 5687 posuit.
997 5610 1054 5664 ln
1085 5613 1290 5687 cod._b‘.
1318 5612 1423 5687 [ιιι.
1450 5610 1840 5687 supravocem
1872 5613 2048 5687 πάντα
2081 5610 2344 5682 scriptum
2368 5626 2452 5668 est
2479 5616 2510 5685 ἢ
2549 5615 2705 5687 ὅλον)
2738 5615 2884 5684 quod
2913 5610 3062 5671 vocis
3079 5610 3698 5687 nuvéuﬂnterpretutio

422 5695 528 5740 cst.
585 5684 712 5757 Non
740 5681 893 5757 enim
933 5697 1149 5734 omnem
1203 5683 1503 5757 hominem,
1545 5681 1643 5739 sed
1711 5691 1906 5752 totum,
1962 5684 2067 5739 hoc
2127 5681 2212 5740 est
2259 5681 2511 5739 naturam
2567 5681 2886 5755 perfectam,
2951 5688 3252 5757 assumpsit
3287 5681 3563 5755 Chrtsius,
3626 5701 3694 5742 ac

415 5763 570 5811 totus
616 5755 714 5811 toti
745 5755 932 5807 unitus
961 5758 1062 5818 est,
1084 5758 1142 5802 ut
1168 5751 1243 5806 ait
1267 5752 1458 5806 'l‘heol.
