3962 6300
355 335 468 400 845

1454 333 1553 393 DE
1584 333 1764 392 FIDE
1790 332 2253 394 ORTIIODOXA
2296 336 2443 394 LIB.
2486 335 2535 393 Ι.

3521 340 3631 403 846

353 447 551 520 αρχία·
601 443 713 498 τῶν
761 444 1068 513 θεουμένων
1116 442 1379 513 Θεαρχία·
1452 440 1561 494 τῶν
1632 442 1936 496 διεστώτων

2048 450 2161 497 tum
2195 455 2251 498 ut
2278 446 2588 515 gignerent,
2622 446 2799 517 ipsius
2829 462 3059 505 munere
3090 459 3222 506 sunt
3253 453 3536 508 consecuti
3562 454 3630 506 ¹⁶.

351 541 544 610 εἰρήνη
567 555 580 567 ·
614 538 709 590 καὶ
730 535 841 589 τῶν
865 534 1225 607 ἁπλουμένων
1255 534 1499 603 ἁπλότης
1516 549 1528 561 ⁸
1570 534 1663 586 καὶ
1686 534 1793 587 τῶν
1832 536 1943 587 ἑνι-

353 631 598 701 ςομένων
622 628 811 697 ἑνότης
835 643 848 655 ·
891 629 1070 699 ἀρχῆς
1099 627 1323 696 ἁπάσης
1359 624 1704 693 ὑπερούσιος,
1734 626 1810 688 ώς
1837 628 1941 679 ὑπ-

353 723 543 792 άρχιος
573 722 716 793 ἀρχή
740 738 752 752 ·
790 722 886 774 καὶ
911 720 1005 775 τοῦ
1030 722 1289 792 κρυφίου,
1331 720 1451 790 ἦτοι
1479 720 1579 788 τῆς
1608 719 1773 772 αὑτοῦ
1800 719 1941 787 γνώ-

354 831 495 876 σεως
524 813 669 867 κατά
709 813 772 866 τὸ
798 812 1022 883 Θεμιτὸν
1073 815 1170 867 καὶ
1207 812 1430 882 ἐφικτὸν
1483 811 1722 880 ἑκάστῳ,
1758 811 1939 882 ἀγαθὴ

356 906 662 976 μετάδοσις.

354 997 699 1067 simplicitati
768 998 1145 1064 studentium,

2050 532 2146 587 Est
2177 532 2406 603 insuper
2438 543 2491 591 et
2523 550 2715 590 eorum
2759 539 2852 607 qui
2887 539 3068 607 ipsum
3102 550 3437 609 sequuntur,
3480 551 3535 597 et
3561 556 3629 597 eo

2049 636 2270 693 pastore
2326 635 2630 697 reguntur,
2665 639 2884 698 pastor;
2939 646 3131 685 eorum
3169 633 3265 703 qui
3318 633 3635 688 illuminan-

2051 727 2160 781 tur,
2208 720 2573 774 coruscatio:
2624 734 2820 774 eorum
2864 723 2960 791 qui
3001 724 3178 779 sacris
3224 724 3507 795 mysteriis
3534 726 3634 779 im-

2049 810 2319 876 buuntur,
2371 811 2705 867 initiationis
2746 828 2994 882 auspex;
3045 830 3239 870 eorum
3288 818 3380 886 qui
3430 818 3633 873 deitate

2048 903 2346 971 donantur,
2401 904 2627 960 deitatis
2695 905 2957 975 largitor;
3012 905 3429 973 dissidentium,
3487 924 3630 978 pax;

1246 1000 1602 1070 simplicitas;
1666 999 1975 1055 colentium
2052 999 2344 1065 unitatem,
2400 998 2613 1066 unitas;
2679 999 2939 1069 principii
3016 1000 3219 1065 omnis,
3271 1002 3629 1072 principium,

354 1096 595 1151 essentia
645 1095 795 1149 omni
846 1096 1123 1166 principio
1184 1098 1481 1152 sublimius
1532 1111 1643 1151 :ac
1684 1096 1943 1167 Tdenique
1976 1095 2179 1151 occulti
2217 1097 2328 1159 sui,
2383 1096 2433 1150 id
2473 1106 2557 1150 est
2628 1110 2743 1151 suae
2797 1096 3157 1167 cognitionis,
3209 1104 3479 1166 quantum
3546 1098 3632 1153 fas

354 1199 461 1257 est,
523 1203 586 1244 ac
634 1204 736 1258 pro
785 1188 1057 1260 cujusque
1105 1199 1292 1262 captu,
1345 1191 1581 1263 benigna
1630 1192 2077 1247 comnnmicatio.

429 1499 546 1575 [Ioc
570 1511 731 1575 caput
758 1501 895 1575 quod
924 1503 1161 1569 proxime
1200 1504 1456 1575 sequitur,
1490 1501 1821 1575 adjectit‘ium
1860 1510 1968 1575 _est,
2000 1516 2090 1553 nec
2122 1503 2379 1575 reperitur
2417 1502 2772 1575 incodicibus
2809 1503 3204 1575 vetustioribus,
3238 1504 3328 1556 sed
3362 1503 3414 1575 in
3444 1503 3631 1570 paucis

354 1571 672 1642 quibusdam
700 1573 1071 1642 recentissimw
1104 1570 1277 1627 noth
1296 1572 1359 1625 In
1396 1572 1553 1642 Regio
1589 1571 1728 1625 5109
1778 1570 2169 1642 Ιιαὺειιινᾼυοδι
2198 1587 2317 1640 cap.
2346 1572 2378 1626 9
2431 1572 2521 1642 lib.
2557 1588 2631 1634 tv,
2665 1581 2712 1625 et
2747 1573 2800 1625 in
2834 1572 2993 1641 Regio
3027 1572 3198 1625 altero
3232 1590 3284 1626 n.
3319 1574 3482 1634 5451,
3512 1582 3631 1639 post

355 1640 534 1710 caput.
570 1641 605 1693 2
633 1642 725 1695 lib.
754 1658 814 1695 ll.
868 1641 1183 1697 Lambecius
1243 1652 1417 1696 monet
1456 1640 1771 1709 adjunctum
1827 1641 1959 1692 illud
2008 1640 2174 1709 fuisse
2206 1642 2259 1694 in
2302 1643 2419 1696 cod.
2459 1641 2772 1695 Cwsariano
2811 1659 2865 1697 η.
2906 1640 3014 1696 ‘200
3049 1642 3118 1693 ad
3168 1646 3365 1697 calcem
3401 1643 3527 1695 libri
3558 1642 3634 1696 De

359 1713 464 1766 Iide
496 1712 823 1765 orthodoxa.
862 1711 1008 1765 Illud
1036 1728 1153 1767 vero
1179 1711 1385 1766 Joanni
1414 1712 1748 1765 Damasceno
1798 1711 2133 1763 tribuendum
2160 1727 2293 1775 esse,
2322 1711 2560 1764 Joannes
2590 1712 2812 1771 Beccus.
2838 1713 3154 1781 patriarcha
3186 1714 3452 1781 quondam
3488 1712 3631 1767 Con-

356 1781 894 1853 stantinopolitanus,
930 1782 1148 1851 ejusque
1183 1784 1313 1837 socii
1353 1783 1618 1837 evicerunt
1648 1781 1975 1853 inusolemni
2006 1791 2261 1853 conventu
2289 1783 2674 1849 episcoporum,
2712 1783 2865 1851 cujus
2902 1791 3021 1836 acta
3048 1781 3303 1853 Georgius
3331 1782 3631 1853 Pachyme—

358 1869 439 1905 res
466 1853 517 1904 in
549 1848 889 1915 Andronico,
923 1848 1034 1922 lib:
1062 1848 1145 1907 ⁷νιι
1174 1853 1355 1922 refert.
1415 1853 1663 1919 Quinimo
1702 1851 1972 1922 Georgius
2014 1848 2326 1904 Scholarius
2378 1854 2431 1904 in
2468 1860 2691 1918 utroque
2746 1848 2896 1920 opere
2928 1851 3067 1922 quod
3100 1851 3165 1905 de
3189 1848 3429 1921 Spiritus
3459 1848 3632 1908 saneti

357 1922 690 1990 processione
716 1923 967 1978 adversus
1003 1920 1226 1978 Latinos
1258 1921 1445 1989 edidit,
1477 1922 1650 1976 nostri
1678 1921 1915 1975 auctoris
1948 1920 2114 1988 {etum
2142 1936 2253 1974 esse
2288 1922 2539 1975 indubius
2571 1926 2835 1991 agnoscit.

506 2231 635 2284 Ἔτι
671 2232 796 2299 περὶ
823 2234 996 2288 θείων
1028 2235 1339 2304 ὀνομάτων
1359 2235 1803 2306 ἀκριϐέστερον.

2254 2236 2439 2289 Adhuc
2468 2236 2528 2288 de
2550 2236 2739 2289 divinis
2759 2235 3058 2290 nominibus
3090 2234 3414 2288 accuratius.

429 2323 504 2375 Τὸ
533 2322 685 2377 Θεῖον
714 2324 1100 2395 ἀκατάληπτον
1146 2326 1226 2392 ὃν,
1263 2327 1479 2391 πάντως
1534 2332 1628 2381 καὶ
1657 2328 1937 2399 ἀνώνυμον

356 2416 532 2471 ἔσται.
579 2416 924 2484 Ἀγνοοῦντες
949 2413 1042 2472 οὖν
1072 2418 1170 2491 τὴν
1196 2420 1385 2473 οὐσίαν
1412 2421 1602 2487 αὑτοῦ,
1628 2421 1726 2491 τῆς
1750 2423 1937 2486 οὐσίας

356 2500 522 2555 αὐτοῦ
564 2501 638 2573 μὴ
676 2504 1073 2576 ἐκζητήσωμεν
1109 2506 1310 2577 ὄνομα·
1356 2507 1628 2579 δηλωτικά
1675 2509 1783 2580 γὰρ
1829 2510 1937 2565 τῶν

359 2599 702 2667 πραγμάτων
732 2600 849 2652 ἐστὶ
870 2600 938 2654 τὰ
961 2601 1234 2672 ὀνόματα·
1262 2603 1379 2656 ἀλλ’
1405 2605 1609 2672 ἀγαθὸς
1641 2604 1716 2659 ὣν
1739 2608 1767 2659 ὁ
1783 2605 1934 2672 Θεὸς,

358 2687 454 2740 καὶ
486 2689 576 2739 ἐπὶ
604 2688 821 2757 μεθέξει
848 2691 947 2761 τῆς
969 2693 1305 2762 ἀγαθὸτητος
1337 2695 1677 2765 παραγαγὼν
1700 2698 1848 2767 ἡμᾶς
1876 2699 1941 2751 ἐκ

356 2775 454 2830 τοῦ
495 2777 570 2849 μὴ
599 2778 750 2844 ὄντος
782 2782 863 2844 είς
900 2783 960 2835 τὸ
983 2778 1146 2848 εἶναι,
1186 2785 1279 2837 καὶ
1320 2787 1656 2853 γνωστικοὺς
1708 2789 1940 2859 ποιήσας

355 2870 528 2938 ἡμᾶς,
558 2869 746 2942 ὥσπερ
775 2874 834 2925 οὐ
876 2875 975 2944 τῆς
1020 2877 1209 2939 οὐσίας
1246 2877 1412 2931 αὑτοῦ
1449 2879 1753 2948 μετέδωκεν
1783 2881 1936 2951 ἡμῖν,

355 2960 531 3026 οὕτως
554 2964 674 3017 οὐδὲ
702 2967 800 3035 τῆς
828 2966 1086 3035 γνώσεως
1138 2969 1236 3040 τῆς
1267 2972 1457 3034 οὐσίας
1489 2971 1678 3027 αὐτοῦ.
1719 2972 1940 3027 Ἀδύνα-

356 3070 448 3107 τον
493 3056 598 3126 γὰρ
656 3057 821 3127 φύσιν
873 3060 1095 3124 τελείως
1139 3060 1340 3130 γνῶναι
1382 3062 1478 3134 τὴν
1531 3064 1938 3136 ὑπερκειμένην

356 3143 542 3213 φύσιν.
572 3149 634 3201 El
662 3149 718 3202 δὲ
744 3150 966 3204 καὶτῶν
996 3152 1166 3206 ὄντων
1193 3156 1251 3207 αἱ
1278 3154 1507 3223 γνώσεις
1537 3156 1582 3219 ι,
1608 3156 1670 3208 τὸ
1702 3155 1939 3227 ὑπερού-

356 3250 475 3289 σιον
524 3237 641 3302 πῶς
690 3241 1108 3311 γνωσθήσεται;
1137 3246 1215 3298 Δι’
1242 3245 1451 3313 ἄφατον
1485 3242 1578 3301 οὖν
1626 3248 1939 3319 ἀγαοὸτητα

354 3326 659 3399 ηὐδόκησεν
704 3332 769 3383 ὲκ
807 3332 915 3384 τῶν
945 3336 1066 3388 κατ’
1102 3337 1249 3406 ἡμᾶς
1290 3338 1697 3408 ὀνομάζεσθαι,
1741 3343 1826 3395 ἵνα
1864 3343 1938 3413 μὴ

353 3419 616 3490 ἀμέτοχοι
678 3425 959 3489 παντελῶς
1013 3420 1162 3499 ὦμεν
1212 3429 1309 3498 τῆς
1366 3430 1530 3484 αὑτοῦ
1565 3431 1936 3500 ἐπιγνώσεως,

353 3511 473 3564 ἀλλ’
500 3512 713 3584 ἔχωμεν
740 3516 842 3571 κᾶν
873 3519 1119 3590 ἀμυδρὰν
1155 3522 1319 3575 αὐτοῦ
1371 3522 1603 3576 ἔννοιαν.
1654 3524 1805 3577 ΚαΟὸ
1838 3526 1937 3594 μὲν

2116 2328 2211 2383 Dei
2237 2329 2467 2384 essentia
2504 2328 2559 2382 in
2588 2345 2642 2382 se
2675 2329 2824 2383 nobis
2872 2330 3075 2397 ignota,
3135 2342 3227 2381 nec
3265 2325 3626 2380 nominabilis.

2042 2420 2141 2474 Dei
2196 2420 2409 2475 nomina
2438 2436 2503 2474 ea;
2533 2420 2749 2484 creatis,
2795 2421 2911 2489 ipso
2937 2418 3335 2473 innominabili.
3357 2447 3424 2458 —
3456 2416 3625 2479 Deus,

2042 2512 2627 2582 incomprehensibilis
2678 2527 2800 2567 cum
2840 2512 2935 2577 sit,
2988 2511 3215 2565 omnino
3266 2523 3488 2580 quoque
3538 2526 3631 2563 no-

2042 2602 2244 2657 minati
2278 2616 2389 2656 non
2431 2608 2634 2672 potest.
2684 2601 2820 2656 Cum
2868 2600 3054 2669 itaque
3103 2599 3280 2669 ipsius
3328 2600 3626 2655 essentiam

2041 2693 2384 2761 ignoremus,
2413 2691 2670 2747 essentia:
2710 2690 2886 2759 ipsius
2923 2704 3123 2744 nomen
3156 2704 3225 2744 ne
3253 2689 3624 2760 inquiramus.

2040 2780 2274 2837 Nomina
2325 2781 2526 2851 quippe
2580 2795 2767 2835 rerum
2811 2778 3224 2834 manifestantia
3291 2787 3422 2835 sunt
3450 2782 3514 2833 ".
3555 2783 3627 2833 At

2043 2870 2188 2927 Deus
2243 2872 2336 2942 qui
2366 2872 2546 2928 bonus
2576 2880 2683 2933 est.
2730 2872 3180 2941 nosqueideirco
3238 2889 3305 2928 ex
3343 2873 3501 2945 147
3537 2876 3625 2928 ni-

2042 2965 2157 3019 hilo
2191 2964 2471 3035 produxit,
2501 2971 2562 3018 ut
2597 2965 2776 3034 ipsius
2798 2964 3069 3020 bonitatis
3097 2965 3400 3036 participes
3425 2966 3622 3032 simus,

2043 3056 2246 3125 quique
2282 3056 2662 3124 cognoscendi
2720 3056 2830 3110 vim
2873 3057 3035 3112 nobis
3085 3056 3307 3122 indidit,
3360 3058 3504 3113 sicut
3535 3075 3625 3113 es-

2043 3148 2278 3203 sentiam
2314 3162 2472 3203 suam
2518 3148 2683 3203 nobis
2718 3163 2833 3202 non
2859 3148 3187 3218 impertivit,
3221 3148 3304 3204 sic
3332 3164 3402 3204 ne
3434 3165 3625 3207 essen-

2043 3239 2130 3295 tia:
2163 3238 2386 3309 quidem
2437 3254 2550 3296 suae
2584 3240 2957 3310 cognitionem
3006 3241 3219 3297 tribuit.
3252 3239 3442 3313 Neque
3468 3244 3617 3298 enim

2044 3328 2160 3383 ﬁeri
2222 3337 2403 3400 potest
2472 3338 2531 3384 ut
2592 3338 2790 3384 natura
2853 3332 3201 3402 superiorem
3250 3348 3311 3387 se
3369 3345 3625 3396 naturam

2042 3422 2202 3490 plene
2234 3430 2528 3492 cognoscat
2566 3423 2629 3476 ⁸⁸.
2663 3424 2732 3476 At
2770 3422 2817 3477 si
2859 3423 3204 3493 cognitiones
3251 3434 3385 3480 sunt
3424 3442 3615 3482 earum

2045 3529 2231 3569 rerum
2283 3528 2407 3584 quas
2453 3523 2604 3578 sunt,
2647 3514 2796 3583 quod
2835 3515 3079 3568 essentia
3135 3516 3286 3569 omni
3327 3517 3623 3574 sublimius

352 3599 451 3654 οὖν
488 3604 874 3676 ἀκατάληπτός
924 3610 1064 3676 ἐστι,
1106 3613 1198 3665 καὶ
1245 3612 1712 3683 ἀκατονόμαστος.
1763 3615 1848 3677 Ὠς
1881 3614 1936 3667 δὲ

2048 3614 2159 3670 est,
2216 3621 2459 3676 quonam
2522 3606 2687 3661 velim
2752 3605 2917 3660 modo
2979 3609 3383 3677 cognoscatur?
3443 3607 3627 3676 Quare

352 3693 577 3748 ⁸πάντων
609 3698 780 3783 αἴτιος
803 3740 818 3766 ,
866 3701 962 3754 καὶ
996 3702 1215 3757 πάντων
1260 3703 1369 3757 τῶν
1391 3704 1561 3759 ὄντων
1588 3706 1716 3769 τοὺς
1743 3705 1935 3775 λόγους

352 3787 451 3837 καὶ
481 3785 581 3849 τὰς
610 3789 786 3853 αἰτίας
831 3791 888 3842 ὲν
927 3791 1105 3862 ἑαυτῷ
1149 3794 1419 3863 προέχων,
1473 3797 1538 3847 ὲκ
1575 3794 1793 3848 πάντων
1828 3795 1935 3848 τῶν

351 3874 524 3928 ὄντων
580 3879 1048 3949 κατονομάζεται,
1102 3883 1287 3935 καὶὲκ
1336 3882 1444 3936 τῶν
1474 3883 1765 3939 ὲναντίων’
1823 3879 1934 3937 οἷον

353 3966 534 4034 φωτὸς
564 3968 657 4020 καὶ
683 3970 929 4035 σκότους,
969 3973 1161 4036 ὕδατος
1203 3974 1298 4028 καὶ
1343 3974 1548 4045 πυρός·
1593 3974 1679 4027 ἴνα
1714 3975 1933 4045 γνῶμεν

351 4057 439 4109 ὅτι
469 4058 529 4110 οὗ
561 4060 731 4117 ταῦτα
762 4064 883 4116 κατ’
923 4065 1109 4120 οὐσίαν
1141 4068 1289 4121 ἐστίν
1308 4084 1320 4097 ’
1358 4068 1473 4121 ἀλλ’
1500 4068 1614 4120 ἔστι
1638 4067 1737 4139 μὲν
1761 4070 1933 4139 ὑπερ-

350 4145 534 4211 οὑσιος
562 4151 655 4203 καὶ
676 4152 1119 4223 ἀκατονόμαστος
1141 4170 1153 4183 ·
1180 4153 1255 4218 ὡς
1285 4154 1340 4208 δὲ
1368 4155 1584 4210 πάντων
1618 4155 1727 4207 τῶν
1763 4154 1931 4207 ὄντων

352 4238 549 4304 αἴτιος,
581 4242 646 4295 ἐκ
685 4244 904 4299 πάντων
930 4244 1039 4298 τῶν
1080 4246 1336 4301 αἱτιατῶν
1364 4247 1714 4318 ὀνομάζεται.

2049 3696 2406 3752 inenarrabili
2452 3696 2629 3766 ipsius
2657 3696 2899 3751 bonitate
2951 3696 3157 3752 factum
3202 3707 3308 3765 est,
3344 3707 3403 3755 ut
3435 3715 3503 3755 ex
3539 3701 3626 3759 bis

2043 3800 2166 3856 quae
2232 3786 2391 3840 nobis
2446 3785 2742 3840 familiaria
2796 3796 2946 3852 sunt,
3003 3789 3276 3845 nominari
3346 3792 3618 3856 voluerit;

2043 3892 2111 3953 ne
2160 3877 2365 3947 alioqui
2412 3876 2533 3947 ejus
2588 3876 2925 3948 cognitionis
2968 3894 3200 3948 prorsus
3238 3892 3495 3952 expertes
3535 3899 3623 3940 es-

2042 3984 2247 4034 semus,
2283 3967 2377 4023 sed
2406 3968 2691 4023 notionem
2723 3967 2921 4038 ipsius,
2956 3970 3265 4038 quamlibet
3297 3974 3619 4041 obscuram,

2043 4062 2394 4117 haberemus.
2430 4060 2497 4114 Et
2541 4062 2787 4132 quidem,
2836 4070 3115 4132 quatenus
3148 4080 3397 4129 omnem
3428 4069 3616 4126 .animi

2041 4153 2599 4224 comprehensionem
2642 4161 2906 4224 superat,
2941 4154 3156 4209 nullum
3194 4156 3246 4210 ei
3276 4172 3478 4212 nomen
3527 4174 3620 4215 as-

2042 4244 2255 4312 signari
2308 4252 2529 4314 potest:
2575 4252 2853 4314 quatenus
2907 4255 3090 4301 autem
3141 4247 3387 4301 omnium
3424 4257 3621 4304 auctor

350 4336 458 4392 est,
500 4345 795 4403 rerumque
846 4336 1094 4390 omnium
1149 4351 1349 4393 causas
1403 4345 1457 4391 et
1490 4339 1738 4394 rationes
1778 4339 1833 4392 in
1869 4352 1927 4393 se
1972 4336 2238 4399 continet,
2275 4351 2343 4391 ex
2386 4335 2645 4390 omnibus
2677 4336 2867 4401 rebus,
2903 4337 3071 4391 etiam
3126 4337 3271 4393 inter
3358 4354 3417 4395 se
3482 4355 3619 4397 con-

352 4424 564 4489 trariis,
591 4428 929 4492 nominatur,
964 4430 1118 4484 velut
1160 4446 1193 4485 a
1228 4432 1348 4486 luce
1390 4431 1654 4493 tenebris,
1727 4432 1795 4486 ab
1846 4445 1971 4501 Igne
2012 4438 2067 4485 et
2150 4444 2334 4500 aqua;
2388 4440 2450 4483 ut
2496 4429 2903 4500 intelligamus,
2960 4430 3074 4485 haac
3124 4430 3277 4486 illum
3319 4434 3619 4490 secundum

351 4517 653 4571 essentiam
699 4534 810 4573 non
846 4534 988 4587 esse,
1036 4522 1129 4577 sed
1201 4524 1386 4593 potius
1442 4540 1612 4593 supra
1669 4524 1969 4578 essentiam
2046 4536 2194 4585 esse,
2260 4535 2359 4575 nec
2412 4520 2528 4575 “"0
2573 4522 2795 4576 nomine
2849 4523 3112 4592 appella“
3161 4525 3383 4595 (ιυὶάοω
3431 4544 3624 4597 Ροεεθν

352 4617 609 4664 ραξιεωιη
660 4623 719 4667 ιιι
764 4615 1009 4670 omnium
1074 4632 1320 4684 causam,
1363 4634 1393 4673 a
1444 4620 1667 4673 cunctis
1716 4618 1930 4674 effectis
1972 4616 2272 4671 nominari.

419 4704 513 4757 Διὸ
536 4706 645 4758 τῶν
677 4706 837 4762 θείων
865 4710 1169 4781 ὀνομάτων,
1206 4713 1275 4767 τὰ
1311 4714 1408 4784 μὲν
1437 4713 1794 4783 ἁποφατικῶς
1840 4712 1931 4766 λέ-

350 4810 533 4861 γεται,
564 4796 830 4866 δηλοῦντα
860 4801 920 4853 τὸ
948 4802 1292 4873 ὑπερούσιον·
1326 4800 1437 4857 οἷον
1471 4804 1741 4868 ἀνούσιος,
1770 4805 1933 4875 ἄχρο-

349 4901 463 4951 νος,
490 4886 747 4992 ἄναρχος,
772 4891 1003 4962 ἀόρατος
1023 4910 1035 4923 °
1070 4896 1166 4965 οὐχ
1198 4897 1280 4950 ὅτι
1304 4898 1448 4961 τινος
1474 4899 1653 4969 ἥττων
1694 4901 1863 4964 ἐστὶν,
1900 4901 1933 4970 ἡ
1967 4938 2011 4992 D

346 4994 495 5043 τινος
528 4982 855 5054 ἐστέρηται*
893 4986 1057 5040 αὐτοῦ
1090 4989 1200 5060 γάρ
1247 4993 1364 5043 ἐστι
1415 4992 1484 5044 τά
1516 4991 1714 5056 πάντα,
1750 4994 1843 5044 καὶ
1872 4992 1931 5057 ἐξ

348 5070 516 5123 αὑτοῦ
545 5072 727 5129 καὶδϋ
760 5075 924 5129 ἀυτοῦ
955 5078 1167 5146 γέγονε,
1190 5082 1284 5133 καὶ
1313 5082 1370 5133 ὲν
1387 5083 1535 5153 αὐτῷ
1570 5083 1929 5150 συνέστηκεν’

348 5160 466 5213 ἀλλ’
479 5162 792 5218 ὃτιπάντων
810 5167 1155 5239 ὑπεροχικῶς
1172 5172 1277 5245 τῶν
1294 5173 1462 5227 ὅντων
1480 5173 1935 5245 ἐξῄρηται.οὐδὲν

350 5250 461 5321 γὰρ
481 5252 590 5305 τῶν
602 5254 791 5320 ὄντων,
810 5258 926 5310 ἀλλ’
944 5260 1083 5331 ὑπὲρ
1106 5244 1281 5315 πάντα
1308 5262 1443 5315 ἐστι.
1464 5264 1507 5315 Τ
1511 5263 1544 5315 ἀ
1565 5264 1620 5315 δὲ
1637 5244 1937 5331 καταφατιο

350 5341 465 5405 κῶς
495 5343 786 5415 λεγόμενα,
815 5349 889 5413 ὡς
924 5352 1098 5404 αἰτίου
1129 5353 1236 5406 τῶν
1263 5353 1480 5407 πάντων
1517 5356 1928 5424 κατηγορεῖται.

2119 4710 2215 4764 Dei
2275 4712 2491 4763 nomina
2548 4712 2820 4780 negantia,
2871 4714 3213 4782 aﬁirntantia.
3260 4713 3391 4779 Qua:
3447 4718 3621 4785 aptius

2041 4803 2104 4856 de
2123 4801 2234 4855 Deo
2262 4800 2510 4855 dicantur
2531 4803 2766 4857 nomina.
2798 4802 3028 4867 Malum,
3070 4803 3237 4868 nihil;
3270 4804 3487 4871 bonum,
3527 4824 3622 4862 ea:-

2045 4893 2311 4958 sistentia,
2337 4908 2398 4944 ac
2416 4893 2703 4946 res.Mista
2738 4891 2838 4946 Dei
2876 4893 3110 4947 nomina.
3148 4892 3459 4961 Afﬁrmatio
3488 4912 3625 4963 pra?-

2040 4983 2277 5037 cellentis
2308 4981 2599 5051 negationis
2629 4982 2732 5035 vim
2759 4981 2976 5036 habens.
3011 5011 3080 5021 -
3103 4980 3368 5048 Quocirca
3390 4998 3458 5037 ex
3483 4983 3625 5037 divi-

2042 5075 2129 5129 nis
2150 5074 2465 5129 nominibus
2496 5073 2744 5143 quaedam
2797 5090 2892 5144 per
2945 5075 3293 5145 negationem
3337 5075 3620 5141 dicuntur,

2043 5167 2245 5237 quibus
2270 5166 2565 5222 essentiam
2598 5181 2816 5223 omnem
2840 5182 2963 5223 eum
2983 5182 3245 5237 superare
3270 5166 3579 5222 declaratur
3607 5188 3621 5236 ;

2044 5260 2192 5313 velut
2237 5272 2361 5312 cum
2419 5259 2674 5313 essentiaa
2731 5275 2951 5330 expers,
3016 5261 3135 5313 sine
3184 5268 3445 5328 tempore,
3507 5260 3625 5314 sine

2044 5351 2333 5421 principio,
2367 5349 2662 5405 invisibilis
2696 5350 2898 5405 dicitur
2931 5369 2942 5404 :
2976 5366 3081 5405 non
3125 5351 3271 5421 quod
3303 5368 3361 5407 re
3391 5352 3501 5407 ulla
3541 5352 3623 5406 inv

424 5448 690 5541 “Athan.
726 5500 869 5544 orat.
904 5491 1121 5547 200m.
1154 5495 1372 5558 Atiam;
1406 5495 1580 5565 Cyril.
1623 5494 1777 5549 Thes.
1821 5501 2020 5550 assert.
2052 5490 2137 5546 l5.
2221 5490 2259 5520 "
2289 5490 2450 5561 Greg.
2485 5491 2617 5545 Naz.
2656 5501 2794 5547 orat.
2829 5493 2917 5547 5G.
2998 5492 3039 5523 ¹⁸
3083 5492 3303 5563 Dionys.
3339 5507 3458 5562 cap.
3508 5486 3630 5541 lDe

347 5548 456 5604 diu.
493 5568 635 5608 nam.

1734 5653 1968 5709 VARl/E
2001 5653 2406 5712 LECTIONES.

433 5740 451 5774 ⁸
485 5740 551 5794 ιι.
581 5741 718 5797 5109
747 5746 802 5796 αἱ
832 5745 1023 5813 ᾳᾶσεις
1054 5748 1354 5815 ἄγνωστοι,
1400 5746 1532 5801 αὐτὸ
1581 5746 1906 5816 ὑπερούσιον
1970 5745 2086 5808 πῶς
2120 5747 2520 5819 γνωσθήσεται.
