3962 6300
372 336 478 400 ειςι

1567 327 1625 386 S.
1663 322 1968 388 JOANNIS
2011 326 2470 390 DAMASCENI:

3537 329 3644 394 85'.

376 463 634 522 piamque
665 445 849 500 habet.
905 438 1183 511 Siquidem
1209 446 1262 495 et
1296 454 1394 495 nos
1430 439 1661 494 odorum
1697 439 1946 509 fragran-

2069 442 2148 493 τὸν
2176 439 2276 510 τῆς
2298 439 2576 522 ἐνεργείας
2609 437 2795 494 αὐτοῦ.
2814 438 2924 492 Καὶ
2953 439 3062 510 γὰρ
3092 437 3254 509 ἡμεῖς
3285 437 3352 491 τὰ
3379 440 3639 508 χρειώδην

375 546 505 597 tiam
567 556 661 610 per
714 537 859 590 hunc
911 549 1134 592 sensum
1197 534 1527 604 excipimus.
1576 532 1679 589 Per
1724 533 1945 598 faciem,

377 633 550 703 ipsius
582 645 676 701 per
705 643 871 699 opera
897 626 1422 684 demonstrationem
1453 639 1518 680 ac
1545 625 1945 682 ostensionem.

375 725 606 793 Quando
649 723 869 794 quidem
935 735 1036 776 nos
1085 733 1305 790 quoque
1333 734 1399 774 ex
1430 719 1585 774 vultu
1613 733 1821 788 oreque
1852 732 1948 788 pa-

377 822 484 872 lam
540 816 937 886 dignoscimur.
1001 811 1105 866 Per
1160 826 1378 874 manus,
1446 809 1720 864 actionem
1778 809 1950 873 illam,

300 941 313 955 -
377 927 484 982 qua
512 923 678 979 opera
709 921 807 964 sua
831 904 1094 960 absolvit.
1135 904 1272 957 Nam
1308 917 1409 956 nos
1449 901 1615 955 ctiam
1651 899 1950 976 utilissima

377 1019 608 1074 quaeque
638 1009 691 1056 et
728 996 1186 1069 prazstantissima
1239 1009 1405 1064 opera
1445 993 1654 1047 nostris
1691 990 1952 1044 manibus

377 1097 662 1152 chieimus.
691 1091 794 1147 Per
820 1091 1123 1155 dexteram,
1159 1088 1336 1157 ipsius
1374 1089 1427 1141 in
1482 1087 1646 1141 rebus
1691 1083 1952 1141 secundis

377 1205 536 1260 opem
576 1197 632 1241 et
664 1185 970 1247 auxilium;
1013 1198 1077 1237 ex
1107 1196 1173 1236 eo
1209 1196 1403 1251 nempe
1435 1177 1581 1249 quod
1619 1193 1719 1233 nos
1769 1179 1822 1232 in
1860 1193 1951 1232 rc-

379 1282 480 1335 bus
550 1276 976 1347 insignioribus,
1030 1287 1265 1343 qureque
1352 1271 1656 1338 plurimum
1731 1268 1954 1322 roboris

380 1369 688 1440 requirunt,
729 1366 923 1421 dextra
989 1363 1174 1434 potius
1227 1360 1440 1415 utimur
1492 1374 1680 1413 manu.
1739 1355 1842 1412 Per
1873 1365 1955 1410 ta-

379 1472 550 1526 ctum,
585 1458 952 1515 certissimam
1004 1455 1180 1524 ipsius
1225 1450 1725 1506 minutissimarum
1763 1463 1828 1501 ac
1863 1462 1954 1502 oc-

379 1553 814 1610 cultissimarum
875 1561 1057 1603 rerum
1111 1543 1551 1614 explorationem
1593 1549 1648 1595 et
1704 1540 1954 1595 exactio-

381 1657 552 1697 nem:
613 1639 684 1694 ob
746 1637 800 1692 id
849 1636 1083 1701 scilicet,
1165 1633 1311 1703 quod
1371 1633 1450 1686 illi
1511 1645 1754 1701 quoque,
1813 1645 1954 1700 quos

382 1739 811 1792 contreetamus,
869 1728 1006 1781 nihil
1051 1727 1198 1782 inse
1249 1727 1533 1780 occultare
1584 1734 1814 1795 queant.
1850 1726 1954 1780 Per

2056 532 2150 586 καὶ
2183 531 2416 602 μάλιστα
2449 530 2751 603 τιμιώτερα
2779 530 2867 584 διὰ
2916 530 3026 583 τῶν
3059 530 3282 582 οἰκείων
3343 533 3644 603 κατορθοῦ-

2058 642 2157 695 μεν
2183 622 2402 694 χειρῶν.
2449 622 2640 690 Δεξιάν
2693 623 2774 688 δὲ,
2823 623 2922 695 τὴν
2948 623 3042 676 ἐπὶ
3074 627 3186 686 τοῖς
3234 624 3436 688 αἰσίοις
3470 627 3640 682 αὐτοῦ

2057 717 2331 786 βοήθειαν,
2354 717 2418 768 ἐκ
2444 713 2539 769 τοῦ
2568 716 2664 768 καὶ
2688 717 2839 786 ἡμᾶς
2872 714 3073 784 μᾶλλον
3098 716 3188 768 ἐπὶ
3211 715 3320 768 τῶν
3363 717 3644 788 εὐσχημο-

2053 810 2249 879 τέρων,
2281 810 2377 862 καὶ
2405 809 2775 879 τιμιωτέρων,
2819 808 2915 861 καὶ
2937 807 3196 879 πλείστης
3234 807 3420 880 ἰσχύος
3447 810 3642 881 δεομέ-

2055 913 2162 950 νων
2190 899 2257 967 τῇ
2289 895 2440 967 δεξιᾷ
2467 897 2794 968 κεχρῆσθαι.
2827 897 3162 967 Ψηλάφησιν
3188 898 3264 962 δὲ,
3295 900 3397 970 τὴν
3419 900 3641 971 ἀκριόεο

2058 987 2256 1058 στέραν
2288 987 2477 1052 αὐτοῦ,
2507 990 2600 1042 καὶ
2631 989 2729 1060 τὴν
2759 989 2879 1043 λίαν
2908 989 3123 1043 λεπτῶν
3149 1008 3229 1054 τε,
3260 993 3357 1045 καὶ
3384 993 3640 1064 κρυπτῶν

2054 1080 2346 1148 διάγνωσίν
2372 1097 2452 1146 τε,
2491 1082 2587 1135 καὶ
2631 1081 2938 1152 εἴσπραξιν,
2970 1083 3035 1135 ἐκ
3073 1082 3167 1136 τοῦ
3213 1085 3343 1156 παρ’
3377 1087 3511 1155 ἡμῖν
3565 1085 3642 1157 μὴ

2055 1171 2316 1225 δύνασθαι
2335 1172 2461 1236 τοὺς
2489 1172 2928 1244 ψηλαφωμένους
2955 1174 3012 1226 ἐν
3037 1174 3252 1238 ἑαυτοῖς
3277 1193 3330 1228 τι
3354 1177 3639 1247 κρύπτειν.

2057 1263 2232 1326 Πόδας
2251 1263 2307 1316 δὲ
2339 1265 2432 1316 καὶ
2466 1263 2696 1334 βάδισιν,
2730 1266 2829 1335 τὴν
2852 1266 2988 1336 πρὸς
3025 1267 3348 1338 ἐπικουρίαν
3384 1269 3493 1322 τῶν
3525 1269 3642 1323 δεοο

2059 1355 2260 1424 μένων,
2312 1355 2344 1426 ἢ
2398 1355 2609 1425 ἐχθρῶν
2650 1357 2884 1427 ἄμυναν,
2943 1357 3184 1428 ἢᾶλλην
3221 1359 3346 1412 τινὰ
3410 1359 3632 1431 πρᾶξιν,

2057 1446 2268 1500 ἐλευσίν
2299 1465 2380 1513 τε,
2414 1448 2508 1502 καὶ
2541 1449 2864 1520 παρουσίαν,
2890 1447 2956 1503 ἐ’κ
2993 1449 3088 1503 τοῦ
3122 1453 3254 1521 παρ’
3277 1453 3412 1522 ἡμῖν
3429 1452 3518 1506 διὰ
3543 1454 3642 1523 τῆς

2055 1539 2164 1593 τῶν
2193 1539 2367 1592 ποδῶν
2388 1541 2638 1610 χρήσεως
2661 1541 3045 1596 ἀποτελεῖσθαι
3073 1542 3172 1612 τὴν
3199 1543 3404 1612 ἄφιξιν.
3433 1545 3642 1615 Ὅρκον

2055 1630 2134 1695 δὲ,
2169 1630 2228 1684 τὸ
2267 1631 2604 1702 ἀμετάθετον
2651 1632 2753 1702 τῆς
2807 1632 3004 1704 βουλῆς
3034 1634 3223 1695 αὑτοῦ,
3277 1636 3342 1689 ἐκ
3378 1636 3475 1690 τοῦ
3508 1639 3640 1706 παρ’

2055 1723 2189 1792 ἡμῖν
2227 1722 2294 1776 δι’
2339 1724 2503 1793 ὅρκου
2532 1723 2630 1787 τάς
2668 1725 2806 1796 πρὸς
2837 1725 3101 1796 ἀλλήλους
3128 1725 3480 1796 βεϐαιοῦσθαι
3511 1746 3639 1782 συν-

383 1822 548 1891 pedes
579 1830 632 1876 et
663 1818 1054 1882 incessionem,
1091 1816 1393 1870 adventum
1424 1816 1684 1886 ipsiusct
1717 1831 1955 1886 praasen-

2069 1815 2250 1886 it‘jxag.
2322 1815 2520 1888 ὐργὴν
2559 1817 2615 1869 δέ
2647 1793 2742 1870 καλ
2789 1793 2982 1889 θυμὸν.⁹
3017 1793 3294 1890 τὴννπρὸς
3319 1819 3418 1891 τὴν
3445 1821 3643 1874 κακίαν

381 1917 535 1979 tiam,
593 1913 676 1967 vel
722 1911 790 1965 ad
843 1924 1002 1980 opem
1051 1908 1341 1980 egentibus
1395 1907 1699 1974 ferendam,
1755 1907 1841 1964 vel
1889 1907 1959 1962 ad

382 2009 570 2064 hostes
606 2003 976 2068 ulciscendos,
1007 2002 1092 2058 vel
1149 2003 1214 2058 ad
1248 2018 1363 2059 rem
1411 2002 1574 2056 aliam
1610 2001 1909 2073 gerendam
1943 2021 1956 2056 :

381 2101 528 2171 quod
580 2098 841 2152 nimirum
876 2097 1035 2150 nobis
1069 2110 1291 2165 quoque
1323 2095 1428 2149 hoc
1465 2095 1633 2165 pedes
1675 2102 1960 2165 praestent,

384 2200 443 2244 nt
473 2189 540 2244 ad
577 2189 757 2243 locum
788 2187 1027 2256 aliquem
1075 2184 1486 2254 perveniamus.
1541 2182 1648 2237 Per
1675 2183 1963 2254 jusjuran-

383 2285 534 2344 dum,
589 2279 810 2336 consilii
860 2279 981 2348 ejus
1029 2276 1584 2330 immutabilitatem:
1638 2275 1786 2345 quod
1817 2275 1962 2347 apud

386 2392 486 2432 nos
541 2373 873 2443 interposito
898 2369 1263 2441 jurejurando
1303 2377 1490 2422 mutua
1537 2378 1698 2438 pacta
1745 2368 1967 2422 firmen-

384 2479 494 2522 tur.
539 2467 644 2521 Per
703 2467 842 2520 iram
896 2472 950 2519 et
999 2463 1263 2527 furorem,
1324 2460 1597 2516 infensam
1655 2461 1777 2530 ejus
1834 2474 1965 2530 erga

385 2557 652 2611 malitiam
693 2555 1041 2610 voluntatem
1091 2566 1156 2607 ac
1212 2549 1427 2616 odium,
1479 2547 1614 2603 Nam
1665 2559 1718 2604 et
1746 2564 1847 2604 nos
1899 2561 1964 2603 ea

385 2662 505 2715 qua:
538 2659 663 2700 cum
715 2643 1001 2698 voluntate
1044 2646 1100 2694 et
1139 2639 1410 2695 sententia
1469 2645 1658 2690 nostra
1712 2641 1962 2705 pugnant

385 2740 510 2793 odio
535 2737 818 2800 habentes,
850 2735 905 2789 in
943 2733 1080 2788 iram
1114 2729 1535 2802 prorumpimus
1571 2729 1636 2781 “.
1677 2727 1783 2783 Per
1821 2726 1965 2781 obli-

386 2833 624 2892 vionem,
677 2841 931 2882 somnum
982 2832 1038 2880 et
1084 2823 1560 2887 dormitationem,
1611 2821 1962 2875 animadver-

395 2925 570 2978 sionis
605 2923 658 2974 in
689 2923 876 2975 hostes
902 2918 1242 2982 dilationem,
1273 2914 1646 2984 temporisque
1694 2927 1878 2967 moras
1908 2912 1963 2966 in

389 3014 593 3068 auxilio
625 3017 892 3068 consueto
945 3008 1178 3064 ferendo
1222 3007 1307 3072 iis,
1347 3021 1485 3078 quos
1533 3005 1735 3059 charos
1771 3019 1834 3058 ac
1870 3019 1966 3059 nc-

2057 1905 2358 1976 ἀπέχθειάν
2409 1923 2470 1960 τε
2522 1907 2618 1960 καὶ
2647 1908 3024 1979 ἀποστροφήν.
3070 1909 3182 1962 Καὶ
3210 1910 3322 1981 γὰρ
3377 1912 3542 1982 ἡμεῖς
3576 1912 3644 1964 τά

2058 1997 2276 2052 ἐναντία
2314 1999 2413 2068 τῆς
2458 1996 2686 2068 γνώμης
2732 1998 3018 2068 μισοῦντες
3047 1999 3404 2071 ὀργιζόμεθα.
3459 2003 3644 2081 Λήθην

2058 2089 2138 2154 δὲ,
2167 2089 2261 2142 καὶ
2323 2088 2514 2153 ὕπνον,
2551 2089 2646 2142 καὶ
2695 2089 3027 2160 νυσταγμδν,
3076 2091 3175 2161 τὴν
3222 2092 3520 2163 ὑπέρθεσιν
3547 2095 3647 2164 τῆς

2061 2181 2169 2236 τῶν
2202 2182 2414 2253 ἐχθρῶν
2465 2181 2704 2250 ἀμύνης,
2741 2182 2836 2233 καὶ¹
2881 2181 2981 2251 τὴν
3039 2181 3141 2252 τῆς
3193 2183 3458 2252 συνήθους
3512 2184 3649 2255 πρὸς

2063 2275 2189 2338 τοὺς
2221 2275 2455 2336 οἰκείους
2497 2273 2748 2345 βοηθείας
2801 2273 3075 2344 ἀναϐολήν
3095 2291 3109 2304 °
3141 2275 3236 2328 καὶ
3261 2275 3448 2338 ἀτελῶς
3474 2277 3650 2329 εἰπεῖν

2064 2367 2247 2421 πάντα
2277 2366 2347 2420 τὰ
2380 2365 2710 2436 σωματικῶς
2735 2366 3004 2438 εἰρημένα
3028 2367 3119 2419 ἐπὶ
3144 2365 3300 2433 Θεοῦ,
3332 2369 3652 2438 κεκρυμμέ-

2064 2476 2163 2530 νην
2194 2458 2305 2528 ἐχει
2340 2457 2464 2511 τινὰ
2511 2455 2744 2524 ἔννοιαν,
2785 2459 2850 2511 ἐκ
2878 2458 2985 2511 τῶν
3047 2457 3168 2511 καθ’
3198 2461 3348 2529 ἡμᾶς
3391 2459 3461 2513 τά
3508 2462 3652 2530 ὑπὲρ

2062 2551 2212 2620 ἡμᾶς
2263 2550 2706 2616 ἐκδιδάσκουσαν,
2759 2551 2808 2603 εἰ
2842 2551 2917 2620 μή
2954 2567 3008 2602 τι
3037 2551 3287 2622 περὶτῆς
3331 2553 3655 2623 σωματικῆς

2069 2641 2162 2695 τοῦ
2196 2641 2332 2695 Θεοῦ
2366 2642 2541 2710 Λόγου
2568 2642 2864 2712 ἐπιδημίας
2894 2641 3128 2712 εἴρηται.
3149 2643 3319 2706 Αὐτὸς
3342 2643 3448 2714 γὰρ
3473 2644 3653 2698 πάντα

2071 2735 2162 2790 τὸν
2191 2735 2475 2807 ἄνθρωπον
2509 2736 2552 2768 ³·
2587 2733 2676 2787 διὰ
2708 2735 2806 2805 τὴν
2841 2735 3119 2806 ἡμετέραν
3161 2736 3434 2807 σωτηρίαν
3467 2737 3654 2790 ἀνεδέ-

2071 2826 2221 2893 ξατο,
2246 2826 2425 2897 ψυχὴν
2459 2825 2675 2897 νοερὰν,
2709 2828 2802 2880 καὶ
2837 2826 3030 2897 σῶμα,
3078 2828 3172 2882 καὶ
3205 2828 3274 2882 τὰ
3299 2832 3398 2899 τῆς
3442 2828 3655 2899 ἀνθρω-

2070 2918 2233 2988 πίνης
2263 2919 2478 2988 φύσεως
2505 2918 2795 2990 ἰδιώματα,
2827 2919 2898 2974 τά
2918 2936 2977 2974 τε
3008 2921 3235 2990 φυσικὰ,
3269 2922 3362 2976 καὶ
3395 2921 3656 2992 ἀδιάϐλη-

2069 3025 2138 3060 τα
2168 3007 2337 3080 πάθη.

391 3107 669 3165 cessarios
701 3101 881 3156 habet.
916 3099 1178 3169 Denique,
1220 3105 1279 3150 ut
1307 3112 1418 3152 uno
1458 3095 1627 3150 verbo
1660 3095 1866 3160 dicam,
1899 3095 1955 3150 in
1997 3097 2065 3152 iis
2093 3097 2354 3152 omnibus
2383 3113 2506 3168 qua:
2534 3097 2602 3153 de
2635 3097 2748 3154 Deo
2777 3113 3050 3169 corporeo
3117 3101 3281 3155 modo
3349 3103 3652 3158 enumian-

389 3207 501 3261 tur,
531 3195 819 3250 abstrusus
847 3189 1068 3260 quidam
1130 3201 1333 3242 sensus
1404 3186 1568 3252 inest,
1603 3199 1726 3256 quo
1777 3201 1873 3256 per
1915 3186 2009 3240 illa
2081 3201 2202 3257 quae
2251 3187 2412 3243 nobis
2468 3199 2808 3260 congruunt,
2861 3205 2924 3245 ca
2990 3205 3110 3261 quae
3146 3206 3314 3261 supra
3369 3208 3472 3248 nos
3524 3203 3655 3251 sunt

389 3290 726 3346 cdocemur:
776 3285 882 3339 nisi
937 3283 1082 3338 forte
1130 3280 1414 3352 quidpiam
1464 3281 1533 3336 de
1563 3295 1834 3352 corporeo
1872 3280 1964 3336 Dei
2042 3281 2285 3338 adventu
2331 3282 2545 3338 dictum
2619 3293 2726 3340 est.
2773 3283 2905 3339 Nam
2969 3286 3087 3354 ipse
3149 3295 3321 3341 totum
3375 3289 3652 3345 hominem

391 3383 591 3438 salutis
641 3388 849 3434 nostra:
924 3389 1093 3431 causa
1139 3373 1417 3444 suscepit;
1474 3372 1578 3428 hoc
1639 3381 1726 3428 est
1802 3373 2044 3427 animam
2085 3373 2506 3444 intelligentem,
2563 3381 2618 3429 et
2651 3389 2879 3446 corpus,
2925 3385 3089 3447 atque
3142 3376 3394 3436 humana:
3440 3390 3654 3437 natura:

392 3476 771 3547 proprietates,
825 3483 1036 3526 necnon
1086 3467 1386 3533 naturales,
1452 3467 1700 3538 nullique
1763 3466 2185 3538 reprehensioni
2217 3468 2491 3524 obnoxias
2527 3469 2840 3539 passiones.

1015 3557 1168 3617 CAP.
1222 3557 1338 3613 Xll.

837 3649 991 3726 15,6
1027 3651 1104 3706 De
1139 3650 1324 3706 iisdem
1361 3651 1532 3704 rebus.

465 3751 564 3805 Dei
597 3746 811 3802 nomina
848 3759 913 3798 ea:
944 3743 1157 3796 creatis.
1187 3771 1257 3783 —
1278 3739 1573 3793 Enimvero
1609 3737 1725 3792 hate
1776 3752 1842 3793 ex
1883 3751 1973 3792 sa-

395 3842 530 3904 cris,
569 3845 628 3892 ut
671 3835 892 3891 divinus
939 3832 1016 3886 ait
1055 3831 1346 3902 Dionysius
1385 3829 1713 3900 Areopagita
1747 3829 1813 3893 ⁸⁵,
1875 3827 1974 3882 do-

395 3946 586 3990 cemur
614 3928 890 3991 oraculis;
937 3922 1084 3996 quod
1122 3937 1318 3992 nempe
1350 3920 1496 3977 Deus
1522 3922 1774 3976 omnium
1804 3934 1974 3975 causa

315 3999 318 4002 6
398 4039 460 4079 ac
483 4023 636 4092 origo
662 4020 765 4085 sit;
815 4033 1005 4073 eorum
1038 4029 1159 4085 quae
1182 4022 1330 4079 sunt,
1365 4012 1634 4078 essentia;
1667 4011 1968 4067 viventium

399 4117 547 4182 vita;
608 4111 960 4167 rationalinm
1011 4107 1194 4171 ratio;
1249 4104 1703 4174 intelligentium,
1754 4103 1970 4157 intelle-

399 4214 555 4270 ctus;
601 4216 666 4256 ac
702 4215 892 4256 eorum
943 4195 1166 4267 quidem
1216 4194 1312 4264 qui
1363 4193 1432 4247 ab
1465 4207 1531 4248 eo
1576 4193 1857 4258 labuntur,
1898 4207 1978 4247 re-

401 4294 615 4350 vocatio
656 4297 711 4345 et
743 4288 984 4354 erectio;
1031 4299 1228 4340 eorum
1257 4291 1440 4337 autem
1488 4282 1582 4353 qui
1621 4282 1672 4337 id
1700 4282 1848 4353 quod
1879 4296 1977 4336 na-

404 4399 541 4442 turae
585 4386 1024 4440 consentaneum
1081 4381 1206 4439 est,
1256 4380 1622 4444 corrumpunt
1654 4382 1710 4428 ct
1754 4374 1976 4438 vitiant,

401 4473 690 4531 renovatio
729 4478 784 4526 et
817 4467 1192 4533 instauratio;
1225 4480 1417 4522 eorum
1450 4465 1544 4535 qui
1575 4464 1826 4536 profanis
1859 4467 1980 4537 qui-

407 4564 635 4621 busdam
667 4559 928 4614 fluctibus
955 4558 1263 4627 jactantur,
1294 4569 1452 4610 sacra
1485 4555 1806 4621 stabilitas;
1832 4565 1982 4610 stan-

306 4712 320 4726 ς
410 4656 541 4710 tium
576 4661 756 4708 totum
802 4647 1152 4722 praesidium;
1205 4647 1617 4716 assurgentium
1675 4647 1744 4701 ad
1800 4648 1981 4716 ipsum

415 4750 494 4798 sia
539 4751 596 4798 et
639 4739 1018 4802 manuductio,
1071 4750 1179 4808 qua
1239 4736 1295 4789 in
1338 4735 1512 4789 altum
1572 4737 1978 4792 subvehuntur.

413 4834 625 4889 Addam
675 4832 864 4896 etiam,
902 4841 1093 4884 eorum
1126 4827 1217 4895 qui
1250 4824 1320 4878 ab
1356 4825 1476 4895 ipso
1525 4823 1656 4879 facti
1704 4836 1853 4894 sunt,
1885 4827 1982 4882 Pa-

2680 3561 2934 3614 ΚΕΦΑΛ.
2967 3561 3068 3614 IB’.

2604 3651 2743 3720 Περί
2772 3651 2890 3705 τῶν
2913 3651 3131 3706 αὐτῶν.

2149 3741 2334 3796 Ταῦτα
2362 3741 2462 3812 μὲν
2487 3736 2580 3795 οὖν
2628 3743 2690 3794 ἐκ
2741 3742 2851 3795 τῶν
2883 3743 3044 3814 ἱερῶν
3081 3744 3407 3816 μεμυήμεθα
3435 3746 3653 3817 λογίων,

2074 3832 2148 3896 ώς
2181 3832 2324 3896 θεῖος
2362 3832 2466 3902 ἔφη
2514 3831 2792 3896 Διονύσιος
2823 3833 2850 3884 6
2887 3833 3319 3905 Ἀρεοπαγίτης·
3352 3836 3434 3890 ὃτι
3460 3839 3488 3891 6
3523 3839 3655 3903 Θεὸς

2078 3925 2293 3978 πάντων
2317 3925 2463 3978 ἐστὶν
2487 3924 2637 3978 αἰτία
2671 3925 2763 3978 καὶ
2787 3925 2932 3996 ἀρχή
2956 3942 2970 3956 ⁸
3001 3926 3108 3980 τῶν
3135 3926 3303 3981 ὄντων
3327 3929 3484 3984 οὐσία
3505 3948 3518 3961 ο
3547 3932 3655 3984 τῶν

2078 4013 2297 4078 ζώντων
2333 4013 2448 4087 ζωή
2467 4031 2480 4045 ·
2507 4014 2614 4068 τῶν
2635 4013 2868 4083 λογικῶς
2897 4015 3067 4070 ὄντων
3108 4017 3265 4086 λόγος
3284 4035 3298 4048 ·
3324 4019 3431 4072 τῶν
3455 4021 3657 4090 νοερῶς

2077 4105 2244 4160 ὄντων
2269 4104 2421 4169 νοῦς·
2456 4106 2554 4159 καὶ
2579 4105 2687 4159 τῶν
2715 4106 2816 4176 μὲν
2844 4107 3265 4163 ἀποπιπτόντων
3287 4111 3481 4181 αὐτῆς»
3524 4113 3656 4168 ἀνό-

2079 4197 2272 4267 κλησίς
2297 4214 2356 4250 τε
2387 4197 2480 4252 καὶ
2510 4197 2808 4261 ἀνάστασις
2828 4215 2841 4227 ·
2863 4197 2970 4252 τῶν
2994 4216 3052 4252 τε
3085 4201 3563 4272 καταφθειρόντων
3598 4205 3659 4256 τὸ

2081 4290 2223 4343 κατά
2252 4289 2438 4358 φύσιν,
2468 4290 2868 4360 ἀνακαινισμὸς
2913 4292 3010 4345 καί⁸
3058 4295 3514 4364 μεταμόρφωσιςο
3553 4297 3661 4349 τῶν

2081 4379 2139 4432 δέ
2161 4380 2494 4450 κινουμένων
2523 4381 2665 4434 κατά
2693 4397 2816 4434 τινα
2840 4381 3054 4453 ἀνίερον
3082 4383 3261 4450 σάλον,
3284 4385 3492 4458 ἵδρυσις
3519 4388 3660 4458 ἰερέι·

2083 4472 2178 4523 καὶ
2229 4469 2337 4522 τῶν
2387 4470 2699 4539 ἑστηκότων
2756 4473 3056 4540 ἀσφάλεια·
3091 4474 3328 4528 καὶτῶν
3371 4477 3459 4528 ἐπ’
3495 4478 3664 4548 αὐτὴν

2083 4559 2618 4629 ἀναγομένωνυὸδὸς,
2647 4562 2742 4615 καὶ
2765 4562 3067 4632 ἀνατατικὴ
3095 4565 3455 4632 χειραγωγία.
3488 4567 3668 4634 Προσ-

2087 4650 2238 4720 θήσω
2273 4650 2330 4703 δέ
2370 4651 2451 4732 6;;
2491 4650 2721 4704 καὶτῶν
2751 4651 2842 4704 ὑπ’
2894 4653 3060 4706 αὑτοῦ
3100 4655 3520 4724 πεποιημένων,
3557 4654 3670 4706 Πα-

2084 4742 2210 4814 τήρ.
2248 4740 2597 4814 κυριώτερον
2626 4744 2735 4815 γὰρ
2754 4746 2781 4797 ό
2810 4744 2944 4807 Θεὸς
2969 4743 3123 4815 ἡμῶν
3155 4746 3270 4796 ἐστι
3301 4744 3518 4814 Πατὴρ,
3554 4747 3584 4797 ὁ
3608 4747 3672 4796 ἐκ

2093 4834 2169 4905 μὴ
2201 4834 2370 4888 ὅντων
2401 4837 2482 4899 εἰς
2508 4839 2568 4889 τὸ
2597 4831 2736 4889 εἶναι
2768 4835 3132 4906 παραγαγὼν,
3153 4837 3185 4907 ἢ
3208 4838 3259 4890 οἰ
3282 4838 3670 4906 γεννήσαντες,

418 4939 525 4981 ter.
557 4924 797 4989 Etenim,
833 4921 878 4976 si
907 4918 1128 4990 proprie
1159 4918 1472 4986 loquamur,
1511 4915 1654 4972 Deus
1679 4917 1844 4974 Pater
1873 4935 1963 4974 nos

2092 4927 2140 4979 οἰ
2167 4925 2226 4992 ἐξ
2260 4925 2425 4978 αὐτοῦ
2449 4966 2463 4989 ,
2495 4926 2594 4980 καὶ
2638 4927 2699 4978 τὸ
2732 4923 2897 4991 εἰναι,
2922 4928 3016 4980 καὶ
3041 4927 3102 4980 τὸ
3124 4930 3319 4998 γεννᾷν
3355 4928 3672 4998 εἰληφότες·

416 5027 529 5072 ster
581 5014 768 5070 verius
822 5020 927 5076 est,
981 5009 1076 5078 qui
1125 5023 1190 5062 ex
1245 5005 1423 5060 nihilo
1475 5022 1576 5062 nos
1631 5008 1980 5078 produxerit,

417 5123 581 5178 quam
619 5105 714 5178 qui
755 5117 855 5158 nos
884 5109 1226 5172 genuerunt;
1286 5105 1474 5170 utpote
1507 5101 1599 5171 qui
1625 5109 1741 5160 tum
1767 5111 1824 5163 ut
1853 5106 1986 5172 sint,

420 5287 463 5318 ιδ
489 5285 651 5356 Greg.
686 5281 820 5337 Nax.
855 5288 998 5336 orat.
1027 5278 1115 5335 57.

2095 5017 2204 5070 τῶν
2236 5017 2539 5087 ἑπομένων,
2569 5018 2660 5070 καὶ
2681 5019 2774 5069 ὑπ’
2795 5017 2960 5071 αὐτοῦ
2982 5019 3422 5089 ποιμαινομένων
3446 5021 3677 5088 ποιμήν·

2095 5108 2202 5163 τῶν
2234 5107 2637 5180 φωτιζομένων,
2665 5109 2929 5182 ἐλλαμψις
2952 5125 2966 5140 ·
2999 5110 3105 5164 τῶν
3125 5111 3465 5180 τελουμένων
3493 5110 3682 5164 τελετ-

1205 5276 1245 5307 ¹⁵
1271 5268 1498 5350 Dionys.
1523 5292 1647 5350 cap.
1681 5279 1708 5334 l
1742 5280 1822 5338 De
1854 5281 1960 5338 div.
1993 5299 2136 5339 nam.

1733 5435 1965 5492 VABUE
2005 5435 2408 5493 LECTIONES.

495 5550 730 5626 (Regii
799 5557 1032 5626 quatuor
1106 5548 1494 5626 ἃπαντα-..τὸν
1565 5548 1874 5620 ἄνθρωπον.
1927 5549 2036 5626 _Sic
2100 5551 2299 5626 legisse
2376 5554 2592 5626 videtur
2654 5553 3088 5626 vctnsinterpres
3176 5555 3295 5626 qui,
3378 5573 3689 5613 universum

419 5618 702 5696 hominem,
735 5618 936 5696 posuit.
994 5618 1051 5672 ln
1081 5621 1288 5696 cod._s.
1314 5620 1420 5696 flii.
1446 5618 1837 5696 supra_vocem
1869 5621 2045 5696 πάντα
2077 5618 2340 5690 scriptum
2365 5634 2448 5676 est
2475 5625 2506 5694 ἢ
2546 5624 2701 5696 ὅλον)
2735 5624 2880 5693 quod
2909 5618 3058 5681 vocis
3075 5618 3696 5696 ndvéaﬁnlerpretatio

418 5701 528 5748 cst.
582 5691 709 5766 Non
740 5689 890 5766 enim
930 5703 1146 5766 omnem
1200 5689 1500 5766 hominem,
1540 5689 1639 5746 sed
1707 5699 1902 5761 totum,
1958 5693 2063 5747 hoc
2123 5689 2208 5748 est
2256 5689 2507 5748 naturam
2563 5689 2882 5764 perfectam,
2947 5689 3560 5766 assuntpsit'Chrisius,
3622 5711 3692 5752 ac

411 5768 567 5819 totus
613 5762 710 5816 toti
741 5762 929 5816 unitus
957 5765 1059 5825 est,
1081 5766 1139 5810 ut
1165 5759 1239 5814 ait
1264 5759 1455 5814 Thcol.
