3962 6300
355 356 467 421 845
1454 353 1552 413 DE
1582 353 1762 413 FIDE
1790 352 1935 411 Oll'l‘

2053 353 2252 413 DOXA
2295 356 2442 415 LIB.
2484 355 2534 414 Ι.
3521 360 3631 423 846

352 468 550 541 αρχία·
601 464 712 519 τῶν
760 464 1067 534 θεουμένων
1115 462 1378 533 θεαρχία·
1451 460 1560 514 τῶν
1631 462 1935 516 διεστώτων

2048 471 2159 518 tum
2194 475 2250 519 ut
2277 466 2588 536 gignerent,
2622 466 2798 538 ipsius
2828 482 3058 525 munere
3090 478 3220 526 sunt
3252 473 3536 528 consecuti
3562 474 3629 526 ".

350 562 543 631 εἰρήνη
566 576 579 589 ’
614 556 841 610 καὶτῶν
864 555 1224 627 ἀπλουμένων
1254 554 1497 623 ἁπλότης
1515 570 1526 581 ·
1569 554 1662 607 καὶ
1686 554 1792 607 τῶν
1832 557 1935 608 ἑνι-

2050 552 2145 607 Est
2177 552 2405 624 insuper
2437 564 2491 611 et
2523 570 2714 610 eorum
2758 559 2851 627 qui
2888 559 3068 627 ipsum
3102 570 3436 629 sequuntur,
3479 570 3628 617 eteo

352 651 597 722 ζομένων
621 648 810 718 ἑνότης
834 664 847 677 ’
891 650 1069 720 ἀρχῆς
1098 647 1321 717 ἁπάσης
1358 644 1703 714 ὐπερούσιος,
1733 646 1810 708 ὡς
1836 648 1935 699 ὐπ-

2049 656 2269 714 paslore
2326 655 2629 717 reguntur,
2664 658 2883 718 pastor;
2939 666 3130 706 eorum
3169 653 3264 723 qui
3318 653 3634 708 illuminan-

352 745 543 813 ἀρχιος
572 743 716 813 ἀρχή
739 758 751 772 ·
788 742 886 795 καὶ
910 741 1005 796 τοῦ
1030 742 1288 812 κρυφίου,
1331 741 1450 811 ἦτοι
1478 740 1578 809 τῆς
1607 740 1772 792 αὐτοῦ
1800 739 1935 808 γνώ-

2050 747 2159 801 tur,
2207 740 2573 794 coruscatio:
2624 754 2820 795 eorum
2864 743 2960 811 qui
3001 744 3178 799 sacris
3223 745 3506 816 mysteriis
3534 746 3633 799 im-

353 853 494 898 σεως
524 834 669 887 κατὰ
709 834 772 887 τὸ
797 833 1022 904 θεμιτὸν
1073 836 1169 887 καὶ
1206 832 1429 902 ἐφικτὸν
1483 831 1721 901 ἑκάστῳ,
1758 831 1935 902 ἀγαθὴ

2049 831 2318 896 buuntur,
2370 831 2705 887 initialionis
2745 848 2994 901 auspex;
3044 849 3238 890 eorum
3287 839 3379 906 qui
3430 838 3633 893 deitate

355 927 661 997 μετάδοσις.
2047 923 2345 992 donantur,
2401 925 2626 981 deitatis
2695 924 2955 995 largitor;
3012 926 3429 993 dissidentium,
3486 944 3629 998 pax;

353 1018 698 1089 simplicitati
767 1018 1145 1085 studentium,
1245 1020 1601 1090 simplicitas;
1666 1019 1974 1075 colentium
2051 1020 2343 1085 unitatem,
2399 1018 2613 1086 unitas;
2679 1019 2938 1089 principii
3015 1020 3219 1085 omnis,
3270 1023 3629 1092 principium,

353 1117 595 1172 essentia
645 1115 794 1170 omni
846 1116 1122 1187 principio
1183 1118 1480 1173 sublimius
1531 1131 1642 1171 :ac
1683 1116 1943 1187 Tdcnique
1975 1116 2179 1171 occulti
2217 1118 2327 1179 sui,
2382 1116 2433 1170 id
2472 1126 2557 1171 est
2626 1130 2742 1170 sua:
2796 1116 3156 1186 cognitionis,
3209 1125 3479 1186 quantum
3545 1118 3631 1172 fas

353 1219 461 1279 est,
523 1224 586 1265 ae
635 1225 735 1279 pro
784 1209 1056 1281 cujusque
1105 1220 1291 1282 captu,
1345 1212 1581 1284 benigna
1629 1213 2077 1267 communicatio.

428 1520 546 1595 Hoc
571 1532 729 1595 caput
758 1521 895 1595 quod
924 1523 1161 1589 proxime
1199 1524 1455 1595 sequitur,
1490 1521 1820 1595 adjectitjum
1860 1530 1967 1595 est,
1999 1536 2090 1573 nec
2121 1523 2378 1595 reperitur
2417 1522 2771 1595 incedicibus
2808 1522 3204 1595 vetustioribus,
3237 1524 3327 1576 sed
3361 1524 3413 1595 in
3444 1523 3630 1590 paucis

354 1590 1070 1663 quibusdamprerentissinta:
1104 1590 1276 1648 ηοιω.⁷
1296 1593 1359 1646 In
1396 1592 1553 1663 Regio
1588 1591 1727 1645 3109
1777 1590 2169 1663 habeturApost
2197 1608 2316 1663 cap.
2345 1592 2378 1646 9
2430 1592 2520 1663 lib.
2556 1608 2631 1654 tv,
2665 1602 2713 1645 et
2746 1593 2799 1645 in
2833 1592 2999 1663 Regio
3027 1593 3197 1663 altero
3232 1610 3284 1645 η.
3318 1594 3481 1654 5451,
3512 1602 3631 1663 post

355 1660 534 1731 caput.
570 1661 605 1714 ‘2
633 1662 725 1716 lib.
753 1678 814 1716 ιι.
869 1662 1183 1717 Lambecius
1243 1674 1415 1716 mouet
1456 1660 1771 1729 adjunctum
1827 1661 1959 1712 illud
2007 1660 2173 1728 fuisse
2206 1662 2259 1714 in
2301 1663 2418 1716 cod.
2459 1661 2772 1715 Cwsariano
2811 1679 2864 1717 η.
2906 1662 3014 1716 200
3049 1662 3117 1712 ad
3168 1666 3364 1717 calcem
3400 1663 3526 1715 libri
3558 1662 3633 1717 De

358 1730 464 1787 lide
495 1732 823 1785 orthodoxa.
861 1732 1008 1786 Illud
1036 1749 1153 1787 vero
1179 1732 1385 1786 Joanni
1413 1732 1747 1785 Damasceno
1797 1730 2133 1783 tribuendum
2160 1748 2293 1795 esse,
2321 1731 2559 1785 Joannes
2589 1732 2811 1791 Beccus.
2838 1733 3153 1801 patriarcha
3186 1734 3451 1800 quondam
3486 1732 3630 1786 Cou-

355 1802 893 1870 stantinopolitanus,
930 1802 1147 1873 ejusque
1182 1804 1313 1857 socii
1353 1803 1616 1857 evicerunt
1647 1801 1975 1873 iu__solemni
2005 1811 2260 1873 conventu
2289 1804 2673 1871 episcoporum,
2711 1804 2864 1871 cujus
2902 1812 3021 1856 acta
3048 1801 3303 1873 Georgius
3330 1802 3629 1873 Pachyme-

358 1890 439 1925 res
466 1874 517 1925 in
549 1872 888 1935 Andronico,
923 1870 1034 1942 ιὶί)ζ
1061 1870 1144 1927 ’νιι
1173 1874 1355 1941 refert.
1414 1873 1662 1939 Quiuimo
1702 1870 1971 1942 Georgius
2014 1870 2325 1924 Srholarius
2377 1874 2431 1924 in
2467 1880 2690 1937 utroque
2745 1870 2895 1940 opere
2929 1871 3067 1942 quod
3100 1871 3164 1925 de
3192 1870 3429 1941 Spiritus
3458 1870 3631 1928 saneti

357 1944 689 2011 processione
716 1943 967 1999 adversus
1002 1940 1226 1999 Latinos
1258 1942 1444 2010 edidit,
1477 1943 1649 1997 nostri
1678 1940 1915 1995 auctoris
1948 1940 2113 2008 fetum
2142 1957 2253 1995 esse
2287 1942 2539 1995 indubius
2570 1948 2835 2010 agnoscit.

506 2252 635 2305 Ἔτι
672 2252 796 2320 περὶ
823 2254 995 2309 θείων
1027 2255 1338 2325 ὀνομάτων
1358 2255 1802 2326 ἀκριϐέστερον.

428 2344 503 2396 Τὸ
532 2343 684 2397 Θεῖον
713 2345 1099 2416 ἀκατάληπτον
1146 2347 1226 2412 ὃν,
1263 2347 1479 2411 πάντως
1534 2352 1628 2401 καὶ
1656 2348 1937 2419 ἀνώνυμον

355 2437 531 2491 ἔσται.
578 2437 925 2505 Ἀγνοοῦντες
948 2433 1043 2493 οὖν
1072 2438 1170 2511 τὴν
1196 2440 1385 2493 οὐσίαν
1412 2440 1602 2507 αὐτοῦ,
1628 2442 1726 2512 τῆς
1750 2443 1937 2505 οὐσίας

356 2521 521 2576 αὐτοῦ
563 2522 638 2594 μὴ
676 2524 1073 2596 ἐκζητήσωμεν
1109 2527 1310 2598 ὄνομα·
1356 2527 1629 2599 δηλωτικὰ
1675 2529 1783 2600 γὰρ
1829 2530 1937 2585 τῶν

359 2619 702 2688 πραγμάτων
731 2621 849 2673 ἐστὶ
870 2620 938 2675 τὰ
961 2622 1233 2693 ὀνόματα·
1262 2623 1378 2677 ἀλλ’
1404 2625 1608 2692 ἀγαθὸς
1640 2624 1716 2679 ὣν
1740 2628 1767 2679 ὁ
1783 2625 1935 2693 Θεὸς,

357 2708 454 2761 καὶ
486 2709 576 2760 ἐπὶ
604 2709 821 2778 μεθέξει
848 2712 947 2782 τῆς
969 2713 1305 2783 ἁγαθότητος
1337 2715 1677 2786 παραγαγὼν
1700 2719 1848 2787 ἡμᾶς
1875 2720 1941 2771 ἐκ

356 2796 453 2851 τοῦ
495 2798 570 2869 μὴ
598 2798 750 2864 ὄντος
782 2802 863 2865 εὶς
899 2804 960 2856 τὸ
983 2799 1146 2869 εἶναι,
1186 2806 1279 2858 καὶ
1320 2808 1656 2873 γνωστικοὺς
1708 2810 1939 2879 ποιήσας

356 2891 526 2960 ἡμᾶς,
557 2890 746 2963 ὥσπερ
775 2895 833 2945 οὐ
876 2894 975 2965 τῆς
1020 2897 1209 2960 οὐσίας
1246 2897 1411 2951 αὐτοῦ
1450 2899 1753 2969 μετέδωκεν
1783 2902 1936 2971 ἡμῖν,

355 2981 531 3047 οὕτως
553 2985 674 3037 οὐδὲ
702 2988 800 3056 τῆς
828 2987 1085 3056 γνώσεως
1137 2990 1236 3061 τῆς
1266 2992 1457 3054 οὐσίας
1489 2991 1678 3047 αὐτοῦ.
1719 2992 1941 3047 Ἀδύνα-

357 3092 446 3128 τον
492 3077 598 3147 γὰρ
657 3077 821 3147 φύσιν
872 3080 1095 3144 τελείως
1139 3081 1341 3151 γνῶναι
1382 3083 1479 3155 τὴν
1531 3084 1939 3156 ὑπερκειμένην

357 3164 541 3235 φύσιν.
573 3170 634 3221 Ei
663 3170 719 3223 δὲ
744 3171 966 3225 καὶτῶν
996 3173 1166 3227 ὄντων
1193 3176 1250 3227 αἱ
1278 3174 1508 3244 γνώσεις
1538 3177 1582 3240 ι,
1608 3176 1669 3229 τὸ
1701 3175 1939 3247 ὐπερού-

357 3271 475 3309 σιον
523 3259 641 3323 πῶς
690 3262 1108 3332 γνωσθήσεται;
1137 3266 1214 3319 Δι’
1242 3265 1451 3334 ἄφατον
1485 3262 1578 3322 οὗν
1625 3269 1939 3340 ἀγαοὸτητα

355 3347 659 3421 ηὐδόκησεν
704 3353 767 3404 ὲκ
807 3354 914 3405 τῶν
945 3357 1066 3409 κατ’
1102 3358 1248 3426 ἡμᾶς
1290 3358 1696 3428 ὀνομάζεσθαι,
1741 3363 1827 3415 ἵνα
1864 3363 1938 3433 μὴ

354 3440 616 3511 ἀμέτοχοι
678 3445 959 3509 παντελῶς
1013 3441 1162 3520 ὦμεν
1212 3449 1308 3519 τῆς
1366 3450 1531 3504 αὐτοῦ
1565 3452 1936 3520 ἐπιγνώσεως,

355 3531 473 3585 ἀλλ’
500 3533 713 3604 ἔχωμεν
740 3537 842 3592 κᾶν
872 3540 1119 3610 ἀμυδρὰν
1155 3542 1319 3595 αὐτοῦ
1371 3543 1603 3597 ἔννοιαν.
1654 3544 1805 3597 Καθὸ
1839 3546 1937 3615 μὲν

2254 2256 2438 2309 Adhuc
2468 2256 2528 2309 de
2550 2256 2739 2309 divinis
2759 2256 3057 2310 nominibus
3090 2255 3414 2307 accuratius.

2116 2349 2211 2403 Dei
2237 2349 2467 2404 essentia
2503 2349 2560 2402 in
2588 2365 2641 2402 se
2675 2350 2824 2403 nobis
2872 2350 3075 2417 ignota,
3134 2362 3226 2400 nec
3265 2346 3625 2399 nominabilis.

2042 2440 2141 2495 Dei
2196 2440 2410 2495 nomina
2438 2457 2503 2495 ea:
2533 2440 2748 2505 creatis,
2795 2441 2910 2509 ipso
2936 2438 3334 2493 iunominabili.
3356 2466 3424 2478 —
3456 2436 3624 2498 Deus,

2042 2533 2627 2602 incomprehensibilis
2677 2547 2800 2587 cum
2839 2532 2935 2596 sit,
2987 2530 3215 2585 omnino
3266 2543 3487 2600 quoque
3537 2546 3631 2584 no-

2042 2621 2244 2677 minati
2279 2636 2389 2677 non
2431 2628 2634 2692 potest.
2684 2608 2820 2676 cum
2867 2619 3053 2688 itaque
3103 2619 3281 2688 ipsius
3328 2620 3626 2676 essentiam

2041 2713 2384 2781 ignoremus,
2414 2711 2669 2767 essentia:
2709 2710 2885 2780 ipsius
2922 2723 3122 2764 nomen
3157 2724 3225 2765 ne
3253 2709 3624 2779 inquiramus.

2040 2801 2274 2857 Nomina
2325 2802 2526 2871 quippe
2580 2815 2766 2855 rerum
2810 2798 3224 2854 maniiestantia
3291 2807 3422 2854 sunt
3450 2802 3513 2853 ".
3554 2804 3627 2853 At

2044 2891 2188 2948 Deus
2244 2893 2336 2962 qui
2366 2892 2547 2947 bonus
2576 2901 2682 2953 est.
2730 2907 2945 2962 nosque
2968 2892 3180 2947 idcirco
3238 2908 3306 2949 ex
3343 2893 3501 2965 147
3537 2896 3625 2948 ni-

2042 2985 2157 3039 hilo
2191 2984 2471 3055 produxit,
2501 2990 2562 3038 ut
2598 2985 2775 3054 ipsius
2797 2984 3068 3040 bonitatis
3096 2985 3400 3056 participes
3425 2986 3621 3053 simus,

2043 3077 2247 3146 quique
2282 3076 2663 3144 cognoscendi
2721 3076 2830 3130 vim
2873 3077 3035 3132 nobis
3084 3076 3307 3142 indidit,
3360 3078 3504 3133 sicut
3535 3095 3624 3132 es-

2044 3168 2277 3222 sentiam
2313 3181 2472 3223 suam
2518 3168 2683 3223 nobis
2717 3183 2831 3222 non
2859 3168 3187 3238 impertivit,
3221 3169 3304 3224 sic
3332 3184 3402 3223 ne
3434 3185 3625 3226 essen-

2043 3260 2131 3314 tite
2164 3258 2386 3329 quidem
2437 3275 2550 3316 sua:
2584 3260 2957 3330 cognitionem
3006 3261 3219 3317 tribuit.
3252 3260 3441 3332 Neque
3468 3263 3617 3317 enim

2045 3347 2161 3404 ﬁeri
2222 3356 2403 3419 potest
2472 3358 2532 3404 ut
2592 3357 2789 3404 natura
2853 3352 3201 3421 superiorem
3251 3367 3311 3407 se
3368 3364 3625 3415 naturam

2043 3442 2202 3510 plene
2234 3450 2528 3512 cognoscat
2566 3443 2629 3496 ¹⁸.
2662 3443 2731 3496 At
2770 3442 2817 3497 si
2859 3442 3204 3512 cognitiones
3252 3453 3384 3499 sunt
3424 3461 3615 3502 earum

2044 3548 2231 3589 rerum
2284 3548 2407 3604 qua:
2453 3541 2604 3597 sunt,
2647 3533 2796 3602 quod
2834 3535 3079 3587 essentia
3135 3535 3286 3588 omni
3327 3536 3623 3593 sublimius

354 3619 451 3675 οὖν
489 3625 874 3697 ἁκατάληπτός
924 3630 1063 3697 ἐστι,
1105 3633 1198 3685 καὶ
1244 3632 1712 3703 ἀκατονόμαστος.
1764 3612 1851 3697 Ὠς
1882 3634 1935 3687 δὲ

2048 3634 2160 3690 est,
2217 3640 2459 3696 quonam
2522 3625 2687 3680 velim
2751 3624 2917 3679 modo
2979 3629 3383 3696 cognoscatur?
3443 3626 3627 3695 Quare

354 3714 578 3769 πάντων
609 3718 780 3804 αῖτιρς
803 3761 818 3786 ,
866 3721 962 3774 καὶ
995 3723 1215 3778 πάντων
1260 3724 1370 3777 τῶν
1391 3724 1561 3779 ὄντων
1588 3727 1716 3789 τοὺς
1744 3726 1935 3795 λόγους

354 3808 451 3858 καὶ
482 3806 581 3870 τὰς
610 3809 786 3873 αἰτίας
831 3813 888 3864 ὲν
927 3812 1104 3883 ἑαυτῷ
1148 3814 1419 3883 προέχων,
1474 3817 1539 3867 ἐκ
1575 3814 1794 3868 πάντων
1828 3815 1935 3868 τῶν

353 3894 524 3948 ὄντων
580 3899 1048 3970 κατονομάζεται,
1103 3904 1199 3956 καὶ
1224 3906 1287 3955 ἐκ
1335 3903 1444 3956 τῶν
1475 3903 1765 3959 ἐναντίων“
1823 3898 1934 3957 οἷον

354 3987 533 4055 φωτὸς
565 3988 657 4041 καὶ
683 3991 929 4057 σκότους,
970 3994 1162 4057 ὓδατος
1204 3996 1298 4049 καὶ
1344 3995 1548 4065 πυρός·
1593 3995 1680 4047 ἵνα
1715 3994 1934 4064 γνῶμεν

353 4077 440 4130 ὅτι
470 4079 529 4131 οὐ
562 4081 731 4138 ταῦτα
763 4085 883 4137 κατ’
923 4086 1109 4141 οὐσίαν
1141 4089 1289 4142 ἐστίν
1308 4104 1321 4118 ⁸
1358 4089 1474 4142 ἀλλ’
1500 4088 1615 4141 ἔστι
1639 4087 1737 4159 μὲν
1761 4089 1933 4159 ὑπερ-

352 4166 534 4231 οὐσιος
562 4172 655 4223 καὶ
677 4172 1120 4244 ἀκατονόμαστος
1142 4191 1154 4204 ·
1180 4175 1255 4239 ώς
1285 4175 1341 4229 δὲ
1367 4176 1585 4230 πάντων
1619 4175 1727 4227 τῶν
1763 4173 1932 4226 ὄντων

353 4259 550 4325 αἴτιος,
581 4263 647 4316 ἐκ
686 4265 905 4319 πάντων
931 4265 1040 4319 τῶν
1080 4267 1337 4322 αἱτιατῶν
1364 4267 1714 4338 ὀνομάζεται.

2049 3716 2406 3772 inenarrabili
2452 3716 2628 3786 ipsius
2656 3714 2899 3770 bonitate
2951 3715 3157 3771 factum
3203 3725 3309 3784 est,
3344 3726 3404 3774 ut
3435 3734 3503 3774 ex
3539 3720 3626 3777 his

2043 3820 2166 3875 quae
2232 3805 2391 3860 nobis
2447 3805 2743 3859 familiaria
2796 3816 2946 3871 sunt,
3004 3808 3277 3864 nominari
3347 3810 3618 3875 voluerit;

2043 3912 2112 3973 ne
2160 3896 2365 3967 alioqui
2413 3896 2533 3967 ejus
2588 3895 2925 3967 cognitionis
2969 3913 3201 3968 prorsus
3240 3911 3496 3971 expertes
3535 3919 3623 3959 es-

2043 4003 2248 4054 semus,
2283 3986 2378 4043 sed
2405 3987 2691 4042 notionem
2724 3987 2922 4058 ipsius,
2956 3990 3266 4059 quamlibet
3297 3993 3619 4060 obscuram,

2043 4082 2394 4136 haberemus.
2430 4079 2496 4134 Et
2541 4081 2787 4152 quidem,
2837 4089 3116 4151 quatenus
3148 4099 3398 4147 omnem
3428 4088 3616 4146 ,animi

2042 4172 2600 4243 comprehensionem
2643 4180 2906 4243 superat,
2940 4174 3157 4229 nullum
3195 4176 3247 4230 ei
3277 4191 3479 4232 nomen
3528 4193 3621 4234 as-

2042 4264 2254 4333 signari
2308 4272 2529 4334 potest:
2576 4271 2853 4334 quatenus
2907 4274 3090 4320 autem
3142 4266 3388 4321 omnium
3425 4276 3622 4322 auctor

352 4356 459 4414 est,
500 4366 796 4423 rerumque
847 4357 1095 4411 omnium
1150 4372 1349 4414 causas
1403 4365 1458 4412 et
1490 4359 1738 4414 rationes
1779 4359 1833 4412 in
1869 4372 1927 4413 se
1973 4357 2238 4419 continet,
2275 4370 2343 4410 ex
2387 4355 2645 4410 omnibus
2677 4356 2868 4421 rebus,
2903 4356 3071 4410 etiam
3127 4357 3271 4413 inter
3359 4374 3418 4414 se
3482 4374 3620 4416 con-

352 4444 564 4510 trariis,
591 4447 929 4513 nominatur,
966 4450 1118 4505 velut
1161 4467 1192 4506 a
1228 4452 1349 4506 luce
1391 4451 1654 4514 tenebris,
1727 4452 1796 4506 ab
1847 4466 1972 4521 igne
2013 4458 2068 4505 et
2150 4464 2334 4519 aqua;
2388 4460 2450 4503 ut
2496 4449 2904 4519 intelligamus,
2960 4450 3075 4505 hare
3124 4449 3277 4506 illum
3318 4452 3619 4509 secundum

350 4539 653 4592 essentiam
699 4554 811 4594 non
848 4555 989 4608 esse,
1036 4543 1129 4597 sed
1200 4544 1387 4613 potius
1443 4560 1612 4613 supra
1670 4544 1969 4599 essentiam
2047 4556 2195 4605 esse,
2261 4555 2360 4595 nec
2412 4540 2529 4595 ullo
2573 4542 2796 4596 nomine
2849 4542 3113 4611 appellari
3161 4545 3382 4614 quidem
3431 4562 3624 4615 posse,

351 4638 609 4685 caeterum
662 4644 719 4689 ut
765 4636 1009 4690 omnium
1074 4652 1321 4704 causam,
1363 4654 1393 4693 a
1444 4640 1668 4694 cunctis
1716 4638 1932 4694 effectis
1972 4636 2272 4691 nominari.

422 4725 514 4777 Διὸ
536 4727 645 4779 τῶν
677 4727 837 4783 θείων
866 4731 1169 4801 ὀνομάτων,
1207 4733 1276 4787 τὰ
1312 4734 1409 4804 μὲν
1438 4733 1795 4803 ἀποφατικῶς
1841 4733 1932 4786 λέ-

349 4831 533 4883 γεται,
563 4816 830 4887 δηλοῦντα
860 4822 921 4874 τὸ
948 4822 1293 4894 ὐπερούσιονο
1328 4820 1438 4877 οἷον
1472 4824 1742 4888 ἀνούσιος,
1770 4825 1933 4895 ἄχρο-

348 4923 463 4972 νος,
490 4907 748 4979 ἄναρχος,
772 4912 1003 4983 ἀόρατος
1023 4931 1035 4944 ·
1070 4916 1167 4986 οὐχ
1199 4918 1280 4971 ὅτι
1305 4918 1449 4981 τινὸς
1474 4920 1655 4989 ἥττων
1695 4921 1863 4983 ἐστὶν,
1900 4922 1934 4991 ἡ

344 5016 495 5065 τινος
528 5003 816 5075 ἐστέρηται
841 5022 855 5037 ο
892 5008 1057 5061 αὐτοῦ
1091 5010 1201 5080 γάρ
1248 5013 1365 5064 ἐστι
1416 5012 1485 5064 τὰ
1517 5012 1716 5076 πάντα,
1751 5014 1844 5064 καὶ
1873 5013 1932 5077 ἐξ

348 5090 517 5143 αὐτοῦ
545 5093 640 5149 καὶ
658 5095 727 5147 δι’
760 5096 924 5150 ἀυτοῦ
955 5099 1167 5167 γέγονε,
1191 5102 1285 5154 καὶ
1314 5103 1370 5154 ἐν
1387 5103 1536 5173 αὐτῷ
1571 5103 1930 5171 συνέστηκεν·

346 5180 465 5234 ἀλλ’
479 5182 562 5235 ὃτι
574 5184 792 5239 πάντων
810 5188 1156 5259 ὐπεροχικῶς
1172 5192 1278 5244 τῶν
1294 5194 1464 5247 ὄντων
1482 5193 1937 5265 ἐξῄρηται.οὐδὲν

347 5272 460 5342 γὰρ
480 5273 591 5327 τῶν
603 5275 792 5341 ὄντων,
810 5278 926 5331 ἀλλ’
944 5280 1084 5352 ὑπὲρ
1106 5265 1282 5336 πάντα
1309 5282 1444 5336 ἐστί.
1466 5283 1545 5335 Τὰ
1567 5283 1621 5335 δὲ
1638 5299 1937 5351 καταφατι-

346 5362 463 5426 κῶς
495 5363 787 5437 λεγόμενα,
816 5370 889 5434 ὡς
925 5372 1098 5425 αἰτίου
1129 5373 1237 5426 τῶν
1264 5374 1482 5428 πάντων
1518 5377 1929 5444 κατηγορεῖται.

2119 4730 2216 4784 Dei
2276 4732 2492 4784 nomina
2548 4733 2821 4800 negantia,
2871 4734 3215 4802 alﬁrmantia.
3261 4733 3392 4799 Qua:
3448 4737 3622 4804 aptius

2042 4823 2105 4876 de
2124 4821 2236 4875 Deo
2263 4821 2511 4875 dicantur
2532 4823 2766 4877 nomina.
2798 4822 3028 4888 Malum,
3070 4824 3238 4890 nihil;
3271 4824 3488 4891 bonum,
3527 4843 3624 4882 ea:-

2046 4912 2312 4978 sistentia,
2338 4928 2399 4964 ac
2417 4913 2703 4966 res.Mista
2740 4912 2837 4967 Dei
2876 4914 3110 4967 nomina.
3148 4911 3460 4982 Afﬁrmatia
3489 4931 3625 4983 prte-

2041 5003 2277 5057 cellentis
2309 5002 2600 5071 negationis
2630 5002 2733 5055 vim
2760 5001 2976 5056 habens.
3012 5032 3080 5041 —-
3103 5001 3369 5069 Quocirca
3390 5018 3459 5058 ex
3484 5004 3626 5058 divi-

2044 5095 2129 5149 nis
2150 5094 2466 5150 nominibus
2496 5093 2745 5163 quaedam
2798 5110 2893 5165 per
2946 5095 3294 5165 negationem
3338 5095 3620 5163 dicuntur,

2044 5186 2246 5256 quibus
2270 5186 2566 5242 essentiam
2599 5202 2817 5243 onmem
2840 5203 2964 5243 eum
2984 5203 3246 5258 superare
3271 5187 3581 5244 declaratur
3608 5208 3622 5257 ;

2045 5280 2193 5333 velut
2239 5292 2362 5332 cum
2420 5279 2676 5333 essentia;
2732 5295 2952 5350 expers,
3017 5282 3136 5335 sine
3185 5290 3447 5351 tempore,
3508 5280 3627 5335 sine

2045 5371 2335 5441 principio,
2367 5369 2663 5425 invisibilis
2697 5370 2898 5425 dicitur
2932 5390 2943 5424 :
2976 5387 3083 5426 non
3126 5374 3273 5442 quod
3304 5390 3362 5428 re
3392 5373 3503 5427 ulla
3542 5373 3623 5427 in.

425 5470 691 5561 “Athan.
726 5520 870 5565 orat.
905 5512 940 5565 2
963 5512 1121 5567 Dent.
1156 5517 1373 5580 Arium;
1407 5516 1581 5586 Cyri].
1625 5516 1778 5570 Thes.
1822 5520 2020 5570 assert.
2054 5510 2139 5566 l5.
2222 5510 2261 5539 ¹⁷
2290 5510 2451 5581 Greg.
2487 5510 2619 5565 Naz.
2657 5520 2796 5565 orat.
2830 5513 2918 5566 56.
3001 5512 3039 5543 ¹⁸³
3082 5511 3304 5583 Dionys.
3340 5528 3458 5582 cap.
3510 5510 3527 5561 l
3557 5507 3630 5561 De

344 5569 457 5625 diu.
494 5589 635 5629 nam.

1735 5673 1969 5729 VARIIE
2002 5673 2406 5732 LECTlONES.

434 5760 450 5796 ⁸
486 5762 551 5816 ιι.
582 5764 718 5820 5109
747 5768 802 5819 αἱ
832 5766 1024 5836 φύσεις
1056 5769 1356 5835 ἄγνωστοι,
1402 5767 1533 5822 αὐτὸ
1582 5765 1907 5837 ὐπερούσιον
1971 5765 2087 5829 πῶς
2121 5767 2521 5839 γνωσθήσεται.
