3962 6300
389 373 496 438 847
1587 372 1650 432 S.
1688 371 1962 434 JOANNI

2065 373 2462 434 IAMASCENI
3524 371 3628 436 848

389 484 560 538 ferior
607 481 698 548 sit.
737 487 832 536 aut
868 478 943 534 illi
1002 479 1304 548 quidquam
1335 477 1530 548 desit(
1577 477 1756 547 ipsius
1809 475 1956 533 enim

2069 478 2158 540 Ὦς
2185 479 2296 548 γὰρ
2323 480 2497 543 αἴτιος
2527 479 2746 534 πάντων
2771 479 2879 532 τῶν
2898 479 3069 535 ὄντων
3097 479 3191 534 καὶ
3213 479 3394 549 πάσης
3413 477 3625 545 οὐσίας,

392 581 520 629 sunt
549 571 753 635 omnia,
798 581 961 638 atque
1000 585 1066 626 ex
1097 571 1238 642 ipso,
1285 578 1341 625 et
1380 583 1477 639 per
1510 568 1687 638 ipsum
1717 577 1867 633 sunt,
1901 574 1958 622 et

387 664 448 717 in
482 663 602 731 ipso
625 667 883 717 constant
913 659 1012 730 “),
1031 659 1124 716 sed
1161 659 1288 729 quia
1311 657 1574 714 eminenti
1607 657 1769 713 modo
1789 657 1957 714 rebus

387 753 646 809 omnibus
665 751 936 808 excelsior
967 759 1074 808 est.
1102 749 1223 806 Non
1255 751 1405 806 enim
1421 749 1718 820 quidquam
1754 757 1838 806 est
1867 762 1959 805 eo-

393 859 513 899 rum
541 859 664 915 quze
702 852 852 909 sunt,
882 843 982 899 sed
1021 857 1189 913 super
1227 840 1434 897 omnia.
1467 838 1609 896 Sunt
1643 847 1823 900 autem
1851 839 1957 894 alia

389 949 512 1006 quae
544 949 642 1006 per
662 933 1070 990 aliirmationem
1101 931 1402 987 efferuntur
1432 948 1448 997 ;
1482 944 1546 986 ea
1562 930 1820 986 nimirum
1839 943 1959 998 quae

391 1027 462 1082 de
495 1041 562 1082 eo
598 1025 877 1089 dicuntur,
912 1030 970 1079 ut
1011 1029 1096 1080 est
1123 1021 1369 1078 omnium
1394 1033 1576 1076 rerum
1603 1034 1790 1076 causa.
1821 1018 1955 1074 Nam

391 1118 542 1173 velut
589 1116 837 1172 omnium
879 1113 1172 1184 omnisque
1215 1112 1469 1169 essentia:
1519 1117 1732 1175 auctor,
1761 1117 1818 1166 et
1848 1109 1958 1166 Ens

393 1207 595 1262 dicitur
621 1214 676 1261 et
719 1204 1006 1261 essentia:
1045 1212 1212 1273 utque
1266 1202 1446 1256 omnis
1480 1201 1706 1255 rationis
1761 1209 1816 1254 et
1869 1213 1958 1254 sa-

393 1298 632 1369 pientiae,
665 1296 947 1350 rationalis
975 1303 1029 1349 ct
1059 1294 1322 1364 sapientis
1351 1307 1550 1358 causa;
1582 1300 1635 1346 et
1663 1292 1801 1344 ratio
1819 1291 1958 1345 dici-

397 1401 505 1454 tur,
534 1397 589 1444 et
617 1386 937 1450 rationalis;
961 1385 1228 1454 sapientia
1250 1384 1401 1448 item,
1423 1393 1478 1439 et
1495 1382 1732 1452 sapiens.
1756 1380 1958 1436 Eodem

396 1482 580 1541 modo,
603 1487 656 1534 et
674 1493 826 1533 mens
853 1477 1075 1540 dicitur,
1097 1481 1151 1529 et
1171 1474 1480 1544 intelligens
1503 1474 1644 1539 ;vita
1661 1480 1714 1526 et
1738 1472 1956 1537 vivens;

397 1573 637 1643 potentia
673 1579 727 1626 et
757 1578 949 1641 potens
975 1581 991 1634 ;
1025 1569 1264 1637 itemque
1281 1567 1336 1619 in
1354 1564 1610 1632 omnibus
1630 1563 1751 1616 aliis
1775 1561 1959 1617 rebus.

395 1664 650 1730 Quinimo
701 1676 768 1716 ex
807 1657 1302 1729 praestantioribus,
1345 1669 1576 1726 quaeque
1618 1652 1844 1724 propius
1894 1651 1962 1706 ad

2057 571 2154 622 καὶ
2192 571 2285 623 Ὣν
2320 570 2576 638 λέγεται,
2619 573 2716 626 καὶ
2763 573 2952 628 οὐσία·
2999 571 3099 626 καὶ
3147 570 3224 634 ὡς
3252 570 3427 631 αἴτιος
3467 568 3627 637 λόγου

2057 660 2258 725 παντὸς
2304 661 2400 715 καὶ
2437 662 2652 730 σοφίας,
2685 662 2910 732 λογικοῦ
2956 680 3016 716 τε
3064 663 3159 716 καὶ
3193 659 3381 729 σοφοῦ,
3411 660 3629 728 λέγεται

2056 751 2235 820 λόγος,
2294 753 2389 806 καὶ
2439 751 2679 822 λογικὸς,
2713 756 2812 808 καὶ
2853 755 3018 824 σοφία
3064 756 3160 808 καὶ
3202 751 3399 822 σοφός·
3427 750 3630 823 ὁμοίως

2057 841 2182 905 νοῦς
2203 843 2298 896 καὶ
2323 845 2531 914 νοερὸς,
2553 843 2667 915 ζωὴ
2703 846 2798 899 καὶ
2821 845 2950 910 ζῶν,
2978 844 3210 915 δύναμις
3237 843 3336 897 καὶ
3371 841 3628 905 δυνατός·

2058 932 2153 986 καὶ
2175 933 2268 985 ἐπὶ
2289 933 2508 988 πάντων
2529 933 2636 987 τῶν
2657 933 2862 988 λοιπῶν
2881 935 3104 1005 ὁμοίως,
3130 934 3332 1004 μᾶλλον
3349 933 3408 986 δὲ
3435 933 3501 986 ὲκ
3521 931 3630 986 τῶν

2055 1021 2398 1093 τιμιωτέρων
2425 1024 2522 1078 καὶ
2544 1025 2954 1096 πλησιαζόντων
2973 1025 3124 1096 αὐτῷ
3145 1024 3488 1095 οἰκειοτέρως
3511 1025 3631 1076 ὀνο·

2061 1111 2426 1181 μασθήσεται.
2453 1114 2770 1187 Τιμιιὶιτερα
2795 1116 2866 1170 τά
2890 1115 3029 1170 ἄῦλα
3061 1115 3168 1169 τῶν
3190 1114 3414 1179 ὑλικῶν,
3442 1113 3539 1167 καὶ
3561 1112 3632 1166 τὰ

2059 1198 2276 1270 καθαρά
2302 1201 2412 1255 τῶν
2445 1202 2723 1275 ῥυπαρῶν,
2754 1203 2849 1257 καὶ
2880 1203 2950 1257 τὰ
2983 1205 3115 1272 ἅγια
3136 1203 3246 1256 τῶν
3272 1202 3505 1270 ὲναγῶν,
3538 1201 3633 1254 καὶ

2062 1291 2264 1360 μᾶλλον
2293 1291 2442 1364 αὑτῷ
2471 1293 2838 1364 πλησιάζοντα
2856 1311 2870 1326 ·
2900 1294 3024 1347 ἐπεὶ
3051 1295 3144 1347 καὶ
3181 1293 3342 1346 πλέον
3371 1292 3631 1363 μετέχου-

2059 1399 2146 1434 σιν
2191 1381 2379 1438 αὖτοῦ,
2428 1383 2772 1454 Οίκειότερον
2804 1377 2897 1436 οὖν
2948 1383 3151 1453 μᾶλλον
3201 1381 3632 1453 ὁνομασθήσεται

2057 1471 2209 1542 ἥλιος
2231 1471 2327 1525 καὶ⁵
2342 1471 2479 1541 φῶς,
2506 1473 2652 1544 ἥπερ
2688 1473 2908 1536 σκότος’
2945 1474 3042 1526 καὶ
3075 1472 3276 1544 ἡμέρα,
3328 1473 3470 1543 ἤπερ
3498 1471 3630 1538 νύξ’

2060 1561 2153 1614 καὶ
2175 1560 2322 1632 ζωὴ,
2354 1561 2500 1632 ἢπερ
2541 1561 2796 1626 θάνατος·
2827 1563 2922 1616 καὶ
2955 1561 3088 1633 πῦρ,
3130 1563 3226 1615 καὶ
3254 1561 3500 1632 πνεῦμα,
3537 1561 3635 1614 καὶ

2061 1647 2226 1720 ὕδωρ,
2266 1649 2340 1712 ὼς
2373 1648 2612 1714 ζωτικά,
2653 1651 2799 1721 ἥπερ
2826 1651 2929 1721 γῆ·
2966 1651 3064 1704 καὶ
3110 1649 3218 1720 πρὸ
3246 1649 3486 1712 πάντων,
3538 1647 3634 1700 καὶ

394 1771 516 1808 «sum
548 1753 833 1818 accedunt,
885 1750 1066 1821 aptius
1099 1746 1525 1816 nuncupabitur.
1572 1743 1961 1800 Prmstantiora

2065 1740 2228 1794 πλέον
2252 1741 2549 1814 ἀγαθότης,
2583 1742 2730 1814 ἥπερ
2758 1742 2928 1796 κακία
2947 1757 2962 1772 ⁶
3007 1742 3207 1796 ταυτὸν
3232 1740 3293 1795 δὲ
3320 1741 3520 1804 εἰπεῖν,
3549 1737 3631 1804 ὸν,

395 1855 574 1902 autem
607 1853 757 1910 sunt,
790 1843 948 1914 eique
992 1838 1406 1912 propinquiora,
1437 1850 1558 1906 quae
1589 1833 1818 1889 materia
1870 1847 1962 1888 ca-

2065 1829 2209 1900 ἧπερ
2234 1807 2313 1900 μη
2337 1829 2419 1884 ὃν.
2445 1807 2520 1883 Τὸ
2544 1807 2653 1901 γάρ
2677 1807 2902 1900 ἀγαθὸν,
2927 1829 3181 1901 ὕπαρξις,
3216 1829 3312 1883 καὶ
3350 1827 3636 1900 ὑπάρξεως

394 1944 538 2000 rent,
569 1949 732 2007 quam
763 1949 884 2004 qua:
918 1930 1220 1987 materialia
1253 1935 1423 1993 sunt;
1453 1940 1574 1997 qua:
1609 1939 1766 1995 pura,
1797 1939 1960 1996 quam

395 2029 742 2100 qumimpura
771 2033 863 2092 ;et
883 2038 1002 2094 quae
1029 2029 1238 2086 sancta,
1261 2035 1425 2091 quam
1453 2033 1573 2089 quae
1591 2015 1815 2087 profana
1841 2023 1963 2080 ;ut-

397 2128 522 2190 pote
545 2133 668 2189 qua:
694 2117 816 2187 ejus
849 2111 1051 2184 aliquid
1073 2112 1297 2167 uberius
1334 2109 1590 2163 habeant.
1642 2105 1827 2176 Itaque
1849 2105 1964 2160 alli-

398 2207 540 2263 niori
571 2209 730 2276 longe
751 2206 962 2259 ratione
990 2203 1073 2258 sol
1102 2210 1156 2256 et
1170 2201 1352 2254 lumen
1384 2196 1764 2267 appellabitur,
1789 2209 1953 2265 quam

395 2300 670 2365 tenebrae;
703 2303 756 2352 et
779 2296 915 2359 dies,
951 2307 1112 2364 quam
1135 2306 1273 2358 nox;
1298 2290 1539 2358 vitaque,
1575 2301 1736 2356 quam
1763 2300 1911 2340 mors
1939 2301 1956 2350 ;

397 2391 636 2460 itemque
669 2387 831 2456 ignis,
864 2394 918 2440 et
947 2384 1197 2454 spiritus,
1229 2389 1282 2437 et
1314 2393 1472 2450 aqua,
1505 2384 1565 2432 ut
1595 2391 1715 2446 qua:
1744 2375 1960 2431 vivifica

397 2487 548 2541 sunt,
585 2491 750 2547 quam
788 2483 971 2537 terra;
1003 2486 1067 2526 ac
1100 2484 1211 2540 pre
1265 2469 1350 2523 his
1393 2465 1668 2530 omnibus,
1720 2465 1960 2529 bonitas,

395 2581 558 2636 quam
588 2564 793 2620 malitia
825 2581 838 2616 :
873 2557 1018 2631 quod
1051 2557 1276 2629 perinde
1298 2562 1382 2612 est
1404 2568 1470 2609 ac
1513 2554 1560 2609 si
1584 2553 1846 2617 dicerem,
1873 2567 1962 2608 res

2067 1917 2268 1972 αἴτιονο
2299 1917 2361 1971 τὸ
2389 1918 2445 1972 δὲ
2472 1920 2662 1982 κακὸν,
2691 1919 2919 1990 ἀγαθοῦ,
2948 1921 3069 1990 ἦτοι
3099 1919 3408 1990 ὑπάρξεως,
3440 1919 3635 1990 στέρη-

2069 2026 2174 2073 σις.
2205 2010 2315 2062 Καὶ
2342 2006 2503 2064 αὗται
2566 2011 2664 2081 μὲν
2709 2014 2764 2065 αἱ
2797 2011 3102 2080 ἀποφάσεις
3132 2012 3224 2065 καὶ
3264 2011 3632 2080 καταφάσεις·

2066 2099 2376 2171 γλυκυτάτη
2432 2101 2488 2154 δὲ
2540 2103 2633 2155 καὶ
2675 2103 2710 2173 ἡ
2755 2103 2815 2168 ἐξ
2855 2103 3057 2173 ἀμφοῖν
3094 2103 3360 2173 συνάφεια
3382 2118 3398 2134 ο
3434 2099 3567 2164 οἷον,
3600 2102 3636 2172 ἡ

2059 2191 2385 2264 ὑπερούσιος
2434 2194 2628 2258 οὐσία,
2681 2195 2716 2266 ἡ
2782 2195 3048 2265 ὑπέρθεος
3067 2193 3638 2266 θεότης,ὑπεράρχιος

2060 2283 2221 2354 ἀρχὴ,
2255 2285 2349 2337 καὶ
2372 2285 2442 2338 τὰ
2468 2285 2714 2341 τοιαῦτα.
2746 2287 2870 2340 Εἰσὶ
2899 2287 2956 2340 δὲ
2978 2287 3072 2339 καί
3096 2303 3218 2339 τινα
3247 2285 3637 2354 καταφατικῶς

2064 2375 2158 2426 ἐπὶ
2181 2374 2318 2428 Θεοῦ
2353 2375 2643 2448 λεγόμενα,
2678 2377 2910 2447 δύναμιν
2945 2376 3280 2447 ὑπεροχικῆς
3305 2374 3638 2442 ἀποφάσεως

2064 2463 2290 2533 ἔχοντα·
2343 2461 2456 2519 οἷον
2507 2469 2728 2531 σκότος·
2755 2469 2854 2539 οὐχ
2881 2469 2964 2522 ὅτι
3007 2468 3036 2519 ὁ
3075 2466 3206 2529 Θεὸς
3239 2466 3426 2530 σκότος
3466 2465 3636 2531 ἐστὶν⁴

2063 2556 2290 2610 ἀλλ’.ὅτι
2312 2559 2412 2612 οὐκ
2441 2559 2555 2613 ἔστι
2583 2561 2719 2630 φῶς,
2750 2559 2868 2614 ἀλλ’
2899 2559 3042 2629 ὑπὲρ
3067 2558 3127 2612 τὸ
3155 2557 3289 2626 φῶς.

396 2661 578 2732 potius
614 2671 776 2729 quam
807 2654 964 2711 nihil.
995 2653 1202 2708 Bonum
1235 2651 1380 2706 enim
1409 2646 1734 2704 exsistentia
1769 2654 1876 2711 est,
1907 2655 1962 2702 et
1999 2649 2334 2707 oxsistentia:
2387 2666 2554 2707 causa
2586 2669 2602 2720 ;
2633 2653 2836 2707 malum
2889 2661 3069 2709 autem
3133 2652 3260 2706 boni
3327 2651 3444 2706 sive
3487 2650 3641 2706 exsi-

397 2753 614 2809 Stcntiae
654 2749 886 2822 privatio
917 2754 1026 2804 est.
1061 2747 1240 2816 Atque
1262 2744 1379 2798 hac
1399 2750 1528 2797 sunt
1589 2742 1854 2796 vocabula
1911 2741 2236 2800 aﬂirmantia
2273 2754 2327 2800 et
2354 2747 2630 2818 negantia.
2674 2746 2751 2802 Ex
2781 2747 3030 2818 utrisque
3083 2761 3250 2818 porro
3313 2747 3642 2801 suavissima

394 2845 666 2899 connexio
693 2842 751 2896 lit
779 2860 794 2898 :
823 2857 876 2895 v.
905 2853 989 2909 gr.
1019 2835 1500 2907 superessentialis
1537 2834 1801 2899 essentia,
1857 2834 2206 2905 superdivina
2225 2836 2433 2904 Deitas,
2465 2839 2794 2910 principium
2851 2841 3004 2896 omni
3055 2841 3324 2912 principio
3361 2839 3637 2909 superius,

399 2937 612 3007 aliaque
636 2934 858 2990 similia.
888 2932 1031 2988 Sunt
1065 2930 1231 2986 etiam
1287 2928 1558 3000 quaedam,
1603 2943 1726 2998 quae
1753 2928 1976 2984 tametsi
2035 2928 2106 2986 de
2169 2929 2282 2987 Deo
2337 2932 2656 2990 afﬁrmando
2713 2937 2992 3001 dicuntur,
3043 2935 3402 3005 prarcellentis.
3456 2942 3641 2989 tamen

399 3029 706 3101 negationis
745 3028 851 3082 vim
881 3026 1105 3081 habent.
1148 3023 1270 3090 Quo
1315 3024 1371 3078 in
1420 3036 1621 3094 genere
1666 3021 1800 3077 illud
1858 3029 1964 3088 est,
2004 3037 2130 3079 cum
2160 3025 2327 3082 Deum
2377 3029 2636 3085 tenebras
2674 3029 3010 3101 appellamus
3045 3045 3060 3097 ;
3099 3044 3206 3085 non
3279 3027 3425 3100 quod
3495 3026 3642 3083 Deus

398 3122 632 3176 tenebrae
665 3118 758 3186 sit,
788 3117 884 3174 sed
911 3117 1059 3190 quod
1089 3131 1198 3172 non
1234 3116 1308 3170 sit
1342 3116 1462 3181 lux,
1506 3115 1604 3171 sed
1635 3114 1787 3170 omni
1844 3114 1970 3170 luce
2007 3118 2297 3174 sublimior
2325 3121 2577 3176 exsistat.

470 3213 707 3270 Nomina
739 3213 1073 3278 communia;
1127 3212 1310 3280 cuique
1353 3225 1590 3280 persona
1643 3210 1880 3279 propria.
1903 3237 1965 3250 —

2143 3213 2373 3282 Λέγεται
2405 3215 2505 3286 μὲν
2531 3211 2623 3270 οῦν
2644 3218 2674 3270 ὁ
2701 3215 2832 3282 Θεὸς
2859 3216 3006 3282 νοῦς,
3042 3217 3136 3271 καὶ
3161 3215 3342 3286 λόγος,
3364 3215 3459 3269 καὶ⁵
3478 3215 3640 3270 πνεῦ-

402 3307 546 3362 Deus
579 3307 782 3376 itaque,
813 3311 869 3360 et
897 3316 1075 3366 mens,
1109 3308 1164 3356 et
1196 3300 1357 3368 ratio,
1376 3307 1431 3356 et
1452 3298 1705 3371 spiritus,
1727 3306 1782 3354 et
1806 3297 1965 3370 us

2069 3319 2166 3372 μα,
2199 3305 2362 3374 σοφία
2379 3322 2439 3358 τε
2463 3306 2558 3362 καὶ
2597 3307 2847 3380 δύναμις,
2880 3307 2956 3371 ὡς
2984 3306 3189 3362 τούτων
3218 3309 3410 3372 αἴτιος,
3441 3307 3538 3361 καὶ
3564 3307 3642 3370 ὡς

403 3396 692 3470 sapientia,
729 3403 785 3452 et
831 3393 1068 3466 potentia
1097 3391 1322 3456 dicitur,
1358 3401 1420 3447 ut
1443 3390 1639 3447 borum
1667 3397 1883 3455 auctor,
1908 3395 1969 3443 ut

401 3487 639 3542 materiae
653 3498 873 3554 expers,
892 3491 949 3538 ut
970 3481 1212 3538 omnium
1240 3479 1438 3536 artifex
1457 3488 1512 3536 et
1533 3480 1876 3549 omnipotens
1895 3479 1966 3536 ”.

398 3581 574 3648 Atque
636 3576 750 3630 haec
813 3582 931 3629 tum
995 3570 1361 3628 communiter
1385 3569 1452 3626 de
1493 3577 1606 3624 tota
1645 3568 1852 3625 Deitate
1885 3568 1970 3624 di-

401 3681 605 3726 cuntur
633 3669 788 3740 (tam
823 3679 944 3737 quae
962 3663 1307 3730 affirmando,
1352 3676 1518 3733 quam
1567 3675 1691 3732 quae
1723 3661 1972 3733 negando

401 3761 745 3830 efferuntur),
772 3768 883 3813 tum
916 3755 1228 3828 singillatim
1253 3753 1320 3810 de
1335 3753 1578 3824 qualibet
1609 3761 1816 3808 sanctae
1845 3753 1970 3807 Tri-

403 3854 592 3910 nitatis
607 3864 862 3922 persona,
889 3847 1192 3918 aequaliter,
1219 3845 1519 3914 eodemque
1539 3842 1722 3907 modo,
1745 3850 1801 3898 et
1823 3843 1972 3898 nullo

402 3941 804 4007 defectu.Nam,
821 3956 944 3996 cum
962 3937 1212 3994 extribus
1229 3937 1476 4008 personis
1488 3951 1648 3990 unam
1661 3935 1970 4001 considero,

405 4035 701 4108 perfectum
745 4031 892 4084 illam
928 4029 1116 4095 Deum,
1163 4026 1569 4098 perfectamque
1614 4026 1972 4081 substantiam

403 4119 862 4198 agnosco.Nequc
890 4120 1036 4175 enim
1064 4117 1423 4188 compositum
1437 4115 1706 4184 quoddam
1727 4123 1811 4170 est
1835 4115 1975 4170 divi-

403 4220 573 4284 nitas;
589 4216 682 4272 sed
707 4216 760 4270 in
787 4213 962 4267 tribus
979 4208 1233 4280 perfectis
1255 4205 1550 4277 perfectum
1565 4222 1756 4271 unum,
1782 4207 1978 4262 indivi-

402 4321 649 4372 sum,nec
674 4304 1054 4375 compositum.
1085 4301 1223 4356 Cum
1249 4298 1484 4368 denique
1516 4307 1762 4353 mutuum
1788 4314 1975 4369 respe-

400 4409 546 4452 ctum
572 4409 926 4468 personarum
950 4393 1132 4448 animo
1155 4405 1336 4454 verso,
1361 4390 1492 4444 illud
1517 4400 1854 4460 compertum
1875 4391 1975 4444 ha-

401 4491 523 4554 beo,
561 4489 775 4542 Patrem
824 4483 1332 4558 superessentialem
1357 4482 1525 4537 solem
1548 4497 1688 4547 esse,
1707 4482 1973 4540 bonitatis

403 4584 632 4647 fontem,
651 4583 921 4648 essentiae,
938 4578 1187 4643 rationis,
1211 4578 1509 4648 sapientia},
1526 4577 1800 4647 potentiae,
1813 4577 1974 4632 lumi-

2065 3393 2250 3460 ἀῦλος,
2302 3397 2396 3450 καὶ
2448 3397 2526 3461 ὡς
2553 3397 2893 3470 παντουργὸς
2920 3398 3018 3452 καὶ
3049 3397 3475 3468 παντοδύναμος.
3525 3395 3641 3451 Καὶ

2067 3483 2238 3539 ταῦτα
2267 3489 2465 3552 κοινῶς
2493 3489 2586 3543 ἐπὶ
2618 3489 2798 3562 πάσης
2818 3488 3036 3559 λέγεται
3057 3491 3155 3562 τῆς
3175 3490 3462 3561 Θεότητος,
3483 3489 3555 3543 τά
3579 3503 3639 3541 τε

2067 3576 2449 3645 ἀποφατικῶς,
2477 3581 2571 3632 καὶ
2596 3581 2666 3633 τὰ
2685 3581 3070 3650 καταφατικῶς
3094 3581 3382 3650 λεγόμενα.
3410 3580 3523 3634 Καὶ
3551 3578 3637 3648 ἐφ’

2070 3669 2310 3742 ἑκάστης
2331 3671 2439 3725 τῶν
2471 3673 2568 3743 τῆς
2588 3671 2750 3742 ἁγίας
2772 3673 3001 3744 Τριάδος
3027 3668 3395 3737 ὑποστάσεων,
3411 3673 3637 3742 ὁμοιως,

2071 3762 2164 3814 καὶ
2189 3761 2452 3826 ὡσαύτως
2473 3801 2488 3823 .
2519 3763 2616 3816 καὶ
2658 3763 3085 3833 ἀπαραλείπτως
3113 3775 3163 3818 ιι.
3193 3765 3360 3817 ’Όταν
3391 3762 3503 3834 γὰρ
3550 3763 3639 3815 ὲνο

2070 3853 2250 3921 νοήσω
2284 3853 2416 3921 μίαν
2465 3854 2574 3908 τῶν
2609 3856 2997 3919 ὑποστάσεων,
3037 3854 3239 3909 τέλειον
3277 3853 3447 3926 αὐτὴν
3506 3853 3640 3908 Θεὸν

2071 3937 2210 4007 οἶδα,
2244 3943 2455 3996 τελείαν
2508 3945 2729 3998 οὐσίανο
2770 3946 2897 3999 ὅταν
2926 3945 2984 3999 δὲ
3021 3945 3242 4015 συνάψω
3285 3945 3380 3998 καὶ
3416 3962 3640 4013 συναρι-

2074 4033 2266 4104 θμήσω
2297 4033 2366 4087 τὰ
2398 4035 2544 4106 τρία,
2576 4037 2674 4090 ἕνα
2706 4037 2839 4091 Θεὸν
2872 4033 2991 4091 οἶδα
3018 4036 3244 4091 τέλειον.
3278 4036 3352 4089 Οὐ
3376 4036 3485 4107 γὰρ
3517 4035 3643 4088 σύν-

2075 4124 2230 4181 θετόν
2262 4127 2408 4180 ἐστιν
2438 4131 2471 4198 ή
2505 4128 2726 4198 Θεότης,
2761 4130 2879 4183 ἀλλ’
2908 4132 2966 4184 ὲν
3012 4127 3436 4201 τρισὶιτελείοις,
3468 4125 3528 4179 ἓν
3549 4126 3644 4180 τέ-

2073 4216 2214 4271 λειον
2261 4219 2466 4291 ἀμερὲς
2528 4220 2623 4273 καὶ
2676 4220 2988 4276 ἀσύνθετον.
3038 4221 3208 4274 Ὅταν
3252 4219 3308 4272 δὲ
3355 4218 3454 4289 τὴν
3505 4217 3644 4290 πρὸς

2075 4307 2282 4378 ἄλληλα
2331 4311 2512 4379 σχέσιν
2571 4311 2680 4366 τῶν
2723 4313 3074 4368 ὑποστάσεων
3102 4311 3362 4382 ὲννοήσω,
3406 4305 3522 4362 οἶδα
3557 4310 3640 4362 ὅτι

2076 4398 2224 4452 ἐστὶν
2261 4401 2289 4452 ὁ
2319 4399 2508 4472 Πατὴρ
2539 4402 2860 4473 ὑπερούσιος
2883 4401 3054 4472 ἥλιος,
3096 4399 3250 4472 πηγὴ
3286 4397 3641 4469 ἀγαθότητος.

2077 4487 2311 4554 ἄϐυσσος
2360 4492 2569 4558 οὐσίας,
2616 4493 2797 4562 λόγου,
2851 4494 3065 4564 σοφίας,
3104 4492 3410 4560 δυνάμεως,
3441 4487 3642 4558 φωτὸς.

2079 4578 2361 4652 Θεότητος·
2414 4585 2566 4656 πηγὴ
2613 4585 2903 4656 γεννητικὴ
2945 4583 3048 4654 ,καὶ
3092 4579 3432 4653 προελητικὴ
3465 4578 3559 4633 τοῦ
3588 4580 3646 4632 ὲν

401 4678 505 4741 nis,
522 4675 825 4730 divinitatis
837 4670 1324 4745 abyssum;occulti
1348 4669 1401 4723 in
1427 4683 1486 4724 se
1508 4669 1634 4724 boni
1663 4669 1965 4738 genitricem

2077 4672 2216 4744 αὐτῇ
2257 4674 2487 4744 κρυφίου
2509 4675 2738 4744 ἀγαθοῦ.
2777 4675 2947 4739 Αὐτὸς
2981 4674 3079 4745 μὲν
3109 4669 3202 4727 οὖν
3235 4675 3351 4726 ἐστι
3383 4670 3528 4733 νοῦς,
3556 4669 3646 4722 λό-

391 4759 918 4838 ’ρι-οὐυοιιιὶοειηφιε
948 4760 1359 4831 scaturiginem.
1391 4757 1512 4828 Ipse
1563 4758 1768 4828 quippe
1818 4773 1965 4814 mens

2077 4778 2172 4830 του
2203 4762 2455 4830 ἄϐυσσος,
2487 4766 2664 4834 Λόγου
2689 4767 2989 4838 γεννήτωρ,
3020 4765 3114 4818 καὶ
3151 4761 3239 4816 διὰ
3264 4762 3422 4829 λόγου
3449 4761 3649 4827 προσο-

402 4865 506 4923 est,
537 4859 765 4914 rationis
791 4857 1042 4929 abyssus,
1073 4851 1234 4909 Verbi
1269 4851 1506 4922 genitor,
1531 4863 1595 4904 ac
1621 4863 1714 4919 per
1736 4847 1965 4904 Verbum

2075 4853 2200 4917 λεὺς
2233 4856 2344 4926 (35)
2363 4854 2758 4928 ἐκφαντορικοῦ
2780 4855 2920 4911 Πνεύ
2929 4871 3096 4927 ματος
3115 4871 3130 4886 ·
3155 4852 3249 4906 καὶ
3271 4851 3358 4904 ἴνα
3376 4849 3455 4921 μὴ
3473 4849 3646 4905 πολλά

477 4973 518 5005 ⁸⁸
558 4969 772 5029 Coloss.
826 4988 864 5038 I,
902 4969 984 5024 I7.
1059 4968 1105 5000 ”
1144 4965 1367 5036 Dionys.
1393 4961 1470 5016 De
1495 4963 1602 5017 div.
1631 4977 1773 5016 nom.
1814 4975 1936 5032 cap.
1967 4961 2021 5017 5.

1665 5087 1899 5144 VARUS
1935 5087 2340 5149 LECTIONES.

466 5229 496 5258 ιι
519 5215 612 5272 Sic
663 5214 1046 5288 edit._etAmss.
1070 5207 1264 5264 Billius
1286 5206 1456 5288 __Iegit
1514 5202 1977 5288 ἀπαραλλάκτωςς
2026 5207 2154 5277 quia
2201 5207 2462 5264 adverbio
2489 5209 2940 5281 ἀπαραλλάκτως,
2969 5219 3201 5265 utuntur
3230 5203 3426 5268 Graeci,
3461 5199 3557 5255 ubi
3581 5198 3650 5254 de

400 5301 755 5357 personarum
789 5283 1098 5338 divinarum
1127 5278 1433 5349 mqualitate
1462 5289 1644 5330 sermo
1662 5282 1768 5328 est.

1911 5357 2119 5415 NOTAE

471 5474 582 5546 (55)
622 5471 946 5546 A¢a~Adrov
973 5463 1478 5546 xpo601_€i}¢,_Per_
1513 5461 1731 5546 γονέα-ιη
1759 5457 1958 5538 prodito
2069 5451 3138 5546 (Zonstantinopolitani
3178 5459 3233 5546 et
3263 5450 3649 5546 Alexagdrini.

398 5519 682 5607 “3:213:
693 5519 899 5603 "ei-ﬁs;
916 5519 1406 5607 auctorejliotio,
1427 5533 1574 5587 dicta
1593 5519 1819 5607 fatrmn
1846 5527 1963 5598 qni-
2069 5519 2409 5607 aliorumque
2437 5523 2821 5607 episcoporum
2849 5519 3407 5602 consessuhloannes
3440 5521 3651 5606 Beccus

402 5588 1316 5680 illis;’siiiiiié'BXﬁciiigarmis,
1344 5588 1438 5680 aut
1474 5619 1568 5680 per
1593 5601 1790 5680 Filium
1837 5588 1961 5679 p'ro—
2067 5607 2133 5680 ex
2157 5593 2257 5645 hoc
2291 5588 2764 5680 Uam‘a'siccniloco
2791 5592 3192 5680 demonstravit
3219 5599 3487 5680 laturiam
3521 5588 3650 5680 Sipii:

395 5658 608 5739 EéEeFé
619 5658 980 5739 enuntiatur,
999 5658 1362 5730 (Ie—donorum
1394 5658 1680 5741 lar'gitione
1710 5658 1852 5724 olim'
1876 5669 1958 5741 in~
2067 5661 2208 5741 [ilus
2244 5676 2366 5732 per,
2396 5659 2593 5717 Filium
2656 5665 3092 5733 processionem.
3129 5659 3233 5715 Sed
3264 5659 3334 5714 de
3376 5659 3462 5714 his
3514 5658 3680 5716 alibi-

393 5731 856 5822 t'erpiretabantur.
887 5731 1131 5800 Tandem
1157 5746 1260 5800 sub
1287 5731 1600 5798 Andronico
1639 5741 1872 5804 Seniore,
1907 5738 1961 5791 in
2067 5731 2258 5784 fusius.
