3962 6300
353 388 459 456 849

1449 379 1549 439 DE
1585 379 1765 440 FIDE
1806 376 2275 438 ORTHODOXA
2313 378 2464 442 LIB.
2506 378 2558 440 Ι.

3531 372 3634 437 850

348 504 515 573 λέγω,
545 500 647 555 οὐκ
674 496 790 552 ἔστι
815 493 894 568 τῷ
921 494 1100 567 Πατρὶ
1122 492 1280 563 λόγος
1310 491 1444 565 (36),
1470 494 1653 564 σοφία,
1687 493 1941 564 δύναμις,

2055 491 2465 550 manifestantis
2525 488 2767 562 Spiritus
2819 488 3144 562 productor.
3203 487 3304 555 Ac,
3356 503 3425 544 ne
3470 491 3641 543 multa

351 597 574 665 θέλησις
603 591 740 665 (3'7),
767 591 817 644 εί
860 589 936 662 μὴ
966 590 995 642 6
1025 587 1175 652 Υἱὸς,
1204 586 1263 651 ὃς
1289 586 1440 641 ἔστιν
1470 589 1503 657 ὴ
1536 587 1671 657 μόνη
1710 586 1942 657 δύναμις

348 687 445 742 τοῦ
488 684 727 757 Πατρός,
754 685 788 754 ἠ
822 678 1284 755 προκαταρκτικὴ
1313 680 1425 750 (58)
1451 680 1554 749 τῆς
1582 679 1690 733 τῶν
1725 680 1944 737 πάντων

328 756 647 851 ποιήσεως.
687 775 876 839 Οὕτως
919 774 995 839 ὡς
1043 772 1228 827 τελεία
1283 772 1587 836 ὑπόστασις
1630 774 1695 826 ὲκ
1733 771 1946 836 τελείας

353 868 710 931 ὑποστάσεως
738 864 1075 937 γεννωμένη,
1108 881 1185 929 ως
1206 860 1349 918 οἶδεν
1377 863 1560 928 αὐτὸς,
1585 863 1645 928 ὃς
1678 862 1809 927 Υἱὸς
1830 862 1947 917 ἔστι

350 978 412 1015 τε
438 960 533 1012 καὶ
558 957 802 1025 λέγεται.
836 954 911 1008 Τὸ
931 954 987 1008 δὲ
1020 952 1248 1023 Πνεῦμα
1278 952 1341 1005 τδ
1372 950 1550 1021 ἅγιον,
1578 949 1948 1021 ὲκφαντορικὴ

350 1050 450 1105 τοῦ
487 1049 725 1121 κρυφίου
760 1047 860 1117 τῆς
896 1045 1156 1116 θεότητος
1191 1043 1418 1115 δύναμις
1450 1043 1545 1097 τοῦ
1599 1043 1810 1115 Πατρός
1835 1060 1850 1075 ο
1886 1042 1950 1095 ὲκ

355 1141 572 1212 Πατρδς
615 1143 714 1211 μὲν
738 1139 809 1193 δι’
833 1135 967 1191 Υίοῦ
1013 1133 1453 1206 ἐκπορευομένη,
1486 1133 1563 1199 ὡς
1593 1126 1734 1189 οἶδεν
1764 1132 1947 1198 αὐτὸς,

355 1233 416 1285 οὐ
444 1227 743 1300 γεννητῶς.
770 1225 862 1280 Διὸ
891 1223 988 1278 καὶ
1011 1224 1072 1278 τὸ
1099 1222 1323 1295 Πνεῦμα
1351 1223 1414 1278 τὸ
1434 1222 1612 1292 ἆγιον,
1636 1221 1949 1293 τελεσιουρο

356 1323 456 1392 γον
479 1321 578 1390 τῆς
616 1317 728 1372 τῶν
759 1317 1017 1371 ἁπάντων
1074 1316 1372 1387 ποιήσεως.
1411 1315 1555 1368 Ὅσα
1591 1308 1685 1368 οὖν
1717 1312 1950 1385 ἁρμόζει

360 1415 525 1485 αἰτίῳ
548 1411 745 1483 Πατρὶ,
777 1412 951 1482 πηγῇ,
980 1410 1289 1481 γεννήτορι,
1313 1406 1391 1480 τῷ
1412 1407 1590 1480 Πατρὶ
1621 1407 1769 1479 μόνῳ
1789 1424 1952 1479 προσ-

363 1505 688 1578 αρμοστὲον.
726 1503 870 1558 Ὅσα
913 1503 971 1557 δὲ
1000 1500 1252 1572 αίτιατῷ,
1286 1499 1533 1571 γεννητῷ
1583 1497 1720 1570 Υίῷ,
1766 1499 1947 1569 Λόγῳ,

359 1600 593 1669 δυνάμει
633 1596 1111 1669 προκαταρκτικῇ,
1171 1593 1413 1665 Θελήσει,
1450 1592 1633 1663 σοφία,
1689 1590 1768 1661 τῷ
1808 1590 1945 1661 Υἱῴ.

362 1691 509 1745 Ὅσα
554 1690 611 1743 δὲ
645 1687 895 1758 αἰτιατῷ,
950 1684 1292 1758 ἑκπορευτῷ,
1341 1683 1744 1757 ὲκφαντορικῷ,
1792 1683 1946 1737 τελε-

365 1779 665 1854 σιουργικῷ
693 1780 942 1851 δυνάμει,
991 1778 1071 1849 τῷ
1105 1777 1245 1849 ἁγίῳ
1293 1776 1595 1849 Πνεῦματι.
1640 1776 1700 1832 Ὀ
1734 1777 1946 1849 Πατὴρ,

2053 586 2255 653 dicam,
2291 603 2400 642 non
2432 592 2517 643 est
2557 586 2662 640 alia
2690 584 2842 643 Patri
2862 585 3028 651 ratio,
3058 582 3640 655 sapientia,potentia,

2052 679 2329 743 voluntas,
2358 688 2554 751 praeter
2584 676 2806 744 Filium,
2840 677 2933 746 qui
2962 678 3079 734 sola
3113 684 3198 733 est
3228 674 3414 731 Patris
3445 683 3643 746 poten-

2053 773 2150 837 tia,
2176 787 2360 828 rerum
2395 772 2640 827 omnium
2670 771 2975 826 creationis
3012 767 3383 840 primordialis
3421 768 3640 835 virtus;

2054 860 2203 916 velut
2226 859 2470 930 perfecta
2505 872 2741 931 persona
2776 873 2845 914 ex
2889 858 3131 930 perfecta
3179 871 3415 929 persona
3434 858 3640 928 genita,

2054 967 2167 1023 quo
2210 951 2374 1008 modo
2404 952 2523 1024 ipse
2544 952 2722 1019 novit,
2778 951 2873 1023 qui
2928 949 3104 1005 Filius
3157 958 3262 1015 est,
3308 949 3641 1020 diciturque,

2050 1044 2130 1098 Ac
2158 1054 2437 1115 postremo
2470 1041 2715 1115 Spiritus
2770 1052 2997 1100 sanctus
3057 1041 3235 1101 Patris
3265 1044 3509 1114 potentia
3534 1051 3641 1109 est,

2052 1135 2360 1193 divinitatis
2393 1134 2681 1192 recondita
2731 1134 3041 1199 declarans,
3105 1150 3170 1191 ex
3224 1133 3385 1190 Patre
3414 1150 3512 1206 per
3553 1132 3644 1189 Fi-

2052 1228 2185 1283 lium
2214 1227 2541 1299 procedens,
2572 1244 2680 1299 qua
2709 1228 2828 1299 ipse
2851 1228 3001 1283 novit
3032 1226 3289 1293 ratione;
3321 1240 3430 1280 non
3457 1234 3643 1283 tamen

2052 1321 2477 1393 generationis:
2518 1336 2627 1392 quo
2665 1319 2724 1375 ﬁt
2780 1321 2943 1377 etiam
3005 1328 3063 1372 ut
3125 1318 3367 1390 Spiritus
3414 1325 3641 1375 sanctus

2051 1410 2297 1466 omnium
2355 1410 2654 1466 creationis
2702 1416 3121 1464 consummalor
3193 1407 3445 1463 exsistat.
3507 1405 3647 1473 Quo-

2052 1502 2202 1558 circa
2248 1503 2431 1557 omnia
2464 1516 2587 1571 qua:
2618 1515 2820 1565 causae,
2857 1498 3025 1564 Patri,
3061 1499 3220 1564 fonti,
3262 1498 3496 1570 genitori
3522 1512 3649 1552 con-

2050 1595 2299 1661 veniunt,
2334 1609 2397 1650 ea
2429 1593 2582 1648 Patri
2616 1594 2719 1649 soli
2773 1591 2975 1647 ascribi
3020 1591 3220 1647 debent
3252 1609 3265 1648 :
3307 1606 3430 1661 qua:
3458 1598 3641 1644 autem

2052 1686 2340 1759 producto,
2360 1687 2564 1758 genito,
2586 1684 2745 1748 Filio,
2768 1682 2970 1748 Verbo,
2998 1681 3337 1755 primordiali
3372 1681 3647 1753 potentiae,

2053 1780 2350 1846 voluntati,
2380 1778 2662 1848 sapientia:
2707 1776 3008 1847 quadrant,
3056 1789 3121 1831 ea
3167 1772 3304 1829 Filio
3354 1764 3648 1827 tribuenda

363 1850 649 1946 πηγηκαι
688 1872 837 1927 αἰτία
870 1869 1009 1925 Υἱοῦ
1056 1870 1154 1924 καὶ
1186 1870 1342 1939 ἁγίου
1379 1869 1698 1941 Πνεύματος
1718 1886 1734 1902 ο
1761 1869 1950 1942 Πατὴρ

2060 1879 2231 1928 sunt:
2266 1886 2389 1943 quae
2427 1870 2664 1940 denique
2724 1867 3000 1939 producto
3058 1881 3156 1938 per
3206 1864 3643 1937 processionem,

366 1966 426 2021 δὲ
457 1966 590 2018 Υἱοῦ
629 1965 813 2036 μόνου,
851 1964 947 2017 κα)⁵
974 1949 1278 2035 προϐολεὺς
1297 1964 1391 2017 τοῦ
1423 1964 1580 2033 ἁγίου
1611 1964 1954 2035 Πνεὺματος.

374 2057 438 2112 Ὀ
468 2056 617 2121 Υἱὸς,
643 2055 794 2120 Υἱὸς,
822 2055 1015 2125 Λόγος,
1048 2055 1232 2125 σοφία,
1261 2053 1514 2126 δύναμις,
1554 2052 1740 2116 εἰκὼν,
1774 2052 1954 2107 ἀπαύ-

365 2165 581 2220 γασμα,
622 2149 913 2220 χαρακτὴρ
934 2192 940 2197 .
962 2148 1056 2203 τοῦ
1098 2149 1340 2221 Πατρδς,
1370 2150 1466 2202 καὶ
1496 2151 1559 2203 ὲκ
1584 2148 1677 2202 τοῦ
1718 2149 1951 2220 Πατρός.

365 2238 481 2309 Οὐχ
507 2238 636 2302 Υἱὸς
658 2238 713 2292 δὲ
739 2237 833 2292 τοῦ
861 2238 1095 2310 Πατρὸς,
1122 2238 1185 2292 τὸ
1214 2239 1443 2310 Πνεῦμα
1473 2239 1534 2293 τὸ
1556 2239 1711 2309 ἅγιον
1732 2257 1745 2270 ·
1782 2239 1955 2293 Πνεῦ-

372 2346 451 2399 μα
483 2329 577 2383 τοῦ
605 2329 842 2402 Πατρδς,
866 2329 944 2393 ὡς
969 2330 1033 2382 ὲκ
1062 2329 1273 2399 Πατρδς
1300 2330 1754 2400 ἐκπορευόμενον.
1790 2329 1953 2383 Οὐδε-

372 2419 473 2490 μία
497 2421 604 2490 γὰρ
628 2420 772 2492 ὁρμὴ
793 2420 921 2473 ἄνευ
952 2418 1299 2489 Πνεύματος’
1325 2420 1422 2475 καὶ
1459 2419 1596 2475 Υίοῦ
1616 2421 1673 2474 δὲ
1702 2420 1951 2490 Πνεῦμα,

367 2510 468 2578 οὐχ
496 2509 571 2573 ὠς
597 2509 657 2574 ἐξ
702 2509 890 2579 αὑτοῦ,
924 2509 1039 2565 ἀλλ’
1079 2510 1156 2574 ὡς
1190 2510 1260 2564 δι’
1290 2509 1457 2564 αὐτοῦ
1488 2510 1555 2566 ἐκ
1584 2508 1681 2565 τοῦ
1736 2510 1951 2583 Πατρὸς

371 2600 832 2671 ἐκπορευόμενον.
862 2600 1044 2665 Μόνος
1079 2600 1189 2674 γὰρ
1226 2602 1401 2666 αῐτιος
1424 2602 1455 2655 6
1481 2602 1696 2672 Πατήρ.

2058 1963 2455 2027 nianil‘estanti,
2490 1976 2555 2016 ac
2586 1960 2890 2031 perﬁcienti
2922 1959 3201 2031 potentiae,
3257 1957 3375 2011 lirec
3411 1954 3646 2025 Spiritui

2055 2063 2269 2111 sancto.
2300 2053 2462 2109 Pater
2491 2053 2615 2110 fons
2663 2060 2770 2120 est,
2800 2060 2855 2107 et
2904 2058 3116 2110 auctor.
3181 2057 3295 2104 tum
3344 2046 3489 2111 Filii,
3531 2054 3647 2099 tum

2057 2144 2300 2217 Spiritus
2333 2143 2511 2200 sancti
2539 2162 2553 2199 :
2588 2142 2764 2199 solius
2797 2149 2981 2197 tamen
3014 2138 3142 2195 Filii
3173 2139 3356 2204 Pater,
3377 2152 3441 2192 ac
3471 2134 3647 2207 Spiri-

2057 2247 2146 2295 tus
2171 2237 2346 2294 sancti
2371 2236 2693 2307 productor.
2722 2234 2898 2293 Filius
2929 2243 3136 2298 autem,
3157 2231 3332 2287 Filius
3360 2237 3466 2297 est,
3510 2227 3645 2285 Ver-

2056 2333 2206 2398 bum,
2247 2330 2532 2401 sapientia,
2585 2329 2848 2400 potentia,
2900 2327 3107 2397 imago,
3143 2324 3423 2396 splendor,
3462 2320 3645 2376 Patris

2060 2422 2255 2493 figura,
2280 2429 2335 2477 et
2370 2435 2437 2476 ex
2473 2419 2655 2475 Patre.
2691 2420 2755 2474 At
2793 2416 3033 2489 Spiritus
3064 2425 3294 2473 sanctus
3317 2430 3423 2469 non
3461 2413 3643 2469 Patris

2058 2513 2232 2569 Filius
2262 2530 2278 2580 ;
2319 2511 2416 2568 sed
2447 2510 2688 2583 Spiritus
2721 2509 2923 2577 Patris,
2977 2518 3037 2564 ut
3086 2507 3180 2579 qui
3225 2522 3288 2564 ex
3325 2505 3490 2561 Patre
3520 2519 3646 2576 pro-

2051 2602 2230 2670 cedat,
2269 2590 2463 2657 Nullus
2488 2600 2635 2658 enim
2684 2601 2953 2672 impulsus
2984 2608 3070 2657 est
3098 2600 3215 2656 sine
3240 2598 3468 2671 Spiritu.
3501 2596 3644 2665 Quin

370 2692 497 2750 Filii
528 2709 747 2767 quoque
770 2694 1011 2767 Spiritus
1036 2696 1259 2763 dicitur,
1291 2712 1400 2754 non
1429 2698 1576 2753 velut
1600 2713 1665 2754 ex
1720 2698 1863 2772 ipso,
1928 2700 2023 2757 sed
2064 2714 2160 2772 per
2193 2699 2369 2771 ipsum
2412 2713 2479 2755 ex
2505 2696 2665 2755 Patre
2692 2696 3024 2769 procedens.
3084 2695 3249 2753 Solus
3297 2696 3447 2753 enim
3484 2695 3647 2750 Pater

370 2795 564 2845 auctor
586 2797 691 2849 est.

991 2902 1196 2958 ΚΦΑΛ.
1253 2904 1355 2958 ΙΓ’.

370 3017 514 3087 Περὶ
542 3014 734 3071 τόπου
762 3015 934 3081 Θεοῦ,
957 3015 1055 3070 καὶ
1091 3016 1183 3071 ὅτι
1211 3018 1407 3087 μόνον
1449 3019 1515 3074 τὸ
1549 3020 1722 3076 Ocior
1749 3022 1955 3092 ἀπερι-

1034 3104 1317 3157 ῃοαπτον.

2687 2902 2841 2962 CAP.
2868 2900 3014 2959 XIII.

2067 3022 2229 3096 ιω
2260 3022 2337 3078 De
2384 3022 2495 3077 loco
2536 3019 2635 3075 Dei
2669 3028 2719 3076 et
2745 3018 2883 3145 qpod
2908 3018 3055 3145 spius
3084 3014 3227 3070 Deus
3259 3014 3622 3070 iucircumsm

2743 3109 2775 3145 υ
2801 3106 2864 3145 ιιι
2883 3105 2929 3145 ει
2960 3132 2976 3145 .

2742 3105 2864 3161 ptas
2883 3105 2976 3147 stt.

443 3200 622 3265 Τόπος
656 3200 772 3254 ἐστὶ
820 3200 1168 3270 σωματικδς,
1201 3203 1378 3275 πέρας
1434 3204 1527 3258 τοῦ
1586 3206 1950 3278 περιέχοντος,

2137 3208 2310 3265 Locus
2333 3223 2637 3279 corporeus.
2664 3236 2734 3249 --
2755 3205 2936 3277 Locus
2947 3216 3254 3274 corporeus
3276 3206 3362 3256 est
3377 3198 3647 3255 terminus

376 3288 503 3344 καθ’
531 3289 561 3343 ὃ
587 3289 902 3361 περιέχεται
931 3290 993 3345 τὸ
1019 3293 1407 3364 περιεχόμενον
1430 3311 1442 3325 ·
1475 3290 1588 3350 οἷον
1616 3299 1645 3350 6
1666 3298 1775 3369 ἀὴρ
1802 3316 1961 3370 περι-

376 3381 513 3451 έχει,
527 3381 588 3435 τὸ
607 3380 665 3434 δὲ
687 3381 850 3451 σῶμα
876 3381 1194 3455 περιέχεται
1215 3401 1230 3416 ο
1249 3386 1349 3457 οὐχ
1370 3386 1491 3452 ὅλος
1509 3388 1605 3443 *δὲ
1629 3390 1659 3443 6
1685 3390 1957 3461 περιέχων

450 3562 495 3593 ⁸⁸
529 3562 697 3619 Arist.
729 3562 826 3619 lib.
856 3577 911 3617 Iv
940 3558 1158 3632 Physic.
1216 3576 1337 3632 cap.
1380 3563 1433 3617 4.

2065 3298 2421 3366 continentis,
2449 3313 2560 3368 quo
2601 3297 2918 3356 continetur
2950 3296 3000 3351 id
3024 3294 3172 3364 quod
3202 3292 3521 3348 continetur
3546 3290 3591 3322 “
3629 3307 3642 3345 :

2066 3406 2120 3447 v.
2152 3407 2235 3463 gr.
2272 3406 2366 3447 aer
2398 3390 2645 3447 continet
2679 3405 2696 3457 ;
2722 3402 2927 3458 corpus
2955 3387 3291 3442 continetur.
3326 3380 3438 3440 Nec
3462 3388 3645 3437 tamen

792 3686 797 3691 -
1692 3652 1930 3710 VARle
1971 3652 2381 3711 LECTIONES.

455 3754 482 3785 '
503 3745 637 3802 Cod.
682 3745 740 3803 S.
773 3747 881 3801 Hii.
908 3746 1211 3803 Colbertini
1237 3755 1294 3802 et
1325 3744 1478 3817 Regii
1507 3746 1542 3801 8
1570 3748 1599 3801 6
1637 3747 1749 3818 ἀὴρ
1781 3748 2027 3818 περιέχει
2059 3748 2180 3804 τόδε
2214 3748 2396 3820 σῶμα,
2428 3748 2526 3819 οὐχ
2553 3749 2696 3812 ὅλος.

1900 3901 2132 3957 NOTAE.

1569 3913 1575 3919 '
1900 3903 1945 3956 N
1998 3903 2132 3957 ΤᾸΞ.

454 3993 566 4066 (36)
606 3996 729 4049 Οὐκ
747 3992 891 4067 ,ἔστι
918 3994 1102 4067 Πατρὶ
1133 3995 1345 4062 Λόγος.
1377 3994 1502 4052 Alia
1551 4011 1655 4049 non
1699 3903 1993 4050 estPatri)
2077 4003 2161 4067 ter
2198 4005 2394 4067 cuncta
2430 3993 2755 4067 condiderit.
2779 3996 2948 4067 Cyril.
2983 3994 3385 4067 Th._assert._7,
3413 4011 3465 4067 p.
3500 3995 3571 4067 54'
3592 4008 3659 4054 et-

380 4064 554 4127 ratio,
591 4075 699 4121 etc.
732 4064 902 4131 Λόγος
939 4065 1189 4128 verbum,
1217 4079 1593 4119 sermonemve
1615 4072 1670 4119 et
1698 4065 1964 4120 rationem

382 4136 677 4207 signiﬁcat.
697 4134 886 4188 Patres
901 4133 1166 4190 adversus
1181 4133 1372 4207 Arium
1385 4133 1965 4207 οειειιᾶιιιιιτὺνΛόγον

384 4202 498 4261 Deo
524 4206 671 4260 Patri
697 4218 936 4259 coaevum
976 4219 1117 4268 esse,
1148 4218 1217 4257 ne
1260 4202 1402 4259 Deus
1445 4204 1740 4273 aliquando
1773 4202 1965 4273 ἄλογος

382 4276 478 4330 καὶ
513 4274 735 4342 ἄσοφος,
760 4274 982 4327 rationis
1012 4282 1063 4328 et
1101 4273 1377 4342 sapientia:
1400 4272 1584 4343 expers
1616 4272 1814 4329 fuerit:
1853 4272 1963 4329 non

382 4345 461 4426 ita
483 4344 829 4426 quod‘Pater
867 4344 1190 4426 sapientiam
1213 4344 1563 4426 curationem
1590 4359 1619 4397 a
1650 4343 1791 4426 Filio
1812 4344 1962 4426 acci-

382 4415 536 4498 piat;
568 4412 663 4498 sed
684 4414 815 4498 quia
839 4412 1014 4495 ratio,
1054 4412 1346 4498 sapientia,
1378 4412 1738 4498 intelligentia
1778 4422 1959 4469 actum

382 4481 643 4566 innuunt,
677 4481 769 4566 qui
800 4484 1095 4566 terrninum
1120 4481 1403 4566 ’pr‘oduca‘t
1440 4481 1625 4566 suurn,
1655 4498 1821 4566 quem
1846 4499 1961 4538 ver-

382 4623 595 4747 p’ientia
618 4630 673 4679 et
706 4622 942 4689 ratione,
980 4637 1089 4694 qua
1121 4623 1343 4693 sapiens
1402 4633 1457 4678 et
1501 4622 1785 4678 rationalis
1847 4632 1952 4687 est,

434 4694 625 4747 erbum
655 4708 765 4747 ouo
791 4708 978 4747 secum
1004 4694 1266 4747 eminenti
1312 4692 1474 4747 modo
1516 4693 1878 4747 ratiocinetur
1903 4699 1952 4747 et

434 4694 625 4749 erbum
655 4708 765 4763 quo
791 4708 978 4750 secum
999 4692 1266 4749 eminenti
1312 4692 1474 4749 modo
1512 4693 1878 4763 ratiocinetur
1903 4699 1957 4749 et

382 4762 759 4835 intelligat,’in
791 4765 1092 4835 aeternitate
1120 4763 1363 4835 concipit
1393 4769 1450 4835 et
1473 4762 1667 4835 gignit,
1698 4764 1816 4835 sine
1845 4777 1957 4834 quo

379 4851 488 4893 nec
518 4831 797 4889 rationalis
827 4847 929 4891 nec
957 4834 1174 4903 sapiens
1210 4831 1386 4903 ploret.
1416 4831 1723 4903 Quo—sensu
1764 4831 1960 4903 Dama-

381 4919 586 4961 scenus
616 4904 778 4973 paulo
804 4911 931 4959 ante
958 4902 1170 4958 dixerat
1201 4902 1372 4959 Deum
1413 4917 1536 4973 esse
1558 4902 1715 4972 λόγον
1742 4904 1836 4959 καὶ
1869 4902 1958 4956 λο-

379 4976 559 5044 γικόν,
589 4972 846 5028 rationem
872 4981 929 5044 ret
959 4973 1276 5044 rationalem
1302 4989 1322 5028 :
1356 4987 1421 5044 ac
1442 4972 1614 5044 Filius
1640 4973 1824 5029 itidem
1850 4972 1959 5028 dici

381 5042 565 5116 potest
585 5043 849 5116 Λόγοςὲκ
868 5042 1312 5116 λόγουηνειήὸιιηι
1339 5042 1404 5097 de
1431 5042 1604 5116 uerbo,
1634 5050 1695 5098 ut
1716 5044 1962 5116 loquitur

380 5112 711 5170 Ambrosius
741 5114 835 5170 lib.
866 5112 951 5168 De
986 5113 1098 5169 Fil.
1138 5115 1328 5178 divin.,
1370 5115 1454 5169 vel
1486 5112 1722 5170 fortasse
1764 5112 1962 5170 melius

382 5184 623 5310 {gadium
644 5185 707 5240 de
732 5187 958 5253 ratione,
988 5191 1212 5257 propter
1243 5195 1537 5257 utrumque
1564 5198 1787 5240 sensum
1811 5183 1963 5240 vocis

446 5272 562 5310 γος.

603 5324 879 5396 suum.
914 5326 1195 5380 Voluntas.
1223 5321 1407 5380 Nostri
1432 5322 1671 5395 theologi
1695 5340 1762 5381 ex
1789 5324 1965 5396 Augu-

384 5395 535 5453 Stino
567 5396 765 5451 docent
799 5395 1066 5461 Spiritum
1123 5404 1375 5450 sanctum
1422 5402 1673 5449 mutuum
1719 5395 1965 5449 amorem

382 5479 513 5536 esse
533 5464 714 5523 Patris
751 5472 805 5521 et
832 5466 978 5531 Filii,
1010 5472 1065 5520 et
1091 5481 1188 5536 per
1218 5472 1485 5536 aeternum
1504 5464 1720 5536 divinae
1764 5465 1964 5522 volun-

383 5535 521 5591 tatis
548 5546 729 5605 actnm
760 5551 827 5592 ex
861 5534 1107 5605 utroque
1124 5534 1444 5605 procedere.
1491 5534 1664 5591 Graeci
1699 5550 1828 5591 vero
1863 5536 1966 5591 do-

382 5615 571 5676 ctores
605 5604 820 5676 Filium
864 5604 1144 5676 appellnre
1171 5620 1281 5659 non
1306 5604 1559 5676 dubitant
1585 5623 1600 5673 ;
1646 5618 1757 5660 non
1786 5608 1964 5662 solum

302 5718 311 5724 .
384 5675 571 5748 ζῶσαν
593 5674 810 5748 βουλήν,
851 5673 1023 5748 viuum
1049 5673 1711 5748 Patris_co_nsilium,_qu_o
1742 5678 1969 5748 nomine

386 5744 703 5802 intellectus
720 5744 880 5801 actus
910 5745 1074 5802 simul
1104 5744 1466 5815 exprimitur;
1490 5744 1585 5799 sed
1606 5744 1774 5800 etiam
1806 5745 1967 5815 Θέλη-

386 5830 496 5885 σιν,
520 5814 755 5888 θέλημα,
785 5816 1065 5887 βούλησιν,
1097 5813 1200 5873 hoe
1240 5823 1329 5872 est
1360 5813 1688 5871 voluntatem
1722 5830 1832 5887 qua
1861 5813 1967 5872 ra.

2074 4064 2176 4138 57;
2212 4065 2413 4138 At_han.
2452 4075 2597 4138 orat.
2630 4066 2681 4138 A4
2712 4064 2866 4121 Cant.
2915 4066 3039 4129 Ar.;
3063 4064 3225 4138 Grcg.
3277 4064 3437 4137 Nyssl
3489 4065 3645 4122 Orat.

2069 4133 2222 4191 Cant.
2254 4135 2420 4199 Ειιη..
2452 4151 2508 4206 p.
2536 4136 2660 4192 545.

2142 4206 2253 4274 (58)
2300 4207 2370 4262 Ἡ
2395 4208 2891 4276 προκαταρκτικὴ,
2912 4206 3279 4276 primordialis
3309 4206 3509 4276 virtus;
3538 4224 3646 4263 non

2069 4290 2260 4359 causa,
2308 4284 2370 4359 ut
2405 4274 2689 4359 transtulit
2720 4274 2954 4359 Dillius.
3011 4275 3147 4358 Nam
3197 4277 3354 4359 insta
3384 4274 3646 4359 Basoiliuin

2068 4345 2166 4414 lib.
2204 4344 2282 4399 De
2331 4343 2536 4414 Spiritu
2578 4358 2785 4413 sancto,
2826 4346 2990 4401 Pater
3040 4346 3095 4401 in
3131 4343 3352 4414 opiﬁcio
3404 4345 3648 4414 universi

2069 4413 2173 4469 fuit
2194 4413 2647 4489 προκαταρκτικὴ
2672 4418 2840 4489 αἰτία,
2860 4413 3231 4489 primordialis
3258 4413 3648 4489 causaFilium

2069 4499 2199 4557 vero
2227 4485 2427 4541 Noster
2458 4485 2602 4557 haud
2631 4485 2868 4543 absurde
2900 4488 3194 4557 appellavit
3246 4485 3648 4557 primordialem

383 4548 730 4638 aeminenti:
763 4548 1329 4638 appellamusgineus
1351 4553 1547 4638 itaque,
1568 4548 1753 4638 Pater.
1771 4568 1835 4609 ea
1869 4569 1960 4638 sa-
1988 4548 2037 4610 D
2060 4555 2346 4638 nintutent;
2374 4570 2440 4610 eo
2465 4556 2655 4638 utique
2678 4572 2842 4612 sensu
2873 4548 2986 4627 quo
3024 4548 3359 4638 Tneologus,
3385 4565 3529 4638 erat.
3556 4556 3647 4624 3‘2,

2060 4622 2351 4697 Trinitatis
2381 4622 2745 4697 sanctissimae
2775 4622 3042 4697 personas
3089 4622 3353 4697 indigitat
3379 4645 3393 4679 :
3436 4622 3647 4697 έΛναρὲ

2059 4711 2155 4765 χον
2193 4694 2289 4749 καὶ
2323 4693 2489 4767 ἀρχὴ,
2516 4697 2610 4749 καὶ
2638 4695 2700 4749 τὸ
2726 4693 2867 4767 μετὰ
2897 4697 2999 4767 τῆς
3037 4693 3523 4767 ἀρχῆς”,λΡτίιιοὶρὶἱ
3554 4693 3653 4751 εξο-

2059 4766 2565 4836 ρᾳνεερνὶηοὶρίιιηι,
2604 4775 2653 4821 et
2703 4765 2759 4821 id
2792 4765 2929 4836 quod
2960 4765 3069 4820 una
3098 4765 3218 4819 cum
3258 4766 3517 4834 principio
3547 4779 3650 4821 est,

2063 4834 2163 4907 Ubi
2193 4834 2385 4889 Filium
2432 4837 2678 4907 nominat
2722 4834 2919 4907 ἀρχὴν,
2967 4836 3305 4907 principium,
3337 4850 3454 4907 per:
3487 4851 3649 4907 quem

2063 4906 2275 4963 scilicet
2296 4906 2481 4961 omnia
2506 4902 2649 4960 facta
2677 4902 2981 4963 sin‘tL'Orat'.
3008 4906 3100 4974 24,
3130 4902 3379 4960 naturam
3403 4902 3648 4974 divinam

2063 4977 2118 5031 in
2167 4976 2345 5031 tribus
2386 4976 2693 5046 consistere
2746 4976 2869 5032 istis
2900 4973 3091 5041 docet,
3114 4974 3294 5046 αἰτίῳ,
3328 4973 3649 5046 δημιουργῷ

2064 5047 2157 5117 καὶ
2180 5043 2532 5117 ντελετοποιῷ,
2554 5054 2789 5117 auctore,
2811 5046 3083 5102 conditore
3100 5054 3150 5102 et
3170 5043 3477 5117 perfectore.
3500 5043 3648 5101 Cou-

2065 5096 2241 5188 siam
2253 5096 2434 5171 seu;
2452 5096 2723 5188 signa;
2743 5096 3080 5188 Ῑὸόὀῖιὶίὲὲπί
3092 5096 3332 5188 ﬁnias;
3350 5096 3651 5186 postquam

2064 5185 2281 5259 Patrem
2324 5201 2449 5242 esse
2484 5185 2623 5241 dixit
2645 5185 3151 5259 npoxarapurtxhv
3181 5185 3383 5249 αἰτίαν,
3418 5185 3652 5259 primor-

2066 5256 2263 5312 dialem
2301 5271 2543 5328 causam,
2576 5255 2860 5328 subiungit
2892 5255 3117 5328 Filium'
3139 5270 3262 5313 esse
3293 5270 3519 5311 causam
3550 5255 3648 5326 δη-

2114 5327 2427 5397 ιουρμικήν,
2464 5325 2839 5397 conditriceni,
2872 5335 2928 5384 et
2967 5325 3229 5397 Spiritum
3268 5333 3522 5397 sanctum
3560 5325 3649 5379 τε·

2114 5344 2427 5397 ιουρμικην,
2464 5344 2838 5389 conaurtcem,
2872 5344 2928 5384 et
2967 5344 3229 5396 δρηιιυω
3269 5344 3522 5381 sanetum
3560 5344 3649 5379 τε·

2067 5344 2376 5467 ἵειωτικήν,
2394 5396 2781 5467 perfectricem.
2809 5393 3319 5467 Quocircaquando
3348 5395 3415 5467 de
3432 5410 3652 5467 proces-

2070 5463 2322 5523 sionibus
2348 5463 2553 5538 divinis
2576 5467 2778 5538 agitur,
2816 5466 2998 5538 aptius
3021 5463 3183 5538 Pater
3208 5463 3481 5538 dicendus
3499 5464 3652 5538 vide-

2069 5544 2179 5601 tur,
2232 5536 2405 5608 πηγὴ,
2446 5534 2591 5608 ῥίζα,
2619 5534 2803 5608 atria,
2852 5534 3055 5599 αἴτιος,
3083 5535 3251 5608 ἀρχή,
3282 5535 3425 5605 fons,
3466 5535 3650 5608 radiat,

2067 5622 2253 5673 causa,
2273 5605 2848 5678 auc'tor,principium,
2878 5622 3043 5677 quam
3076 5605 3547 5678 προκαταρκτικὴ
3564 5607 3652 5678 αι-

2068 5678 2181 5748 τία,
2234 5676 2598 5748 prjmordialis
2632 5675 2822 5748 causa,
2868 5675 3033 5748 quam
3083 5675 3275 5748 vocem
3340 5675 3657 5731 adhibuerit

2071 5745 2248 5803 solum
2285 5745 2535 5805 Basilius.
2563 5752 2626 5800 ut
2653 5745 2976 5815 explicaret.
3004 5747 3133 5816 quid
3168 5760 3514 5815 unaquaeque
3536 5758 3663 5813 perv-

2072 5817 2294 5891 sona_in
2329 5818 2571 5875 universi
2602 5818 2826 5890 opiticio
2865 5818 3170 5876 contulisse
3200 5825 3520 5876 censeatur.
