3962 6300
352 329 454 398 851

1534 337 1594 396 S.
1629 338 1946 397 JOANNIS
1987 340 2410 403 DAMASCENI

3478 341 3582 406 952

356 458 504 505 tutus
542 463 633 502 aer
664 447 816 502 locus
854 455 937 502 est
983 448 1232 518 corporis
1277 451 1542 515 contenti,
1603 453 1698 508 sed
1733 462 1908 509 extre-

2020 455 2128 525 ἀὴρ
2159 456 2322 519 τόπος
2355 456 2472 509 ἐστὶ
2499 455 2594 509 τοῦ
2623 453 3011 527 περιεχομένου
3043 454 3291 525 σώματος
3317 491 3332 516 ,
3355 453 3492 508 ἀλλά
3520 455 3581 508 τὺ

355 539 516 593 mitas
540 538 806 592 duntaxat
831 539 1142 606 ambientis,
1176 556 1293 609 quae
1324 549 1498 596 totum
1525 558 1724 615 corpus
1751 549 1918 603 attin-

352 627 448 694 git.
491 627 580 680 Sic
608 627 788 695 plane,
822 629 950 698 quia
980 628 1032 682 id
1055 630 1198 699 quod
1224 631 1493 696 continet,
1525 650 1636 690 non
1661 638 1819 692 estin
1851 655 1916 696 eo

353 715 495 783 quod
529 717 861 772 continetur.

423 802 592 858 Locus
614 807 932 874 spiritualis.
975 810 1110 866 Deus
1137 815 1319 870 inloco
1353 835 1456 873 non
1492 830 1588 874 est.
1627 820 1725 875 Dei
1771 823 1914 880 locus

353 895 720 962 metaphorice.
747 929 814 939 —
843 900 938 956 Est
963 909 1144 958 autem
1197 908 1362 962 etiam
1393 911 1694 980 spiritualis
1734 916 1910 982 locus,

301 981 304 986 ’
355 983 445 1038 ubi
473 987 806 1058 intelligitur
849 998 901 1046 et
928 994 1146 1049 exsistit
1189 998 1570 1058 intellectualis
1631 1014 1822 1062 natura
1861 1022 1917 1065 et

351 1074 674 1144 incorporea
703 1098 718 1144 ;
751 1081 842 1134 ubi
874 1083 1131 1139 nimirum
1161 1090 1408 1156 praebens
1437 1104 1522 1149 est
1561 1105 1613 1150 et
1639 1098 1750 1166 agit
1776 1116 1790 1163 ;
1815 1114 1915 1154 nec

351 1182 615 1235 corporeo
657 1171 818 1227 modo
870 1176 1220 1242 continetur,
1287 1183 1380 1237 sed
1440 1185 1730 1254 spirituali.
1794 1188 1912 1244 Non

350 1254 492 1308 enim
520 1254 743 1325 ﬁguram
769 1260 952 1326 habet,
981 1281 1084 1328 qua
1110 1279 1398 1338 corporum
1433 1287 1586 1329 more
1635 1277 1914 1333 continea-

351 1352 456 1445 tur.
489 1343 554 1398 Et
583 1347 800 1416 quidem
835 1349 996 1418 Deus,
1031 1365 1088 1409 ut
1116 1358 1204 1424 qui
1247 1362 1486 1417 materia:
1514 1379 1707 1435 expers
1741 1367 1832 1434 sit,
1861 1378 1914 1425 et

355 1439 875 1508 incircumscriptus,
921 1443 974 1498 in
1031 1447 1148 1502 loco
1182 1463 1423 1508 nonest.
1462 1453 1580 1523 Ipse
1626 1458 1770 1512 enim
1825 1462 1908 1514 sui

353 1526 525 1595 ipsius
555 1528 708 1585 locus
740 1539 844 1593 est,
873 1537 1054 1591 omnia
1107 1539 1358 1610 impleas,
1391 1559 1455 1600 ac
1514 1563 1680 1619 super
1731 1553 1912 1607 omnia

350 1622 641 1687 exsistens,
668 1625 958 1697 omniaque
1001 1629 1117 1698 ipse
1145 1635 1512 1704 complectens
1538 1642 1602 1691 ".
1658 1642 1912 1697 Attamen

349 1714 402 1766 in
434 1716 554 1770 loco
582 1732 702 1773 esse
739 1718 968 1788 dicitur,
1023 1723 1228 1797 Deique
1263 1730 1570 1800 appellatur
1599 1733 1774 1798 locus,
1819 1737 1907 1791 ubi

347 1806 467 1876 ejus
492 1812 664 1868 virtus
696 1821 750 1870 et
772 1818 1013 1885 operatio
1045 1821 1331 1876 manifesta
1387 1833 1536 1879 sunt.
1592 1823 1712 1894 Ipse
1764 1827 1907 1880 enim

345 1899 484 1953 citra
516 1901 680 1956 ullam
716 1906 1125 1973 permistionem
1181 1913 1363 1972 omnia
1418 1922 1682 1982 permeat,
1718 1912 1919 1971 rchus-'

346 2006 450 2058 que
467 1993 721 2048 omnibus
741 1997 1112 2065 operationem
1138 2015 1291 2055 suam
1319 2001 1580 2071 impertit,
1603 2019 1703 2074 pro
1725 2007 1911 2062 unius-

342 2083 610 2154 cujusque
636 2086 940 2154 aptitudine
971 2103 1033 2144 ac
1071 2092 1405 2161 suscipiendi
1441 2092 1700 2150 facultate
1736 2115 1750 2162 ;
1803 2097 1907 2152 hoc

340 2183 427 2229 est
454 2184 566 2230 tum
596 2179 856 2244 naturali,
886 2189 1000 2234 tum
1026 2182 1332 2236 voluntaria
1381 2184 1630 2252 puritate.
1680 2186 1907 2242 Puriora

341 2267 610 2337 siquidem
653 2279 804 2336 sunt,
837 2287 956 2342 quae
1017 2275 1253 2329 materia:
1287 2276 1540 2332 immersa
1590 2293 1699 2334 non
1754 2290 1908 2348 sunt,

342 2371 506 2425 quam
543 2359 851 2413 materialia
887 2376 902 2425 ;
937 2367 992 2415 et
1023 2361 1193 2431 proba
1239 2371 1403 2432 atque
1458 2365 1710 2432 honesta,
1741 2384 1904 2438 quam

341 2463 503 2516 prava
538 2457 592 2504 et
627 2464 754 2504 cum
786 2451 988 2505 malitia
1017 2453 1330 2522 conjuncta.
1367 2455 1509 2527 Ergo
1551 2457 1646 2513 Dei
1683 2461 1836 2517 locus
1861 2465 1907 2518 is

338 2539 559 2604 dicitur,
609 2541 699 2610 qui
741 2541 1016 2599 uberioris
1073 2543 1245 2615 ipsius
1270 2549 1608 2616 operationis
1635 2560 1690 2608 et
1718 2555 1906 2624 gratiae

337 2632 614 2701 particeps
645 2640 748 2688 est.
801 2632 1014 2690 Idcirco
1045 2637 1244 2691 coelum
1279 2639 1438 2696 sedes
1465 2639 1585 2710 ejus
1613 2652 1695 2698 est
1725 2645 1749 2714 (,
1793 2646 1908 2701 illic

336 2727 480 2781 enim
521 2735 650 2782 sunt
679 2730 876 2800 angeli,
923 2733 1018 2800 qui
1069 2731 1276 2788 faciunt
1316 2735 1492 2806 ipsius
1549 2741 1902 2806 voluntatem,

334 2836 568 2890 eumque
599 2836 814 2892 seraper
843 2822 1095 2880 laudibus
1127 2826 1464 2882 celebrant"
1491 2827 1536 2896 );
1565 2830 1676 2885 haec
1705 2833 1906 2902 quippe
1942 2893 1947 2902 ,

932 2921 1074 2965 terra
1136 2920 1317 2966 autem
1371 2915 1671 2970 scabellum
1708 2919 1904 2987 pedum

338 2910 440 2978 ipsi
481 2918 558 2964 est
601 2911 820 2980 requies
867 2929 880 2964 :

335 3000 456 3070 ejus
483 3000 530 3034 ”
563 3019 578 3068 ;
619 3003 670 3056 in
701 3017 810 3072 qua
865 3017 960 3072 per
989 3017 1209 3058 carnem
1249 3020 1376 3059 eum
1425 3007 1742 3066 hominibus
1773 3027 1905 3066 con-

2015 546 2168 610 τέλος
2211 547 2306 600 τοῦ
2341 547 2685 616 περιέχοντος
2728 533 3016 616 ’ἀέροςμτὸ
3066 545 3442 616 ἐφαπτόμενον
3485 545 3580 598 τοῦ

2017 637 2406 706 περιεχομένου
2458 636 2703 707 σώματος
2723 654 2737 666 ·
2767 638 2965 700 πάντος
2993 635 3070 701 δὲ,
3095 636 3175 689 ὅτι
3201 635 3263 688 τδ
3305 635 3578 706 περιέχον,

2015 729 2114 782 οὐκ
2139 729 2285 782 ἔστιν
2317 731 2374 783 έν
2398 729 2474 800 τῷ
2499 730 2892 800 περιεχομένῳ.

2090 823 2245 874 Ἔστι
2273 821 2331 875 δὲ
2367 822 2462 875 καὶ
2491 822 2678 890 νοητὸς
2703 821 2887 887 τόπος,
2911 820 3037 874 ἔνθα
3066 823 3286 884 νοεῖται,
3312 819 3406 873 καὶ
3435 819 3574 873 ἐστιν

2013 913 2046 981 ὴ
2081 912 2246 983 νοητὴ
2296 913 2390 964 καὶ
2437 911 2726 982 ἀσώματος
2775 911 2938 980 φύσις
2966 928 2980 942 ο
3025 911 3260 980 ἔνθαπερ
3307 911 3577 980 πάρεστι,

2015 1004 2107 1058 καὶ
2150 985 2383 1075 ἐνεργεῖ,
2417 1004 2511 1058 καὶ
2553 1004 2614 1057 οὐ
2671 1003 2998 1073 σωματικῶς
3041 1003 3394 1073 περιέχεται,
3443 1001 3578 1054 ἀλλὰ

2013 1092 2239 1162 νοητῶς.
2287 1093 2364 1146 Οὐ
2394 1091 2505 1162 γὰρ
2543 1092 2656 1162 ἔχει
2704 1094 2909 1162 σχῆμα,
2940 1091 3026 1146 ἵνα
3061 1091 3387 1162 σωματικῶς
3425 1107 3576 1160 περιο

2014 1183 2199 1254 σχεθῇ.
2247 1183 2303 1237 Ὁ
2335 1183 2434 1253 μὲν
2467 1179 2559 1236 οῦν
2609 1182 2740 1246 Θεὸς
2781 1183 2916 1253 (59),
2950 1181 3112 1244 ἇῦλος
3143 1180 3242 1244 ῶν,
3264 1181 3358 1234 καὶ
3381 1180 3572 1250 ἀπερί-

2011 1289 2279 1343 γραπτυς,
2310 1274 2369 1327 έν
2391 1273 2541 1343 τόπῳ
2567 1274 2667 1327 οὐκ
2704 1272 2872 1328 ἐστιν.
2923 1272 3096 1335 Αὐτὸς
3129 1271 3236 1342 γὰρ
3261 1269 3454 1324 ἑαυτοῦ
3486 1271 3574 1323 τός-

2012 1383 2112 1429 πος
2143 1367 2277 1430 ἐστὶ,
2313 1365 2383 1419 τὰ
2408 1365 2585 1419 πάντα
2608 1365 2854 1436 πληρῶν,
2884 1365 2979 1419 καὶ¹
3012 1363 3153 1434 ὑπὲρ
3185 1363 3255 1417 τὰ
3284 1365 3456 1417 πάντα
3473 1363 3572 1426 ὢν,

2011 1457 2105 1510 καὶ
2138 1457 2300 1520 αὐτὸς
2347 1456 2584 1526 συνέχων
2635 1457 2702 1508 τὰ
2754 1455 2950 1510 πάντα.
2988 1454 3220 1522 Λέγεται
3269 1453 3327 1506 δὲ
3373 1454 3470 1508 καὶ
3515 1456 3572 1506 έν

2010 1547 2158 1618 τόπῳ
2181 1543 2342 1612 εἶναι,
2371 1547 2465 1601 καὶ
2497 1546 2715 1615 λέγεται
2744 1546 2907 1609 τόπος
2938 1544 3095 1610 Θεοῦ,
3133 1543 3262 1619 ἔνθα
3295 1542 3514 1614 ἔκδηλος
3539 1543 3572 1612 ὴ

2010 1639 2262 1710 ὲνεργεία
2295 1639 2460 1692 αὑτοῦ
2496 1639 2727 1708 γίνεται.
2761 1637 2934 1704 Αὐτὸς
2969 1635 3066 1706 μὲν
3095 1634 3202 1705 γὰρ
3227 1633 3315 1687 διὰ
3358 1633 3574 1687 πάντων

2011 1729 2226 1801 ἀμιγῶς
2255 1730 2560 1801 ﬁtquc,qu
2591 1731 2724 1783 πᾶσι
2746 1727 3066 1799 μεταδίδωσι
3083 1726 3182 1796 τῆς
3206 1723 3398 1778 ἑαυτοῦ
3423 1725 3575 1793 ἐνερ-

2011 1824 2186 1892 γείας,
2219 1823 2361 1876 κατὰ
2403 1822 2503 1892 τὴν
2533 1821 2766 1876 ἑκάστου
2805 1819 3240 1890 ἐπιτηδειότητα,
3272 1817 3367 1871 καὶ
3397 1817 3576 1870 δεκτι-

2011 1915 2112 1986 κὴν
2133 1915 2393 1984 δύναμιν·
2430 1914 2572 1985 φημὶ
2606 1913 2663 1966 δὲ
2692 1915 2790 1984 τήν
2835 1930 2893 1965 τε
2920 1911 3158 1981 φυσικὴν
3192 1912 3286 1964 καὶ
3316 1927 3575 1982 προαιρε-

2009 2005 2165 2076 τικὴν
2211 2005 2578 2075 καθαρότητα.
2617 2003 2992 2076 Καθαρὼτερα
3023 2004 3131 2074 γὰρ
3177 2003 3246 2056 τὰ
3285 2005 3424 2058 ἄῦλα
3463 2003 3573 2056 τῶν

2011 2093 2230 2160 ὑλικῶν,
2269 2094 2364 2148 καὶ
2395 2094 2461 2148 τὰ
2495 2094 2744 2164 ὲνάρετα,
2766 2093 2872 2146 τῶν
2910 2093 3076 2170 κακίᾳ
3108 2093 3570 2163 συνεζευγμένων.

1993 2173 2241 2254 ’Λέγεται
2270 2186 2558 2256 τοιγαροῦν
2583 2185 2718 2239 Θεοῦ
2749 2187 2929 2250 τόπος,
2960 2187 2988 2238 ὁ
3017 2185 3178 2239 πλέον
3209 2185 3449 2255 μετέχων
3473 2185 3572 2254 τῆς

2010 2279 2288 2352 ἐνεργείας
2322 2281 2414 2332 καὶ
2445 2278 2543 2349 τῆς
2567 2277 2788 2348 χάριτος
2817 2275 3002 2330 αὐτοῦ.
3045 2276 3142 2328 Διὰ
3169 2275 3328 2328 τοῦτο
3355 2277 3384 2326 ὁ
3412 2275 3573 2345 οὐρα-

2009 2372 2097 2435 νὸς
2117 2371 2279 2424 αὐτοῦ
2304 2369 2514 2440 Θρόνος.
2550 2368 2638 2422 Ἐν
2661 2366 2808 2436 αὺτῷ
2837 2367 2946 2436 γὰρ
2973 2365 3110 2418 εἰσὶν
3131 2366 3180 2418 οἱ
3204 2365 3484 2427 ποιοῦντες
3513 2365 3574 2418 τὸ

2011 2465 2224 2536 Θέλημα
2267 2462 2432 2516 αὑτοῦ
2491 2459 2740 2529 ἄγγελοι,
2774 2459 2870 2512 καὶ
2904 2459 2991 2511 ἀεὶ
3022 2456 3339 2522 δοξάζοντες
3390 2456 3572 2509 αὐτόν.

2009 2556 2158 2626 Αὕτη
2189 2555 2295 2625 γὰρ
2326 2554 2473 2624 αὐτῷ
2511 2552 2838 2616 ἀνάπαυσις,
2867 2550 2959 2604 καὶ
2980 2552 3014 2620 ἠ
3047 2551 3117 2620 γῆ
3157 2549 3442 2602 ὑποπόδιον
3465 2549 3574 2603 τῶν

2009 2649 2183 2703 ποδῶν
2214 2646 2401 2702 αὑτοῦ.
2447 2646 2538 2700 Ἑν
2563 2645 2698 2714 αὐτῇ
2723 2643 2830 2713 γὰρ
2863 2642 2950 2696 διὰ
2983 2641 3185 2712 σαρκὸς
3212 2643 3322 2703 τοῖς
3361 2640 3572 2708 ἀνθρὼ-

2009 2757 2132 2803 ποις
2163 2735 2595 2806 συνανεστράφη.
2626 2732 2766 2795 Ποῦς
2786 2732 2843 2784 δὲ
2881 2730 2975 2784 τοῦ
3030 2729 3164 2783 Θεοῦ
3195 2732 3228 2799 ἡ
3256 2729 3385 2795 ἁγία
3408 2728 3573 2782 αὑτοῦ

2009 2832 2146 2903 σὰρξ
2166 2830 2500 2900 ὠνόμασται.
2531 2825 2764 2894 Λέγεται
2804 2823 2859 2876 δὲ
2891 2823 2985 2876 καὶ
3013 2823 3046 2893 ἡ
3093 2820 3386 2890 Ἐκκλησία
3410 2820 3574 2884 τόπος

2007 2922 2140 2978 Θεοῦ
2161 2939 2176 2952 ·
2211 2920 2398 2974 τοῦτον
2428 2918 2538 2988 γὰρ
2577 2919 2656 2980 εἰς
2695 2915 3005 2983 δοξολογίαν
3056 2912 3224 2968 αὐτοῦ
3251 2952 3266 2976 ,
3292 2912 3481 2982 ῶσπερ
3519 2929 3573 2964 τι

2004 3017 2229 3086 τέμενος
2275 3011 2650 3081 ἀφωρίσαμεν,
2687 3010 2744 3062 έν
2774 3002 2818 3076 ᾧ
2841 3008 2933 3061 καὶ
2968 3005 3066 3069 τὰς
3101 3006 3238 3076 πρὸς
3283 3005 3444 3058 αὐτὸν
3490 3006 3575 3056 ὲν-

334 3106 584 3150 versatus
615 3095 688 3148 sit
719 3094 784 3148 ³⁸.
810 3093 911 3150 Pes
940 3110 1104 3165 porro
1140 3095 1235 3150 Dei
1291 3108 1481 3153 sancta
1545 3101 1718 3170 ipsius
1775 3118 1904 3159 caro

2014 3103 2218 3171 τεύξεις
2247 3099 2573 3168 ποιούμεθα.
2613 3096 2844 3164 Ὁμοίως
2870 3096 2963 3149 καὶ
2999 3096 3049 3147 ot
3078 3095 3256 3160 τόποι,
3289 3095 3345 3147 ὲν
3371 3091 3450 3158 οἷς
3487 3093 3574 3146 εκ-

332 3186 502 3242 variis
550 3187 688 3241 locis
718 3187 999 3241 nominata
1033 3194 1135 3242 est.
1203 3187 1346 3253 Quin
1403 3189 1642 3247 Ecclesia
1680 3209 1898 3265 quoque

335 3274 430 3330 Dei
479 3277 631 3330 locus
663 3276 902 3342 dicitur;
935 3277 1062 3346 quia
1123 3293 1242 3334 eam
1277 3279 1344 3332 ad
1398 3281 1572 3350 ipsius
1625 3287 1902 3345 canendas

2003 3197 2160 3268 δηλος
2193 3196 2322 3265 ἡμῖν
2351 3194 2383 3262 ἡ
2423 3189 2588 3244 αὐτοῦ
2623 3189 2892 3258 ἐνέργεια,
2925 3187 3032 3241 εἴτε
3083 3186 3172 3239 διὰ
3219 3185 3435 3255 σαρκὸς,
3463 3185 3572 3238 εἴτε

2012 3292 2140 3344 ἄνευ
2172 3287 2422 3356 σώματος
2440 3282 2652 3351 γέγονε,
2673 3280 2828 3332 τόποι
2854 3278 2986 3332 Θεοῦ
3013 3277 3281 3346 λέγονται.

337 3365 545 3431 laudes,
571 3380 670 3421 ceu
703 3367 962 3435 templum
984 3367 1278 3436 quoddam,
1305 3372 1662 3440 sccrevimus,
1695 3377 1747 3430 in
1773 3393 1881 3447 quo
1920 3395 2043 3436 eum
2110 3389 2418 3432 exoremus.
2473 3371 2553 3424 Ad
2601 3369 2850 3424 eumdem
2914 3367 3134 3422 modum
3203 3368 3319 3420 loca
3355 3366 3411 3421 i-n
3451 3368 3575 3436 qui-

335 3461 438 3514 bus
487 3459 768 3530 perspicua
811 3460 869 3514 ﬁt
926 3462 1087 3516 nobis
1141 3462 1316 3530 ipsius
1355 3467 1616 3534 operatio,
1653 3468 1767 3526 sive
1811 3488 1904 3541 per
1941 3487 2182 3536 carnem,
2231 3470 2344 3524 sive
2379 3465 2585 3533 absque
2609 3475 2860 3530 corpore,
2893 3457 2986 3512 Dei
3009 3458 3129 3512 loca
3150 3457 3430 3511 dicuntur.

404 3549 699 3606 Sciendum
740 3559 919 3605 autem
952 3561 1036 3607 est
1081 3551 1250 3608 Deum
1288 3555 1535 3623 partibus
1585 3572 1812 3626 carere;
1844 3571 1901 3616 ut

334 3647 486 3695 totus
512 3639 738 3694 omnino
789 3640 991 3710 ubique
1049 3642 1141 3707 sit,
1175 3651 1228 3696 et
1275 3659 1383 3698 non
1437 3660 1564 3714 pars
1614 3647 1668 3701 in
1725 3662 1900 3718 parte,

334 3747 487 3786 more
526 3745 816 3801 corporum
846 3732 1216 3799 distrahatur,
1249 3735 1344 3790 sed
1367 3741 1514 3790 totus
1539 3737 1592 3790 in
1621 3741 1898 3806 omnibus,

336 3832 389 3878 et
421 3831 572 3878 totus
603 3839 766 3894 supra
801 3825 982 3878 omnia
1012 3826 1267 3881 exsistat.

409 3939 484 3991 De
519 3939 630 3992 loco
667 3939 868 4008 angeli,
904 3947 953 3992 et
1008 3939 1236 4001 animm;
1268 3940 1427 4008 deque
1477 3956 1649 3994 rerum
1678 3943 1903 3994 circum-

339 4031 638 4096 scriptione.
670 4057 730 4068 —
764 4030 922 4100 150
976 4031 1214 4099 Angelus
1264 4039 1466 4090 autem,
1516 4034 1616 4087 etsi
1673 4047 1780 4087 non
1834 4035 1900 4088 ad

339 4121 556 4176 modum
587 4123 833 4194 corporis
868 4123 941 4176 ita
968 4122 1022 4175 in
1061 4123 1182 4176 loco
1211 4121 1544 4184 continetur,
1579 4131 1634 4175 ut
1671 4121 1899 4177 formam

405 4303 448 4333 "
482 4302 642 4373 Greg.
672 4303 805 4354 Νη.
849 4305 988 4354 orat.
1025 4299 1114 4362 54..
1190 4299 1235 4330 "
1263 4299 1366 4354 Isa.
1400 4313 1473 4360 vr,
1511 4298 1533 4352 1
1570 4313 1722 4368 seqq.

1798 4301 1842 4332 “
1898 4299 2000 4355 Isa.
2036 4315 2184 4361 LXVI,
2223 4299 2272 4352 1.

2089 3559 2290 3614 ’ἰστέον
2319 3557 2375 3610 δὲ
2407 3556 2488 3608 ὅτι
2519 3553 2580 3607 τὸ
2614 3552 2768 3605 Θεῖον
2795 3549 3001 3620 ἀμερές
3028 3551 3194 3613 ἐστιν,
3218 3548 3337 3602 ὅλον
3378 3548 3574 3612 ὑλικῶς

2007 3651 2282 3722 πανταχοῦ
2331 3648 2414 3714 ὃν,
2461 3647 2556 3700 καὶ
2609 3646 2670 3698 οὐ
2706 3643 2872 3722 μέρος
2925 3643 2984 3694 ἐν
3037 3640 3192 3712 μέρει
3246 3640 3574 3710 σωματικῶς

2004 3715 2380 3816 διαιροῦμενον
2404 3755 2418 3768 ·
2452 3738 2566 3792 ἀλλ’
2601 3739 2722 3791 ὅλον
2768 3715 2827 3790 ἓν
2861 3736 2994 3788 πᾶσι
3015 3774 3029 3798 ,
3059 3734 3152 3786 καὶ
3185 3732 3304 3786 ὅλον
3343 3731 3484 3802 ὑπὲρ
3509 3731 3573 3785 τὸ

2007 3837 2131 3889 πᾶν.

2077 3946 2246 4017 Marg.
2273 3961 2376 4000 ms.
2409 3945 2546 4012 Περὶ
2578 3944 2762 3996 τόπου
2795 3940 3054 4011 ἀγγέλου
3091 3938 3190 3994 καὶ
3214 3936 3321 4004 τῆς
3340 3935 3568 4006 ψυχῆς.

2010 4037 2110 4089 καὶ
2135 4038 2265 4105 περὶ
2294 4037 2400 4090 τοῦ
2431 4031 2890 4103 ἀπεριτράπτου.
2914 4062 2983 4073 -
3022 4032 3079 4083 '0
3109 4031 3166 4084 as
3185 4027 3430 4098 ἄγγελος,
3461 4043 3570 4077 σω-

2008 4122 2251 4188 ματικῶς
2286 4122 2382 4191 μὲν
2434 4122 2492 4173 ἐν
2531 4121 2679 4190 τόπῳ
2735 4119 3066 4190 περιέχεται,
3089 4117 3229 4171 ὥστε
3270 4115 3571 4172 τυποῦσθαι

2353 4298 2396 4329 ³⁸
2419 4295 2630 4351 Darueh
2677 4311 2759 4360 ιιι,
2787 4296 2877 4352 53.

1840 4467 2068 4524 NOTAE.

408 4580 518 4645 (59)
567 4579 622 4630 Ὀ
650 4576 765 4648 μὲν
795 4575 908 4636 οὖν
937 4580 1098 4645 Θεός.
1131 4577 1266 4631 Dens
1299 4579 1491 4648 igitur,
1525 4587 1632 4632 etc.
1684 4577 1756 4631 Ex
1801 4579 1904 4634 loci
1937 4573 1980 4625 ι)
2008 4581 2143 4635 locis
2197 4580 2388 4634 adesse
2441 4575 2944 4648 perruperationem
2985 4571 3306 4648 fatebantur
3327 4615 3340 4634 ,
3372 4580 3426 4624 at
3460 4589 3567 4648 non

337 4650 647 4704 delinitione
695 4665 856 4718 quam
921 4649 1288 4703 Damascenus
1316 4649 1484 4701 tradit
1507 4663 1572 4701 ex
1597 4648 1908 4713 Aristotele,

339 4720 617 4785 colligitur
666 4719 818 4773 nullo
870 4719 990 4772 loco
1046 4718 1214 4772 Deum
1252 4718 1542 4780 contineri,
1577 4719 1775 4786 quippe
1815 4720 1909 4787 qui

340 4790 485 4858 nulla
515 4790 762 4858 corporis
796 4789 941 4842 illius
975 4789 1260 4857 superﬁcie
1290 4787 1672 4858 cireuu'iseribi
1714 4790 1906 4856 possit.

339 4857 495 4912 llmle
553 4856 674 4912 cum
712 4856 1061 4913 Nazianzcno
1116 4867 1256 4913 orat.
1313 4857 1398 4919 54,
1433 4866 1485 4912 et
1523 4856 1766 4926 Nysseno
1809 4859 1904 4912 Iih.

339 4929 413 4980 De
446 4928 610 4981 anim.
641 4938 686 4980 et
731 4944 933 4982 resurr.
975 4928 1204 4982 dixerim
1253 4929 1457 4988 verius,
1482 4942 1752 4993 nusquam
1785 4942 1906 4982 esse

340 4997 527 5061 Iietun,
563 5005 614 5048 et
638 4998 838 5066 ubique
864 4997 1077 5056 adesse,
1099 5006 1262 5060 atque
1285 4999 1525 5066 omnium
1555 4997 1728 5066 locum
1759 5011 1898 5050 esse.

335 5067 508 5122 Porro
562 5067 621 5121 S.
657 5064 896 5120 Thomas
929 5082 944 5119 ι
982 5081 1033 5132 p.
1067 5083 1122 5132 q.
1154 5067 1206 5127 8,
1237 5081 1284 5116 a.
1314 5066 1364 5126 1,
1403 5065 1561 5118 docet
1597 5064 1766 5118 Deum
1797 5083 1908 5120 esse

337 5137 544 5205 ubique,
578 5139 714 5191 sicut
755 5151 910 5205 agens
947 5134 1092 5189 adest
1136 5136 1183 5187 ei
1231 5135 1283 5188 in
1328 5133 1466 5204 quod
1512 5137 1642 5202 agit,
1683 5143 1740 5188 ut
1767 5134 1907 5192 Deus

338 5204 474 5260 locis
501 5205 757 5261 omnibus
788 5204 982 5259 adesse
1019 5219 1127 5258 non
1159 5213 1472 5274 censeatur,
1503 5205 1628 5274 nisi,
1648 5220 1742 5274 per
1780 5220 1908 5274 epe-

338 5277 621 5330 rationctn.
667 5276 790 5330 Hoc
808 5274 1006 5329 Noster
1035 5273 1322 5329 continuat
1361 5276 1448 5328 ubi
1475 5275 1569 5338 ait,
1605 5273 1768 5327 Deum
1802 5273 1908 5329 dici

338 5347 392 5397 in
421 5344 535 5400 loco
573 5363 700 5406 esse,
734 5354 780 5398 et
831 5345 923 5399 Dei
975 5344 1145 5398 locum
1177 5343 1231 5396 id
1277 5343 1556 5412 appellari,
1584 5345 1634 5396 in
1667 5360 1768 5411 quo
1797 5345 1908 5412 ejus

341 5413 480 5467 actio
513 5418 811 5478 exseritur;
847 5432 964 5470 eum
1019 5416 1203 5484 quippe
1229 5416 1404 5468 omnia
1461 5414 1740 5484 pervadere
1769 5424 1817 5467 et
1857 5415 1910 5468 in

341 5484 583 5555 ontnibus
614 5502 780 5555 agere,
831 5485 1118 5539 secundum
1147 5483 1567 5555 uniuscujusque
1602 5483 1908 5555 dispositio-

326 5568 473 5620 nem.
543 5553 661 5606 Hoc
715 5563 1093 5622 argumentum
1165 5553 1515 5623 persequitur
1586 5553 1908 5623 Anastasius

347 5623 725 5677 Autiochenus
767 5631 904 5676 orat.
961 5623 1035 5676 De
1068 5622 1535 5691 incircumscripto,
1563 5624 1616 5675 in
1652 5638 1756 5690 qua
1796 5622 1907 5679 dis-

341 5700 500 5752 putat
548 5693 808 5747 adversus
861 5693 1126 5760 quosdam
1168 5695 1257 5762 qui
1324 5693 1487 5749 Deum
1549 5694 1602 5746 in
1655 5693 1908 5749 omnibus

2014 4648 2313 4706 secundum
2359 4643 2676 4716 essentiam,
2718 4652 2938 4714 prepter
2980 4643 3240 4716 locorum
3268 4644 3566 4716 praesertim

2011 4719 2329 4775 foeditatem.
2355 4717 2468 4771 l-Ios
2500 4711 2735 4778 refellit,
2754 4711 2868 4768 tuin
2901 4711 3028 4780 quia
3063 4712 3570 4779 incircinnseriptus

2012 4790 2424 4856 immensosque
2449 4794 2552 4849 est,
2582 4785 2902 4856 tumeliam
2931 4781 3058 4850 quia
3097 4789 3182 4834 est
3208 4781 3409 4834 inﬁnite
3439 4782 3572 4834 sim-

2011 4859 2154 4928 plex,
2197 4851 2357 4926 cujus
2389 4855 2632 4928 Operatio
2672 4853 2813 4907 idem
2862 4851 2930 4904 sit
2977 4864 3202 4918 prorsus
3228 4865 3314 4928 ae_
3341 4865 3568 4928 suaes-

2011 4917 2199 4984 sentite
2226 4945 2238 4980 :
2265 4917 2390 4980 'eam
2425 4917 2512 4978 'ob
2561 4939 2672 4978 rem
2706 4917 2994 4976 necessum
3029 4935 3150 4972 csse
3183 4927 3240 4970 ut
3281 4917 3421 4972 Deus
3460 4920 3573 4974 illic

2015 4995 2476 5052 adsitsecundum
2507 4992 2821 5052 essentiam,
2853 4989 2940 5044 ubi
2978 4988 3296 5057 intelligitur
3333 4989 3569 5056 operari.

2015 5065 2325 5127 Enimvero,
2360 5071 2420 5117 ut
2452 5063 2705 5118 observat
2752 5059 3060 5121 Nemesius,
3089 5073 3209 5125 cap.
3251 5058 3304 5120 5,
3339 5073 3425 5111 res
3455 5058 3570 5124 5ρὶ-

2016 5136 2229 5206 ritualis
2280 5134 2416 5188 nulli
2465 5133 2584 5206 loco
2615 5143 3028 5206 praasensuesse
3065 5128 3473 5206 potest,_eique,
3516 5136 3573 5178 ut

2015 5205 2254 5260 humano
2289 5219 2438 5274 more
2485 5197 2720 5274 loqu—ar!
2755 5197 3039 5274 applicari,
3077 5197 3180 5274 nisi
3231 5197 3572 5274 eiregjllnnt

2016 5274 2312 5341 cperando.
2354 5265 2625 5338 Quocirca
2674 5265 3018 5341 Epiphanius
3044 5305 3058 5329 ,
3095 5266 3288 5341 haeres.
3350 5265 3414 5316 Π
3445 5305 3461 5330 ,
3497 5265 3574 5316 ait

2016 5335 2184 5399 Deum
2238 5335 2438 5413 ubique
2489 5342 2680 5413 adesse
2724 5335 2996 5413 :B'Jvdipat,
3031 5351 3120 5413 per
3174 5335 3436 5396 virtutem,
3466 5347 3574 5402 quo

2017 5407 2369 5482 signiﬁcatur,
2414 5411 2614 5465 nedum
2649 5407 2739 5482 Dei
2781 5408 3110 5467 substantia,
3150 5420 3336 5482 verum
3366 5415 3574 5482 et_0pe-

2017 5475 2156 5536 talio
2185 5524 2197 5547 ,
2229 5481 2366 5536 Deus
2419 5480 2769 5534 immensitate
2809 5492 2905 5530 sua
2947 5491 3129 5547 rerum
3163 5475 3392 5547 omnium
3410 5475 3572 5547 ΔΙίιειιδ

2015 5561 2090 5607 est
2116 5541 2316 5619 (inquit
2344 5551 2610 5604 Maximus
2635 5549 2686 5600 in
2713 5563 2834 5619 cap.
2871 5547 2890 5597 I
2939 5543 3015 5596 De
3043 5544 3148 5619 diu.
3187 5541 3350 5619 noni.)
3372 5541 3434 5594 οὐ
3471 5557 3574 5592 σω-

2019 5614 2282 5692 ματικῶς,
2465 5614 2886 5688 δημιουργικιῖις,
2912 5631 3012 5667 non
3037 5614 3121 5692 ad
3149 5618 3359 5692 modum
3389 5626 3573 5679 corpo-

2016 5679 2154 5757 i'um,
2187 5679 2280 5745 sed
2304 5691 2354 5744 in
2381 5691 2453 5744 eis
2487 5679 2732 5757 tit-nquam
2756 5703 2935 5740 earurn
2964 5684 3137 5753 opifex
3173 5679 3392 5752 agenda.
