3962 6300
372 317 480 381 853

1450 309 1546 369 DE
1572 308 1748 369 FIDE
1786 308 2245 368 ORTIIODOXA
2280 312 2425 370 LIB.
2470 313 2517 370 Ι.

3529 303 3632 368 851

290 478 293 479 ν
376 412 470 483 κῖιῖ
520 421 982 496 σχηματίζεσθαι·
1029 422 1179 493 ὅμως
1234 420 1449 491 λέγεται
1506 415 1646 474 εἶναι
1687 422 1745 473 ὲν
1799 421 1943 489 τόπῳ

2052 428 2104 475 et
2132 419 2359 491 ﬁguram
2419 422 2701 492 recipiat;
2735 423 2937 477 inloco
2992 431 3177 478 tamen
3238 437 3360 479 esse
3382 420 3626 490 Idicitur,

372 518 462 571 διὰ
487 518 547 571 τὸ
579 517 834 587 παρεῖναι
878 515 1085 585 νοητῶς
1115 514 1210 567 καὶ
1261 515 1503 584 ἐνεργεῖν
1549 513 1688 567 κατά
1721 512 1818 583 τὴν
1852 512 1951 565 αὑ-

372 609 467 662 τοῦ
504 609 686 677 φύσιν,
713 609 807 662 καὶ
834 608 907 679 μὴ
936 601 1073 662 εἴναι
1101 604 1355 677 ἀλλαχοῦ,
1383 605 1496 659 ἀλλ’
1528 605 1708 657 ἐκεῖσε
1746 604 1952 674 νοητῶς

373 698 833 770 περιγράφεσθαι,
870 696 1000 751 ἔνθα
1037 695 1133 750 καὶ
1188 697 1421 766 ἐνεργεῖ.
1455 695 1530 748 Οὐ
1585 693 1692 766 γὰρ
1730 693 1952 747 δύναται

376 789 516 843 κατὰ
565 788 760 842 ταυτὸν
801 789 860 841 ἐν
908 787 1184 859 διαφόροις
1239 786 1423 849 τόποις
1466 786 1729 854 ἐνεργεῖν.
1771 785 1950 839 Μόνου

372 881 481 951 γὰρ
525 878 658 933 Θεοῦ
699 882 816 933 ἐστι
856 879 917 933 τὸ
956 878 1231 950 πανταχοῦ
1264 879 1405 933 κατὰ
1445 878 1641 933 ταυτὸν
1684 879 1949 948 ἐνεργεῖν.

382 974 442 1026 '0
476 974 575 1043 μὲν
603 973 713 1044 γὰρ
742 973 974 1041 ἄγγελος
1016 954 1169 1043 τάχει
1205 970 1440 1042 φύσεως,
1469 971 1562 1024 καὶ
1594 970 1670 1041 τῷ
1698 970 1948 1039 ἑτοίμως,

372 1064 541 1134 ἤγουν
565 1063 798 1134 ταχέως,
831 1063 1197 1134 μεταϐαίνειν,
1230 1062 1445 1133 ἐνεργεῖ
1472 1063 1529 1114 ἐν
1558 1060 1837 1130 διαφόροις
1859 1059 1949 1112 τό-

372 1171 525 1219 ποις·
556 1156 617 1209 τὸ
661 1156 719 1209 δὲ
766 1154 921 1209 Θεῖον
970 1156 1220 1225 πανταχῆ
1255 1152 1315 1205 ὃν
1339 1193 1353 1218 ,
1389 1150 1483 1204 καὶ
1514 1150 1650 1221 ὑπὲρ
1683 1150 1743 1202 τὸ
1773 1149 1948 1203 πάντα

372 1249 514 1303 κατά
536 1248 734 1303 ταυτὸν
761 1256 788 1284 ³
812 1248 1084 1319 διαφόρως
1112 1248 1329 1319 ἐνεργεῖ
1357 1246 1457 1317 μιᾷ
1489 1248 1584 1300 καὶ
1621 1244 1767 1315 ἁπλῇ
1793 1247 1946 1311 ἐνερ-

373 1342 518 1411 γείᾳ.
1200 1388 1203 1391 .

453 1435 518 1486 Ἦ
548 1434 604 1487 δὲ
627 1433 773 1504 ψυχὴ
819 1432 1125 1487 συνδέδεται
1169 1432 1245 1502 τῷ
1284 1431 1500 1502 σώματι
1546 1428 1646 1499 ὅλη
1675 1429 1817 1500 ὅλῳ,
1852 1429 1947 1482 καὶ

369 1524 429 1577 οῦ
473 1524 641 1595 μέρος
674 1523 831 1593 μέρει
851 1538 866 1554 ·
902 1522 996 1575 καὶ
1021 1522 1082 1574 οὐ
1114 1521 1425 1592 περιέχεται
1459 1521 1551 1575 ὑπ’
1582 1520 1772 1585 αὑτοῦ,
1810 1520 1945 1573 ἀλλά

369 1616 620 1686 περιέχει
639 1613 791 1677 αὐτὸ,
812 1612 1003 1684 ὥσπερ
1025 1612 1137 1683 πῦρ
1158 1612 1397 1682 σίδηρον,
1413 1613 1507 1665 καὶ
1526 1613 1583 1663 ἐν
1614 1610 1763 1681 αὐτῷ
1785 1608 1940 1675 οὖσα,

366 1709 465 1772 τάς
494 1707 698 1770 οἰκείας
725 1707 1005 1778 ἐνεργείας
1038 1708 1269 1777 ἐνεργεῖ.

2061 511 2185 581 quia
2206 512 2477 581 spirituali
2503 513 2665 567 modo
2692 514 2847 568 adest
2879 521 2932 569 et
2952 516 3080 584 agit,
3108 522 3270 584 prout
3295 524 3501 571 natura:
3518 530 3631 568 suae

2055 610 2486 658 consentaneum
2518 613 2601 660 est
2638 621 2651 669 ;
2681 620 2778 661 nec
2807 606 2935 660 alibi
2979 614 3085 672 est,
3120 608 3214 663 sed
3250 607 3324 661 ibi
3367 606 3627 677 intelligi-

2054 694 2149 749 bili
2182 694 2347 750 modo
2386 697 2882 763 circumscribitur,
2928 699 3015 754 ubi
3045 708 3099 755 et
3125 708 3408 770 operatur.
3443 698 3631 769 Neque

2054 786 2198 840 enim
2222 787 2276 842 in
2292 788 2521 844 diversis
2539 789 2676 843 locis
2693 790 2881 844 eodem
2920 798 3165 861 tempore
3188 792 3401 861 operari
3427 800 3625 861 potest.

2054 874 2151 931 Dei
2186 891 2424 947 namque
2454 879 2626 934 solius
2669 886 2752 933 est
2778 879 2981 949 ubique
3028 878 3192 935 simul
3223 883 3459 951 operari.
3492 880 3627 934 Nam

2056 969 2281 1039 angelus
2307 970 2529 1040 quidem
2583 971 2655 1025 ob
2689 979 2899 1025 naturae
2933 972 3335 1041 pernicitatem,
3394 988 3457 1026 ac
3500 973 3628 1041 quia

2054 1068 2304 1131 prompte
2332 1076 2397 1116 ae
2441 1062 2699 1118 celeriter
2743 1063 3059 1133 pertransit,
3110 1064 3166 1118 in
3223 1064 3456 1119 diversis
3492 1064 3628 1118 locis

2053 1160 2311 1220 operatur
2341 1169 2355 1217 ;
2395 1161 2451 1207 at
2492 1152 2653 1219 Deus,
2698 1162 2755 1209 ut
2799 1155 2890 1224 qui
2924 1154 3124 1222 ubivis,
3160 1170 3221 1210 ac
3255 1170 3417 1225 supra
3446 1158 3628 1210 omnia

2053 1243 2143 1307 sit,
2176 1243 2365 1297 eodem
2393 1243 2653 1312 temporis
2686 1253 2983 1310 momento,
3018 1259 3127 1299 una
3154 1253 3208 1300 et
3239 1245 3473 1315 simplici
3495 1260 3627 1314 ope-

2051 1338 2266 1391 ratione
2290 1337 2442 1392 varie
2478 1336 2682 1406 ubique
2710 1337 2841 1406 agit.

2121 1428 2295 1485 Porro
2343 1430 2545 1493 anima,
2582 1436 2693 1483 tota
2724 1430 2824 1483 toti
2856 1431 3072 1500 corpori
3114 1430 3368 1485 devincta
3423 1437 3527 1497 est,
3574 1438 3629 1485 ct

2049 1537 2157 1575 non
2199 1537 2325 1592 pars
2361 1522 2501 1592 parti
2532 1540 2545 1575 :
2581 1537 2683 1577 nec
2708 1536 2773 1576 eo
2803 1522 3137 1585 continetur,
3161 1523 3254 1577 sed
3288 1523 3466 1593 ipsum
3494 1537 3627 1578 con-

2051 1613 2214 1676 tinet,
2250 1613 2394 1666 haud
2447 1627 2610 1668 secus
2642 1628 2705 1667 ac
2735 1613 2877 1681 ignis
2908 1613 3113 1667 ferrum
3150 1631 3164 1680 ;
3197 1614 3362 1684 inque
3411 1615 3505 1669 illo
3534 1630 3629 1670 ex-

2050 1703 2253 1759 sistens
2280 1718 2411 1758 suas
2448 1703 2567 1773 ipsa
2603 1702 2914 1761 functiones
2949 1704 3086 1760 obit.

438 1771 832 1871 “Ept‘fpiﬁtbv-
856 1771 955 1871 μέν
994 1771 1221 1864 ἐστιξτδ
1248 1797 1466 1868 τόπῳ,ἢ
1492 1797 1691 1868 χρόνῳ,
1722 1797 1754 1867 ἢ
1785 1813 1943 1849 κατα-

2129 1795 2286 1851 Solus
2323 1781 2466 1850 Deus
2503 1797 3011 1867 incircumscriptus.
3040 1828 3108 1838 -—
3132 1797 3624 1871 Circumscriptum

367 1894 530 1966 λήψει
588 1892 1161 1965 περιλαμϐανόμενον·
1203 1891 1618 1963 ἀπερίγραπτον
1650 1891 1728 1956 δὲ,
1755 1891 1815 1944 τὸ
1843 1908 1944 1962 μη-

368 1988 483 2042 δενὶ
520 1986 723 2040 τούτων
766 1985 1174 2056 περιεχόμενον.
1215 1984 1655 2056 Ἀπερίγραπτον
1698 1984 1797 2054 μὲν
1828 1981 1943 2049 οὖν,

373 2082 532 2151 μόνον
566 2079 682 2131 ἐστὶ
727 2078 788 2130 τὸ
826 2078 1015 2139 Θεῖον,
1043 2076 1278 2147 ἄναρχον
1316 2075 1398 2143 ὃν,
1436 2077 1529 2129 καὶ
1559 2076 1943 2147 ἀτελεύτητον,

367 2171 467 2224 καὶ
519 2169 695 2223 πάντα
745 2169 997 2239 περιέχον
1018 2207 1031 2232 ,
1061 2168 1155 2221 καὶ
1193 2169 1433 2239 μηδεμιᾷ
1465 2168 1768 2239 καταλήψει
1798 2185 1946 2239 περι-

367 2263 642 2333 εχόμενον.
676 2261 856 2316 Μόνον
883 2260 993 2331 γάρ
1033 2261 1179 2313 ἐστιν
1215 2260 1622 2329 ἀκατάληπτον,
1663 2261 1756 2313 καὶ
1794 2260 1947 2330 ἀόρι-

368 2371 515 2419 στον,
558 2354 649 2406 ὑπ’
680 2351 895 2415 οὐδενὸς
925 2352 1329 2421 γινωσκόμενον
1349 2393 1362 2417 ,
1384 2351 1514 2404 αὐτὸ
1541 2351 1595 2403 δὲ
1629 2351 1788 2420 μόνον
1819 2352 1947 2404 ἑαυο

365 2445 465 2499 τοῦ
499 2445 850 2517 θεωρητικόν.
900 2446 956 2498 Ὁ
988 2444 1045 2497 δέ
1083 2443 1333 2512 ἄγγελος,
1357 2442 1451 2496 καὶ
1483 2443 1659 2513 χρόνῳ
1685 2444 1948 2514 περιγρά-

368 2554 565 2608 φεται·
616 2536 821 2608 ἤρξατο
874 2536 981 2608 γὰρ
1023 2536 1117 2588 τοῦ
1168 2531 1339 2588 εἶναι·
1388 2536 1484 2588 καὶ
1521 2534 1672 2604 τόπῳ
1705 2549 1718 2563 ·
1749 2535 1797 2587 εί
1851 2535 1945 2589 καὶ

366 2628 597 2698 νοητῶς,
633 2628 709 2691 ὡς
757 2628 1122 2699 προείπομεν·
1160 2627 1253 2679 καὶ
1288 2626 1661 2696 καταλήψειγ.
1701 2626 1811 2679 Καὶ
1851 2628 1944 2679 ἀλ-

366 2721 544 2791 λήλων
576 2720 683 2791 γὰρ
718 2720 816 2791 τὴν
861 2719 1022 2787 φύσιν
1072 2718 1221 2771 ἴσασί
1269 2735 1404 2784 πως,
1432 2719 1525 2770 καὶ
1558 2717 1662 2770 ὑπὸ
1702 2718 1794 2771 τοῦ
1826 2719 1943 2771 κτίο

369 2823 536 2865 στουτ
565 2812 837 2883 ὁρίζονται
879 2809 1052 2865 τέλεον
1074 2826 1086 2839 ·
1118 2809 1189 2863 τά
1233 2809 1290 2862 δὲ
1331 2809 1596 2880 σώματα,
1629 2812 1725 2863 καὶ
1776 2813 1940 2882 ἀρχῇ,

367 2907 462 2959 καὶ
487 2905 661 2971 τέλει,
693 2905 788 2959 καὶ
814 2902 963 2975 τόπῳ
1003 2901 1321 2972 σωματικῷ,
1345 2903 1440 2954 καὶ
1475 2901 1799 2972 καταλήψει.

2053 1890 2157 1944 hoc
2197 1900 2301 1953 est,
2331 1890 2477 1960 quod
2504 1890 2626 1944 loco
2658 1892 2741 1945 vel
2794 1901 3036 1961 tempore
3086 1894 3169 1947 vel
3224 1895 3392 1948 animi
3441 1910 3627 1965 perce-

2050 1985 2237 2053 ptione
2272 1982 2763 2053 comprehenditur
2807 2000 2819 2036 :
2858 1983 3397 2055 incircumscriptum
3445 1996 3624 2041 autem

2050 2077 2196 2147 quod
2239 2077 2395 2131 nullo
2430 2077 2622 2130 horum
2665 2077 3001 2132 continetur.
3055 2077 3423 2142 Quamobrem
3477 2080 3626 2134 solus

2053 2170 2195 2224 Deus
2230 2168 2746 2236 incircumscriptus
2782 2176 2887 2233 est,
2938 2168 3029 2237 qui
3092 2169 3364 2239 principio
3434 2177 3486 2224 et
3524 2169 3629 2223 line

2050 2266 2255 2321 careat,
2293 2267 2454 2328 atque
2483 2259 2667 2312 omnia
2699 2259 3119 2329 complectatur,
3165 2260 3480 2317 nullatenus
3512 2260 3626 2329 ipse

2049 2351 2483 2420 comprehensus
2509 2350 2575 2404 ’°.
2615 2350 2777 2405 Solus
2802 2350 2948 2405 enim
2975 2349 3465 2421 incomprehensus
3510 2353 3626 2421 ipse

2049 2455 2156 2510 est,
2193 2447 2364 2502 nullis
2382 2432 2652 2502 deﬁnitus
2676 2446 2953 2513 terminis,
2977 2455 3028 2503 et
3054 2461 3083 2500 a
3102 2447 3321 2503 nemine
3351 2447 3623 2517 cognitus,

2047 2540 2143 2609 qui
2184 2540 2336 2593 solus
2370 2554 2432 2593 ea
2466 2539 2516 2592 vi
2547 2539 2746 2608 polleat
2770 2555 2876 2609 qua
2910 2554 2969 2595 se
3002 2540 3159 2610 plene
3200 2540 3621 2611 contempletur.

2049 2631 2127 2685 Ac
2172 2630 2397 2702 angelus
2444 2639 2498 2686 et
2557 2639 2801 2702 tempore
2848 2633 3325 2688 circumscribitur
3378 2631 3626 2703 (incepit

2048 2726 2194 2779 enim
2219 2739 2343 2779 esse
2372 2724 2390 2795 )
2430 2732 2484 2780 et
2516 2726 2634 2780 loco
2667 2727 2684 2795 (
2717 2727 2934 2781 tametsi
2985 2728 3286 2798 Spirituali,
3322 2736 3383 2782 ut
3418 2726 3619 2798 praedi-

2052 2816 2253 2880 ximus,
2281 2816 2533 2885 ratione)
2577 2827 2631 2873 et
2662 2819 3174 2888 comprehensione.
3225 2818 3361 2873 Nam
3429 2827 3485 2875 et
3532 2817 3626 2874 alii

2050 2907 2287 2962 aliorum
2312 2918 2565 2964 naturam
2595 2909 2828 2979 quodam
2853 2910 3015 2965 modo
3037 2911 3374 2980 exploratam
3401 2911 3623 2978 habent,

369 3016 708 3071 prorsusque
735 3000 805 3055 ab
827 3000 1020 3070 opiﬁce
1040 2997 1401 3053 deﬁniuntur.
1419 2996 1665 3067 Corpora
1696 2997 1936 3067 denique
1969 3007 2024 3055 et
2048 3002 2325 3076 principio
2356 3006 2918 3073 circumseribuntur,
2947 3016 3000 3063 et
3032 3007 3158 3074 line,
3204 3009 3437 3079 locoque
3501 3024 3625 3064 cor-

370 3112 561 3167 poreo,
617 3104 671 3152 et
710 3094 1221 3165 comprehensione.

441 3191 607 3262 Μαι-ε.
664 3206 769 3246 ms.
821 3189 1230 3258 Συλλογιμαῒα
1292 3189 1425 3258 περὶ
1477 3190 1582 3244 τοῦ
1634 3189 1815 3255 Θεοῦ,
1846 3191 1943 3243 καὶ

2126 3190 2463 3247 Collectanea
2484 3192 2547 3247 de
2574 3191 2680 3247 Deo
2702 3191 2866 3247 Patre
2882 3204 2928 3247 et
2958 3191 3100 3248 Filio
3123 3201 3173 3248 et
3193 3192 3400 3263 Spiritu
3416 3208 3623 3262 sancto;

369 3282 618 3348 Πατρός,
646 3279 747 3334 καὶ
785 3280 892 3335 τοῦ
944 3278 1079 3333 Υἱοῦ
1110 3279 1207 3333 καί
1236 3280 1342 3334 τοῦ
1372 3281 1541 3349 ἁγίου
1573 3282 1939 3350 Πνεύματος.

366 3376 480 3430 Καὶ
506 3376 613 3430 τοῦ
644 3377 838 3445 Λόγου
883 3373 982 3427 καὶ
1014 3373 1381 3442 Πνεύματος.
1419 3402 1490 3412 --
1526 3375 1828 3444 ’Δτρεπτον
1852 3367 1945 3427 οῦν

369 3470 649 3534 παντελῶς
685 3470 748 3523 τὸ
785 3469 959 3533 Θείον,
993 3469 1089 3523 καὶ
1119 3466 1497 3521 ἀναλλοίωτον.
1531 3468 1716 3520 Πάντα
1737 3466 1845 3538 γάρ
1876 3468 1942 3537 τῇ

367 3562 713 3635 προγνώσει,
746 3562 815 3616 τὰ
865 3562 965 3615 οὐκ
1010 3561 1096 3629 ἐφ’
1146 3562 1279 3630 ἡμῖν
1332 3558 1661 3630 προώρισεν,
1713 3559 1945 3613 ἕκαστον

365 3657 512 3710 κατά
536 3656 627 3709 τὸν
664 3655 793 3709 ἴδιον
826 3655 920 3707 καὶ
956 3652 1237 3724 πρέποντα
1271 3651 1463 3723 καιρὸν
1494 3652 1583 3705 καὶ
1622 3650 1809 3705 τόπον.
1834 3651 1946 3704 Καὶ

362 3748 509 3801 κατά
549 3747 707 3799 τοῦτο
744 3747 796 3799 ’0
826 3743 1028 3811 Πατὴρ
1061 3742 1282 3797 οὐδένα
1314 3742 1521 3811 κρίνει,
1553 3740 1668 3809 τὴν
1699 3740 1768 3794 δὲ
1806 3740 1945 3808 κρί-

362 3855 470 3893 σιν
492 3838 697 3893 πᾶσαν
717 3836 937 3891 δέδωκε
996 3832 1075 3899 τῷ
1111 3831 1240 3897 Υἱῷ.
1270 3832 1491 3903 Ἐκρινε
1518 3831 1657 3900 γὰρ,
1689 3831 1716 3882 ὁ
1752 3829 1943 3900 Πατὴρ

360 3931 736 4002 δηλονότι,καὶ
756 3932 783 3984 ό
800 3930 947 3995 Υίδς,
971 3930 1045 3992 ὼς
1066 3927 1220 3990 Θεὸς,
1239 3927 1333 3980 καὶ
1353 3925 1413 3979 τὸ
1431 3924 1658 3995 Πνεῦμα
1672 3923 1732 3977 τὸ
1753 3923 1905 3992 ἆγιον
1927 3939 1941 3955 ·

360 4022 527 4084 αὐτὸς
562 4022 619 4075 δὲ
666 4024 694 4074 ό
730 4022 881 4085 Υἱὸς,
927 4020 1003 4083 ὡς
1053 4018 1341 4090 ἄνθρωπος
1395 4015 1725 4082 σωματικῶς
1777 4032 1942 4069 καταο

358 4114 590 4184 ϐήσεται
614 4155 626 4177 ,
656 4114 751 4167 καὶ
789 4113 1059 4167 καθιεῖται
1105 4111 1200 4163 ἐπὶ
1239 4110 1428 4181 θρόνου
1464 4110 1621 4180 δόξης
1647 4125 1659 4137 ·
1690 4107 1941 4179 σώματος

358 4207 471 4278 γὰρ
500 4206 876 4277 περιγραπτοῦ
916 4208 948 4277 ἡ
981 4204 1305 4270 κατάϐασις,
1345 4204 1440 4257 καὶ
1474 4205 1506 4275 ἠ
1542 4202 1779 4275 καθέδρα
1800 4218 1811 4232 ·
1846 4204 1940 4255 καὶ

357 4299 536 4368 κρινεῖ
569 4298 750 4351 πᾶσαν
784 4297 884 4363 τὴν
926 4296 1355 4366 οἱκουμένηντέν
1382 4295 1716 4366 δικαιοσύνη.

429 4472 614 4528 Πάντα
646 4473 839 4543 ἀπέχει
889 4470 1045 4539 Θεοῦ,
1080 4474 1141 4526 οὐ
1198 4475 1381 4542 τόπῳ,
1418 4473 1554 4527 ἀλλά
1594 4474 1771 4543 φύσει.
1809 4475 1931 4528 Ἐπὶ

364 4571 521 4639 ἡμῶν
553 4566 833 4636 φρόνησις,
874 4565 969 4619 καὶ
1001 4565 1182 4634 σοφία,
1214 4566 1309 4619 καὶ
1345 4565 1527 4635 βουλὴ,
1552 4566 1627 4629 ὡς
1657 4565 1770 4630 ἕξις
1792 4584 1931 4637 συμ-

2048 3282 2210 3354 deque
2244 3283 2410 3338 Verbo
2445 3293 2493 3339 et
2526 3282 2750 3352 Spiritu.
2784 3282 2941 3339 Solus
2968 3284 3016 3337 F
3018 3286 3144 3341 ilius
3168 3295 3224 3339 ut
3235 3286 3623 3355 iudicaturus;

2047 3385 2242 3430 (eterna
2290 3393 2409 3430 cum
2462 3375 2625 3430 Patre
2667 3376 2838 3445 judex
2871 3377 3352 3446 prwdestinatione.
3384 3411 3454 3421 —-
3478 3380 3624 3439 Deus

2047 3467 2213 3535 igitur
2240 3466 2463 3521 omnino
2494 3466 2851 3522 immutabilis
2881 3474 2935 3522 et
2973 3467 3317 3525 invariabilis
3348 3479 3453 3526 est.
3488 3471 3619 3529 Om-

2047 3559 2135 3612 nia
2158 3558 2324 3624 enim,
2350 3573 2473 3627 quae
2492 3558 2546 3611 in
2586 3558 2815 3611 arbitrio
2835 3572 2902 3612 ac
2931 3566 3203 3627 potestate
3228 3570 3416 3615 nostra
3442 3565 3619 3632 posita

2046 3663 2154 3702 non
2190 3654 2339 3711 sunt,
2372 3646 2717 3717 praesciendo
2744 3647 3036 3717 praefinivit
3066 3667 3083 3717 ;
3117 3650 3332 3722 singula
3369 3653 3621 3711 videlicet

2047 3752 2145 3792 suo
2176 3749 2229 3793 et
2249 3738 2596 3793 convenienti
2627 3748 2871 3807 tempore
2893 3748 2945 3793 et
2973 3739 3092 3794 loco
3118 3738 3323 3798 futura.
3353 3741 3618 3809 Quocirca

2050 3828 2208 3883 Pater
2226 3847 2327 3883 non
2348 3829 2615 3898 judicabit
2655 3847 2969 3900 quamquam
2997 3849 3011 3899 ;
3036 3832 3125 3886 sed
3164 3850 3315 3889 omne
3353 3835 3617 3903 judicium

2043 3924 2185 3978 dedit
2226 3922 2371 3978 Filio
2402 3922 2468 3976 ³⁷.
2501 3922 2777 3979 Judicavit
2813 3925 3084 3995 siquidem
3116 3925 3282 3987 Pater
3327 3938 3382 3986 et
3421 3928 3615 3995 Filius.

2044 4025 2106 4072 ut
2136 4015 2279 4071 Deus
2307 4055 2322 4081 ,
2370 4030 2588 4071 necnon
2614 4015 2852 4087 Spiritus
2882 4026 3110 4074 sanctus
3142 4036 3157 4087 ;
3194 4029 3250 4074 at
3282 4019 3456 4078 Filius
3501 4025 3619 4094 ipse

2042 4108 2405 4179 corporaliter
2430 4116 2487 4162 ut
2519 4108 2682 4163 homo
2710 4108 3025 4175 descendet,
3059 4110 3226 4181 inque
3270 4114 3407 4169 sede
3446 4116 3617 4185 majeo

2043 4201 2200 4256 statis
2228 4198 2438 4255 sedebit
2461 4198 2800 4268 (descensus
2820 4197 2965 4254 enim
2995 4208 3153 4270 atque
3179 4201 3349 4258 sessio
3371 4206 3617 4274 corporis

2041 4291 2452 4361 circumscripti
2484 4299 2614 4347 sunt
2634 4290 2723 4362 )et
2752 4292 3072 4348 universum
3100 4293 3285 4349 orbem
3314 4293 3369 4349 in
3394 4294 3613 4366 iustitia

2036 4382 2329 4452 judicabit.

2113 4472 2310 4528 Omnia
2334 4487 2363 4526 a
2392 4473 2503 4528 Deo
2528 4472 2737 4528 distant
2763 4490 2778 4539 ;
2811 4489 2923 4529 non
2990 4475 3132 4543 loco,
3171 4477 3267 4533 sed
3310 4484 3529 4533 natura.
3558 4479 3615 4532 ln

2045 4567 2204 4621 nobis
2240 4565 2550 4636 prudentia,
2577 4566 2870 4635 sapientia,
2904 4569 3225 4636 consilium,
3259 4578 3322 4624 ut
3372 4570 3612 4637 habitus,

354 4662 567 4719 ϐαίνει,
594 4658 690 4710 καὶ⁵
714 4657 1026 4727 ἀποχωρεῖ·
1063 4658 1122 4709 οὐ
1158 4658 1265 4728 μὴν
1308 4658 1399 4711 ἐπὶ
1437 4655 1575 4709 Θεοῦ
1599 4673 1613 4687 ·
1645 4658 1738 4710 ἐπὶ
1769 4658 1934 4711 αὐτοῦ

2052 4656 2314 4711 accedunt
2339 4664 2393 4709 et
2423 4655 2690 4710 recedunt
2719 4674 2732 4710 :
2762 4672 2872 4712 non
2897 4658 3026 4712 item
3054 4658 3107 4713 in
3137 4658 3248 4714 Deo
3280 4677 3293 4713 :
3319 4674 3443 4713 nam
3466 4659 3520 4715 in
3550 4676 3616 4716 eo

361 4752 475 4819 γὰρ
498 4747 648 4801 οὐδὲν
670 4748 879 4816 γίνεται
921 4749 1014 4801 καὶ
1056 4746 1409 4816 ἀπογίνεται·
1440 4746 1795 4811 ἀναλλοίωτος
1826 4750 1934 4817 γάρ

362 4842 504 4902 ἐστι,
525 4841 617 4892 καὶ
641 4840 915 4911 ἄτρεπτος
932 4854 947 4870 ·
970 4840 1065 4893 καὶ
1107 4840 1167 4892 οὐ
1201 4838 1307 4910 χρὴ
1344 4839 1688 4909 συμϐεϐηκὸς
1711 4839 1803 4893 ἐπὶ
1831 4840 1930 4893 αὺ-

364 4927 675 4999 τοῦλέγειν.
718 4929 793 4983 Τὸ
834 4932 978 5001 γὰρ·
1014 4930 1219 4999 ἀγαθὸν
1256 4928 1555 5000 σύνδρομον
1584 4929 1698 4999 ἔχει
1737 4930 1801 5001 τῇ
1837 4929 1928 4981 οῦ-

420 5107 467 5140 “
506 5105 670 5179 Greg.
701 5105 836 5164 Naz.
871 5117 1013 5162 orat.
1045 5108 1136 5163 44.
1214 5109 1258 5140 ²⁷
1289 5106 1449 5164 Joan.
1488 5123 1542 5174 ν,
1575 5107 1667 5163 22.

2043 4747 2182 4802 nihil
2220 4747 2423 4801 accidit
2476 4755 2572 4802 aut
2605 4748 2813 4804 excidit
2847 4766 2861 4803 :
2904 4751 3105 4820 quippe
3134 4766 3256 4806 eum
3289 4754 3615 4814 mutationis

2039 4845 2092 4892 et
2130 4836 2467 4891 alterationis
2519 4852 2715 4907 expers
2753 4838 2844 4903 sit,
2913 4847 3073 4911 atque
3134 4844 3189 4895 in
3237 4858 3304 4898 eo
3360 4844 3615 4899 acetdens

2048 4927 2267 4999 aliquod
2337 4926 2623 4984 admittere
2676 4930 2827 4984 nefas
2884 4930 2976 4985 sit.
3031 4931 3239 4989 Bonum
3299 4935 3469 5000 enim,
3522 4934 3613 4989 Dci

1645 5260 1877 5316 VARIAE
1917 5260 2299 5318 LECTIONES

418 5426 449 5455 ³
482 5417 633 5495 ξιξςῇ
659 5420 1074 5495 (ιυὶηᾳιιομκατά
1098 5421 1284 5495 ταᾲῦτὸ.
1363 5427 1391 5466 7
1415 5418 1514 5473 llic
1542 5418 1755 5495 variant
1790 5416 2035 5495 codices.
2053 5416 2129 5495 _R.
2160 5418 2298 5495 3579
2321 5421 2369 5495 εί
2394 5419 2485 5472 καὶ
2508 5422 2669 5495 νοητῇ
2700 5421 2775 5484 ὠς
2803 5422 3138 5495 προείπομεν
3163 5424 3602 5495 καὶκαταλήψει.

344 5488 413 5563 Β.
483 5474 624 5563 ἓυξίξ
672 5474 840 5563 νοητῆ
882 5474 1084 5563 *ὥσπερ
1131 5492 1357 5559 εἴπομεν
1420 5488 1743 5559 καταλήψει.
1795 5490 1865 5563 li.
1912 5488 2291 5563 @45va319;
2324 5490 2532 5563 thensa
2583 5474 2810 5563 εἴπομεν
2847 5474 2859 5493 ⁸

342 5562 541 5631 harum
610 5556 775 5617 lectio
829 5556 1009 5616 'textui
1055 5556 1270 5631 nostro:
1322 5556 1720 5629 anteponenda.
1781 5558 1973 5631 lin“.
2039 5556 2186 5631 299.5
2233 5559 2430 5627 legitur
2494 5556 2986 5631 dianep'et'nopev.

3107 5574 3129 5601 ι
3184 5564 3344 5619 Edita
3400 5566 3582 5630 ποσῶς
3595 5609 3610 5631 ,

342 5642 370 5707 ξ
403 5628 560 5707 [ﬁdite
593 5643 646 5686 et
682 5639 792 5687 tres
841 5631 988 5707 [ἱείς.
1041 5632 1110 5707 τό
1128 5631 1205 5707 δέ..
1242 5629 1398 5707 Regii
1432 5626 1924 5707 item‘octoﬁolb.
1956 5636 2010 5682 et
2037 5626 2236 5707 Noster
2256 5626 2317 5682 τὸ
2353 5630 2576 5707 ἀγαθόν.
2616 5626 2779 5707 Vetus
2809 5626 3082 5707 interpres
3113 5634 3302 5690 bonum
3325 5635 3483 5691 Deus.
3517 5626 3608 5692 Sic

341 5698 489 5755 infra
523 5701 575 5755 in
610 5718 804 5759 novem
840 5698 1043 5769 Regiis,
1072 5700 1226 5758 Colb.
1258 5710 1311 5758 et
1334 5698 1395 5756 VS.
1432 5699 1537 5757 llil.
1572 5702 1628 5754 ἐν
1660 5699 1987 5773 πᾶσίνλὲστι,
2026 5699 2227 5755 omissa
2265 5701 2535 5771 particula
2566 5702 2694 5773 γάρ.
