3962 6300
92 5190 197 5235 μιγείη

128 5278 183 5385 ς,

18 5440 193 5495 σ⁷⁴η“

182 5486 219 5497 ιο

74 5508 147 5543 ,31”
202 5532 219 5543 ιη

1792 133 1839 145 οὐ

214 281 318 342 857

1321 276 1423 336 DE
1458 274 1639 335 FIDE
1670 272 2143 333 OBTHODOXA
2179 274 2326 335 LIB.
2359 274 2410 333 Ῑ.

3369 270 3476 335 858

206 400 305 451 τοῦ
356 392 571 465 Πατρδς
602 390 940 453 ἀδιαστὰτως
986 387 1365 461 ὲκπορευμένη
1388 429 1403 453 ,
1437 388 1533 445 καὶ
1587 390 1645 442 ὲν
1684 386 1797 456 Υἰῷ

1911 384 2287 450 sanctiﬁcans,
2333 382 2689 447 subsistens;
2719 378 2812 449 qui
2846 394 2911 434 ex
2949 377 3113 432 Patre
3156 376 3363 446 absque
3391 392 3482 432 se-

206 483 629 554 ἁναπαυομένη,
665 480 950 553 ὁμοούσιος
983 480 1158 551 Πατρὶ
1184 479 1283 533 καὶ
1312 477 1448 550 Υἱῷ.

286 662 457 730 Λόγος
481 658 630 713 ἐστὶν
653 660 681 711 6
714 656 989 720 οὐσιωδῶς
1019 655 1098 728 τῷ
1132 656 1311 727 Πατρὶ
1338 655 1425 709 ἀεὶ
1464 654 1795 725 συμπαρών.

210 754 388 821 Λόγος
446 752 611 804 πάλιν
665 751 784 803 ἐστὶ
835 750 932 802 καὶ
980 750 1014 817 ὴ
1057 747 1260 818 φυσικὴ
1295 745 1391 800 τοῦ
1427 746 1520 799 νοῦ
1559 747 1795 815 κίνησις,

212 845 336 897 καθ’
358 843 424 914 ἢν
452 844 703 906 κινεῖται,
734 841 828 893 καὶ
855 842 986 907 νοεῖ,
1032 838 1127 892 καὶ
1163 838 1461 907 λογίζεται,
1488 836 1656 891 οἱονεὶ
1682 835 1798 905 φῶς

212 933 382 987 αὐτοῦ
420 932 498 988 ὢν
540 933 637 986 καὶ
666 931 1033 1001 ἀπαύγασμα.
1072 928 1246 997 Λόγος
1276 927 1443 981 πάλιν
1477 927 1628 980 ἐστὶν
1656 928 1684 979 6
1712 928 1796 978 év-

210 1029 461 1090 διάθετος
494 1028 553 1080 ὲν
585 1027 650 1094 τῇ
693 1022 891 1095 καρδίᾳ
930 1020 1278 1091 λαλούμενος.
1306 1020 1418 1073 Καὶ
1445 1019 1607 1074 πάλιν
1641 1019 1801 1088 λόγος

215 1115 651 1192 [προφορικόςδ]
683 1116 834 1169 ἐστιν
868 1113 1099 1182 ἄγγελος
1144 1112 1440 1183 νοήματος.
1477 1111 1537 1166 '0
1569 1111 1666 1182 μὲν
1705 1107 1798 1167 οὖν

213 1210 350 1275 Θεὸς
375 1209 487 1280 (42)
523 1209 695 1277 Λόγος
723 1206 987 1275 οὒσιώδης
1025 1205 1084 1258 τέ
1116 1206 1233 1258 ἐστι
1268 1205 1363 1257 καὶ
1387 1203 1751 1269 ἐνυπόστατος
1779 1219 1795 1235 ·

214 1304 268 1355 oi.
311 1301 368 1354 δὲ
399 1296 583 1353 λοιποϊ
622 1302 773 1369 τρεῖς
818 1297 989 1365 λόγοι,
1022 1294 1281 1365 δυνάμεις
1317 1295 1424 1347 εἰσὶ
1452 1295 1553 1365 τῆς
1598 1293 1796 1367 ψυχῆς,

212 1396 317 1448 οὐκ
344 1394 401 1446 ὲν
424 1392 528 1463 ἰδίᾳ
548 1389 845 1444 ὐποπάσει
874 1385 1271 1458 (ὶεωρούμενοι⁸
1298 1378 1374 1438 ὧν
1400 1388 1429 1439 6
1459 1386 1558 1456 μὲν
1585 1386 1799 1458 πρῶτος

214 1484 313 1539 τοῦ
340 1482 435 1536 νοῦ
463 1482 693 1551 φυσικόν
719 1483 835 1534 ἑστι
861 1478 1127 1550 γέννημα,
1147 1474 1206 1540 ἐξ
1241 1476 1406 1530 αὐτοῦ
1436 1478 1523 1530 ἀεὶ
1556 1478 1799 1547 φυσικῶς

216 1574 602 1646 πηγαζόμενον
631 1589 646 1604 ·
688 1573 717 1624 ὁ
749 1571 1001 1642 δεύτερος
1037 1569 1095 1622 δὲ
1126 1567 1351 1636 λέγεται
1394 1568 1701 1635 ἐνδιάθετος
1725 1584 1741 1600 ⁸
1772 1573 1801 1625 ὁ

214 1667 275 1721 δὲ
297 1653 882 1738 τρίτοςίπροφορικός.

291 1928 368 1982 Τὸ
405 1925 622 1995 πνεῦμα
652 1927 857 1981 νοεῖται
892 1927 1194 2000 πολλαχῶς.
1219 1930 1293 1982 Τὸ
1324 1930 1479 2000 ἅγιον
1504 1932 1730 2005 Πνεῦμα
1746 1944 1794 1989 ε.

1899 476 2187 548 iunctione
2206 475 2531 545 procedens,
2564 490 2628 529 ac
2660 476 2714 527 in
2736 471 2877 526 Filio
2897 470 3212 540 quiescens,
3231 468 3482 540 ejusdem

1901 578 1958 624 et
1995 569 2115 639 ipse
2140 583 2266 623 cum
2302 566 2466 622 Patre
2494 574 2550 622 et
2576 565 2715 621 Filio
2739 562 3072 620 substantia:
3101 564 3196 620 sit.

1985 659 2137 714 Verbi
2160 676 2221 713 ac
2251 660 2509 713 sermonis
2540 658 2866 728 acceptioues
2902 658 3083 712 variae.
3113 688 3181 699 -—
3230 654 3471 711 Verbum

1904 758 2014 814 est,
2058 752 2205 822 quod
2243 765 2370 805 cum
2410 749 2573 805 Patre
2612 749 3053 805 subStantialiter
3098 764 3315 818 semper
3369 754 3475 804 est.

1902 842 2122 899 Rursus
2154 842 2383 897 verbum
2412 850 2499 896 est
2533 840 2804 895 naturalis
2841 839 3041 894 mentis
3074 840 3330 909 agitatio,
3370 853 3480 908 qua

1903 944 2178 997 movetur,
2211 942 2263 989 et
2289 932 2569 1003 intelligit,
2604 940 2658 988 et
2699 931 2943 1001 cogitat;
2976 931 3147 985 veluti
3182 931 3273 984 lux
3305 931 3481 1000 ipsius

1899 1033 1955 1081 et
1984 1024 2243 1095 splendor
2273 1025 2573 1082 exsistens.
2626 1025 2724 1079 Est
2770 1029 3038 1093 praeterea
3084 1023 3312 1078 verbum
3348 1022 3480 1076 iuti-

1903 1132 2080 1182 mum,
2106 1115 2255 1187 quod
2287 1116 2346 1171 in
2380 1115 2547 1173 corde
2572 1123 2787 1171 tantum
2818 1114 3156 1184 eloquimur.
3193 1113 3291 1168 Est
3322 1113 3481 1168 deni-

1901 1223 2009 1278 que
2037 1208 2262 1262 verbum
2298 1207 2677 1277 intelligentiae
2700 1206 2953 1273 nuntius,
2977 1204 3129 1275 quod
3151 1205 3361 1259 scilicet
3388 1220 3483 1259 ore

1900 1297 2201 1366 profertur.
2249 1295 2392 1352 Deus
2426 1296 2611 1367 itaque
2641 1293 2883 1351 Verbum
2933 1294 3345 1350 substantivum
3398 1302 3483 1348 est

1900 1396 1954 1442 et
1983 1386 2330 1442 subsistens:
2370 1387 2473 1440 tria
2514 1402 2644 1442 vero
2674 1386 2885 1455 reliqua
2918 1384 3087 1439 animi
3133 1392 3262 1439 sunt
3304 1384 3482 1437 facul-

1900 1484 2066 1542 tates,
2117 1493 2219 1533 nec
2251 1479 2682 1534 considerantur
2738 1479 2792 1533 in
2847 1478 3072 1548 propria
3099 1476 3479 1532 subsistentia.

1900 1568 2148 1636 Quorum
2210 1572 2492 1642 primum,
2551 1572 2827 1627 naturalis
2880 1577 2966 1625 est
3029 1569 3232 1626 mentis
3293 1569 3481 1636 fetus,

1899 1662 2232 1720 naturaliter
2281 1679 2348 1720 ex
2401 1664 2520 1733 ipsa
2566 1678 2786 1733 semper
2821 1670 2880 1716 ut
2918 1678 2986 1719 ex
3027 1662 3181 1718 fonte
3209 1678 3481 1719 manans:

1832 1741 1874 1796 Β
1903 1754 2247 1822 secundum,
2306 1757 2588 1812 internum
2637 1757 2841 1812 dicitur
2872 1774 2887 1811 :
2926 1756 3149 1810 tertium
3172 1793 3188 1819 ,
3252 1756 3484 1826 prolati-

1904 1846 2066 1904 tium.

1981 1936 2143 2006 152
2174 1935 2309 1990 Item
2340 1936 2568 1990 nominis
2586 1935 2819 2006 Spiritus
2848 1934 3174 2003 acceptiones
3208 1934 3388 1988 variae.
3413 1964 3484 1973 —

218 2022 489 2091 Λέγονται
524 2020 581 2073 δὲ
633 2020 730 2073 καὶ
779 2021 835 2072 αἱ
881 2018 1139 2091 δυνάμεις
1193 2020 1289 2074 τοῦ
1340 2022 1656 2091 Πνεύματος
1704 2023 1797 2077 τοῦ

1911 2027 2100 2084 Eodem
2155 2028 2324 2084 modo
2371 2029 2601 2098 spiritus
2653 2029 2824 2083 variis
2850 2028 3031 2082 modis
3071 2026 3480 2083 consideratur.
3550 2082 3555 2088 ,

225 2102 380 2179 ἁγίου
414 2112 725 2181 πνεύματα.
774 2111 999 2181 Πνεῦμα
1035 2112 1130 2164 καὶ
1173 2112 1202 2164 ὁ
1242 2112 1472 2180 ἄγγελος
1498 2116 1527 2166 6
1562 2114 1799 2182 ἀγαθός’

1896 2117 2031 2173 Nam
2065 2122 2170 2175 hoc
2206 2122 2433 2176 nomine
2491 2121 2813 2191 appellatur
2856 2130 2911 2176 et
2945 2119 3189 2188 Spiritus
3215 2125 3481 2174 sanctus:

217 2201 447 2274 πνεῦμα
476 2204 572 2256 καὶ
598 2204 626 2256 6
650 2202 860 2272 δαίμων
894 2218 907 2232 ·
939 2200 1161 2274 πνεῦμα
1189 2204 1285 2258 καὶ
1329 2206 1361 2275 ή
1390 2204 1570 2277 ψυχή·
1603 2205 1719 2260 ἐστι
1746 2206 1797 2259 δὲ

1911 2212 1997 2266 sed
2035 2219 2088 2268 et
2118 2211 2362 2283 Spiritus
2396 2214 2576 2270 sancti
2607 2212 2876 2279 virtutes,
2914 2212 3177 2268 dicuntur
3233 2212 3485 2282 spiritus.

1502 2386 1739 2444 VARUS
1776 2383 2179 2446 LECTIONES.

288 2536 321 2579 ιι
369 2536 485 2593 Vox
521 2540 626 2597 ista
661 2538 721 2612 in
749 2540 912 2612 editis
937 2548 991 2597 et
1019 2557 1150 2599 mss.
1195 2543 1369 2612 abest,
1402 2546 1587 2603 addita
1621 2564 1748 2606 vero
1781 2549 1887 2605 fuit
1918 2552 2156 2607 secunda
2189 2569 2353 2607 manu
2382 2552 2434 2606 in
2460 2551 2582 2607 cod.
2617 2550 2675 2605 S.
2720 2550 2821 2604 llil.
2903 2561 2924 2589 ε
2964 2549 3018 2602 In
3043 2547 3166 2601 cod.
3197 2547 3253 2600 S.
3288 2547 3395 2601 llil.
3421 2564 3484 2602 ex

220 2612 626 2693 emendatione,
659 2610 885 2693 ξινςῢιξα
912 2612 1128 2679 λέγεται
1174 2610 1435 2693 ’ξέζόιγιονἱ
1468 2616 1532 2693 Et
1562 2619 1635 2693 in
1677 2621 2155 2693 line‘capitispost
2182 2624 2277 2676 καὶ
2304 2626 2331 2675 ὁ
2360 2624 2489 2693 ἀήρ,
2522 2623 2663 2677 idem
2695 2620 3014 2693 emendator
3038 2618 3245 2693 addidit
3264 2620 3488 2693 ctusﬁtta

218 2681 319 2735 καὶ
361 2684 553 2765 ἀρετὴ,
591 2680 686 2736 καὶ
736 2682 1046 2753 ἀκάθαρτος
1099 2680 1323 2755 πρᾶξις,
1352 2686 1448 2741 καὶ
1500 2690 1535 2759 ἡ
1562 2680 2127 2763 διδασκαλίέπνεῖῖμα
2150 2695 2242 2747 καὶ
2269 2694 2298 2745 6
2328 2680 2518 2765 θυρὂ.
2552 2693 2684 2758 Quae
2708 2692 2927 2760 quidem
2957 2704 3058 2744 nec
3092 2689 3235 2743 edita
3263 2680 3487 2756 habent,

222 2766 325 2808 uec
356 2754 464 2810 alia
496 2767 631 2809 mss.

1749 2853 1975 2913 NOTAE.

298 2962 415 3035 (όὲ)
465 2962 519 3015 Ὀ
547 2962 666 3032 μὲν
689 2956 803 3018 οὖν
833 2964 996 3029 Θεός.
1036 2963 1173 3018 Deus
1206 2964 1385 3035 itaque
1415 2967 1802 3021 substantivum

1912 2972 2162 3036 nistrum,
2194 2972 2284 3040 qui
2309 2979 2586 3034 assumpta
2628 2966 2809 3023 Patris
2831 2986 3058 3035 persona
3093 2969 3147 3022 in
3180 2964 3491 3040 paradisum

222 3043 322 3091 est.
373 3033 627 3109 Explodit
676 3048 919 3088 errorem
970 3034 1225 3109 Sabellii,
1255 3033 1470 3109 necnon
1505 3036 1661 3109 Pauli
1711 3036 1809 3091 Sa—
1836 3052 1877 3109 ο
1912 3042 2105 3094 venerit
2132 3033 2158 3099 ,⁷
2184 3033 2233 3095 et
2286 3058 2405 3094 cum
2445 3033 2651 3109 Adamo
2706 3033 3005 3094 collocutus
3046 3041 3139 3092 sit.
3328 3038 3489 3109 initio

224 3104 520 3166 tuosateni,
553 3118 787 3171 quorum
822 3118 927 3157 una
970 3106 1084 3159 haec
1123 3106 1357 3159 assertio
1398 3107 1521 3167 fuit,
1555 3107 1624 3161 ab
1651 3115 1808 3161 a'ter-

224 3175 403 3229 nitate
436 3174 672 3228 Verbum
698 3173 753 3226 in
782 3173 889 3226 Deo
923 3174 1096 3229 fuisse
1126 3174 1448 3239 ὲνδιάθετον,
1479 3177 1805 3240 intestinum,

226 3246 282 3299 in
314 3260 377 3298 se
402 3244 629 3298 minime
659 3243 974 3299 subsistens
1001 3264 1015 3309 ;
1052 3247 1155 3299 hoc
1194 3246 1425 3313 posthac
1453 3245 1657 3299 factum
1688 3262 1810 3301 esse

227 3313 582 3385 προφορικόν,
600 3314 890 3381 prolatum,
912 3329 1042 3383 quo,
1064 3315 1214 3385 velut
1231 3316 1808 3385 operationequadam

228 3383 576 3449 transeunte,
596 3385 736 3454 Deus
760 3392 957 3438 cuncta
975 3383 1304 3451 condiderit,
1321 3394 1375 3441 et
1398 3400 1507 3454 quo
1530 3383 1809 3440 Christum

229 3454 562 3525 instruxerit
619 3452 711 3525 ad
748 3454 975 3509 humani
1046 3456 1262 3525 generis
1332 3452 1809 3510 instaurationem.

233 3524 455 3585 Saeculo
506 3523 765 3579 Ecclesia:
819 3523 1068 3579 secundo
1109 3525 1326 3579 labente
1361 3525 1720 3593 Theophilus,
1754 3532 1815 3577 ut

233 3602 501 3664 putatur,
527 3593 904 3664 Antiochenus
933 3633 949 3659 ,
982 3595 1075 3650 lib.
1117 3609 1154 3648 ιι
1216 3594 1284 3647 ad
1337 3595 1687 3662 Autolycum,
1732 3594 1814 3664 sic

233 3663 561 3735 mysterium
594 3663 880 3735 Trinitatis
919 3665 1253 3720 enarrabat:
1294 3664 1473 3735 Ἐχων
1499 3664 1695 3735 ὁΔΘεὸς
1724 3663 1815 3716 τὸν

232 3732 436 3788 ἑαυτοῦ
470 3734 640 3802 Λόγον
677 3734 981 3789 ινδιάθετον
1007 3737 1067 3788 ὲν
1110 3736 1245 3803 τοῖς,
1272 3732 1425 3795 ἰδίοις
1465 3732 1813 3803 σπλάγχνοις,

233 3804 529 3876 ἐγέννησεν
563 3805 725 3876 αρτὸν
762 3806 905 3876 μετα
928 3806 1029 3874 τῆς
1068 3802 1261 3876 ἑαυτοῦ
1293 3802 1817 3876 σοφίαςηὲξερεοξά-

237 3891 400 3943 μενος
416 3875 523 3944 πρὸ
542 3874 652 3927 τῶν
682 3872 837 3930 ὄλών.
868 3872 1031 3942 Deus,
1049 3876 1103 3929 in
1135 3875 1415 3930 visceribus
1448 3875 1558 3927 suis
1594 3872 1816 3944 Verbum

234 3946 546 3998 intestinum
580 3944 799 4010 habens,
841 3946 1167 4014 ipsumﬁcum
1216 3960 1317 3997 sua
1356 3944 1617 4014 sapientia
1641 3943 1817 4014 genuit

102 4008 135 4057 έί
236 4024 370 4067 ante
399 4015 507 4068 haec
533 4008 801 4068 universa.
850 4008 967 4069 Hoc
1014 4013 1236 4069 Verbum
1284 4008 1816 4084 ὑπούργὸναᾶηιὶηἱ-

236 4095 414 4138 stram
452 4084 635 4138 habuit
687 4099 903 4150 operum
931 4100 1168 4143 suorum.
1200 4084 1395 4139 Subdit
1416 4082 1438 4137 z'
1460 4082 1681 4137 Verbum
1708 4098 1821 4137 esse

237 4154 329 4224 ᾷιὰ
377 4154 577 4218 παντὸς
605 4154 909 4211 ἐνδιάθετον
932 4164 1181 4224 perpetuo
1227 4155 1534 4209 intestinum
1572 4157 1630 4224 in
1660 4152 1817 4206 corde

246 4223 362 4295 Dei,
397 4225 533 4293 quod
559 4234 842 4294 antequam
874 4226 1159 4295 quidquam
1188 4224 1384 4295 faceret
1404 4262 1421 4290 ,
1453 4223 1821 4278 consiliarium

242 4293 448 4366 (tabuit,
476 4295 670 4366 tau-:05
694 4293 825 4349 νοῦν
852 4293 946 4348 καὶ
977 4293 1241 4366 φρόνησιν
1289 4294 1439 4358 ὄντα,
1473 4302 1530 4346 ut
1557 4294 1646 4362 qui
1676 4309 1821 4346 mens

242 4365 411 4431 ipsius
436 4364 817 4434 prudentiaque
842 4367 934 4419 sit.
971 4364 1106 4419 (lum
1133 4364 1310 4419 autem
1338 4379 1657 4434 quwcunque
1693 4378 1818 4434 pro-

243 4432 514 4502 posuerat,
552 4432 772 4489 condere
809 4436 1083 4498 voluisset,
1122 4434 1310 4487 τοῦτον
1339 4432 1431 4486 τὸν
1458 4433 1632 4500 Λόγον
1666 4432 1821 4501 ἐγέν-

243 4521 377 4573 νησε
404 4506 756 4575 προφορικόν,
782 4507 877 4558 hoc
913 4506 1194 4573 ipsummet
1240 4502 1463 4557 Verbum
1489 4504 1825 4575 genuit__pro-

248 4570 880 4643 latum,'primogenitum
926 4570 1095 4628 omnis
1124 4582 1403 4636 creaturae,
1428 4570 1531 4643 non
1560 4582 1619 4625 ut
1661 4570 1825 4626 Verbo

246 4646 362 4715 ipso
385 4660 567 4712 expers
594 4642 767 4712 fartus
791 4646 973 4713 tuerit,
1009 4644 1100 4699 sed
1140 4643 1422 4715 gignendo,
1448 4642 1673 4697 Verbum
1705 4657 1825 4695 cum

259 4713 428 4770 Verbo
461 4724 706 4784 perpetuo
733 4712 1069 4771 conversatus
1090 4712 1344 4770 estilla‘c
1364 4712 1532 4784 plane
1569 4722 1826 4784 accurata

247 4801 359 4839 non
394 4782 641 4841 sunt.'At
676 4785 1042 4849 sntliciebant,
1078 4794 1137 4840 ut
1165 4782 1588 4851 hominigentili
1618 4782 1826 4838 rudiori

248 4857 394 4937 stylo
432 4872 498 4911 ex
526 4855 1187 4937 Platonicorum.placitis
1228 4854 1549 4937 mxsteriurn
1589 4853 1691 4937 hoc
1729 4853 1836 4937 tle-

250 4921 484 4979 linearet
511 4967 523 4989 ,
550 4926 775 4995 verique
823 4921 1238 4995 similitudinem
1269 4921 1320 4977 ei
1349 4924 1692 4995 conciliaret.
1730 4921 1828 4995 Ve-

249 5011 371 5050 rum
400 4997 589 5065 procul
616 4993 791 5058 abest,
824 5004 938 5050 tum
970 4996 1038 5049 ab
1080 4993 1216 5065 Arii,
1252 5002 1367 5049 tum
1396 5009 1425 5046 a
1466 4993 1692 5065 Sabellii
1726 4993 1828 5048 im-

252 5064 474 5135 pietate.
512 5065 629 5120 Non
682 5067 829 5121 enim
865 5067 1077 5135 duplex
1120 5064 1360 5119 Verbum
1412 5064 1614 5135 posuit,
1651 5071 1707 5135 ut
1740 5078 1830 5132 pu-

253 5133 385 5188 tavit
418 5135 695 5200 Petavius,
737 5136 828 5190 sed
862 5133 1031 5188 unum
1070 5134 1346 5205 idemque,
1384 5133 1529 5203 quod
1556 5133 1827 5205 intimum

252 5213 402 5259 esset
426 5214 480 5259 et
514 5208 809 5275 prolatum,
842 5205 1033 5260 τοῦτον
1052 5206 1145 5259 τὸν
1173 5204 1343 5273 Λόγον
1371 5243 1388 5270 ,
1416 5204 1511 5257 hoc
1547 5204 1829 5275 ipsummet

266 5274 527 5341 Verbum,
563 5277 784 5345 inquit,
813 5277 890 5329 sic
935 5275 1271 5343 prolatitium
1326 5276 1541 5345 genuit,
1575 5285 1631 5328 ut
1691 5274 1826 5327 illud

251 5361 432 5400 secum
484 5357 728 5414 perpetuo
778 5362 1091 5401 conversans
1138 5346 1542 5400 Itabeat.Arins
1573 5358 1603 5398 e
1634 5354 1829 5414 contra

216 5462 227 5477 ,
255 5416 448 5469 docuit
486 5412 588 5485 per
638 5415 876 5470 Verbum
933 5416 1195 5485 interius,
1235 5415 1667 5485 sapientiamque
1710 5412 1827 5479 Dei,

218 5540 233 5556 _
254 5484 505 5541 creatum
530 5501 561 5540 e
598 5487 771 5540 nihilo
793 5501 915 5541 esse
942 5484 1185 5541 Verbum
1224 5484 1405 5548 aliud,
1434 5499 1543 5556 quo
1571 5485 1720 5556 velut
1745 5485 1831 5539 in-

4 5634 9 5635 ,
88 5546 568 5637 e-rﬂﬁstrumento
606 5558 924 5637 universum
960 5557 1062 5637 h‘oc
1097 5546 1466 5637 conderetur:
1497 5553 1614 5637 Sed
1633 5564 1688 5610 et
1729 5556 1829 5609 Sa-

28 5676 105 5701 τ..
138 5625 233 5667 θίν’
256 5625 484 5701 bellium
527 5625 655 5701 ferit
702 5626 958 5691 dicendo,
984 5626 1224 5701 Verbum
1280 5626 1424 5681 istud
1474 5625 1679 5701 ex_D_eo
1716 5641 1830 5701 esse

260 5695 519 5763 qenitum,
548 5699 954 5767 primogemtunt
998 5696 1170 5751 omnis
1213 5707 1494 5762 creaturae,
1534 5695 1625 5750 Dei
1657 5696 1828 5749 admi-

1915 3111 2198 3179 Evangelii
2240 3112 2541 3166 secundum
2584 3107 2849 3166 Joannem
2892 3108 3203 3167 concludit.
3246 3106 3489 3179 Verbum,

1915 3196 2033 3233 cum
2062 3178 2131 3233 sit
2182 3179 2343 3239 Deus.
2373 3190 2649 3249 ortumque
2679 3182 2747 3233 sit
2780 3195 2845 3233 ea:
2901 3179 3043 3243 Deo,
3076 3178 3493 3249 quandocunque

1914 3250 2027 3303 vult
2085 3251 2451 3305 universorum
2504 3249 2671 3303 Pater
2699 3293 2714 3316 ,
2749 3249 2812 3303 ab
2851 3266 2910 3304 eo
2963 3250 3103 3303 mitti
3161 3248 3231 3301 ad
3264 3250 3493 3315 quemvis

1915 3321 2109 3389 (scunt,
2141 3335 2299 3389 eoque
2340 3337 2459 3389 cum
2506 3320 2722 3382 venerit,
2757 3330 2803 3374 et
2855 3319 3056 3385 audiri,
3086 3329 3135 3372 et
3168 3319 3350 3382 videri,
3382 3327 3490 3371 etc.

1914 3388 2221 3455 Ejusmodi
2246 3388 2490 3457 profecto
2530 3390 2838 3444 locutiones
2862 3390 3041 3458 gigni,
3072 3399 3247 3443 ortum
3277 3389 3490 3458 habere,

1913 3459 2075 3520 mitti,
2111 3459 2306 3523 venire,
2342 3459 2529 3520 videri,
2581 3460 2758 3511 audiri
2788 3499 2801 3521 ,
2834 3457 2888 3511 in
2941 3459 3055 3513 loco
3094 3457 3349 3523 reperiri,
3384 3473 3492 3510 non

1914 3528 2115 3583 nudam
2162 3529 2442 3599 ἐνέργειαν
2468 3530 2859 3599 operationem,
2897 3530 2991 3582 sed
3017 3543 3147 3599 rem
3180 3528 3232 3580 in
3270 3541 3329 3579 se
3357 3526 3491 3579 sub-

1914 3599 2196 3652 sistentem
2238 3596 2519 3652 indicantf
2563 3597 2931 3663 Quamobrem
2982 3597 3028 3652 si
3058 3596 3183 3665 quis
3220 3610 3376 3665 error
3426 3610 3493 3649 ex

1915 3668 2019 3722 hoc
2052 3666 2340 3737 Theophili
2377 3668 2498 3722 loco
2521 3668 2933 3737 inl‘eratur,ille_
2964 3664 3154 3722 saltem
3181 3681 3280 3721 nec
3310 3664 3473 3737 Sabe}

1918 3737 2173 3800 lianicus,
2202 3734 2303 3791 nec
2327 3738 2622 3792 Arianicus
2666 3736 2853 3791 fuerit.
2896 3735 3213 3791 Graviorem
3240 3750 3367 3789 vero
3396 3734 3495 3788 ad-

1916 3808 2067 3863 misit
2087 3806 2482 3871 Tertnllianns,
2512 3807 2604 3877 qui
2636 3821 2762 3860 cum
2810 3806 3098 3877 feracioris
3118 3813 3265 3862 esset
3290 3805 3496 3877 ingenii

1920 3878 1974 3947 in
2018 3892 2183 3947 opere
2222 3875 2541 3947 dogmatico'
2572 3885 2763 3930 contra
2804 3875 3067 3931 Praxeam
3097 3915 3113 3939 ,
3147 3875 3493 3947 consimilem

1920 3944 2224 4001 doctrinam
2274 3944 2432 4002 n'ovis
2492 3949 2819 4016 commentis
2871 3948 3021 4000 auxit
3059 3964 3071 3999 :
3106 3962 3228 4016 quae
3280 3944 3499 4016 Genna-

1922 4017 2047 4071 dius
2082 4018 2135 4071 in
2165 4018 2382 4086 egregio
2409 4017 2595 4071 libello
2628 4015 2706 4069 De
2739 4014 3155 4086 Ecclesadogni.
3188 4016 3384 4086 paucis
3413 4015 3499 4068 his

1920 4086 2102 4142 verbis
2137 4085 2409 4157 contigere
2444 4102 2552 4140 non
2584 4086 2889 4139 dubitavit:
2930 4085 3081 4139 Nihil
3112 4085 3497 4157 eas’Trinitatis

1919 4158 2148 4211 essentia
2208 4155 2699 4210 ad'creaturarum
2774 4164 3025 4209 naturam
3085 4155 3499 4219 deductum,ut

1922 4226 2082 4281 Plato
2122 4234 2170 4281 et
2206 4225 2591 4280 Tertullianus.
2649 4224 2975 4280 Philastrius
3032 4224 3358 4287 Brixiensis,
3407 4238 3501 4277 ca-

1923 4296 2034 4367 pite
2062 4296 2149 4363 76,
2187 4296 2472 4367 haereticos
2504 4302 2725 4367 censet,
2760 4296 2852 4365 qui
2917 4296 3110 4350 dicunt
3159 4293 3501 4367 Salvatorem

1852 4393 1897 4449 D
1925 4365 2161 4449 primum
2216 4367 2361 4436 apud
2411 4366 2625 4449 Patrem
2651 4365 3008 4449 iuiss_e,tum
3051 4366 3500 4449 posthacnatum

1925 4434 2068 4492 esse.
2101 4434 2389 4492 Nam—esse
2438 4448 2582 4500 ante,
2613 4444 2662 4488 et
2695 4444 2877 4503 postea
2925 4434 3094 4498 nasci,
3132 4435 3330 4504 inquit,
3368 4450 3503 4504 con-

1927 4508 2157 4560 trarium
2201 4515 2279 4560 est
2336 4505 2578 4560 omnibus
2626 4502 2818 4559 modis.
2859 4504 3120 4571 Quamvis
3154 4502 3332 4560 autem
3367 4502 3505 4558 Ver-

1927 4576 2057 4631 bum
2088 4575 2413 4639 ἐνδιάθετον,
2448 4575 2697 4639 interius,
2730 4574 2839 4629 dici
2874 4577 3070 4644 possit,
3100 4585 3158 4629 ut
3184 4584 3266 4631 est
3294 4576 3346 4627 in
3377 4575 3504 4628 sinu

1927 4645 2128 4717 Patris,
2152 4653 2208 4700 et
2228 4646 2583 4717 προφορικόν,
2612 4644 2969 4717 ρνοιαιίιὶιιηι,
3004 4653 3167 4715 prout
3200 4646 3502 4713 potentiam

1926 4715 2191 4782 ostendit,
2222 4715 2328 4786 qua
2359 4715 2543 4772 omnia
2580 4731 2676 4786 per
2706 4716 2885 4785 ipsum
2919 4717 3062 4770 facta
3085 4722 3504 4786 sunt,attamen

1928 4786 2187 4856 lrenaaus,
2220 4785 2318 4840 lib.
2342 4802 2404 4848 ll,
2440 4801 2563 4856 cap.
2587 4785 2678 4851 49,
2718 4800 2985 4856 venenum
3013 4785 3117 4841 sub
3148 4785 3507 4840 distinctione

1931 4855 2089 4912 Verbi
2141 4855 2421 4911 interioris
2459 4868 2513 4909 et
2550 4856 2750 4927 prolati
2804 4855 2978 4910 latens
3027 4856 3272 4926 agnovit,
3347 4857 3508 4923 uippe

1931 4942 2051 4979 nua:
2074 4924 2460 4979 Gnosticorum
2494 4927 2775 4979 inventum
2816 4934 2957 4979 erat.
2988 4926 3041 4979 In
3069 4928 3278 4979 svnodo
3306 4871 3503 4979 lotio-

1928 4942 2051 4997 qua‘.
2074 4924 2460 4997 Gnosticorum
2494 4924 2775 4980 inventum
2810 4934 2957 4997 erat.
2988 4926 3041 4997 In
3069 4924 3278 4994 synodo
3308 4924 3503 4997 Antio-

1930 4994 2102 5052 chena
2140 4998 2319 5066 priore
2339 4996 2623 5051 deﬁnitum
2649 5006 2755 5057 est,
2790 4996 2959 5049 Deum
3007 4996 3220 5049 Patrem
3250 5011 3343 5064 per
3376 4994 3507 5066 Ver-

1932 5066 2053 5120 bum
2089 5064 2264 5136 Deum
2309 5076 2499 5121 cuncta
2544 5067 2862 5130 condidisse,
2891 5066 2988 5136 οὐχ
3026 5067 3100 5130 ὡς
3138 5066 3206 5120 δι’
3254 5064 3507 5134 ὀργάνου,

1930 5136 2039 5190 οὐδ’
2067 5135 2140 5201 ὡς
2194 5137 2261 5190 δι’
2319 5138 2629 5208 ἐπιστήμης
2682 5135 3079 5200 ἀνυποστάτου,
3124 5154 3227 5192 non
3258 5147 3511 5204 tanquam

1930 5223 2021 5278 per
2048 5208 2488 5273 instrumentum,
2524 5222 2684 5276 neque
2732 5222 2823 5276 per
2860 5208 3139 5261 scientiam
3188 5222 3279 5278 per
3303 5221 3359 5259 se
3406 5219 3511 5278 non

1931 5271 2305 5332 consistentem
2331 5318 2345 5340 ,
2389 5271 2483 5333 sed
2524 5271 2697 5346 ipsum
2732 5271 2853 5330 esse
2883 5278 3117 5346 genitum
3148 5271 3381 5330 a‘Patre
3410 5271 3513 5327 Fi-

1931 5348 2101 5413 lium,
2133 5347 2207 5411 ὠς
2262 5348 2442 5412 ζῶσαν
2503 5348 2783 5415 ἐνέργειαν
2811 5384 2824 5405 ,
2863 5347 2959 5399 καὶ
3014 5346 3380 5415 ὲνυπόοτατον
3406 5384 3424 5405 ,
3453 5350 3512 5394 ut

1932 5430 2107 5472 actum
2139 5420 2386 5472 viventem
2432 5428 2478 5471 et
2520 5414 2612 5481 per
2644 5432 2700 5468 se
2744 5418 3105 5469 exsisteutem.
3145 5414 3512 5482 Quamobrem

1932 5491 2269 5544 Athanasius
2332 5488 2385 5540 in
2439 5486 2795 5554 Expositione
2857 5486 2980 5539 tidei
3039 5484 3280 5541 Verbum
3352 5489 3511 5554 negat

1930 5574 2052 5614 esse
2085 5558 2440 5628 προφορικόν,
2470 5552 2826 5628 ριξοΙαιὲιίιιηι,
2848 5564 2902 5628 et
2933 5555 3238 5628 ἐνδιάθετον
3259 5596 3273 5623 ,
3302 5552 3512 5611 interti-

1932 5646 2076 5684 nnm.
2117 5626 2188 5683 Ita
2220 5626 2482 5697 deinceps
2522 5626 2770 5682 Ecclesia
2791 5626 3078 5683 catholica.
