3962 6300
488 335 594 398 859

1677 338 1739 398 S.
1778 338 2100 399 IOANNIS
2132 341 2564 410 DAMASCENI

3638 365 3748 431 88:3

491 447 730 517 Spiritus
763 445 892 500 imm
918 454 1001 501 est
1039 445 1267 518 angelus
1297 447 1516 514 bonus;
1561 448 1794 518 spiritus
1819 450 2058 516 daemon;

2179 455 2251 506 ire
2286 459 2382 510 καὶ
2411 459 2538 522 νοῦς
2566 460 2785 533 πνεῦμα
2803 463 3019 535 λέγεται
3039 484 3052 498 ·
3077 466 3289 539 πνεῦμα
3350 471 3446 528 καὶ
3476 472 3742 542 ὀᾶνεμος’

487 540 716 607 Spiritus
744 537 930 591 anima
961 555 977 592 :
1006 554 1071 594 ac
1097 538 1374 594 interdum
1395 552 1550 594 mens
1574 554 1798 610 quoque
1829 540 2060 609 spiritus

486 637 739 683 vocatur.
770 626 1061 685 Postremo
1093 636 1149 685 et
1169 637 1370 686 ventus
1401 639 1457 685 et
1493 644 1608 694 aer,
1653 630 1888 700 spiritus
1919 646 2061 684 nun-

485 728 778 789 cupantur.

1105 858 1258 915 CAP.
1299 859 1438 914 XIV.

627 967 1016 1039 Proprietates’
1052 989 1143 1028 seu
1177 977 1438 1031 attributa
1464 977 1658 1033 divina:
1682 987 1914 1034 natum.

558 1088 896 1152 lncreatum,
933 1094 990 1142 et
1018 1087 1142 1142 sine
1173 1089 1472 1159 principio,
1504 1089 1840 1154 immortale,
1873 1089 2062 1143 inﬁni-

488 1187 628 1243 tum,
680 1187 968 1245 aeternum,
1018 1181 1252 1236 materia
1298 1196 1527 1246 vacans,
1567 1182 1801 1246 bonum,
1854 1182 2059 1253 Opifex.

485 1271 722 1336 justum,
749 1269 1097 1338 illuminans,
1135 1273 1497 1337 immutabile,
1539 1273 1866 1342 impatibile,
1896 1274 2065 1329 incir-

487 1361 914 1430 cumscriptum,
973 1363 1518 1432 incomprehensum,
1554 1364 1922 1430 indeﬁnitum,
1977 1367 2064 1420 in-

486 1465 840 1520 corporeum,
904 1467 1014 1507 non
1069 1453 1390 1518 limitatum,
1461 1455 1765 1520 invisibile,
1819 1457 2063 1527 cogitatu

486 1538 710 1606 majus,.
734 1541 946 1602 nullius
985 1557 1176 1612 egens,
1202 1559 1415 1598 merum
1455 1544 1544 1613 ius
1581 1547 1666 1600 sui
1719 1555 1774 1602 et
1825 1547 2064 1602 liberum

486 1627 800 1690 arbitrium,
841 1630 1092 1684 omnium
1147 1631 1461 1698 dominans,
1519 1634 1833 1702 viviﬁcaris,
1881 1637 2063 1690 omni-

487 1725 707 1784 potens,
739 1717 968 1774 inﬁuita:
1003 1721 1284 1789 potentiae,
1317 1723 1690 1790 sanctiﬁcare,
1717 1739 1783 1780 ac
1816 1741 2065 1781 commu-

2166 548 2386 620 πνεῦμα
2419 552 2514 606 καὶ
2531 555 2559 606 ὁ
2581 553 2710 626 ᾁήρ.

2767 869 3016 924 ΚΕΦΑᾹ.
3049 867 3146 922 Μ’.

2506 979 2582 1032 Τὰ
2621 977 2904 1048 ἰδιώματα
2956 980 3120 1046 θείας
3165 981 3428 1050 φύσεως.

2238 1089 2310 1140 Tb
2331 1088 2605 1152 ἄκτιστον,
2621 1090 2683 1142 rb
2717 1089 2969 1160 ἄναρχον,
2986 1091 3047 1143 rb
3077 1089 3366 1164 ἀθάνατον,
3387 1093 3482 1147 καὶ
3509 1093 3755 1166 ἀπέραν-

2165 1197 2257 1234 τον
2282 1222 2297 1246 ,
2331 1167 2425 1235 καῖ
2476 1182 2695 1235 αἰώνιον
2715 1215 2730 1240 ,
2754 1181 2815 1234 rb
2841 1177 2871 1218 δ
2912 1181 3105 1247 ἄῦλον,
3150 1173 3212 1236 τὸ
3225 1167 3248 1182 ³
3264 1184 3467 1253 ἀγαθὸν
3487 1227 3503 1251 ,
3536 1187 3596 1239 rb
3650 1186 3752 1256 δηαη

2170 1271 2512 1343 μιουργικὺν,
2537 1272 2599 1325 rb
2622 1273 2850 1338 δίκαιον,
2881 1273 2942 1325 rb
2977 1261 3329 1342 φωτιστικὺν,
3355 1276 3418 1329 rb
3449 1276 3747 1347 ἄτρεπτον,

2165 1363 2227 1416 rb
2259 1362 2565 1426 ἀπαθὲς,τδ
2591 1364 3027 1434 ἀπερίγραπτον,
3045 1365 3107 1417 rb
3133 1365 3516 1437 ἀχώρητον,τδ
3547 1370 3749 1440 ἀπερι-

2165 1454 2400 1526 όριστον,
2431 1451 2491 1507 rb
2518 1454 2790 1525 ἀόριστον,
2821 1455 2880 1508 rb
2909 1455 3165 1526 ἀόρατον,
3197 1457 3259 1510 rb
3284 1459 3668 1530 ἀπερινόητον,
3686 1458 3753 1513 rb

2165 1545 2432 1610 ἀνενδεὲς,
2456 1545 2517 1598 rb
2553 1545 2889 1616 αὐτοκρατὲς
2923 1547 3016 1599 καὶ
3060 1547 3427 1613 αὐτεξούσιον,
3450 1548 3511 1600 rb
3547 1565 3752 1603 παντο-

2167 1635 2500 1709 κρατορικδν
2523 1676 2538 1701 ,
2578 1635 2639 1689 rb
2698 1634 3020 1699 ζωοδοτικδν
3045 1677 3060 1701 ,
3091 1636 3155 1689 rb
3209 1636 3622 1706 παντσδὺναμον
3641 1677 3658 1700 ,
3689 1635 3755 1689 rb

2167 1727 2600 1797 ἀπειροδύναμον
2623 1767 2638 1792 ,
2672 1725 2734 1778 rb
2764 1726 3084 1794 ἁγιαστικδν
3140 1727 3236 1780 καὶ
3285 1725 3657 1797 μεταδατικδν,
3689 1725 3756 1780 τὸ

487 1805 676 1859 nicatu
741 1821 904 1873 esse,
977 1810 1165 1864 omnia
1227 1812 1516 1868 continere
1575 1822 1629 1869 et
1689 1829 2058 1883 conservare,

2179 1818 2444 1888 περιέχειν
2491 1816 2587 1870 καὶ
2637 1817 2884 1888 συνέχειν
2923 1817 2992 1870 τὰ
3045 1819 3362 1889 σύμπαντα,
3390 1819 3487 1872 xai
3523 1817 3750 1870 πάντων

485 1897 856 1968 omnibusque
889 1902 1200 1970 providere.
1247 1903 1375 1959 Haac
1403 1907 1588 1960 omnia
1621 1907 1824 1963 similia
1864 1918 2062 1980 suapte

485 1999 683 2046 natura
717 1993 902 2059 habet,
927 2009 1037 2049 non
1071 1997 1298 2053 aliunde
1321 2008 1541 2070 sumpta
1567 2018 1580 2068 ;
1610 2001 1706 2056 sed
1743 2002 1860 2072 ipsa
1892 2005 2061 2060 rebus

485 2100 514 2136 a
547 2100 608 2139 se
631 2086 872 2142 conditis
904 2103 1006 2158 pro
1035 2088 1308 2161 cujusque
1340 2093 1649 2162 capacitate
1673 2093 1879 2149 bonum
1902 2109 2064 2151 omne

487 2173 762 2244 impertit.

2167 1913 2512 1984 προνοεῖσθαι
2536 1925 2550 1937 ’
2590 1910 2770 1964 πάντα
2811 1909 3022 1976 ταῦτα,
3053 1910 3149 1964 καὶ
3202 1910 3274 1964 τὰ
3318 1910 3541 1964 τοιαῦτα
3587 1913 3752 1980 φύσει

2166 2001 2299 2072 ἔχει,
2331 2002 2431 2054 οὐκ
2479 1999 2701 2054 ἄλλοθεν
2734 2000 3011 2070 εἰληφυῖα,
3050 2000 3168 2053 ἀλλ’
3209 2001 3349 2071 αὑτὴ
3385 2001 3750 2071 μεταδιδοῦσα

2167 2092 2368 2154 παντὸς
2421 2088 2626 2159 ἀγαθοῦ
2680 2091 2795 2154 τοῖς
2835 2091 3058 2154 οἰκείοις
3116 2091 3598 2162 ποιήμασι,κατᾲ
3651 2091 3752 2164 τὴν

2168 2189 2399 2242 ἑκάστου
2440 2187 2698 2258 δεκτικὴν
2730 2185 2981 2256 δύναμιν.

555 2265 926 2326 Personarum
975 2273 1031 2326 in
1070 2288 1132 2329 se
1178 2273 1419 2330 invicem
1473 2277 1692 2333 mansio
1726 2286 1781 2332 et
1825 2278 2064 2334 insessio

2249 2282 2314 2336 'H
2374 2285 2432 2336 ὲν
2489 2281 2740 2353 ἀλλήλοις
2777 2279 2887 2333 τῶν
2941 2279 3294 2334 ὑποστάσεων
3346 2279 3481 2350 μονή
3542 2295 3602 2331 τε
3653 2277 3753 2332 καὶ

485 2356 594 2422 (hae
622 2359 770 2413 enim
814 2359 1001 2416 divelli
1041 2374 1344 2434 nequeunt,
1381 2367 1436 2421 in
1469 2383 1527 2422 se
1552 2369 1791 2426 invicem
1829 2371 2064 2426 circum-

2179 2376 2382 2446 ἵδρυσις
2414 2389 2428 2404 ·
2461 2373 2776 2426 ἀδιάστατοι
2811 2371 2919 2442 γὰρ
2979 2365 3141 2425 αὗται
3163 2412 3178 2435 ,
3217 2372 3312 2424 καὶ
3369 2368 3755 2438 ἀνεκφοίτητοι

493 2449 858 2506 insessionem
889 2453 1242 2511 confusionis
1271 2465 1555 2529 expertem
1605 2468 1891 2517 servantes
1916 2479 1931 2529 ;
1954 2476 2064 2517 non

2179 2465 2417 2535 ἀλλήλων
2469 2462 2630 2527 εἰσὶν,
2661 2460 2967 2531 ἀσύγχυτον
3001 2461 3226 2532 ἔχουσαι
3254 2460 3354 2532 τὴν
3396 2459 3455 2512 ἐν
3495 2457 3755 2522 ἀλλήλαις

488 2549 546 2592 ut
595 2545 999 2601 contrahantur
1045 2556 1100 2604 et
1152 2551 1619 2619 permisceantur,
1665 2555 1762 2610 sed
1816 2563 1875 2608 ut
1903 2554 2064 2610 simul

2179 2556 2582 2630 περιχώρησιψ
2618 2555 2718 2626 οὐχ
2771 2556 2914 2609 ὥστε
2973 2551 3416 2622 συναλείφεσθαι,
3448 2550 3482 2620 ἢ
3532 2549 3754 2617 συγχεῖ-

484 2634 844 2708 cohaarcant);
876 2638 1049 2695 Filius
1084 2642 1233 2700 enim
1266 2644 1320 2697 in
1357 2643 1522 2700 Patre
1552 2653 1607 2700 et
1639 2645 1851 2717 Spiritu
1877 2655 2064 2703 sancto

2179 2648 2322 2710 σθαι,
2351 2646 2465 2701 ἀλλ’
2495 2645 2635 2698 ὥστε
2695 2643 2913 2714 ἔχεσθαι
2942 2643 3189 2713 ἀλλήλων
3210 2655 3223 2667 ·
3259 2640 3386 2702 Υἱὸς
3415 2641 3524 2710 γὰρ
3557 2640 3614 2690 ἐν
3643 2637 3757 2689 Πα-

483 2731 605 2780 est;
639 2725 880 2797 Spiritus
917 2731 1049 2786 item
1103 2735 1157 2788 in
1197 2734 1361 2790 Patre
1406 2744 1460 2791 et
1504 2735 1647 2792 Filio
1690 2754 1796 2794 :ac
1830 2739 2064 2810 denique

2179 2740 2264 2811 τρὶ
2317 2739 2411 2792 καὶ
2447 2735 2751 2806 Πνεύματι·
2791 2734 2885 2788 καὶ
2915 2733 3139 2804 Πνεῦμα
3163 2733 3221 2785 ἐν
3253 2730 3430 2802 Πατρὶ
3459 2733 3554 2782 καὶ
3591 2727 3710 2797 Υίῴ
3732 2745 3748 2757 ·

483 2813 647 2871 Pater
683 2817 745 2873 in
799 2819 937 2874 Filio
981 2832 1037 2877 et
1089 2823 1300 2894 Spiritu
1347 2834 1544 2881 sancto
1583 2845 1599 2881 :
1650 2829 1732 2883 sic
1781 2836 1968 2885 tamen
2015 2838 2064 2885 ul

2179 2830 2273 2884 καὶ¹
2323 2828 2511 2899 Πατὴρ
2564 2827 2622 2879 ὲν
2665 2825 2782 2895 Υἱῷ
2816 2825 2912 2879 καὶ
2949 2823 3253 2895 Πνεῦματι,
3284 2822 3556 2894 μηδεμιᾶς
3601 2835 3755 2888 γινο-

483 2908 636 2961 nulla
683 2911 973 2979 permistio
1008 2913 1103 2979 sit,
1142 2922 1240 2969 aut
1266 2915 1527 2972 confusio
1559 2917 1624 2972 “.
1661 2917 1818 2976 Unus
1850 2920 1985 2976 item
2019 2933 2074 2978 et

485 2997 628 3053 idem
659 3010 865 3058 motus.
900 3003 1015 3060 Una
1046 3005 1192 3060 enim
1225 3014 1281 3061 et
1303 3007 1494 3064 eadem
1518 3011 1682 3064 trium
1707 3027 2074 3082 personarum

483 3089 843 3158 prosultatio,
901 3109 1121 3164 unaque
1172 3097 1345 3152 motio
1384 3107 1510 3155 est:
1553 3102 1701 3170 quod
1751 3103 1974 3172 quidem
2010 3107 2068 3160 in

484 3189 673 3235 creata
705 3194 904 3239 natura
943 3187 1189 3258 perSpici
1225 3192 1437 3261 nequit.

555 3293 676 3352 lluc
701 3300 917 3356 accedit
945 3301 1094 3372 quod
1129 3302 1316 3357 divina
1357 3307 1676 3362 coruscatio
1705 3315 1760 3362 et
1789 3309 2063 3378 operatio,

483 3404 606 3458 qum
637 3405 765 3456 una,
800 3393 1057 3464 simplex,
1090 3404 1144 3450 et
1177 3396 1416 3453 indivisa
1445 3407 1564 3466 est,
1613 3415 1738 3454 cum
1788 3417 1888 3470 pro
1932 3403 2067 3457 boni

484 3484 591 3536 alia
624 3483 803 3540 aliave
829 3488 1044 3543 ratione
1068 3489 1122 3542 in
1148 3489 1391 3545 dividuis
1417 3490 1568 3545 varia
1596 3491 1709 3557 ﬁat,
1741 3507 1806 3548 ac
1842 3494 2067 3550 univer-

483 3575 561 3630 sis
599 3589 664 3631 ea
714 3592 837 3646 qua:
887 3578 1162 3650 cujusque
1205 3581 1486 3650 prapriam
1541 3592 1797 3637 naturam
1849 3585 2065 3640 consti-

481 3676 660 3733 tuunt,
727 3668 883 3739 153
948 3672 1386 3745 continentque,
1439 3673 1776 3738 distribuat,
1831 3676 2065 3746 simplex

482 3759 842 3816 nihilominus
876 3771 1118 3829 maneat,
1161 3765 1352 3836 sicque
1397 3764 1453 3819 in
1489 3766 1658 3822 rebus
1687 3766 1882 3824 divisis
1917 3769 2066 3823 mul-

481 3853 784 3922 tiplicetur,
817 3867 874 3908 ιιι
907 3855 1130 3911 interim
1162 3873 1224 3913 ea
1260 3858 1316 3912 in
1364 3873 1490 3929 quae
1539 3859 1748 3914 divisio
1789 3861 1964 3927 cadit,
1997 3859 2067 3916 ad

483 3958 638 3999 suam
693 3945 1103 4016 simplicitatem
1145 3951 1372 4021 colligat
1407 3959 1462 4006 et
1500 3961 1790 4008 convertat
1825 3954 1894 4008 ³⁸.
1933 3952 2065 4007 Eam

479 4036 624 4089 enim
663 4038 847 4092 omnia
885 4048 1174 4110 appetunt,
1204 4043 1374 4112 inque
1397 4058 1460 4098 ea
1484 4045 1802 4113 exsistunt;
1834 4046 2068 4116 ipsaque

479 4128 741 4184 omnibus
783 4131 950 4188 rebus
985 4149 1088 4204 pro
1123 4134 1393 4205 cujusque
1441 4146 1640 4190 natura
1693 4153 1818 4193 esse
1851 4139 2066 4195 tribuit.

482 4218 608 4275 liceo
642 4237 768 4278 esse
808 4235 892 4279 est
937 4240 1130 4280 eorum
1182 4242 1304 4290 qum
1365 4239 1518 4292 sunt,
1567 4228 1874 4284 viventium
1932 4231 2064 4298 vita,

480 4312 839 4367 rationalium
907 4314 1086 4378 ratio,
1163 4316 1591 4388 intelligentium
1659 4319 2063 4389 intelligentia;

476 4417 604 4455 cum
637 4411 821 4456 tamen
881 4403 1024 4473 ipsa,
1069 4412 1126 4459 ct
1177 4420 1344 4474 supra
1395 4417 1655 4474 mentem,
1686 4414 1742 4463 et
1773 4423 1940 4478 supra
1975 4425 2066 4463 ra-

477 4495 722 4558 tionem,
785 4500 842 4548 et
897 4508 1066 4564 supra
1119 4496 1328 4562 vitam,
1399 4507 1454 4554 et
1525 4511 1722 4570 supra'
1763 4500 2064 4556 essentiam
2098 4514 2148 4573 ο

476 4585 740 4639 exsistat.

551 4674 748 4731 Omnia
779 4680 1064 4746 prwsentia
1095 4679 1227 4738 Deo.
1262 4713 1330 4722 —
1362 4683 1514 4738 Adde
1559 4685 1706 4754 quod
1751 4685 1872 4741 sine
1909 4699 2064 4739 com-

477 4766 738 4824 mistione
781 4771 892 4824 ulla
941 4773 1130 4826 omnia
1171 4775 1469 4844 pervadat;
1507 4791 1632 4830 cum
1677 4784 1870 4831 contra
1928 4775 2067 4830 nihil

477 4872 596 4910 eam
625 4858 804 4926 possit
830 4868 1125 4929 penetrare
1154 4881 1166 4916 :
1203 4864 1449 4934 illudque
1480 4865 1610 4919 item
1642 4865 1790 4934 quod
1821 4863 2062 4934 simplici

478 4951 794 5018 cegnitione
822 4955 1009 5008 omnia
1045 4965 1366 5026 cognoscat,
1398 4971 1464 5012 ac
1495 4957 1686 5011 divino
1727 4972 1854 5020 suo,
1884 4956 2060 5010 omni-

477 5042 695 5113 busque
741 5046 924 5102 modis
978 5049 1285 5118 perspicaci
1336 5058 1390 5105 et
1439 5051 1564 5105 sine
1611 5049 1841 5104 materia
1876 5049 2059 5113 oculo,

475 5133 892 5206 simplicissime
928 5147 1040 5193 tam
1093 5143 1413 5209 praesentia,
1467 5157 1631 5211 quam
1675 5140 1975 5210 prieterita,
2007 5149 2064 5195 et

475 5221 666 5280 futura
696 5227 851 5296 prius
889 5244 1056 5300 quam
1085 5231 1240 5299 (iant,
1274 5240 1605 5288 contueatur
1627 5232 1673 5263 "
1709 5250 1724 5286 :
1761 5241 1874 5286 tum
1897 5231 2061 5286 etiam

547 5415 597 5448 "'
645 5413 808 5491 (Ξῖ-οε.
840 5416 971 5474 Naz.
1009 5427 1153 5476 orat.
1199 5423 1249 5489 1,
1288 5421 1355 5476 15
1401 5431 1456 5478 et
1489 5423 1577 5478 40.
1654 5424 1698 5455 ³³
1731 5420 1954 5490 Dionys.
2005 5433 2064 5476 ca

2179 5415 2194 5469 ἰ
2223 5414 2299 5469 De
2351 5413 2458 5470 div.
2492 5429 2633 5466 nom.

2183 2923 2351 2994 μένης
2382 2916 2732 2988 συναλοιφῆς,
2756 2917 2790 2987 ἢ
2819 2916 3183 2988 συμφύρσεως
3209 2915 3242 2986 ἢ
3277 2912 3616 2983 συγχύσεως.
3646 2907 3758 2963 Καὶ

2178 3017 2239 3070 rb
2263 3013 2322 3068 ἒν
2352 3014 2446 3067 καὶ
2468 3011 2665 3066 ταυτὸν
2699 3011 2797 3080 τῆς
2836 3010 3108 3079 κινήσεως
3129 3024 3142 3038 ·
3175 3008 3232 3060 ἓν
3263 3006 3372 3077 γὰρ
3419 3001 3758 3072 ἕξαλμα,καὶ

2185 3107 2282 3178 μία
2329 3105 2546 3173 κίνησις
2575 3101 2688 3156 τῶν
2726 3100 2895 3169 τριῶν
2943 3099 3332 3152 ὑποστάσεων·
3363 3098 3501 3167 ὅπερ
3540 3095 3634 3147 ἐπὶ
3658 3093 3758 3163 τῆς

2173 3193 2402 3263 κτιστῆς
2429 3191 2643 3261 φύσεως
2669 3187 3012 3260 θεωρηθῆναι
3039 3187 3318 3241 ἀδύνατον.

2245 3307 2356 3362 Καὶ
2393 3307 2537 3376 ὁτιή
2581 3305 2702 3359 θεία
2750 3302 3016 3374 ἐλλαμψις
3055 3303 3149 3355 καὶ
3190 3301 3471 3371 ἐνέργεια,
3499 3300 3595 3370 μία
3619 3293 3756 3352 οὖσα.

2175 3400 2267 3452 καὶ
2313 3399 2484 3468 ἁπλῇ,
2520 3397 2618 3450 καὶ
2650 3396 2886 3468 ἀμερὴς,
2921 3395 3014 3448 καὶ
3044 3393 3376 3463 ἁγαθοειδῶς
3406 3393 3465 3444 ὲν
3499 3393 3620 3453 τοῖς
3655 3406 3755 3460 με·

2177 3493 2381 3561 ριστοῖς
2418 3487 2807 3558 ποικιλλομένη
2847 3487 2940 3540 καὶ
2980 3489 3095 3549 τοῖς
3123 3487 3259 3538 πᾶσι
3311 3483 3381 3536 τὰ
3421 3483 3522 3553 τῆς
3550 3480 3757 3544 οίκείας

2177 3581 2391 3650 φύσεως
2448 3579 2751 3635 συστατικὰ
2783 3578 3042 3648 νέμουσα,
3087 3576 3238 3648 μένει
3283 3575 3459 3646 ἁπλῆ·
3486 3573 3755 3643 πληθυνθ-

2179 3673 2318 3744 μὲνη
2351 3674 2449 3743 μὲν
2500 3674 2557 3726 ὲν
2586 3673 2700 3734 τοῖς
2747 3672 3025 3742 μεριστοῖς
3062 3667 3394 3739 ἁμερίστως,
3431 3667 3525 3720 καὶ
3561 3664 3629 3717 τὰ
3660 3679 3756 3733 με·

2178 3765 2338 3836 ριστὰ
2397 3763 2535 3835 πρὸς
2586 3761 2686 3834 τὴν
2740 3763 2940 3832 ἑαυτῆς
2991 3760 3272 3830 ἁπλότητα
3319 3759 3627 3826 συνάγουσα
3661 3755 3758 3808 καὶ

2176 3857 2600 3928 ἐπιστρέφουσα.
2629 3855 2814 3909 Πάντα
2833 3853 2943 3926 γὰρ
2966 3853 3135 3923 αὐτῆς
3157 3853 3389 3920 ἐφίεται,
3418 3850 3510 3903 καὶ
3530 3851 3588 3902 ὲν
3617 3849 3755 3920 αὐτῇ

2177 3947 2292 4019 ἔχει
2347 3948 2448 4018 τὴν
2481 3945 2738 4018 ὓπαρξιν.
2775 3945 2886 3998 Καὶ
2932 3943 3072 4014 αὑτὴ
3110 3942 3209 4012 μὲν
3236 3943 3351 4004 τοῖς
3389 3940 3523 3992 πᾶσι
3551 3937 3647 3990 τοῦ
3673 3933 3755 3989 εἷ-

2176 4058 2285 4104 ναι,
2319 4037 2504 4102 καθὼς
2534 4038 2648 4108 ἔχει
2673 4048 2696 4077 θ
2728 4035 2944 4106 φύσεως
2975 4033 3332 4106 μεταδίδωσι·
3358 4030 3452 4085 καὶ
3471 4030 3609 4099 αὐτή
3637 4031 3756 4083 ἐστι

2174 4130 2282 4186 τῶν
2340 4130 2509 4185 ὄντων
2546 4129 2609 4182 rb
2651 4123 2813 4194 εἶναι,
2862 4127 2958 4181 καὶ
3009 4126 3120 4179 τῶν
3166 4123 3387 4188 ζώντων
3429 4124 3462 4191 ἠ
3500 4119 3635 4190 ζωὴ,
3660 4121 3756 4172 καὶ

2174 4225 2282 4278 τῶν
2309 4221 2544 4290 λογικῶς
2575 4220 2744 4274 ὄντων
2777 4222 2806 4273 ὁ
2841 4218 3020 4286 λόγος,
3061 4217 3156 4270 καὶ
3192 4215 3302 4268 τῶν
3352 4212 3555 4284 νοερῶς
3582 4211 3755 4264 ὄντων

2175 4318 2209 4386 ἡ
2233 4316 2435 4383 νόησις.
2464 4312 2611 4383 Αὐτὴ
2663 4311 2805 4382 ὑπὲρ
2835 4310 2960 4364 νοῦν
2986 4306 3144 4375 οὖσα,
3171 4308 3264 4363 καὶ
3290 4307 3430 4375 ὑπὲρ
3459 4305 3640 4372 λόγον,
3657 4303 3755 4359 καὶ

2179 4407 2320 4476 ὑπὲρ
2346 4405 2515 4476 ζωὴν,
2549 4403 2644 4458 καὶ
2671 4402 2813 4473 ὑπὲρ
2841 4401 3051 4458 οὐσίαν.

2247 4673 2370 4725 Ἔτι
2414 4670 2474 4724 δὲ
2519 4668 2615 4724 καὶ
2655 4669 2716 4722 rb
2755 4668 2844 4721 διὰ
2878 4667 3096 4722 πάντων
3137 4665 3348 4736 διήκειν
3395 4663 3611 4734 ἀμιγῶς
3639 4703 3654 4728 ,
3684 4658 3754 4715 δι’

2172 4764 2345 4834 αὐτῆς
2376 4764 2433 4817 δὲ
2460 4763 2638 4818 οὐδέν.
2678 4763 2802 4816 Ἔτι
2833 4762 2928 4816 καὶ
2959 4760 3020 4813 rb
3043 4759 3187 4831 ἁπλῇ
3229 4757 3430 4828 γνώσει
3456 4755 3754 4824 γινώσκειν

2172 4857 2240 4910 τὰ
2271 4857 2467 4910 πάντας
2505 4855 2614 4908 Καὶ
2650 4854 2828 4908 πάντα
2872 4853 2949 4924 τῷ
2978 4851 3108 4921 θείῳ
3130 4892 3145 4918 ,
3201 4850 3295 4903 καὶ
3328 4849 3755 4917 παντεποπτικῷ

2170 4957 2261 5010 καὶ
2292 4955 2442 5026 αὔλῳ
2468 4953 2640 5023 αὐτῆς
2684 4953 2895 5024 ὄμματι
2939 4949 3128 5013 ἁπλῶς
3166 4948 3441 5021 καθορᾷν,
3476 4945 3548 4999 τά
3575 4963 3637 4999 τε
3671 4945 3756 4996 ὲν-

2170 5047 2402 5111 εστῶτα,
2441 5047 2510 5100 τά
2532 5063 2590 5099 τε
2623 5043 3063 5117 παρεληλυθότα,
3089 5043 3186 5096 καὶ
3219 5041 3288 5096 τὰ
3323 5040 3589 5111 μέλλοντα
3625 5036 3755 5109 πρὶν

2173 5140 2440 5209 γενέσεως
2476 5139 2658 5193 αὐτῶν
2685 5153 2698 5168 ·
2729 5139 2791 5189 rb
2832 5136 3220 5206 ἀναμάρτητον
3240 5175 3255 5200 ,
3287 5133 3382 5186 καὶ
3423 5132 3484 5186 rb
3531 5129 3756 5199 ἀφιέναι

2173 5233 2472 5305 ἁμαρτίας,
2502 5233 2597 5287 καὶ
2639 5229 2834 5294 σώζειν
2852 5245 2868 5261 ο
2902 5229 2994 5284 καὶ
3023 5229 3106 5282 ὅτι
3143 5227 3326 5283 πάντα
3355 5224 3457 5296 μὲν
3483 5225 3584 5278 ὅσα
3611 5221 3755 5276 θέλει

2731 5407 2916 5463 “Dan.
2959 5423 3057 5473 xu,
3089 5407 3177 5463 ιιι.

1757 5575 1994 5636 VARle
2035 5569 2441 5629 LECTIONES.

548 5699 573 5736 ἀ
638 5697 695 5751 In
759 5693 880 5786 cod.
966 5696 1022 5750 S.
1083 5695 1188 5752 llil.
1225 5715 1290 5755 ex
1355 5703 1741 5758 emendatione
1774 5699 2013 5766 additur,
2049 5695 2110 5749 rb
2132 5690 2357 5758 ἁπλοῦν,
2386 5690 2444 5744 rb
2471 5688 2788 5744 ἀσύνθετον.

479 5761 686 5827 ἔχουσι.

2889 5697 2912 5725 ο
2945 5682 3012 5741 li.
3045 5681 3216 5750 2927;
3266 5681 3321 5735 in
3383 5675 3632 5742 margine
3677 5681 3750 5742 ὡς
