3962 6300
244 346 347 411 861
1380 356 1476 414 DE
1509 356 1685 415 FIDE
1708 357 2165 423 ORTHODOXA
2200 367 2344 429 LIB.
2381 369 2458 430 II.
3372 377 3475 438 θῦε

240 457 465 510 δύναται
491 469 506 484 ⁸
544 452 642 524 οὐχ
685 454 784 508 ὅσα
829 455 888 509 δὲ
923 456 1143 512 δύναται
1169 499 1184 524 ,
1220 459 1384 515 θέλει.
1442 462 1671 515 Δύναται
1709 464 1781 531 γά

1922 469 2069 539 quod
2116 473 2326 527 nullum
2366 476 2422 529 in
2476 492 2599 531 cum
2655 487 2938 547 peccatum
2992 482 3169 546 cadat,
3224 484 3476 553 quodque

237 546 506 601 ἀπολέσαι
530 547 624 599 τὸν
655 548 859 617 κόσμον
884 566 899 579 ·
939 550 999 602 οὐ
1028 550 1170 604 θέλει
1196 552 1276 605 δέ.

1914 568 2141 627 peccata
2194 563 2452 619 dimittat.
2495 575 2550 621 et
2595 546 2827 623 salutem
2870 570 3103 624 ali‘erat:
3139 586 3203 626 ac
3238 546 3473 640 denique

238 637 398 704 illud,
440 638 585 779 quin!
618 640 797 709 possit
830 640 1100 712 quidquid
1128 645 1282 699 vult:
1316 659 1432 700 non
1460 652 1645 701 tamen
1675 646 1807 702 velit
1848 649 2116 721 quidquid
2149 662 2347 723 potest.
2379 656 2563 714 Potest
2589 660 2735 713 enim
2767 661 3030 716 mundum
3098 663 3357 734 perdere,
3387 637 3472 718 τοι

238 741 349 779 ιιοιι
381 742 450 779 vu
478 735 499 779 t
577 766 593 779 .

238 741 349 781 non
381 735 499 781 νιιιι
528 735 593 782 ³⁷.

333 902 377 934 ³⁷
409 900 569 973 Greg.
599 907 741 958 orat.
807 901 897 957 40.

1312 1273 1668 1362 LIBER
1758 1273 2395 1369 SECUNDUS.

742 1607 991 1661 ΚΕΦΑΛ.
1025 1608 1082 1660 Αν
1115 1607 1131 1679 [
1154 1607 1291 1681 113'].

2566 1618 2715 1675 CAP.
2760 1631 2796 1673 ι.

807 1698 943 1764 Περὶ
984 1697 1215 1766 αἰῶνος.

300 1788 469 1851 Αὐτὸς
500 1789 623 1850 τοὺς
656 1788 857 1851 αἰῶνας
883 1790 1160 1861 ἐποίησεν,
1196 1794 1224 1845 6
1264 1795 1521 1867 ὑπάρχων
1547 1795 1652 1864 πρὸ
1689 1795 1796 1849 τῶν

228 1879 473 1931 αἰώνων·
524 1876 661 1945 πρὸς
709 1878 766 1929 ὃν
797 1895 960 1947 φησιν
992 1880 1020 1931 6
1070 1879 1214 1944 θεῖος
1259 1884 1458 1936 Δαϐίδο
1504 1884 1645 1938 Ἀπὸ
1690 1883 1796 1939 τοῦ

227 1968 475 2033 αἰῶνος,
523 1968 620 2021 καὶ
668 1968 776 2034 ἕως
814 1970 920 2023 τοῦ
956 1972 1173 2037 αἰῶνος
1210 1974 1291 2028 σὺ
1336 1972 1405 2029 εἴ.
1442 1976 1551 2029 Καὶ
1579 1976 1607 2028 6
1654 1976 1797 2041 Θεῖος

239 2058 558 2121 Ἀπόστολος
581 2077 594 2090 ο
630 2060 710 2111 Δι’
743 2056 815 2116 οὗ
847 2061 945 2115 καὶ
979 2063 1120 2129 τοὺς
1144 2064 1363 2132 αἰῶνας
1384 2066 1651 2135 ἐποίησε.

296 2151 417 2220 Χρὴ
455 2150 633 2203 τοίνυν
683 2151 1006 2220 γινώσκειν,
1054 2155 1135 2208 ὅτι
1166 2156 1226 2209 τὸ
1256 2156 1357 2210 τοῦ·
1400 2158 1594 2222 αἰῶνος
1625 2158 1793 2229 ὄνομα

224 2240 541 2310 πολύσημόν
569 2243 713 2294 ἐστι·
761 2243 988 2298 πλεῖστα
1023 2245 1132 2316 γὰρ
1185 2249 1462 2318 σημαίνει.
1496 2250 1640 2303 Λίὼν
1686 2252 1793 2321 γὰρ

224 2331 446 2397 λέγεται
474 2332 564 2385 καὶ
592 2334 627 2401 ἠ
650 2333 881 2386 ἑκάστου
910 2335 1018 2387 τῶν
1057 2338 1362 2408 ἀνθρώπων
1391 2341 1527 2413 ζωή.
1557 2343 1791 2412 Λέγεται

224 2424 387 2477 πάλιν
420 2424 555 2476 αἰὼν
580 2426 692 2495 (45)
719 2466 733 2489 ,
782 2428 877 2479 καὶ
908 2428 936 2480 6
962 2428 1150 2498 χιλίων
1202 2432 1339 2485 ἐτῶν
1368 2434 1577 2505 χρόνος.
1623 2436 1793 2490 Πάλιν

223 2512 442 2579 λέγεται
481 2513 634 2579 αίὼν,
666 2515 785 2579 ὅλος
814 2519 842 2570 6
876 2518 1065 2588 παρὼν
1104 2519 1218 2589 βίος
1241 2535 1253 2548 ·
1296 2523 1391 2576 καὶ
1426 2524 1560 2578 αίὼν
1602 2528 1630 2579 6
1663 2525 1793 2597 μέλ-

223 2604 369 2667 λων,
414 2605 443 2656 6
489 2605 628 2675 μετά
672 2606 770 2678 τὴν
813 2608 1109 2664 ἀνάστασιν
1147 2613 1527 2685 ἀτελεύτητος.
1559 2618 1790 2685 Λέγεται

223 2696 388 2749 πάλιν
417 2697 570 2760 αἰὼν,
608 2699 668 2751 οὐ
697 2700 906 2770 χρόνος,
929 2702 1048 2755 οὐδὲ
1092 2704 1283 2776 χρόνου
1311 2724 1363 2759 τι
1395 2708 1568 2777 μέρος
1588 2746 1605 2772 ,
1638 2710 1789 2780 ἡλίου

221 2788 366 2857 φορᾷ
398 2787 489 2841 καὶ
515 2788 702 2860 δρόμῳ
731 2791 1123 2862 μετρούμενον,
1156 2794 1324 2863 ἧγουν
1356 2795 1423 2848 δι’
1449 2797 1672 2869 ἡμερῶν
1698 2801 1791 2853 καὶ

221 2880 434 2933 νυκτῶν
469 2883 879 2952 συνιστάμενον,
910 2885 1047 2939 ἀλλά
1087 2886 1147 2939 τὸ
1183 2892 1789 2961 συμπαρεκτεινόμενον

216 2975 330 3034 τοῖς
368 2971 579 3038 ἀϊδίοις,
611 2968 721 3026 οἷόν
749 2992 801 3028 τι
828 2976 1076 3046 χρονικδν
1102 2979 1329 3049 κίνημα,
1362 2981 1457 3035 καὶ
1490 2980 1785 3053 διάστημα.

219 3064 401 3133 Ὅπερ
436 3064 545 3134 γὰρ
576 3068 689 3128 τοῖς
735 3066 839 3120 ὑπὸ
890 3068 1080 3139 χρόνον
1125 3071 1153 3123 6
1202 3069 1429 3140 χρόνος,
1472 3070 1628 3125 τοῦτο
1680 3073 1791 3135 τοῖς

218 3157 414 3220 ἀϊδίοις
448 3158 595 3214 ἐστὶν
622 3159 776 3215 αἰών.
824 3164 831 3169 ’

291 3420 555 3488 Λέγονται
603 3421 700 3492 μὲν
746 3417 838 3475 οὖν
874 3422 1014 3475 ἑπτὰ
1051 3422 1246 3488 αἰῶνες
1273 3423 1382 3494 (44)
1429 3423 1523 3477 τοῦ
1575 3425 1779 3487 κόσμου

214 3509 432 3575 τούτου,
484 3513 650 3581 ἤγουν
680 3512 787 3565 ἀπὸ
821 3514 919 3583 τῆς
962 3514 1194 3585 οὐρανοῦ
1243 3515 1334 3567 καὶ
1376 3515 1477 3584 γῆς
1528 3515 1778 3580 κτίσεως,

218 3603 385 3671 μέχρι
415 3602 515 3672 τῆς
554 3603 741 3672 κοινῆς
786 3604 893 3657 τῶν
933 3604 1232 3675 ἀνθρώπων
1263 3606 1568 3669 συντελείας
1601 3623 1659 3659 τε
1691 3606 1783 3659 καὶ

288 3774 333 3808 ³⁸
357 3774 501 3829 Psal.
527 3791 745 3836 usus,
766 3776 822 3829 2.

214 3846 261 3876 δ’
286 3843 452 3915 Greg.
483 3843 613 3898 Naz.
643 3857 782 3901 orat.
806 3845 894 3911 55,
914 3846 982 3901 58
1007 3856 1060 3903 et
1085 3845 1174 3899 42.

2392 1706 2468 1761 De
2487 1709 2685 1763 swculo
2715 1726 2806 1763 seu
2837 1727 2966 1766 (evo.

1968 1793 2088 1864 Ipse
2126 1796 2327 1851 saecula
2366 1797 2515 1863 fecit,
2566 1801 2660 1867 qui
2704 1813 2830 1855 ante
2862 1803 3065 1856 saecula
3094 1814 3213 1858 erat
3246 1822 3259 1859 :
3295 1822 3453 1875 quem

1896 1884 2121 1941 divinus
2176 1885 2351 1940 David
2406 1888 2491 1943 his
2541 1891 2724 1946 verbis
2774 1892 2972 1949 aﬁ‘atur
3019 1912 3031 1947 :
3076 1897 3117 1948 Λ
3169 1899 3361 1950 swculo
3407 1908 3459 1952 et

1896 1992 2056 2046 usque
2089 1978 2141 2030 in
2188 1979 2441 2032 swculum
2489 1990 2543 2032 tu
2583 1998 2636 2035 es
2668 1981 2731 2034 ³³.
2774 1982 2850 2037 De
2900 1999 3010 2051 quo
3058 1986 3185 2041 item
3237 1988 3457 2044 divinus

1894 2065 2216 2135 Apostolus,
2239 2083 2330 2135 per
2358 2085 2508 2138 quem
2547 2069 2672 2138 fecit
2696 2081 2744 2124 et
2772 2073 2967 2126 siccata
2986 2075 3049 2127 ’9.

1966 2158 2106 2237 Quid
2128 2159 2399 2221 sarculum,
2424 2159 2618 2215 Grazcis
2650 2161 2814 2217 ἀιών.
2837 2194 2906 2203 —-
2930 2163 3226 2219 Sciendum
3251 2167 3455 2237 itaque,

1893 2230 2093 2304 nomen
2133 2251 2339 2314 saeculi,
2380 2267 2475 2305 seu
2506 2253 2628 2316 aevi,
2662 2254 3039 2323 multipliciter
3068 2257 3240 2327 accipi
3270 2277 3281 2312 :
3308 2274 3456 2313 com~

1894 2340 2054 2410 plura
2096 2341 2242 2395 enim
2289 2340 2584 2410 signiﬁcat.
2619 2342 2752 2396 Nam
2808 2352 2862 2397 et
2907 2344 3145 2401 hominis
3211 2347 3456 2417 cujusvis

1894 2427 2005 2482 vita
2031 2430 2291 2483 sazculum
2330 2429 2552 2482 dicitur.
2584 2429 2853 2482 Saeculum
2891 2430 3042 2495 item,
3070 2438 3284 2499 tempus
3312 2433 3458 2487 mille

1893 2534 2159 2575 annorum
2190 2519 2500 2589 appellatur
2524 2518 2592 2572 ⁸ο.
2619 2521 2700 2574 Ad
2732 2521 2846 2575 haec
2891 2521 3153 2575 sazculum
3200 2524 3455 2576 nomina-

1891 2615 2003 2674 tur,
2050 2617 2225 2665 totum
2273 2610 2562 2680 praesentis
2593 2610 2717 2664 vitae
2760 2611 3124 2677 curriculum,
3165 2620 3219 2666 et
3270 2612 3455 2667 futura

1894 2697 1986 2750 illa
2027 2713 2089 2751 ac
2131 2707 2252 2767 post
2314 2698 2782 2752 resurrectionem
2842 2699 3173 2755 immortalis
3224 2701 3333 2755 vita
3384 2702 3450 2757 “.

1893 2787 2037 2854 Quin
2085 2789 2343 2844 sazculum
2390 2803 2611 2858 quoque
2660 2788 2883 2855 dicitur,
2923 2804 3032 2843 non
3076 2797 3316 2860 tempus,
3351 2806 3455 2846 nec

1893 2884 2154 2952 temporis
2204 2899 2334 2953 pars
2380 2882 2492 2936 ulla
2539 2882 2671 2936 solis
2724 2889 2875 2936 motu
2907 2896 2970 2936 ac
3009 2898 3177 2939 cursu
3210 2884 3450 2951 deﬁnita,

1890 2975 2005 3029 sive
2052 2990 2118 3028 ex
2169 2974 2381 3027 dierum
2436 2973 2791 3041 noctiumque
2844 2973 2986 3028 serie
3039 2973 3316 3027 conflata:
3359 2977 3451 3029 sed

1888 3064 1978 3117 ille
2006 3064 2153 3117 velut
2184 3061 2504 3132 temporalis
2529 3069 2731 3124 motus,
2767 3074 2831 3113 ac
2872 3061 3133 3129 spatium,
3165 3062 3311 3130 quod
3346 3078 3452 3116 una

1886 3169 2010 3208 eum
2069 3153 2137 3207 iis
2184 3167 2305 3223 quae
2353 3160 2557 3206 mterna
2602 3158 2731 3205 sunt
2781 3150 3133 3220 protenditur
3181 3153 3247 3205 δ’.
3297 3152 3453 3218 Quod

1885 3245 2029 3300 enim
2086 3245 2155 3298 iis
2195 3258 2316 3313 quae
2359 3243 2591 3312 tempori
2650 3242 2890 3297 subsunt
2932 3251 3146 3313 tempus
3193 3252 3299 3305 est,
3348 3243 3453 3298 hoc

1885 3335 2159 3405 perpetuis
2188 3343 2274 3389 est
2303 3334 2589 3388 smculum.

1958 3423 2162 3493 Septem
2202 3425 2395 3477 sarcula
2418 3425 2534 3476 vita:
2556 3422 2731 3489 hujus,
2776 3430 2825 3475 et
2865 3432 3102 3475 octavum
3146 3423 3450 3491 futurw.--

1886 3513 2003 3568 1am
2037 3530 2163 3567 vero
2190 3522 2392 3583 septem
2426 3512 2741 3581 hujusmodi
2780 3513 2978 3565 saecula
3022 3513 3313 3577 dicuntur;
3347 3515 3449 3569 hoc

1888 3615 1990 3671 est,
2014 3619 2042 3657 a
2069 3605 2193 3658 coeli
2224 3613 2492 3673 terraeque
2518 3603 2796 3657 creatione
2820 3617 2991 3672 usque
3015 3603 3081 3657 ad
3103 3618 3445 3658 communem

900 3775 1143 3848 sis—Hebr.
1167 3793 1205 3839 ι,
1234 3777 1286 3831 5.
1363 3777 1408 3809 ⁸ο
1438 3777 1607 3832 Arist.
1642 3777 1731 3834 lib.
1765 3794 1781 3831 l

1917 3776 2065 3843 caelo,
2101 3783 2234 3831 text.
2258 3777 2377 3832 100.
2455 3777 2497 3809 δι
2519 3775 2706 3834 Matth.
2741 3794 2841 3848 xu,
2868 3778 2970 3846 52;
3009 3778 3141 3835 Luc.
3165 3794 3316 3845 unt,
3347 3780 3438 3836 3i.

1738 3958 1967 4016 ΝΟΤᾹΞ.

267 4043 286 4110 (
308 4050 399 4116 45)
439 4047 679 4118 Λέγεται
711 4049 895 4103 πάλιν
924 4048 1086 4102 αἰών.
1115 4047 1255 4113 Quin
1300 4048 1550 4101 sacculum
1581 4064 1778 4118 quoque

213 4120 441 4189 dicitur,
489 4128 594 4189 etc.
638 4117 722 4189 lta
763 4118 1070 4189 Gregorius
1122 4118 1432 4189 Theologus
1475 4118 1663 4172 multis
1696 4117 1776 4173 ’in

215 4190 372 4242 locis.
406 4186 649 4241 Gnustici
681 4186 904 4239 αἰώνων
922 4188 1140 4241 nomine
1167 4227 1182 4249 ,
1216 4188 1361 4256 quod
1392 4186 1654 4256 frequens
1693 4197 1777 4242 est

217 4259 271 4310 in
303 4257 625 4325 Scripturis,
653 4256 909 4325 quodque
941 4256 1130 4310 Latine
1158 4258 1209 4309 in
1242 4259 1493 4311 sarculum
1523 4258 1775 4321 vertitur,

214 4329 448 4381 virtutes
479 4326 657 4380 varias
674 4341 734 4378 ex
758 4326 867 4379 Deo
892 4328 1123 4380 etnissas
1157 4327 1452 4394 signiﬁcari
1480 4326 1775 4391 ﬁnxerunt,

214 4407 383 4475 atque
434 4396 635 4475 idcirco
672 4393 838 4475 peum
871 4395 978 4475 dici
1030 4405 1161 4475 ante_
1189 4393 1405 4475 singula,
1454 4405 1693 4475 exstare,
1727 4404 1779 4451 et
1812 4419 1857 4475 ι)

214 4467 265 4517 in
292 4464 490 4519 srrcula
524 4464 856 4535 singulorum.
890 4466 1097 4535 Horum
1130 4465 1321 4518 deliria
1360 4474 1482 4535 post
1516 4464 1776 4519 Irenzrum

213 4535 525 4588 confutavit
589 4533 969 4603 Theodoretus
1024 4534 1086 4603 in
1144 4533 1395 4603 Epitome
1466 4535 1778 4588 divinorqu

212 4606 552 4671 (ingniatum.
589 4602 732 4655 Λίὼν
766 4603 970 4657 Graecis
1019 4602 1160 4657 idem
1194 4602 1317 4667 est,
1352 4604 1497 4671 quod
1533 4620 1698 4656 wvum
1728 4612 1782 4656 et

212 4675 468 4727 saxulum
495 4672 705 4725 Latinis
739 4691 752 4725 :
785 4688 892 4741 quo
916 4688 1083 4727 sensu
1118 4672 1316 4726 dicitur
1349 4673 1490 4728 Deus
1514 4688 1638 4727 esse
1673 4671 1779 4740 πρὸ

211 4744 445 4803 αἰώνων,
471 4750 523 4795 et
548 4742 890 4811 προαιώνιος,
922 4751 1041 4795 ante
1062 4758 1226 4795 wvum
1260 4759 1408 4796 omne
1435 4750 1482 4796 et
1504 4742 1775 4795 sa’culum.

212 4812 309 4865 Sin
348 4829 446 4879 pro
480 4812 782 4865 arternitatc
816 4813 1137 4878 accipiatur,
1185 4812 1443 4865 delinitur
1474 4828 1537 4865 ex
1570 4811 1775 4876 Boetio,

206 4880 620 4935 interminabilis
652 4881 771 4933 uita:
808 4890 915 4934 tota
951 4881 1111 4934 simul
1143 4890 1191 4933 et
1235 4883 1463 4949 perfecta
1495 4882 1775 4949 possessio.

208 4950 388 5014 Quam
421 4950 793 5005 deﬁnitionem
834 4951 1057 5015 agnovit
1090 4949 1263 5010 ΡΙιὶΙυ,
1308 4952 1402 5004 lib.
1440 4950 1515 5003 De
1556 4950 1773 5015 mundo,

208 5021 301 5073 ubi
335 5021 413 5073 ait
446 5037 459 5072 :
503 5019 595 5089 Ἐν
635 5020 791 5071 αἰῶνι
844 5020 965 5073 οὔτε
1006 5019 1377 5089 παρελήλυθεν
1421 5019 1609 5082 οὐδὲν,
1650 5018 1772 5071 οὔτε

213 5089 433 5158 μέλλει,
476 5088 612 5141 ἀλλὰ
658 5090 818 5156 μόνον
853 5088 1176 5157 ὑφέστηκεν.
1215 5088 1278 5141 In
1321 5091 1612 5144 wternitate
1645 5088 1775 5145 nihil

210 5160 451 5217 transiit.
487 5173 578 5210 nec
607 5158 848 5224 futurum
886 5169 983 5223 est,
1030 5159 1119 5211 sed
1144 5159 1473 5212 solummodo
1511 5159 1770 5211 consistit.

204 5227 447 5282 Joannes
480 5228 738 5296 Scythop.
763 5229 816 5280 in
852 5244 973 5297 cap.
1006 5227 1038 5280 ὃ
1074 5226 1149 5280 De
1184 5229 1287 5280 div.
1316 5245 1455 5280 nom.
1492 5228 1774 5297 proprium

205 5297 304 5351 Dei
340 5313 464 5351 esse
501 5294 596 5360 ait,
634 5294 796 5366 utlsit
824 5294 958 5349 αἰὼν
980 5337 994 5359 ,
1021 5297 1148 5366 quia
1185 5313 1400 5366 semper
1428 5305 1511 5351 est
1547 5297 1633 5366 ἀεὶ
1657 5294 1732 5348 ὢν
1755 5310 1770 5326 ⁸

202 5368 346 5454 ὅτεερ
385 5366 659 5454 γὰρμήτε
693 5362 790 5454 ἦὶν,
819 5362 1055 5454 ,ἰηιιιιὶιξ
1090 5368 1232 5454 μήτε
1266 5362 1417 5454 ἔσται
1444 5365 1773 5454 ,μάλλξᾼέστι

208 5435 396 5503 μόνον,
432 5435 586 5488 τοῦτο
613 5437 786 5499 ἑστὼς
816 5435 938 5504 ἔχον
969 5437 1029 5489 τὸ
1062 5435 1218 5490 εἶναι.
1260 5436 1401 5488 Nam
1436 5436 1573 5505 quod
1613 5451 1773 5501 neque

201 5515 342 5565 erat,
385 5522 544 5574 neque
573 5508 690 5570 erit,
734 5506 823 5560 sed
855 5508 1216 5560 tantummodo
1244 5521 1341 5569 est,
1374 5506 1488 5568 hoc,
1529 5521 1644 5557 cum
1674 5507 1771 5557 ha-

203 5575 325 5626 beat
348 5591 461 5628 esse
498 5577 805 5635 consistens,
840 5576 917 5627 ita
942 5587 996 5628 ut
1021 5594 1120 5630 non
1161 5586 1388 5628 mutetur
1421 5578 1471 5629 in
1513 5575 1768 5640 futurum,

200 5655 298 5715 aut
332 5642 397 5696 ab
447 5646 678 5715 eorquod
728 5655 876 5707 erat,
910 5647 961 5697 in
992 5648 1043 5698 id
1075 5647 1212 5715 quod
1266 5655 1378 5707 est,
1418 5645 1574 5715 τοῦτό
1623 5650 1770 5698 ἐστιν

174 5714 359 5782 ναίων,
394 5714 529 5768 illud
560 5726 694 5769 certe
724 5726 825 5786 ‘cst
881 5716 1033 5771 αἰών.
1090 5715 1164 5769 Ex
1237 5731 1345 5787 quo
1396 5714 1556 5769 infert
1603 5718 1765 5770 vitam

1886 4048 2065 4121 illam,
2102 4064 2221 4121 quae
2257 4048 2364 4102 line
2405 4048 2802 4121 cariturahnon
2854 4058 2974 4114 est,
3033 4066 3261 4121 quaeque
3330 4060 3442 4106 tota

1884 4118 2045 4171 simul
2078 4118 2328 4175 exsistit.
2362 4117 2521 4186 cujus
2566 4118 2697 4171 nihil
2738 4117 3129 4181 consumatur,
3167 4117 3266 4175 nec
3306 4138 3444 4189 pra:-

1885 4196 2077 4246 tcreal,
2108 4202 2282 4254 neque
2316 4189 2556 4241 futurum
2589 4189 2680 4247 sit,
2721 4204 2827 4241 non
2859 4205 2982 4242 esse
3007 4206 3068 4241 ex
3104 4199 3217 4244 toto
3242 4192 3436 4254 αἰῶνα,

1886 4256 1978 4311 sed
2006 4257 2124 4324 ejus
2164 4258 2414 4311 echctum
2446 4276 2457 4310 :
2494 4257 2622 4325 quia
2666 4257 2806 4312 Dens
2845 4258 2958 4326 ipse
2990 4258 3122 4310 αἰὼν
3151 4269 3254 4321 est,
3293 4262 3440 4326 ipsa-

1885 4334 1994 4379 met
2021 4327 2321 4387 aeternitas,
2358 4328 2449 4378 καὶ
2488 4326 2686 4388 αἰῶνας
2718 4328 2884 4379 ποιῶν
2919 4329 3272 4381 (ιιιετιιὶιαιιιηι
3310 4329 3439 4395 εΙΪε-

1885 4404 2041 4458 ctor;
2074 4396 2213 4468 quia
2268 4397 2430 4468 rebus
2478 4412 2598 4465 qua:
2651 4398 3012 4462 intelligentia
3065 4398 3441 4468 percipiuntur

1884 4464 2154 4527 concedit,
2185 4470 2242 4516 ut
2279 4466 2389 4519 sint
2415 4464 2648 4518 αξιοι-ηαδ.

1955 4534 2067 4601 (Η)
2108 4534 2390 4600 Λέγογται
2428 4534 2543 4601 μὲν
2568 4531 2682 4589 οὖν
2703 4535 2851 4587 ἑπτὰ
2878 4536 3088 4601 aldine
3110 4554 3124 4566 ο
3160 4535 3285 4589 Jam
3324 4553 3438 4589 vero

1881 4611 2073 4675 septem
2111 4608 2306 4675 swcula
2357 4605 2622 4656 dicuntur.
2672 4604 2771 4657 SS.
2817 4604 3002 4661 l‘atres
3044 4608 3286 4675 plerique
3328 4614 3439 4658 tra-

1882 4670 2020 4724 dunt
2047 4672 2362 4725 universum
2404 4674 2513 4742 hoc,
2560 4688 2651 4725 sex
2702 4689 2967 4726 annorum
3027 4670 3266 4729 millibus
3313 4690 3439 4742 per-

1883 4754 2238 4803 mansurum,
2288 4741 2742 4808 quernadmodmn
2798 4743 2989 4796 diebus
3032 4759 3122 4796 sex
3157 4741 3437 4796 conditum

1883 4810 2020 4879 fuit:
2075 4809 2356 4879 Scriptura
2406 4812 2621 4863 dicente
2669 4812 2803 4879 psal.
2860 4828 3063 4864 LXXXIX
3119 4813 3436 4877 :Quoniam

1881 4878 2024 4932 mille
2056 4878 2182 4931 anui
2212 4888 2331 4931 ante
2357 4880 2533 4933 oculos
2566 4878 2681 4933 tuos
2715 4882 2846 4932 sicut
2867 4881 2974 4932 dies
3000 4898 3125 4933 una.
3161 4881 3436 4936 Consimi-

1881 4949 1984 5001 lcm
2020 4948 2367 5001 traditionem
2402 4948 2573 5002 Judazi
2611 4950 2807 5002 habent
2849 4950 2900 5002 in
2932 4949 3229 5004 Thalmude
3272 4959 3431 5003 tract.

1885 5018 1958 5071 De
1992 5017 2159 5070 avoda
2189 5032 2334 5069 zara.
2368 5017 2623 5086 Basilius,
2656 5019 2746 5071 lib.
2784 5019 2856 5071 De
2881 5029 3066 5071 struet.
3113 5021 3259 5072 hom.
3292 5020 3345 5077 Ξ,
3382 5031 3435 5072 ct

1877 5086 2287 5148 Nazianzenus,
2314 5095 2454 5139 orat.
2496 5088 2584 5150 44,
2625 5088 2910 5155 septimam
2966 5090 3259 5143 crcationis
3288 5088 3434 5140 diem

1880 5161 2034 5226 aiunt
2073 5158 2560 5226 consummationis
2606 5157 2768 5223 hujus
2798 5159 2983 5226 διερειΙί
3019 5158 3242 5226 ﬁguram
3289 5172 3431 5209 esse.

1879 5224 2056 5278 Latini
2084 5266 2099 5289 ,
2138 5235 2196 5279 ut
2242 5225 2476 5278 Severus
2532 5224 2797 5292 Sulpitius
2819 5264 2832 5286 ,
2876 5224 3114 5280 Isidorus
3141 5268 3154 5289 ,
3185 5225 3433 5279 Julianus

1878 5293 2199 5358 Toletanus,
2257 5294 2558 5347 Romanum
2589 5295 3057 5364 Martyrologium,
3100 5306 3149 5349 et
3184 5296 3273 5347 alii
3309 5295 3433 5362 qui-

1878 5364 1982 5418 bus
2030 5364 2174 5418 favet
2207 5364 2532 5417 Anastasius
2572 5364 2649 5426 ll,
2686 5364 3089 5428 Antiochcnus,
3134 5365 3225 5418 lib.
3266 5379 3338 5417 vn
3379 5365 3431 5416 in

1877 5434 2255 5495 Hexaemeron,
2277 5444 2517 5500 tempora
2552 5433 2737 5486 mundi
2774 5434 2825 5483 in
2861 5440 3064 5497 soptem
3098 5443 3286 5486 anates
3324 5433 3433 5487 disc

1877 5506 2209 5557 tribuerunt.
2275 5503 2577 5555 Germanus
2607 5502 2710 5555 CP.
2748 5504 2945 5554 saaculo
2983 5518 3089 5559 xu.
3133 5519 3197 5555 ex
3239 5512 3431 5555 aucto-

1876 5575 2039 5626 ritate
2070 5572 2339 5641 Hippolyti
2360 5613 2373 5633 ,
2406 5572 2592 5639 Cyrilli
2625 5580 2680 5624 et
2724 5570 3131 5641 Chrysostomi,
3164 5572 3216 5624 in
3251 5573 3429 5641 Expo-

1875 5644 2074 5695 sitione
2108 5640 2339 5712 liturgia),
2372 5642 2605 5710 probare
2638 5640 2831 5693 nititur
2871 5640 3262 5712 Antichristum
3312 5640 3432 5712 post

1873 5728 1969 5766 sex
2002 5714 2166 5766 millia
2191 5711 2600 5782 ctquingcntos
2630 5724 2801 5765 annos
2831 5711 3221 5779 appariturum.
