3962 6300
497 321 607 383 863

1708 314 1771 378 S.
1811 315 2133 380 JOANNIS
2171 318 2607 383 DAMASCENI

3676 317 3787 383 864

500 431 786 487 hominum
833 429 1405 483 'consummatlonem
1466 434 1521 483 et
1583 427 2079 485 resurrectionem.

2208 432 2559 495 ιναστὰσεως.
2607 430 2768 487 Ἔστι
2818 429 2918 501 μὲν
2964 427 3076 500 γὰρ
3120 425 3410 482 συντέλεια
3467 430 3707 501 μερικὴ,
3751 435 3786 485 6

501 523 716 578 Etenim
766 521 976 592 privata
1017 519 1245 590 quidem
1289 527 1378 576 est
1423 521 1876 587 consummatio,
1933 535 2086 578 mors

499 614 804 683 cujusque;
855 612 1172 668 communis
1230 624 1440 678 autem,
1509 620 1566 668 et
1622 613 1862 687 integra,
1929 611 2090 686 155

500 719 626 758 cum
686 703 1001 760 communis
1066 703 1316 759 omnium
1379 706 1720 762 resurrectio
1778 706 2084 778 continget.

500 794 768 852 Octavum
797 811 965 867 porro
999 797 1285 860 saeculum,
1319 813 1496 852 aevum
1524 797 1776 854 futurum
1813 805 1918 854 est.

572 887 846 945 Caeterum
877 896 1008 945 ante
1035 888 1229 944 mundi
1258 888 1712 960 productionem,
1744 904 1872 945 cum
1911 904 1980 945 ne
2005 889 2090 946 sol

503 976 726 1044 quidem
785 983 974 1042 esset,
1032 977 1128 1047 qui
1178 976 1321 1032 diem
1378 991 1409 1032 a
1474 984 1637 1035 nocte
1686 977 2087 1050 distingueret,

502 1065 776 1136 ejusmodi
804 1068 1072 1124 saeculum
1113 1083 1221 1124 non
1269 1075 1389 1124 erat
1415 1069 1566 1140 quod
1600 1069 1916 1125 mensurari
1963 1084 2090 1140 pos-

505 1167 590 1212 set
612 1157 690 1224 ";
733 1156 828 1214 sed
861 1158 950 1214 ille
980 1159 1152 1214 veluti
1183 1159 1505 1230 temporalis
1542 1166 1728 1215 motus
1762 1159 2010 1230 quidam,
2037 1167 2092 1215 et

506 1249 890 1315 intervallum,
919 1252 1066 1322 quod
1103 1265 1210 1306 una
1237 1266 1362 1306 cum
1394 1253 1620 1309 aeternis
1647 1252 1815 1309 rebus
1845 1251 2094 1323 exporri-

507 1350 750 1411 geretur.
777 1341 958 1412 Atque
994 1342 1099 1398 hac
1137 1341 1362 1413 quidem
1405 1344 1626 1400 ratione
1661 1359 1832 1400 unum
1878 1351 1964 1400 est
1992 1357 2094 1400 sae-

507 1430 717 1490 culum.
771 1429 1075 1486 secundum
1141 1446 1306 1501 quam
1347 1431 1494 1489 Deus
1546 1434 1712 1489 etiam
1767 1431 1984 1498 αἰώνιος
2025 1432 2092 1496 δι,

507 1520 670 1590 quasi
691 1519 900 1576 diceret
925 1521 1226 1585 steculart's,
1264 1531 1649 1594 nuncupatur;
1680 1525 1792 1579 imo
1812 1531 1868 1580 et
1893 1523 2094 1579 sarculo

510 1611 816 1681 antiquior,
847 1619 1036 1684 utpote
1068 1613 1162 1682 qui
1199 1613 1377 1680 ipsum
1406 1614 1670 1669 saeculum
1705 1615 1824 1685 ipse
1871 1613 2087 1678 fecerit,

511 1699 658 1758 Deus
692 1703 861 1768 enim,
891 1718 1016 1759 cum
1055 1704 1208 1759 solus
1241 1705 1518 1774 principio
1547 1714 1756 1769 careat,
1785 1706 2089 1762 universo-

2190 523 2423 577 ἑκάστου
2465 522 2696 586 θάνατος
2719 534 2734 551 ·
2773 519 2888 575 ἔστι
2921 520 2978 574 δὲ
3024 519 3122 573 καὶ
3146 517 3304 590 κοινὴ
3325 559 3342 585 ,
3372 518 3470 572 καὶ
3499 520 3786 593 παντελὴς

2193 613 2494 678 συντέλεια,
2530 615 2620 668 ὅτε
2653 613 2839 685 μέλλει
2872 613 2907 683 ἠ
2940 612 3096 682 κοινὴ
3127 609 3379 680 γίνεσθαι
3418 611 3529 666 τῶν
3562 610 3782 686 ἀνθρώ-

2191 725 2310 762 πων
2339 706 2658 771 ἀνάστασις.
2695 704 2924 774 Ὄγδοος
2959 702 3038 771 δὲ,
3069 701 3204 757 αἰὼν
3237 705 3266 757 6
3295 701 3530 774 μέλλων.

2264 885 2380 956 Πρὸ
2410 883 2468 938 δὲ
2511 882 2613 954 τῆς
2656 881 2752 938 τοῦ
2802 881 3012 955 κόσμου
3047 882 3397 948 συστάσεως,
3444 882 3537 938 ὅτε
3585 883 3709 939 οὐδὲ
3758 887 3792 940 6

2190 976 2343 1047 ἥλιος
2369 971 2440 1048 ἦν
2468 976 2696 1048 διαιρῶν
2723 976 2942 1048 ἡμέραν
2969 973 3078 1030 ἀπὸ
3120 975 3318 1040 νυκτὸς
3337 1015 3354 1043 ,
3387 974 3490 1030 οὐκ
3523 970 3594 1035 ἦν
3633 975 3787 1030 αἰὼν

2196 1067 2483 1140 μετρητὸς,
2513 1066 2654 1122 ἀλλὰ
2675 1066 2738 1120 τὸ
2767 1082 2837 1118 συ
2848 1064 3392 1138 μπαρεκτεινόμενον
3415 1067 3530 1130 τοῖς
3558 1065 3777 1129 ἀϊδίοις,

2193 1153 2306 1212 οἷόν
2343 1176 2397 1212 τι
2445 1158 2698 1231 χρονικὸν
2743 1157 2955 1229 κίνημα
3003 1157 3100 1211 καί
3135 1157 3415 1228 διάστημα
3439 1174 3453 1188 °
3511 1156 3781 1212 καὶκατὰ

2199 1250 2295 1321 μὲν
2333 1249 2517 1316 τοῦτο,
2551 1246 2632 1314 εἷς
2662 1248 2796 1304 αἰών
2847 1250 2997 1303 ἐστι·
3031 1247 3170 1303 καθὸ
3199 1249 3296 1303 καὶ
3335 1248 3557 1318 λέγεται
3593 1251 3622 1303 6
3645 1247 3782 1311 Θεὸς

2195 1341 2435 1408 αἰώνιος,
2471 1341 2610 1397 ἀλλὰ
2650 1341 2747 1396 καὶ
2791 1339 3120 1412 προαιώνιος
3143 1357 3159 1372 ·
3194 1343 3290 1395 καὶ
3321 1340 3489 1395 αὐτὸν
3534 1339 3647 1410 γὰρ
3689 1340 3789 1391 τὸν

2196 1437 2370 1490 αἰῶνα
2396 1434 2624 1506 ἐποίησε
2644 1450 2659 1466 ο
2695 1433 2856 1504 μόνος
2883 1431 2992 1504 γὰρ
3023 1431 3262 1503 ἄναρχος
3292 1430 3369 1486 ῶν
3403 1433 3432 1486 6
3455 1431 3611 1496 Θεὸς,
3643 1429 3790 1484 πάν-

2194 1543 2304 1580 των
2333 1525 2498 1590 αὐτός
2525 1526 2645 1579 ἐστι
2669 1523 2921 1595 ποιητὴς,
2945 1522 3056 1576 τῶν
3082 1540 3141 1576 τε
3167 1522 3407 1587 αἰώνων,
3439 1523 3533 1576 καὶ
3561 1521 3792 1574 πάντων

2196 1617 2303 1671 τῶν
2331 1617 2524 1672 ὅντων.
2574 1616 2708 1670 Θεὸν
2744 1615 2804 1669 δὲ
2847 1613 3021 1668 εἰπὼν
3042 1654 3058 1679 ,
3102 1614 3262 1686 δῆλον
3312 1615 3397 1670 ὃτι
3447 1614 3535 1668 τὸν
3566 1612 3794 1684 Πατέρα

2196 1707 2378 1775 λέγω,
2424 1707 2520 1760 καί
2569 1707 2660 1760 τὸν
2695 1705 2960 1776 μονογενῆ
3011 1705 3179 1759 αὑτοῦ
3215 1705 3379 1770 Υἰὸν,
3429 1703 3522 1757 τὸν
3574 1702 3791 1773 Κύριον

511 1807 630 1847 rum
661 1795 778 1864 ipse
810 1805 916 1861 est,
945 1805 1059 1850 tum
1089 1797 1444 1862 saeculorum,
1477 1805 1591 1852 tum
1623 1813 1810 1854 rerum
1840 1798 2087 1853 omnium

2208 1799 2355 1869 ἡμῶν
2408 1797 2620 1868 Ἰησοῦν
2669 1797 2906 1869 Χριστὸν
2935 1837 2952 1862 ,
2999 1797 3096 1852 καὶ
3137 1796 3201 1850 τὸ
3241 1795 3469 1866 Πνεῦμα
3526 1793 3693 1848 αὐτοῦ
3725 1793 3794 1847 τὸ

511 1899 733 1953 parens.
773 1885 941 1942 Deum
989 1903 1152 1957 porro
1181 1888 1411 1952 dicens,
1450 1890 1646 1960 procul
1677 1889 1846 1945 dubio
1878 1898 1934 1946 et
1976 1889 2084 1944 Pa-

2194 1889 2459 1960 πανάγιον
2486 1890 2580 1944 τὸν
2609 1890 2708 1944 ἕνα
2729 1888 2864 1944 Θεὸν
2900 1888 3079 1960 ἡμῶν.

509 1982 648 2032 trem
679 1976 826 2042 dico,
854 1975 1167 2048 Filiumque
1213 1979 1336 2050 ejus
1387 1981 1740 2052 unigenitum
1795 1981 2088 2038 Dominum
2146 1991 2409 2042 nostrum
2468 1980 2657 2040 Iesum
2715 1982 3024 2048 Christum,
3095 1989 3150 2039 et
3189 1981 3604 2038 sanctissimum
3664 1977 3798 2048 ejus

511 2067 804 2137 Spiritum,
840 2084 1010 2124 ttnum
1040 2069 1209 2126 Deum
1237 2080 1512 2128 nostrum.

582 2157 795 2212 Sa'cula
829 2159 1163 2214 steculorum.
1197 2159 1438 2231 Origenis
1458 2162 1782 2217 instauratio
1811 2161 2092 2218 damnata.

521 2279 580 2289 —
606 2248 764 2316 Quod
813 2259 994 2307 autem
1042 2251 1372 2308 saeculorum
1411 2253 1931 2320 saecula'dicuntur,
1967 2254 2095 2310 ideo

515 2341 576 2394 lit
611 2343 755 2412 quod
809 2352 1016 2415 septem
1069 2345 1236 2415 hujus
1266 2347 1456 2402 mundi
1509 2347 1732 2414 sarcula,
1776 2347 1946 2404 multa
1993 2361 2096 2404 sae-

511 2434 658 2498 cula,
705 2450 804 2490 seu
855 2435 996 2491 vitas
1044 2436 1352 2504 hominum,
1407 2439 1884 2510 complectuntur.
1915 2438 2096 2509 Atque

513 2542 681 2581 unum
730 2526 864 2582 illud
899 2529 1160 2583 szeculum
1196 2531 1398 2586 saecula
1433 2530 1621 2585 omnia
1667 2530 1964 2602 complexu
1995 2543 2099 2586 suo

512 2627 700 2674 tenet:
743 2619 1119 2690 sacculumque
1166 2620 1353 2676 saeculi
1387 2619 1592 2676 dicitur
1621 2635 1868 2692 praesens
1899 2619 2003 2676 hoc
2041 2625 2098 2676 et

512 2708 782 2764 futurum.
813 2708 992 2764 Porro
1022 2709 1266 2775 αἰώνιος,
1307 2726 1404 2766 seu
1448 2711 1759 2771 saecularis.
1802 2724 1868 2765 ac
1901 2723 2098 2781 perpe-

512 2807 608 2855 tua
641 2802 749 2856 vita
776 2810 830 2857 et
867 2818 1051 2872 poena,
1091 2803 1261 2857 futuri
1293 2803 1480 2858 saeculi
1527 2803 1682 2858 nullo
1727 2802 1835 2859 line
1861 2803 2096 2858 limitata

513 2891 689 2960 spatia
720 2890 1028 2946 declarant.
1066 2890 1254 2962 Neque
1285 2893 1433 2948 enim
1469 2901 1595 2964 post
1628 2894 2097 2950 resurrectionem

514 2998 648 3038 suus
678 2985 909 3052 tempori
937 2985 1149 3040 dierum
1184 2987 1540 3057 noctiumque
1578 3003 1844 3045 numerus
1876 2996 2097 3042 consta-

513 3072 639 3126 bit:
673 3072 772 3128 sed
819 3089 965 3130 unus
1019 3075 1202 3144 potius
1263 3091 1508 3146 vesperae
1555 3092 1752 3147 expers
1816 3077 1932 3133 dies
1994 3077 2101 3134 erit

516 3163 671 3230 (Sole
695 3166 1143 3235 nctnpejustitiaa
1173 3167 1364 3238 probis
1394 3167 1714 3224 hominibus
1739 3169 2023 3239 splendide
2045 3176 2101 3225 et

513 3251 767 3308 hilariter
825 3254 1225 3328 illucescente);
1262 3259 1651 3328 peccatoribus
1710 3267 1928 3327 contra,
1988 3276 2100 3316 nox

515 3342 686 3398 densa
709 3354 762 3400 et
785 3347 1152 3418 sempiterna.
1179 3348 1430 3416 Quonam
1465 3360 1630 3421 pacto
1662 3351 1831 3424 igitur
1855 3352 2100 3408 cohaere-

516 3435 598 3490 bit
624 3435 756 3490 illud
788 3438 936 3494 mille
967 3453 1237 3495 annorum
1254 3442 1620 3506 curriculum,
1652 3458 1764 3515 quo
1787 3452 2007 3512 exacto,
2039 3450 2102 3499 ut

2275 2155 2544 2224 Λέγονται
2586 2154 2644 2209 δὲ
2681 2153 2780 2209 καὶ
2829 2151 3027 2218 αἰῶνες
3059 2150 3314 2219 αἰώνων,
3357 2151 3550 2206 καθότι
3597 2154 3694 2209 καὶ
3739 2156 3797 2208 ei.

2203 2246 2299 2304 τοῦ
2344 2247 2616 2318 παρόντος
2641 2245 2848 2317 κόσμου
2874 2244 3017 2299 ἑπτὰ
3044 2245 3262 2310 αἰῶνες,
3304 2245 3534 2310 πολλοὺς
3559 2247 3795 2314 αἰῶνας,

2203 2341 2372 2413 ἧγουν
2404 2338 2552 2405 ζωὰς
2583 2339 2888 2410 ἀνθρώπων
2911 2337 3252 2410 περιέχουσι,
3281 2338 3374 2392 καί
3403 2339 3432 2391 6
3463 2338 3598 2394 αἰὼν
3623 2341 3650 2392 6
3683 2333 3794 2405 εἷς,

2203 2432 2423 2488 πάντων
2479 2431 2588 2486 τῶν
2637 2428 2851 2484 αἰώνων
2911 2429 3030 2483 ἐστί
3096 2429 3464 2500 περιεκτικὸς,
3513 2429 3607 2482 καί⁸
3650 2430 3796 2484 αἰὼν

2204 2522 2402 2586 αἰῶνος
2431 2521 2655 2591 λέγεται
2677 2560 2693 2586 ,
2731 2521 2759 2574 6
2787 2519 2919 2586 νῦν,
2970 2519 3068 2574 καὶ
3106 2520 3136 2572 6
3168 2517 3378 2590 μέλλων
3402 2533 3417 2550 ·
3467 2517 3688 2582 αἰώνιος
3731 2518 3798 2572 δὲ

2207 2614 2342 2686 ζωὴ,
2378 2615 2474 2670 καί.
2517 2613 2737 2674 αἰώνιος
2764 2611 3006 2678 κόλασις,
3047 2610 3108 2665 τὸ
3139 2609 3500 2680 ἀτελεύτητον
3535 2609 3629 2663 τοῦ
3653 2609 3796 2681 μέλ-

2203 2707 2390 2771 λοντος
2416 2705 2612 2770 αἰῶνος
2638 2704 2790 2776 δηλοῖ
2818 2703 2864 2758 ί.
2896 2703 3033 2759 Οὐδὲ
3059 2703 3168 2774 7&9
3196 2702 3337 2774 μετὰ
3359 2701 3457 2774 τὴν
3489 2700 3798 2756 ἀνάστασιν

2201 2797 2443 2870 ⁴ἡμέραις
2474 2798 2569 2852 καὶ
2599 2795 2752 2865 νυξὶν
2780 2799 2811 2852 6
2837 2797 3030 2870 χρόνος
3060 2796 3449 2869 ἀριθμήσεται.
3489 2795 3682 2849 Ἔσται
3731 2794 3796 2849 δὲ

2207 2889 2408 2961 μᾶλλον
2437 2891 2538 2962 μία
2567 2890 2754 2962 ἡμέρα
2783 2890 3087 2962 ἀνέσπερος
3107 2903 3122 2919 ⁸
3149 2887 3243 2942 τοῦ
3275 2888 3429 2959 ἡλίου
3451 2887 3550 2958 τῆς
3578 2888 3798 2942 δικαιο-

2207 2981 2374 3054 σύνης
2413 2985 2524 3047 τοῖς
2549 2982 2782 3047 δικαίοις
2813 2981 3068 3053 φαιδρῶς
3095 2981 3503 3052 ὲπιλάμποντος
3527 2996 3542 3011 ο
3577 2983 3692 3045 τοῖς
3731 2979 3802 3034 δὲ

2207 3075 2555 3146 ἁμαρτωλοῖς
2581 3074 2685 3142 νὺξ
2718 3074 2915 3144 βαθεῖα
2959 3074 3287 3146 ἀπέραντος.
3325 3073 3450 3139 Πῶς
3476 3073 3654 3127 τοίνυν
3673 3072 3797 3142 (45)

2205 3168 2235 3220 6
2263 3167 2374 3221 τῶν
2401 3166 2586 3237 χιλίων
2611 3166 2749 3220 ἑτῶν
2785 3166 3258 3238 Ὠριγενιαστικῆς
3287 3164 3800 3229 ἀποκαταστάσεως

2207 3257 2651 3330 ἀριθμηθήσεται
2676 3258 2869 3329 χρόνος
2897 3276 2912 3325 ;
2945 3259 3171 3312 Πάντων
3199 3253 3295 3312 οὖν
3325 3257 3436 3311 τῶν
3469 3256 3680 3311 αἰώνων
3708 3252 3798 3322 εἷς

2208 3351 2442 3422 ποιητής
2477 3352 2628 3405 ἐστιν
2651 3351 2680 3403 6
2710 3349 2865 3416 Θεὸς,
2893 3351 2922 3403 6
2950 3350 3046 3403 καὶ
3083 3349 3155 3403 τὰ
3191 3349 3485 3421 σύμπαντα
3522 3348 3798 3420 δημιουρ-

2207 3443 2410 3514 γήσας,
2446 3444 2474 3495 6
2500 3440 2766 3512 ὑπάρχων
2806 3440 2912 3512 πρὸ
2939 3440 3050 3494 τῶν
3080 3439 3312 3496 αἰώνων.

517 3528 780 3601 Origenes
816 3535 1052 3600 censuit,
1081 3535 1138 3591 in
1177 3538 1448 3608 integrum
1479 3537 1662 3592 omnia
1689 3539 2097 3595 restituentur?
2125 3536 2365 3592 Proinde
2414 3537 2745 3594 sarculorutn
2797 3535 3046 3593 omnium
3083 3551 3231 3592 unus
3302 3548 3507 3606 parens
3539 3542 3593 3589 et
3654 3531 3798 3588 effe-

517 3632 641 3679 ctor
679 3631 764 3680 est
791 3623 955 3692 Deus,
993 3627 1087 3699 qui
1131 3630 1302 3696 etiam
1323 3638 1526 3686 cuncta
1553 3629 1855 3688 fabricatus
1881 3639 1986 3694 est,
2021 3645 2086 3687 ac
2125 3629 2342 3687 saeculis
2367 3628 2648 3700 antiquior
2674 3628 2911 3686 exsistit.

1183 3715 1336 3771 CAP.
1371 3718 1436 3773 ll.

1005 3804 1082 3860 De
1113 3825 1288 3862 rerum
1311 3810 1599 3864 creatione.

590 3894 688 3951 Dei
713 3895 920 3952 bonitas
951 3899 1090 3952 ratio
1115 3901 1420 3955 creatiom's.
1453 3902 1670 3958 Creatio
1697 3901 1794 3956 Dei
1826 3904 2096 3974 cogitatio.

519 4015 588 4028 --
615 3985 883 4050 Quoniam
921 3985 1086 4056 igitur
1116 3988 1312 4054 bonus,
1365 3989 1625 4060 omnique
1665 3989 1910 4046 bonitate
1950 4005 2095 4062 pra:-

521 4077 754 4131 stantior
786 4076 951 4140 Deus,
998 4092 1106 4132 non
1155 4079 1290 4133 satis
1339 4079 1536 4135 habuit
1581 4096 1680 4137 sua
1738 4081 1913 4151 ipsius
1966 4098 2104 4139 con-

521 4166 876 4237 templatione
908 4167 1042 4234 frui;
1073 4169 1167 4223 sed
1205 4184 1305 4239 pro
1344 4171 1510 4225 nimia
1549 4171 1793 4228 bonitate
1821 4187 1920 4228 sua
1953 4189 2099 4244 qua:-

2736 3720 2990 3776 ΚΕΦΑΛ.
3027 3718 3084 3772 B'
3114 3717 3262 3791 [ιω.

2703 3812 2847 3881 Περί
2885 3811 3294 3882 δημιουργίας.

2288 3903 2444 3957 Ἐπεὶ
2468 3897 2561 3959 οὖν
2586 3905 2615 3958 ό
2641 3902 2847 3972 ἀγαθὸς
2881 3903 2974 3956 καὶ
3015 3902 3364 3975 ὑπεράγαθος
3389 3903 3524 3968 Θεὸς
3546 3905 3649 3958 οὐκ
3688 3905 3798 3977 ἠρ-

2206 3993 2376 4066 κέσθη
2408 3997 2474 4065 τῇ
2504 3993 2702 4049 ἑαυτοῦ
2739 3993 2968 4066 θεωρίᾳ,
2997 3993 3113 4049 ἀλλ’
3149 3993 3421 4066 ὑπερϐολῇ
3450 3995 3796 4068 ἀγαθότητος

2206 4086 2467 4156 εὐδόκησα
2513 4085 2770 4156 γενέσθαι
2833 4085 2957 4141 τινὰ
2973 4083 3042 4138 τὰ
3057 4083 3601 4157 εὐεργετηθησόμενα
3621 4127 3636 4152 ,
3693 4088 3796 4142 καὶ

2211 4176 2504 4248 μεθέξοντα
2546 4178 2650 4249 τῆς
2679 4176 2845 4232 αὑτοῦ
2897 4176 3236 4249 ἀγαθότητος
3257 4219 3273 4246 ,
3306 4179 3370 4232 ἐκ
3399 4178 3494 4233 τοῦ
3529 4179 3606 4251 μὴ
3632 4178 3796 4243 ὄντος

586 4345 635 4377 ⁸³
671 4343 833 4414 Greg.
863 4339 997 4398 Naz.
1027 4351 1176 4426 orat.
1205 4342 1295 4398 H.-
1371 4342 1415 4374 “
1447 4341 1663 4410 αἰώνιος
1690 4346 1852 4405 nobis
1908 4359 2135 4406 (eterna:
2175 4367 2193 4404 :
2219 4350 2369 4406 aliud
2398 4351 2750 4424 signiﬁcante
2781 4366 2918 4409 voce
2968 4351 3263 4408 saecularis.

1835 4505 2068 4565 VARIE
2100 4509 2499 4571 LECTIONES.

593 4597 614 4639 ί
647 4595 970 4671 Νοεῑειιζκαί
1001 4598 1310 4674 ἀπέραντον
1347 4601 1516 4674 δηλοῖ.
1553 4605 1611 4657 ln
1637 4605 1806 4675 Regg.
1842 4603 1908 4658 12
1937 4605 2096 4662 abest
2124 4620 2227 4661 vox
2258 4607 2480 4674 αἰῶνος.

2035 4741 2266 4800 NOTAE.

594 4825 706 4909 με)
735 4826 871 4909 Πῶς
896 4827 1135 4909 τοίνυν..
1160 4829 1406 4909 Quartam
1433 4831 1618 4909 _igitur
1659 4844 1814 4909 pacto
1869 4835 2096 4890 coltwre—
2127 4839 2170 4894 D
2205 4837 2415 4909 angelis
2439 4838 2577 4893 alios
2603 4840 2883 4909 peccando
2911 4841 2965 4896 in
2993 4840 3274 4898 daemones
3300 4840 3618 4906 mutandos,
3644 4843 3794 4901 alios

527 4894 622 4959 bit,
643 4894 748 4978 etc.
764 4894 1029 4979 Origenes
1045 4894 1264 4980 quidem
1292 4903 1408 4970 ipse
1433 4894 1880 4980 iu—slattratioucm
1914 4921 2096 4960 rerum
2203 4894 2616 4980 advanimanda'
2641 4894 2872 4980 corpora
2913 4894 3791 4969 ihumanaidetrudendosﬂ:inor;

523 4977 578 5045 et
608 4967 900 5045 universi,
925 4967 1090 5038 quam
1139 4967 1332 5026 Celsus
1383 4986 1412 5023 a
1449 4970 1754 5045 Platonicis
1786 4985 2095 5045 acceperat,

527 5036 633 5092 hoc
671 5036 1326 5114 convellit‘argumento,
1364 5048 1456 5105 ut,
1518 5041 1564 5096 si
1605 5041 1749 5097 idem
1781 5043 1849 5114 ab
1882 5036 2098 5114 integro

525 5107 1169 5185 saeculor‘umprerum’que
1192 5110 1328 5185 ordo
1351 5119 1696 5185 renascatur,
1726 5113 1877 5185 nulla
1907 5107 2098 5185 sup'er-

523 5186 670 5232 esset
711 5176 967 5240 libertas,
1003 5186 1058 5232 et
1093 5193 1182 5234 rcs
1227 5179 1482 5235 humanae
1512 5181 1853 5238 inelttctabili
1905 5176 2098 5241 neces-

2201 4985 2386 5052 tamen
2428 4978 2675 5046 eosdem,
2697 4978 2824 5052 _aut
2851 4980 3061 5052 similes
3097 4995 3288 5037 eorum
3323 4981 3420 5052 qui
3461 4993 3586 5037 ante
3615 4985 3792 5038 exsti—

2201 5051 2389 5123 teriht.
2419 5058 2651 5123 eventus
2691 5049 2929 5108 futuros.
2952 5049 3128 5123 llunc
3159 5049 3408 5123 errorem
3442 5054 3793 5123 proscripse-

2200 5115 2560 5191 ratJustittus
2583 5117 2808 5191 Martyr.
2843 5121 3061 5191 apolog.
3095 5121 3146 5184 Ι,
3180 5121 3272 5177 ubi
3304 5115 3485 5183 docet.
3510 5138 3614 5177 non
3637 5115 3792 5179 mille

2199 5203 2367 5261 annos
2404 5187 2694 5261 duntaxat,
2726 5187 2785 5244 ιιι
2823 5187 2989 5246 voluit
3013 5187 3216 5254 'Plato,
3258 5192 3448 5261 impios
3467 5195 3788 5248 excruciatu—

523 5247 1230 5334 gitate_obstringerent'ur.
1282 5248 1519 5334 (ζωιιίηο
1570 5253 1844 5334 siquidem
1886 5253 2004 5312 fore
2039 5260 2098 5334 ut
2187 5256 2432 5334 {tosised
2474 5247 3240 5334 inperpetgasfraternitatem
3267 5247 3551 5334 Platonem
3585 5247 3790 5334 legesis

526 5316 784 5396 §ocrales
817 5316 1002 5373 denuo
1029 5319 1480 5396 sphilosophetur
1505 5360 1528 5396 ,_
1553 5316 1970 5396 _del‘eraturque
2030 5325 2098 5378 ad
2194 5328 2250 5382 in
2281 5326 2500 5384 Timeo.
2541 5316 2693 5384 Licet
2735 5330 2996 5396 Basilius,
3033 5333 3179 5386 hom.
3212 5333 3246 5388 3
3284 5333 3340 5386 in
3389 5316 3530 5390 θεῷ.
3565 5316 3788 5390 ἱὴ-ἐῖἧῦῖ

521 5388 866 5461 Areopagum
887 5427 904 5450 ,
938 5398 1000 5443 ut
1026 5387 1295 5461 _Pha|aris'
1313 5391 1658 5461 tyrannidem
1700 5387 1902 5449 iterum
1933 5409 2093 5450 exer-

523 5466 666 5522 ccat,
710 5467 767 5511 ut
813 5457 989 5515 Moses
1025 5459 1303 5517 lsraelitas
1337 5457 1540 5520 rursus
1580 5463 1873 5520 transferat
1903 5465 1958 5520 in
1990 5464 2091 5519 Pa-

523 5525 809 5602 laestinam,
839 5538 946 5602 etc.
981 5528 1105 5586 llrec
1135 5531 1484 5602 persequitur
1519 5533 1615 5588 lib.
1651 5549 1703 5588 tv
1753 5535 1910 5590 Cant.
1946 5534 2087 5589 Cels.

521 5596 811 5679 Origenes,
839 5599 997 5679 cuius
1027 5596 1409 5679 commentum.
1429 5602 1700 5679 ejusmodi
1730 5605 1798 5679 ad
1827 5605 2088 5679 atttussim

523 5666 798 5744 non_l'uit.
847 5665 1065 5744 Putavit
1091 5672 1354 5744 mundum
1395 5665 1542 5727 btittc
1568 5674 1648 5728 sic
1678 5665 1956 5744 expiatttt'n
2000 5675 2090 5737 iri,

525 5741 583 5789 ut
625 5735 899 5793 dxmoucs
941 5745 995 5792 ct
1047 5739 1199 5810 impii
1257 5743 1311 5797 in
1365 5745 1595 5814 gratiam
1649 5735 1892 5815 redeant,
1924 5755 1980 5802 ct
2023 5735 2088 5801 es

2204 5396 2476 5472 rationem
2533 5399 2675 5472 hanc
2714 5399 2978 5472 AOrigenis
3017 5401 3320 5472 exploserit
3347 5421 3379 5457 ~:
3425 5418 3546 5458 eam
3600 5413 3788 5460 tamen

2200 5465 2485 5541 Nysscnus
2523 5470 2646 5541 ejus
2705 5465 2880 5527 fratér
2932 5465 3242 5527 asseruisse
3293 5473 3448 5528 visus
3490 5480 3573 5527 est
3622 5473 3787 5529 Orat.

2197 5537 2569 5610 catecltetica;
2611 5554 2734 5610 cap.
2769 5541 2840 5595 26
2864 5582 2880 5607 ,
2932 5550 2989 5597 et
3031 5543 3255 5597 homilia
3283 5542 3360 5596 De
3399 5545 3582 5598 anima
3609 5553 3660 5597 et
3699 5562 3791 5599 re-

2198 5621 2342 5662 surr.
2388 5607 2619 5678 ejusque
2674 5607 2838 5665 {verba
2891 5627 3002 5666 non
3045 5613 3181 5668 satis
3213 5612 3436 5667 condita
3467 5615 3533 5668 ad
3585 5629 3788 5671 sanum

2199 5692 2424 5804 sensuttltln
2479 5693 2741 5737 revocare
2800 5690 3082 5739 tentarunt
3134 5681 3407 5739 Maximus
3453 5695 3506 5741 et
3549 5683 3790 5742 Germa-

2200 5763 2306 5804 nus
2423 5788 2439 5804 .

2200 5763 2306 5804 nus
2336 5763 2439 5804 ΒΥ.
