3962 6300
504 332 610 398 867

1709 337 1772 395 s.
1807 335 2128 398 JOANNIS
2157 320 2604 400 DAMASCENI'

3675 341 3796 404 868

506 443 667 512 cujus
711 441 944 503 formam
983 440 1312 496 substantiae
1341 453 1404 495 ac
1434 439 1812 496 deﬁnitionem
1850 441 2083 497 Creator

2203 457 2404 498 παται.
2448 443 2766 515 Ἀσώματος
2792 443 2846 498 δὲ
2870 443 3110 514 λέγεται,
3139 446 3234 499 καὶ
3266 446 3452 511 ἇῦλος,
3488 445 3614 500 ὅσον
3640 449 3794 520 πρὸς

505 533 660 586 solus
692 529 867 585 novit.
921 528 1080 595 Quod
1122 538 1309 585 autem
1359 544 1594 600 corpore
1628 544 1692 585 ac
1723 531 1960 586 materia
1987 544 2086 585 va-

504 636 635 676 care
663 620 886 684 dicitur,
930 621 1037 676 hoc
1080 621 1256 676 nostri
1285 621 1497 676 ratione
1525 621 1948 692 intelligendum
1979 628 2085 677 est-

503 714 721 784 Alioqui
772 713 920 768 enim
973 713 1241 784 quidquid
1294 728 1420 768 cum
1474 713 1588 768 Deo
1625 712 1938 778 confertur,
1994 713 2088 784 qui

505 805 659 862 solus
686 805 822 860 nulli
855 807 1164 876 comparari
1205 812 1412 876 potest,
1444 819 1694 861 crassum
1726 814 1781 862 et
1806 806 2090 862 materiale

508 898 811 954 invenitur.
855 897 984 953 Sola
1013 899 1216 969 quippe
1247 899 1434 954 divina
1458 889 1663 954 natura
1692 914 1823 956 vere
1853 899 2087 956 materia

505 995 561 1042 et
596 1002 831 1058 corpore
859 997 1038 1042 vacat.

574 1079 805 1149 Angelus
834 1081 1076 1134 libertate
1109 1079 1324 1132 arbitrii
1368 1078 1648 1147 prteditus.
1681 1108 1752 1121 -
1783 1077 1880 1134 Est
1920 1081 2089 1150 igitur

504 1169 734 1239 angelus
760 1176 959 1223 natura
999 1169 1316 1232 rationalis,
1350 1168 1691 1238 intelligens,
1731 1167 1927 1234 libera,
1961 1185 2086 1225 ver-

502 1259 680 1313 tibilis
715 1259 1020 1314 secundum
1048 1261 1406 1328 sententiam,
1439 1260 1558 1316 sive
1590 1263 1877 1318 voluntate
1908 1269 2087 1317 muta-

501 1349 650 1406 bilis.
681 1349 959 1420 Quidquid
987 1351 1134 1406 enim
1170 1359 1412 1407 creatum
1445 1362 1552 1417 est,
1585 1354 1880 1408 mutationi
1907 1354 2086 1410 subsit

500 1453 732 1494 necesse
787 1449 874 1494 est
928 1457 942 1494 :
1009 1435 1188 1496 selum
1264 1447 1452 1496 autem
1531 1449 1688 1498 extra
1765 1445 2087 1500 mutationis

500 1530 675 1586 aleam
710 1531 844 1586 illud
894 1540 1001 1596 est,
1058 1531 1206 1603 quod
1249 1533 1560 1590 increatum
1609 1543 1716 1591 est.
1760 1534 2085 1608 Rursusque

501 1620 556 1675 id
607 1636 770 1678 omne
819 1623 967 1692 quod
1014 1625 1287 1680 rationale
1333 1636 1437 1692 est,
1495 1625 1708 1680 arbitrii
1744 1641 1966 1697 quoque
2016 1627 2085 1682 li-

501 1711 712 1768 bertate
759 1713 1048 1782 praeditum
1099 1722 1207 1769 est.
1259 1716 1506 1786 Angelus
1542 1714 1730 1784 itaque
1769 1723 1828 1768 ut
1877 1725 2083 1771 natura

2189 535 2380 604 ἡμᾶςσ
2438 537 2548 590 πᾶν
2601 538 2710 608 γὰρ
2761 537 3192 608 συγκρινόμενον
3245 539 3386 610 πρὸς
3440 540 3611 606 Θεὸν,
3687 541 3792 594 τὸν

2193 626 2355 696 μόνον
2386 627 2748 702 ἀσύγκριτον,
2775 630 2923 700 παχύ
2962 648 3022 684 τε
3053 631 3149 684 καὶ
3189 631 3377 686 ὑλικὸν
3419 633 3738 704 εὑρίσκεται
3767 657 3787 666 ·

2193 717 2354 787 μόνον
2403 719 2512 790 γὰρ
2573 720 2742 785 ὅντως
2789 721 2953 776 ᾶῦλον
2991 721 3054 775 τὸ
3101 721 3244 778 Θεῖόν
3299 723 3417 776 ἐστι
3482 725 3577 778 καὶ
3629 724 3790 780 ἀσώ-

2193 823 2384 878 ματον.

2263 1073 2418 1125 Ἔστι
2443 1073 2623 1126 τοίνυν
2651 1073 2816 1142 φύσις
2845 1074 3062 1146 λογικὴ,
3093 1075 3257 1146 νοερά
3280 1092 3362 1143 τε,
3390 1076 3483 1130 καὶ
3511 1078 3780 1144 αὐτεξού-

2189 1180 2324 1231 σιος,
2352 1164 2564 1236 τρεπτὴ
2592 1167 2733 1219 κατὰ
2769 1167 3018 1238 γνώμην,
3050 1167 3171 1238 ἤτοι
3210 1167 3617 1239 ὲθελότρεπτος.
3659 1173 3788 1225 Πᾶν

2187 1256 2299 1327 γὰρ
2343 1256 2562 1310 κτιστὸν
2586 1299 2600 1321 ,
2652 1257 2747 1310 καὶ
2780 1260 3014 1328 τρεπτόν
3047 1275 3062 1290 ·
3098 1260 3262 1331 μόνον
3302 1261 3361 1315 δὲ
3389 1262 3451 1315 τὸ
3495 1264 3782 1330 ἄκτιστον,

2186 1349 2480 1418 ἄτρεπτον.
2513 1349 2623 1404 Καὶ
2676 1351 2786 1404 πᾶν
2836 1350 3089 1419 λογικὸν,
3136 1353 3507 1418 αὐτεξούσιον.
3549 1354 3636 1419 Ὠς
3676 1357 3787 1426 μὲν

2185 1437 2279 1496 οὖν
2323 1441 2517 1513 λογικὴ
2569 1443 2665 1495 καὶ
2713 1442 2874 1513 νοερὰ
2902 1483 2917 1509 ,
2969 1445 3319 1511 αὐτεξούσιός
3365 1447 3513 1500 ἐστιν
3542 1463 3557 1477 °
3609 1448 3687 1511 ὡς
3721 1447 3786 1500 δὲ

2185 1535 2408 1606 κτιστὴ,
2437 1533 2678 1607 τρεπτὴ,
2707 1534 2907 1605 ἔχουσα
2949 1535 3202 1602 ἐξουσίαν
3225 1577 3240 1603 ,
3270 1537 3366 1591 καὶ
3411 1538 3590 1608 μένειν
3616 1581 3630 1604 ,
3679 1538 3786 1591 καὶ

2187 1627 2523 1698 προκόπτειν
2554 1626 2614 1678 ἐν
2662 1625 2740 1696 τῷ
2779 1625 3008 1697 ἀγαθῷ,
3059 1626 3156 1680 καὶ
3203 1628 3297 1681 ἐπὶ
3343 1627 3404 1684 τὸ
3431 1631 3615 1700 χεῖρον
3645 1629 3784 1699 τρέ-

2187 1717 2408 1773 πεσθαι.

498 1815 586 1862 εει
639 1807 872 1862 rationis
924 1808 1220 1878 particeps,
1275 1816 1333 1864 et
1385 1809 1738 1879 intelligens,
1779 1809 1941 1865 liberi
1991 1820 2078 1868 est
2115 1814 2370 1874 arbitrii;
2419 1819 2478 1866 ut
2513 1819 2737 1876 creata,
2768 1811 3052 1868 mutabilis
3118 1820 3226 1881 est,
3267 1814 3356 1869 cui
3407 1814 3642 1870 liberum
3697 1819 3777 1872 sit

497 1893 583 1948 vel
613 1909 838 1949 manere
868 1894 922 1948 in
965 1895 1131 1952 bona.
1162 1901 1216 1950 et
1258 1896 1314 1948 in
1345 1910 1410 1951 eo
1431 1897 1718 1967 proﬁcere,
1745 1897 1829 1951 vel
1862 1899 1918 1952 in
1959 1902 2165 1957 malum
2197 1901 2424 1957 inﬂecti.

568 1985 800 2053 Angelus
833 1986 1428 2055 incapaazptenitentice.
1459 2017 1531 2028 -—-
1559 1987 1906 2043 Pmnitentia:
1923 2005 2090 2060 porro
2122 1999 2167 2053 Β

499 2091 566 2132 ea
600 2077 816 2130 ratione
844 2077 1070 2131 minime
1108 2093 1282 2148 capax
1311 2086 1396 2134 est
1423 2078 1502 2144 ⁸⁸;
1539 2079 1700 2150 156
1735 2081 1864 2150 quia
1896 2081 2087 2137 incor-

499 2179 704 2234 porcus
749 2170 854 2219 est.
890 2163 1028 2219 Nam
1061 2167 1206 2236 quod
1254 2167 1423 2223 homo
1459 2169 1842 2237 paenitentiam
1894 2185 2090 2228 conse-

499 2265 666 2311 cutus
716 2256 812 2322 sit,
865 2255 923 2312 id
971 2259 1225 2328 corporis
1275 2259 1646 2317 imbecillitati
1695 2261 1863 2317 fuerit
1904 2264 2084 2319 ascri-

497 2347 763 2401 bendum.

567 2437 669 2493 Dei
690 2457 902 2496 munere
923 2441 1245 2498 immortalis
1276 2452 1355 2498 est
1388 2443 1628 2514 angelus,
1655 2461 1762 2499 non
1789 2453 2082 2498 natura.—

497 2527 833 2588 lmmortalis
856 2543 962 2600 est,
995 2549 1108 2588 non
1149 2535 1375 2604 quidem
1433 2544 1652 2602 natura,
1686 2536 1780 2592 sed
1816 2535 1909 2592 Dei
1961 2552 2086 2591 mu-

498 2638 630 2678 nere
656 2631 711 2680 et
743 2626 942 2696 gratia.
972 2627 1252 2698 Quidquid
1283 2628 1431 2682 enim
1464 2635 1648 2683 ortum
1677 2629 1892 2696 habuit,
1919 2628 2084 2684 linem

499 2730 722 2784 quoque
749 2727 945 2787 suapte
974 2728 1172 2773 natura
1197 2719 1521 2775 habiturum
1547 2731 1654 2775 est.
1690 2721 1857 2776 Solus
1903 2721 2084 2792 siqui-

500 2805 624 2858 dem
657 2805 803 2862 Deus
830 2821 1048 2876 semper
1073 2817 1192 2874 est;
1223 2809 1334 2862 imo
1360 2816 1417 2863 et
1446 2810 1786 2876 sempiterno
1807 2810 2081 2879 superior.

495 2897 617 2950 Non
642 2898 788 2950 enim
825 2899 930 2952 sub
962 2906 1230 2968 tempore,
1265 2898 1363 2954 sed
1393 2915 1564 2970 supra
1603 2911 1819 2972 tempus
1857 2909 1963 2967 est,
1984 2902 2080 2971 qui

497 2984 626 3041 fecit
652 2996 918 3057 tempora.

567 3073 813 3130 Secunda
841 3076 1067 3130 lumina.
1097 3107 1167 3120 —
1195 3076 1450 3134 Socunda
1482 3080 1692 3135 lumina
1729 3082 2066 3151 spiritualia,

496 3180 563 3220 ex
609 3165 874 3234 primaria
909 3167 1006 3220 illa
1042 3168 1164 3223 luce
1200 3170 1497 3240 omnisque
1530 3171 1787 3241 principii
1836 3184 2079 3243 experte,

497 3256 847 3328 splendorem
914 3257 1210 3328 habentia;
1265 3261 1469 3334 quibus
1521 3277 1624 3318 nec
1686 3264 1878 3336 lingua
1942 3278 2082 3335 opus

569 3392 617 3427 ⁸⁸
638 3393 859 3452 Nemes.
891 3410 943 3452 c.
974 3398 1026 3450 l.

2275 1993 2651 2057 Ἀνεπίδεκτος
2700 1995 2996 2064 μετανοίας
3018 1993 3130 2067 (47)
3154 2038 3168 2061 ,
3206 1997 3290 2050 ὅτι
3329 1999 3424 2052 καὶ
3457 1999 3776 2070 ἀσώματος.

2199 2083 2258 2136 Ὁ
2290 2081 2716 2154 γὰρ,ἄνθρωπος
2752 2083 2840 2137 διὰ
2892 2084 2990 2154 τὴν
3041 2085 3134 2138 τοῦ
3171 2084 3425 2158 σώματος
3482 2089 3780 2145 ἀσθένειαν

2189 2172 2481 2244 μετανοίας
2508 2172 2724 2244 ἔτυχεν.

2267 2437 2582 2503 Ἀθάνατος,
2616 2435 2676 2490 οὑ
2709 2436 2870 2506 φύσει
2901 2435 3035 2507 (48),
3066 2438 3200 2493 ἀλλὰ
3225 2441 3410 2511 χάριτι
3435 2442 3480 2496 3.
3517 2441 3631 2496 Πᾶν
3655 2445 3774 2515 γὰρ

2183 2527 2243 2581 τὸ
2277 2527 2622 2598 ἀρξάμενον,
2678 2525 2773 2578 καὶ
2807 2525 3039 2597 τελευτᾷ
3076 2529 3222 2580 κατὰ
3263 2530 3445 2596 φύσιν.
3487 2532 3666 2595 Μόνος
3712 2534 3775 2586 δὲ

2182 2620 2211 2673 ὁ
2236 2619 2368 2682 Θεὸς
2404 2617 2492 2671 ἀεὶ
2522 2615 2621 2683 ὣν,
2658 2616 2857 2687 μᾶλλον
2887 2617 2944 2670 δὲ
2974 2619 3070 2671 καὶ
3118 2619 3259 2690 ὑπὲρ
3285 2621 3346 2674 τὸ
3372 2622 3457 2674 ἀεί
3481 2639 3495 2652 ·
3525 2623 3623 2692 οὐχ
3662 2624 3780 2676 ὑπὸ

2183 2713 2378 2785 χρόνον
2410 2711 2518 2782 γὰρ
2539 2749 2554 2777 ,
2581 2709 2696 2763 ἀλλ’
2731 2710 2874 2780 ὑπὲρ
2906 2711 3099 2781 χρόνον
3124 2752 3140 2778 ,
3171 2713 3200 2765 ό
3231 2713 3340 2767 τῶν
3371 2716 3578 2786 χρόνων
3609 2734 3780 2790 ποιη-

2187 2805 2357 2876 τήςδ.

2253 3071 2411 3126 Φώτα
2450 3064 2681 3136 δεύτερα
2711 3063 2898 3134 νοερὰ,
2930 3064 2995 3117 ὲκ
3026 3062 3120 3116 τοῦ
3153 3063 3374 3134 πρώτου
3398 3064 3494 3118 καὶ
3521 3063 3772 3135 ἀνάρχου

2186 3164 2404 3236 φωτὸς,
2461 3159 2554 3212 τὸν
2612 3156 2895 3226 φωτισμὸν
2952 3154 3183 3224 ἔχοντα·
3234 3156 3298 3208 οὐ
3356 3154 3607 3226 γλώσσης
3669 3157 3777 3208 καὶ

2189 3257 2359 3328 ἀκοῆς
2407 3254 2637 3324 δεόμενα
2661 3292 2677 3318 ,
2727 3249 2843 3304 ἀλλ’
2890 3250 3019 3304 ἄνευ
3073 3247 3235 3317 λόγου
3287 3247 3623 3320 προφορικοῦ
3652 3249 3776 3321 (49)

1763 3479 2006 3536 VARle
2047 3475 2463 3533 LECTIONES.

569 3577 596 3617 ⁸
633 3576 701 3631 Ii.
725 3573 871 3630 2950
896 3575 1040 3631 κατὰ
1068 3575 1252 3646 χάριν.
1329 3575 1358 3614 ιι
1397 3574 1456 3628 In
1488 3571 1684 3630 eodem
1729 3575 1759 3626 ὁ
1803 3573 1913 3627 τῶν
1962 3573 2171 3645 χρόνων
2214 3572 2470 3642 ποιητὴς,
2523 3571 2640 3624 ἀλλ’
2681 3573 2823 3644 ὑπὲρ
2847 3572 3060 3642 χρόνον.

2011 3687 2254 3744 NOTAE.

561 3783 680 3858 (47)
717 3787 1122 3852 Ἀνεπίδεκτος
1136 3787 1476 3858 μετανοίας.
1509 3785 1836 3858 Paenitentiaz
1860 3786 2075 3858 minime
2101 3788 2147 3850 C
2178 3785 2421 3858 interitui
2443 3799 2576 3848 esse,
2607 3783 2673 3838 ad
2698 3783 3005 3853 planiorem
3039 3797 3262 3839 sensum
3286 3797 3532 3852 revocat,
3568 3787 3768 3844 Timwi

498 3856 692 3926 capax,
723 3874 826 3926 qua
864 3859 1222 3925 incorporeus.
1253 3857 1399 3912 Idem
1436 3866 1663 3912 sanctus
1693 3857 1934 3910 Thomas
1972 3856 2074 3910 do-

499 3925 588 3982 cet
618 3928 851 3996 aliisque
879 3944 1100 3982 rursum
1130 3928 1419 3981 momentis
1449 3927 1662 3996 probat.
1699 3926 1842 3980 Hinc
1868 3925 2075 3981 Noster

500 3997 638 4066 alibi
681 3998 918 4066 sparsim
973 4000 1086 4063 ait,
1144 3998 1249 4052 hoc
1279 4012 1404 4051 esse
1437 4005 1670 4051 mortem
1726 3997 2072 4061 hominibus,

498 4065 646 4136 quod
676 4065 885 4136 angelis
915 4079 1222 4136 peccatum,
1284 4067 1412 4136 quia
1456 4067 1601 4119 sicut
1653 4078 1771 4134 post
1837 4075 2071 4136 mortem

497 4135 685 4191 nullus
735 4135 1054 4192 hominibus
1093 4135 1347 4205 supereét
1391 4137 1725 4206 pwnitentia:
1760 4136 1949 4203 locus,
1986 4135 2071 4191 sic

497 4222 678 4278 neque
713 4208 924 4278 angelis
963 4217 1088 4278 post
1123 4216 1434 4276 peccatum.

570 4273 681 4347 (18)
735 4273 1064 4347 Ἀθάναέος,
1111 4273 1414 4347 cogam.
1455 4273 1791 4330 Immortalis
1823 4283 1924 4340 est,
1964 4291 2074 4347 non

497 4343 717 4400 natura.
771 4346 1028 4400 Solemne
1068 4356 1153 4400 est
1196 4343 1456 4400 Patribus
1520 4347 1602 4399 sic
1655 4361 1910 4401 asserere
1961 4343 2072 4400 Deo

497 4417 996 4478 immortalitatem,
1027 4425 1086 4468 ut
1109 4423 1307 4469 caztera
1337 4431 1406 4469 ex
1449 4426 1648 4470 natura
1696 4431 1826 4480 sua,
1856 4415 2074 4470 subsint

497 4486 774 4549 interitui,
798 4486 904 4539 nisi
930 4484 1024 4540 Dei
1053 4501 1283 4540 munere
1314 4486 1746 4541 immortalitatis
1771 4486 2074 4553 participes

494 4555 819 4610 clliciantur.
844 4555 896 4608 ld
935 4565 993 4608 ut
1027 4564 1301 4622 astruant,
1337 4555 1440 4610 hoc
1474 4564 1704 4611 utuntur
1733 4554 1947 4624 adagio,
1981 4554 2072 4608 Eae

533 4641 612 4679 ua:
662 4627 872 4678 initium
928 4625 1188 4688 habuere,
1238 4628 1540 4680 necessario
1595 4628 1753 4692 finem
1793 4625 2067 4678 habitura.

533 4643 612 4679 ua:
662 4643 872 4678 tnmum
928 4643 1188 4688 naouere,
1238 4643 1540 4680 necessario
1595 4643 1753 4692 [mem
1793 4643 2067 4678 naottura.

494 4643 610 4748 ἵιοε
640 4698 840 4766 docent
869 4694 1126 4758 Irenaeus,
1162 4697 1256 4766 lib.
1297 4712 1379 4760 ιιι,
1412 4711 1533 4766 cap.
1565 4696 1670 4762 655;
1700 4695 2068 4766 Epiphanius,

493 4765 692 4819 haeresi
734 4765 821 4830 76,
868 4782 921 4835 p.
964 4766 1106 4832 9&0;
1144 4765 1387 4831 Cyrillus
1430 4765 1493 4820 in
1541 4765 1834 4829 Thesauro,
1868 4776 2067 4820 assert.

492 4836 585 4900 20,
618 4836 822 4904 aliique
855 4840 1190 4904 complures,
1224 4851 1289 4889 ac
1334 4838 1651 4905 frequenter
1692 4835 2070 4890 Damascenus

492 4905 756 4969 inculcat,
802 4906 894 4960 ubi
937 4907 1006 4959 de
1041 4914 1238 4960 natura
1288 4909 1486 4974 angeli,
1523 4908 1722 4960 animae
1760 4906 2068 4974 rationalis,

492 4983 546 5029 ct
577 4977 843 5030 cmlorum
875 4975 1136 5044 disputat.
1173 4975 1229 5028 In
1264 4974 1493 5046 Dialogo
1518 4988 1705 5030 contra
1742 4973 2069 5029 Manio/uvas

492 5047 807 5115 exemplum
851 5046 1010 5100 alIcrt
1039 5047 1311 5114 corporis,
1348 5047 1497 5114 quod
1537 5063 1604 5100 ex
1652 5062 1711 5100 se
1739 5060 1848 5099 non
1883 5060 2071 5099 move-

2180 3855 2326 3924 apud
2357 3854 2661 3916 Platonem,
2713 3869 2780 3907 ex
2821 3867 2934 3922 quo
2964 3863 3244 3924 sumptum
3285 3865 3389 3918 est.
3426 3859 3592 3912 verba
3647 3862 3769 3916 ltzec

2179 3923 2482 3987 all‘erendo,
2523 3924 2739 3994 quibus
2769 3938 3067 3994 supremus
3113 3923 3256 3994 Deus
3291 3925 3586 3984 inferiores
3619 3930 3764 3989 deos

2177 3985 2477 4066 alloquitur
2512 3985 2693 4066 ;'_8_eot
2719 3985 2889 4066 θεῶν,
2933 3985 3010 4066 ὧν
3049 3992 3162 4061 ἐγὼ
3200 3994 3392 4066 Πατήρ
3436 4014 3495 4066 τε
3543 4001 3634 4050 καὶ
3669 3985 3766 4066 an:

2179 4049 2460 4147 μιουργὲς,
2501 4063 2762 4147 ἀθάνατοι
2803 4049 3172 4147 ptissana”
3191 4066 3315 4147 ὀὐκ
3340 4049 3496 4147 ετξ,
3525 4049 3763 4147 ἐπεί-τέξῃ

2175 4131 2434 4210 ἐγένεσθε
2459 4148 2472 4162 ·
2505 4131 2648 4210 οὔτε.
2666 4132 2772 4203 μὴν
2790 4131 3125 4210 ’λυθῄσεσθρλ
3143 4135 3255 4210 τῆς
3281 4138 3425 4210 ἐμῆς
3447 4131 3764 4210 βουλήσεωξ-

2176 4201 2488 4278 κρείττονος
2522 4201 2753 4255 θανάτου
2790 4201 3046 4272 λαχόντες
3070 4218 3082 4230 ·
3132 4201 3224 4278 Dii
3256 4201 3496 4272 deorum,
3530 4201 3760 4276 quorum

2175 4274 2229 4330 et
2259 4274 2423 4347 Pater
2447 4288 2540 4340 ego
2595 4287 2735 4347 sum,
2757 4281 2804 4325 et
2819 4282 3160 4347 procreator,
3183 4276 3513 4347 int_r_nortales
3543 4274 3756 4347 quidem

2177 4346 2390 4400 omnino
2425 4358 2529 4395 non
2560 4343 2711 4406 estis,
2739 4344 2866 4410 quia
2896 4345 3182 4410 procreati.
3237 4344 3400 4398 Haud
3432 4343 3602 4402 tamen
3635 4353 3758 4410 άῑε-

2175 4413 2472 4474 solvemini,
2503 4417 2599 4465 hoc
2624 4428 2699 4486 εειτ⁸
2725 4429 2841 4486 m_ea_
2878 4413 3185 4486 voluntate,
3220 4431 3338 4483 qua:
3374 4426 3546 4471 morte
3568 4433 3758 4486 polen-

2171 4488 2280 4539 ‘tior
2307 4493 2406 4548 est,
2434 4483 2718 4536 consecuti.
2746 4482 2954 4537 Exinde
2989 4481 3483 4540 Gnaeus—ostendit
3513 4481 3754 4549 animam

2177 4556 2502 4626 rationalem
2541 4553 2708 4620 (idem
2737 4553 2804 4607 de
2831 4555 3043 4622 angelis
3063 4555 3388 4626 dicendum)
3421 4568 3616 4626 suapte
3653 4579 3753 4617 na.

2175 4634 2311 4680 turre
2344 4624 2673 4677 morituram
2725 4637 2835 4677 non
2869 4621 3015 4678 esse.
3052 4621 3155 4677 Ille
3179 4625 3340 4687 enim,
3372 4621 3462 4694 qui
3489 4621 3545 4679 ut
3582 4645 3752 4687 essent

2176 4696 2400 4765 largitus
2426 4702 2527 4755 est,
2565 4693 2990 4771 inquit,_animis
3032 4696 3230 4771 nostris
3262 4693 3522 4771 concessit
3549 4715 3754 4771 quoque

2172 4775 2232 4818 ut
2261 4761 2472 4830 semper
2503 4761 2696 4834 essent.
2727 4762 2979 4832 Illudque
3023 4761 3223 4817 donum
3261 4765 3378 4833 ipsa
3404 4767 3522 4834 jam
3556 4761 3756 4826 natura

2172 4845 2272 4890 est.
2308 4834 2522 4888 Habent
2553 4833 2727 4902 igitur
2755 4834 2939 4902 angeli
2987 4834 3041 4885 in
3089 4836 3309 4904 seipsis,
3365 4844 3424 4888 ut
3458 4845 3513 4891 et
3566 4841 3754 4897 anima

2173 4904 2491 4980 rationalis,
2531 4919 2642 4972 quo
2667 4904 3011 4958 immortales
3042 4905 3174 4966 sint,
3203 4907 3409 4980 quippe
3441 4921 3567 4980 cum
3597 4913 3753 4980 ejus-

2175 4975 2326 5029 modi
2377 4981 2633 5026 naturam
2675 4987 2705 5025 a
2750 4987 2936 5027 rerum
2990 4983 3222 5029 auctore
3272 4976 3456 5030 sortiti
3507 4975 3643 5034 sint:
3699 4981 3756 5037 ld

2173 5047 2318 5115 quod
2345 5045 2536 5113 paucis
2567 5043 2772 5115 verbis
2805 5044 3057 5115 enuntiat
3088 5043 3436 5115 Nicephorus
3484 5047 3591 5102 (ΣΡ.
3628 5052 3756 5106 Ιοευ

493 5122 605 5178 tur,
637 5113 733 5170 sed
761 5123 1027 5169 extraneo
1057 5124 1112 5168 et
1138 5113 1331 5191 prbico
1367 5113 1673 5191 impellitur
1707 5126 1880 5191 motu.
1913 5115 2065 5170 Istud
2100 5134 2144 5189 ι)
2173 5113 2415 5191 antehac
2442 5115 2614 5167 citato
2647 5113 2780 5191 :_Tﬁ
2809 5113 2971 5191 ῖύσει
2997 5116 3063 5183 τῇ
3104 5114 3315 5191 ἑαυτῶν
3357 5115 3418 5170 τὸ
3445 5118 3756 5191 ἀνώλεθρον

492 5200 655 5256 porro
693 5200 894 5255 corpus
947 5186 1151 5256 moveri
1202 5186 1424 5256 tandem
1474 5187 1700 5250 desinit,
1733 5187 1838 5239 nisi
1887 5199 2066 5240 novus

491 5254 674 5310 inotus
701 5254 972 5310 addatur:
999 5254 1077 5309 Eo
1103 5255 1318 5324 perinde
1345 5256 1496 5308 modo
1523 5257 1696 5325 angeli
1751 5256 1902 5310 uitali
1926 5265 2072 5309 motu

491 5326 761 5387 instructi,
793 5342 913 5379 cum
946 5326 1015 5378 ad
1058 5328 1355 5380 naturalem
1387 5328 1713 5380 exsistentice
1756 5341 1866 5380 sua:
1893 5328 2073 5379 termi-

490 5411 618 5448 num
654 5398 976 5466 pertingant,
1006 5414 1217 5450 rursum
1241 5398 1442 5465 opiﬁcis
1466 5397 1645 5464 jussu,
1683 5397 1894 5450 vitalem
1917 5396 2071 5466 illum

490 5462 691 5538 motum
721 5462 990 5538 indicant,
1017 5462 1366 5535 subindeque
1397 5462 1560 5520 πάλιν
1599 5467 1860 5538 ἄρχονται
1899 5462 2064 5532 εἶναι,

490 5537 586 5588 καὶ
617 5537 1080 5601 ἁνακαινίζονται,
1115 5539 1308 5591 iterato
1347 5553 1459 5591 esse
1502 5537 1780 5605 incipiunt,
1825 5546 1876 5590 et
1911 5553 2066 5590 reno-

490 5613 700 5660 vantur.
751 5607 956 5662 Aﬂneas
987 5606 1235 5672 Gazams,
1265 5609 1475 5663 veritus
1525 5624 1596 5661 ne
1648 5608 1754 5661 hac
1808 5607 2060 5662 doctrina

486 5677 890 5731 immortalitati
966 5677 1276 5730 animorum
1348 5679 1598 5731 nonnihil
1651 5679 2056 5742 detraheretur,

487 5745 625 5807 illud
651 5747 1008 5816 principium,
1041 5762 1192 5801 omne
1223 5747 1360 5815 quod
1387 5764 1499 5802 esse
1535 5749 1746 5820 incepit,
1777 5747 2061 5802 obnoxium

2173 5185 2270 5260 καὶ
2315 5183 2588 5260 ἀθάνατον
2635 5185 2704 5253 τῇ
2753 5182 2850 5235 τοῦ
2895 5182 3405 5260 δημιουργήσαντος
3459 5182 3758 5260 κέκτηνται

2171 5257 2388 5325 χάριτιο
2428 5252 2496 5306 Ut
2527 5252 2723 5306 natura
2746 5269 2844 5306 sua
2873 5252 3228 5307 nec'interitu’i
3257 5271 3349 5308 nec
3379 5259 3542 5311 morti
3569 5252 3756 5314 subes-

2170 5330 2308 5389 sént,
2343 5326 2634 5377 conditoris
2671 5339 2847 5377 rerum
2902 5325 3081 5392 gratia
3127 5325 3270 5378 nacti
3330 5339 3476 5380 sunt.
3518 5327 3760 5385 Naturas

2169 5398 2455 5451 voluntate
2482 5403 2537 5448 et
2563 5395 2794 5448 arbitrio
2847 5392 2940 5448 Dei
2977 5394 3234 5450 deﬁnitas
3276 5411 3424 5460 esse,
3459 5396 3760 5455 Damasce—

2171 5480 2280 5521 nus
2317 5466 2484 5538 intra,
2517 5478 2640 5534 cap.
2672 5463 2763 5528 12,
2792 5465 3060 5530 declarat,
3095 5481 3163 5520 ex
3208 5469 3490 5538 communi
3527 5467 3756 5524 Patrum

2169 5535 2465 5590 sententia.

2243 5604 2356 5674 (49)
2387 5604 2550 5658 Ἀλλ’
2573 5605 2722 5656 ἄνευ
2749 5607 2938 5675 λόγου
2970 5605 3354 5674 προφορικοῦ.
3375 5605 3482 5662 Sed
3501 5609 3612 5662 sine
3641 5609 3760 5664 ulla

2169 5675 2386 5748 prolati
2409 5676 2670 5748 sermonis
2703 5691 2816 5742 ope.
2837 5674 3200 5748 ’Nicepltorus
3237 5677 3758 5748 Constantinopoli.

2170 5754 2335 5804 tanus
2376 5745 2685 5803 locutiones
2710 5747 3031 5819 angelorum
3066 5747 3145 5801 sic
3190 5748 3448 5804 edisserit
3477 5745 3756 5819 θηρίοισι
