3962 6300
255 406 363 469 869

1361 397 1459 456 DE
1485 394 1662 455 FIDE
1687 386 2150 452 ORTHODOXA
2191 388 2335 447 LIB.
2372 389 2453 447 II.

3417 385 3523 448 R70

257 514 609 587 μεταδιδόντα
648 510 901 582 ἀλλήλοις
949 509 1017 563 τὰ
1057 509 1165 563 ἴδια
1196 508 1448 580 νοήματα
1492 508 1585 561 καὶ
1613 501 1832 576 βουλεύ-

1963 502 2032 563 .it,
2073 513 2177 554 nec
2226 497 2495 561 auribus;
2528 494 2623 550 sed
2664 495 2782 550 sine
2839 494 2947 549 ulla
2998 493 3198 564 prolati
3247 497 3523 553 sermonis

257 626 423 678 ματα.

328 783 429 837 Διά
462 784 636 850 Λόγου
670 781 853 834 τοίνυν
894 779 1229 850 ἐκτίσθησαν
1259 780 1461 843 πάντες
1511 778 1561 831 οί
1593 776 1837 846 ἄγγελοι,

256 876 350 927 καὶ
392 874 496 926 ὑπὸ
548 872 642 926 τοῦ
702 873 864 941 ἁγίου
916 872 1236 943 Πνεύματος
1272 872 1362 926 διὰ
1413 869 1507 924 τοῦ
1564 867 1840 940 ἀγιασμοῦ

255 964 653 1035 ἐτελειώθησαν
687 1005 701 1029 ,
769 963 893 1017 κατ’
956 964 1251 1032 ἀναλογίαν
1312 964 1410 1032 τῆς
1476 963 1676 1026 ἀξίας,
1748 960 1843 1014 καὶ

255 1058 357 1126 τῆς
399 1057 617 1121 τάξεως,
669 1055 762 1109 τοῦ
815 1055 1099 1126 φωτισμοῦ
1152 1055 1381 1123 καὶτῆς
1442 1054 1666 1125 χάριτος
1715 1069 1843 1122 μετ-

257 1152 497 1219 ἔχοντες.

335 1238 709 1311 Περίγραπτοί
751 1241 890 1293 εἰσιν
912 1254 924 1267 ’
960 1240 1051 1292 ὅτε
1083 1239 1192 1308 γάρ
1219 1241 1357 1290 εἰσιν
1395 1240 1453 1290 ἐν
1496 1237 1575 1308 τῷ
1600 1235 1840 1307 οὐρανῷ,

260 1334 361 1385 οὐκ
388 1333 526 1384 εἰσίν
563 1333 622 1385 ὲν
666 1334 729 1401 τῇ
762 1334 832 1401 γῇ
854 1348 867 1362 ⁶
910 1331 1006 1384 καὶ
1037 1332 1118 1392 εἰς
1155 1331 1257 1400 τὴν
1300 1329 1403 1399 γὴν
1430 1330 1536 1382 ὑπὸ
1575 1328 1670 1382 τοῦ
1706 1327 1842 1381 Θεοῦ

260 1424 743 1492 ἀποστελλόμενοι,
775 1426 874 1476 οὐκ
919 1421 1351 1492 ἐναπομένουσιν
1387 1423 1445 1474 ἐν
1475 1420 1553 1491 τῷ
1586 1419 1802 1491 οὐρανῷ
1826 1438 1839 1451 ·

260 1516 322 1568 οὐ
364 1514 777 1587 περιορίζονται
821 1514 878 1566 δὲ
938 1512 1042 1565 ὑπὸ
1089 1512 1317 1582 τειχῶν,
1354 1512 1449 1565 καὶ
1498 1511 1713 1582 θυρῶν,
1748 1510 1843 1565 καὶ

263 1607 553 1677 κλείθρων,
584 1608 678 1660 καὶ
702 1605 1015 1673 σφραγίδων
1036 1621 1049 1635 ·
1079 1606 1322 1673 ἀόριστοι
1349 1604 1459 1675 γάρ
1483 1606 1642 1657 εἰσιν.
1677 1604 1846 1675 Ἀορί-

266 1716 426 1760 στους
454 1698 512 1750 δὲ
542 1697 686 1764 λέγω
707 1713 721 1727 ο
753 1698 812 1748 οὐ
838 1697 949 1767 γὰρ
976 1696 1109 1749 καθό
1144 1698 1302 1760 εἰσιν,
1330 1696 1703 1764 ἐπιφαίνονται
1731 1700 1844 1761 τοῖς

264 1790 436 1856 ἀξίοις
465 1791 509 1852 i,
542 1782 624 1852 οἷς
662 1790 690 1841 ὁ
722 1788 853 1851 Θεὸς
895 1787 1181 1857 φαίνεσθαι
1227 1788 1423 1851 αὐτοὺς
1455 1788 1693 1858 θελήσει,
1726 1788 1842 1843 ἀλλ’

265 1885 325 1936 ὲν
372 1880 919 1953 μετασχηματισμῷ,
972 1880 1155 1943 καθὼς
1201 1881 1458 1935 δύνανται
1506 1884 1557 1934 οἱ
1587 1882 1842 1954 ὁρῶντες,

264 1977 424 2046 ὁρᾷν.
466 1975 740 2045 Ἀόριστον
789 1975 898 2044 γάρ
941 1976 1056 2027 ἐστι
1097 1973 1258 2044 φύσει
1306 1972 1400 2026 καὶ
1420 1974 1646 2045 κυρίως,
1687 1975 1847 2045 μόνον

263 2069 329 2120 τὸ
365 2067 643 2122 ἀκτιστον.
696 2068 809 2121 Πᾶν
855 2067 965 2140 γὰρ
1004 2067 1214 2139 κτίσμα
1261 2068 1366 2121 ὑπὸ
1419 2066 1515 2121 τοῦ
1562 2069 1847 2132 κτίσαντος

264 2160 406 2214 αὐτὸ
434 2160 569 2214 Θεοῦ
609 2159 871 2232 ὁρίζεται.

346 2422 587 2486 Ἐξωθεν
614 2423 711 2493 τῆς
758 2423 949 2488 οὐσίας
982 2424 1074 2479 τὸν
1117 2427 1392 2498 ἀγιασμὸν
1437 2430 1501 2481 ἐκ
1530 2428 1626 2482 τοῦ
1675 2430 1847 2482 Ilvati-

269 2529 445 2584 ματος
500 2513 750 2583 ἔχοντες·
815 2515 904 2570 διὰ
978 2517 1078 2587 τῆς
1154 2518 1305 2583 Θείας
1357 2521 1581 2589 χάριτος
1635 2538 1848 2591 προφη-

266 2605 525 2669 τεύοντες
553 2623 566 2636 ·
601 2608 678 2678 μὴ
712 2608 893 2679 γάμου
940 2610 1255 2681 χρῄζοντες,
1299 2614 1602 2686 ἐπειδήπερ
1637 2614 1711 2685 μὴ
1740 2616 1848 2668 εἰσὶ

268 2696 481 2767 θνητοί.

345 2789 487 2853 Νόες
510 2790 567 2843 δὲ
604 2790 780 2856 ὄντες,
832 2794 891 2846 ἐν
928 2798 1139 2864 νοητοῖς
1186 2797 1281 2849 καὶ
1314 2797 1501 2861 τόποις
1524 2799 1636 2869 (50)
1688 2801 1850 2867 εἰσὶν,

269 2882 337 2934 οὗ
375 2884 705 2952 σωματικῶς
732 2889 1237 2958 περιγραφόμενον
1283 2890 1344 2941 οὐ
1378 2890 1487 2961 γὰρ
1523 2894 1853 2962 σωματικῶς

274 2975 420 3029 κατὰ
465 2976 628 3045 φύσιν
660 2980 1111 3050 σχηματίζονται,
1142 2980 1265 3034 οὐδὲ
1308 2985 1469 3054 τριχῆ
1506 2985 1610 3038 είσι
1635 2984 1855 3040 διαστα-

272 3068 381 3131 τοὶ,
412 3068 549 3122 ἀλλά
572 3069 651 3139 τῷ
681 3071 892 3141 νοητῶς
934 3075 1188 3144 παρεῖναι
1213 3114 1228 3139 ,
1259 3074 1356 3128 καὶ
1403 3078 1648 3147 ἐνεργεῖν
1673 3122 1687 3144 ,
1726 3079 1855 3133 ἔνθα

274 3161 349 3214 ἃν
372 3162 780 3232 προσταχθῶσι,
811 3164 905 3218 καὶ
932 3163 1007 3234 μὴ
1035 3164 1297 3219 δύνασθαι
1330 3166 1471 3221 κατά
1512 3170 1712 3226 ταυτὸν
1751 3165 1851 3226 ὧδε

278 3253 502 3308 ιιακεῖσε
531 3250 694 3319 εἶναι,
727 3258 822 3310 καὶ
854 3258 1118 3329 ἐνεργεῖν.

350 3520 479 3572 Εἴτε
511 3520 615 3571 ῖσοι
644 3521 762 3573 κατ’
799 3520 1009 3587 οὐσίαν,
1046 3524 1159 3577 εἴτε
1181 3524 1535 3594 διαφέροντες
1582 3525 1853 3597 ἀλλήλων,

275 3613 383 3665 οὐκ
416 3614 595 3682 ἴσμεν.
633 3616 806 3679 Μόνος
840 3616 895 3668 δὲ
920 3616 948 3667 ὁ
980 3617 1215 3688 ποιήσας
1239 3619 1435 3682 αὐτοὺς
1466 3618 1600 3682 Θεὸς
1631 3619 1858 3672 ἐπίστα-

277 3721 406 3771 ται,
442 3707 483 3776 ,ὁ
535 3707 629 3759 καὶ
665 3707 733 3760 τὰ
785 3706 965 3762 πάντα
1013 3709 1191 3774 εἰδώς.
1253 3710 1614 3782 Διαφέροντες
1664 3711 1721 3765 δὲ
1745 3711 1858 3782 (51)

356 3881 402 3911 ⁵⁸
429 3877 600 3951 Grcg.
630 3890 772 3935 orat.
806 3883 894 3938 58.

1874 1847 1921 1909 B

1941 606 2046 659 ope
2099 596 2290 643 mutuo
2339 589 2445 643 sibi
2492 603 2655 643 sensa
2702 602 2804 644 sua
2854 588 3270 642 communicant
3302 594 3357 643 et
3389 602 3524 643 cou-

1942 682 2065 738 silia
2104 681 2169 733 ‘9.

2011 774 2118 830 Per
2158 773 2396 829 Verbum
2423 786 2614 827 omnes
2639 770 2821 841 angeli
2855 778 3026 826 creati
3060 779 3209 833 sunt,
3243 778 3298 826 et
3328 778 3526 825 sancto

1946 869 2157 939 Spiritu
2191 865 2575 923 sanctiﬁcante
2606 863 3147 920 consummationem
3166 871 3521 934 acceperunt,

1946 970 2006 1015 ut
2039 976 2139 1030 pro
2170 973 2268 1015 sua
2302 958 2540 1028 quisque
2573 956 2845 1025 dignitate
2872 963 2926 1009 et
2960 954 3157 1009 ordine
3207 953 3525 1025 splendoris

1945 1051 2245 1123 gratiaque
2274 1047 2577 1120 participes
2599 1051 2788 1102 essent
2819 1046 2887 1098 ⁸ο.

2017 1233 2420 1300 Circumscripti
2455 1230 2651 1300 angeli.
2679 1256 2750 1269 -
2777 1227 3198 1296 Circumscripli
3236 1234 3398 1293 sunt;
3426 1241 3529 1281 ucc

1945 1326 2095 1383 enim
2143 1340 2267 1380 cum
2300 1326 2356 1379 in
2399 1323 2541 1379 caalo
2585 1328 2737 1387 sunt,
2773 1320 2828 1374 in
2868 1327 3016 1375 terra
3045 1326 3382 1383 versantur;
3428 1332 3531 1372 nec

1946 1433 2071 1473 cum
2098 1430 2128 1471 a
2160 1416 2343 1472 Deoin
2369 1424 2575 1471 terram
2607 1414 2928 1477 mittuntur,
2961 1418 3252 1467 remanent
3280 1411 3333 1464 in
3368 1409 3529 1465 etelo.

1945 1507 2214 1563 Caeterum
2246 1520 2349 1560 nec
2375 1503 2674 1567 mmnibus,
2698 1517 2799 1558 nec
2828 1502 3066 1565 foribus,
3098 1515 3200 1556 nec
3227 1500 3529 1570 repagulis,

1947 1612 2050 1653 nec
2082 1597 2282 1668 sigillis
2316 1596 2672 1651 cohibentur.
2707 1593 2827 1649 Non
2862 1595 3007 1649 enim
3057 1593 3226 1649 certis
3263 1592 3393 1648 ullis
3425 1601 3533 1646 ter-

1948 1690 2116 1745 minis
2160 1688 2372 1744 deﬁniti
2424 1698 2518 1742 aut
2576 1686 2803 1742 coerciti
2856 1693 3003 1741 sunt.
3041 1684 3222 1739 Nullis
3277 1683 3533 1739 terminis

1948 1780 2205 1836 deﬁnitos
2252 1778 2409 1844 dico;
2453 1793 2521 1833 eo
2565 1776 2713 1848 quod
2746 1777 2937 1847 probis
2982 1784 3036 1830 ct
3082 1776 3291 1846 dignis,
3326 1774 3530 1844 quibus

1950 1887 2047 1928 eos
2075 1871 2220 1926 Deus
2271 1868 2531 1926 visendos
2579 1869 2829 1924 exhiberi
2881 1868 3157 1932 voluerit,
3198 1881 3308 1920 non
3337 1866 3533 1937 quales

1949 1966 2227 2021 exsistunt
2253 1970 2579 2034 appareant,
2615 1960 2711 2018 sed
2738 1962 2793 2015 in
2818 1960 2983 2014 aliam
3024 1960 3226 2014 mutati
3269 1959 3531 2024 formam,

1948 2044 2425 2128 proutvidentium
2449 2057 2676 2111 obtutus
2700 2052 2844 2109 ferre
2863 2059 3049 2122 queat.
3084 2050 3217 2106 Nam
3244 2051 3445 2120 alioqui
3478 2050 3534 2103 id

1949 2150 2127 2206 solum
2160 2156 2359 2203 natura
2394 2162 2458 2203 ac
2492 2146 2716 2217 proprie
2748 2146 2917 2201 nullis
2958 2144 3227 2199 delinitur
3255 2143 3531 2205 terminis,

1949 2241 2094 2312 quod
2130 2241 2435 2296 increatum
2466 2248 2571 2294 est.
2608 2237 2891 2308 Quidquid
2930 2239 3078 2292 enim
3120 2244 3207 2293 est
3257 2245 3532 2300 creatum,

1950 2332 2096 2386 intra
2137 2330 2400 2386 terminos
2430 2346 2562 2385 suos
2590 2345 2619 2383 a
2651 2330 2764 2384 Deo
2798 2336 3054 2385 creatore
3088 2329 3300 2384 ﬁnitur.

2018 2423 2193 2478 Porro
2240 2423 2461 2478 aliunde
2507 2437 2674 2493 quam
2726 2436 2756 2475 a
2803 2432 3001 2475 natura
3046 2437 3145 2477 sua
3180 2422 3533 2478 sanctitatem

1952 2517 2179 2581 habent,
2207 2515 2469 2569 nimirum
2516 2530 2548 2567 a
2600 2512 2813 2584 Spiritu
2845 2523 3057 2568 sancto.
3092 2514 3183 2569 Dei
3218 2514 3536 2568 illustrante

1952 2608 2149 2678 gratia,
2176 2606 2360 2662 futura
2399 2605 2708 2676 praedicunt
2732 2606 2801 2659 δ’.
2829 2604 3105 2677 Conjugio
3134 2605 3363 2660 minime
3386 2604 3537 2659 indi-

1954 2709 2103 2771 gent,
2128 2715 2253 2755 cum
2280 2699 2621 2754 immortales
2644 2698 2779 2753 sint.

2023 2789 2211 2860 Ληρειί
2240 2790 2407 2844 locus.
2442 2818 2511 2829 —
2537 2787 2656 2842 Jam
2704 2803 2834 2844 vero
2869 2804 2993 2844 cum
3042 2798 3258 2843 mentes
3297 2789 3433 2854 sint,
3481 2788 3538 2843 in

1954 2883 2268 2954 hujusmodi
2303 2896 2523 2952 quoque
2553 2881 2692 2936 locis
2729 2889 2880 2944 sunt,
2925 2896 3046 2951 qua:
3096 2890 3281 2935 mente
3334 2880 3540 2934 intelli-

1955 2984 2161 3047 guntur
2192 2994 2206 3031 :
2232 2989 2341 3029 non
2371 2973 2517 3045 quod
2551 2987 2823 3042 corporeo
2868 2973 3031 3027 modo
3060 2972 3541 3028 circumscriban-

1957 3077 2046 3123 tur
2072 3071 2272 3140 (neque
2322 3068 2469 3122 enim
2520 3081 2674 3121 more
2715 3081 3035 3136 corporum,
3071 3065 3252 3135 quoad
3279 3075 3539 3119 naturam

1956 3163 2177 3227 attinet,
2219 3161 2546 3231 ﬁgurantur,
2584 3167 2679 3215 aut
2728 3161 2878 3214 trina
2915 3159 3261 3214 dimensione
3312 3157 3540 3213 distenti

1956 3256 2130 3326 sunt).
2154 3254 2248 3310 scd
2284 3253 2441 3323 157
2456 3253 2601 3322 quod
2637 3252 2730 3307 ubi
2760 3267 2820 3307 se
2846 3250 3156 3315 conferant,
3182 3251 3296 3305 illic
3326 3250 3543 3320 spirita-

1956 3343 2081 3397 litcr
2109 3340 2298 3397 adsint
2330 3350 2385 3397 et
2415 3350 2716 3410 operantur
2745 3357 2760 3405 ;
2801 3354 2904 3395 nec
2933 3338 3129 3395 eodem
3156 3349 3402 3410 tempore
3450 3339 3540 3394 bic

1959 3441 2125 3502 atque
2150 3432 2263 3486 illic
2289 3446 2413 3487 esse
2438 3440 2493 3486 et
2520 3432 2740 3501 operari
2768 3432 3004 3501 possint.

2031 3525 2300 3579 Incertum
2351 3541 2420 3577 an
2468 3523 2694 3593 mquales
2742 3522 3066 3578 substantia.
3109 3550 3180 3561 --
3216 3522 3296 3574 Ac
3353 3518 3538 3587 quoad

1966 3619 2261 3675 essentiam
2312 3616 2536 3686 quidem
2579 3615 2900 3685 aaqualesne
2952 3614 3066 3668 sint
3117 3612 3259 3666 inter
3321 3626 3400 3675 se,
3470 3626 3541 3664 an

1970 3712 2243 3780 dispares,
2304 3715 2649 3778 compertum
2716 3721 2826 3762 non
2887 3714 3013 3763 est:
3072 3705 3227 3761 solus
3281 3704 3385 3760 hoc
3439 3703 3546 3759 scit

996 3884 1231 3957 l"’Grcg.
1271 3897 1412 3944 orat.
1459 3888 1548 3943 54.
1626 3888 2026 3943 “Theodoret.
2083 3886 2230 3956 Epit.
2285 3885 2391 3940 div.
2447 3882 2589 3938 decr.
2651 3896 2771 3952 cap.
2803 3882 2857 3937 8.

1555 4006 1793 4061 VARIE
1834 4003 2239 4062 LECTIONES.

362 4094 384 4136 ί
414 4092 484 4150 Β.
511 4090 651 4147 2950
675 4090 871 4159 ἁγίοις.

1862 4178 2081 4236 ΝΟΤίΕ

277 4277 514 4334 laudato
570 4276 695 4330 libri
752 4275 820 4330 de
866 4274 1145 4343 inculpata
1204 4271 1651 4330 Christianorum
1704 4275 1856 4332 ﬁde:

280 4349 397 4403 Καὶ
431 4346 540 4418 μὴν
564 4346 661 4418 καί
685 4345 841 4418 λόγος
879 4346 936 4398 ἐν
969 4344 1198 4418 ἐκείνοις
1224 4345 1371 4397 ἐστὶν
1391 4387 1405 4409 ,
1440 4347 1676 4418 ἐπείπερ
1711 4346 1860 4415 λογι-

282 4419 373 4473 κοί
405 4411 544 4494 ε’ίσξν
564 4433 578 4446 ·
613 4416 710 4494 οὐχ
729 4411 966 4494 μοίόσπερ
994 4418 1022 4468 ὁ
1050 4415 1339 4494 ἡμέτερος,
1358 4418 1450 4494 Δἐκ
1485 4416 1580 4494 τοῦ
1639 4411 1696 4469 ἐν
1728 4411 1861 4487 ἡμῖν

283 4487 522 4557 φυσικοῦ
547 4528 561 4550 ,
601 4484 956 4557 καίςωτικοῦ
985 4484 1311 4557 πνευματος
1355 4486 1442 4539 διὰ
1482 4484 1864 4557 τῶνίφωνητιέ

282 4553 401 4612 κῶν
430 4557 681 4626 ὀργάνων
716 4555 941 4623 προῖὼν,
979 4553 1133 4626 διαρο
1145 4553 1425 4626 ρούμενος,
1453 4559 1519 4625 τῇ
1558 4556 1740 4626 πληγῇ
1769 4553 1863 4609 τοῦ

284 4624 477 4699 ἀέρος
497 4625 835 4699 τυπούᾷμενος
860 4668 874 4690 ,
908 4626 1016 4699 καὶ
1053 4624 1678 4699 διαβιβαζόμενοςί-πρὸς
1699 4624 1869 4699 ⁸ἀντί-

284 4693 459 4773 ληψιν
477 4700 587 4773 fiat;
617 4693 1062 4773 τῶνάκουόντων
1100 4693 1405 4773 αἰσθήσεως
1434 4713 1445 4725 ·
1480 4693 1634 4773 λαλλά
1663 4696 1725 4773 το
1767 4696 1868 4748 ἀΰ-

288 4763 420 4830 nos;
450 4763 589 4820 εἶναι
613 4765 706 4818 καὶ
731 4764 1077 4835 ἀσυνθέτους,
1099 4763 1302 4826 ἁπλοῦς
1326 4781 1387 4816 τε
1408 4765 1502 4817 καί
1517 4767 1868 4835 ἀσωμάτους,

288 4836 734 4921 περιχωρεῖνβν
802 4834 1091 4921 ἀλλήλοις,
1133 4837 1231 4921 καί
1290 4835 1387 4915 ea;
1414 4834 1690 4921 supra
1739 4853 1872 4916 καε-

289 4905 550 4961 οπτεύειν
583 4906 820 4975 νοήσειςν
851 4906 943 4957 καὶ
983 4906 1261 4975 κοινωνεῖν
1295 4905 1374 4973 τῷ
1414 4905 1556 4975 λόγῳ
1594 4906 1681 4959 δίᾷ
1713 4906 1872 4974 σιγῆς

288 4974 723 5047 ἐναργέστερον,
750 4974 867 5047 καὶ
898 4974 1281 5043 ἐκτυπώτερον
1303 5014 1317 5038 ,
1365 4975 1470 5047 ἢνΑὸ
1508 4974 1615 5039 πᾶς
1661 4975 1873 5045 προῖὼν

288 5045 456 5127 λόγος
483 5062 497 5075 ⁸
529 5048 602 5099 Ac
632 5045 841 5127 quidem
874 5062 1045 5127 sermo
1074 5061 1275 5127 quoque
1297 5048 1348 5097 in
1372 5045 1490 5127 illis
1510 5056 1607 5109 est,
1634 5047 1875 5127 quando-

290 5120 507 5187 quidem
545 5116 752 5169 ratione
774 5116 987 5187 prtrditi
1018 5125 1140 5169 sunt
1173 5131 1190 5168 :
1224 5131 1323 5187 non
1363 5126 1535 5169 tamen
1570 5129 1644 5169 est
1682 5117 1873 5169 similis

291 5185 488 5252 nostri,
515 5188 605 5255 qui
631 5185 875 5255 naturali
906 5187 1156 5255 ritalique
1194 5186 1385 5251 spiritu
1430 5188 1687 5239 vocalium
1721 5203 1877 5255 orga-

294 5272 491 5311 norum
522 5272 613 5324 ope
656 5254 1024 5326 progreditur,
1060 5254 1109 5308 et
1142 5256 1495 5318 articulatur,
1543 5254 1878 5323 percussione

296 5328 443 5379 aeris
495 5327 779 5390 formatus,
836 5327 1199 5395 transiensque
1237 5336 1293 5377 ut
1348 5326 1675 5380 audientium
1723 5342 1878 5379 sensu

294 5395 627 5466 percipiatur
656 5413 671 5450 :
703 5398 792 5449 sed
840 5398 965 5466 quia
1012 5396 1239 5449 materia
1286 5411 1348 5447 ac
1377 5397 1753 5464 compositione
1786 5412 1878 5449 va-

294 5474 450 5527 cant,
487 5467 852 5533 simplicesque
903 5474 951 5519 et
1000 5466 1296 5534 incorporei
1329 5475 1487 5527 sunt,
1526 5467 1742 5519 invicem
1779 5467 1882 5518 cir-

296 5537 676 5591 cumincedunt
706 5575 721 5597 ,
766 5551 996 5605 suasque
1046 5548 1230 5589 mutuo
1284 5538 1638 5603 perceptiones
1697 5552 1884 5603 specu-

298 5611 528 5669 lantur,
584 5617 641 5658 ut
682 5605 887 5659 silendo
929 5605 1128 5659 clarius
1172 5605 1567 5674 expressiusque
1618 5622 1882 5660 sermones

298 5678 585 5745 misceant,
618 5688 777 5744 quam
812 5677 921 5728 alia
949 5677 1133 5745 quavis
1168 5675 1465 5740 prolatione
1494 5675 1787 5729 verborum.

371 5744 490 5813 (50)
543 5747 646 5799 Ἑν
666 5746 906 5816 νοητοῖς
934 5744 1031 5798 καί
1060 5746 1285 5816 τόποις,
1315 5746 1368 5798 in
1394 5746 1656 5812 ejusmodi
1684 5763 1884 5816 quoque

298 5817 435 5871 locis
466 5827 612 5883 sunt,
644 5826 750 5873 cte.
786 5815 906 5871 Lib.
943 5830 980 5880 ι,
1018 5830 1144 5886 cap.
1180 5815 1266 5884 17,
1304 5816 1599 5884 explicavit
1630 5815 1882 5887 quisnam

1969 4276 2061 4330 ille
2115 4275 2271 4330 locus
2330 4274 2404 4330 sit
2447 4276 2540 4345 qui
2589 4283 2773 4331 mente
2830 4275 3177 4345 intelligitur.
3229 4275 3327 4330 Est
3374 4286 3550 4331 autem

1970 4356 2138 4399 mente
2169 4356 2463 4414 perceptus,
2502 4362 2592 4399 seu
2636 4348 2935 4415 spiritualis
2972 4347 3135 4408 locus,
3170 4346 3258 4399 ubi
3294 4349 3552 4416 intelligi-

1973 4425 2059 4468 tur
2094 4426 2185 4469 :et
2220 4417 2441 4470 exsistit
2479 4418 2856 4471 intellectualis
2886 4426 3080 4470 natura
3121 4427 3170 4471 et
3205 4419 3552 4485 incorporea;

1970 4488 2059 4538 ubi
2092 4488 2343 4539 nimirum
2404 4486 2636 4555 πάρεστι
2690 4489 2785 4540 καὶ
2830 4489 3078 4555 ἐνεργεῖ,
3124 4505 3356 4555 prtesens
3404 4490 3554 4541 adest

1970 4565 2019 4607 et
2066 4566 2349 4621 operatur,
2387 4572 2549 4626 neque
2595 4573 2874 4625 corporum
2910 4575 3053 4611 more
3087 4561 3407 4621 continetur,
3461 4560 3551 4612 sed

1973 4626 2279 4693 spirituum.
2316 4626 2478 4679 Plura
2517 4627 2583 4679 de
2615 4628 2737 4681 loco
2768 4629 2943 4695 angeli
2973 4629 3177 4682 ibidem
3214 4630 3458 4694 subiicit.

2044 4696 2156 4768 (iii)
2188 4696 2576 4768 Διαφέροντες
2600 4695 2686 4750 δέ.
2727 4696 3115 4751 Illustrationis
3142 4697 3293 4752 modo
3316 4710 3368 4752 et
3382 4698 3553 4768 gradu

1973 4766 2252 4833 di/ferunt.
2307 4766 2566 4821 Diversus
2611 4768 2838 4823 ordines
2886 4770 3205 4837 angelorum
3236 4766 3551 4836 TilCOittglIS

1974 4837 2247 4908 agnoscit,
2281 4846 2423 4889 orat.
2458 4837 2528 4891 54
2553 4874 2567 4899 ,
2603 4852 2728 4908 cum
2767 4838 2874 4900 ait,
2918 4840 3151 4892 aliorum
3207 4838 3555 4908 aliorumque

1976 4907 2112 4977 alias
2143 4915 2306 4976 atque
2339 4908 2477 4960 alias
2530 4907 2973 4963 collustrationes
2995 4953 3009 4971 ,
3073 4908 3371 4977 ampliores
3392 4949 3406 4971 ,
3460 4907 3556 4962 aut

1977 4976 2245 5047 minores,
2289 4991 2439 5040 esse,
2472 4976 2612 5029 κατά
2641 4979 2740 5047 τὴν
2763 4978 3055 5046 ἀναλογίαν
3085 4976 3187 5046 τῆς
3216 4977 3430 5045 φύσεως
3461 4979 3556 5031 καὶ

1975 5045 2075 5114 τῆς
2108 5046 2346 5109 τάξεως,
2388 5045 2703 5100 secundant
2727 5047 2980 5117 cujusque
3011 5045 3219 5101 natura:
3262 5059 3310 5101 et
3350 5050 3556 5102 ordinis

1976 5119 2384 5187 proportionem.
2424 5117 2533 5171 Sed
2583 5126 2636 5172 et
2663 5119 2910 5187 Cyrillus
2957 5119 3009 5171 in
3042 5119 3554 5179 Tliesauro,assert.

1978 5187 2158 5267 5|,Ap.
2188 5186 2318 5247 9.66,
2361 5195 2571 5267 tantum
2604 5186 2827 5267 luminis
2854 5197 3121 5267 creaturae
3165 5189 3416 5242 rationali
3458 5189 3559 5241 im-

1981 5256 2244 5325 pertitum
2282 5273 2405 5327 esse
2436 5274 2464 5309 ιι
2497 5256 2605 5311 Deo
2635 5257 2731 5320 ait,
2780 5266 3046 5326 quantum
3078 5274 3421 5327 unaquaeque
3460 5273 3558 5327 pro

1982 5329 2065 5399 sui
2102 5329 2318 5397 generis
2341 5326 2663 5399 discrimine
2689 5328 3052 5399 capaxﬂforet,
3090 5326 3339 5396 adeoque
3366 5326 3559 5399 ἑτέραν

1982 5391 2128 5468 εἶναί
2159 5399 2216 5468 ἐν
2253 5397 2527 5463 ἀγγέλοις,
2580 5391 2803 5465 μείζονα
2842 5397 2898 5448 δὲ
2942 5399 3000 5450 ἐν
3041 5391 3423 5468 ἀρχαγγέλοις,
3462 5391 3560 5453 καὶ

1983 5418 2124 5450 ειναι
2159 5418 2216 5449 εν
2253 5418 2527 5463 αγγεΛοις,
2580 5418 2803 5465 μειεονα
2842 5418 2898 5448 οε
2942 5418 3000 5450 εν
3041 5418 3423 5468 αρ’μγγεΑοις,
3465 5418 3558 5453 και

1983 5466 2063 5519 ἔτι
2089 5466 2293 5537 ταύτης
2322 5468 2692 5537 ὑπερέχουσαν
2720 5468 2777 5518 ἐν
2804 5470 2926 5529 ταῖς
2952 5418 3210 5537 ἀνωτέὲω
3229 5469 3525 5537 δυνάμεσιν
3543 5486 3558 5503 ·

1984 5536 2164 5589 Aliam
2214 5538 2268 5589 in
2332 5537 2532 5605 angelis
2585 5537 2936 5605 cognitionem
2989 5536 3137 5599 esse,
3195 5536 3452 5607 majorem
3507 5541 3560 5592 in

1985 5607 2341 5674 archangelis,
2386 5617 2695 5677 et__rursum
2724 5607 3144 5661 excellentiorem
3186 5609 3239 5661 in
3272 5614 3566 5677 superior:-

1988 5677 2082 5729 bus
2119 5678 2421 5730 virtutibus.
2453 5675 2555 5730 Ubi
2582 5678 2744 5745 plane
2780 5678 3028 5731 inuuitur
3054 5675 3375 5743 angelorum
3407 5682 3562 5732 ordi-

1990 5763 2085 5800 nes
2113 5755 2206 5799 aut
2230 5748 2415 5816 specie
2445 5755 2540 5800 aut
2565 5762 2764 5816 genere
2803 5752 2944 5800 inter
2972 5764 3029 5802 se
3064 5750 3300 5803 diﬁ'erre.
3341 5749 3561 5817 chesis

1993 5817 2261 5887 Epiphan.
2302 5819 2495 5875 laceres.
2528 5817 2619 5883 (il,
2668 5834 2725 5871 ιι.
2779 5819 2866 5874 55.
2924 5818 3107 5891 Pergit
3161 5818 3562 5878 Nazianzenus.
