3962 6300
1806 203 1851 215 -ο
1928 208 1929 211 η

226 352 330 413 857

1333 345 1433 405 DE
1471 344 1651 405 FIDE
1683 342 2155 403 ORTHODOXA
2191 343 2339 403 LIB.
2371 342 2422 401 Ι.

3381 340 3488 404 858

219 470 317 522 τοῦ
370 462 583 535 Πατρός
613 460 952 523 ἀδιαστάτως
998 457 1377 530 ἐκωρευμένη
1400 500 1416 523 ,
1449 458 1545 511 καὶ
1599 460 1657 512 ἐν
1697 456 1809 526 Υἱῷ

1923 452 2299 519 sanctificans,
2345 451 2702 516 subsistens;
2731 447 2825 518 qui
2858 463 2923 503 ex
2962 446 3124 501 Patre
3169 445 3375 515 absque
3403 461 3493 501 se-

220 554 640 624 ἀναπαυομένη,
676 551 962 623 δμοούσιος
995 550 1170 621 Πατρὶ
1196 550 1295 603 καὶ
1323 547 1459 620 Υἱῴ.

298 731 468 801 Λόγος
493 728 642 784 ἐστὶν
664 730 692 782 6
726 726 1000 790 οὐσιωδῶς
1031 725 1110 797 τῷ
1144 726 1323 796 Πατρὶ
1350 725 1437 779 ἀεὶ
1476 723 1807 795 συμπαρών.

224 824 401 892 Λόγος
459 822 623 875 πάλιν
677 821 796 874 ἐστὶ
847 820 944 872 καὶ
992 820 1026 887 ἡ
1069 817 1271 888 φυσικὴ
1307 815 1403 869 τοῦ
1439 815 1532 869 νοῦ
1571 817 1807 885 κίνησις,

226 915 349 968 καθ’
371 914 437 984 ἢν
464 914 715 976 κινεῖται,
746 911 839 963 καὶ
867 912 998 977 νοεῖ,
1044 908 1139 962 καὶ
1175 908 1473 977 λογίζεται,
1500 906 1669 961 οἱονεὶ⁸
1694 905 1810 975 φῶς

226 1004 394 1058 αὑτοῦ
433 1002 510 1058 ὣν
553 1003 649 1056 καὶ
678 1001 1045 1071 ἀπαύγασμα.
1084 998 1258 1067 Λόγος
1287 998 1454 1051 πάλιν
1489 997 1640 1050 ἐστὶν
1669 998 1697 1048 6
1724 997 1809 1047 ὲν-

225 1099 473 1160 διάθετος
507 1098 564 1150 ἐν
597 1097 662 1165 τῇ
706 1093 903 1166 καρδία
942 1090 1290 1160 λαλούμενος.
1318 1090 1429 1143 Καὶ
1457 1089 1619 1143 πάλιν
1654 1088 1812 1158 λόγος

230 1187 593 1262 [προφορικός
614 1185 664 1258 b]
696 1186 846 1239 ἐστιν
880 1183 1111 1252 ἄγγελος
1155 1182 1451 1253 νοήματος.
1488 1181 1548 1236 '0
1580 1181 1678 1252 μὲν
1717 1178 1810 1237 οὖν

228 1281 363 1346 Θεὸς
387 1280 499 1351 (42)
536 1279 707 1347 Λόγος
735 1276 999 1345 οὑσιώδης
1037 1275 1096 1328 τέ
1128 1276 1245 1327 ἐστι
1279 1274 1374 1326 καὶ
1399 1273 1763 1339 ἐνυπόστατος
1792 1288 1807 1305 ο

228 1374 284 1425 οἱ
325 1371 381 1424 δὲ
412 1368 587 1423 λοιποὶ
634 1373 786 1440 τρεῖς
831 1367 1001 1435 λόγοι,
1034 1364 1293 1435 δυνάμεις
1329 1364 1437 1417 εἰσὶ
1465 1364 1565 1435 τῆς
1610 1363 1808 1437 ψυχῆς,

227 1466 331 1518 οὐκ
357 1465 413 1516 ἐν
437 1462 540 1533 ἰδία
560 1458 857 1514 ὑποστάσει
886 1454 1283 1527 Θεωρούμενοι·
1310 1449 1386 1508 ὧν
1413 1457 1441 1509 6
1472 1456 1571 1526 μὲν
1597 1456 1812 1528 πρῶτος

229 1553 327 1608 τοῦ
354 1552 447 1606 νοῦ
476 1551 705 1621 φυσικόν
732 1553 848 1604 ἐστι
874 1548 1138 1619 γέννημα,
1159 1544 1218 1610 ἐξ
1254 1545 1419 1599 αὐτοῦ
1448 1548 1536 1599 ἀεὶ
1569 1547 1811 1617 φυσικῶς

231 1643 615 1716 πηγαζὸμενον
644 1659 658 1674 ο
700 1643 730 1694 6
761 1641 1014 1712 δεύτερος
1050 1639 1107 1691 δέ
1138 1637 1364 1706 λέγεται
1407 1638 1713 1704 ἐνδιάθετος
1737 1652 1753 1669 ⁶
1784 1642 1813 1694 6

229 1737 289 1790 δὲ
310 1723 895 1808 τρίτοςίπροφορικός.

305 1997 381 2053 T6
419 1996 635 2066 πνεῦμα
664 1997 870 2052 νοεῖται
905 1997 1206 2071 πολλαχῶς.
1232 2000 1306 2052 T6
1337 1999 1492 2069 ἆγιον
1518 2001 1807 2075 Πνεῦμαο,

1911 545 2199 618 iunctione
2219 544 2544 614 procedens,
2576 559 2641 598 ac
2672 545 2726 596 in
2748 539 2889 595 Filio
2909 538 3224 608 quiescens,
3243 536 3493 609 ejusdem

1914 648 1971 693 et
2007 639 2128 708 ipse
2153 652 2278 693 cum
2314 635 2479 690 Patre
2507 643 2562 691 et
2590 634 2727 689 Filio
2750 631 3084 689 substantia:
3113 632 3208 688 sit.

1998 728 2150 783 Verbi
2172 746 2233 782 ac
2263 729 2521 783 sermonis
2552 726 2877 796 acceptiones
2914 726 3096 780 varice.
3125 756 3194 767 -
3243 722 3483 779 Verbum

1916 828 2027 884 est,
2070 821 2217 891 quod
2255 834 2382 874 eum
2422 818 2585 874 Patre
2624 817 3065 873 substantialiter
3111 832 3328 886 semper
3382 824 3487 872 est.

1914 911 2135 969 Rursus
2167 911 2395 967 verbum
2424 919 2511 965 est
2544 908 2816 963 naturalis
2853 907 3053 963 mentis
3087 908 3343 977 agitatio,
3382 921 3492 977 qua

1914 1014 2190 1067 movetur,
2223 1011 2275 1058 et
2302 1001 2581 1071 intelligit,
2616 1009 2670 1056 et
2711 999 2955 1070 cogitat;
2990 1000 3159 1054 veluti
3195 1000 3285 1053 lux
3316 999 3494 1068 ipsius

1912 1103 1967 1150 et
1995 1093 2255 1165 splendor
2285 1094 2584 1151 exsistens.
2638 1093 2736 1148 Est
2781 1098 3051 1162 praeterea
3097 1091 3324 1146 verbum
3361 1090 3492 1144 inti-

1915 1202 2092 1251 mum,
2118 1184 2267 1256 quod
2299 1184 2357 1240 in
2392 1183 2559 1241 corde
2585 1192 2800 1240 tantum
2831 1182 3169 1253 eloquimur.
3206 1180 3303 1236 Est
3335 1181 3494 1236 deni-

1913 1293 2021 1348 que
2050 1277 2274 1331 verbum
2310 1276 2689 1346 intelligentiae
2713 1274 2966 1341 nuntius,
2989 1272 3141 1342 quod
3162 1272 3372 1327 scilicet
3400 1288 3496 1327 ore

1912 1366 2213 1435 profertur.
2260 1364 2404 1420 Deus
2438 1365 2623 1435 itaque
2654 1362 2895 1419 Verbum
2946 1362 3357 1419 substantivum
3409 1369 3495 1416 est

1912 1466 1965 1511 et
1994 1455 2342 1511 subsistens:
2382 1456 2484 1509 tria
2526 1471 2657 1511 vero
2687 1455 2897 1524 reliqua
2930 1452 3098 1507 animi
3145 1460 3274 1507 sunt
3316 1452 3494 1506 facul-

1912 1553 2078 1611 tates,
2129 1562 2231 1603 ncc
2263 1548 2695 1603 considerantur
2750 1548 2805 1602 in
2860 1546 3084 1617 propria
3112 1545 3491 1600 subsistentia.

1913 1637 2160 1705 Quorum
2222 1641 2505 1711 primum,
2564 1640 2839 1696 naturalis
2893 1646 2979 1694 est
3042 1638 3244 1695 mentis
3305 1638 3494 1705 fetus,

1911 1731 2244 1790 naturaliter
2293 1749 2359 1789 ex
2413 1734 2532 1803 ipsa
2578 1747 2799 1803 semper
2834 1739 2892 1785 ut
2931 1747 2998 1787 ex
3039 1731 3193 1787 fonte
3220 1747 3494 1788 manans:

1845 1810 1886 1866 Β
1916 1823 2222 1881 secundum
2244 1865 2259 1892 ,
2318 1827 2600 1883 internum
2649 1826 2854 1881 dicitur
2884 1842 2899 1879 :
2939 1824 3160 1879 tertium
3185 1863 3201 1889 ,
3264 1825 3496 1895 prolati-

1916 1916 2078 1974 tium.

1994 2005 2155 2075 152
2186 2004 2320 2059 Item
2352 2006 2580 2059 nominis
2598 2004 2831 2074 Spiritus
2860 2004 3186 2072 acceptiones
3220 2003 3400 2057 variae.
3425 2033 3496 2043 —-

233 2092 502 2161 Λέγονται
537 2091 594 2143 δέ
646 2090 743 2143 καὶ
792 2092 849 2143 αἱ
894 2089 1152 2160 δυνάμεις
1206 2090 1302 2144 τοῦ
1353 2092 1669 2161 Πνεῦματος
1717 2092 1809 2146 τοῦ

1923 2096 2112 2153 Eodem
2167 2097 2335 2153 modo
2382 2098 2613 2166 spiritus
2665 2098 2836 2152 variis
2863 2096 3044 2151 modis
3084 2095 3493 2152 consideratur.
3562 2152 3567 2157 ,

240 2172 394 2249 ἁγίου
428 2182 737 2251 πνεύματα.
787 2181 1012 2251 Πνεῦμα
1048 2183 1143 2235 καὶ
1185 2182 1214 2233 6
1254 2182 1484 2249 ἄγγελος
1511 2185 1539 2236 6
1575 2183 1811 2252 ἁγαθός·

1909 2186 2044 2241 Nam
2078 2190 2181 2244 hoc
2217 2192 2445 2245 nomine
2503 2189 2825 2259 appellatur
2868 2198 2923 2245 et
2957 2189 3201 2257 Spiritus
3227 2194 3493 2243 sanctus:

232 2270 460 2345 πνεῦμα
489 2274 584 2326 καὶ
610 2274 639 2326 6
663 2271 873 2342 δαίμων
907 2289 919 2302 ·
952 2270 1173 2344 πνεῦμα
1202 2273 1298 2327 καὶ
1342 2275 1375 2344 ἡ
1403 2273 1583 2347 ψυχή’
1615 2275 1732 2329 ἐστι
1758 2274 1809 2328 δέ

1923 2280 2010 2335 sed
2047 2288 2100 2336 et
2130 2280 2374 2352 Spiritus
2408 2282 2588 2338 sancti
2619 2282 2888 2348 virtutes,
2926 2282 3189 2337 dicuntur
3246 2280 3497 2351 spiritus.

1515 2454 1751 2512 γΑιιιΑε
1788 2451 2190 2515 LECTIONES.

303 2606 337 2648 ιι
383 2605 498 2663 Vox
534 2609 639 2666 ista
674 2608 734 2681 in
763 2609 925 2681 editis
951 2618 1004 2666 et
1031 2626 1163 2668 mss.
1207 2612 1381 2681 abest,
1414 2615 1599 2672 addita
1633 2633 1760 2674 vero
1795 2618 1900 2673 fuit
1931 2620 2168 2675 secunda
2201 2637 2366 2676 manu
2394 2621 2447 2675 in
2473 2620 2595 2675 cod.
2630 2619 2687 2674 S.
2733 2619 2834 2673 liii.
2916 2630 2936 2658 ο
2976 2618 3031 2671 in
3056 2617 3178 2670 cod.
3209 2616 3264 2669 S.
3300 2615 3406 2670 llil.
3433 2634 3496 2671 ex

234 2682 640 2762 emendatione,
672 2680 898 2762 ῌνξῦμα
926 2681 1141 2749 λέγεται
1187 2680 1448 2762 eam»),
1482 2686 1545 2762 Et
1575 2688 1648 2762 ing
1690 2690 2167 2762 tinecapitis‘post
2194 2693 2289 2745 καί
2316 2694 2344 2744 ό
2372 2693 2502 2762 ἀήρ,
2535 2692 2675 2745 idem
2708 2688 3027 2762 emendator
3050 2687 3500 2762 :tddiditsrusﬁpa

232 2750 334 2805 καὶ
375 2753 566 2833 aperi},
605 2749 700 2806 καὶ
749 2752 1059 2824 ἀκάθαρτος
1112 2749 1335 2824 «paea,
1364 2756 1460 2810 καὶ
1512 2760 1547 2828 ἡ
1575 2749 2139 2832 διδασκαλίέπνεῖῖμα
2162 2763 2254 2815 καὶ
2281 2763 2310 2814 6
2341 2749 2531 2833 θυρδξ.
2565 2762 2697 2827 Quae
2721 2761 2939 2830 quidem
2970 2773 3070 2813 nec
3104 2758 3247 2812 edita
3275 2749 3499 2824 habent,

236 2836 339 2877 nec
370 2824 477 2879 alia
509 2836 645 2878 mss.

1760 2921 1989 2981 NOTAE.

312 3032 429 3102 (62)
479 3032 533 3085 '0
561 3030 679 3101 μὲν
704 3026 817 3088 οὖν
848 3034 1010 3104 Θεός,
1049 3033 1185 3088 Deus
1218 3033 1397 3104 itaque
1427 3035 1815 3090 substantivum

1925 3040 2175 3105 nistrum,
2206 3041 2297 3109 qui
2322 3049 2599 3104 assumpta
2643 3034 2822 3092 Patris
2844 3055 3071 3104 persona
3105 3038 3159 3091 in
3192 3034 3503 3109 paradisum

235 3113 335 3161 est.
386 3103 641 3177 Exp‘lodit
689 3117 931 3158 errorem
983 3103 1237 3177 Sabellii,
1267 3103 1483 3177 necnon
1517 3105 1671 3177 Pauli
1723 3104 1822 3159 Sa-
1849 3121 1890 3177 ο
1925 3111 2118 3163 venerit
2144 3103 2170 3168 .’
2196 3103 2245 3164 δέ
2299 3127 2418 3164 cum
2458 3111 2664 3164 Adamo
2719 3103 3018 3163 collocutus
3058 3110 3151 3162 sit.
3340 3107 3501 3177 initio

237 3173 534 3236 mosateni,
568 3188 801 3240 quorum
836 3187 941 3226 una
984 3176 1097 3229 haec
1136 3175 1369 3229 assertio
1410 3176 1533 3236 fuit,
1566 3176 1635 3229 ab
1663 3184 1820 3229 atter-

236 3245 416 3299 nitate
450 3244 685 3297 Verbum
712 3242 767 3295 in
796 3242 903 3296 Deo
938 3243 1109 3299 fuisse
1139 3244 1460 3309 ἐνδιάθετον,
1491 3246 1817 3309 intestinum,

238 3315 295 3368 in
327 3330 389 3368 se
416 3314 643 3368 minime
672 3313 987 3369 subsistens
1014 3335 1029 3378 ;
1065 3316 1168 3369 hoc
1206 3316 1437 3383 posthac
1464 3314 1668 3368 factum
1700 3331 1822 3370 esse

240 3382 596 3455 προφορικόν,
614 3383 904 3451 prolatum,
926 3400 1056 3453 quo,
1078 3382 1226 3455 velut
1243 3385 1821 3455 operatione_quadam

240 3453 589 3519 transeunte,
610 3455 750 3523 Deus
773 3463 971 3508 cuncta
988 3453 1316 3520 condiderit,
1333 3463 1387 3510 et
1410 3470 1519 3523 quo
1542 3453 1822 3509 Christum

241 3523 575 3579 instruxerit
633 3522 701 3576 ad
761 3524 990 3579 humani
1058 3526 1274 3594 generis
1344 3522 1821 3580 instaurationem.

246 3594 468 3649 Saecula
518 3594 779 3649 Ecclesia:
833 3594 1081 3649 secundo
1122 3594 1338 3648 labente
1373 3595 1732 3662 Theophilus,
1765 3602 1827 3646 ut

246 3672 513 3734 putatur,
540 3664 917 3734 Antiochenus
947 3703 962 3728 ,
996 3665 1088 3719 lib.
1130 3678 1166 3718 ιι
1229 3664 1297 3716 ad
1349 3664 1698 3734 Autolycnm,
1744 3663 1826 3734 sic

247 3732 573 3804 mysterium
608 3733 894 3804 Trinitatis
933 3734 1265 3789 enarrabat:
1306 3734 1485 3802 Ἐχων
1511 3732 1707 3804 ό-Θεὸς
1736 3732 1827 3785 τὸν

244 3802 449 3857 ἑαυτοῦ
484 3803 654 3872 Λόγον
691 3802 995 3857 ἐνδιάθετον
1021 3806 1080 3857 ἐν
1123 3805 1260 3873 τοῖςᾉ
1285 3803 1436 3865 ἰδίοις
1477 3802 1825 3873 σπλάγχνοις,

246 3873 543 3942 ἐγέννησεν
574 3871 738 3944 αὐτὸν
776 3875 914 3944 μετὰ
942 3874 1043 3943 τῆς
1082 3871 1273 3927 ἐαυτοῦ
1305 3872 1515 3942 σοφίας,
1543 3871 1829 3944 saepesae-

250 3960 413 4012 μενος
430 3941 536 4013 πρὸ
556 3942 666 3996 τῶν
695 3941 852 3999 ὄλών.
883 3941 1044 4010 Deus,
1063 3946 1116 3998 in
1148 3941 1427 3999 visceribus
1460 3944 1570 3996 suis
1606 3941 1829 4013 Verbum

247 4012 559 4067 intestinum
594 4013 813 4079 habens,
855 4015 1025 4081 ipsum
1061 4030 1179 4066 cum
1229 4030 1330 4066 sua
1370 4014 1629 4081 sapientia
1653 4012 1830 4081 genuit

249 4093 384 4137 ante
412 4085 519 4137 hac
546 4085 815 4137 universa.
865 4081 981 4138 Hoc
1028 4081 1248 4138 Verbum
1296 4081 1829 4153 ὑπουργὸναιίηιὶηἱ-

248 4164 427 4208 strum
466 4154 649 4207 habuit
701 4169 918 4219 operum
944 4168 1182 4211 suorum.
1213 4151 1451 4207 Subditi
1472 4151 1693 4206 Verbum
1720 4168 1833 4207 esse

249 4223 344 4276 διὰ
390 4223 590 4287 παντὸς
619 4223 923 4279 ἐνδιάθετον
946 4233 1195 4292 perpetuo
1240 4224 1547 4277 intestinum
1586 4226 1643 4275 in
1673 4221 1830 4275 corde

258 4292 377 4364 Dei,
410 4294 545 4362 quod
572 4304 856 4362 antequam
888 4294 1173 4364 quidquam
1202 4294 1434 4364 faceret,
1467 4292 1834 4364 consiliarium

254 4362 461 4435 (tabuit,
490 4363 684 4435 ἐαοτοῦ
715 4364 840 4418 νοῦν
866 4362 960 4417 καὶ
991 4362 1255 4435 φρόνησιν
1303 4363 1453 4427 ὄντα,
1486 4372 1544 4416 ut
1570 4363 1659 4431 qui
1690 4378 1833 4415 mens

254 4434 424 4500 ipsius
450 4433 832 4503 prudentiaque
857 4436 948 4489 sit.
985 4433 1120 4489 cum
1147 4433 1324 4503 autem
1352 4448 1669 4503 quiscunque
1706 4448 1832 4503 pro-

254 4513 528 4570 posuerat,
565 4502 787 4558 condere
823 4504 1097 4567 voluisset,
1136 4502 1325 4556 τοῦτον
1354 4502 1445 4555 τὸν
1472 4503 1645 4569 Λόγον
1680 4502 1835 4570 ἐγέν-

255 4590 391 4642 νησε
418 4575 770 4644 προφορικόν,
796 4576 892 4627 hoc
927 4575 1209 4642 ipsummet
1254 4571 1476 4627 Verbum
1503 4574 1839 4644 genuit__pro-

258 4640 894 4713 la'tum,'primogenitum
940 4640 1109 4697 omnis
1138 4651 1417 4713 creaturae,
1442 4640 1545 4713 non
1574 4651 1633 4713 ut
1675 4640 1838 4696 Verbo

258 4715 378 4780 ipso
399 4729 581 4781 expers
608 4711 781 4781 factus
806 4715 987 4781 tuerit,
1023 4714 1114 4768 sed
1154 4712 1435 4783 gignendo,
1462 4711 1687 4765 Verbum
1720 4727 1839 4765 cum

270 4783 442 4838 Verbo
475 4794 720 4853 perpetuo
747 4795 1083 4839 conversatus
1104 4781 1358 4838 estiﬂtec
1378 4781 1546 4853 plane
1584 4791 1840 4853 accurata

258 4869 376 4909 non
407 4852 655 4909 sunt.At
689 4854 1056 4917 sutliciebant,
1092 4864 1152 4908 ut
1180 4852 1388 4907 homini
1418 4852 1603 4920 gentili
1632 4852 1841 4907 rudiori

257 4925 407 5005 style
446 4941 511 5005 es
540 4923 1202 5005 Platonicorum.placitis
1243 4922 1564 5005 mysterium
1603 4922 1705 4976 hoc
1743 4922 1851 5005 de-

260 4990 497 5049 linearet
524 5036 537 5057 ,
565 4995 790 5064 verique
838 4990 1254 5064 similitudinem
1284 4990 1334 5047 ei
1363 4994 1705 5064 conciliaret.
1743 4990 1841 5064 Ve-

259 5080 385 5119 rum
414 5066 602 5134 procul
630 5062 805 5126 abest,
839 5073 952 5118 tum
984 5064 1053 5118 ab
1095 5063 1231 5134 Arii,
1267 5072 1381 5117 tum
1410 5078 1439 5116 a
1480 5062 1706 5134 Sabellii
1740 5062 1841 5117 im-

262 5132 487 5205 pietate.
524 5133 642 5188 Non
696 5136 843 5205 enim
879 5135 1095 5205 duplex_
1128 5132 1375 5205 Verbum
1426 5133 1628 5205 posuit,
1665 5141 1721 5205 ut
1754 5147 1843 5201 pu-

262 5203 398 5258 tavit
432 5203 708 5267 Petavius,
750 5204 842 5259 sed
876 5203 1045 5257 unum
1085 5203 1361 5273 idemque,
1399 5204 1544 5272 quod
1590 5203 1840 5255 intimum

260 5281 415 5344 esset
439 5282 493 5327 et
528 5276 823 5344 prolatum,
856 5273 1048 5329 τοῦτον
1067 5274 1160 5328 τὸν
1188 5275 1358 5342 Λόγον
1386 5311 1402 5338 ,
1430 5274 1526 5326 hoc
1561 5273 1842 5344 ipsummet

276 5342 541 5409 Verbum,
577 5345 798 5414 inquit,
827 5346 904 5398 sic
950 5344 1286 5412 prolatitium
1340 5345 1556 5413 genuit,
1590 5354 1645 5397 ut
1705 5342 1840 5395 illud

261 5429 444 5469 secum
496 5426 741 5483 perpetuo
792 5431 1106 5470 conversaris
1153 5414 1365 5469 habeat.
1391 5414 1556 5468 Arius
1587 5427 1618 5467 e
1649 5423 1844 5483 contra

264 5484 460 5539 docuit
498 5481 601 5555 per
651 5484 890 5540 Verbum
948 5485 1210 5555 interius,
1249 5484 1681 5555 sapientiamque
1725 5481 1842 5555 Dei,

265 5553 519 5609 creatum
542 5570 574 5610 e
611 5556 785 5611 nihilo
806 5571 930 5611 esse
959 5553 1199 5610 Verbum
1240 5554 1387 5609 aliud
1406 5593 1419 5617 ,
1449 5568 1558 5624 qup
1586 5554 1734 5608 velut
1760 5554 1845 5607 in-

265 5633 580 5681 strumento
619 5628 938 5681 universum
975 5627 1077 5679 hoc
1122 5622 1480 5680 conderetur.‘
1511 5622 1617 5678 Sed
1647 5632 1702 5678 et
1744 5624 1844 5677 Sa-

268 5694 497 5752 bellium
540 5695 669 5751 terit
716 5696 972 5761 dicendo,
1001 5695 1239 5749 Verbum
1295 5695 1438 5749 istud
1488 5710 1551 5749 ex
1587 5693 1693 5748 Deo
1731 5709 1845 5747 esse

271 5763 533 5834 qenitum,
562 5769 968 5838 primogenitum
1012 5765 1184 5821 omnis
1228 5776 1508 5831 creaturre,
1548 5763 1640 5818 Dei
1670 5764 1843 5817 admi-

1928 3179 2210 3248 Evangelii
2253 3181 2554 3235 secundum
2597 3177 2862 3235 Joannem
2906 3178 3216 3236 concludit.
3262 3176 3502 3242 Verbum,

1928 3265 2046 3301 cum
2075 3251 2144 3302 sit
2196 3249 2357 3308 Deus.
2386 3260 2662 3318 ortumque
2691 3250 2760 3302 sit
2792 3264 2857 3301 ea:
2914 3248 3055 3311 Deo,
3088 3248 3505 3318 quandecnnque

1928 3319 2041 3372 vult
2098 3320 2464 3375 universorum
2518 3316 2683 3372 Pater
2712 3362 2727 3385 ,
2762 3318 2825 3371 ab
2864 3335 2923 3373 eo
2976 3319 3116 3371 mitti
3173 3316 3243 3369 ad
3276 3319 3504 3384 quamvis

1928 3389 2123 3458 tecum,
2154 3404 2312 3458 eoque
2352 3405 2472 3458 cum
2519 3389 2734 3450 venerit,
2770 3399 2816 3443 et
2867 3388 3069 3452 audiri,
3098 3398 3148 3441 et
3180 3388 3363 3458 videri,
3394 3396 3502 3440 etc.

1927 3457 2209 3524 Ejusmodi
2230 3457 2235 3528 ί
2260 3457 2503 3528 profecto
2543 3459 2851 3513 locutiones
2875 3459 3054 3528 gigni,
3085 3457 3502 3528 ortumliabere.

1927 3528 2089 3589 mitti,
2125 3527 2319 3592 venire,
2355 3527 2542 3589 videri,
2594 3529 2771 3580 audiri
2800 3568 2814 3590 ,
2848 3526 2901 3580 in
2953 3528 3068 3581 loco
3108 3526 3361 3591 reperiri,
3396 3541 3505 3579 non

1927 3597 2128 3652 nudam
2176 3597 2454 3667 ἐνέργειαν
2480 3599 2871 3667 operationem,
2909 3598 3004 3651 sed
3032 3612 3160 3667 rem
3192 3597 3245 3649 in
3283 3609 3342 3647 se
3370 3595 3504 3648 sub-

1928 3668 2209 3721 sistentem
2252 3665 2533 3721 indicant;
2575 3666 2944 3732 Quamobrem
2995 3666 3040 3721 si
3071 3665 3196 3734 quis
3233 3678 3388 3734 error
3439 3679 3505 3718 ex

1928 3738 2033 3791 hoc
2065 3735 2353 3807 Theophili
2389 3736 2510 3790 loco
2533 3737 2945 3807 inl‘eratur,ille_
2976 3732 3166 3807 saltem
3194 3750 3293 3790 nec
3323 3732 3485 3807 Sabc_l

1932 3807 2186 3869 lianicus,
2216 3803 2316 3860 nec
2341 3807 2635 3861 Arianicus
2679 3805 2866 3860 fuerit.
2909 3805 3226 3861 Graviorem
3253 3819 3379 3858 vero
3409 3803 3507 3857 ad—

1930 3877 2079 3932 misit
2100 3875 2496 3940 Tertullianus,
2525 3877 2617 3946 qui
2649 3891 2775 3930 cum
2822 3875 3110 3946 feracioris
3130 3882 3278 3931 esset
3304 3874 3509 3946 ingenii

1934 3948 1987 4017 in
2031 3961 2197 4016 opere
2235 3944 2555 4017 dogmatico'
2585 3955 2776 3999 contra
2817 3944 3079 4001 Praxeam
3110 3984 3125 4009 ,
3160 3945 3506 4017 consimilem

1933 4014 2238 4071 doctrinam
2287 4014 2445 4071 novis
2506 4018 2832 4086 commentis
2885 4017 3033 4086 auxit
3072 4033 3084 4069 :
3118 4032 3241 4086 qum
3292 4014 3511 4086 Genna-

1935 4087 2061 4141 dius
2096 4087 2149 4140 in
2178 4088 2396 4156 egregio
2423 4087 2608 4141 libello
2643 4086 2719 4138 De
2752 4084 3167 4156 Ecc,les._ttogni.
3201 4086 3397 4156 paucis
3426 4085 3512 4138 his

1933 4157 2116 4211 verbis
2150 4154 2424 4226 conligere
2458 4172 2566 4210 non
2597 4156 2903 4209 dubitavit:
2943 4154 3094 4208 Nihil
3127 4154 3509 4226 ex‘Trinitatis

1933 4227 2162 4280 essentia
2222 4224 2711 4279 ad'creaturarum
2787 4234 3038 4279 naturam
3098 4224 3512 4289 deductum,ut

1936 4294 2096 4350 Plato
2136 4304 2184 4350 et
2220 4295 2605 4349 Tertullianus.
2663 4293 2987 4349 Philastrius
3044 4294 3370 4358 Brixicnsis,
3419 4308 3513 4348 ca-

1937 4366 2049 4436 pite
2077 4366 2164 4433 76,
2201 4366 2486 4420 haereticos
2518 4372 2739 4436 censet,
2773 4365 2865 4435 qui
2930 4365 3123 4420 dicunt
3172 4362 3513 4436 Salvatorem

1866 4462 1910 4518 ι)
1938 4434 2175 4518 primum
2230 4436 2374 4505 apud
2425 4436 2639 4490 Patrem
2664 4434 2878 4518 tuisse,
2906 4442 3021 4489 tum
3064 4435 3512 4518 posthac‘natum

1938 4504 2083 4562 esse.
2116 4504 2403 4561 Nant’esse
2452 4518 2596 4570 ante,
2627 4514 2675 4558 et
2708 4514 2889 4573 postea
2937 4507 3107 4567 nasci,
3145 4504 3344 4573 inquit,
3382 4519 3515 4573 con-

1940 4577 2171 4630 trarinm
2215 4584 2293 4629 est
2350 4575 2592 4629 omnibus
2639 4572 2831 4628 media.
2872 4574 3133 4640 Quamvis
3166 4572 3346 4629 autem
3381 4572 3517 4627 Ver-

1940 4646 2072 4700 bum
2102 4644 2427 4708 ἐνδιάθετον,
2462 4645 2711 4708 interius,
2744 4643 2852 4697 dici
2887 4646 3083 4712 possit,
3113 4654 3170 4697 ut
3196 4653 3279 4699 est
3307 4645 3360 4696 in
3390 4644 3516 4697 sinu

1940 4714 2143 4785 Patris,
2167 4722 2222 4769 et
2243 4715 2597 4785 προφορικόν,
2626 4713 2982 4781 prolatitium,
3017 4722 3180 4784 prout
3214 4715 3515 4782 potentiam

1939 4783 2205 4850 ostendit,
2236 4783 2343 4854 qua
2374 4783 2556 4840 omnia
2594 4799 2689 4854 per
2720 4785 2898 4853 ipsum
2932 4783 3075 4838 facta
3110 4791 3517 4847 sunt,attamen

1942 4854 2202 4916 lrenaeus,
2235 4854 2332 4908 lib.
2356 4870 2418 4918 ιι,
2454 4869 2576 4923 cap.
2601 4854 2691 4919 49,
2731 4869 2998 4908 venenum
3026 4854 3130 4909 sub
3161 4854 3519 4908 distinctione

1944 4924 2112 4994 Verbi
2155 4924 2435 4980 interioris
2473 4937 2527 4977 et
2564 4925 2763 4994 prolati
2817 4924 2992 4979 latens
3040 4924 3285 4994 agnovit,
3320 4926 3521 4994 quippe

1942 5010 2065 5065 quae
2088 4993 2475 5049 Gnosticorum
2506 4993 2789 5065 inventum
2830 5002 2971 5048 erat.
3002 4994 3054 5065 In
3083 4993 3292 5063 synodo
3323 4993 3516 5065 Antio-

1944 5062 2117 5121 chena
2155 5067 2334 5135 priore
2352 5064 2637 5119 delinitum
2663 5074 2768 5125 est,
2804 5065 2972 5118 Deum
3019 5062 3233 5117 Patrem
3264 5080 3357 5132 per
3390 5062 3520 5135 Ver-

1946 5135 2067 5189 bum
2102 5135 2279 5205 ,Deum
2323 5144 2513 5189 cuncta
2558 5136 2875 5198 condidisse,
2904 5135 3002 5205 οὐχ
3038 5136 3114 5200 ὡς
3151 5135 3220 5188 δι’
3267 5134 3520 5203 ὀργάνου,

1943 5205 2053 5259 οὐδ’
2082 5204 2155 5269 ὡς
2208 5206 2275 5259 δι’
2334 5206 2643 5276 ἐπιστήμης
2696 5204 3092 5269 ἀνυποστάτου,
3136 5222 3240 5260 non
3271 5215 3525 5273 tanquam

1944 5292 2036 5347 per
2062 5277 2502 5341 instrumentum,
2538 5291 2698 5344 neque
2746 5291 2836 5344 per
2874 5277 3151 5330 scientiam
3201 5292 3293 5344 per
3317 5291 3373 5329 se
3420 5289 3526 5347 neu

1945 5340 2319 5401 consistentem
2346 5386 2359 5408 ,
2403 5340 2497 5401 sed
2538 5340 2711 5415 ipsum
2746 5340 2867 5399 esse
2898 5347 3130 5415 genitum
3162 5340 3395 5401 a'Patre
3425 5340 3529 5397 Fi-

1945 5417 2075 5471 lium
2100 5458 2115 5482 ,
2147 5416 2222 5480 ὡς
2276 5417 2456 5481 ζῶσαν
2518 5416 2798 5483 ἐνέργειαν
2825 5453 2839 5474 ,
2877 5417 2973 5468 καὶ
3028 5416 3395 5470 ἐνυπόστοιτον
3422 5454 3439 5474 ,
3468 5420 3526 5464 ut

1946 5498 2121 5541 actum
2155 5488 2400 5541 viventem
2446 5496 2492 5539 et
2534 5501 2627 5549 per
2658 5500 2715 5537 se
2758 5486 3119 5538 exsistentem.
3158 5484 3528 5550 Quamobrem

1947 5560 2283 5613 Athanasius
2346 5556 2399 5609 in
2452 5554 2809 5624 Expositione
2872 5553 3294 5624 lideiVerbum
3367 5557 3526 5624 negat

1945 5643 2066 5683 esse
2098 5626 2455 5697 προφορικόν,
2485 5620 2840 5697 prolatitium,
2863 5631 2917 5697 et
2947 5622 3252 5697 ἐνδιάθετον
3273 5664 3286 5690 ,
3315 5620 3527 5680 interti-

1947 5715 2090 5752 nunt.
2131 5693 2202 5752 Ita
2221 5693 2496 5766 deinceps
2536 5694 2783 5749 Ecclesia
2805 5693 3091 5750 catholica.
