3962 6300
485 308 591 372 859

1675 309 1736 369 S.
1776 309 2097 371 JOANNIS
2129 312 2562 383 DAMASCENI

3634 334 3741 401 863

488 421 726 491 Spiritus
761 418 888 474 itam
915 427 999 474 est
1037 417 1264 490 angelus
1295 419 1513 486 bonus;
1559 420 1791 490 spiritus
1817 421 2055 488 dremon;

2182 425 2249 478 ἱτε
2284 429 2379 481 xal
2411 429 2535 493 νοῦς
2563 431 2783 504 πνεῦμα
2800 433 3016 505 λέγεται
3036 454 3049 468 ·
3073 435 3286 509 πνεῦμα
3347 440 3443 496 καὶ
3473 441 3735 512 όᾶνεμος·

485 514 713 580 spiritus
741 511 927 564 anima
959 527 974 564 :
1003 526 1068 566 ac
1095 510 1372 566 interdum
1392 524 1548 566 mens
1573 526 1794 582 quoque
1827 511 2058 581 spiritus

483 610 735 656 vocatur.
767 599 1058 658 Postremo
1091 608 1146 657 et
1166 608 1368 658 ventus
1400 611 1454 658 et
1491 616 1605 666 aer,
1651 601 1885 672 spiritus
1917 617 2059 655 nun-

482 701 775 762 cupantur.

1103 831 1256 888 CAP.
1297 831 1436 887 XIV.

624 940 1014 1013 Proprietatesf
1050 963 1141 1000 seu
1175 949 1437 1003 attributa
1463 948 1656 1005 divina:
1681 958 1912 1006 nalurw.

557 1061 894 1125 lncreatum,
933 1067 988 1114 et
1017 1059 1140 1115 sine
1171 1061 1471 1132 principio,
1503 1061 1838 1127 immortale,
1872 1060 2060 1115 inlini-

487 1160 626 1217 tum,
679 1159 967 1218 aeternum,
1018 1154 1250 1208 materia
1297 1169 1526 1219 vacans,
1566 1154 1800 1218 bonum,
1853 1153 2058 1224 opifex.

484 1245 721 1310 justum,
749 1243 1096 1311 illuminans,
1135 1245 1496 1310 immutabile,
1539 1245 1864 1314 impatibile,
1895 1246 2064 1301 incir-

487 1334 912 1403 cumscriptum,
973 1335 1517 1406 incomprehensum,
1553 1336 1920 1402 indefinitum,
1977 1338 2064 1392 iu-

486 1439 840 1493 corporeum,
904 1439 1014 1480 non
1068 1425 1390 1491 limitatum,
1461 1427 1764 1492 invisibile,
1819 1428 2062 1499 cogitatu

486 1511 945 1579 majus,.nullius
985 1530 1175 1584 egens,
1203 1531 1414 1570 merum
1455 1516 1544 1585 ius
1581 1519 1665 1572 sui
1719 1527 1774 1574 et
1826 1519 2064 1574 liberum

487 1600 799 1664 arbitrium,
841 1602 1092 1657 omnium
1147 1604 1461 1670 dominans,
1518 1605 1832 1674 vivificans,
1881 1608 2062 1662 omni-

487 1698 706 1758 potens,
739 1690 968 1747 inlinitte
1002 1695 1283 1762 potentiae,
1317 1695 1690 1762 sanctiﬁcare,
1717 1711 1783 1751 ac
1817 1713 2065 1753 commu-

2164 519 2384 591 πνεῦμα
2417 523 2511 578 καὶ
2529 524 2557 577 ὁ
2579 524 2708 596 ᾁήρ.

2765 838 3013 893 ΚΕΦΑΛ.
3048 836 3144 891 ΙΔ’.

2505 949 2580 1003 Τὰ
2620 948 2902 1018 ἰδιώματα
2955 949 3118 1016 θείας
3163 950 3424 1019 φύσεως.

2237 1059 2309 1112 Tb
2330 1059 2604 1146 ἄκξιστον,
2621 1060 2682 1112 τὸ
2715 1059 2966 1130 ἄναρχον,
2985 1060 3045 1113 τὸ
3075 1059 3363 1146 ὰθὶᾴνιετον,
3384 1061 3479 1116 καὶ
3508 1061 3746 1134 ἁπέραν·

2165 1168 2256 1204 τον
2281 1193 2296 1218 ,
2330 1137 2432 1206 καῖΔ
2475 1152 2694 1206 αἰώνιον
2715 1185 2729 1211 ,
2753 1149 2814 1205 'Eb
2842 1147 2870 1188 ἆ
2910 1150 3103 1217 ἄῦλον,
3142 1138 3210 1206 ’τὸ
3223 1137 3249 1150 ³
3262 1153 3465 1222 ἀγαθὸν
3485 1196 3501 1220 ,
3533 1156 3593 1208 τὸ
3646 1155 3732 1225 δηο

2169 1243 2511 1314 μιουργικὺν,
2535 1243 2598 1296 τὸ
2621 1243 2849 1308 δίκαιον,
2880 1243 2940 1296 τὸ
2975 1227 3327 1311 ιρωτιστικὺν.
3353 1245 3416 1298 τὸ
3447 1245 3740 1316 ἄτρεπτον,

2164 1334 2226 1388 τὸ
2258 1333 2486 1397 ἀπαθὲς,
2503 1334 2564 1386 τὸ
2591 1334 3026 1404 ἀπερίγραπτον,
3045 1334 3106 1387 τὸ
3131 1333 3514 1406 ἀχώρητον,τδ
3545 1338 3742 1409 ἁπεριο

2165 1425 2399 1497 όριστον,
2430 1422 2490 1478 τὸ
2517 1424 2790 1496 ἀόριστον,
2819 1425 2878 1478 τὸ
2909 1425 3163 1496 ἀόρατον,
3196 1427 3258 1478 τὸ
3283 1427 3664 1499 ἁπερινόητον,
3682 1427 3747 1482 τὸ

2165 1516 2432 1582 ἀνενδεὲς,
2456 1515 2516 1569 τὸ
2553 1516 2888 1587 αὐτοκρατὲς
2922 1516 3014 1570 καὶ
3059 1517 3426 1583 αὐτεξούσιον,
3449 1517 3510 1569 τὸ
3545 1534 3747 1572 παντο-

2167 1605 2499 1680 κρατορικδν
2522 1646 2537 1672 ,
2577 1605 2638 1659 τὸ
2697 1605 3019 1669 ζωοδοτικὺν
3044 1646 3060 1671 ,
3091 1605 3154 1658 τὸ
3208 1605 3620 1675 παντοδύναμον
3639 1646 3654 1669 ,
3687 1604 3750 1658 τὺ

2166 1697 2600 1768 ἁπειροδύναμον
2623 1737 2638 1762 ,
2671 1695 2733 1748 τὸ
2764 1696 3082 1764 ἁγιαστικδν
3139 1696 3234 1749 καὶ
3283 1695 3654 1766 μεταδοτικδν,
3687 1694 3752 1748 τὸ

486 1778 676 1832 nicatu
741 1794 904 1846 esse,
977 1783 1166 1837 omnia
1227 1784 1515 1840 continere
1575 1793 1629 1840 et
1689 1801 2058 1854 conservare,

2182 1789 2443 1859 περιέχειν
2491 1787 2587 1840 καὶ
2637 1787 2883 1858 συνέχειν
2923 1786 2991 1841 τὰ
3044 1788 3360 1859 σύμπαντα,
3389 1788 3486 1841 καὶ
3521 1787 3746 1840 πάντων

485 1871 856 1942 omnibusque
889 1875 1200 1943 providere.
1247 1875 1375 1931 Haec
1403 1878 1588 1932 omnia
1621 1879 1823 1934 similia
1864 1889 2062 1951 suapte

486 1972 683 2019 natura
717 1966 902 2032 habet,
927 1983 1038 2022 non
1071 1970 1298 2025 aliunde
1322 1979 1541 2042 sumpta
1567 1990 1581 2040 ;
1611 1973 1706 2028 sed
1743 1974 1860 2044 ipsa
1891 1976 2062 2032 rebus

485 2074 514 2110 a
547 2073 608 2113 se
631 2059 872 2115 conditis
904 2076 1005 2130 pro
1034 2061 1308 2134 cujusque
1340 2065 1649 2134 capacitate
1673 2065 1879 2121 bonum
1902 2081 2065 2122 omne

487 2147 762 2219 impertit.

555 2239 926 2299 Personarum
975 2245 1031 2300 in
1070 2261 1133 2302 se
1179 2246 1420 2303 invicem
1473 2249 1692 2306 mansio
1727 2257 1782 2304 et
1826 2249 2066 2306 insessio

486 2330 594 2398 (ha:
623 2333 771 2387 enim
814 2333 1002 2390 divelli
1043 2347 1345 2408 nequeunt,
1381 2339 1438 2394 in
1470 2355 1528 2395 se
1553 2341 1792 2399 invicem
1830 2343 2068 2398 circum-

495 2423 858 2480 insessionem
889 2427 1243 2485 confusionis
1272 2438 1556 2502 expertem
1606 2440 1892 2489 servantes
1917 2451 1932 2501 ;
1955 2448 2070 2489 non

489 2523 547 2568 ut
597 2519 1000 2575 contrahantur
1046 2529 1100 2577 et
1153 2523 1620 2592 permisceantur,
1666 2527 1763 2582 sed
1817 2536 1876 2580 ut
1905 2526 2072 2582 simul

485 2609 844 2683 coluercant);
877 2612 1050 2669 Filius
1085 2615 1233 2675 enim
1266 2617 1321 2670 in
1358 2616 1522 2672 Patre
1553 2625 1608 2672 et
1641 2617 1852 2689 Spiritu
1879 2627 2073 2674 sancto

485 2706 606 2754 est:
641 2700 881 2771 Spiritus
917 2705 1050 2760 item
1105 2707 1158 2761 in
1198 2707 1361 2763 Patre
1407 2717 1461 2764 et
1505 2707 1648 2764 Filio
1691 2726 1798 2766 :ac
1831 2711 2074 2782 denique

484 2788 648 2846 Pater
681 2792 746 2847 in
800 2793 938 2849 Filio
982 2805 1038 2851 et
1091 2796 1301 2868 Spiritu
1348 2806 1545 2854 sancto
1584 2817 1600 2854 :
1651 2801 1733 2856 sic
1782 2808 1969 2857 tamen
2017 2809 2077 2857 ut

485 2882 637 2936 nulla
684 2885 974 2953 permistio
1009 2887 1105 2952 sit,
1143 2895 1241 2942 aut
1267 2888 1528 2951 confusio
1560 2890 1624 2944 “.
1661 2889 1820 2948 Unus
1851 2892 1986 2948 item
2020 2903 2076 2950 et

487 2971 630 3027 idem
660 2984 866 3032 motus.
901 2977 1017 3033 Una
1047 2979 1194 3034 enim
1226 2988 1282 3034 et
1304 2981 1494 3038 eadem
1519 2983 1683 3037 trium
1709 2999 2075 3054 personarum

485 3064 844 3132 prosultatio,
902 3083 1123 3138 unaque
1174 3071 1346 3126 motio
1385 3080 1511 3128 est:
1554 3074 1701 3144 quod
1752 3075 1975 3145 quidem
2011 3079 2070 3132 in

486 3164 674 3210 creata
707 3169 906 3214 natura
945 3161 1191 3232 perspici
1227 3165 1438 3234 nequit.

558 3267 678 3326 Huc
703 3274 919 3329 accedit
947 3275 1096 3345 quod
1131 3276 1318 3331 divina
1359 3280 1678 3336 coruscatio
1707 3287 1761 3335 et
1791 3281 2066 3351 operatio,

486 3377 608 3432 quae
638 3380 768 3430 una,
803 3367 1059 3438 simplex,
1092 3377 1146 3423 et
1179 3369 1418 3426 indivisa
1447 3380 1566 3439 est,
1614 3387 1740 3426 cum
1791 3390 1890 3443 pro
1935 3375 2070 3430 boni

487 3458 594 3511 alia
626 3457 805 3514 aliave
831 3461 1125 3516 rationein
1151 3462 1393 3518 dividuis
1418 3463 1570 3518 varia
1598 3463 1711 3530 fiat,
1744 3479 1808 3520 ac
1845 3466 2070 3522 univer-

485 3550 563 3604 sis
601 3563 666 3605 ca
717 3565 840 3620 quae
890 3552 1164 3623 cujusque
1207 3554 1488 3623 prapriam
1542 3564 1799 3610 naturam
1852 3557 2068 3612 consti-

484 3650 663 3708 tuunt,
729 3642 886 3713 153
951 3645 1388 3718 continentque,
1441 3646 1779 3711 distribuat,
1833 3649 2068 3719 simplex

485 3733 845 3791 nihilominus
879 3744 1121 3803 maneat,
1164 3737 1355 3808 sicque
1399 3737 1455 3792 in
1492 3739 1661 3794 rebus
1690 3739 1886 3796 divisis
1920 3741 2069 3795 mul-

485 3827 788 3896 tiplicetur,
820 3841 877 3882 ut
910 3829 1133 3884 interim
1165 3847 1226 3886 ea
1263 3831 1318 3885 in
1367 3846 1492 3902 quae
1541 3831 1750 3886 divisio
1793 3833 1967 3900 cadit,
2001 3832 2070 3888 ad

486 3932 641 3972 suam
696 3919 1105 3990 simplicitatem
1147 3923 1376 3994 colligat
1410 3932 1465 3978 et
1503 3932 1793 3980 convertat
1829 3926 1897 3980 ³⁸.
1936 3925 2068 3980 Eam

481 4011 629 4063 enim
667 4011 851 4066 omnia
888 4021 1177 4084 appetunt,
1207 4015 1378 4086 inque
1400 4031 1464 4071 ea
1487 4018 1805 4086 exsistunt;
1837 4018 2072 4088 ipsaque

483 4103 744 4158 omnibus
786 4105 953 4161 rebus
987 4123 1091 4177 pro
1126 4107 1397 4179 cujusque
1445 4119 1644 4162 natura
1697 4125 1822 4166 esse
1855 4111 2070 4167 tribuit.

485 4193 611 4250 Haec
645 4212 772 4253 esse
811 4209 896 4252 est
940 4213 1134 4254 eorum
1186 4215 1308 4264 qua:
1368 4191 1521 4266 sunt,
1572 4201 1878 4256 viventium
1936 4202 2068 4269 vita,

484 4287 843 4341 rationalium
910 4287 1090 4352 ratio,
1167 4289 1596 4361 intelligentium
1664 4291 2068 4361 intelligentia;

480 4391 607 4430 cum
641 4387 824 4432 tamen
884 4377 1028 4446 ipsa,
1073 4385 1129 4432 et
1181 4393 1348 4448 supra
1399 4389 1660 4446 mentem,
1691 4387 1746 4436 et
1777 4395 1946 4450 supra
1980 4396 2070 4435 ra-

481 4471 726 4532 tionem,
788 4473 845 4522 et
901 4481 1070 4538 supra
1123 4469 1332 4535 vitam,
1404 4479 1459 4527 et
1530 4483 1727 4542 supra‘
1769 4472 2068 4528 essentiam
2103 4486 2152 4545 ι)

481 4559 744 4614 exsistat.

555 4649 751 4705 Omnia
782 4653 1069 4720 prmentia
1100 4653 1232 4710 Deo.
1267 4686 1335 4696 —
1367 4656 1520 4712 Adde
1565 4657 1711 4726 quod
1756 4656 1876 4714 sine
1915 4671 2068 4712 com-

480 4739 743 4798 mistione
786 4745 897 4798 ulla
946 4746 1134 4800 omnia
1176 4747 1474 4816 pervadat;
1513 4763 1637 4802 cum
1682 4756 1875 4803 contra
1933 4747 2072 4802 nihil

481 4846 601 4885 eam
629 4832 808 4901 possit
834 4841 1130 4902 penetrare
1159 4853 1172 4889 :
1209 4836 1455 4907 illudque
1486 4838 1615 4891 item
1647 4837 1795 4906 quod
1827 4835 2067 4906 simplici

483 4925 798 4994 cognitione
827 4929 1015 4982 omnia
1051 4937 1372 5000 cognoscat,
1403 4944 1469 4985 ac
1500 4929 1691 4984 divino
1733 4944 1859 4993 suo,
1889 4928 2066 4982 omni-

483 5017 700 5088 busque
746 5020 930 5076 modis
982 5023 1290 5092 perspicaci
1341 5031 1394 5078 et
1444 5024 1569 5078 sine
1615 5021 1846 5076 materia
1881 5021 2064 5084 oculo,

480 5108 896 5180 simplicissime
933 5121 1044 5167 tam
1097 5117 1418 5184 praesentia,
1472 5129 1636 5184 quam
1680 5113 1980 5183 praeterita,
2012 5121 2070 5167 et

480 5196 671 5254 futura
701 5201 856 5270 prius
894 5219 1060 5274 quam
1091 5207 1246 5274 fiant,
1279 5213 1611 5262 contueatur
1632 5204 1678 5236 ³⁸
1716 5222 1729 5258 :
1767 5213 1879 5257 tum
1903 5203 2067 5257 etiam

553 5389 603 5422 "‘
651 5387 813 5465 Greg.
846 5390 975 5448 Naz.
1014 5401 1158 5451 orat.
1205 5396 1255 5462 l,
1293 5395 1361 5450 15
1407 5405 1462 5452 ct
1495 5396 1584 5450 40.
1661 5395 1705 5427 ³⁸
1737 5392 1961 5463 Dionys.
2010 5405 2134 5461 cap.
2167 5386 2200 5441 5
2229 5385 2305 5440 De
2357 5385 2464 5441 div.
2497 5399 2638 5438 nam.

2167 1883 2511 1956 προνοεῖσθαι
2537 1895 2550 1908 °
2590 1880 2769 1934 πάντα
2811 1879 3022 1946 ταῦτα,
3052 1880 3148 1934 καὶ
3201 1879 3273 1933 τὰ
3317 1879 3540 1933 τοιαῦτα
3587 1882 3750 1949 φύσει

2166 1972 2300 2044 ἔχει,
2331 1973 2431 2025 οὐκ
2478 1969 2701 2026 ἄλλοθεν
2734 1969 3011 2041 εἰληφυῖα,
3050 1969 3167 2023 ἀλλ’
3209 1971 3349 2041 αὑτὴ
3385 1969 3749 2041 μεταδιδοῦσα

2167 2063 2368 2125 παντὸς
2421 2059 2626 2130 ἀγαθοῦ
2679 2061 2795 2124 τοῖς
2835 2061 3058 2124 οἰκείοις
3117 2060 3598 2132 ποιήμασι,κατᾲ
3649 2061 3751 2134 τὴν

2169 2160 2400 2214 ἑκάστου
2441 2157 2698 2229 δεκτικὴν
2730 2155 2981 2227 δύναμιν.

2249 2254 2315 2306 Ἦ
2375 2255 2432 2308 ἐν
2490 2251 2740 2323 ἀλλήλοις
2778 2250 2888 2303 τῶν
2942 2250 3294 2304 ὑποστάσεων
3347 2249 3480 2319 μονή
3541 2264 3601 2301 τε
3651 2246 3754 2301 καὶ

2171 2347 2383 2418 ἵδρυσις
2415 2360 2428 2375 ο
2461 2343 2776 2397 ἁδιάστατοι
2812 2341 2920 2413 γὰρ
2979 2335 3141 2396 αὗται
3164 2382 3179 2405 ,
3217 2341 3312 2394 καὶ
3368 2337 3756 2408 ἀνεκφοίτητοι

2173 2436 2418 2506 ἀλλήλων
2469 2433 2631 2498 εἰσὶν,
2661 2430 2967 2502 ἀσύγχυτον
3002 2431 3226 2502 ἔχουσαι
3255 2429 3354 2501 τὴν
3396 2429 3455 2482 ὲν
3495 2427 3757 2492 ἀλλήλαις

2176 2527 2583 2601 περιχώρησιν·
2619 2527 2718 2596 οὐχ
2773 2527 2915 2579 ὥστε
2974 2521 3416 2592 συναλείφεσθαι,
3448 2520 3482 2590 ἦ
3531 2519 3756 2586 συγχεῖ-

2179 2620 2323 2681 σθαι,
2352 2616 2466 2672 ἁλλ⁹
2496 2615 2636 2669 ὥστε
2696 2613 2914 2685 ἔχεσθαι
2942 2612 3190 2682 ἀλλήλων
3211 2624 3224 2637 °
3260 2610 3387 2672 Υἱὸς
3417 2610 3524 2679 γὰρ
3556 2609 3614 2660 ὲν
3644 2607 3761 2659 lla-

2175 2711 2265 2782 τρὶ
2319 2710 2413 2762 καὶ
2448 2705 2752 2776 Πνεῦματι·
2792 2704 2886 2758 καὶ
2917 2703 3140 2774 Πνεῦμα
3163 2702 3222 2754 ὲν
3253 2700 3431 2772 llath
3459 2702 3555 2752 καὶ
3593 2696 3716 2767 Υἱῷ
3738 2714 3753 2728 ο

2181 2802 2275 2855 καὶ
2323 2799 2512 2870 Πατὴρ
2565 2797 2622 2849 ὲν
2667 2795 2783 2866 Υἰῷ
2817 2796 2912 2850 καὶ
2951 2793 3254 2866 Πνεῦματι,
3285 2791 3556 2864 μηδεμιᾶς
3604 2805 3761 2858 γινοο

2184 2894 2352 2966 μένης
2384 2887 2733 2958 συναλοιφῆς,
2757 2887 2791 2958 ἢ
2821 2886 3184 2958 συμφύρσεως
3211 2885 3243 2956 ἢ
3278 2882 3617 2953 συγχύσεως.
3647 2877 3765 2933 Καὶ

2180 2988 2241 3042 τὸ
2265 2984 2324 3040 ἒν
2354 2984 2448 3038 καὶ
2470 2982 2667 3037 ταυτὸν
2701 2981 2799 3051 τῆς
2838 2979 3109 3049 κινήσεως
3130 2993 3143 3007 ·
3177 2977 3234 3029 ἓν
3265 2976 3374 3046 γὰρ
3421 2971 3766 3042 ἐξαλμα,καὶ

2187 3078 2284 3150 μία
2331 3076 2547 3144 κίνησις
2578 3072 2690 3127 τῶν
2727 3070 2896 3140 τριῶν
2944 3069 3334 3122 ὑποστάσεων·
3365 3067 3502 3136 ὅπερ
3542 3064 3635 3117 ὲπὶ
3662 3063 3766 3134 τῆς

2175 3165 2404 3234 κτιστῆς
2431 3162 2645 3233 φύσεως
2671 3157 3014 3231 θεωρηθῆναι
3041 3157 3320 3212 ἀδύνατον.

2247 3279 2359 3333 Kal
2395 3278 2540 3348 ὅτιή
2583 3275 2704 3330 θεία
2751 3272 3018 3344 ἕλλαμψις
3057 3273 3150 3326 καὶ
3192 3271 3472 3341 ἐνέργεια,
3501 3269 3598 3340 μία
3622 3262 3765 3322 οὖσα

2177 3371 2270 3424 xal
2316 3371 2486 3439 ἁπλῇ,
2523 3367 2620 3422 καὶ
2653 3366 2888 3438 ἀμερὴς,
2922 3366 3017 3418 καὶ
3047 3362 3378 3432 ἀγαθοειδῶς
3409 3363 3467 3414 ἐν
3501 3363 3623 3422 τοῖς
3661 3376 3764 3430 με·

2180 3464 2384 3533 ριστοῖς
2420 3458 2810 3529 ποικιλλομένη
2850 3458 2942 3511 καὶ
2981 3459 3097 3520 τοῖς
3125 3457 3262 3509 πᾶσι
3313 3453 3383 3506 τὰ
3424 3453 3525 3523 τῆς
3553 3450 3766 3515 οίκείας

2179 3553 2394 3623 φύσεως
2451 3549 2753 3606 συστατικὰ
2785 3548 3045 3618 νέμουσα,
3089 3547 3241 3618 μένει
3286 3545 3461 3616 ἁπλῆ·
3488 3542 3764 3613 πληθυνθ-

2183 3645 2321 3716 μένη
2354 3645 2452 3714 μὲν
2503 3645 2560 3696 ὲν
2589 3644 2703 3704 τοῖς
2749 3642 3027 3712 μεριστοῖς
3065 3637 3396 3710 ἁμερίστως,
3432 3636 3528 3689 καὶ
3564 3635 3633 3687 τὰ
3667 3649 3765 3703 με·

2181 3735 2341 3808 ριστὰ
2400 3735 2538 3806 πρὸς
2589 3732 2688 3806 τὴν
2743 3733 2943 3802 ἑαυτῆς
2994 3731 3275 3800 ἁπλότητα
3321 3728 3632 3795 συνάγουσα
3669 3726 3767 3779 καὶ

2179 3827 2603 3899 ἐπιστρέφουσα.
2631 3825 2817 3879 Πάντα
2837 3823 2946 3896 γὰρ
2969 3824 3138 3894 αὐτῆς
3160 3823 3392 3890 ἐφίεται,
3419 3820 3512 3873 καὶ
3532 3821 3591 3872 ὲν
3620 3819 3764 3890 αὐτῇ

2180 3919 2296 3991 ἔχει
2351 3919 2452 3990 τὴν
2485 3916 2742 3988 ὓπαρξιν.
2778 3915 2889 3968 Kal
2935 3913 3075 3984 αὐτὴ
3113 3913 3212 3983 μὲν
3239 3913 3354 3973 τοῖς
3391 3910 3526 3962 πᾶσι
3555 3906 3654 3960 τοῦ
3683 3903 3764 3960 si-

2179 4029 2288 4076 vat,
2323 4008 2508 4072 καθὼς
2538 4009 2652 4079 ἔχει
2676 4019 2699 4047 θ
2731 4005 2946 4076 φύσεως
2979 4003 3300 4076 μεταδίδωσι
3322 4020 3336 4033 ο
3361 4000 3455 4055 καὶ
3474 3999 3614 4069 αὐτή
3643 4001 3765 4052 ἐστι

2177 4101 2286 4158 τῶν
2344 4101 2513 4156 ὄντων
2549 4100 2612 4153 τὸ
2655 4094 2816 4164 εἶναι,
2865 4097 2962 4151 καὶ
3013 4095 3124 4149 τῶν
3169 4093 3389 4158 ζώντων
3431 4094 3466 4161 ἡ
3503 4089 3641 4161 ζωὴ,
3668 4090 3764 4143 καὶ

2177 4195 2286 4249 τῶν
2313 4191 2547 4262 λογικῶς
2579 4191 2748 4246 ὄντων
2781 4192 2809 4244 ὁ
2845 4189 3024 4256 λόγος,
3064 4188 3159 4240 καὶ
3195 4185 3304 4238 τῶν
3355 4182 3558 4253 νοερῶς
3587 4181 3764 4234 ὄντων

2178 4289 2213 4358 ὴ
2237 4287 2439 4355 νόησις.
2468 4283 2615 4354 Αὐτὴ
2667 4281 2809 4353 ὑπὲρ
2839 4280 2964 4335 νοῦν
2991 4276 3148 4344 οὖσα,
3174 4279 3268 4333 καὶ
3293 4277 3432 4345 ὑπὲρ
3463 4274 3646 4342 λόγον,
3665 4274 3764 4329 καὶ

2183 4379 2325 4448 ὑπὲρ
2351 4376 2519 4447 ζωὴν,
2553 4375 2649 4430 καὶ
2676 4373 2817 4444 ὑπὲρ
2845 4371 3056 4428 οὐσίαν.

2252 4644 2374 4696 Ἔτι
2419 4641 2478 4695 δὲ
2523 4639 2619 4694 xal
2659 4639 2720 4693 τὸ
2759 4639 2848 4692 διὰ
2883 4637 3101 4692 πάντων
3141 4635 3352 4706 διήκειν
3398 4633 3616 4703 ἀμιγῶς
3646 4673 3662 4698 ,
3693 4629 3762 4685 δι’

2177 4736 2350 4806 αὐτῆς
2381 4735 2438 4788 δὲ
2465 4733 2644 4789 οὐδέν.
2682 4734 2806 4787 Ἔτι
2838 4732 2932 4786 καὶ
2963 4730 3025 4783 τὸ
3047 4729 3192 4801 ἁπλῇ
3234 4727 3434 4797 γνώσει
3461 4725 3762 4794 γινώσκειν

2177 4828 2245 4882 τὰ
2276 4828 2472 4881 πάντας
2510 4826 2619 4880 Καὶ
2655 4825 2833 4878 πάντα
2877 4824 2954 4895 τῷ
2983 4822 3113 4891 θείῳ
3135 4863 3149 4889 ,
3205 4821 3300 4873 καὶ
3331 4818 3762 4886 παντεποπτικῷ

2175 4928 2266 4981 καὶ
2297 4927 2447 4997 amo)
2473 4925 2646 4993 αὐτῆς
2689 4923 2900 4994 ὄμματι
2945 4919 3132 4983 ἁπλῶς
3171 4917 3445 4991 καθορᾷν,
3481 4915 3554 4969 τά
3581 4932 3645 4968 τε
3680 4915 3764 4966 ὲν-

2176 5019 2407 5082 εστῶτα,
2446 5017 2514 5071 τά
2537 5034 2596 5070 τε
2629 5013 3068 5088 παρεληλυθότα,
3095 5013 3190 5066 καὶ⁸
3223 5010 3293 5066 τὰ
3327 5010 3596 5081 μέλλοντα
3631 5006 3764 5079 πρὶν

2179 5111 2445 5180 γενέσεως
2481 5109 2664 5164 αὐτῶν
2690 5124 2704 5138 ·
2734 5109 2796 5160 τὸ
2837 5106 3224 5176 ἀναμάρτητον
3245 5144 3260 5169 ,
3291 5103 3387 5156 καὶ
3427 5101 3488 5155 τὸ
3536 5099 3764 5169 ἀφιέναι

2178 5204 2477 5277 ἁμαρτίας,
2507 5203 2602 5258 καὶ
2644 5200 2873 5265 σώζειν·
2907 5199 2999 5254 καὶ
3029 5199 3112 5252 ὅτι
3148 5196 3330 5252 πάντα
3361 5194 3462 5264 μὲν
3488 5194 3591 5248 ὅσα
3617 5191 3762 5247 θέλει

2736 5379 2921 5433 “Dan.
2964 5393 3062 5442 xu,
3095 5377 3182 5433 ιιι.

1763 5547 2000 5608 VAlile
2041 5541 2447 5602 LECTIONES.

550 5674 576 5712 d
643 5672 700 5725 in
763 5667 886 5723 cod.
972 5669 1027 5723 S.
1090 5668 1297 5728 11η.οι
1361 5676 1748 5731 emendatione
1781 5671 2021 5738 additur,
2056 5667 2116 5722 τὸ
2139 5662 2451 5730 ἁπλοῦν,τδ
2477 5659 2794 5715 ἀσύνθετον.
2894 5667 2918 5695 ο
2951 5653 3018 5710 ιι.
3051 5651 3222 5720 2927;
3272 5650 3326 5704 in
3389 5645 3640 5712 ιιιπτέῖῦε
3687 5650 3758 5710 ὡς

478 5737 690 5803 ἔχουσι.
