3962 6300
251 373 344 438 861
1375 381 1472 440 DE
1505 383 1681 442 FIDE
1704 384 2162 450 ORTHODOXA
2196 392 2340 454 LIB.
2376 394 2454 455 II.
3368 401 3472 463 86‘!

247 484 460 537 δύναται
486 497 501 512 ο
539 479 638 552 οὐχ
681 481 780 535 ὅσα
824 483 882 537 δὲ
918 483 1138 539 δύναται
1165 525 1180 551 ,
1216 486 1380 542 θέλει.
1438 487 1666 542 Δύναται
1705 490 1777 558 γὰ

1917 495 2065 565 quod
2112 499 2322 553 nullum
2361 501 2418 555 in
2470 517 2595 557 eum
2651 512 2934 573 peccatum
2987 506 3165 571 cadat,
3219 509 3472 579 quodque

243 573 501 628 ἀπολέσαι
525 575 619 627 τὸν
651 574 855 644 κόσμον
879 593 894 607 ·
934 576 995 629 οὐ
1023 577 1166 631 ϐέλει
1193 579 1272 632 δέ.

1909 594 2136 653 peccata
2189 589 2448 646 dimittat.
2490 601 2546 647 et
2590 593 2823 648 salutem
2865 594 3098 650 atterat:
3135 610 3198 651 ac
3234 573 3469 666 denique

243 665 394 732 illud,
614 667 793 737 possit
825 667 1096 739 quidquid
1124 671 1278 726 vult:
1312 686 1428 726 non
1455 679 1641 728 tamen
1671 673 1803 729 velit
1843 675 2112 747 quidquid
2145 688 2342 749 potest.
2375 681 2558 740 Potest
2584 685 2731 739 enim
2763 687 3026 741 mundum
3093 688 3352 758 perdere,
3387 665 3468 744 ct

244 769 347 809 non
377 769 445 808 τυ
573 794 588 809 .

330 930 374 962 ³⁷
404 928 564 1002 Greg.
595 933 738 986 orat.
803 929 894 984 40.

259 1129 3390 1170 ___.__._.___________________________________

1308 1300 1664 1389 LIBER
1754 1299 2391 1396 SECUNDUS.

738 1633 988 1689 ΚΕΦΑΛ.
1021 1635 1078 1687 A'
1111 1633 1228 1706 [ιε’
1247 1634 1288 1707 ].

803 1725 940 1790 Περὶ
981 1724 1212 1792 αἰῶνος.

300 1815 467 1878 Αὐτὸς
497 1816 620 1878 τοὺς
652 1815 854 1878 αἰῶνας
880 1817 1158 1887 ἐποίησεν,
1193 1821 1221 1872 6
1260 1821 1518 1893 ὑπάρχων
1544 1821 1648 1890 πρὸ
1685 1821 1793 1875 τῶν

231 1906 470 1959 αἰώνων·
521 1903 658 1974 πρὸς
705 1905 763 1957 ὃν
794 1922 957 1975 φησιν
989 1907 1017 1958 6
1067 1905 1212 1971 Θεῖος
1256 1910 1455 1962 Δαϐίδ’
1501 1910 1642 1965 Ἀπὸ
1687 1910 1793 1965 τοῦ

229 1995 473 2060 αιῶνος,
519 1995 617 2048 καὶ
664 1995 774 2062 ἕως
811 1997 917 2050 τοῦ
953 1999 1170 2064 αἰῶνος
1207 2001 1289 2055 σὺ
1333 1999 1402 2056 εἷ.
1439 2003 1548 2056 Καὶ
1576 2003 1604 2054 6
1651 2002 1794 2067 Θεῖος

241 2085 555 2149 Ἀπόστολος
577 2105 591 2118 ·
627 2087 706 2139 Δι’
739 2083 812 2144 οὗ
844 2089 942 2142 καὶ
976 2090 1118 2156 τοὺς
1141 2091 1361 2160 αἰῶνας
1381 2093 1648 2162 ἐποίησε.

295 2179 415 2248 Χρὴ
453 2177 631 2231 τοίνυν
679 2177 1003 2247 γινώσκειν,
1051 2183 1132 2235 ὅτι
1163 2183 1224 2236 τὸ
1253 2183 1354 2237 τοῦ
1396 2185 1591 2249 αἰῶνος
1622 2185 1791 2256 ὄνομα

226 2267 538 2338 πολύσημόν
566 2271 710 2322 ἐστι·
757 2271 986 2326 πλεῖστα
1019 2272 1129 2343 γὰρ
1182 2275 1460 2345 σημαίνει.
1493 2276 1638 2330 Αἰὼν
1683 2278 1790 2348 γὰρ

225 2359 443 2426 λέγεται
470 2360 562 2412 καὶ
588 2361 622 2428 ἡ
648 2359 878 2414 ἑκάστου
907 2362 1016 2415 τῶν
1055 2365 1360 2436 ἀνθρώπων
1388 2368 1524 2440 ζωή.
1555 2370 1788 2439 Λέγεται

224 2451 386 2505 πάλιν
417 2451 552 2504 αἰὼν
577 2453 689 2523 (45)
715 2493 730 2517 ,
779 2455 874 2507 καὶ
905 2456 934 2508 6
959 2455 1148 2526 χιλίων
1199 2459 1336 2512 ὲτῶν
1364 2461 1574 2532 χρόνος,
1620 2463 1791 2517 Πάλιν

223 2539 440 2608 λέγεται
479 2541 632 2606 αἰὼν,
662 2543 783 2607 ὅλος
811 2547 839 2598 6
874 2545 1062 2616 παρὼν
1102 2546 1215 2616 βίος
1239 2562 1251 2575 '
1293 2550 1389 2603 καὶ
1423 2551 1558 2605 αἰὼν
1599 2554 1628 2605 6
1661 2552 1790 2624 μέλ-

224 2632 368 2694 λων,
412 2632 440 2684 ὁ
485 2633 625 2703 μετὰ
669 2633 768 2706 τὴν
810 2635 1107 2692 ἀνάστασιν
1145 2640 1524 2712 ἀτελεύτητος.
1556 2644 1788 2713 Λέγεται

223 2723 386 2778 πάλιν
414 2725 568 2788 αίὼν,
605 2727 666 2780 οὐ
694 2728 904 2799 χρόνος,
927 2729 1046 2783 οὐδὲ
1089 2732 1280 2804 χρόνου
1309 2751 1360 2786 τι
1393 2734 1566 2804 μέρος
1585 2773 1604 2798 ,
1636 2736 1787 2806 ἡλίου

222 2815 367 2885 φορᾷ
395 2816 488 2869 καὶ
512 2816 700 2888 δρόμῳ
729 2819 1120 2890 μετρούμενον,
1153 2821 1321 2892 ἤγουν
1354 2822 1422 2875 δι’
1447 2823 1670 2896 ἡμερῶν
1695 2827 1788 2879 καὶ

222 2908 432 2960 νυκτῶν
467 2911 878 2980 συνιστάμενον,
908 2912 1045 2967 ἀλλὰ
1084 2914 1145 2967 16
1181 2919 1786 2988 συμπαρεκτεινόμενον

217 3003 329 3062 τοῖς
368 3000 577 3065 ἀϊδίοις,
609 2995 719 3054 οἷόν
747 3019 799 3055 τι
826 3003 1074 3074 χρονικὺν
1099 3005 1326 3077 κίνημα,
1359 3008 1455 3062 καὶ
1487 3007 1782 3080 διάστημα.

220 3092 400 3161 Ὀπερ
434 3091 544 3161 γὰρ
575 3095 687 3155 τοῖς
733 3093 838 3147 ὑπὸ
887 3095 1078 3166 χρόνον
1123 3098 1151 3150 6
1199 3096 1426 3167 χρόνος,
1469 3097 1626 3152 τοῦτο
1677 3100 1788 3162 τοῖς

216 3184 412 3249 ἀῖδίοις
447 3185 593 3242 ἐστὶν
620 3185 775 3242 αἰών.
822 3191 829 3198 ’

286 3446 554 3516 Δέγονται
601 3448 700 3518 μὲν
745 3444 836 3502 οὖν
871 3449 1012 3502 ἑπτὰ
1049 3449 1244 3514 αἰῶνες
1271 3449 1380 3520 (Μ)
1426 3449 1521 3504 τοῦ
1573 3451 1778 3514 κόσμου

211 3537 431 3602 τούτου,
482 3539 647 3608 ἦγουν
679 3539 786 3592 ἀπὸ
819 3541 918 3610 τῆς
961 3540 1192 3612 οὐρα·θοῦ
1241 3542 1332 3594 καὶ
1374 3541 1475 3610 γῆς
1526 3541 1776 3607 κτίσεως,

213 3629 383 3698 μέχρι
413 3629 514 3698 τῆς
553 3629 740 3699 κοινῆς
785 3630 892 3684 τῶν
932 3631 1231 3701 ἀνθρώπων
1261 3632 1566 3696 συντελείας
1599 3650 1657 3686 τε
1689 3633 1780 3686 καὶ

2563 1643 2712 1700 CAP.
2757 1657 2792 1698 ι.

2388 1732 2464 1787 De
2483 1735 2682 1788 swculo
2711 1753 2802 1790 seu
2834 1752 2964 1791 (evo.

1963 1819 2084 1891 ipse
2123 1822 2324 1877 saecula
2362 1823 2512 1889 l'ecit,
2563 1827 2656 1893 qui
2700 1837 2826 1881 ante
2858 1829 3060 1882 saecula
3091 1839 3209 1884 erat
3243 1848 3256 1885 :
3291 1847 3450 1900 quem

1892 1910 2118 1968 divinus
2172 1911 2348 1967 David
2402 1914 2487 1970 his
2538 1917 2720 1972 verbis
2770 1917 2969 1976 allatur
3015 1937 3028 1972 :
3072 1923 3114 1973 Δ
3165 1925 3358 1976 san:qu
3404 1933 3455 1978 et

1893 2019 2052 2072 usque
2085 2005 2138 2057 in
2185 2006 2437 2058 saxulum
2485 2016 2540 2058 tu
2579 2023 2632 2060 es
2665 2007 2728 2060 ³⁸.
2770 2007 2846 2063 De
2897 2025 3006 2077 quo
3054 2011 3181 2066 item
3233 2014 3454 2070 divinus

1891 2092 2212 2162 Apostolus,
2235 2109 2326 2162 per
2355 2111 2504 2164 quem
2544 2095 2669 2163 fecit
2693 2107 2741 2151 et
2767 2098 2964 2151 swcula
2983 2100 3045 2152 '9.

1963 2184 2103 2262 Quid
2125 2185 2396 2248 steculum,
2420 2185 2615 2240 ercis
2647 2187 2810 2243 ἁιών.
2833 2219 2902 2229 --
2927 2189 3222 2245 Sciendum
3247 2192 3452 2262 itaque,

1890 2255 2090 2330 no'men
2130 2278 2336 2340 saaculi,
2376 2293 2471 2332 seu
2503 2279 2624 2342 aevi,
2659 2279 3035 2348 multipliciter
3064 2283 3237 2352 accipi
3266 2303 3278 2338 :
3305 2299 3452 2339 corn-

1891 2366 2052 2438 plura
2093 2367 2239 2421 enim
2286 2367 2580 2436 signiﬁcat.
2616 2368 2749 2422 Nam
2805 2378 2859 2422 et
2903 2370 3142 2427 hominis
3207 2373 3454 2442 cujusvis

1891 2453 2003 2509 vita
2029 2455 2288 2510 saeculum
2327 2455 2548 2508 dicitur.
2581 2454 2850 2508 Saeculum
2888 2455 3040 2520 item,
3065 2464 3281 2525 tempus
3309 2458 3454 2513 mille

1891 2561 2156 2601 annorum
2187 2545 2497 2616 appellatur
2521 2544 2589 2598 ιθ.
2616 2547 2697 2599 Ad
2729 2546 2844 2600 ham
2888 2546 3150 2600 saeculum
3197 2549 3451 2602 nomina-

1889 2642 2000 2699 tur,
2047 2643 2222 2692 totum
2270 2635 2558 2707 praesentis
2589 2636 2714 2690 vita:
2757 2637 3121 2703 curriculum,
3161 2646 3216 2691 et
3267 2637 3452 2692 futura

1892 2724 1983 2777 illa
2025 2739 2086 2778 ac
2127 2733 2250 2794 post
2311 2724 2780 2779 resurrectionem
2840 2725 3170 2780 immortalis
3221 2726 3330 2780 vita
3381 2728 3447 2782 ".

1891 2813 2034 2880 Quin
2083 2816 2340 2870 saaculum
2386 2830 2608 2885 quoque
2656 2814 2880 2881 dicitur,
2919 2829 3029 2869 non
3073 2823 3313 2886 tempus,
3349 2831 3452 2872 nec

1891 2910 2152 2978 temporis
2202 2925 2331 2980 pars
2376 2909 2489 2962 ulla
2536 2908 2668 2963 solis
2720 2915 2872 2962 motu
2903 2922 2968 2962 ac
3006 2924 3174 2964 cursu
3207 2910 3448 2977 deﬁnita,

1888 3001 2002 3056 sive
2051 3017 2116 3055 ex
2167 3000 2379 3054 dierum
2433 2999 2788 3068 noctiumque
2840 2999 2983 3053 serie
3035 2998 3314 3053 conflata:
3355 3001 3448 3054 sed

1885 3090 1977 3144 ille
2004 3091 2151 3144 velut
2181 3087 2502 3159 temporalis
2527 3095 2728 3150 motus,
2764 3100 2828 3140 ac
2869 3087 3130 3155 spatium,
3162 3088 3309 3156 quod
3343 3103 3450 3141 una

1884 3196 2009 3234 cum
2068 3180 2135 3233 iis
2181 3193 2303 3249 qua:
2350 3187 2556 3232 aeterna
2600 3184 2728 3232 sunt
2778 3176 3129 3246 protenditur
3178 3178 3243 3230 δ’.
3294 3177 3449 3243 Quod

1883 3271 2028 3326 enim
2083 3271 2152 3324 iis
2193 3284 2315 3339 quae
2357 3269 2589 3338 tempori
2648 3267 2887 3323 subsunt
2929 3277 3142 3338 tempus
3189 3276 3296 3330 est,
3345 3268 3449 3324 hoc

1884 3361 2157 3432 perpetuis
2186 3369 2271 3414 est
2301 3359 2587 3414 saeculum.

1956 3449 2160 3519 Septem
2200 3451 2393 3504 swcula
2416 3451 2532 3502 vita:
2553 3447 2728 3516 hujus,
2774 3455 2824 3501 et
2862 3456 3100 3501 octavum
3143 3449 3448 3517 futurae."

1884 3539 2001 3594 1am
2035 3555 2161 3594 vero
2187 3549 2390 3609 septem
2424 3538 2740 3608 hujusmodi
2777 3539 2975 3591 saecula
3019 3538 3311 3603 dicuntur;
3345 3540 3446 3594 hoc

1886 3641 1988 3697 est,
2012 3646 2041 3683 a
2067 3630 2191 3684 coeli
2222 3638 2490 3699 terraeque
2516 3628 2794 3684 creatione
2817 3643 2988 3698 usque
3013 3628 3079 3682 ad
3101 3643 3443 3684 communem

282 3801 332 3874 ’f
357 3800 743 3874 Psal._t.xxxrx,
765 3803 821 3856 2.
846 3872 871 3874 υ
899 3801 1142 3874 f'llebr:
1166 3819 1204 3866 l,
1232 3804 1285 3858 5.
1361 3804 1407 3835 ⁸ο
1437 3803 1605 3859 Arist.
1641 3805 1730 3860 lib.
1763 3820 1779 3857 ι

1915 3802 2063 3869 caelo,
2099 3809 2232 3857 text.
2256 3803 2375 3858 100.
2453 3803 2495 3834 δι
2517 3801 2705 3860 Matth.
2738 3820 2840 3874 xu,
2867 3804 2969 3873 32;
3007 3804 3139 3860 Luc.
3163 3820 3315 3871 uix,
3345 3805 3436 3862 54.

206 3872 255 3904 δ’
281 3871 451 3942 Greg.
482 3870 612 3925 Naz.
642 3884 781 3928 orat.
805 3872 893 3938 55,
912 3872 980 3928 ’58
1005 3882 1058 3930 et
1084 3871 1173 3926 42.

1737 3983 1965 4042 NOTAE.

262 4070 282 4137 (
306 4076 398 4143 45)
437 4074 678 4145 Λέγεται
709 4075 894 4129 πάλιν
923 4075 1085 4128 αίών.
1113 4073 1254 4140 Quin
1299 4074 1548 4129 steculum
1579 4091 1776 4145 quoque

203 4146 442 4215 dicitur,
487 4155 593 4215 etc.
639 4144 721 4215 lta
763 4145 1069 4215 Gregorius
1120 4145 1431 4215 Theologus
1473 4145 1662 4199 multis
1695 4144 1774 4199 in

207 4217 371 4269 locis.
405 4213 648 4268 Gnostici
679 4212 904 4266 αἰώνων
920 4214 1139 4268 nomine
1166 4253 1181 4276 ,
1214 4215 1359 4282 quod
1391 4212 1653 4282 frequens
1691 4222 1776 4268 est

208 4285 266 4338 in
301 4283 624 4352 Scripturis,
652 4283 908 4352 quodque
940 4283 1129 4337 Latine
1157 4285 1208 4336 in
1241 4285 1492 4338 steculum
1522 4285 1774 4347 vertitur,

205 4356 448 4407 virtutes
476 4353 656 4406 varias
673 4368 733 4421 ex
757 4352 866 4406 Deo
891 4354 1122 4407 emissas
1156 4353 1452 4421 signiﬁcari
1478 4353 1774 4418 ﬁnxerunt,

206 4433 382 4501 atque
434 4422 634 4501 idcirco
671 4420 838 4501 Deum
869 4422 977 4501 d_i_ci
1029 4431 1159 4501 ante
1188 4420 1404 4501 sateula,
1453 4430 1692 4501 exstare,
1725 4430 1778 4478 et
1811 4445 1856 4501 ι)

206 4494 261 4544 in
289 4490 489 4545 sa-cula
523 4491 856 4561 sweiulorum.
889 4492 1096 4544 Horum
1129 4491 1320 4544 deliria
1360 4501 1481 4561 post
1514 4490 1775 4545 Irenaeum

204 4561 524 4614 confutavit
588 4560 968 4630 Theodorelus
1020 4561 1085 4630 in
1143 4560 1395 4630 Epitome
1464 4561 1778 4614 divinorqu

203 4631 551 4698 dogmatum.
588 4628 731 4681 Δίὼν
765 4629 970 4683 Graecis
1017 4629 1159 4684 idem
1191 4628 1317 4694 Est,
1352 4631 1497 4697 quod
1532 4646 1698 4682 (eoum
1727 4637 1780 4698 et

202 4697 468 4752 saccutum
493 4698 704 4751 Latinis
738 4717 751 4751 :
784 4714 892 4767 quo
915 4714 1082 4753 sensu
1117 4698 1316 4752 dicitur
1347 4699 1490 4755 Deus
1513 4714 1638 4753 esse
1672 4697 1778 4766 πρὸ

201 4769 446 4828 αἰώνων,
470 4775 522 4820 et
547 4768 890 4837 προαιώνιος,
920 4776 1040 4821 ante
1061 4784 1225 4821 wvum
1260 4785 1408 4822 omne
1434 4777 1482 4822 et
1503 4768 1774 4821 sa'culum.

203 4837 310 4891 Sin
348 4855 446 4904 pro
479 4837 781 4891 aeternitate
815 4838 1136 4904 accipiatur,
1184 4837 1443 4892 deﬁnitur
1473 4854 1537 4892 ex
1569 4837 1774 4902 Boetio,

195 4905 619 4975 interminabilis
651 4907 771 4960 vitae
807 4915 914 4960 tota
951 4907 1111 4959 simul
1142 4915 1191 4960 et
1234 4908 1462 4974 perfecta
1494 4908 1774 4975 possessio.

197 4976 387 5040 Quam
421 4974 793 5030 deﬁnitionem
833 4977 1056 5040 agnovit
1089 4975 1263 5036 Philo,
1309 4978 1402 5030 lib.
1440 4974 1515 5029 De
1555 4976 1772 5041 mundo,

198 5045 413 5115 ubiqait
446 5062 459 5098 :
502 5044 596 5115 ἘνΔ
635 5045 791 5096 αἰῶνι
843 5045 966 5098 οὔτε
1005 5045 1378 5115 παρελήλυθεν
1421 5045 1608 5108 οὐδὲν,
1649 5044 1771 5115 οὔτε

203 5113 432 5183 μέλλει,
473 5112 612 5166 ἀλλὰ
658 5115 818 5182 μόνον
852 5112 1176 5183 ὑφέστηκεν.
1203 5112 1278 5167 ’1η
1321 5117 1612 5170 wternitate
1645 5114 1774 5172 nihil

199 5185 450 5244 transiit.
485 5199 578 5236 nec
607 5183 848 5250 futurum
885 5195 984 5248 est,
1029 5185 1118 5237 sed
1144 5185 1474 5238 solummodo
1511 5184 1770 5236 consistit.

192 5252 446 5323 Joannes
479 5253 738 5322 Scythop.
763 5254 816 5306 in
851 5269 974 5323 cap.
1005 5253 1038 5306 ὅ
1072 5252 1150 5306 De
1184 5255 1288 5306 div.
1316 5270 1456 5306 nom.
1493 5253 1774 5323 proprium

193 5321 304 5376 Dei
341 5338 462 5392 esse
500 5319 596 5386 ait,
634 5319 796 5392 ut’_sit
824 5319 958 5376 αἰὼν
980 5363 994 5385 ,
1021 5323 1148 5392 quia
1185 5339 1400 5392 semper
1428 5319 1512 5377 est
1547 5319 1634 5392 ἀεὶ
1657 5319 1732 5373 ὧν
1754 5335 1770 5351 ο

189 5393 346 5462 ὅπερ
383 5391 659 5462 γὰρμήτε
693 5389 790 5460 ἦν,
841 5389 1055 5462 inquit,
1092 5394 1232 5462 μήτε
1266 5389 1418 5445 ἔσται
1444 5435 1458 5454 ,
1510 5391 1623 5443 ἀλλ’
1658 5392 1772 5444 ἐστι

197 5459 404 5530 μόνον,
432 5459 592 5513 τοῦτο
613 5459 786 5525 ἑστὼς
817 5459 938 5532 έχον
969 5461 1030 5515 16
1062 5459 1218 5516 εἶναι.
1260 5462 1400 5532 Nam
1436 5462 1574 5532 quod
1614 5477 1773 5528 neque

157 5539 343 5592 .erat,
384 5547 544 5600 neque
573 5533 690 5596 erit,
735 5531 824 5586 sed
855 5534 1216 5586 tantummodo
1245 5545 1341 5594 est,
1373 5531 1488 5594 hoc,
1529 5547 1645 5583 cum
1674 5533 1772 5584 ha-

189 5600 326 5652 beat
348 5617 460 5654 esse
497 5603 806 5661 consistens.
841 5601 918 5653 ita
942 5613 997 5654 ut
1021 5620 1120 5656 non
1161 5611 1388 5654 mutetur
1421 5605 1472 5655 in
1513 5601 1769 5666 futurum,

185 5681 296 5723 aut
333 5669 397 5723 ab
446 5688 506 5724 eo
543 5672 679 5740 quod
728 5680 876 5734 erat,
910 5673 962 5724 in
993 5673 1043 5724 id
1075 5673 1213 5740 quod
1266 5681 1378 5734 est,
1419 5671 1574 5723 τοῦτό
1623 5676 1770 5724 ἐστιν

181 5740 359 5810 αἰών,
395 5741 528 5796 illud
559 5739 694 5795 Certe
725 5751 825 5812 _est
881 5742 1033 5797 αἰὼν.
1088 5739 1164 5796 Ex
1238 5756 1346 5812 quo
1397 5739 1557 5795 infert
1603 5743 1766 5795 vitam

1883 4074 2064 4147 illam,
2100 4089 2220 4147 quae
2255 4073 2362 4147 line
2403 4074 2800 4147 cariturahnon
2852 4084 2972 4140 est,
3031 4091 3260 4147 quaeque
3328 4085 3441 4132 tota

1882 4144 2044 4198 simul
2076 4144 2332 4216 exsistit.
2360 4143 2519 4212 cujus
2564 4144 2696 4216 nihil
2737 4143 3128 4208 consumatur,
3165 4143 3266 4202 nec
3305 4163 3442 4216 prae-

1884 4222 2076 4273 tereat,
2107 4229 2280 4280 neque
2313 4215 2555 4266 futurum
2587 4215 2678 4273 sit.
2719 4229 2825 4266 non
2857 4230 2980 4268 esse
3005 4231 3067 4267 ex
3103 4225 3216 4269 toto
3241 4215 3434 4278 αἰῶνα,

1884 4282 1978 4337 sed
2004 4283 2123 4351 ejus
2163 4283 2412 4336 ellectum
2444 4302 2456 4336 :
2493 4283 2620 4352 quia
2664 4282 2804 4337 Deus
2843 4284 2956 4351 ipse
2989 4283 3121 4336 αἰὼν
3150 4296 3253 4346 est,
3291 4287 3438 4352 ipsa-

1884 4360 1993 4406 met
2019 4353 2319 4414 aeternitas,
2356 4354 2447 4404 καὶ
2486 4351 2684 4414 αἰῶνας
2716 4354 2882 4405 ποιῶν
2916 4355 3270 4406 mternitatum
3308 4351 3438 4420 e/fe-

1883 4429 2040 4484 ctor;
2073 4422 2212 4493 quia
2267 4423 2428 4493 rebus
2476 4437 2596 4490 quae
2649 4423 3010 4487 intelligentia
3063 4424 3439 4493 percipiuntur

1883 4490 2154 4554 concedit,
2183 4496 2241 4543 ut
2277 4491 2387 4544 sint
2413 4499 2647 4544 telorum.

1954 4560 2066 4627 (44)
2107 4560 2389 4626 Aeg-artat
2426 4560 2542 4626 μὲν
2566 4556 2680 4614 οὖν
2702 4561 2849 4613 ἑπτὰ
2877 4561 3086 4627 αἰῶνες
3109 4579 3122 4592 ·
3159 4560 3284 4614 Jam
3323 4578 3437 4614 vero

1880 4637 2072 4700 septem
2110 4633 2305 4700 swcula
2355 4631 2621 4682 dicuntur.
2671 4629 2769 4683 SS.
2815 4630 3001 4686 l‘alres
3042 4633 3284 4700 plerique
3327 4639 3437 4683 tra-

1881 4696 2019 4751 dunt
2046 4698 2360 4751 universum
2403 4701 2504 4751 hoc
2559 4714 2650 4751 sex
2701 4714 2966 4752 mitiorum
3026 4696 3264 4754 millibus
3311 4715 3437 4766 per-

1882 4780 2238 4828 mansurum,
2286 4767 2741 4833 quemadmodum
2796 4769 2989 4821 diehus
3031 4785 3122 4822 sex
3155 4769 3435 4822 conditum

1883 4837 2020 4905 fuit:
2074 4834 2355 4905 Scriptura
2404 4837 2620 4890 dicente
2667 4838 2801 4905 psal.
2859 4853 3063 4890 Lxxxnt
3118 4856 3130 4890 :
3171 4838 3435 4902 Quoniam

1881 4904 2023 4958 mille
2055 4904 2182 4957 anni
2211 4914 2330 4957 ante
2355 4905 2532 4958 oculos
2564 4904 2680 4959 tuos
2713 4907 2846 4958 sicut
2865 4906 2973 4958 dies
2999 4923 3124 4958 una.
3160 4906 3435 4961 Consimi-

1879 4975 1984 5027 lem
2020 4973 2366 5027 traditionem
2400 4973 2572 5028 ,Μηίεεί
2609 4975 2806 5027 habent
2848 4975 2899 5028 in
2931 4974 3229 5029 Thalmude
3271 4983 3430 5028 tract.

1883 5044 1956 5096 De
1991 5043 2158 5096 avoda
2188 5058 2334 5094 πηνα.
2366 5042 2621 5112 Basilius,
2655 5045 2745 5096 lib.
2782 5044 2855 5096 De
2879 5054 3065 5097 struet.
3111 5046 3259 5098 hom.
3291 5044 3345 5103 2,
3381 5057 3434 5097 ct

1877 5112 2286 5174 Nazianzenus,
2313 5120 2453 5164 orat.
2495 5113 2584 5176 44,
2624 5113 2909 5180 septimam
2964 5114 3258 5167 crcationis
3288 5112 3433 5166 diem

1879 5186 2050 5252 aiunt,
2073 5183 2559 5252 consummationis
2604 5182 2767 5249 hujus
2797 5185 2980 5252 smculi
3018 5183 3242 5252 ﬁguram
3280 5197 3431 5252 esse.

1877 5249 2098 5315 Latini,
2137 5259 2196 5304 ut
2241 5251 2475 5304 Severus
2531 5250 2830 5317 Sulpitius,
2874 5249 3114 5306 Isidorus
3139 5293 3153 5315 ,
3184 5250 3432 5305 Julianus

1877 5318 2198 5390 Toletanus,
2257 5319 3056 5390 RomanumMartyrologium,
3100 5332 3149 5376 et
3183 5322 3274 5374 alii
3309 5321 3433 5389 qui-

1879 5389 1982 5444 bus
2029 5389 2174 5443 l‘avet
2207 5390 2532 5443 Anastasius
2571 5389 2648 5452 ll,
2685 5389 3088 5455 AllllOCllL‘llus,
3135 5392 3226 5445 lib.
3267 5406 3339 5444 vn
3379 5391 3432 5442 in

1876 5459 2255 5520 Hexaemeron,
2277 5469 2516 5526 tempora
2552 5458 2736 5512 mundi
2773 5460 2824 5510 in
2860 5466 3064 5523 septem
3098 5471 3287 5514 natales
3325 5460 3434 5514 dis-

1877 5531 2209 5583 tribuerunt.
2275 5528 2577 5582 Germanus
2606 5526 2710 5580 (ΣΡ.
2747 5529 2944 5580 saeculo
2983 5543 3089 5586 xu,
3133 5547 3198 5582 ex
3239 5539 3432 5582 aucto-

1876 5600 2039 5651 ritate
2069 5597 2338 5667 llippolyti
2360 5638 2374 5659 ,
2405 5597 2592 5665 Cyl-illi
2624 5605 2688 5667 et
2723 5593 3131 5667 Chrysostomi,
3164 5598 3217 5649 in
3253 5600 3431 5667 Expo-

1875 5669 2074 5721 sitione
2108 5664 2338 5738 liturg'im
2371 5664 2604 5736 prabare
2637 5665 2830 5717 nititur
2871 5664 3262 5738 Antichristum
3313 5664 3433 5736 post

1873 5753 1970 5792 sex
2002 5739 2166 5792 millia
2191 5735 2598 5808 et'quingeutos
2629 5749 2800 5789 annos
2829 5735 3220 5804 appariturum.
