3962 6300
501 319 612 381 863
1711 312 1774 374 S.
1815 312 2136 376 JOANNIS
2173 314 2610 379 DAMASCENI
3679 314 3786 380 864

505 429 790 485 hominum
839 428 1410 481 consummationem
1470 431 1525 480 et
1586 424 2082 482 resurrectionem.

2215 429 2562 492 ιναστάσεως.
2609 427 2772 484 Ἐστι
2821 425 2922 498 μὲν
2967 423 3079 496 γὰρ
3123 421 3414 478 συντέλεια
3469 427 3712 498 μερικίμ
3757 431 3785 481 ό

505 521 721 576 Etenim
771 519 980 590 privata
1021 517 1250 588 quidem
1294 525 1382 574 est
1428 519 1880 584 consummatio,
1937 532 2089 575 mors

2215 520 2426 574 ικάστου
2468 519 2700 583 θάνατος
2722 531 2738 548 ⁶
2776 516 2891 572 ἐστι
2925 516 2982 571 δὲ
3027 515 3125 570 καὶ
3150 513 3346 587 κοινὴ,
3376 515 3474 568 καὶ
3503 517 3785 588 παντελὴς

504 612 808 682 cujusque;
859 610 1176 666 communis
1235 622 1444 676 autem,
1513 617 1570 666 et
1625 610 1866 684 integra,
1933 609 2094 682 155.

2215 610 2498 675 ιυντέλεια,
2533 611 2622 665 ὅτε
2656 609 2842 682 μέλλει
2875 610 2910 680 ἡ
2944 608 3100 679 κοινὴ
3130 606 3383 677 γίνεσθαι
3421 608 3532 663 τῶν
3566 606 3782 682 ἀνθρώ-

505 718 631 756 cum
691 701 1005 758 communis
1071 702 1320 757 omnium
1383 703 1724 759 resurrectio
1781 703 2088 775 continget.

505 793 774 850 Octavum
801 809 970 865 porro
1004 795 1289 857 saculum,
1323 809 1501 850 aevum
1528 795 1780 851 futurum
1817 803 1922 850 est.

577 886 852 943 Caeterum
881 895 1013 944 ante
1040 886 1233 942 mundi
1262 885 1716 958 productionem,
1748 901 1876 942 cum
1914 901 1985 942 ne
2009 885 2094 942 sol

507 974 731 1043 quidem
790 981 979 1041 esset,
1037 975 1133 1045 qui
1183 974 1325 1030 diem
1382 989 1413 1029 a
1477 981 1641 1032 nocte
1691 975 2092 1047 distingueret,

507 1063 781 1134 ejusmodi
809 1066 1076 1122 saeculum
1117 1081 1226 1122 non
1273 1073 1394 1122 erat
1419 1067 1570 1138 quod
1603 1066 1921 1122 mensurari
1967 1081 2095 1137 pos-

510 1164 595 1211 set
617 1155 694 1222 ";
738 1155 833 1212 sed
866 1156 956 1212 ille
984 1157 1157 1212 veluti
1188 1157 1509 1227 temporalis
1545 1164 1732 1213 motus
1766 1156 2015 1228 quidam,
2042 1164 2097 1212 et

511 1246 894 1313 intervallum,
924 1251 1070 1320 quod
1107 1263 1215 1304 una
1241 1264 1366 1304 cum
1398 1249 1624 1306 aeternis
1650 1249 1820 1306 rebus
1850 1248 2099 1320 exporri-

511 1348 756 1409 geretur.
783 1340 964 1410 Atque
999 1340 1103 1395 hac
1141 1338 1366 1410 quidem
1411 1341 1631 1398 ratione
1666 1356 1836 1397 unum
1883 1348 1969 1397 est
1997 1354 2100 1398 saa-

513 1428 722 1489 culum.
776 1427 1080 1484 secundum
1145 1443 1310 1498 quam
1352 1428 1498 1486 Deus
1551 1431 1717 1486 etiam
1771 1429 1990 1494 αἰώνιος
2030 1429 2096 1493 ⁸⁸,

513 1518 674 1588 quasi
696 1517 905 1575 diceret
930 1518 1230 1583 stecularis,
1268 1527 1653 1591 nuncupatur;
1684 1521 1797 1576 imo
1817 1527 1872 1577 et
1898 1519 2099 1576 saeculo

515 1609 821 1680 antiquior,
851 1617 1041 1682 utpote
1072 1610 1167 1680 qui
1203 1610 1381 1677 ipsum
1411 1612 1675 1667 saeculum
1709 1612 1829 1683 ipse
1875 1610 2092 1675 fecerit,

515 1699 663 1756 Deus
697 1702 866 1767 enim,
895 1717 1021 1756 cum
1059 1701 1214 1757 solus
1246 1702 1522 1772 principio
1553 1712 1761 1766 careat,
1789 1703 2093 1759 universo-

2195 721 2313 758 πων
2343 703 2661 769 ἀνάστασις.
2698 701 2927 770 Ὄγδοος
2962 699 3042 767 δὲ,
3073 698 3208 754 αἰὼν
3240 701 3270 754 6
3299 697 3533 772 μέλλων.

2268 881 2383 952 [Iph
2414 879 2472 935 δὲ
2515 879 2617 951 τῆς
2660 879 2756 935 τοῦ
2806 879 3016 951 κόσμου
3051 879 3400 944 συστάσεως,
3447 879 3540 934 ὅτε
3589 879 3715 934 οὐδὲ
3763 883 3791 936 6

2194 973 2348 1044 ἡλιος
2373 969 2444 1045 ἦν
2473 973 2700 1045 διαιρῶν
2728 973 2945 1045 ἡμέραν
2973 971 3082 1026 ἀπὸ
3124 972 3321 1036 νυκτδς
3342 1011 3358 1039 ,
3391 970 3492 1026 οὐκ
3525 967 3597 1031 ἦν
3637 970 3786 1026 αἰὼν

2201 1063 2487 1136 μετρητὸς,
2517 1063 2658 1118 ἀλλά
2679 1063 2742 1116 τὸ
2771 1079 2842 1115 συ
2852 1061 3396 1134 μπαρεκτεινόμενον
3418 1064 3534 1127 τοῖς
3562 1061 3780 1124 ἀϊδίοις,

2197 1149 2310 1209 οἷόν
2348 1173 2402 1209 τι
2449 1154 2701 1228 χρονικδν
2748 1153 2960 1225 κίνημα
3008 1153 3104 1207 καὶ
3139 1153 3419 1224 διάστημα
3443 1170 3456 1184 ·
3513 1154 3609 1208 καὶ
3638 1153 3784 1206 κατά

2203 1247 2300 1318 μὲν
2337 1245 2521 1312 τοῦτο,
2555 1243 2636 1311 εἷς
2666 1245 2800 1300 αἰών
2851 1246 3002 1299 ἐστι·
3035 1243 3174 1299 καθὸ
3202 1245 3300 1299 καὶ
3339 1244 3560 1314 λέγεται
3597 1247 3626 1298 6
3650 1243 3786 1307 Θεὸς

2200 1338 2440 1404 αἰώνιος,
2475 1337 2614 1393 ἀλλὰ
2655 1337 2751 1392 καί
2795 1335 3124 1408 προαιώνιος
3147 1352 3163 1368 ·
3197 1339 3294 1392 καὶ
3325 1336 3492 1392 αὐτὸν
3537 1335 3653 1406 γὰρ
3695 1335 3791 1386 τὸν

2201 1433 2375 1487 αἰῶνα
2401 1430 2628 1502 ἐποίησε
2648 1447 2663 1462 ·
2699 1429 2861 1501 μόνος
2888 1427 2996 1500 γάρ
3028 1427 3265 1499 ἄναρχος
3295 1426 3372 1482 ῶν
3406 1429 3435 1483 6
3457 1427 3615 1492 Θεὸς,
3649 1424 3792 1479 πάν-

2198 1539 2308 1577 των
2337 1521 2502 1586 αὐτός
2530 1522 2649 1576 ἐστι
2673 1519 2924 1591 ποιητὴς,
2950 1518 3060 1574 τῶν
3086 1536 3145 1572 τε
3171 1517 3411 1582 αἰώνων,
3443 1519 3536 1572 καὶ
3566 1516 3793 1570 πάντων

2201 1613 2308 1668 τῶν
2335 1613 2529 1668 ὅντων.
2578 1612 2712 1667 Θεὸν
2749 1611 2808 1666 δὲ
2851 1609 3062 1675 εἰπὼν,
3107 1610 3266 1682 δῆλον
3317 1610 3402 1665 ὅτι
3451 1610 3539 1664 τὸν
3570 1607 3796 1679 Πατέρα

2201 1703 2383 1772 λέγω,
2429 1703 2524 1756 καὶ
2573 1702 2664 1756 τὸν
2699 1701 2965 1773 μονογενῆ
3015 1701 3183 1754 αὐτοῦ
3219 1701 3384 1764 Υἰὺν,
3434 1698 3526 1752 τδν
3577 1697 3794 1768 Κύριον

517 1805 635 1846 rum
666 1793 784 1863 ipse
815 1802 921 1859 est,
950 1803 1065 1848 tum
1094 1794 1449 1861 szcculorum,
1482 1803 1596 1850 tum
1629 1811 1816 1851 rerum
1845 1795 2092 1850 omnium

2215 1795 2360 1866 ἡμῶν
2413 1793 2624 1865 Ἰησοῦν
2674 1793 2910 1866 Χριστὸν
2940 1834 2956 1858 ,
3003 1794 3100 1848 καὶ
3142 1792 3206 1846 τὺ
3245 1790 3473 1862 Πνεῦμα
3529 1789 3699 1843 αὑτοῦ
3729 1789 3796 1842 τδ

516 1899 739 1952 parens.
777 1883 947 1939 Deum
993 1901 1156 1955 porro
1186 1885 1379 1942 dicens
1401 1924 1416 1950 ,
1455 1887 1650 1958 procul
1682 1886 1851 1942 dubio
1883 1895 1938 1942 et
1981 1885 2088 1941 Pa-

2199 1886 2464 1956 πανάγιον
2491 1886 2584 1940 τὸν
2613 1885 2713 1940 ἕνα
2733 1885 2869 1940 Θεδν
2904 1886 2936 1956 ἡ
2946 1885 3084 1956 μῶν.

514 1980 654 2030 trem
684 1973 1172 2047 dicu,Filiumque
1219 1977 1341 2048 ejus
1393 1978 1745 2050 unigenitum
1799 1978 2092 2035 Dominum
2151 1987 2414 2039 nostrum
2473 1977 2662 2037 Iesum
2721 1979 3028 2044 Christum,
3099 1987 3154 2034 et
3195 1976 3608 2034 sanctissimum
3671 1972 3800 2043 ejus

517 2065 809 2136 Spiritum,
845 2082 1015 2122 unum
1045 2067 1214 2124 Deum
1243 2078 1517 2126 nostrum.

588 2154 800 2210 Str-cuia
834 2157 1168 2213 sa’culorum.
1203 2158 1444 2229 Origenis
1463 2159 1787 2214 instauratio
1816 2158 2097 2214 damnata.

526 2278 586 2287 -
611 2247 770 2314 Quod
819 2257 1000 2304 autem
1048 2249 1377 2305 saeculorum
1416 2251 1936 2318 saecula'dicuntur,
1972 2251 2100 2307 ideo

520 2339 582 2393 [lt
617 2341 760 2410 quod
815 2350 1022 2413 septem
1075 2343 1241 2413 hujus
1272 2345 1462 2399 mundi
1515 2344 1737 2412 saecula,
1781 2345 1952 2400 multa
1997 2357 2101 2401 sae-

517 2433 663 2496 cula,
711 2448 810 2488 seu
861 2433 1002 2489 vitas
1050 2433 1358 2502 hominum,
1413 2436 1889 2507 complectuntur.
1920 2435 2102 2505 Atque

518 2540 688 2580 uluim
735 2524 869 2580 illud
904 2527 1166 2580 saeculum
1201 2528 1404 2583 saecula
1438 2527 1626 2582 omnia
1672 2528 1969 2600 complexu
2001 2539 2104 2582 suo

518 2625 706 2672 tenet:
749 2617 1125 2688 sacculumque
1172 2617 1358 2674 saeculi
1393 2616 1598 2674 dicitur
1626 2632 1874 2690 praesens
1904 2616 2008 2672 hoc
2046 2622 2104 2672 et

519 2706 788 2763 futurum.
819 2706 997 2762 Porro
1028 2707 1271 2772 αἰώνιος,
1313 2723 1410 2764 seu
1453 2708 1764 2768 saecularis.
1809 2721 1874 2762 ac
1907 2720 2104 2777 perpe-

517 2805 614 2854 tua
647 2800 755 2854 vita
782 2807 836 2855 et
873 2815 1057 2870 poena,
1097 2800 1267 2854 futuri
1299 2800 1486 2855 saeculi
1533 2801 1687 2855 nullo
1732 2799 1840 2855 nne
1866 2799 2101 2854 limitata

2280 2151 2549 2222 Λέγονται
2591 2150 2649 2204 δὲ
2685 2149 2784 2205 καὶ
2834 2147 3032 2214 αἰῶνες
3064 2146 3278 2202 αἰώνων
3301 2186 3318 2215 ,
3361 2147 3554 2202 καθότι
3601 2149 3700 2204 καὶ
3748 2151 3800 2204 si

2208 2243 2304 2300 τοῦ
2349 2243 2621 2314 παρόντος
2647 2241 2853 2313 κόσμου
2879 2239 3022 2295 ἑπτὰ
3048 2241 3265 2307 αἰῶνες,
3307 2241 3539 2305 πολλοὺς
3564 2242 3800 2310 αἰῶνας,

2208 2338 2378 2410 ἡγουν
2409 2335 2556 2401 ζωὰς
2588 2334 2893 2406 ἀνθρώπων
2917 2333 3256 2406 περιέχουσι,
3285 2333 3379 2387 καὶ
3408 2335 3436 2387 6
3467 2333 3602 2389 αἰὼν
3629 2336 3658 2388 6
3691 2329 3799 2399 εἷς,

2209 2428 2428 2484 πάντων
2484 2426 2593 2483 τῶν
2641 2423 2856 2480 αἰώνων
2916 2425 3035 2478 ἐστὶ
3101 2424 3470 2496 περιεκτικδς,
3517 2426 3613 2478 καὶ
3659 2425 3801 2479 αἰὼν

2209 2519 2407 2582 αἰῶνος
2436 2517 2698 2587 λέγεται,
2736 2516 2764 2570 6
2792 2514 2924 2580 νῦν,
2975 2514 3073 2570 καὶ
3111 2515 3140 2568 6
3172 2513 3382 2585 μέλλων
3406 2529 3422 2546 ·
3472 2512 3696 2578 αἰώνιος
3742 2514 3802 2568 δὲ

2211 2610 2348 2683 ζωὴ,
2383 2611 2478 2666 καὶ
2523 2609 2742 2670 αἰώνιος
2769 2607 3012 2674 κόλασις,
3053 2606 3114 2661 τὸ
3145 2605 3504 2674 ἀτελεύτητον
3540 2604 3637 2658 τοῦ
3663 2605 3801 2676 μέλ-

2208 2703 2396 2767 λοντος
2421 2701 2618 2766 αἰῶνος
2643 2700 2795 2772 δηλοῖ
2823 2699 2869 2754 τ.
2901 2699 3038 2755 Οὐδὲ
3065 2699 3172 2770 γὰρ
3201 2697 3342 2769 μετά
3364 2696 3463 2769 τὴν
3495 2695 3802 2752 ἀνάστασιν

2207 2794 2448 2866 ἡμέραις
2479 2794 2574 2848 καὶ
2604 2792 2757 2861 νυξὶν
2785 2795 2816 2848 6
2842 2793 3036 2865 χρόνος
3065 2792 3455 2864 ἀριθμήσεται.
3493 2791 3694 2844 Ἔσται
3744 2791 3800 2845 δὲ

519 2889 694 2959 spatia
725 2889 1034 2944 declarant.
1071 2888 1260 2960 Neque
1291 2890 1439 2946 enim
1476 2899 1601 2962 post
1634 2891 2098 2946 resurrectionem

2215 2885 2414 2957 μᾶλλον
2443 2887 2543 2958 μία
2572 2886 2760 2958 ἡμέρα
2788 2885 3092 2957 ἀνέσπερος
3113 2898 3128 2915 ο
3155 2883 3249 2938 τοῦ
3281 2883 3434 2954 ἡλίου
3457 2882 3558 2954 τῆς
3586 2883 3800 2938 δικαιο-

520 2996 654 3037 suus
684 2983 916 3050 tempori
943 2982 1155 3037 dierum
1191 2983 1546 3054 noctiumque
1585 2999 1850 3042 numerus
1881 2992 2098 3039 consta-

2215 2977 2379 3050 σύνης
2418 2981 2529 3042 τοῖς
2554 2978 2787 3043 δικαίοις
2819 2977 3074 3049 φαιδρῶς
3101 2976 3508 3048 έπιλάμποντος
3534 2991 3550 3006 ·
3585 2979 3704 3040 τοῖς
3745 2976 3803 3029 δὲ

520 3071 602 3125 bit
632 3088 644 3125 :
680 3071 778 3126 sed
826 3087 972 3128 unus
1025 3073 1208 3142 potius
1268 3088 1514 3144 vesperae
1561 3089 1758 3144 expers
1822 3074 1938 3130 dies
1999 3073 2098 3130 eril

2215 3071 2560 3142 ἁμαρτωλοῖς
2587 3070 2690 3137 νὺξ
2724 3069 2920 3139 βαθεῖα
2965 3070 3292 3141 ἀπέραντος.
3330 3069 3456 3134 Πῶς
3481 3068 3670 3122 τοίνυν
3687 3069 3801 3139 (45)

522 3161 678 3230 (Sole
703 3177 898 3233 nempe
915 3163 1150 3232 justitiae
1179 3165 1370 3235 probis
1399 3165 1720 3221 hominibus
1745 3165 2028 3236 splendide
2051 3172 2098 3222 el

2215 3164 2240 3216 6
2269 3163 2379 3217 τῶν
2407 3161 2592 3233 χιλίων
2617 3162 2755 3215 ἑτῶν
2791 3161 3263 3234 Ὠριγενιαστικῆς
3292 3161 3801 3223 ἀποκαταστάσεως

520 3249 773 3307 hilariter
832 3252 1231 3326 illucescente);
1268 3257 1657 3325 peccatorihus
1715 3265 1934 3324 contra,
1994 3272 2098 3312 nox

2215 3253 2656 3326 ἀριθμηθήσεται
2682 3254 2874 3324 χρόνος
2903 3271 2917 3320 ;
2951 3254 3177 3308 Πάντων
3205 3248 3300 3307 οὖν
3331 3252 3442 3307 τῶν
3475 3251 3694 3307 αἰώνων
3721 3248 3800 3317 εἷς

522 3341 692 3397 densa
716 3352 768 3398 et
792 3345 1159 3416 sempiterna.
1185 3345 1436 3412 Quonam
1471 3356 1636 3418 pacto
1669 3348 1836 3420 igitur
1861 3349 2098 3405 cohaere-

2215 3347 2448 3418 ποιητής
2483 3347 2633 3401 ἐστιν
2657 3347 2686 3398 6
2715 3345 2871 3412 θεὸς,
2898 3346 2928 3398 6
2957 3345 3052 3400 καὶ
3089 3344 3161 3398 τὰ
3197 3344 3492 3416 σύμπαντα
3530 3344 3799 3415 δημιουρ-

523 3433 605 3488 bit
630 3433 762 3488 illud
795 3436 943 3492 mille
973 3451 1243 3492 annorum
1260 3439 1626 3502 curriculum,
1658 3455 1770 3512 quo
1794 3448 2013 3508 exacto,
2045 3446 2098 3496 ut

2215 3439 2416 3510 γήσας,
2451 3440 2480 3492 6
2506 3436 2772 3508 ὑπάρχων
2812 3436 2918 3508 πρὸ
2945 3435 3056 3490 τῶν
3086 3435 3318 3491 αἰώνων.

524 3527 788 3600 Origenes
822 3533 1060 3598 censuit,
1088 3533 1144 3588 in
1183 3535 1454 3605 integrum
1485 3535 1668 3589 omnia
1696 3535 2102 3592 restituentur?
2131 3533 2371 3589 Proinde
2421 3532 2752 3590 saeculorum
2803 3531 3053 3588 omnium
3090 3546 3238 3587 unus
3308 3543 3515 3602 parens
3548 3537 3606 3584 et
3669 3526 3798 3584 εσσ-

523 3630 648 3677 clor
685 3630 770 3679 est
798 3622 962 3690 Deus,
1000 3625 1094 3696 qui
1138 3627 1309 3694 etiam,
1330 3634 1532 3683 cuncta
1559 3626 1861 3685 fabricatus
1887 3635 1993 3691 est,
2027 3641 2092 3683 ac
2131 3625 2349 3684 seculis
2374 3623 2653 3696 antiquior
2680 3624 2917 3682 exsistit.

1189 3713 1343 3768 CAP.
1378 3715 1443 3770 ΙΙ.

1011 3803 1089 3858 De
1120 3822 1295 3860 rerum
1319 3807 1606 3861 creatione.

597 3892 696 3949 Dei
720 3894 927 3949 bonitas
957 3896 1097 3950 ratio
1121 3899 1427 3952 creatiouis.
1460 3899 1677 3955 Creatio
1703 3897 1801 3953 Dei
1833 3901 2102 3971 cogitatio.

526 4013 595 4026 --
622 3983 890 4049 Quoniam
927 3983 1092 4054 igitur
1123 3985 1319 4051 bonus,
1372 3987 1632 4057 omnique
1671 3987 1917 4042 bonitate
1956 4003 2103 4058 prae-

527 4076 760 4130 stantior
793 4074 958 4139 Deus,
1005 4090 1113 4130 non
1162 4077 1298 4131 satis
1347 4077 1543 4133 habuit
1587 4093 1687 4134 sua
1745 4077 1920 4148 ipsius
1973 4094 2110 4135 con-

527 4165 884 4236 templatione
915 4165 1050 4232 frui;
1081 4167 1174 4222 sed
1212 4181 1313 4237 pro
1351 4169 1518 4222 nimia
1555 4168 1800 4224 bonitate
1829 4183 1928 4225 sua
1961 4184 2106 4241 qua:-

2742 3715 2996 3772 ΚΕΦΑΔ.
3033 3713 3090 3768 B’
3121 3713 3268 3786 [15'].

2709 3807 2853 3877 Περί
2891 3807 3300 3877 δημιουργίας.

2295 3899 2450 3952 Ἐπεὶ
2475 3893 2568 3954 οὖν
2593 3901 2622 3953 6
2647 3897 2854 3967 ἀγαθὸς
2887 3899 2981 3951 καὶ
3023 3897 3370 3970 ὐπεράγαθος
3396 3898 3532 3963 Θεὸς
3555 3901 3666 3955 οὐκ
3703 3903 3798 3972 ἡρ-

2212 3989 2383 4062 κέσθη
2415 3993 2480 4061 τῇ
2511 3989 2710 4045 ἑαυτοῦ
2747 3989 2975 4062 Θεωρία,
3004 3989 3120 4045 ἀλλ’
3156 3988 3428 4062 ὑπερϐολῇ
3457 3990 3796 4064 ἀγαθότὴτος

2213 4081 2474 4152 εὐδόκησε
2520 4081 2778 4152 γενέσθαι
2841 4079 3654 4153 τινάτάεὐεργετηθησόμενα,
3707 4085 3794 4137 καὶ

2219 4172 2512 4243 μεθέξοντα
2553 4173 2657 4245 τῆς
2686 4171 2852 4227 αὐτοῦ
2905 4171 3243 4244 ἀγαθότητος
3264 4214 3280 4241 ,
3313 4175 3377 4227 ἐκ
3407 4173 3504 4228 τοῦ
3539 4175 3622 4248 μὴ
3649 4175 3794 4237 δντος

593 4343 643 4376 ⁸³
679 4342 840 4413 Greg.
870 4337 1004 4397 Naz.
1035 4349 1184 4425 orat.
1212 4340 1302 4395 44.
1378 4339 1423 4372 ⁸⁸
1454 4339 1670 4407 αἰώνιος
1697 4343 1860 4402 nobis
1915 4354 2142 4402 aeternus
2182 4362 2200 4400 :
2226 4345 2376 4402 aliud
2405 4345 2758 4419 signiﬁcante
2789 4361 2925 4404 voce
2962 4347 3271 4402 saecularis.

1842 4502 2076 4562 VARle
2107 4505 2401 4563 LECTION
2407 4509 2506 4566 ES.

601 4595 622 4637 ί
655 4594 978 4669 Νοεῑθιίκαὶ
1009 4597 1317 4672 ἀπέραντον
1354 4599 1524 4672 δηλοῖ.
1560 4601 1618 4654 In
1644 4603 1814 4672 llegg.
1849 4600 1916 4655 12
1945 4601 2103 4658 abest
2132 4616 2235 4657 vox
2265 4603 2488 4670 αἰῶνος.

2042 4738 2273 4797 NOTAE.

603 4823 714 4905 (45)
743 4824 879 4905 Πῶς
904 4825 1144 4905 τοίνυν..
1169 4827 1414 4905 Quartam
1441 4828 1626 4905 igitur
1667 4841 1822 4905 pacto
1876 4831 2104 4887 coluere»
2134 4835 2178 4890 ι)
2213 4834 2423 4905 angelis
2447 4833 2585 4889 alios
2611 4835 2892 4905 peccando
2919 4836 2973 4890 in
3001 4835 3282 4892 daemones
3307 4835 3638 4902 mutandos,
3664 4840 3789 4895 alios

535 4892 630 4978 bit,
651 4892 756 4977 etc.
773 4892 1038 4978 Origenes
1055 4892 1273 4978 quidem
1301 4901 1417 4969 ipse
1441 4892 1888 4978 ifslauratioucm
1921 4918 2103 4956 rerum
2211 4892 2624 4978 advanimanda'
2649 4920 2903 4978 corpora
2936 4907 3173 4978 humana
3211 4892 3648 4978 detrudendos—':
3669 4892 3787 4964 "nia;

532 4977 587 5042 et
617 4966 908 5042 universi“,
933 4966 1098 5036 quam
1147 4966 1341 5024 Celsus
1391 4984 1420 5021 a
1458 4967 1762 5042 Platonieis
1794 4981 2102 5042 acceperat,

535 5035 641 5091 hoc
680 5035 1335 5112 convellit’argumeuto,
1372 5045 1464 5103 ut,
1526 5039 1572 5094 si
1613 5039 1757 5095 idem
1789 5041 1857 5112 ab
1891 5035 2106 5112 integro

533 5106 861 5182 saeculorum
885 5120 1178 5176 rerumque
1201 5108 1336 5182 ordo
1361 5117 1704 5182 renascatur,
1733 5110 1886 5182 nulla
1915 5106 2106 5182 sup'er-

531 5185 679 5232 essct
720 5175 976 5238 libertas,
1011 5185 1067 5231 et
1092 5175 1190 5232 res
1235 5178 1490 5234 humanae
1520 5179 1862 5235 ineluctabili
1913 5175 2106 5238 neces-

2209 4982 2394 5028 tamen
2437 4974 2683 5041 eosdem,
2707 4974 2833 5046 aut
2859 4975 3068 5046 similes
3105 4991 3296 5032 eorum
3331 4976 3428 5046 qui
3469 4989 3605 5033 ante
3634 4980 3789 5034 exsti-

2208 5047 2397 5120 terint,
2427 5054 2659 5120 eventus
2700 5044 2938 5102 futuros.
2960 5044 3136 5120 illinc
3167 5044 3416 5120 errorem
3449 5051 3790 5120 proscripse-

2208 5111 2568 5186 ratJustiuus
2592 5113 2817 5186 Martyr.
2851 5116 3069 5186 apolog.
3103 5117 3155 5180 ί,
3189 5117 3280 5172 ubi
3312 5111 3494 5179 docet.
3519 5135 3631 5172 non
3655 5111 3788 5173 mitte

2207 5200 2375 5256 annos
2413 5183 2703 5256 duntaxat,
2734 5183 2794 5238 iu
2831 5183 2997 5241 adluit
3023 5183 3225 5250 'Ptata,
3266 5187 3457 5256 impios
3473 5191 3786 5245 excrucian-

531 5245 1239 5330 gitate_obstringerentur.
1291 5247 1528 5330 O_muino
1578 5249 1853 5330 siquidem
1894 5250 2012 5308 fore
2048 5257 2107 5330 ut
2195 5252 2440 5330 dosLsed
2482 5245 3251 5330 inperpetuasteteruitates:
3274 5245 3564 5330 Platonem
3601 5259 3788 5330 legesis

535 5316 792 5392 Socrates
825 5315 1011 5372 denuo
1038 5318 1489 5392 _pliilosophetur
1513 5358 1535 5392 ,ί
1562 5315 1979 5392 ‘de'l‘eraturque
2039 5321 2107 5375 ad
2202 5324 2259 5379 in
2289 5323 2509 5381 Timaeo.
2550 5315 2702 5380 Licet
2745 5326 3004 5390 Basilius,
3041 5327 3187 5381 hom.
3221 5328 3254 5383 5
3293 5328 3347 5382 iu
3396 5315 3539 5384 ilex.
3578 5315 3786 5386 insutau-

529 5387 874 5460 Areopagun}
895 5427 911 5450 .
946 5397 1008 5442 ut
1034 5386 1303 5460 Phalaris
1321 5388 1666 5460 tyrannidem
1709 5386 1910 5446 iterum
1942 5405 2101 5447 exer-

532 5465 675 5520 ceat,
719 5456 776 5510 ut
821 5456 998 5513 Moses
1033 5457 1312 5515 Israelitas
1347 5456 1549 5517 rursus
1589 5460 1882 5517 transferat
1912 5462 1967 5517 in
1999 5460 2100 5515 Pa-

531 5525 818 5601 laestinam,
848 5538 955 5601 etc.
989 5527 1115 5584 Haec
1144 5529 1493 5601 persequitur
1529 5530 1624 5586 lib.
1660 5547 1712 5585 Iv
1763 5532 1918 5586 Cant.
1955 5531 2096 5598 Cels.

530 5595 821 5676 Origenes,
847 5597 1006 5676 (Euius
1037 5595 1418 5676 commentum
1439 5599 1709 5676 ejusmodi
1739 5601 1807 5676 ad
1837 5595 2096 5676 ampssim

533 5664 663 5740 non;
687 5665 808 5718 fuit.
855 5664 1075 5740 Putavit
1101 5670 1364 5740 mundum
1405 5664 1551 5724 hunc
1577 5671 1657 5726 sic
1687 5664 1966 5740 expiatum
2009 5671 2098 5734 iri,

533 5739 590 5785 ut
631 5736 910 5791 daemones
952 5743 1005 5789 ct
1056 5737 1209 5808 impii
1267 5740 1322 5794 in
1375 5741 1605 5810 gratiam
1658 5736 1902 5810 redeant,
1933 5751 1990 5798 et
2033 5757 2097 5798 ex

2211 5393 2484 5467 rationem
2542 5395 2684 5450 hanc
2725 5395 2986 5467 AOrigenis
3025 5397 3329 5467 exploserit
3355 5417 3388 5452 -:
3432 5413 3558 5452 eam
3616 5409 3786 5454 tamen

2209 5461 2494 5537 Nysseuus
2532 5467 2654 5537 ejus
2713 5461 2888 5522 fratér
2940 5461 3250 5523 asseruisse
3302 5468 3456 5523 visus
3499 5476 3588 5523 est
3639 5470 3784 5525 Orat.

2206 5533 2578 5606 catechetica;
2620 5550 2742 5606 cap.
2779 5537 2849 5590 26
2873 5577 2889 5601 ,
2941 5546 2998 5592 et
3039 5538 3264 5591 homilia
3292 5537 3369 5591 De
3408 5539 3596 5594 anima
3626 5551 3677 5594 et
3711 5557 3786 5593 rc-

2207 5617 2352 5659 surr.
2397 5604 2628 5674 ejusque
2682 5604 2847 5661 verba
2899 5623 3010 5661 nou
3055 5608 3189 5664 satis
3222 5607 3444 5663 condita
3476 5610 3544 5664 ad
3601 5627 3784 5664 sanum
3886 5631 3887 5638 η

2209 5688 2433 5800 sensa?
2488 5690 2750 5733 revocare
2810 5685 3090 5734 tentarunt
3142 5676 3415 5734 Maximus
3461 5689 3514 5735 et
3563 5679 3786 5739 Germa-

2209 5759 2315 5800 nus
2433 5784 2449 5800 .

2209 5759 2315 5801 nus
2345 5759 2449 5800 ω’.
