3962 6300
509 316 614 382 867

1713 321 1777 381 s.
1811 320 2132 382 JOANNIS
2161 305 2618 386 DAMASCE’NI'

3686 327 3797 389 868

511 427 672 496 cujus
714 425 948 488 formam
988 425 1316 482 substantiae
1345 438 1408 479 ac
1439 423 1816 481 definitionem
1855 425 2088 482 Creator

2207 441 2410 484 natat.
2453 429 2771 500 Ἀσώματος
2797 429 2851 483 δὲ
2876 429 3115 499 λέγεται,
3145 431 3239 484 καὶ
3272 431 3458 496 ἇῦλος,
3494 430 3620 486 ὅσον
3649 433 3797 505 πρὸς

510 517 664 571 solus
696 514 872 569 novit.
926 512 1086 580 Quod
1126 523 1313 570 autem
1363 529 1598 585 corpore
1632 529 1696 570 ac
1729 516 1964 572 materia
1993 529 2090 570 va-

509 621 640 661 care
667 604 890 670 dicitur,
933 605 1042 660 hoc
1085 606 1260 661 nostri
1289 606 1502 660 ratione
1530 606 1953 677 intelligendum
1985 613 2090 662 est-

508 698 725 768 Alioqui
776 698 924 752 enim
977 697 1245 768 quidquid
1298 713 1424 753 cum
1479 697 1594 753 Deo
1630 697 1942 763 confertur,
1999 699 2093 768 qui

509 790 664 846 solus
691 790 826 845 nulli
859 793 1169 861 comparari
1211 797 1417 860 potest,
1449 804 1698 846 crassum
1731 799 1785 846 et
1811 791 2095 847 materiale

513 881 815 938 invenitur.
859 881 988 938 Sola
1017 883 1221 954 quippe
1251 884 1438 939 divina
1462 869 1668 939 natura
1697 898 1828 941 vere
1859 884 2091 941 materia

509 979 565 1027 et
601 987 835 1043 corpore
863 982 1041 1028 vacat.

579 1063 809 1134 Angelus
838 1065 1079 1118 libertate
1114 1064 1328 1118 arbitrii
1373 1062 1652 1132 praeditus.
1685 1093 1757 1106 —
1787 1062 1884 1120 Est
1925 1065 2093 1136 igitur

508 1154 738 1223 angelus
764 1161 963 1208 natura
1002 1154 1320 1216 rationalis,
1354 1153 1695 1224 intelligens,
1735 1153 1931 1218 libera,
1965 1170 2091 1210 ver-

506 1243 685 1298 tibilis
719 1244 1024 1299 secundum
1052 1246 1410 1313 sententiam,
1443 1245 1562 1301 sive
1594 1247 1882 1304 voluntate
1913 1254 2091 1302 muta-

505 1333 654 1390 bilis.
685 1334 963 1405 Quidquid
991 1336 1138 1390 enim
1174 1345 1416 1392 creatum
1449 1346 1556 1403 est,
1589 1339 1884 1394 mutationi
1911 1339 2090 1395 subsit

505 1437 736 1478 necesse
791 1433 878 1478 est
932 1442 946 1479 :
1013 1419 1192 1481 solum
1268 1432 1454 1481 autem
1535 1433 1692 1482 extra
1768 1429 2092 1486 mutationis

504 1515 679 1570 aleam
714 1516 848 1571 illud
897 1525 1004 1580 est,
1061 1517 1208 1588 quod
1253 1517 1564 1576 increatum
1613 1528 1720 1576 est.
1764 1518 2090 1593 Rursusque

504 1605 560 1660 id
611 1621 774 1663 omne
823 1607 971 1677 quod
1018 1611 1291 1665 rationale
1336 1620 1440 1676 est,
1498 1609 1712 1665 arbitrii
1748 1626 1970 1682 quoque
2021 1612 2089 1666 li-

503 1695 716 1752 bertate
763 1697 1052 1766 praeditum
1103 1707 1210 1754 est.
1263 1701 1510 1771 Angelus
1545 1684 1734 1769 itaque
1773 1707 1832 1753 ut
1880 1709 2086 1756 natura

2193 521 2386 590 ἡμᾶς⁶
2443 522 2552 576 πᾶν
2606 523 2714 594 γὰρ
2765 523 3198 594 συγκρινόμενον
3251 524 3391 595 πρὸς
3446 525 3617 591 Θεὸν,
3699 526 3796 580 τὸν

2198 611 2360 682 μόνον
2391 613 2752 687 ἀσύγκριτον,
2781 615 2928 686 παχύ
2967 633 3027 669 τε
3060 617 3155 670 καὶ
3195 615 3382 671 ὑλικὸν
3425 618 3752 689 εὑρίσκεται
3776 642 3793 652 -

2198 701 2359 772 μόνον
2407 704 2516 776 γὰρ
2578 705 2747 770 ὅντως
2794 707 2958 762 ᾶῦλον
2995 707 3059 760 τὺ
3106 707 3249 763 θεῖόν
3305 709 3422 762 ἐστι
3487 710 3584 763 καὶ
3637 709 3794 764 diccb-

2197 808 2388 862 ματον.

2267 1058 2422 1110 Ἔστι
2447 1058 2628 1112 τοίνυν
2657 1057 2821 1128 φύσις
2849 1059 3068 1130 λογικὴ,
3099 1061 3263 1132 νοερά
3285 1078 3367 1129 τε,
3395 1061 3488 1116 καὶ
3517 1064 3787 1129 αὐτεξού-

2193 1165 2328 1216 σιος,
2357 1149 2569 1222 τρεπτὴ
2597 1151 2738 1204 κατὰ
2773 1152 3022 1223 γνώμην,
3055 1153 3176 1224 ἦτοι
3217 1153 3624 1225 ὲθελότρεπτος.
3669 1158 3792 1210 Πᾶν

2191 1240 2304 1312 γὰρ
2347 1241 2566 1295 κτιστὸν
2590 1284 2604 1307 ,
2657 1242 2752 1295 καὶ
2785 1245 3018 1314 τρεπτόν
3052 1261 3066 1275 ο
3103 1245 3266 1316 μόνον
3307 1247 3366 1300 δὲ
3393 1247 3456 1300 τὸ
3499 1249 3788 1315 ἄκτιστον,

2190 1333 2484 1404 ἄτρεπτον.
2517 1334 2628 1389 Καὶ
2681 1337 2790 1390 πᾶν
2841 1335 3093 1405 λογικὸν,
3141 1339 3512 1404 αὐτεξούσιον.
3555 1340 3645 1404 Ὠς
3687 1342 3790 1411 μὲν

2189 1421 2284 1481 οὖν
2327 1427 2522 1498 λογικὴ
2574 1427 2669 1480 καὶ
2717 1427 2878 1498 νοερὰ
2906 1469 2922 1494 ,
2974 1430 3324 1496 αὐτεξούσιός
3370 1433 3518 1486 ἐστιν
3549 1449 3563 1462 ·
3615 1433 3699 1496 ὡς
3731 1433 3790 1486 δὲ

2190 1520 2412 1591 κτιστὴ,
2442 1518 2683 1592 στρεπτὴ,
2712 1519 2912 1591 ἔχουσα
2954 1521 3208 1588 ἐξουσίαν
3230 1562 3246 1588 ,
3276 1522 3371 1576 καὶ
3415 1524 3597 1594 μένειν
3623 1567 3640 1590 ,
3689 1523 3789 1577 καὶ

2191 1612 2526 1682 προκόπτειν
2559 1611 2619 1663 ὲν
2667 1610 2745 1680 τῷ
2784 1610 3012 1683 ἀγαθῷ,
3063 1612 3161 1666 καὶ
3208 1613 3303 1666 ἐπὶ
3348 1613 3410 1670 τὸ
3436 1616 3622 1685 χεῖρον
3655 1614 3786 1684 τρέ-

2191 1702 2412 1758 πεσθαι.

502 1800 590 1846 est
644 1791 876 1846 rationis
927 1792 1224 1863 particeps,
1279 1801 1336 1849 et
1388 1794 1742 1864 intelligens,
1783 1793 1944 1850 liberi
1994 1805 2082 1852 est
2119 1799 2374 1860 arbitrii;
2422 1803 2483 1851 ut
2518 1804 2742 1862 creata,
2773 1797 3057 1854 mutabilis
3122 1805 3231 1866 est,
3271 1799 3361 1854 cui
3411 1800 3650 1856 liberum
3707 1804 3778 1858 sit

503 1877 586 1932 vel
618 1893 841 1933 manere
873 1878 926 1932 in
969 1879 1135 1937 bono.
1166 1887 1219 1934 et
1261 1881 1316 1933 in
1349 1895 1414 1935 eo
1434 1881 1721 1951 prolicere,
1748 1882 1833 1936 vel
1866 1884 1921 1937 in
1963 1887 2170 1942 malum
2201 1886 2428 1942 inﬂecti.
3725 1893 3728 1900 '

573 1968 804 2037 Angelus
837 1970 1066 2038 incapaa:
1085 1972 1431 2039 paenitentiae.
1463 2001 1534 2012 —
1562 1972 1911 2028 Pmnitentia‘:
1928 1989 2094 2045 porro
2125 1983 2170 2038 Β

503 2075 570 2116 ea
605 2061 820 2114 ratione
848 2060 1074 2116 minime
1112 2077 1286 2133 capax
1314 2071 1400 2118 est
1426 2063 1505 2130 ‘3;
1543 2063 1703 2136 156
1739 2065 1868 2134 quia
1899 2067 2090 2122 incor-

502 2163 708 2218 poreus
752 2154 858 2203 est.
894 2147 1032 2202 Nam
1065 2151 1210 2220 quod
1259 2151 1426 2207 homo
1463 2154 1846 2222 paenitentiam
1898 2169 2093 2213 conse-

503 2248 670 2295 cutus
720 2240 816 2306 sit,
869 2239 927 2295 id
975 2243 1229 2312 corporis
1278 2244 1650 2301 imbecillitati
1698 2245 1866 2302 fuerit
1907 2249 2088 2304 ascri-

501 2330 767 2385 bendum.

571 2421 673 2477 Dei
694 2440 906 2479 munere
927 2426 1248 2482 immortalis
1280 2436 1358 2482 est
1392 2428 1632 2499 angelus,
1659 2446 1766 2484 non
1793 2437 2086 2483 natura.—

501 2511 836 2572 lmmortaiis
860 2525 966 2584 est,
998 2533 1111 2572 non
1153 2519 1378 2588 quidem
1436 2528 1656 2586 natura,
1690 2521 1784 2576 sed
1819 2520 1913 2576 Dei
1965 2537 2090 2576 mu-

502 2621 634 2662 nere
660 2614 715 2663 et
747 2609 945 2679 gratia.
975 2610 1256 2682 Quidquid
1286 2612 1434 2667 enim
1467 2620 1652 2667 ortum
1680 2613 1896 2680 habuit,
1923 2613 2088 2668 linem

503 2713 725 2768 quoque
753 2711 948 2771 suapte
977 2712 1175 2757 natura
1201 2702 1525 2760 habiturum
1551 2716 1658 2760 εει.
1693 2705 1861 2760 Solus
1907 2705 2087 2776 siqui-

504 2788 628 2842 dem
661 2789 806 2845 Deus
834 2805 1052 2860 semper
1077 2800 1196 2858 est;
1225 2792 1338 2846 imo
1364 2799 1421 2847 et
1450 2794 1789 2861 sempiterno
1810 2795 2084 2864 superior.

499 2880 621 2934 Non
645 2881 792 2934 enim
829 2882 934 2936 sub
966 2890 1234 2952 tempore,
1269 2882 1366 2938 sed
1397 2899 1567 2954 supra
1607 2895 1822 2956 tempus
1861 2894 1967 2952 est,
1988 2886 2083 2956 qui

500 2968 630 3024 fecit
656 2979 922 3041 tempora.
960 2998 962 3000 τ

571 3056 817 3112 Secunda
845 3059 1071 3114 lumina.
1100 3090 1171 3104 —
1199 3059 1454 3118 Secunda
1486 3064 1694 3118 lumina
1733 3066 2070 3135 spiritualia,

500 3163 566 3203 ex
612 3149 877 3218 primaria
913 3150 1010 3205 illa
1046 3151 1168 3206 luce
1203 3154 1500 3224 omnisque
1534 3155 1791 3225 principii
1839 3168 2082 3227 experte,

501 3239 851 3311 splendorem
917 3240 1214 3311 habentia;
1269 3245 1472 3317 quibus
1524 3260 1628 3302 nec
1689 3248 1881 3320 lingua
1945 3262 2085 3318 opus

573 3376 620 3410 "
643 3376 862 3434 Nemes.
895 3393 946 3434 c.
978 3381 1030 3434 l.

2279 1978 2655 2042 Ἀνεπίδεκτος
2705 1980 3000 2050 μετανοίας
3022 1979 3134 2051 (47)
3158 2023 3172 2047 ,
3211 1981 3294 2035 ὅτι
3334 1984 3428 2038 καὶ
3462 1985 3776 2057 ἀσώματος.

2203 2069 2262 2121 '0
2294 2066 2720 2138 Tapﬁvepwmq
2756 2067 2845 2122 διὰ
2896 2069 2994 2140 τὴν
3045 2070 3138 2123 τοῦ
3176 2069 3428 2143 σώματος
3487 2074 3782 2130 ἀσθένειαν

2193 2157 2484 2229 μετανοίας
2512 2157 2728 2228 ἔτυχεν.

2271 2421 2585 2488 Ἀθάνατος,
2620 2421 2681 2475 οὐ
2713 2421 2874 2491 φύσει
2905 2421 3039 2492 (48),
3070 2423 3205 2478 ἀλλὰ
3230 2425 3413 2496 χάριτι
3439 2428 3484 2481 ε.
3522 2427 3641 2481 Πᾶν
3665 2430 3776 2499 γὰρ

2186 2513 2247 2566 τὺ
2281 2511 2626 2582 ἀρξάμενον,
2681 2511 2777 2563 καὶ
2810 2511 3042 2582 τελευτᾷ
3079 2513 3225 2566 κατὰ
3267 2515 3450 2582 φύσιν.
3491 2517 3675 2581 Μόνος
3720 2519 3777 2572 δὲ

2186 2605 2214 2658 ό
2240 2604 2371 2668 Θεὸς
2407 2602 2496 2656 ἀεὶ
2525 2600 2624 2669 ὢν,
2661 2601 2861 2672 μᾶλλον
2891 2601 2948 2655 δὲ
2977 2604 3074 2656 καὶ
3122 2604 3262 2674 ὑπὲρ
3289 2607 3350 2660 τὸ
3375 2607 3499 2660 ἀεί’
3531 2608 3632 2678 οὐχ
3672 2609 3780 2662 ὑπὸ

2187 2698 2381 2770 χρόνον
2414 2695 2522 2767 γὰρ
2542 2734 2557 2762 ,
2585 2694 2700 2748 ἀλλ’
2735 2694 2877 2766 ὑπὲρ
2910 2695 3103 2766 χρόνον
3128 2737 3144 2763 ,
3175 2699 3204 2750 ὀ
3235 2697 3344 2753 τῶν
3375 2701 3584 2771 χρόνων
3617 2720 3778 2775 ποιη-

2191 2789 2360 2862 τήςδ.

2256 3055 2415 3110 Φῶτα
2453 3049 2684 3120 δεύτερα
2714 3047 2901 3120 νοερὰ,
2933 3049 2999 3102 ὲκ
3030 3047 3124 3101 τοῦ
3157 3048 3378 3119 πρώτου
3401 3049 3498 3103 καὶ
3527 3049 3772 3121 ἀνάρχου

2189 3148 2408 3220 φωτὸς,
2464 3144 2557 3197 τὸν
2616 3140 2898 3210 φωτισμὸν
2955 3138 3187 3209 ἔχοντα’
3238 3141 3301 3193 οὐ
3359 3139 3614 3210 γλώσσης
3679 3141 3776 3193 καὶ

2192 3243 2362 3313 ἀκοῆς
2410 3239 2640 3309 δεόμενα.
2665 3277 2680 3302 ,
2730 3234 2846 3289 ἀλλ’
2893 3235 3022 3289 ἄνευ
3076 3232 3238 3302 λόγου
3291 3233 3632 3306 προφορικοῦ
3662 3233 3774 3307 (49)

1766 3463 2008 3520 νΑῐὶιτΕ
2049 3459 2466 3518 LECTIONES.

573 3559 600 3600 ε
637 3559 704 3614 R.
729 3557 874 3614 2950
900 3558 1043 3614 κατὰ
1071 3558 1256 3630 χάριν.
1333 3559 1360 3598 ιλ
1401 3557 1459 3612 1η
1491 3555 1686 3613 eodem
1732 3559 1762 3610 ὁ
1806 3557 1916 3611 τῶν
1965 3557 2173 3630 χρόνων
2217 3557 2473 3628 ποιητὴς,
2526 3555 2643 3609 ἀλλ’
2684 3557 2826 3629 ὑπὲρ
2851 3557 3063 3627 χρόνον.

2015 3671 2257 3728 NOTAE.

565 3766 684 3842 (47)
720 3770 1125 3836 Ἀνεπίδεκτος
1140 3771 1478 3842 μετανοίης.
1510 3769 1839 3825 Ρωηὶιεηιίιε
1862 3770 2078 3842 minime
2104 3773 2150 3834 c
2181 3769 2424 3842 interimi
2446 3784 2579 3833 esse,
2610 3768 2676 3823 ad
2701 3767 3009 3838 planiorem
3043 3783 3266 3824 sensum
3290 3781 3537 3836 revocat,
3574 3773 3768 3830 Τίνιιωὶ

502 3840 696 3909 capax,
727 3857 831 3909 qua
867 3843 1225 3909 incorporeus.
1255 3841 1402 3895 idem
1439 3849 1666 3896 sanctus
1696 3841 1937 3895 Thomas
1975 3840 2077 3894 do-

503 3919 592 3965 cet
621 3911 855 3980 aliisque
884 3927 1104 3966 rursum
1133 3911 1422 3965 momentis
1453 3911 1665 3980 probat.
1702 3911 1845 3965 Hinc
1870 3910 2078 3966 Noster

503 3981 643 4051 alibi
685 3982 922 4051 sparsim
976 3983 1089 4046 ait,
1148 3981 1252 4036 hoc
1283 3996 1406 4036 esse
1440 3989 1673 4035 mortem
1729 3980 2076 4046 hominibus,

501 4049 648 4120 quod
679 4049 888 4120 angelis
919 4062 1226 4120 peccatum,
1287 4051 1415 4120 quia
1459 4051 1604 4104 sicut
1655 4063 1774 4118 post
1841 4059 2074 4120 mortem

501 4119 688 4176 nullus
737 4119 1056 4176 hominibus
1095 4119 1349 4190 superest
1393 4121 1728 4190 pmnitentia:
1763 4120 1952 4186 locus,
1989 4119 2074 4174 sic

500 4205 682 4260 neque
715 4191 927 4261 angelis
967 4201 1090 4261 post
1126 4200 1437 4260 peccatum.

573 4258 684 4331 ('48)
738 4258 1067 4331 ’Aﬂdraioc,
1114 4258 1418 4331 οἱα-φύσει.
1458 4258 1794 4314 Immortalis
1825 4268 1927 4324 est,
1966 4275 2076 4331 non

499 4327 720 4384 natura.
774 4329 1031 4385 Solemne
1071 4341 1155 4385 est
1198 4327 1458 4384 Patribus
1523 4331 1605 4384 sic
1658 4344 1913 4385 asserere
1963 4327 2075 4384 Deo

500 4400 998 4462 immortalitatem,
1030 4409 1088 4454 ut
1112 4408 1310 4454 caetera
1340 4415 1408 4454 ex
1453 4410 1650 4453 natura
1699 4414 1828 4464 sua,
1859 4399 2077 4454 subsint

500 4470 777 4533 interitui,
801 4470 906 4523 nisi
933 4467 1028 4524 Dei
1055 4484 1286 4524 munere
1318 4469 1749 4524 immortalitatis
1773 4469 2076 4537 participes

497 4539 822 4594 cliiciantur.
847 4539 900 4592 Id
939 4548 996 4592 ut
1029 4548 1304 4606 astruant,
1341 4539 1444 4592 hoc
1477 4548 1707 4594 utuntur
1735 4538 1950 4608 adagio,
1985 4538 2076 4593 Eae

536 4625 614 4664 ua:
665 4610 875 4663 initium
931 4609 1190 4672 habuere,
1241 4611 1542 4663 necessario
1599 4612 1756 4677 ﬁnem
1795 4609 2070 4662 habitura.

527 4679 613 4732 loc
643 4681 844 4734 docent
871 4678 1129 4742 Irenaaus,
1163 4680 1260 4750 lib.
1299 4695 1382 4744 Ill,
1415 4694 1536 4749 cap.
1568 4679 1672 4746 655;
1701 4679 2070 4750 Epiphanius,

496 4749 694 4803 haeresi
737 4750 824 4815 76,
871 4765 924 4819 p.
967 4749 1109 4815 9.40;
1147 4748 1390 4815 Cyrillus
1433 4748 1496 4803 in
1544 4748 1836 4812 Thesauro,
1870 4759 2070 4804 assert.

494 4820 588 4884 20,
621 4820 825 4888 aliique
858 4823 1193 4888 complures,
1227 4835 1292 4873 ac
1338 4822 1654 4889 frequenter
1695 4819 2072 4874 Damascenus

495 4889 758 4954 inculcat,
806 4890 896 4944 ubi
941 4890 1009 4943 de
1044 4898 1240 4944 natura
1291 4892 1489 4958 angeli,
1525 4892 1725 4944 anima:
1760 4889 2070 4958 rationalis,

495 4967 549 5013 et
580 4961 845 5014 caelorum
878 4959 1139 5028 diSputat.
1177 4959 1232 5013 In
1268 4959 1495 5030 Dialogo
1521 4971 1707 5014 contra
1744 4957 2071 5014 Manio/uvas

495 5031 810 5099 exemplum
854 5030 1013 5084 alrert
1041 5032 1314 5100 corporis,
1351 5031 1500 5098 quod
1539 5046 1607 5084 ex
1654 5045 1713 5085 se
1741 5044 1850 5083 non
1885 5045 2073 5100 move-

2183 3839 2328 3910 apud
2360 3839 2664 3910 Platonem,
2716 3854 2782 3892 ex
2825 3853 2936 3907 quo
2967 3849 3248 3910 sumptum
3289 3850 3392 3902 est,
3429 3845 3598 3898 verba
3657 3848 3768 3902 lucc

2181 3908 2484 3972 all‘erendo,
2526 3909 2741 3978 quibus
2772 3923 3070 3978 supremus
3115 3908 3259 3978 Deus
3294 3910 3592 3969 inferiores
3627 3916 3764 3974 deos

2179 3970 2478 4052 alloquitur
2514 3970 2696 4052 ξίφεοὶ
2723 3970 2892 4052 θεῶν,
2937 3970 3012 4052 ὧν
3052 3977 3164 4046 ἐγὼ
3204 3980 3394 4052 Πατήρ
3439 3999 3498 4052 τε
3548 3987 3644 4036 καὶ
3678 3970 3767 4052 δη;

2182 4035 2463 4132 μιουργὲς,
2505 4047 2764 4132 ἀθάνατοι
2806 4035 3176 4132 {stimulati-av
3195 4051 3317 4132 .05).:
3343 4035 3498 4132 ξςτξ,
3529 4035 3764 4132 {rasisse}

2178 4115 2437 4195 ἐγένεσθε
2461 4133 2474 4146 ·
2508 4115 2651 4195 οὔτε.
2669 4117 2775 4188 μὴν
2793 4115 3128 4195 ’λυοῄσεσθὴ
3147 4119 3258 4195 fit};
3285 4121 3428 4195 inﬁt;
3450 4121 3614 4191 βουλή
3627 4115 3764 4195 sed;

2179 4186 2491 4262 κρείττονος
2525 4186 2756 4240 θανάτου
2793 4186 3049 4257 λαχόντες
3072 4202 3084 4215 ⁸
3135 4186 3227 4262 Dii
3260 4186 3499 4256 deorum,
3535 4186 3761 4261 quorum

2177 4259 2232 4314 et
2263 4259 2426 4332 Pater
2450 4273 2543 4325 ego
2597 4272 2738 4332 sum,
2760 4265 2808 4310 et
2821 4267 3163 4332 procreator,
3186 4260 3516 4332 immortales
3549 4259 3759 4332 quidem

2179 4330 2393 4384 omnino
2428 4342 2532 4380 non
2563 4327 2714 4390 estis,
2742 4329 2868 4395 quia
2899 4330 3184 4395 procreati.
3240 4329 3402 4384 Haud
3435 4327 3609 4387 tamen
3645 4339 3760 4395 dis-

2178 4398 2476 4460 solvemini,
2506 4401 2602 4449 hoc
2626 4412 2701 4470 etc
2727 4413 2844 4470 m_ea
2881 4398 3188 4470 voluntate,
3223 4417 3340 4469 qua:
3376 4411 3550 4456 morte
3573 4419 3761 4470 poten-

2175 4472 2283 4523 tior
2310 4477 2408 4533 est,
2436 4467 2721 4520 consecuti.
2749 4467 2958 4522 Exinde
2993 4465 3486 4525 Gazzeus'ostendit
3517 4465 3756 4535 animam

2179 4540 2505 4612 rationalem
2543 4537 2711 4604 (idem
2740 4537 2806 4591 de
2835 4539 3046 4608 angelis
3066 4539 3390 4612 dicendum)
3424 4553 3623 4612 suapte
3663 4566 3756 4603 na.

2177 4618 2314 4664 tutae
2346 4608 2675 4679 morituram
2709 4622 2838 4679 non
2872 4605 3018 4663 esse.
3055 4605 3157 4662 Ille
3182 4610 3342 4672 enim,
3375 4605 3465 4679 qui
3493 4605 3552 4665 ui
3587 4629 3756 4673 essent

2179 4680 2404 4749 largitus
2429 4685 2530 4740 est,
2567 4678 2992 4758 inquit-,‘attirnis
3035 4681 3232 4758 nostris
3265 4678 3525 4758 concessit
3554 4701 3757 4758 quoque

2175 4758 2234 4802 ut
2264 4745 2475 4815 semper
2505 4745 2698 4819 essent.
2730 4747 2997 4819 Illudque
3025 4745 3226 4802 donum
3265 4751 3380 4818 ipsa
3407 4752 3526 4819 jam
3561 4745 3758 4812 natura

2175 4829 2276 4874 est.
2310 4819 2525 4873 [labent
2556 4817 2730 4887 igitur
2759 4819 2942 4887 angeli
2990 4818 3044 4869 in
3091 4817 3312 4888 seipsis,
3369 4817 3426 4873 ut
3461 4830 3516 4876 et
3571 4829 3756 4882 anima

2175 4889 2494 4966 rationalis,
2533 4903 2645 4956 quo
2669 4889 3014 4942 immortales
3045 4889 3176 4951 sint,
3206 4892 3412 4966 quippe
3444 4906 3574 4966 cum
3603 4899 3754 4966 ejus-

2177 4959 2328 5013 modi
2379 4965 2635 5010 naturam
2678 4972 2708 5010 a
2753 4972 2940 5012 rerum
2992 4968 3225 5014 auctore
3276 4962 3458 5014 sortiti
3510 4959 3651 5021 sint:
3705 4967 3756 5022 ld

2176 5031 2320 5099 quod
2347 5029 2538 5098 paucis
2570 5027 2756 5099 verbis
2807 5029 3059 5099 enuntiat
3091 5027 3438 5098 Nicepliorus
3486 5033 3597 5088 (ΞΡ.
3636 5039 3756 5092 loco

496 5106 608 5162 tur,
640 5098 736 5154 sed
764 5107 1029 5154 extraneo
1060 5108 1114 5154 et
1140 5098 1334 5177 orbico
1370 5101 1675 5177 impellitur
1709 5109 1883 5177 motu.
1916 5099 2068 5154 istud
2103 5118 2146 5173 ι)
2176 5098 2418 5177 antehac
2445 5099 2616 5152 citato
2649 5098 2783 5177 :_Tﬁ
2812 5098 2974 5177 ερύσει
2999 5101 3066 5168 τῇ
3107 5099 3318 5177 ἑαυτῶν
3359 5101 3420 5155 τὸ
3447 5102 3757 5177 ἀνώλεθρον

495 5185 658 5240 porro
695 5185 896 5240 corpus
948 5171 1154 5240 moveri
1205 5170 1427 5224 tandem
1476 5171 1702 5234 desinit,
1735 5171 1840 5223 nisi
1889 5183 2069 5225 novus

493 5238 676 5294 inotus
703 5238 974 5295 addatur:
1000 5238 1079 5293 Eo
1105 5240 1321 5308 perinde
1347 5240 1498 5294 modo
1526 5241 1698 5310 angeli
1753 5240 1905 5294 uitali
1929 5249 2074 5293 motu

493 5311 763 5372 instructi,
795 5327 915 5363 cum
948 5310 1017 5363 ad
1061 5311 1358 5364 naturalem
1390 5312 1716 5365 exsistentice
1759 5325 1868 5364 suae
1895 5312 2075 5363 termi-

491 5395 620 5434 num
657 5383 978 5450 pertingant,
1009 5398 1220 5434 rursum
1243 5382 1445 5450 opiﬁcis
1469 5381 1647 5448 jussu,
1685 5381 1896 5434 vitalem
1919 5379 2074 5450 illum

493 5461 693 5522 motum
724 5446 993 5522 inch'oant,
1019 5446 1368 5519 sulnndeque
1399 5446 1562 5504 πάλιν
1602 5451 1862 5522 ἄρχονται
1901 5446 2066 5517 εἶναι,

493 5520 588 5572 καὶ
620 5521 1083 5590 ἁνακαινίζονται,
1119 5523 1311 5575 iterato
1350 5537 1462 5576 esse
1505 5520 1782 5590 incipiunt,
1827 5530 1878 5574 et
1912 5537 2068 5575 reno-

492 5597 701 5643 vantur.
754 5591 959 5646 Aineas
989 5589 1477 5656 Gazteus,‘veritus
1529 5589 1617 5647 ne
1651 5592 1756 5646 hac
1811 5590 2063 5646 doctrina

487 5660 894 5714 immortalitati
969 5661 1279 5714 animorum
1351 5663 1600 5715 nonnihil
1653 5663 2060 5726 detraheretur,

487 5727 627 5786 illud
653 5729 1011 5802 principium,
1044 5746 1194 5784 omne
1227 5732 1362 5799 quod
1390 5747 1502 5786 esse
1537 5733 1748 5804 incepit,
1779 5731 2062 5787 obnoxium

2175 5169 2272 5248 καὶ
2319 5167 2590 5248 ἀθάνατον
2614 5169 2706 5248 Δτῇ
2755 5166 2852 5219 τοῦ
2897 5166 3408 5248 δημιουργήσαντος
3462 5166 3756 5248 κέκτηνται

2174 5240 2390 5310 χάριτισ
2430 5236 2498 5290 Ut
2529 5236 2725 5291 natura
2748 5253 2847 5292 sua
2876 5236 3230 5292 necinteritui
3260 5256 3352 5293 nec
3383 5245 3548 5296 morti
3574 5236 3756 5301 subes-

2173 5309 2310 5373 sént,
2346 5310 2637 5361 conditoris
2674 5323 2864 5378 rerum,
2905 5310 3083 5378 gratia
3129 5309 3273 5362 nacti
3333 5323 3478 5364 sunt.
3522 5312 3758 5372 Naturas

2172 5382 2458 5435 voluntate
2485 5387 2540 5432 et
2565 5378 2796 5432 arbitrio
2849 5377 2942 5433 Dei
2979 5378 3237 5434 deﬁnitas
3279 5396 3426 5445 esse,
3461 5381 3758 5441 Damasce-

2173 5465 2282 5505 nus
2319 5450 2486 5522 intra,
2519 5461 2643 5519 cap.
2673 5447 2765 5512 12,
2793 5448 3062 5514 declarat,
3097 5465 3164 5504 ex
3211 5454 3491 5522 communi
3531 5453 3756 5510 Patrum

2171 5520 2468 5576 sententia.

2246 5588 2358 5659 (49)
2389 5588 2552 5643 Ἀλλ’
2575 5589 2723 5642 ἄνευ
2751 5592 2940 5660 λόγου
2972 5589 3356 5658 προφορικοῦ.
3377 5590 3484 5647 Sed
3503 5595 3619 5648 sine
3649 5596 3756 5650 ulla

2171 5660 2391 5735 prolati
2411 5661 2672 5735 sermonis
2705 5675 2818 5727 ope.
2839 5659 3202 5735 'Niccpltorus
3239 5662 3755 5735 Constantitwpoli-

2173 5739 2337 5789 tanus
2378 5730 2686 5787 locutiones
2712 5732 3033 5804 angelorum
3067 5731 3146 5786 sic
3192 5733 3451 5789 edisserit
3480 5730 3752 5804 capiunt
