3962 6300
199 344 306 406 869

1305 333 1402 392 DE
1429 330 1606 391 FIDE
1630 321 2095 387 ORTIIODOXA
2133 323 2279 382 LIB.
2314 325 2397 383 II.

3361 320 3465 383 870

200 451 553 524 μεταδιδόντα
591 447 845 519 ἀλλήλοις
892 444 962 499 τὰ
1001 445 1108 499 ἴδια
1139 443 1390 516 νοήματα
1435 444 1529 496 καὶ
1557 436 1775 511 βουλεύ-

1907 437 1975 498 .it,
2016 448 2121 489 nec
2170 432 2439 497 auribus;
2471 429 2567 486 sed
2608 430 2726 485 sine
2783 430 2891 485 ulla
2941 428 3141 499 prolati
3191 432 3466 488 sermonis

200 562 367 616 ματα.

271 720 372 775 Διά
407 720 579 787 Λόγου
613 718 797 771 τοίνυν
837 715 1172 786 ἐκτίσθησαν
1203 716 1404 779 πάντες
1454 714 1505 767 οἱ
1536 712 1781 782 ἄγγελοι,

200 814 294 864 καὶ
336 810 440 863 ὑπὸ
492 809 586 862 τοῦ
645 809 807 877 ἁγίου
861 808 1180 879 Πνεύματος
1216 808 1305 862 διὰ
1356 805 1451 860 τοῦ
1508 802 1784 875 ἀγιασμοῠ

199 900 597 971 ἐτελειώθησαν
631 941 645 966 ,
713 899 837 953 κατ’
899 900 1194 968 ἀναλογίαν
1256 900 1354 969 τῆς
1420 899 1620 963 ἀξίας,
1691 895 1786 949 καὶ

198 994 301 1062 τῆς
343 994 561 1057 τάξεως,
612 991 706 1045 τοῦ
758 991 1043 1062 φωτισμοῦ
1096 991 1190 1046 καὶ
1224 991 1325 1059 τῆς
1386 990 1610 1061 χάριτος
1659 1005 1786 1057 μετ-

201 1088 441 1155 ἔχοντες.

277 1175 652 1247 Περίγραπτοί
694 1178 834 1229 εἰσιν
856 1190 867 1203 ·
904 1176 994 1228 ὅτε
1026 1175 1135 1245 γάρ
1163 1177 1300 1227 εἰσιν
1339 1176 1397 1227 ἐν
1440 1173 1518 1243 τῷ
1544 1171 1784 1243 οὐρανῷ,

204 1270 304 1322 οὐκ
332 1269 470 1321 εἰσὶν
507 1269 566 1321 ἐν
610 1270 673 1337 τῇ
705 1271 775 1336 γῇ
797 1284 811 1298 ·
853 1267 950 1320 καὶ
981 1268 1062 1329 εἰς
1099 1267 1200 1336 τὴν
1244 1265 1346 1335 γὴν
1374 1266 1479 1318 ὑπὸ
1519 1264 1614 1317 τοῦ
1650 1262 1786 1316 Θεοῦ

205 1360 687 1429 ἀποστελλόμενοι,
719 1362 818 1412 οὐκ
863 1357 1295 1429 ὲναπομένουσιν
1330 1359 1389 1410 ὲν
1418 1356 1497 1427 τῷ
1530 1355 1746 1427 οὐρανῷ
1770 1373 1783 1387 ο

204 1452 265 1504 οὺ
308 1450 720 1523 περιορίζονται
765 1450 821 1501 δὲ
882 1448 986 1501 ὑπὸ
1032 1448 1260 1518 τειχῶν,
1298 1447 1393 1500 καὶ
1442 1447 1657 1517 θυρῶν,
1691 1446 1787 1500 καὶ

208 1543 498 1613 κλείθρων,
528 1544 622 1596 καὶ
646 1541 959 1609 σφραγίδων
979 1557 993 1571 ’
1023 1541 1266 1609 ἀόριστοι
1293 1540 1403 1610 γάρ
1426 1541 1586 1592 είσιν.
1620 1540 1789 1611 Ἀορί-

210 1652 370 1697 στους
399 1634 456 1686 δὲ
486 1633 630 1701 λέγω
651 1648 664 1663 ·
697 1634 756 1684 οὐ
782 1632 893 1703 γάρ
921 1632 1053 1685 καθό
1088 1634 1246 1696 εἰσιν,
1274 1632 1647 1700 ἐπιφαίνονται
1676 1635 1789 1697 τοῖς

208 1727 381 1792 ἀξίοις
410 1728 454 1788 ί,
486 1718 567 1787 οἷς
606 1726 633 1777 ὁ
666 1724 797 1787 Θεὸς
840 1723 1125 1793 φαίνεσθαι
1170 1724 1367 1787 αὐτοὺς
1399 1723 1637 1794 Θελήσει,
1670 1723 1786 1778 ἀλλ’

210 1822 268 1872 ἐν
316 1816 863 1889 μετασχηματισμῷ,
916 1816 1099 1879 καθὼς
1145 1816 1401 1871 δύνανται
1450 1820 1501 1869 οἱ
1531 1818 1787 1889 ὁρῶντες,

210 1913 368 1983 ὀρᾷν.
410 1911 684 1982 Ἀόριστον
733 1911 842 1981 γάρ
885 1911 1000 1962 ἐστι
1041 1909 1201 1979 φύσει
1250 1908 1344 1962 καὶ
1365 1909 1590 1980 κυρίως,
1631 1911 1791 1980 μόνον

208 2006 272 2057 τὸ
309 2003 587 2058 ἄκτιστον.
641 2004 754 2056 Πᾶν
799 2003 909 2076 γάρ
948 2004 1159 2075 κτίσμα
1205 2004 1310 2057 ὑπὸ
1363 2002 1459 2057 τοῦ
1506 2004 1792 2067 κτίσαντος

209 2096 350 2150 αὐτὸ
378 2096 513 2151 Θεοῦ
553 2095 815 2168 ὁρίζεται.

290 2358 531 2423 Ἔξωθεν
558 2359 655 2429 τῆς
703 2359 893 2425 οὐσίας
926 2360 1018 2414 τὸν
1061 2363 1337 2433 ἀγιασμὸν
1382 2365 1445 2417 ἐκ
1474 2364 1570 2418 τοῦ
1620 2365 1791 2418 Πνεύ-

214 2466 389 2519 ματος
445 2449 694 2520 ἔχοντες·
760 2452 848 2506 διὰ
922 2453 1022 2522 τῆς
1099 2453 1250 2518 Θείας
1302 2456 1526 2525 χάριτος
1579 2474 1793 2527 προφη-

212 2541 470 2604 τεύοντες
497 2559 512 2572 ’
545 2545 622 2613 μὴ
656 2544 837 2615 γάμου
884 2545 1200 2617 χρῄζοντες,
1244 2549 1546 2621 ἐπειδήπερ
1581 2550 1656 2620 μὴ
1684 2552 1792 2604 εἰσὶ

212 2632 426 2703 θνητοί.

290 2726 432 2789 Νόες
455 2726 511 2779 δὲ
548 2726 724 2793 ὄντες,
777 2730 835 2782 ὲν
873 2734 1084 2801 νοητοῖς
1131 2733 1226 2786 καὶ
1258 2734 1445 2797 τόποις
1469 2735 1580 2805 (50)
1633 2736 1794 2802 εἰσὶν,

214 2818 280 2870 οὑ
319 2820 650 2888 σωματικῶς
677 2826 1182 2894 περιγραφόμενον
1229 2826 1290 2878 οὐ
1322 2826 1431 2897 γὰρ
1468 2829 1798 2898 σωματικῶς

218 2911 365 2965 κατά
410 2912 573 2981 φύσιν
605 2916 1057 2986 σχηματίζονται,
1087 2916 1210 2971 οὐδὲ
1253 2920 1415 2990 τριχῆ
1451 2921 1555 2974 είσι
1580 2920 1799 2975 διαστα-

216 3004 325 3068 tot,
357 3004 494 3058 ἀλλά
517 3006 595 3075 τῷ
626 3007 837 3077 νοητῶς
879 3011 1133 3080 παρεῖναι
1159 3050 1174 3075 ,
1204 3010 1301 3063 καὶ
1348 3014 1593 3083 ἐνεργεῖν
1618 3058 1632 3079 ,
1670 3015 1799 3069 ἔνθα

218 3097 292 3151 ἄν
314 3098 726 3189 προσταχθῶσι,
757 3100 851 3153 καὶ
877 3099 952 3169 μὴ
980 3100 1242 3155 δύνασθαι
1275 3102 1415 3157 κατὰ
1457 3105 1657 3161 ταυτὸν
1696 3100 1795 3161 ὧδε
1824 3129 1868 3189 C

222 3189 448 3244 adustas
476 3186 640 3255 εἶναι,
673 3194 767 3245 καὶ
800 3194 1064 3265 ἐνεργεῖν.

296 3456 424 3509 Εῖτε
456 3456 560 3507 [σοι
590 3457 708 3509 κατ’
744 3456 955 3523 οὐσίαν,
992 3460 1105 3513 εἴτε
1127 3460 1480 3529 διαφέροντες
1526 3460 1797 3531 ἀλλήλων,

216 3550 327 3602 οὐκ
361 3550 541 3618 ῐσμεν.
578 3552 752 3615 Μόνος
785 3551 841 3604 δὲ
865 3552 893 3603 ὁ
925 3554 1160 3624 ποιήσας
1185 3554 1380 3618 αὐτοὺς
1411 3554 1546 3617 Θεὸς
1576 3554 1802 3607 ἐπίστα-

218 3658 351 3708 ται,
386 3643 428 3712 ῥ
479 3642 574 3695 καὶ
610 3642 678 3696 τὰ
730 3641 910 3698 πάντα
958 3645 1136 3710 εἰδώς.
1198 3646 1558 3717 Διαφέροντες
1608 3646 1665 3700 δὲ
1689 3646 1802 3717 (Si)

300 3818 347 3848 ⁵³
375 3813 545 3888 Greg.
576 3826 717 3871 orat.
751 3819 840 3874 38.

1818 1783 1866 1844 B

1884 542 1989 595 ope
2042 531 2233 579 mutuo
2283 525 2389 578 sibi
2436 538 2598 578 sensa
2646 538 2748 579 sua
2798 522 3213 577 communicant
3245 529 3300 577 et
3332 537 3467 578 con-

1886 618 2009 673 silia
2048 617 2113 669 “.

1955 709 2061 765 Per
2102 708 2340 764 Verbum
2366 722 2558 763 omnes
2583 706 2765 776 angeli
2799 713 2970 761 creati
3004 713 3153 768 sunt,
3186 712 3241 760 et
3271 713 3469 760 saneto

1889 804 2101 875 Spiritu
2135 801 2519 858 sanctiﬁcante
2550 798 3090 855 consummationem
3110 806 3465 868 acceperunt,

1890 906 1949 950 ut
1983 911 2083 966 pro
2113 909 2212 950 sua
2247 893 2484 963 quisque
2517 891 2789 961 dignitate
2815 898 2870 944 et
2905 889 3101 945 ordine
3151 888 3468 960 splendoris

1889 986 2189 1058 gratiaeque
2217 982 2521 1055 participes
2543 986 2732 1037 essent
2763 981 2831 1033 ⁸ο.

1960 1168 2364 1235 Circumscripti
2399 1165 2595 1236 angeli.
2623 1191 2694 1204 —
2721 1162 3142 1230 Circumscripli
3179 1168 3341 1227 sunt;
3369 1175 3472 1215 nec

1890 1261 2039 1318 enim
2088 1276 2212 1315 cum
2246 1261 2302 1314 in
2343 1259 2485 1313 caelo
2529 1264 2682 1321 sunt,
2717 1255 2772 1309 in
2811 1262 2960 1310 terra
2989 1262 3325 1317 versantur;
3370 1267 3473 1307 nec

1890 1368 2015 1408 cum
2042 1366 2073 1406 α
2104 1351 2287 1407 Deoin
2314 1359 2519 1405 terram
2551 1349 2872 1412 mittuntur,
2904 1352 3195 1402 remanent
3223 1346 3276 1398 in
3311 1343 3472 1399 emlo.

1889 1442 2159 1498 Caeterum
2191 1455 2293 1496 nec
2320 1439 2618 1502 mmnibus,
2642 1453 2743 1492 nec
2774 1437 3009 1500 foribus,
3041 1450 3143 1490 nec
3170 1434 3473 1505 repagulis,

1890 1548 1994 1589 nee
2026 1532 2227 1604 sigillis
2261 1531 2617 1586 cohibentur.
2652 1528 2772 1584 Non
2806 1530 2952 1584 enim
3000 1528 3170 1583 certis
3206 1527 3336 1582 ullis
3369 1536 3476 1581 ter-

1892 1626 2060 1681 minis
2105 1623 2316 1680 deﬁniti
2369 1633 2462 1677 aut
2521 1622 2747 1677 coerciti
2800 1628 2947 1676 sunt.
2985 1619 3165 1673 Nullis
3220 1617 3477 1673 terminis

1893 1715 2150 1771 deﬁnitos
2197 1714 2354 1779 dico;
2398 1728 2466 1768 eo
2509 1711 2657 1783 quod
2689 1712 2882 1781 probis
2926 1718 2980 1764 et
3026 1710 3235 1781 dignis,
3270 1708 3474 1779 quibus

1894 1823 1992 1863 eos
2019 1806 2165 1861 Deus
2216 1804 2475 1861 visendos
2523 1803 2774 1860 exhiberi
2824 1802 3100 1867 voluerit,
3142 1816 3252 1854 non
3281 1800 3476 1871 quales

1894 1901 2172 1957 exsistunt
2197 1904 2524 1969 appareant,
2560 1895 2656 1952 sed
2682 1896 2737 1950 in
2762 1894 2927 1949 aliam
2970 1894 3169 1948 mutati
3213 1893 3475 1959 formam,

1893 1978 2370 2063 proutvidentium
2393 1991 2620 2046 obtutus
2644 1987 2789 2043 ferre
2807 1994 2993 2057 queat.
3027 1985 3161 2040 Nam
3187 1986 3390 2055 alioqui
3422 1984 3477 2038 id

1894 2086 2071 2141 solum
2105 2091 2303 2138 natura
2339 2097 2402 2138 ac
2436 2081 2661 2152 proprie
2692 2081 2861 2135 nullis
2903 2079 3171 2135 delinitur
3199 2078 3475 2140 terminis,

1894 2175 2038 2246 quod
2074 2176 2380 2230 increatum
2412 2182 2516 2229 est.
2553 2172 2835 2243 Quidquid
2875 2173 3022 2227 enim
3064 2179 3151 2228 est
3202 2180 3476 2235 creatum,

1894 2267 2041 2321 intra
2082 2266 2345 2321 terminos
2375 2281 2507 2320 suos
2535 2280 2564 2318 a
2595 2265 2709 2319 Deo
2743 2271 2999 2320 creatore
3032 2264 3244 2319 ﬁnitur.

1963 2358 2138 2413 Porro
2185 2358 2406 2413 aliunde
2452 2372 2619 2428 quam
2670 2371 2700 2410 a
2748 2366 2946 2410 natura
2991 2372 3089 2412 sua
3124 2357 3478 2413 sanctitatem

1897 2452 2125 2515 habent,
2151 2451 2414 2505 nimirum
2461 2464 2493 2502 a
2545 2447 2758 2518 Spiritu
2789 2458 3002 2503 sancto.
3037 2448 3128 2504 Dei
3162 2449 3480 2503 illustrantc

1897 2544 2094 2613 gratia,
2120 2542 2305 2597 futura
2344 2540 2653 2611 praedicunt
2677 2541 2746 2594 “.
2774 2539 3049 2611 Conjugio
3079 2539 3307 2595 minime
3331 2539 3481 2593 indi-

1899 2644 2048 2706 gent,
2074 2651 2198 2690 cum
2226 2634 2566 2689 immortales
2590 2632 2724 2687 sint.

1967 2724 2156 2795 Angeli
2185 2725 2351 2779 locus.
2387 2753 2456 2763 —
2482 2721 2601 2777 Jam
2649 2738 2779 2778 vero
2813 2738 2938 2779 cum
2987 2733 3203 2778 mentes
3242 2723 3378 2788 sint,
3425 2723 3482 2777 in

1900 2818 2213 2890 hujusmodi
2248 2830 2467 2887 quoque
2498 2815 2637 2871 locis
2674 2824 2825 2879 sunt,
2870 2831 2991 2885 qua:
3041 2824 3227 2870 mente
3278 2815 3485 2869 intelli-

1899 2920 2106 2982 guntur
2137 2929 2151 2966 :
2177 2924 2285 2964 non
2315 2908 2461 2980 quod
2496 2922 2768 2977 corporeo
2812 2908 2976 2962 modo
3005 2907 3485 2963 eirenmscriban-

1902 3012 1991 3059 tur
2017 3006 2217 3075 (neque
2266 3002 2414 3057 enim
2464 3016 2620 3056 more
2660 3016 2980 3071 corporum,
3016 3000 3198 3070 quoad
3224 3009 3484 3053 naturam

1901 3098 2122 3163 attinet,
2164 3096 2492 3166 ﬁgurantur,
2529 3102 2624 3149 aut
2673 3096 2823 3148 trina
2860 3094 3206 3149 dimensione
3258 3092 3485 3147 distenti

1901 3190 2075 3260 sunt).
2099 3189 2193 3245 sed
2230 3188 2385 3258 157
2400 3188 2546 3257 quod
2582 3186 2676 3242 ubi
2704 3202 2765 3242 se
2791 3184 3101 3250 conferant,
3127 3186 3241 3239 illic
3271 3184 3489 3254 spirita-

1901 3278 2025 3332 liter
2054 3275 2243 3332 adsint
2276 3284 2330 3332 et
2360 3284 2662 3345 operantur
2690 3292 2705 3341 ;
2746 3289 2848 3329 nec
2878 3273 3073 3330 eodem
3101 3283 3347 3344 tempore
3395 3274 3485 3328 hic

1904 3375 2070 3437 atque
2095 3367 2209 3421 illic
2234 3381 2358 3422 esse
2383 3375 2438 3420 et
2465 3367 2685 3435 operari
2712 3366 2949 3435 possint.

1977 3459 2245 3514 Incertum
2296 3476 2365 3512 an
2412 3457 2640 3527 azquales
2687 3456 3011 3513 substantia.
3054 3484 3126 3496 —
3161 3456 3242 3509 Ac
3298 3452 3483 3522 quoad

1911 3554 2206 3609 essentiam
2257 3550 2481 3621 quidem
2524 3549 2845 3619 aequalesne
2898 3548 3011 3602 sint
3062 3547 3205 3600 inter
3266 3561 3345 3609 se,
3415 3560 3486 3598 an

1914 3646 2188 3715 dispares,
2249 3650 2594 3713 compertum
2660 3656 2771 3696 non
2832 3648 2959 3697 est:
3017 3639 3172 3696 solus
3227 3638 3331 3694 hoc
3384 3638 3491 3693 scit

941 3820 987 3852 ⁸⁰
1017 3820 1177 3892 Greg.
1216 3832 1357 3879 orat.
1404 3824 1493 3878 54.
1571 3825 1613 3856 ⁵⁸
1640 3823 1790 3878 Theo

1907 3832 1970 3879 et.
2028 3821 2174 3891 Epit.
2230 3819 2336 3875 div.
2392 3817 2535 3873 decr.
2596 3831 2717 3888 cap.
2748 3817 2802 3872 8.

1500 3941 1738 3997 VARIIE
1779 3938 2184 3997 LECTIONES.

308 4030 329 4072 ί
360 4029 430 4086 R.
457 4027 597 4083 2950
621 4026 816 4095 ἁγίοις.

1807 4113 2026 4171 NOTAS'

224 4213 460 4269 laudato
514 4212 641 4266 libri
697 4211 765 4266 de
812 4210 1091 4279 inculpata
1148 4206 1596 4266 Christianorum
1649 4210 1801 4266 ﬁde:

228 4284 344 4339 Καὶ
379 4283 486 4353 μὴν
510 4282 603 4336 καὶ
631 4281 786 4353 lto-{pg
824 4282 882 4333 ἐν
914 4280 1142 4353 ἐκείνοις
1169 4280 1316 4333 ἐστὶν
1336 4322 1351 4344 ,
1385 4282 1621 4353 ἐπείπερ
1656 4281 1805 4350 λογιο

229 4354 321 4408 κοί
352 4347 490 4430 εἰσιν
510 4369 523 4382 ο
558 4353 654 4430 οὐχ
674 4347 911 4430 μοίόσπερ
940 4353 967 4403 ὁ
995 4351 1284 4430 ἡμέτερος,
1304 4353 1394 4430 fit
1430 4351 1525 4430 τοῦ
1584 4347 1640 4404 ἐν
1674 4347 1806 4422 ἡμῖν

231 4423 468 4493 φυσικοῦ
493 4464 506 4486 ,
546 4420 901 4493 natthqu
930 4420 1255 4493 πνευματος
1300 4421 1387 4475 διὰ
1428 4420 1809 4493 τῶνᾼφωνητις

231 4489 348 4547 κῶν
378 4493 626 4562 ὀργάνων
662 4490 886 4559 προῖὼν,
925 4489 1370 4562 διαρθροιξιμενος,
1399 4494 1465 4561 τῇ
1503 4491 1685 4562 πληγῇ
1714 4489 1809 4562 τοῦ

231 4560 423 4634 ἀέρος
444 4560 781 4634 τυπούμενος
806 4603 820 4625 ,
853 4562 960 4634 *καὶ
998 4560 1447 4634 διαβιβαζόμενος
1480 4561 1624 4634 πρὸς
1645 4560 1814 4634 *ἀντί-

232 4629 405 4703 ληψιν
423 4636 532 4708 [τῆς
563 4629 669 4708 τῶν
688 4631 1008 4708 ,ἀκουόντων
1045 4629 1351 4708 αἰσθησεως
1379 4648 1391 4661 ο
1425 4632 1579 4708 ἀλλὰ
1608 4631 1671 4708 το
1712 4631 1813 4683 ἀΰ-

235 4698 368 4765 λόυς
396 4698 535 4755 εἶναι
560 4700 652 4754 καὶ
676 4700 1022 4771 ἀσυνθέτους,
1044 4698 1247 4761 ἁπλοῦς
1272 4717 1331 4751 τε
1354 4700 1447 4753 καὶ
1463 4702 1814 4771 ἀσωμάτους,

235 4774 577 4843 περιχωρεῖν
623 4772 680 4822 ἐν
748 4769 1037 4843 ἀλλήλοις,
1079 4772 1175 4843 καί
1235 4771 1333 4843 ait;
1360 4769 1635 4843 summo
1684 4788 1817 4843 κατ-

236 4840 496 4896 οπτεύειν
529 4842 766 4911 νοήσεις,
792 4842 888 4911 ,καὶ
929 4842 1206 4911 κοινωνεῖν
1241 4840 1319 4909 τῷ
1359 4841 1501 4911 λόγῳ
1539 4841 1626 4894 διὰ
1658 4841 1818 4909 σιγῆς

235 4909 669 4992 ἐναργέστερον,
693 4909 813 4992 ,καὶ
844 4910 1263 4992 ἐκτυπώτερον,
1453 4909 1561 4974 πᾶς
1606 4911 1818 4992 προῖῲν

236 4980 402 5049 λόγος
429 4997 444 5010 ⁸
475 4982 549 5034 Ac
578 4980 788 5063 quidem
821 4997 991 5063 sermo
1019 4997 1220 5050 quoque
1241 4983 1293 5033 in
1328 4980 1435 5033 illis
1456 4992 1553 5044 est,
1579 4980 1820 5063 quando-

236 5055 453 5123 quidem
492 5052 699 5105 ratione
720 5052 932 5123 pra’diti
963 5060 1085 5123 sunt
1119 5066 1135 5103 :
1169 5067 1270 5123 non
1308 5062 1480 5104 tamen
1516 5064 1589 5104 est
1628 5052 1819 5105 similis

239 5120 433 5187 nostri,
461 5123 551 5189 qui
578 5120 814 5174 naturali
852 5122 1101 5190 ritalique
1140 5122 1330 5186 spiritu
1374 5123 1633 5174 vocalium
1666 5139 1822 5190 orga-

240 5207 437 5246 norum
469 5207 560 5260 ope
602 5190 969 5261 progreditur,
1005 5200 1054 5243 et
1087 5191 1441 5254 articulatur,
1489 5193 1824 5258 percussione

242 5264 389 5315 aeris
442 5262 725 5326 formatus,
782 5262 1144 5330 transiensque
1183 5271 1238 5313 ut
1293 5262 1620 5315 audientium
1668 5278 1824 5314 sensu

241 5331 573 5401 percipiatur
602 5348 618 5385 :
649 5334 739 5384 sed
787 5333 910 5401 quia
958 5332 1183 5384 materia
1231 5346 1293 5383 ac
1322 5333 1698 5399 compositione
1732 5348 1823 5384 va-

240 5410 396 5463 cant,
433 5403 798 5469 simplicesque
849 5410 897 5454 et
946 5402 1242 5469 incorporei
1274 5411 1396 5453 sunt
1419 5442 1432 5463 ,
1470 5403 1687 5455 invicem
1724 5402 1828 5454 cir-

242 5472 941 5550 cumiucedunt,_suasque
993 5483 1176 5550 mutuo
1230 5473 1584 5550 perceptiones
1642 5488 1830 5539 specu-

245 5547 474 5605 lantur,
531 5553 587 5593 ut
628 5541 833 5594 silendo
875 5541 1074 5594 clarius
1117 5541 1513 5610 expressiusque
1564 5557 1827 5595 sermones

244 5615 531 5674 misceant,
564 5622 723 5680 quam
757 5612 867 5663 alia
895 5612 1079 5680 quavis
1114 5610 1410 5676 prolatione
1440 5610 1732 5664 verborum.

319 5679 436 5749 (50)
490 5679 592 5734 Ἐν
612 5680 852 5751 νοητοῖς
880 5679 977 5733 καί
1006 5682 1231 5751 τόποις,
1261 5681 1313 5733 in
1340 5681 1602 5748 ejusmodi
1630 5698 1830 5751 quoque

245 5752 381 5808 locis
411 5763 558 5818 sunt,
590 5759 696 5807 etc.
732 5750 852 5805 Lib.
889 5765 926 5815 t,
965 5765 1090 5821 cap.
1126 5750 1212 5818 17,
1250 5751 1545 5820 explicavit
1576 5750 1828 5822 quisnam

1914 4211 2006 4265 ille
2060 4211 2217 4265 locus
2276 4209 2349 4265 sit
2392 4211 2485 4280 qui
2535 4218 2719 4266 mente
2776 4210 3123 4280 intelligitur.
3175 4210 3273 4264 Est
3319 4221 3495 4266 autem

1915 4291 2084 4334 mente
2114 4291 2408 4349 perceptus,
2447 4298 2538 4335 seu
2581 4282 2880 4349 spiritualis
2917 4282 3081 4343 locus,
3116 4281 3203 4333 ubi
3238 4283 3497 4351 intelligi-

1918 4360 2003 4403 tur
2039 4361 2130 4404 :et
2166 4353 2387 4405 exsistit
2425 4352 2801 4406 intellectualis
2832 4360 3025 4405 natura
3067 4362 3115 4406 et
3150 4353 3496 4420 incorporea;

1916 4423 2005 4474 ubi
2038 4423 2290 4474 nimirum
2350 4421 2581 4490 πάρεστι
2635 4424 2730 4475 καὶ
2776 4424 3024 4490 ἐνεργεῖ,
3070 4440 3301 4490 praesens
3349 4424 3498 4475 adest

1916 4501 1965 4543 et
2012 4501 2295 4557 operatur,
2333 4507 2494 4561 neque
2540 4508 2819 4560 corporum
2855 4510 2998 4546 more
3032 4496 3352 4555 continetur,
3406 4494 3496 4547 sed

1918 4561 2225 4629 spirituum.
2262 4561 2423 4615 Plura
2462 4563 2528 4615 de
2561 4563 2683 4631 loco
2713 4564 2889 4631 angeli
2919 4563 3122 4617 ibidem
3159 4564 3404 4628 subiicit.

1990 4631 2101 4699 (51)
2133 4631 2521 4699 Διαφέροντες
2546 4630 2631 4685 δέ.
2673 4630 3061 4686 “lustrationis
3087 4632 3238 4687 modo
3261 4644 3313 4686 et
3327 4633 3498 4702 gradu

1918 4701 2197 4768 ili/ferunt.
2253 4701 2511 4756 Diversus
2557 4703 2783 4758 ordines
2832 4705 3150 4772 angelorum
3181 4701 3497 4770 'l'heolngns

1920 4772 2192 4839 agnoscit,
2227 4781 2368 4824 orat.
2404 4772 2473 4826 54
2499 4810 2512 4834 ,
2549 4786 2674 4825 cum
2712 4773 2819 4835 ait,
2864 4775 3096 4827 aliorum
3152 4773 3500 4842 aliorumque

1922 4843 2058 4896 alias
2088 4850 2252 4911 atque
2284 4843 2422 4895 alias
2475 4842 2919 4897 collustrationes
2940 4887 2955 4906 ,
3018 4843 3317 4911 ampliores
3338 4883 3351 4906 ,
3406 4854 3502 4896 aut

1922 4912 2191 4982 minores,
2235 4926 2385 4975 esse,
2418 4911 2558 4964 κατά
2586 4913 2686 4982 τὴν
2708 4913 3001 4980 ἀναλογίαν
3030 4912 3133 4981 τῆς
3162 4912 3376 4979 φύσεως
3406 4914 3502 4965 καὶ

1921 4981 2021 5049 τῆς
2054 4981 2292 5044 τάξεως,
2333 4981 2647 5052 secundum
2673 4983 2925 5052 cujusque
2957 4994 3163 5036 natura:
3208 4994 3256 5035 et
3296 4984 3501 5036 ordinis

1922 5054 2330 5119 proportionem.
2370 5051 2480 5106 Sed
2528 5061 2582 5107 et
2608 5051 2855 5121 Cyrillus
2903 5053 2955 5106 in
2988 5053 3499 5114 Tliesauro,asscrt.

1924 5122 2104 5202 5l,p.
2134 5121 2263 5183 ‘266,
2307 5130 2517 5202 tantum
2550 5123 2773 5202 luminis
2799 5131 3066 5202 creaturae
3110 5124 3362 5176 rationali
3403 5124 3505 5176 im-

1928 5191 2190 5261 pertitum
2228 5208 2351 5246 esse
2382 5208 2410 5244 a
2443 5191 2551 5246 Deo
2581 5192 2677 5255 ait,
2726 5201 2992 5261 quantum
3024 5208 3367 5261 unaquaeque
3406 5208 3504 5261 pro

1928 5264 2011 5334 syi
2048 5264 2264 5334 generis
2287 5261 2609 5334 discrimine
2634 5262 2998 5334 capaxuloret,
3036 5264 3282 5334 adeoque
3312 5263 3505 5334 ἑτέραν

1928 5327 2072 5385 εἷναί
2106 5334 2162 5384 ὲν
2199 5332 2473 5398 ἀγγέλοις,
2525 5327 2749 5401 μείζονα
2787 5331 2843 5383 δὲ
2888 5334 2946 5385 ὲν
2986 5327 3369 5453 ἀρέαγγέλοις,
3407 5327 3507 5387 καὶ

1928 5401 2009 5453 ἔτι
2034 5402 2239 5453 ταύτης
2267 5403 2637 5453 ὑπερέχουσαν
2666 5403 2723 5452 ἐν
2750 5405 2872 5453 ταῖς
2898 5404 3040 5453 ἀνωτ
3077 5420 3156 5453 om
3175 5404 3504 5453 δυνάμεσινο

1928 5401 2009 5454 ἔτι
2034 5402 2239 5472 ταύτης
2267 5403 2637 5471 ὑπερέχουσαν
2666 5403 2723 5452 ἐν
2750 5405 2872 5463 ταῖς
2898 5401 3156 5472 ἀνωτέρω
3175 5404 3504 5471 δυνάμεσινο

1930 5471 2110 5525 Aliam
2160 5471 2213 5524 in
2278 5472 2478 5540 angelis
2532 5472 2882 5539 cognitionem
2935 5488 3047 5525 esse
3067 5471 3083 5533 ,
3141 5473 3398 5541 majorem
3453 5475 3506 5527 in

1932 5541 2287 5609 archangelis,
2332 5552 2379 5594 et
2402 5557 2640 5611 [ursum
2670 5542 3090 5596 excellentiorem
3132 5543 3185 5595 in
3218 5549 3512 5611 superiori-

1934 5612 2027 5664 bus
2065 5613 2367 5665 rirtutibus.
2399 5609 2502 5665 Ubi
2529 5613 2690 5679 plane
2725 5613 2974 5666 innuitur
3000 5609 3321 5678 angelorum
3353 5616 3508 5667 ordi-

1935 5697 2031 5734 nes
2059 5689 2152 5734 aut
2176 5683 2361 5751 specie
2391 5690 2485 5735 aut
2511 5696 2710 5750 genere
2750 5686 2890 5735 inter
2918 5700 2975 5737 se
3009 5686 3246 5737 ilill'erre.
3288 5684 3509 5751 Legesis

1938 5752 2207 5822 Epiphan.
2248 5753 2441 5809 hzrres.
2474 5752 2564 5818 Gl,
2615 5768 2671 5805 ιι.
2725 5754 2813 5808 55.
2870 5752 3053 5824 Pergit
3107 5753 3510 5811 Nazianzenus.
