3962 6300
413 412 599 474 divina
637 410 922 487 Scriptura
940 404 972 472 ἐ
997 413 1068 469 Et
1087 405 1230 474 dixit
1257 404 1394 471 Deus
1417 429 1437 471 :
1462 411 1587 470 Fiat
1611 427 1739 481 tux;
1765 425 1816 471 et
1850 419 1997 487 facta

2108 419 2286 491 ἕτερόν
2309 420 2426 472 ἐστι
2451 417 2512 471 τὺ
2546 418 2680 489 πῦρ,
2715 415 2767 470 εἰ
2816 414 2892 486 μὴ
2925 412 2988 467 τὸ
3032 411 3171 483 φῶς,
3207 410 3284 476 ὥς
3312 410 3458 476 τινές
3487 428 3686 481 φασιν-

409 516 492 564 est
527 507 621 562 tua:
647 505 714 562 “.
741 504 930 577 Neque
945 507 1122 576 enim,
1142 515 1204 562 ut
1225 506 1452 578 quidam
1481 507 1993 578 existimant,aliud

2108 512 2316 583 Έτεροι
2343 511 2401 565 δὲ
2419 509 2482 565 τὸ
2503 509 2772 581 κοσμικδν
2802 509 2915 579 πῦρ
2965 507 3106 578 ὑπὲρ
3150 515 3173 544 ι·
3202 505 3294 559 τὸν
3320 505 3462 576 ἀέρα
3487 506 3689 574 φασιν,

1570 309 1632 369 S.
1681 307 2004 369 JOANNIS
2042 308 2478 370 DAMASCENI
3571 301 3692 366 888

411 596 709 667 quidquam
740 602 824 651 est
852 595 1018 667 ignis,
1065 612 1230 668 quam
1262 596 1380 652 lux.
1405 596 1513 652 Alii
1544 607 1728 653 autem
1756 599 1996 655 elemen-

412 697 588 742 tarem
614 687 762 742 hunc
783 685 965 759 ignem
979 701 1105 743 aere
1132 689 1473 760 superiorem
1491 703 1617 747 esse
1633 689 1812 756 aiunt,
1829 705 1992 762 quem

416 785 620 840 vocant
640 779 868 834 aethera.
887 776 952 831 In
966 778 1229 848 principio
1259 779 1446 850 igitur,
1467 779 1573 836 hoc
1590 790 1673 837 est
1691 781 1779 838 die
1793 787 1993 854 primo,

413 871 624 927 creavit
667 869 811 926 Deus
843 869 1046 936 lucem,
1074 885 1200 941 quae
1227 871 1529 927 visibilium
1559 875 1803 930 omnium
1833 889 1996 933 crea-

413 973 662 1020 turarum
691 961 862 1018 decus
885 967 941 1018 et
973 945 1358 1018 ornamentum
1376 972 1481 1018 est.
1501 963 1716 1020 Etenim
1749 967 1795 1022 si
1815 966 1993 1023 lucem

413 1053 730 1120 sustuleris,
772 1053 958 1109 omnia
1001 1053 1056 1108 in
1091 1053 1338 1110 tenebris
1380 1053 1645 1124 jacebunt
1688 1056 1895 1125 ignota,
1935 1064 1997 1113 ut

413 1159 538 1214 quae
561 1143 1028 1214 pulchritudinem
1053 1159 1208 1200 suam
1233 1144 1594 1214 conspicuam
1625 1145 1856 1202 reddere
1883 1162 1995 1203 non

415 1236 633 1306 possint
673 1253 688 1291 :
734 1233 945 1290 Vocavit
979 1243 1155 1290 autem
1188 1235 1329 1290 Deus
1365 1234 1532 1290 lucem
1555 1236 1731 1292 diem:
1756 1235 1996 1293 tenebras

413 1335 595 1381 autem
626 1328 829 1382 vacavit
867 1335 1070 1382 noctem
1091 1328 1160 1380 ’⁸.
1195 1326 1370 1382 Porro
1410 1327 1651 1384 tenebrae
1682 1328 1997 1385 substantia

415 1417 523 1470 ulla
545 1432 656 1472 non
690 1428 841 1484 sunt,
865 1417 960 1474 sed
986 1417 1265 1474 accidens.
1299 1416 1486 1490 Neque
1509 1419 1657 1475 enim
1693 1420 1841 1476 aliud
1867 1428 1999 1478 sunt

413 1521 579 1578 quam
607 1507 749 1564 lucis
777 1509 1051 1564 absentia.
1090 1509 1201 1564 Aer
1227 1510 1430 1581 quippe
1461 1511 1518 1566 in
1548 1525 1651 1567 sua
1683 1512 1996 1569 substantia

413 1601 594 1656 lucem
629 1616 737 1657 non
769 1602 938 1657 habet
956 1602 1024 1658 9‘.
1080 1601 1264 1669 Quare
1317 1603 1503 1674 ipsum
1553 1605 1662 1661 hoc
1701 1607 1847 1676 quod
1904 1622 2000 1663 aer

417 1693 540 1748 luce
578 1699 788 1758 careat,
823 1693 968 1749 Deus
1008 1693 1225 1750 vocavit
1274 1693 1556 1751 tenebras.
1598 1693 1744 1762 Quin
1781 1711 1852 1752 ne
1880 1695 1999 1766 ipsa

2094 602 2125 656 ὅ
2154 600 2412 657 καλοῦσιν
2431 602 2649 674 αἰθέρα.
2693 601 2790 655 Ἑν
2851 599 3011 669 ἀρχῇ
3075 597 3176 670 μὲν
3224 595 3320 652 οὖν
3365 597 3628 678 ἐποίησεν
3655 598 3688 650 ὁ

2095 694 2229 758 Θεὸς
2251 693 2313 748 τὸ
2335 694 2471 763 φῶς,
2499 693 2666 764 ἡγουν
2687 694 2754 764 τῇ
2804 689 2998 763 πρώτῃ
3036 690 3244 762 ἡμέρᾳ,
3266 687 3685 759 καλλωπισμὸν,

2095 787 2189 839 καὶ
2211 785 2415 855 κόσμον
2445 785 2630 856 πάσης
2653 784 2755 853 τῆς
2791 783 2995 855 ὁρατῆς
3041 781 3293 844 κτίσεως.
3330 779 3533 849 Ἀφελε
3573 780 3689 849 γὰρ

2095 878 2156 931 τὸ
2193 877 2330 947 φῶς,
2362 877 2460 932 καὶ
2489 875 2672 930 πάντα
2694 875 2752 929 ἐν
2776 874 2854 946 τῷ
2872 873 3056 928 σκότει
3069 871 3413 940 ἀδιάγνωστα
3435 871 3688 940 μένουσι,

2095 969 2196 1038 τὴν
2229 970 2439 1025 οἰκείαν
2495 970 2572 1042 μὴ
2600 967 2877 1040 δυνάμενα
2910 965 3251 1037 εὐπρέπειαν
3281 961 3684 1028 ἐπιδείξασθαι.

2109 1061 2390 1118 Ἑκὰλεσε
2411 1061 2480 1116 δὲ
2528 1064 2562 1116 ὁ
2593 1061 2756 1128 Θεὸς,
2790 1059 2858 1115 τὸ
2873 1057 2993 1128 μὲν
3038 1056 3188 1127 φῶς,
3219 1054 3478 1125 ἡμέραν·
3502 1054 3570 1108 τὸ
3613 1052 3691 1107 δὲ

2095 1157 2317 1220 σκότος
2341 1153 2598 1208 ἐκάλεσε
2637 1153 2851 1208 νύκτα.
2880 1151 3079 1214 Σκότος
3107 1148 3165 1202 δέ
3200 1149 3369 1212 ἐστιν,
3393 1147 3492 1200 οὒκ
3520 1145 3687 1198 οὐσία

2094 1263 2201 1310 τις,
2267 1244 2407 1299 ἀλλά
2457 1241 3047 1315 συμϐεϐηκόςῇφωτδς
3079 1240 3188 1311 γάρ
3237 1239 3355 1293 ἐστι
3395 1236 3684 1309 στέρησις.

2108 1335 2168 1388 '0
2189 1334 2298 1407 γὰρ
2326 1334 2456 1406 ἀὴρ,
2485 1335 2588 1389 οὐκ
2645 1334 2704 1388 ἐν
2753 1335 2821 1404 τῇ
2865 1331 3027 1404 οὐσίᾳ
3084 1328 3252 1385 αὐτοῦ
3278 1329 3392 1399 ἔχει
3439 1329 3500 1381 τὸ
3539 1327 3686 1396 φῶς.

2096 1427 2244 1482 Αὐτὸ
2273 1423 2366 1483 οὖν
2415 1428 2477 1482 τὸ
2537 1426 2867 1499 ἐστερῆσθαι
2909 1425 3002 1478 τὸν
3059 1423 3202 1494 ἀέρα
3231 1421 3434 1492 φωτὸς,
3487 1421 3692 1483 σκότος

2097 1520 2359 1574 ἐκάλεσεν
2393 1522 2423 1576 ό
2481 1519 2650 1583 Θεός·
2699 1517 2794 1572 καὶ
2825 1517 2946 1588 οὐχὶ
2968 1516 3002 1587 ἡ
3028 1514 3186 1568 οὐσία
3232 1512 3326 1567 τοῦ
3374 1511 3536 1582 ἀέρος
3563 1511 3689 1563 ἐστὶ⁵

2100 1611 2309 1678 σκότος,
2323 1611 2440 1665 ἀλλ’
2467 1611 2500 1682 ἡ
2526 1608 2621 1664 τοῦ
2663 1607 2842 1680 φωτὸς
2871 1606 3150 1678 στέρησις,
3169 1605 3305 1674 ὅπερ
3331 1599 3691 1672 συμϐεϐηκὸς

2103 1703 2306 1775 μᾶλλον
2335 1703 2507 1774 δηλοῖ,
2543 1703 2688 1774 ἡπερ
2713 1700 2926 1755 οὐσίαν.
2959 1700 3073 1753 Οὐκ
3111 1695 3318 1775 ἐκλήθη
3339 1694 3396 1748 δέ
3425 1692 3618 1764 πρώτη
3647 1692 3688 1762 ἡ

412 1782 634 1854 quidem
669 1784 814 1840 aeris
852 1785 1168 1842 substantia
1220 1787 1464 1843 tenebrae
1522 1797 1674 1852 sunt,
1713 1788 1808 1844 sed
1854 1765 2000 1846 lucis

2108 1765 2218 1862 νὺξ,
2252 1794 2368 1850 ἀλλ’
2389 1765 2434 1866 ’ἡ
2465 1765 2691 1866 ἡμέρα-ο
2740 1792 2884 1846 ὥστε
2927 1788 3120 1861 πρώτη
3178 1765 3327 1840 ἐστὶν
3361 1783 3544 1856 ἡμέρα
3585 1783 3689 1835 καὶ

415 1875 649 1944 privatio
683 1894 696 1931 :
734 1875 888 1948 quod
912 1877 1174 1934 accidens
1215 1877 1402 1950 potius
1434 1895 1598 1950 quam
1633 1879 2003 1937 substantiam

414 1964 646 2020 indicat.
676 1964 789 2022 Nec
830 1981 973 2023 vero
995 1983 1103 2024 nox
1142 1969 1300 2040 prius
1323 1980 1524 2026 vocata
1557 1977 1664 2039 est,
1706 1971 1806 2028 sed
1837 1971 1958 2029 dies
1985 1989 1999 2026 :

415 2069 480 2111 ac
507 2058 744 2128 proinde
775 2059 1059 2131 antiquior
1080 2059 1201 2118 dies
1232 2070 1340 2129 est,
1370 2077 1484 2118 nox
1514 2063 1818 2133 posterior.
1848 2064 2001 2122 Diem

414 2163 550 2221 ergo
579 2166 690 2208 nox
719 2153 1009 2224 sequitur;
1044 2163 1210 2226 atque
1238 2155 1308 2211 ab
1338 2156 1506 2213 unius
1539 2155 1648 2212 diei
1672 2163 1794 2213 ortu
1825 2171 2002 2230 usque

2101 1887 2306 1958 ἐσχάτη
2335 1888 2370 1959 ἡ
2399 1886 2516 1952 νύξ.
2567 1884 2879 1940 Ἀκολουθεῖ
2899 1879 2994 1936 οὖν
3025 1883 3060 1954 ἡ
3094 1879 3192 1944 νὺξ
3217 1880 3284 1949 τῇ
3316 1877 3501 1948 ἡμέρᾳ
3522 1889 3538 1905 ·
3582 1872 3690 1926 καὶ

2101 1979 2196 2033 ἀπ’
2227 1980 2524 2051 ἀρχῆςξτῆς
2558 1976 2773 2052 ἡμέρας
2823 1975 2930 2040 ἕως
2964 1973 3067 2044 τῆς
3115 1970 3280 2040 ἄλλης
3329 1967 3567 2040 ἡμέρας.
3621 1965 3688 2019 ἐν

2103 2070 2448 2142 νυχθήμερόν
2473 2071 2655 2124 ἐστιν’
2687 2069 2795 2140 ἐφη
2827 2065 2936 2139 γὰρ
2968 2067 3002 2135 ἡ
3033 2061 3225 2136 Γραφή
3245 2078 3260 2093 '
3285 2059 3410 2114 Kal
3443 2057 3688 2128 ἐγένετο

2105 2161 2354 2231 ἑσπέρα,
2378 2162 2479 2217 καί
2501 2161 2741 2232 ἐγένετο
2770 2158 2942 2229 πρωϊ,
2965 2155 3155 2226 ἡμέρα
3177 2153 3302 2223 μία.

415 2245 486 2300 ad
509 2245 676 2302 alium
703 2245 872 2313 diem,
891 2247 1012 2305 dies
1033 2262 1176 2306 unus
1200 2255 1284 2306 est
1313 2263 1438 2307 cum
1457 2259 1618 2306 nocte
1635 2250 1992 2321 coniunctus.
2030 2253 2120 2308 Ait
2148 2256 2295 2312 enim
2329 2254 2653 2326 Scriptura:
2678 2252 2744 2310 Et
2771 2252 2972 2324 factum
2997 2258 3076 2308 est
3097 2263 3324 2319 uespere,
3376 2253 3428 2302 et
3480 2243 3688 2314 factum

416 2345 497 2393 est
527 2355 681 2394 mane
703 2337 814 2395 dies
839 2355 977 2396 unus
1002 2341 1070 2397 "’.

491 2433 662 2488 Primi
688 2443 793 2492 tres
826 2435 962 2501 dies,
990 2452 1110 2492 cum
1129 2438 1212 2494 sol
1235 2455 1340 2495 non
1363 2448 1520 2497 esset.
1550 2439 1718 2496 Luna:
1737 2450 1788 2497 et
1816 2441 2002 2498 stella-

422 2541 537 2580 rum
585 2541 776 2581 munus
809 2527 864 2581 in
914 2538 1084 2584 nocte.
1132 2558 1205 2571 —
1235 2528 1303 2584 Et
1329 2530 1551 2602 quidem
1587 2532 1766 2590 tribus
1808 2533 2004 2604 primis

415 2617 634 2682 diebus,
670 2618 793 2675 luce
837 2617 934 2675 Dei
960 2619 1147 2691 jussu,
1187 2627 1307 2676 tum
1338 2637 1464 2680 sese
1493 2621 1858 2692 diﬂ‘undente,
1886 2633 2002 2680 tum

415 2722 612 2766 rursus
642 2710 1024 2780 contrahente,
1055 2711 1176 2770 dies
1195 2721 1252 2770 et
1282 2727 1395 2769 nox
1431 2714 1699 2771 exstitere
1719 2715 1787 2771 ’⁸.
1823 2717 1894 2771 At
1913 2716 2004 2772 die

417 2805 616 2869 quarta
667 2798 798 2858 fecit
836 2801 984 2859 Deus
1020 2802 1296 2861 luminare
1322 2805 1538 2875 majus,
1576 2820 1776 2876 nempe
1805 2807 1999 2874 solem,

418 2895 480 2943 ut
509 2889 618 2945 diei
649 2899 914 2960 praeesset
961 2892 1097 2964 (per
1151 2892 1334 2966 ipsum
1381 2895 1530 2951 enim
1569 2894 1689 2951 dies
1718 2895 1998 2964 efﬁcitur;

417 2980 540 3037 dies
568 2982 770 3054 quippe
806 2991 896 3041 est
922 2999 1046 3040 cum
1077 2985 1161 3040 sol
1187 3000 1358 3056 supra
1391 2993 1598 3042 terram
1620 2996 1832 3055 exstat,
1862 2989 2006 3047 diei-

415 3087 527 3142 que
557 3073 821 3142 spatium,
852 3087 1056 3132 cursus
1089 3075 1180 3131 ille
1203 3090 1368 3146 quem
1390 3077 1459 3132 ab
1486 3087 1616 3133 ortu
1642 3079 1711 3134 ad
1741 3094 2001 3136 occasum

2188 2437 2278 2494 Ἐν
2308 2437 2408 2510 μὲν
2435 2429 2529 2492 οὗν
2556 2435 2868 2508 ταῖςτρισὶν
2895 2435 3133 2507 ἡμέραις
3163 2432 3562 2504 ἀναχεομένου,
3587 2433 3687 2489 καὶ

2105 2527 2531 2600 συστελλομένου
2587 2525 2682 2580 τοῦ
2721 2526 2900 2596 φωτὸς
2924 2527 3002 2597 τῷ
3027 2525 3159 2595 θείῳ
3197 2524 3604 2597 προστάγματι,
3649 2527 3685 2596 ἥ

2101 2637 2161 2674 τε
2192 2619 2397 2691 ἡμέρα,
2421 2618 2517 2672 καὶ
2546 2619 2580 2688 ἡ
2609 2615 2706 2682 νὺξ
2728 2617 2964 2685 ἐγένετο.
2990 2616 3069 2687 Τῇ
3089 2615 3145 2668 δὲ
3167 2613 3402 2685 τετάρτῃ
3428 2614 3686 2684 ἐποίησεν

2101 2714 2129 2766 ὁ
2153 2711 2287 2776 Θεὸς
2315 2710 2408 2764 τὸν
2429 2709 2690 2780 φωστῆρα
2721 2710 2814 2762 τὸν
2852 2708 3047 2778 μέγαν,
3096 2707 3215 2777 ἡτοι
3266 2705 3360 2758 τὸν
3405 2704 3578 2775 ἥλιον,
3604 2707 3686 2770 είς

2103 2801 2280 2876 ἀρχὰς
2303 2801 2400 2858 καὶ
2446 2800 2697 2870 ἐξουσίαν
2735 2799 2836 2870 τῆς
2879 2799 3094 2870 ἡμέρας
3126 2805 3148 2834 ⁸
3172 2813 3185 2830 ο
3221 2797 3289 2850 δι’
3311 2795 3477 2852 αὑτοῦ
3519 2797 3629 2868 γὰρ
3652 2798 3688 2866 ἡ

2103 2893 2291 2966 ἡμέρα
2353 2891 2707 2946 συνίσταταιο
2752 2887 2938 2960 ἡμέρα
2991 2887 3102 2956 γάρ
3153 2888 3324 2953 ἐστιν,
3371 2887 3430 2941 ἐν
3470 2885 3550 2956 τῷ
3594 2885 3688 2940 τὸν

2103 2984 2256 3056 ἡλιον
2296 2983 2436 3055 ὑπὲρ
2462 2982 2568 3054 γῆν
2589 2977 2732 3036 εἶναι
2751 2997 2766 3010 ·
2795 2980 2892 3034 καὶ
2957 2977 3237 3050 διάστημα
3277 2977 3495 3049 ἡμέρας
3515 2977 3688 3039 ἐστὶν,

2104 3076 2138 3129 ὁ.
2165 3073 2276 3128 ἀπὸ
2301 3073 2568 3144 ἀνατολῆς
2620 3071 2781 3144 μέχρι
2831 3071 3039 3136 δύσεως
3087 3070 3229 3140 ὑπὲρ
3268 3070 3373 3141 γῆν
3404 3068 3499 3124 τοῦ
3532 3068 3688 3139 ἡλίου

419 3179 597 3234 usque
621 3163 710 3220 sol
743 3179 914 3234 supra
949 3176 1154 3222 terram
1194 3168 1463 3240 peragit),
1488 3168 1649 3242 164
1677 3178 1842 3242 atque
1870 3171 2001 3228 item

2108 3163 2338 3239 δρόμος·
2368 3164 2577 3218 καὶτὸν
2608 3163 2875 3235 φωστῆρα
2899 3163 2992 3216 τὸν
3020 3162 3254 3229 ἐλάσσω,
3291 3162 3413 3232 ἡτοι
3453 3161 3554 3232 τὴν
3594 3178 3686 3218 σεο

419 3254 694 3310 luminare
723 3255 928 3324 minus,
949 3256 1055 3314 hoc
1080 3267 1166 3315 est
1195 3259 1406 3327 lunam,
1432 3267 1490 3316 et
1523 3263 1740 3329 stellas,
1771 3270 1832 3318 ut
1857 3264 2006 3320 nocti

417 3351 756 3414 praeessent,
775 3345 940 3414 eique
970 3345 1150 3403 lucem
1175 3346 1411 3404 ferrent.
1436 3346 1555 3404 Nox
1580 3364 1747 3419 porro
1770 3358 1858 3408 est
1881 3366 2006 3408 cum

419 3431 505 3488 sol
529 3430 677 3488 infra
705 3441 907 3489 terram
936 3442 1025 3490 est
1057 3453 1072 3492 :
1107 3435 1404 3508 noctisque
1431 3438 1672 3509 spatium
1696 3446 1782 3496 est
1807 3454 2006 3498 cursus

417 3523 536 3588 ille,
569 3537 736 3594 quem
766 3523 850 3582 sol
891 3524 962 3580 ab
986 3540 1188 3583 occasu
1227 3525 1298 3582 ad
1333 3535 1518 3584 ortum
1552 3529 1660 3585 sub
1691 3537 1838 3586 terra
1869 3545 2008 3586 con-

417 3615 558 3670 ﬁcit.
608 3615 767 3673 Luna
818 3617 1023 3688 igitur,
1069 3627 1127 3676 et
1171 3619 1345 3675 stellae
1378 3621 1696 3678 constituta:
1727 3630 1895 3688 sunt,
1946 3629 2012 3678 ut.

416 3715 645 3763 noctem
700 3707 1082 3778 illustrarent;
1119 3725 1230 3767 non
1253 3711 1403 3782 quod
1442 3712 1683 3768 interdiu
1719 3713 1825 3770 sub
1855 3723 2006 3769 terra

417 3800 642 3870 penitus
668 3800 998 3859 delitescant
1015 3803 1168 3876 (nam
1189 3811 1321 3861 tunc
1337 3820 1562 3877 quoque
1585 3806 1760 3863 stella:
1785 3807 1840 3863 in
1865 3807 2006 3864 caelo

417 3906 588 3962 super
620 3899 824 3949 terram
860 3895 1051 3968 sunt),
1106 3895 1205 3953 sed
1235 3897 1367 3967 quia
1406 3898 1490 3954 sol
1538 3912 1656 3964 eas,
1710 3899 2008 3971 lunamque

421 3983 734 4053 splendoris
758 3985 843 4041 sui
882 3986 1053 4042 nimia
1089 3989 1456 4058 amplitudine
1481 3990 1758 4060 operiens,
1790 3991 2009 4048 elucere

423 4089 533 4132 non
564 4076 718 4133 sinit.

493 4167 824 4242 Primigenia
851 4173 944 4228 tua:
973 4171 1325 4228 Iuminarilius
1373 4169 1668 4226 indita.——
1710 4169 1876 4228 Hisce
1922 4172 2008 4227 lu-

419 4261 734 4319 minaribus
768 4265 1154 4336 primigeniam
1185 4265 1365 4320 lucem
1400 4277 1652 4325 summus
1691 4261 1784 4318 ille
1824 4279 2007 4318 rerum

420 4352 620 4424 Opifex
650 4354 878 4420 indidit,
917 4370 1027 4410 non
1059 4355 1212 4426 quod
1243 4355 1475 4410 alterius
1505 4352 1737 4406 luminis
1775 4353 2007 4423 penuria

421 4447 738 4516 laboraret;
782 4446 877 4503 sed
914 4463 982 4503 ne
1010 4448 1100 4502 lux
1147 4447 1240 4503 illa
1283 4459 1695 4517 supervacanea
1735 4453 2005 4500 maneret.

419 4537 722 4596 Luminare
757 4539 1033 4611 siquidem
1085 4540 1177 4595 lux
1230 4538 1347 4609 ipsa
1403 4554 1514 4594 non
1554 4547 1658 4602 est,
1709 4541 1808 4594 sed
1863 4537 2018 4593 lucis

420 4633 876 4701 conceptaculum
899 4633 967 4687 θ’.

494 4737 737 4794 Plu-nera:
769 4749 984 4810 septem.
1014 4770 1086 4784 -
1113 4741 1264 4799 Inter
1301 4743 1417 4799 haec
1472 4751 1656 4798 autem
1711 4740 2020 4797 luminaria

420 4829 679 4902 planetas
708 4840 917 4903 septem
950 4842 1268 4898 recensent,
1297 4849 1439 4904 quos
1480 4832 1767 4889 contrario
1801 4847 1866 4886 ac
1896 4846 2020 4888 cm-

419 4922 538 4980 lum
567 4932 720 4982 motu
746 4926 896 4982 volvi
931 4926 1160 4992 dicunt;
1191 4928 1454 4997 quocirca
1500 4927 1769 4998 planetas,
1815 4941 2008 4980 erran-

424 5022 561 5069 tem
580 5012 784 5078 uenas,
817 5027 914 5069 eos
941 5013 1308 5084 appellarunt.
1345 5011 1558 5069 Caelum
1597 5012 1747 5067 enim
1779 5011 1848 5066 ab
1876 5019 2030 5066 ortu»

423 5105 496 5162 ad
547 5120 806 5164 occasum
863 5105 1010 5161 volvi
1071 5105 1368 5177 inquiunt;
1416 5106 1670 5177 planetas
1714 5112 1896 5161 autem
1935 5105 2004 5159 ab

495 5285 542 5320 ”
563 5285 701 5344 Gen.
730 5302 772 5354 ι,
800 5287 854 5342 3.
931 5287 976 5319 ”
1009 5284 1151 5342 Ibid.
1187 5287 1241 5343 5.

416 5346 464 5381 ”
493 5355 572 5414 id.
612 5346 770 5415 hom.
797 5358 830 5414 6
865 5358 919 5415 in
953 5356 1210 5416 Hexaem.

2037 4509 2092 4564 Ι)

1338 5282 1386 5316 ’⁸
1409 5285 1590 5342 Basil.
1614 5285 1764 5342 hom.
1797 5285 1834 5339 2
1859 5285 1913 5340 in
1949 5284 2223 5344 llexaem.
2290 5283 2504 5344 "Gen.
2537 5303 2576 5354 ι,
2603 5285 2657 5341 5.

2105 3256 2296 3328 λὴνην,
2351 3257 2447 3310 καὶ
2499 3256 2624 3319 τοὺς
2665 3255 2921 3326 ἀστέρας,
2982 3257 3063 3318 είς
3091 3253 3270 3324 ἀρχὰς
3309 3255 3404 3309 καὶ
3433 3252 3688 3318 ἐξουσίαν

2104 3349 2206 3420 τῆς
2227 3347 2450 3414 νυκτὸς,
2473 3347 2568 3402 τοῦ
2603 3347 2859 3418 φωτίζειν
2888 3347 3081 3419 αὑτήν.
3115 3347 3231 3414 Νὺξ
3262 3346 3318 3398 δέ
3341 3347 3506 3409 ἐστιν,
3529 3347 3587 3399 ἐν
3611 3344 3688 3416 τῷ

2104 3439 2206 3506 τὸν,
2223 3439 2376 3510 ἦλιον
2404 3439 2511 3494 ὑπὸ
2537 3440 2640 3511 γῆν
2667 3433 2810 3493 εἶναι
2831 3439 2966 3494 ικαὶ
2991 3437 3271 3509 διάστημα
3288 3435 3484 3500 νυκτός
3512 3437 3685 3501 ἐστιν,

2106 3515 2214 3586 ἀπὸ
2241 3531 2447 3596 δύσεως
2475 3530 2671 3603 μέχρις
2699 3530 2965 3601 ἀνατολῆς
2994 3528 3100 3584 ὑπὸ
3122 3529 3231 3598 γῆν
3263 3527 3358 3582 τοῦ
3385 3527 3538 3600 ἡλίου
3565 3528 3688 3598 δρό-

2109 3638 2232 3694 μος.
2275 3622 2341 3676 Ἦ
2379 3621 2578 3692 σελήνη
2643 3621 2824 3675 τοίνυν
2876 3621 2972 3675 καὶ⁸
3014 3620 3066 3673 οι
3121 3619 3354 3692 ἀστέρες
3379 3616 3688 3688 ἐτάχθησαν

2105 3713 2206 3786 τὴν
2231 3712 2402 3768 νύκτα
2425 3711 2705 3784 φωτίζειν,
2736 3713 2834 3784 οὐχ
2880 3711 2956 3776 ὡς
2986 3714 3056 3784 τῇ
3105 3710 3293 3783 ἡμέρᾳ
3319 3709 3554 3764 πάντοτε
3583 3709 3690 3763 ὑπὸ

2106 3806 2212 3877 γῆν
2229 3805 2420 3868 ὄντες·
2475 3805 2584 3859 εἰσὶ
2625 3804 2735 3876 γὰρ
2791 3803 2886 3859 καὶ
2929 3804 2989 3857 ὲν
3040 3803 3227 3874 ἡμέρᾳ
3250 3801 3478 3872 ἀστέρες
3516 3801 3578 3853 ἐν
3607 3798 3692 3870 τῷ

2106 3897 2322 3971 οὐρανῷ
2389 3897 2532 3970 ὑπὲρ
2589 3897 2726 3969 γῆν·
2761 3895 2880 3950 ἀλλ’
2921 3895 2951 3948 δ
2979 3894 3132 3966 ἥλιος
3167 3892 3391 3956 τούτους
3423 3891 3562 3962 ἅμα,
3593 3891 3690 3944 καὶ

2108 3992 2208 4063 τὴν
2255 3991 2488 4063 σελήνην
2557 3993 2627 4061 τῇ
2683 3988 3015 4061 φαιδροτέρᾳ
3073 3987 3237 4058 αἴγλῃ
3291 3983 3688 4055 ἀποκρύπτων,

2107 4083 2210 4137 οὐκ
2236 4084 2299 4153 ἐᾷ
2330 4081 2638 4152 φαίνεσθαι.

2179 4175 2308 4237 Τοῖς
2343 4172 2628 4243 φωστῆρσι
2672 4170 2886 4235 τούτοις
2934 4170 2996 4224 τὸ
3047 4169 3454 4241 πρωτόκτιστον
3501 4165 3617 4234 φῶς
3658 4167 3689 4220 ὁ

2108 4268 2182 4336 Δη
2192 4283 2313 4338 μιου
2323 4265 2450 4337 ργὸς
2472 4264 2791 4328 ἐναπέθετο,
2815 4263 2912 4334 οὐχ
2948 4263 3025 4326 ὡς
3053 4261 3278 4334 ἀπορῶν
3301 4260 3462 4314 ἄλλου
3486 4259 3684 4330 φωτὸς,

2108 4359 2339 4413 ἀλλ’ἵνα
2373 4359 2448 4431 μὴ
2469 4359 2640 4429 ἀργὸν
2693 4359 2871 4412 ἐκεῖνο
2931 4355 3093 4427 μείνῃ
3154 4354 3215 4408 τὸ
3256 4353 3394 4422 φῶς.
3455 4352 3686 4424 Φωστὴρ

2107 4451 2217 4524 γάρ
2243 4453 2412 4518 ἐστιν,
2437 4451 2538 4505 οὐκ
2557 4451 2688 4505 αὐτὸ
2713 4450 2774 4504 τὸ
2791 4449 2930 4521 φῶς,
2953 4447 3090 4502 ἀλλά
3120 4446 3300 4516 φωτὸς
3318 4446 3542 4517 δοχεῖον.

2187 4739 2283 4793 Ἐκ
2305 4737 2508 4792 τούτων
2530 4737 2639 4790 τῶν
2683 4736 2987 4807 φωστήρων
3017 4733 3159 4788 ἑπτὰ
3203 4728 3480 4802 πλακήτας
3515 4731 3681 4800 φασί·

2109 4832 2202 4887 καὶ
2230 4830 2485 4900 λέγουσιν
2512 4829 2714 4894 αὐτοὺς
2745 4828 2998 4883 ἐναντίαν
3024 4828 3118 4882 τοῦ
3144 4827 3379 4899 οὐρανοῦ
3413 4825 3683 4880 κινεῖσθαι

2109 4924 2326 4994 κίνησιν
2363 4937 2377 4952 ο
2418 4923 2500 4977 διὸ
2549 4922 2828 4994 πλανήτας
2879 4921 3077 4984 αὐτοὺς
3108 4922 3411 4976 ἐκάλεσανο
3459 4919 3552 4972 τὸν
3588 4917 3686 4988 μὲν

2108 5015 2221 5086 γὰρ
2237 5014 2468 5086 οὐρανόν
2492 5031 2679 5086 φησιν,
2701 5013 2758 5080 ἐξ
2788 5013 3068 5068 ἀνατολῶν
3110 5013 3248 5082 πρὸς
3275 5009 3486 5082 δυσμὰς
3518 5010 3686 5062 κινεῖ-

2112 5105 2240 5158 σθαι
2262 5121 2276 5136 ·
2305 5104 2433 5168 τοὺς
2455 5104 2514 5158 δὲ
2543 5104 2821 5176 πλανὴτας
2876 5105 2943 5158 ἐκ
2981 5102 3203 5173 δυσμῶν
3246 5101 3341 5156 ἐπὶ
3389 5098 3680 5161 ἀνατολάς·

2758 5283 2804 5319 ⁸⁸
2835 5283 3002 5342 Basil.
3031 5284 3180 5350 hom,
3211 5283 3268 5336 ‘2.
3324 5281 3380 5338 in
3423 5279 3685 5338 Hexaem.

1693 5511 1923 5569 VARIIE
1965 5510 2374 5571 LECTIONES.

500 5637 706 5712 {Edita
732 5637 1144 5712 _et_llegii_{mo',
1179 5609 1371 5712 contra
1424 5635 1669 5712 auctoris
1713 5642 2071 5712 veterumque
2123 5634 2474 5712 sententiam,
2538 5634 2630 5712 qui
2665 5633 2842 5706 ignem
2910 5649 3076 5706 supra
3116 5648 3296 5691 aerem
3347 5632 3686 5688 statuerunt.

423 5706 609 5766 GCOd.
640 5707 696 5762 S.
729 5706 862 5778 ﬂil~.,
891 5705 1040 5778 Ilegii
1063 5718 1208 5776 octo,
1241 5707 1401 5764 Coll).
1437 5717 1491 5765 ct
1514 5706 1580 5764 N.
1611 5708 1699 5764 hic
1740 5715 1794 5764 et
1831 5705 2280 5772 ἰηίηιίὲξουσίας.
