3962 6300
232 298 349 359 889

1313 294 1415 356 DE
1448 291 1635 353 FIDE
1662 289 2122 351 ORTHODOXA
2149 292 2295 354 LIB.
2334 292 2414 352 Π.

3388 285 3501 351 89α

235 406 678 480 συμπεριφέρειν
703 406 761 461 δὲ
787 406 880 461 τὸν
904 405 1136 479 οὑρανδν
1158 408 1226 478 τῇ
1255 405 1450 461 ἑαυτοῦ
1491 404 1705 474 κινήσει
1732 400 1808 465 ὡς

1939 417 2115 457 μεεεειι
2148 402 2214 456 ad
2249 410 2471 456 ortum:
2502 414 2642 470 quos
2668 397 2834 455 etiam
2857 397 3056 454 ccelum
3098 396 3359 469 rapidiori
3392 416 3495 454 suo

233 500 492 572 ὀξυτέρα,
520 500 646 562 τοὺς
666 499 810 553 ἑπτὰ
838 499 1139 573 πλανήτας.
1181 498 1301 553 Τῶν
1338 498 1395 552 δὲ
1439 496 1579 551 ἑπτὰ
1608 493 1817 563 πλανη-

232 591 346 644 τῶν
374 592 444 644 τὰ
474 591 716 662 ὀνόματά
745 592 852 644 εἰσι
878 592 1074 646 ταῦτα’
1098 592 1327 661 Σελήνη.
1350 589 1583 661 Ἑρμῆς.
1620 586 1819 654 Ἀφρο·’

236 682 384 753 δίτη,
413 684 641 749 Ἤλιος,
673 685 891 754 ⁸Ἄρης,
942 684 1075 748 Ζεὺς
1098 724 1114 749 ,
1183 682 1393 752 Κρόνος
1453 681 1497 733 ί.
1561 672 1716 730 Εἶναι
1759 674 1817 726 δὲ

235 772 358 825 καθ’
386 775 623 846 ἑκάστην
654 772 831 844 ζώνην
847 771 938 826 τοῦ
963 772 1213 843 οὐρανοῦ,
1240 771 1338 824 ἕνα
1366 769 1474 823 τῶν
1504 765 1649 821 ἑπτὰ
1670 763 1782 816 πλα

236 881 442 933 νητων.

323 959 411 1011 Ἐν
436 958 537 1028 μὲν
552 960 616 1028 τῇ
639 960 855 1029 πρώτῃ,
871 957 991 1028 ἡτοι
1010 958 1076 1026 τῇ
1095 954 1365 1026 ἀνωτέρα,
1385 954 1474 1009 τδν
1486 953 1716 1025 Κρόνον.
1738 933 1801 1047 Β

322 1050 412 1103 Ἐν
440 1050 499 1103 δὲ
530 1053 595 1120 τῇ
620 1050 870 1120 δευτέρα,
900 1048 992 1102 τὸν
1025 1048 1147 1103 Δία.
1686 1048 1787 1137 (με

324 1143 415 1194 Ἐν
445 1141 502 1194 δὲ
538 1144 603 1211 τῇ
628 1140 809 1213 τρίτῃ,
835 1140 926 1193 τὸν
951 1140 1145 1210 Ἀρεα.
1672 1142 1815 1228 ΟΖ

324 1235 416 1287 Ἐν
435 1232 492 1285 δὲ
507 1235 571 1302 τῇ
588 1231 845 1302 τετάρτῃ,
867 1231 957 1284 τὸν
976 1231 1187 1286 ’Ἡλιον.
1729 1251 1815 1315 Οπ

325 1321 415 1373 Ἐν
442 1320 501 1373 δὲ
527 1321 594 1390 τῇ
630 1318 881 1390 πέμπτῃ,
916 1318 1017 1388 τὴν
1054 1318 1398 1390 Ἀφροδίτην.
1734 1322 1804 1412 ῼ

325 1444 417 1498 Ἐν
447 1441 506 1497 δὲ
542 1444 608 1512 τῇ
639 1441 794 1513 ἕκτῃ,
841 1440 937 1495 τδν
976 1440 1205 1511 Ἑρμῆν.
1744 1428 1815 1551 ἶ

323 1540 416 1597 Ἐν
438 1541 496 1595 δι
524 1544 590 1614 τῇ
622 1540 850 1612 ἑϐδόμῃ,
881 1541 976 1594 καὶ
997 1544 1311 1614 κατωτέρᾳ.
1336 1543 1434 1614 τὴν
1464 1545 1720 1617 Σελήνην·
1757 1540 1809 1614 ἐς

311 1630 580 1703 Τρέχουσι
613 1629 671 1683 δὲ
718 1629 919 1701 δρόμον
974 1629 1227 1702 ἄληκτον,
1264 1631 1325 1686 ὃν
1363 1634 1393 1686 ὁ
1426 1636 1768 1707 Δημιουργὺς
1798 1651 1826 1679 ιι

1921 503 2071 549 metu
2104 510 2290 550 secum
2309 492 2679 548 circumferat.
2704 491 2921 561 Septem
2951 506 3116 561 porro
3146 491 3493 561 planetarum

1919 585 2035 642 hmo
2064 595 2195 642 sunt
2226 587 2449 641 nemina
2484 605 2497 641 :
2533 586 2709 649 Luna,
2750 583 3078 649 Mercurius,
3109 582 3321 645 Venus.
3377 584 3493 644 Sol,

1919 678 2339 750 Mars,Jupiter,
2381 678 2679 733 Saturnus.
2716 677 2966 731 Tradunt
2994 677 3240 746 insuper,
3275 677 3327 729 in
3360 691 3496 729 une-

1921 785 2141 841 quoque
2196 770 2321 825 ειειὶ
2380 769 2589 824 circulo
2634 782 2805 822 unum
2862 782 2930 821 ex
2993 774 3201 836 septem
3261 764 3494 834 planetis

1920 877 2064 918 esse.

1991 954 2051 1009 In
2088 953 2266 1024 primo
2286 968 2504 1023 nempe,
2541 951 2594 1005 id
2625 956 2710 1007 est
2739 947 3073 1013 sublimiori,
3106 946 3422 1002 Saturnum.

1996 1043 2058 1097 lu
2083 1042 2353 1107 secundo,
2393 1041 2605 1095 Jovem.

1995 1134 2055 1190 In
2082 1136 2267 1198 tertio,
2305 1134 2556 1189 Martem.

1995 1226 2054 1280 In
2086 1234 2306 1298 quarto,
2342 1224 2551 1280 Solem.

1996 1317 2053 1371 In
2088 1319 2310 1388 quinto,
2341 1316 2633 1372 Venerem.

1997 1442 2056 1498 In
2092 1453 2270 1508 sexto,
2298 1442 2653 1498 Mercurium.

1996 1548 2056 1603 In
2095 1549 2330 1618 septimo
2354 1547 2594 1616 denique
2621 1555 2674 1600 ct
2704 1544 2913 1609 infimo,
2950 1544 3184 1596 Lunam.

1997 1640 2138 1693 Anni
2168 1650 2394 1709 quatuor
2451 1649 2685 1707 tempora
2732 1646 2781 1691 et
2840 1636 3222 1690 conversiones.
3273 1632 3504 1686 Mundae

243 1724 433 1788 ἔταξεν
483 1723 690 1785 αὑτοῖς,
737 1722 833 1775 καὶ
876 1720 1061 1785 καθὼς
1120 1721 1483 1793 ὲθεμελίωσεν
1538 1728 1713 1789 αὑτὰ,
1753 1730 1829 1793 ὥς

1939 1748 2081 1786 verno
2136 1741 2365 1798 tempore
2410 1730 2673 1784 conditus.
2728 1759 2799 1769 --
2845 1728 3082 1782 Cursum
3140 1734 3323 1779 autem
3375 1740 3507 1781 cum

243 1830 413 1885 φησιν
444 1814 472 1866 ὁ
498 1813 642 1877 θεῖος
674 1812 838 1866 Δαόίδ
858 1829 873 1845 ο
914 1812 1196 1881 Σελήνην
1223 1814 1320 1866 καὶ
1358 1815 1638 1884 ἀστέρας,
1675 1818 1713 1872 ἁ
1743 1819 1827 1873 σὺ

1939 1826 2050 1881 sine
2084 1823 2499 1879 intermissione
2544 1828 2755 1881 tenent,
2794 1836 2958 1890 quem
2993 1820 3073 1874 eis
3110 1817 3377 1872 Conditor
3421 1818 3506 1869 in-

242 1901 665 1971 ὲθεμελίωσας.
707 1900 806 1971 Διὰ
853 1901 963 1970 γὰρ
1013 1899 1106 1954 τοῦ
1148 1901 1323 1955 εἰπεῖν
1348 1941 1362 1966 ,
1403 1904 1824 1976 ἐθεμελίωσας,

244 1995 489 2063 ὲσὴμανε
525 1992 587 2047 τὸ
610 1992 808 2061 πάγιον
839 1992 932 2045 καὶ
992 1992 1371 2063 ἀμετάϐλητον
1398 1996 1497 2066 τῆς
1546 1999 1651 2052 ὑπὸ
1691 2000 1828 2054 Θεοῦ

244 2083 493 2154 δοθείσης
517 2083 700 2146 αὑτοῖς
722 2080 930 2149 τάξεώς
963 2099 1025 2136 τε
1069 2082 1166 2137 καὶ
1216 2084 1433 2155 είρμοῦ.
1470 2088 1669 2154 Ἔταξε
1716 2090 1827 2161 γὰρ

245 2175 449 2238 αὐτοὺς
486 2176 565 2237 εἰς
593 2175 843 2245 καιροὺς,
885 2174 979 2227 καὶ
1006 2175 1087 2238 είς
1113 2178 1336 2245 σημεῖα,
1360 2178 1457 2230 καὶ
1485 2180 1563 2242 εἰς
1593 2181 1824 2254 ἡμέρας,

246 2267 346 2318 καὶ
374 2266 453 2328 είς
484 2265 787 2329 ἐνιαυτούς.
817 2265 916 2319 Διὰ
948 2265 1047 2337 μὲν
1089 2266 1197 2338 γὰρ
1228 2267 1323 2321 τοῦ
1350 2269 1503 2339 ἡλίου
1533 2274 1586 2324 αἱ
1632 2274 1831 2327 τέσσα-

253 2374 349 2428 ρες
381 2357 585 2427 τροπαὶ
620 2357 962 2411 συνίστανται
992 2376 1005 2389 ·
1048 2359 1142 2411 καὶ
1164 2359 1356 2430 πρώτη
1393 2361 1510 2432 μὲν,
1537 2365 1570 2435 ἡ
1600 2366 1787 2436 ἐαρινή
1812 2381 1825 2395 .

248 2449 312 2501 ὲν
341 2447 478 2518 αὐτῇ
510 2446 618 2518 γὰρ
640 2447 895 2518 ἐποίησεν
933 2450 961 2501 ὁ
992 2449 1123 2512 Θεὸς
1151 2449 1220 2503 τὰ
1244 2451 1538 2522 σύμπαντα
1566 2471 1579 2484 ’
1605 2456 1698 2508 καὶ
1730 2457 1827 2526 δη-

247 2540 339 2593 λοῖ
367 2538 429 2592 τὸ
466 2538 561 2594 καὶ
594 2537 756 2610 μέχρι
783 2538 881 2593 τοῦ
902 2540 1017 2605 νῦν,
1064 2542 1122 2595 ἐν
1160 2543 1297 2615 αὐτῇ
1331 2543 1438 2597 τῶν
1482 2545 1687 2600 ἀνθέων
1731 2547 1829 2618 τὴν

256 2632 553 2703 βλάστησιν
579 2629 848 2699 γίνεσθαι,
876 2631 999 2701 ἥτις
1023 2633 1119 2686 καὶ
1152 2635 1631 2708 ἱσημερινὴτροπὴ
1662 2639 1829 2691 ἐστιν’

251 2723 460 2778 δώδεκα
501 2722 611 2794 γὰρ
660 2721 817 2794 ὡρῶν
864 2725 962 2795 τὴν
998 2741 1060 2777 τε
1122 2725 1337 2796 ἡμέραν
1387 2728 1481 2779 καὶ
1519 2727 1619 2798 τὴν
1664 2728 1832 2782 νύκτα

250 2815 601 2887 καθίστησιν.
652 2813 801 2886 Αὑτη
841 2816 905 2868 ὲκ
941 2815 1040 2887 τῆς
1064 2818 1237 2888 μέσης
1260 2818 1525 2890 ἀνατολῆς
1554 2818 1649 2872 τοῦ
1676 2820 1830 2890 ἡλίου

252 2907 595 2973 συνίσταται,
621 2907 862 2978 εὑκραὴς
878 2903 1034 2972 οὖσα,
1062 2909 1294 2977 αἵματος
1315 2909 1604 2983 αὑξητικὴ,
1630 2911 1831 2982 θερμὴ,

253 2995 353 3049 καὶ
404 2995 549 3067 ὑγρὰ
601 2995 923 3067 ὑπάρχουσα
947 3011 963 3026 ο
999 2996 1095 3049 καὶ
1131 2996 1198 3050 δι’
1240 2997 1440 3066 ἑαυτῆς
1470 3000 1836 3069 μεσιτεύουσα

1928 1916 2093 1981 dixit,
2141 1922 2195 1971 ct
2245 1915 2389 1971 sicut
2421 1929 2484 1969 ca
2531 1911 2816 1977 fundavit;
2844 1912 3001 1981 juxta
3030 1910 3161 1965 illud
3198 1909 3366 1964 divini
3399 1908 3512 1961 Da-

1927 2006 2070 2061 vidis
2113 2024 2126 2061 :
2158 2005 2365 2060 Lunam
2419 2014 2469 2059 et
2518 2004 2727 2066 stellas,
2758 2019 2875 2072 qua:
2914 2012 2967 2056 tu
3003 2002 3241 2071 fundasti
3274 2003 3315 2053 ¹.
3366 1999 3502 2053 Nam

1930 2096 2118 2161 verbo,
2174 2097 2448 2166 fundasti,
2503 2095 2716 2148 ordinis
2757 2094 3083 2164 tenerisque
3141 2092 3275 2162 ipsis
3315 2106 3343 2143 a
3394 2090 3515 2143 Dce

1931 2190 2184 2243 concessi
2241 2188 2554 2241 Iirmitatem
2603 2192 2655 2239 et
2702 2185 3070 2239 constantiam
3132 2180 3504 2252 significavit;

1931 2290 2055 2331 cum
2104 2291 2168 2330 ea
2214 2276 2469 2330 statuerit
2512 2276 2566 2328 in
2615 2280 2886 2343 tempora,
2917 2280 2970 2327 et
3012 2272 3189 2341 signa,
3221 2279 3276 2325 et
3308 2283 3504 2323 annos.

1930 2365 2036 2421 Per
2081 2368 2251 2421 solem
2295 2367 2441 2419 enim
2476 2373 2715 2434 quatuor
2768 2372 3151 2433 tempestates,
3186 2361 3506 2415 conversio-

1931 2473 2100 2514 nesve
2142 2458 2558 2512 constituuntur
2600 2475 2614 2510 :
2652 2470 2884 2525 quarum
2936 2454 3113 2523 prima
3164 2466 3329 2507 verna
3387 2463 3506 2515 est;

1932 2565 2040 2619 qua
2085 2550 2340 2602 nimirum
2380 2548 2521 2603 Deus
2548 2548 2795 2601 condidit
2836 2546 3092 2600 universa
3118 2546 3138 2575 ί
3170 2563 3184 2598 :
3221 2544 3386 2611 idque
3409 2543 3508 2597 dc-

1932 2641 2142 2696 clarant
2200 2640 2500 2694 etiamnum
2557 2637 2719 2692 ﬂeres
2771 2652 2900 2691 vere
2958 2636 3313 2707 pullulautcs.
3387 2633 3510 2688 lla‘c

1934 2739 2116 2786 autem
2164 2731 2476 2795 conversio,
2527 2729 2930 2799 :rquinoctialis
2993 2728 3196 2782 dicitur
3245 2745 3258 2780 :
3307 2727 3514 2795 quippe

1934 2836 2058 2876 cum
2091 2820 2234 2875 diem
2254 2820 2541 2874 duodecim
2582 2820 2866 2881 horarum,
2900 2818 3262 2885 totidemque,
3287 2825 3515 2869 noctem

1936 2912 2194 2967 clliciant.
2215 2912 2387 2965 Porro
2413 2911 2504 2963 illa
2528 2925 2592 2965 ex
2616 2909 2802 2964 medie
2827 2909 2961 2963 solis
2984 2915 3108 2961 ortu
3129 2907 3511 2971 constituitur,

1938 3004 2251 3073 optimaque
2294 3002 2549 3070 temperie
2580 3009 2684 3064 est,
2727 3001 3050 3070 sanguinem
3094 3014 3322 3067 augens,
3357 2999 3494 3051 cali-

252 3087 338 3159 τῷ
362 3087 592 3159 χειμῶνί
619 3105 677 3141 τε
701 3088 797 3142 καὶ
819 3087 896 3158 τῷ
924 3088 1073 3160 Θέρει
1106 3105 1122 3121 ο
1147 3086 1243 3141 τοῦ
1268 3088 1367 3159 μὲν
1403 3090 1672 3160 χειμῶνος
1702 3090 1827 3161 Θερ-

1939 3095 2111 3163 daque
2135 3102 2189 3149 ct
2222 3094 2445 3148 humida
2490 3101 2653 3163 atque
2683 3094 2826 3148 inter
2857 3092 3086 3147 hiemem
3127 3098 3180 3145 et
3213 3098 3497 3155 aestatem;

258 3180 468 3250 μοτέρα
519 3180 614 3232 καὶ
645 3179 933 3250 ξηροτέρα,
964 3179 1055 3232 τοὺ
1084 3179 1141 3232 δὲ
1187 3179 1377 3250 θέρους
1402 3180 1715 3251 ψυχροτέρα
1737 3185 1833 3237 καὶ

257 3269 532 3341 ὑγροτέρα
548 3288 562 3302 ο
586 3269 841 3323 διατείνει
863 3269 924 3323 δὲ
942 3269 1125 3341 αὑτὴἡ
1154 3268 1293 3342 ὥρα,
1317 3271 1427 3324 ἀπὸ
1451 3274 1697 3343 Μαρτίου
1726 3274 1822 3327 καὶ

262 3362 461 3433 μέχρις
501 3362 719 3416 Ἰουνίου
753 3362 851 3416 κδῑ.
896 3357 1030 3414 Εἶτα
1060 3361 1372 3434 ὑψουμένης
1424 3364 1526 3431 τῆς
1557 3364 1651 3417 τοῦ
1678 3365 1831 3435 ἡλίου

258 3453 525 3524 ἀνατολῆς
553 3454 644 3506 ἐπὶ
696 3452 765 3506 τὰ
804 3452 1120 3525 βορειότεροι
1156 3454 1321 3524 μέρη,
1359 3456 1392 3525 ἡ
1426 3453 1610 3527 οερινὴ
1656 3457 1833 3528 τροπὴ

258 3543 584 3613 διαδέχεται,
636 3543 1001 3614 μεσιτεὺουσα
1052 3544 1130 3615 τῷ
1168 3561 1227 3597 τε
1265 3545 1386 3616 ἔαρι
1423 3547 1517 3600 καὶ
1553 3547 1631 3615 τῷ
1674 3564 1835 3617 μετο-

261 3633 466 3706 πώρῳο
496 3636 559 3688 ἐκ
594 3636 692 3705 μὲν
739 3634 832 3688 τοῦ
884 3634 1047 3704 ἔαρος
1079 3634 1141 3687 τὸ
1186 3633 1390 3704 θερμὸν
1422 3635 1645 3705 ἔχουσα,
1691 3638 1754 3689 ἐκ
1778 3636 1835 3689 δὲ

259 3726 359 3781 τοῦ
390 3725 709 3798 μετοπώρου
737 3725 799 3779 τὸ
825 3723 1005 3797 ξηρόν⁸
1042 3725 1225 3797 θερμὴ
1250 3725 1514 3795 γάρέστι,
1546 3727 1640 3779 καὶ
1671 3725 1845 3796 ξηρὰ,

261 3819 361 3873 καὶ
388 3818 489 3889 τὴν
511 3817 707 3888 ξανθὴν
740 3817 894 3883 αὑξει
939 3817 1120 3889 χολήν.
1165 3816 1315 3888 Λὺτη
1354 3817 1409 3870 δὲ
1438 3817 1703 3889 μεγίστην
1737 3818 1836 3888 μὲν

260 3908 365 3980 τὴν
389 3907 601 3979 ἡμέραν
635 3906 768 3977 ἔχει,
825 3906 984 3978 ὡρῶν
1044 3913 1139 3959 ιε’·
1209 3906 1308 3977 τὴν
1369 3906 1427 3960 δὲ
1476 3906 1647 3961 νύκτα
1690 3908 1833 3960 πάνυ

263 3999 658 4070 σμικροτάτην,
710 3998 867 4069 ὡρῶν
900 3999 1053 4051 ἐννέα
1090 3997 1366 4068 διάστημα
1420 3996 1668 4067 ἔχουσαν.
1726 3998 1837 4050 Καὶ

263 4091 406 4162 αῦτη
450 4090 508 4143 δὲ
569 4089 822 4143 διατείνει
885 4089 992 4143 ἀπο
1054 4089 1273 4142 Ἰουνίου
1327 4090 1406 4141 κδ’
1450 4088 1612 4159 μέχρι
1665 4088 1835 4159 μηνὸς

264 4180 643 4252 Σεπεμὸρίου
676 4186 772 4234 κε’.
806 4176 940 4234 Εἶτα
970 4180 1132 4234 πάλιν
1192 4182 1272 4244 είς
1302 4179 1400 4251 τὴν
1446 4180 1618 4250 μέσην
1644 4181 1838 4233 ἀνατοο

263 4271 367 4340 λὴν
398 4270 491 4323 τοῦ
520 4271 672 4341 ἡλίου
695 4270 1029 4335 ἐπανιόντος,
1083 4272 1116 4341 ἡ
1161 4269 1509 4341 μετοπωρινὴ
1536 4269 1712 4341 τροπὴ
1740 4268 1838 4341 τὴν

265 4361 487 4433 Θερινὴν
524 4360 764 4431 ἀμείϐει,
793 4361 973 4432 μέσως
1005 4379 1121 4425 πως
1143 4361 1345 4431 ἔχουσα
1377 4359 1589 4431 essent;
1621 4376 1703 4423 τε,
1744 4360 1843 4415 καὶ

1938 3186 2175 3240 hiemem
2207 3184 2389 3238 calere
2437 3191 2492 3238 et
2542 3183 2813 3246 siccitate,
2865 3190 3109 3237 mstatcm
3148 3180 3424 3252 frigcdiue
3459 3189 3515 3235 ct

1938 3275 2263 3330 humiditate
2291 3288 2685 3345 superansque.
2712 3271 2839 3326 llaec
2867 3287 2993 3339 pars
3015 3288 3042 3324 a
3060 3273 3318 3326 vicesimo
3338 3272 3517 3341 primo

1936 3364 2118 3420 Martii
2152 3375 2220 3420 ad
2274 3367 2590 3421 vicesimum
2627 3372 2885 3433 quartum
2927 3361 3075 3415 Junii
3121 3366 3512 3434 expert-igitur.

1939 3458 2145 3513 Deinde
2178 3473 2311 3513 vero
2366 3458 2500 3513 solis
2534 3464 2659 3511 ortu
2706 3454 2773 3509 ad
2825 3455 3282 3523 septentrionales
3327 3464 3513 3524 partes

1939 3548 2106 3602 altius
2175 3556 2519 3617 assurgente,
2576 3545 2875 3601 solstitium
2930 3544 3180 3597 mstivum
3243 3546 3517 3611 succedit,

1938 3635 2087 3706 quod
2118 3636 2263 3690 inter
2292 3652 2389 3690 ver
2418 3644 2472 3691 et
2502 3644 2828 3691 autumnum
2863 3636 3042 3688 locum
3070 3635 3307 3690 medium
3342 3646 3513 3704 tenet,

1939 3743 1967 3782 a
2003 3743 2129 3782 vere
2158 3710 2433 3792 calorem,
2471 3728 2539 3782 ab
2580 3735 2850 3781 autumno
2911 3726 3218 3782 siccilatcm
3283 3727 3511 3784 halens.
3552 3729 3563 3739 ”

1936 3815 2121 3872 Calida
2181 3832 2433 3887 namque,
2468 3824 2521 3872 et
2564 3817 2714 3872 sicca
2751 3823 2836 3871 est
2867 3823 3029 3872 mstas
3057 3854 3073 3880 ,
3108 3825 3161 3871 ct
3193 3816 3345 3873 ﬂava:
3384 3818 3515 3872 bilis

1939 3909 2330 3964 incrementum
2371 3909 2528 3981 165
2594 3908 2743 3964 facit.
2792 3905 2970 3976 Hujus
3025 3922 3189 3977 porro
3247 3908 3517 3962 maximus

1938 4001 2058 4055 dies
2083 4000 2395 4071 quindecim
2461 4003 2629 4056 horas
2683 4000 3069 4069 complectitur
3112 4019 3125 4053 :
3170 4014 3272 4053 nox
3346 4015 3512 4070 quam

1940 4092 2265 4148 brevissima
2288 4107 2481 4149 novem
2513 4094 2773 4147 horarum
2806 4091 2985 4161 spatio
3013 4090 3298 4145 definitur.
3340 4091 3517 4160 Atque

1939 4183 2056 4239 haec
2103 4198 2324 4254 quoque
2358 4198 2389 4236 a
2436 4192 2636 4253 quarto
2676 4192 2731 4237 et
2779 4181 3044 4237 vicesimo
3091 4179 3242 4234 Junii
3292 4178 3410 4241 die,
3448 4181 3514 4235 ad

1940 4276 2191 4346 quintum
2221 4282 2276 4330 et
2299 4275 2625 4330 vicesimum
2663 4272 3003 4345 Septembris
3033 4271 3284 4342 pertinet.
3319 4269 3515 4324 Postea

1942 4370 2058 4425 sele
2083 4383 2281 4424 rursus
2308 4367 2376 4422 ad
2411 4368 2651 4423 medium
2683 4377 2866 4423 ortum
2898 4364 3259 4436 regrediente.
3297 4370 3519 4417 autum-

267 4453 500 4525 θέρμης,
565 4450 859 4525 ξηρότητός
908 4470 986 4514 τε,
1033 4454 1129 4507 καὶ
1174 4453 1492 4524 ὑγρότητος,
1547 4451 1642 4505 καὶ
1683 4468 1829 4523 μεσι-

1943 4460 2085 4515 nalis
2107 4458 2400 4514 conversio
2424 4459 2665 4513 aestivam
2699 4456 2927 4527 excipit,
2959 4454 3134 4508 media
3159 4452 3495 4521 quodammo

266 4544 504 4600 τεὺουσα
531 4547 598 4617 τῇ
619 4563 679 4599 τε
713 4545 921 4616 Θερινῇ,
980 4544 1076 4599 καὶ
1110 4546 1175 4615 τῇ
1224 4546 1506 4615 χειμερινῇ
1539 4545 1738 4615 τροπῇ,
1776 4545 1843 4597 ὲκ

269 4637 373 4707 μὲν
397 4640 498 4708 τῆς
528 4635 749 4708 οερινῆς
776 4637 835 4690 τὸ
869 4636 1053 4709 ξηρὸν,
1085 4636 1151 4689 ὲκ
1201 4635 1257 4689 δὲ
1302 4635 1401 4704 τῆς
1434 4636 1754 4707 χειμερινῆς
1782 4634 1844 4688 τὸ

262 4728 478 4799 ψυχρὸν
510 4728 727 4799 ἔχουσα.
754 4729 953 4800 Ψυχρὰ
977 4729 1086 4799 γάρ
1116 4730 1233 4781 ἐστι
1268 4728 1363 4782 καὶ
1393 4727 1553 4797 ξηρὰ,
1585 4727 1751 4798 χολῆς
1781 4744 1843 4781 τε

270 4821 536 4892 μελαίνης
563 4822 829 4894 αὐξητικὴ
861 4822 1124 4891 πέφυκεν.
1161 4820 1310 4892 Αὕτη
1342 4820 1508 4874 πάλιν
1546 4819 1840 4891 ίσημερινὴ

264 4913 449 4983 τροπὴ
469 4914 723 4985 ὑπάρχει,
772 4914 978 4967 δώδεκα
1021 4912 1182 4983 ὡρῶν
1226 4914 1325 4983 τήν
1368 4930 1430 4965 τε
1477 4912 1716 4983 ἡμέραν,
1746 4912 1842 4965 καὶ

267 5006 372 5075 τὴν
391 5005 560 5060 νύκτα
603 5007 830 5078 ἔχουσαν
850 5023 865 5037 ο
916 5005 1174 5059 διατείνει
1203 5005 1259 5058 δὲ
1286 5003 1425 5073 αὕτη
1465 5004 1573 5057 ἀπὸ
1601 5005 1767 5056 Σεπτε
1778 5020 1845 5073 μ-

270 5097 433 5170 6ρίου
458 5104 558 5165 κε’,
587 5099 751 5171 μέχρι
806 5098 1142 5169 Δεκεμϐρίου
1178 5095 1275 5151 κε’.
1340 5094 1447 5149 Τοῦ
1476 5096 1534 5149 δὲ
1569 5095 1719 5166 ἡλίου
1755 5095 1848 5147 ἐπὶ

352 5254 374 5288 ⁸
398 5253 541 5311 Psal.
565 5270 685 5320 vm,
719 5256 772 5309 4.
849 5253 1056 5308 ’Basil.
1095 5253 1240 5308 hem.
1275 5249 1307 5305 6
1331 5249 1384 5304 in
1416 5248 1672 5305 llexaem.

1940 4552 2010 4606 de
2041 4551 2180 4605 inter
2222 4550 2398 4620 frigus
2449 4560 2503 4603 et
2550 4550 2814 4610 calorem,
2863 4547 3279 4612 siccitatemque
3318 4549 3372 4596 et
3412 4540 3518 4594 hu-

1939 4654 2168 4703 morem,
2189 4647 2352 4707 atque
2380 4639 2523 4692 inter
2538 4639 2782 4693 aestivam
2813 4643 2867 4691 et
2892 4635 3177 4689 hibernam
3225 4638 3520 4699 tempesta-

1938 4740 2021 4786 tes
2054 4728 2373 4797 interjccta;
2425 4730 2493 4783 ab
2556 4733 2743 4785 aestiva
2789 4725 3044 4780 videlicet
3085 4723 3416 4782 siccitatem,
3452 4718 3522 4772 ah

1939 4823 2171 4877 hiberna
2220 4821 2541 4891 frigcdinem
2577 4821 2803 4875 habens.
2851 4815 3069 4886 Frigida
3099 4814 3244 4868 enim
3277 4822 3331 4867 ct
3374 4811 3523 4865 sicca

1947 4924 2052 4981 est,
2086 4921 2372 4982 atramque
2409 4913 2570 4967 hiletn
2606 4927 2808 4983 augere
2841 4912 3000 4965 solet.
3034 4908 3211 4977 Atque
3242 4905 3354 4958 haec
3391 4915 3529 4957 rur-

1951 5021 2046 5060 sus
2062 5004 2465 5074 :cquinoctialis
2484 5004 2775 5057 conversio
2802 5000 3031 5061 dicitur,
3061 5006 3120 5052 ut
3153 5012 3276 5067 quae
3314 4994 3520 5047 duode-

1953 5096 2061 5151 cim
2084 5095 2373 5161 horarum,
2403 5102 2517 5148 tum
2548 5092 2716 5159 diem,
2753 5099 2869 5148 tum
2900 5097 3112 5145 noctem
3139 5087 3356 5143 habeat.
3382 5084 3531 5139 Pro-

1530 5371 1765 5426 VARIXE
1802 5366 2095 5425 LECTIO.\Y
2107 5366 2209 5421 ES.

351 5521 370 5556 ι
399 5516 513 5574 Cod
541 5517 693 5573 Colh.
730 5514 888 5575 4780,
915 5524 968 5569 et
1002 5513 1059 5569 S.
1104 5512 1210 5566 lli].
1246 5511 1493 5580 planetas
1514 5509 1701 5563 eodem
1742 5524 1805 5562 ac
1838 5506 2216 5580 cdita__erdine
2247 5514 2515 5580 recenset,
2540 5503 2668 5580 Ascd
2728 5502 2962 5580 singulis
3014 5504 3228 5580 mgtalla
3284 5504 3523 5580 singula.

266 5606 398 5660 qua:
422 5589 737 5645 earumdem
788 5574 993 5639 iutluxu
1033 5574 1277 5653 generari
1315 5581 1595 5642 dicuntur,
1622 5582 1829 5646 assigna

282 5660 513 5698 ’ρηηςυε
542 5672 881 5698 νηηπιιρηηε·
914 5657 1104 5698 νΛητιεΔ
1136 5653 1488 5698 {tanaim/um;
1530 5649 1829 5698 'Aoooaitn.

1939 5596 1950 5630 :
1990 5575 2172 5688 ἡλιος,
2206 5575 2403 5645 χρυσός
2428 5590 2441 5603 ·
2478 5575 2699 5644 σελὴνη,
2738 5574 2978 5645 ἄργυρος
3002 5589 3014 5603 ’
3056 5575 3227 5633 Ζεὺς.
3272 5575 3523 5655 σίδηροςθζ

1939 5645 2080 5698 λκλςο
2115 5646 2343 5698 Κρόνος.
2387 5644 2664 5698 μόλυϐδος.
2761 5654 2787 5682 υ
2810 5645 2944 5698 God.
2979 5645 3135 5698 Coll).
3159 5643 3337 5698 4780:
3374 5644 3523 5698 item:

282 5645 1106 5733 τΕρμῆςκκαοσιτεροςοηἌρης,
1136 5653 1490 5725 ὑδρὰργυρος,
1530 5649 1834 5720 Ἀφροδίτη,
1864 5645 1962 5718 χαλ

268 5725 410 5797 tres,
437 5725 491 5788 et
520 5725 585 5784 Ν.
611 5725 1035 5797 δημιουργήσας.

2034 5659 2080 5707 ς’
2115 5643 2343 5718 Κρόνος,
2385 5643 2664 5716 μόλυϐδος.
2761 5643 2787 5682 εί
2810 5643 2944 5699 God.
2979 5645 3135 5700 Colh.
3159 5643 3337 5711 4780;
3374 5643 3537 5713 Regii
