3962 6300
456 363 556 430 θοι
1628 364 1690 425 S‘.
1729 360 2038 426 IOANNIS

2145 359 2512 423 AMASCENI

3591 365 3712 432 892

458 477 702 534 tenditur
743 479 924 531 autem
964 487 1028 529 ea
1080 487 1110 528 a
1154 472 1639 542 vicesimo-quinto
1681 472 2023 544 Septembris

2145 472 2222 558 τήν
2251 473 2586 542 μικροτέραν
2609 471 2702 526 καὶ
2729 471 3178 544 χθαμαλωτέραν,
3213 473 3332 545 ἦτοι
3365 473 3464 546 τὴν
3483 492 3699 549 μεσημ-

457 568 525 623 ad
559 565 878 621 vicesimum
905 565 1158 634 quintum
1218 563 1560 618 Decembris.
1598 562 1735 617 Tum
1792 564 1909 618 sole
1956 563 2025 617 ad

2145 563 2320 634 Βρινήν
2347 563 2614 635 ἀνατολὴν
2636 565 2940 630 κατιόντος,
2987 567 3020 635 ὴ
3079 567 3362 636 χειμερινὴ
3389 568 3701 640 ἐπιλαμϐα-

456 655 774 713 inferiorem
800 655 1322 726 demissi‘oremque,
1350 655 1462 708 hoe-
1485 662 1574 709 est
1611 653 2038 709 meridionalem

2145 670 2278 706 νεται
2305 652 2500 724 τροπὴ,
2522 653 2707 724 ψυχρά
2751 671 2812 707 τε
2832 663 2858 692 '
2889 656 2983 708 καὶ
3016 655 3161 727 ὑγρὰ
3205 657 3572 727 τυγχάνουσα.
3607 661 3702 714 καὶ

456 756 662 812 ortum,
705 747 944 816 labente,
983 746 1218 803 hiemale
1269 746 1567 802 solstitium
1611 761 1678 800 ac
1727 755 2026 814 tempestas

459 839 642 907 subit;
689 853 813 910 quae
853 839 1055 910 frigida
1097 847 1156 894 et
1213 838 1439 893 humida
1487 845 1605 902 est,
1659 837 1835 892 media
1884 837 2029 891 inter

459 931 828 986 autumnalem
861 937 918 985 et
949 945 1171 985 vernam
1199 929 1483 1000 qualitate.
1534 929 1660 984 llaec
1700 943 1867 998 porro
1909 927 2030 982 bre-

455 1023 744 1078 vissimum
801 1021 989 1086 diem,
1044 1037 1238 1077 novem
1302 1021 1588 1082 horarum,
1653 1019 2028 1087 longissimam

456 1121 696 1178 noctem,
723 1113 1032 1183 quindecim
1056 1113 1245 1176 habet,
1275 1128 1338 1168 ac
1363 1112 1613 1182 pituitam
1638 1119 1796 1181 anget
1820 1127 1834 1164 :
1867 1117 2032 1180 atque

457 1221 494 1260 tt
523 1205 839 1260 Decembris
868 1204 1065 1274 quinto
1096 1212 1150 1260 et
1179 1203 1442 1259 vicesimo
1475 1202 1566 1257 die
1593 1202 1656 1254 ad
1707 1202 1942 1270 primum
1977 1208 2032 1256 et

455 1294 779 1348 vicesimum
803 1309 976 1363 usque
998 1293 1172 1348 Martii
1198 1308 1258 1348 se
1283 1293 1536 1363 porrigit.
1567 1291 1856 1360 Sapienter
1884 1291 2029 1346 enim

445 1396 492 1435 ⁴ιι
518 1395 702 1434 rerum
726 1380 1024 1436 Conditore
1051 1381 1328 1451 provisum
1347 1388 1464 1435 est:
1492 1396 1558 1435 ne
1585 1381 1790 1450 alioqui
1822 1395 1852 1433 a
1881 1397 2032 1434 smu-

458 1487 552 1527 mo
583 1473 808 1542 frigore,
846 1481 940 1527 aut
971 1473 1176 1536 calore,
1215 1483 1309 1528 aut
1343 1473 1691 1538 liumiditate,
1729 1478 1823 1526 aut
1870 1474 2030 1526 sicci-

457 1570 589 1626 tate,
655 1562 722 1616 ad
791 1570 1036 1618 extreme
1090 1564 1427 1618 contrariam
1496 1564 1815 1634 qualitatem
1853 1569 2033 1618 trans-

457 1655 685 1713 euntes,
725 1648 779 1701 in
814 1663 1009 1718 graves
1047 1649 1270 1704 morbos
1322 1649 1649 1704 incidamus.
1685 1647 2034 1704 Periculosas

456 1741 602 1794 enim
628 1755 750 1794 esse
779 1741 1100 1811 repentinas
1130 1742 1464 1796 mutationes
1500 1742 1712 1796 ratione
1763 1739 1882 1810 ipsa
1921 1739 2026 1795 do-

457 1847 670 1888 cellllﬂ'.

527 1925 611 1979 Ad
643 1925 791 1981 hunc
822 1925 1010 1996 itaque
1039 1926 1257 1981 modum
1304 1927 1385 1982 sol
1425 1937 1660 1997 quatuor
1711 1926 2032 1982 conversio-

456 2032 582 2082 nes,
611 2033 818 2088 perque
850 2032 945 2074 eas
979 2033 1184 2072 annum
1208 2018 1404 2083 eiIicit;
1439 2020 1557 2074 dies
1596 2021 1724 2074 item
1758 2028 1812 2074 et
1846 2031 2036 2073 noctes

459 2109 745 2164 constituit
777 2127 790 2164 :
823 2110 964 2175 dies,
996 2108 1245 2180 inquam,
1282 2125 1409 2164 cum
1461 2113 1730 2173 exoritur.
1781 2119 1833 2164 et
1865 2126 2036 2181 supra

459 2209 664 2252 terram
684 2199 934 2266 exsistit;
959 2209 1171 2262 noctes,
1201 2216 1325 2256 cum
1361 2208 1520 2256 terra:
1553 2201 1701 2256 subit
1725 2209 1779 2254 et
1810 2203 2036 2268 occidit,

459 2290 850 2362 sideribusque
881 2292 1029 2357 aliis,
1080 2293 1222 2347 luna:
1245 2293 1504 2347 nimirum
1537 2302 1592 2350 et
1619 2293 1794 2349 stellis
1826 2302 1886 2348 ut
1909 2293 2038 2350 illu-

457 2389 648 2447 ceant,
671 2382 943 2437 concedit.

527 2471 696 2542 Signa
727 2473 1002 2529 duodecim
1031 2475 1332 2530 zodiaci.—
1354 2475 1524 2531 Aiunt
1554 2475 1722 2530 etiam
1750 2473 2036 2529 duodecim

456 2562 516 2618 in
546 2563 689 2619 cotlo
721 2564 880 2636 signa
913 2580 982 2622 ex
1008 2567 1174 2622 astris
1202 2582 1347 2633 esse,
1370 2567 1692 2621 animalium
1719 2565 2039 2620 nominibus

457 2663 801 2725 nuncupata,
833 2671 956 2728 quae
1006 2667 1222 2722 contra,
1267 2673 1334 2713 ac
1365 2659 1470 2726 sol,
1497 2667 1550 2712 et
1582 2658 1710 2711 luna
1742 2657 2040 2724 caeterique

456 2755 712 2804 errantes
734 2759 1078 2816 moveantur;
1127 2767 1222 2821 per
1258 2766 1434 2822 eaque
1479 2752 1635 2821 signa
1673 2758 1878 2819 septem
1918 2749 2037 2817 pla-

459 2845 618 2894 netas
652 2841 913 2896 transire.
953 2840 1120 2911 Atqui
1177 2841 1260 2896 sol
1307 2841 1528 2910 quidem
1593 2840 1648 2894 in
1705 2853 2036 2908 unoquoque

461 2929 623 2999 signo
647 2945 888 2986 mensem
922 2947 1088 2986 unum
1126 2932 1367 3002 perlicit,
1400 2931 1690 2986 duodecim
1732 2930 1886 2999 signa
1913 2930 2034 2984 toti-

461 3021 584 3076 dem
621 3021 906 3079 mensibus
949 3036 1225 3097 peragrat.
1287 3022 1493 3080 llorum
1539 3037 1706 3094 porro
1753 3021 2036 3093 signorum

459 3113 682 3168 nomina
715 3114 828 3169 haec
857 3125 1004 3178 sunt.
1035 3117 1197 3185 hique
1225 3131 1416 3170 eorum
1442 3131 1680 3171 menses.

528 3209 712 3273 Aries,
743 3225 930 3266 mense
957 3210 1178 3277 Martio,
1200 3211 1290 3266 die
1329 3211 1393 3264 21
1433 3211 1607 3267 solent
1633 3211 1854 3285 excipit.

531 3305 767 3368 Taurus,
804 3321 988 3360 mense
1027 3306 1222 3375 Aprili,
1265 3307 1352 3362 die
1381 3307 1482 3362 25.

530 3391 768 3462 Gemini,
794 3415 981 3455 mense
1011 3401 1174 3467 Maio,
1205 3401 1294 3456 die
1316 3403 1408 3458 24.

527 3495 764 3558 Cancer,
802 3511 987 3552 mense
1013 3495 1201 3564 Junio,
1231 3500 1320 3553 die
1345 3499 1438 3556 24.

529 3589 659 3658 Leo,
699 3606 887 3646 mense
910 3590 1082 3658 Julio,
1114 3593 1202 3649 die
1238 3595 1334 3650 25.

529 3682 722 3756 Virgo,
751 3701 942 3742 mense
961 3687 1232 3759 Augusto,
1251 3688 1341 3744 die
1370 3689 1461 3744 25.

529 3779 718 3843 Libra,
759 3795 947 3836 mense
979 3783 1313 3851 Septembri,
1339 3783 1427 3839 die
1448 3785 1540 3840 25.

532 3875 818 3947 Scorpius,
851 3891 1040 3931 mense
1068 3875 1312 3944 Octobri,
1347 3878 1437 3934 die
1465 3879 1557 3934 25.

533 3970 860 4042 Sagitarius,
897 3987 1086 4028 mense
1114 3970 1434 4040 Novembri,
1474 3974 1563 4031 die
1590 3975 1681 4031 25.

531 4098 925 4168 Capricornus,
963 4115 1150 4157 mense
1176 4100 1490 4166 Decembri,
1526 4101 1615 4157 die
1638 4101 1730 4158 25.

528 4216 825 4288 Aquarius,
857 4233 1046 4276 mense
1077 4217 1364 4286 Januario,
1402 4218 1493 4275 die
1519 4219 1610 4275 25.

531 4310 741 4378 Pisces,
779 4328 970 4369 mense
1001 4313 1326 4381 Februario,
1358 4314 1448 4370 die
1479 4314 1575 4369 24.

531 4409 698 4465 Luna:
743 4426 931 4464 cursus
970 4410 1284 4465 brevior.——
1313 4411 1384 4466 At
1415 4427 1546 4467 vero
1595 4411 1747 4479 luna,
1801 4419 1859 4467 ut
1913 4429 2036 4484 qua:
2125 4456 2128 4458 η

2061 3168 2106 3228 c
2138 3197 2327 3272 Κριὸς,

2131 744 2488 815 μεσιτεύουσα
2514 747 2579 816 τῇ
2611 761 2673 799 τε
2711 749 3081 818 μετοπωρινῇ,
3130 747 3226 801 καὶ
3253 751 3318 818 τῇ
3367 749 3558 820 ἐαρινῇ
3587 765 3601 780 ⁸
3636 751 3703 806 ὲκ

2131 837 2230 906 μὲν
2254 837 2352 906 τῆς
2386 836 2765 908 μετοπωρινῆς
2812 838 2874 890 τὸ
2916 838 3122 910 ψυχρὸν
3153 839 3372 909 ἔχουσα,
3420 843 3484 895 ὲκ
3513 842 3572 896 δὲ
3604 845 3705 913 τῆς

2128 927 2350 997 ἐαρινῆς
2372 928 2432 981 τὺ
2452 927 2618 999 ὑγρὸν
2664 929 2996 1000 κεκτημένη.
3027 928 3177 1001 Αὕτη
3210 929 3270 984 δὲ
3331 933 3706 1003 σμικροτάτην

2135 1019 2234 1088 μὲν
2259 1020 2359 1087 τὴν
2387 1019 2599 1091 ἡμέραν
2647 1019 2778 1091 ἔχει,
2821 1019 2977 1091 ὡρῶν
3003 1021 3163 1075 ἐννέα
3207 1022 3584 1095 ὑπάρχουσαν,
3606 1025 3704 1094 τὴν

2130 1109 2188 1162 δὲ
2217 1107 2388 1163 νύκτα
2421 1109 2708 1181 μεγίστην.
2728 1107 2886 1181 ὡρῶν
2901 1110 3261 1182 ὑπάρχουσαν
3277 1115 3702 1169 πεντεκαίδεκαο

2132 1200 2442 1270 φλέγματος
2467 1199 2524 1252 δὲ
2562 1199 2702 1272 αὕτη
2748 1201 2983 1272 ὑπάρχει
3012 1202 3322 1274 αύξητικήπ
3358 1203 3616 1257 διατείνει
3649 1204 3709 1258 δὲ

2131 1293 2227 1346 καὶ
2281 1290 2420 1362 αὕτη
2469 1291 2578 1346 ἀπὺ
2609 1291 2944 1364 Δεκεμϐρίου
2971 1293 3274 1366 κε”μέχρις
3318 1294 3400 1348 κα⁹
3434 1297 3706 1367 Μαρτίου.

2131 1383 2318 1452 Σοφῶς
2345 1383 2455 1452 γὰρ
2499 1384 2528 1436 ό
2568 1384 2904 1456 Δημιουργδς
2924 1386 3318 1456 προενοήσατο,
3342 1386 3418 1451 ὡς
3438 1386 3506 1440 ἂν
3542 1384 3618 1458 μὴ
3649 1387 3710 1455 ἐξ

2129 1474 2307 1544 ἄκρας
2365 1474 2729 1546 ψυχρότητος,
2765 1475 3187 1548 ἢθερμότητος,
3233 1477 3267 1548 ἦ
3306 1478 3626 1550 ὑγρότητος,
3673 1479 3710 1549 ἢ

2133 1563 2445 1636 ξηρότητος,
2474 1566 2576 1618 ἐπὶ
2592 1565 2688 1637 τὴν
2715 1567 2890 1638 ἄκραν
2929 1568 3180 1622 ἐναντίαν
3231 1569 3520 1640 ἐρχόμενοι
3551 1571 3710 1624 ποιό-

2132 1673 2293 1741 τητα,
2321 1657 2576 1727 χαλεποῖς
2608 1657 2998 1730 περιπέσωμεν
3030 1660 3432 1732 ἁρρωστήμασι
3464 1677 3478 1692 ο
3505 1663 3712 1731 σφαλεσ

2137 1747 2240 1821 ρὰς
2271 1749 2384 1821 γὰρ
2409 1749 2507 1814 τὰς
2536 1748 2835 1819 αἰφνιδίως
2867 1750 3172 1822 μεταϐολὰς
3212 1748 3354 1807 οίδεν
3382 1755 3418 1806 ὁ
3441 1755 3617 1823 λόγος.

2208 1923 2363 1980 Οὕτω
2404 1923 2503 1995 μὲν
2550 1919 2660 1979 οὖνπ
2691 1925 2725 1979 ὁ
2757 1923 2905 1997 ἥλιος
2926 1925 3027 1991 τὰς
3063 1927 3288 2000 τροπὰς,
3321 1929 3416 1984 καὶ
3434 1929 3501 1983 δι’
3528 1930 3714 1986 αὐτῶν

2134 2014 2226 2069 τὸν
2266 2015 2508 2068 ἐνιαυτὸν
2539 2015 2932 2086 ἀπεργάζεται,
2981 2017 3078 2070 καὶ
3119 2007 3219 2082 τάξ
3251 2019 3473 2092 ἡμέρας.
3499 2021 3579 2087 δὲ,
3614 2025 3713 2076 καὶ

2134 2107 2233 2170 τὰς
2254 2106 2455 2170 νύκτας
2474 2121 2488 2136 °
2511 2107 2612 2170 τὰς
2642 2107 2740 2177 μὲν
2766 2108 3098 2174 ἀνατέλλων,
3130 2111 3225 2164 καὶ
3259 2111 3400 2183 ὑπὲρ
3428 2113 3534 2183 γῆν
3564 2115 3716 2182 γινό-

2139 2214 2319 2268 μενος,
2353 2195 2451 2258 τὰς
2482 2196 2539 2250 δὲ
2559 2197 2662 2249 ὑπὸ
2695 2197 2800 2267 γῆν
2857 2198 3030 2252 δύνων
3059 2215 3074 2229 ·
3115 2200 3211 2255 καὶ
3251 2204 3363 2264 τοῖς
3387 2203 3567 2266 ἄλλοις
3594 2221 3714 2271 φω-

2138 2288 2355 2356 στῆρσι,
2387 2287 2588 2358 σελήνῃ
2631 2304 2714 2356 τε,
2762 2289 2860 2342 καὶ
2906 2290 3141 2362 ἀστράσι
3162 2291 3261 2363 τήν
3293 2292 3491 2363 φαῦσιν
3526 2311 3712 2366 παρα-

2138 2373 2332 2444 χωρῶν
2363 2375 2668 2448 αυνίστησι.
2956 2371 2968 2384 ’

2204 2463 2339 2516 Φασὶ
2367 2462 2429 2518 δὲ,
2454 2464 2548 2518 καὶ
2595 2465 2806 2522 δώδεκα
2858 2465 3027 2534 (eam
3069 2468 3130 2536 ἐξ
3160 2469 3407 2542 ἀστέρων
3468 2467 3609 2526 εἶναι
3655 2473 3717 2526 ὲν

2125 2552 2215 2623 ,τῷ
2253 2554 2484 2626 οὐρανῷ,
2511 2556 2759 2611 ὲναντίαν
2788 2560 3001 2628 κίνησιν
3029 2561 3222 2632 ἔχοντα
3253 2562 3333 2632 τῷ
3354 2580 3412 2615 τε
3437 2563 3596 2634 ήλίῳ,
3615 2566 3716 2619 καὶ

2137 2647 2205 2715 τῇ
2230 2645 2446 2716 σελήνῃ,
2472 2647 2692 2711 καὶτοῖς
2720 2649 2898 2715 ἄλλοις
2949 2652 3110 2705 πέντε
3141 2653 3462 2724 πλανήταις,
3499 2656 3596 2707 καὶ
3620 2655 3715 2708 διὰ

2138 2737 2246 2790 τῶν
2277 2737 2483 2790 δώδεκα
2513 2738 2717 2803 ζωδίων
2747 2742 3118 2814 παρέρχεσθαι
3143 2746 3270 2809 τοὺς
3309 2746 3470 2800 ἑπτά.
3512 2746 3574 2800 Ὀ
3608 2747 3714 2817 μὲν

2139 2824 2232 2882 οὖν
2255 2828 2408 2897 ἥλιος
2433 2828 2557 2882 καθ’
2584 2829 2814 2886 ἕκαστον
2860 2833 3048 2897 ζὼδιον
3092 2835 3350 2889 ἀποτελεῖ
3402 2835 3549 2906 μῆνα
3589 2837 3712 2902 ἕνα,

2143 2919 2236 2972 καὶ
2259 2920 2346 2973 διὰ
2373 2919 2482 2973 τῶν
2522 2921 2731 2976 δώδεκα
2780 2924 2967 2994 μηνῶν
2992 2925 3062 2978 τὰ
3082 2924 3291 2980 δώδεκα
3315 2925 3484 2991 ζὼδια
3500 2927 3714 2999 διέρχεσ-

2139 3027 2231 3066 ται
2262 3027 2278 3042 ·
2297 3008 2406 3063 τῶν
2429 3010 2486 3064 δὲ
2517 3011 2724 3066 δώδεκα
2769 3013 3070 3079 ζωδίωνντὰ
3090 3017 3332 3088 ὀνόματά
3359 3017 3478 3072 ἐστι
3502 3017 3714 3086 ταῦτα,

2141 3100 2240 3156 καὶ
2275 3100 2326 3154 οἱ
2347 3099 2553 3154 τούτων
2577 3101 2769 3173 μῆνες.

2439 3205 2554 3272 ’γ’
2606 3202 2734 3272 μηνὶ
2763 3204 3013 3276 Μαρτίῳ,
3045 3212 3152 3270 κα’,
3177 3205 3396 3278 δέχεται
3415 3209 3508 3264 τὸν
3536 3209 3719 3282 ἣλιον.

2134 3298 2376 3368 Ταῦρος,
2449 3285 2544 3372 ὅ
2595 3298 2728 3372 μηνὶ
2770 3299 3234 3374 ’Δπριλλίῳ,’κγ’.-

2133 3395 2375 3466 Δίδυμοι,
2435 3395 2539 3465 Π
2601 3397 2732 3466 μηνὶ
2755 3395 2936 3470 Μείίῳ,
3131 3396 3243 3456 κδ’..

2135 3493 2426 3564 Καρκῖνος,
2640 3495 2768 3566 μηνλΙ
2803 3495 3025 3567 Ἰουνίῳ,
3135 3495 3216 3548 κδ’
3219 3534 3244 3552 ι

2134 3587 2308 3652 Λέων,
2435 3581 2538 3672 J1
2603 3592 2733 3664 μηνὶ
2771 3591 2997 3663 Ἰουλίῳ,
3119 3595 3222 3646 κε’.

2137 3685 2428 3756 Παρθένος,
2454 3701 2580 3773 ηρ.
2605 3687 2732 3758 μηνὶ
2747 3685 3061 3756 Αὐγούστῳ,
3103 3690 3204 3740 κε’.

2136 3782 2328 3850 Ζυγὸς,
2465 3797 2564 3841 -ί-ξ,
2606 3783 2736 3854 μηνὶ
2759 3781 3137 3852 Σεπτεμϐρίῳ,
3152 3785 3250 3833 κε’.

2138 3878 2428 3949 Σκορπίος,
2461 3895 2572 3960 m
2611 3877 2742 3948 μηνὶ
2783 3875 3251 3947 Ὀκτωϐρίῳ,κε¹;

2135 3983 2390 4058 Τοξότης,
2483 3965 2542 4076 ᾗ
2601 3988 2732 4059 μηνὶ
2756 3984 3067 4059 Νοεμϐρίῳ,
3104 3981 3204 4038 κε’.

2136 4103 2474 4176 Δίγόκερως,
2492 4082 2574 4207 ἴ
2606 4106 2734 4177 μηνὶ
2749 4104 3087 4178 Δεκεμϐρίῳ,
3107 4108 3204 4158 κε’.

2145 4219 2446 4290 Ὑδροχόος,
2465 4225 2564 4274 αξξ
2605 4225 2735 4296 μηνὶ
2761 4222 3096 4294 Ἰανουαρίῳ,
3121 4219 3226 4277 κε’.

2149 4314 2370 4386 ’ίχθύες,
2451 4311 2548 4392 )-(
2602 4318 3112 4392 μηνὶψευρουαρίῳ,
3134 4315 3231 4372 κδ’.

2218 4413 2281 4467 Ἦ
2305 4414 2362 4468 δὲ
2383 4415 2581 4487 σελήνη
2625 4422 2676 4485 (ζ
2703 4415 2826 4471 καθ’
2863 4415 3092 4468 ἕκαστον
3117 4414 3263 4485 μῆνα
3287 4413 3356 4466 τὰ
3377 4411 3585 4466 δώδεκα
3612 4412 3720 4476 ζὼ-

462 4501 728 4558 inferiore
772 4501 895 4556 loco
939 4503 1044 4570 sit,
1108 4503 1456 4574 celeriusque
1511 4503 1797 4560 zodiacum
1849 4506 2036 4560 orbem

2145 4505 2229 4560 δια
2247 4506 2544 4576 διέρχεται,
2591 4506 2880 4578 κατωτέρα
2910 4504 3069 4570 οὖσα,
3101 4505 3200 4558 καὶ
3219 4504 3520 4575 ταχύτερον
3539 4501 3719 4556 ταῦτα

461 4601 734 4662 peragret,
767 4591 822 4645 in
864 4593 1112 4662 singulos
1162 4609 1386 4651 menses
1419 4602 1531 4650 tota
1561 4595 1848 4651 duodecim
1877 4596 2036 4667 signa
2079 4629 2090 4635 -

464 4685 757 4754 percurrit.
819 4686 980 4759 166
1029 4685 1504 4753 Quemadmodum
1557 4688 1728 4756 enim,
1787 4689 1834 4745 si
1893 4689 2038 4744 intra

464 4775 676 4844 orbem,
705 4777 874 4833 alium
913 4779 1204 4849 quemdam
1243 4780 1430 4836 orbem
1465 4779 1658 4848 facias,
1692 4780 1924 4835 interior
1947 4795 2039 4835 or—

464 4866 550 4922 bis
581 4867 674 4922 illo
705 4868 886 4925 minor
910 4871 1222 4927 invenietur
1259 4889 1274 4924 :
1313 4869 1507 4927 eodem
1553 4869 1715 4925 modo
1749 4886 1875 4925 cum
1904 4870 2033 4924 luna

2139 4597 2445 4651 διοδεύουσα
2468 4615 2482 4629 ο
2507 4597 2584 4661 ὡς
2618 4597 2727 4668 γὰρ
2781 4597 2875 4650 ἐὰν
2919 4599 3153 4671 ποιήσῃς
3191 4594 3354 4650 πόλον
3381 4594 3531 4647 ἔνδον
3553 4593 3717 4647 ἄλλον

2143 4689 2331 4751 πόλου,
2353 4689 2382 4740 ὁ
2411 4688 2560 4742 ἔνδον
2587 4689 2748 4752 πόλος
2771 4689 3095 4760 μικρότερος
3123 4687 3508 4759 εὑρεθήσεταιο
3541 4683 3720 4746 οὔτως

2145 4781 2238 4834 καὶ
2263 4782 2291 4834 ό
2321 4779 2519 4850 δρόμος
2549 4783 2650 4851 τῆς
2676 4781 2907 4850 σελήνης
2938 4779 3253 4851 κατωτέρας
3289 4777 3478 4848 οὔσης,
3524 4773 3722 4844 ὀλιγὼ-

2143 4868 2299 4939 τερός
2322 4871 2459 4933 ἐστι,
2483 4870 2579 4922 καὶ
2608 4868 2828 4924 ἀνύεται
2859 4869 3064 4940 τάχιον.

467 4959 785 5016 inferiorem
810 4962 996 5018 sedem
1035 4969 1196 5018 nacta
1223 4962 1316 5028 sit,
1349 4962 1572 5018 brevius
1607 4977 1828 5033 quoque
1903 4962 2077 5032 ipsius
2151 4960 2486 5015 curriculum
2549 4961 2657 5028 sit,
2711 4961 2988 5031 citiusque
3052 4960 3379 5017 conﬁciatur
3429 4970 3721 5015 necessum

467 5061 727 5200 eméidera
751 5159 974 5216 quorum
1003 5144 1156 5216 signa
1177 5145 1306 5200 sint.
1340 5143 1495 5199 Nihil
1523 5142 1758 5198 libertati
1786 5143 2037 5212 ofﬁciunt,

2217 5141 2280 5194 Οί
2309 5139 2406 5209 μὲν
2433 5135 2525 5195 οὖν
2553 5139 2813 5212 Ἕλληνες
2839 5139 2949 5213 (65)
2977 5141 3063 5196 διὰ
3091 5141 3188 5212 τῆς
3216 5141 3328 5195 τῶν
3355 5140 3570 5214 ἄστρων
3589 5142 3722 5197 τού-

1770 5233 2006 5289 νΑιιιΑῖ
2047 5233 2450 5290 LECTIONES.

541 5337 570 5368 τ
601 5327 668 5384 Β.
711 5328 746 5384 5
776 5327 936 5386 Coll).
959 5343 1130 5397 unus,
1155 5325 1282 5384 cod.
1309 5325 1368 5382 3.
1403 5324 1512 5380 "il.
1550 5325 1867 5399 ψυχροτέρα
1893 5343 1977 5381 τε.

2006 5411 2240 5469 ΝΟΤᾸΕ.

699 5517 762 5569 Ol
779 5515 895 5592 μὲν
921 5511 1035 5573 οὖν
1062 5516 1306 5592 ἐθνικοί.
1335 5515 1462 5592 lem
1484 5531 1618 5592 .vero
1636 5513 1884 5592 Δρειιιὶζευε,
1931 5521 2040 5592 εις.

475 5586 722 5641 Gentiles
781 5583 882 5655 qui
931 5601 1022 5642 res
1076 5589 1344 5642 lmmanas
1390 5583 1729 5640 iueluctabili
1791 5583 2041 5655 fato_r_egi

518 5651 1076 5726 utabant,_e|eganter
1109 5655 1399 5726 Nemesius
1431 5655 1704 5718 confutat,
1745 5669 1868 5726 cap.
1896 5651 1965 5705 55
1991 5658 2044 5704 et

518 5672 761 5721 manant,
795 5672 1076 5726 eleganter
1111 5672 1395 5711 nemesms
1431 5672 1704 5718 Cﬂltllllal,
1745 5672 1868 5722 cap.
1897 5672 1965 5705 oo
1991 5672 2044 5704 et

473 5672 566 5790 g6,
584 5739 744 5790 quem
771 5721 964 5779 Noster
987 5725 1075 5778 hic
1097 5727 1364 5795 sequitur.
1386 5725 1442 5779 Id
1462 5725 1767 5795 argumenti
1791 5722 2046 5795 irequch

469 5803 553 5853 ter
580 5801 892 5852 tractarunt
918 5790 1194 5854 doctorcs‘
1219 5796 1316 5853 alii
1351 5814 1364 5852 :
1403 5790 1553 5852 unde
1599 5794 1857 5865 pessime,
1893 5790 2042 5862 apud

2142 5505 2486 5562 Christianos
2524 5506 2823 5575 audierunt
2876 5505 3160 5574 astrologi,
3209 5504 3305 5575 qui
3363 5519 3428 5561 ex
3473 5505 3719 5560 siderum

2146 5577 2485 5646 inspectione
2513 5574 2824 5646 futurorum
2849 5576 3216 5646 cognitionem
3231 5574 3347 5630 ’sibi
3371 5586 3720 5644 tit-rogarunt.

2145 5645 2428 5716 Origenes,
2463 5646 2516 5716 in
2577 5645 2909 5716 Philoralia,
2953 5660 3077 5716 cap.
3103 5645 3372 5716 22,Aquod
3415 5661 3481 5698 ex
3521 5647 3720 5700 tomol

2146 5713 2679 5773 Commentariorum
2719 5714 2842 5782 ejus
2900 5715 2956 5767 in
3013 5713 3266 5768 Genesim
3305 5723 3582 5782 sumptum
3612 5724 3721 5780 est,

2149 5790 2492 5846 demonstrat
2546 5785 2663 5842 ﬁeri
2703 5801 2826 5860 .uou
2879 5799 3062 5855 posse,
3115 5791 3173 5838 ut
3227 5790 3374 5838 astra
3437 5799 3628 5840 rerum
3657 5796 3710 5841 et
