3962 6300
120 340 246 412 893'-

1219 352 1316 413 DE
1356 349 1534 411 FIDE
1572 348 2036 411 ORTHODOXA
2076 352 2219 413 LIB;
2249 354 2332 415 II.

3298 361 3406 428 894

117 451 426 525 των,ήλίου
467 470 549 520 τε,
585 454 682 509 καὶ
733 455 983 527 σελήνης,
1017 458 1303 531 ἀνατολῆς,
1341 461 1436 514 καὶ
1484 459 1710 524 δύσεως,

1826 471 2005 516 contra
2033 464 2227 533 fatum.
2259 495 2327 506 —
2357 464 2478 519 Jam
2514 468 2935 538 vero‘gentiles,
2973 485 3080 541 per
3104 470 3298 527 horum
3327 475 3402 530 si-

117 547 223 601 καὶ
241 543 628 617 συγκρούσεως
665 555 716 611 κ,
752 549 888 616 φασὶ
940 549 1118 604 πάντα
1144 551 1465 606 διοικεῖσθαι
1496 554 1565 607 τὰ
1587 552 1704 605 καθ’

119 639 293 710 ἡμᾶς.
321 637 460 705 Περὶ
486 637 662 692 ταῦτα.
707 640 817 710 γὰρ
870 642 903 711 ή
942 641 1275 712 ἀστρολογία
1310 643 1705 711 καταγίνεται·

122 729 288 798 ἡμεῖς
312 727 367 781 δέ
398 744 601 797 φαμεν,
628 728 712 782 ὅτι
745 731 950 800 σημεῖα
985 731 1083 801 μὲν
1115 732 1172 799 ἐξ
1217 732 1396 786 αὐτῶν
1442 735 1706 802 γίνονται,

122 818 335 890 ὄμϐρου
364 820 461 872 καὶ
494 818 819 891 ἀνομϐρίας,
850 820 1067 891 ψυξεὼς
1080 840 1140 875 τε
1170 824 1263 877 καὶ
1290 824 1527 896 θέρμης,
1556 826 1713 899 ὑγρό-

123 909 286 979 τητός
320 927 380 963 τε
401 910 498 963 καὶ
521 910 836 982 ξηρότητος,
864 911 961 966 καὶ
993 914 1234 984 ἀνέμων,
1278 915 1371 968 καὶ
1395 918 1503 969 τῶν
1532 918 1710 972 τοιού-

124 1016 237 1053 των
259 1016 275 1031 ο
310 999 420 1053 τῶν
452 1000 509 1054 δὲ
530 1002 817 1073 ἡμετέρων
868 1002 1145 1075 πράξεων,
1203 1005 1478 1077 οὐδαμῶς.
1521 1009 1713 1079 Ἡμεῖς

126 1091 239 1163 γάρ
260 1092 609 1158 αὑτεξούσιοιν
637 1094 743 1148 ὑπὸ
770 1094 864 1149 τοῦ
898 1097 1241 1168 Δημιουργοῦ
1280 1098 1584 1169 γενόμενοι,
1616 1102 1715 1154 xti-

132 1201 238 1255 ριοι
262 1183 374 1236 τῶν
403 1184 688 1256 ἡμετέρων
734 1186 1055 1258 ὗπάρχομεν
1099 1188 1372 1257 πράξεων.
1411 1190 1472 1242 Εἰ
1504 1190 1614 1261 γὰρ
1648 1193 1714 1247 ὲκ

127 1275 230 1345 τῆς
262 1273 376 1327 τῶν
427 1275 675 1347 ἀστέρων
738 1279 912 1348 φορᾶς
985 1279 1164 1333 πάντα
1220 1280 1557 1352 πράττομεν,
1591 1285 1714 1337 κατ’

129 1369 391 1440 ἀνάγκην-
413 1372 749 1441 πράττομεν,
776 1371 819 1426 ἀ.
835 1371 1185 1445 πράττομεν·
1214 1376 1273 1429 τὸ
1296 1376 1353 1430 δὲ
1377 1378 1501 1430 κατ’
1538 1378 1713 1447 ἀνάγ-

131 1477 235 1529 κην
250 1461 701 1531 γινόμενον,οὖτε
722 1464 913 1535 ἀρετὴ,
927 1464 1048 1519 οὔτε
1070 1465 1235 1521 κακία
1251 1468 1417 1521 ἐστίν’
1439 1470 1487 1523 εί
1502 1468 1558 1523 δὲ
1579 1470 1719 1540 μήτε

131 1550 336 1621 ἀρετὴν
357 1554 497 1623 μήτε
526 1555 726 1610 κακίαν
755 1556 1097 1628 κεκτήμεθα,
1142 1557 1267 1611 οὗτε
1310 1559 1567 1625 ἐπαίνων,
1593 1560 1717 1614 οὕτε

131 1641 408 1697 κολάσεων
430 1644 746 1718 ὑπάρχομεν
768 1646 930 1712 ἀξιοιο
954 1648 1307 1723 εὑρεθήσεται
1336 1651 1392 1705 δὲ
1419 1651 1515 1706 καὶ
1539 1654 1567 1706 ό
1587 1652 1719 1717 Θεὸς

131 1731 338 1796 ἄδικος,
394 1735 507 1798 τοῖς
562 1736 683 1806 μὲν,
737 1739 943 1808 ἀγαθά,
998 1744 1111 1805 τοῖς
1147 1742 1224 1807 δὲ,
1258 1743 1468 1814 θλίψεις
1522 1743 1714 1808 διδούς.

143 1823 285 1876 Ἀλλ’
310 1824 430 1879 οὐδὲ
459 1826 811 1899 κυϐέρνησιν,
850 1830 971 1885 οὐδὲ
1008 1833 1117 1885 τῶν
1149 1833 1347 1888 ἑαυτοῦ
1400 1834 1727 1905 κτισμάτων
1750 1816 1791 1870 Β

128 1913 159 1965 ό
179 1912 314 1978 Orbi:
353 1916 637 1989 ποιήσεται
672 1920 954 1990 πρόνοιαν,
986 1923 1036 1976 εί
1062 1926 1182 1977 κατ’
1216 1924 1465 1996 ἀνάγκην
1490 1923 1716 1993 ἄγονται

130 2001 203 2055 τὰ
225 2004 428 2072 πάντα,
458 2008 551 2060 καῖ
580 2006 862 2079 φέρονται.
908 2010 1021 2065 Καὶ
1048 2011 1109 2064 τδ
1133 2012 1352 2081 λογικὸν
1378 2012 1435 2066 δὲ
1462 2012 1721 2083 περιττὸν.

131 2093 189 2145 ὲν
214 2096 352 2166 ἡμῖν
369 2096 522 2151 ἔσται
540 2115 556 2130 ο
593 2098 868 2170 μηδεμιᾶς
897 2101 1007 2173 γὰρ
1034 2102 1188 2166 ὄντες
1217 2103 1472 2173 πράξεως
1501 2102 1708 2174 κύριοι,

128 2186 405 2256 περιττῶς
437 2188 841 2261 βουλευόμεθα·
882 2193 946 2247 τὸ
994 2194 1053 2247 δὲ
1091 2194 1333 2265 λογικὸν,
1365 2196 1585 2259 πάντως
1612 2195 1714 2265 τῆς

130 2276 331 2349 βουλῆς
351 2281 486 2351 ἡμῖν
514 2282 702 2338 ἕνεκεν
757 2285 1002 2342 δέδοται*
1035 2287 1160 2342 ὅθεν
1194 2290 1302 2343 πᾶν
1343 2287 1582 2358 λογικὸν,
1618 2289 1713 2344 καὶ

129 2369 502 2435 αὐτεξούσιον.

1809 555 2027 622 derum,
2061 557 2197 612 solis
2232 557 2496 612 nimirum
2546 567 2599 615 et
2631 560 2791 626 lume,
2818 571 2997 617 ortum
3030 572 3083 620 et
3116 580 3399 633 occasum,

1809 660 2279 718 concursumque,
2313 662 2405 704 res
2436 664 2629 705 omnes
2657 652 2955 722 gubernari
2992 664 3250 709 asserunt
3302 655 3399 724 (in

1811 735 1898 790 his
1925 736 2071 790 enim
2105 737 2408 808 astrologia
2442 742 2751 808 versatur);
2798 752 3119 798 noscontra
3169 746 3399 801 imbrem

1812 828 2036 898 quidem
2089 844 2154 883 ac
2205 832 2583 896 serenitatem,
2643 832 2818 901 frigus
2875 833 3003 888 item
3037 843 3090 890 et
3139 837 3398 902 calorem,

1812 919 2185 976 humorem-et
2212 923 2549 989 siccitatem,
2581 931 2774 979 ventos
2800 923 3063 994 denique,
3098 935 3261 1003 atque
3296 930 3418 982 alia-

1812 1012 2084 1081 ejusmodi
2111 1030 2205 1083 per
2218 1028 2297 1069 ea,
2315 1014 2614 1086 signiﬁcari
2642 1031 2750 1068 non
2776 1016 2919 1070 imus
2940 1016 3151 1070 inﬁcias
3171 1019 3226 1072 ³;
3256 1019 3420 1088 quod‘

1813 1119 1943 1160 vero
1993 1105 2309 1160 actionibus
2340 1106 2555 1160 nostris
2578 1120 2738 1160 omen
2775 1106 2947 1160 ullum
2996 1107 3311 1175 importcnt,
3350 1110 3423 1162 id'

1816 1212 2202 1268 pernegamus.
2259 1196 2393 1249 Nam
2425 1212 2551 1250 cum
2602 1197 2763 1250 liberi
2797 1197 3017 1251 arbitrii
3054 1214 3082 1250 a
3110 1196 3407 1253 Conditore

1816 1289 2031 1358 praediti
2082 1289 2282 1351 simus,
2332 1288 2459 1342 hinc
2493 1288 2736 1342 efﬁcitur
2793 1297 2854 1342 ut
2906 1289 3154 1344 actiones
3201 1300 3418 1343 nostra

1812 1377 1958 1448 juris
1982 1379 2157 1434 nostri
2182 1378 2313 1432 sint.
2339 1377 2582 1446 Alioqui,
2610 1377 2654 1431 si
2681 1392 2745 1431 ex
2767 1378 3009 1433 siderum
3032 1386 3180 1432 motu
3206 1387 3405 1431 cuncta

1820 1469 2077 1536 facimus,
2130 1471 2379 1539 sequitur
2411 1477 2470 1523 ut
2517 1483 2580 1523 ea
2625 1483 2747 1538 quae
2801 1468 3035 1523 facimus
3074 1470 3419 1523 necessitate

1819 1559 2087 1616 faciamus
2107 1560 2149 1615 ⁵.
2200 1558 2259 1614 Id
2314 1574 2478 1630 porro
2512 1559 2660 1630 quod
2718 1563 3054 1615 necessitate
3104 1560 3181 1624 ﬁt,
3226 1576 3411 1632 neque

1819 1651 2020 1717 virtus,
2054 1667 2235 1722 neque
2271 1651 2468 1706 vitium
2517 1659 2622 1707 est.
2661 1650 2820 1719 Quod
2859 1652 2904 1706 si
2960 1667 3063 1705 ncc
3117 1652 3402 1717 virtutem,

1821 1758 1924 1799 nec
1954 1744 2149 1798 vitium
2197 1743 2487 1810 habemus,
2534 1743 2785 1814 profecto
2842 1758 2944 1799 nec
2990 1743 3270 1809 laudibus,
3307 1760 3416 1799 nee

1822 1833 2098 1904 supplicio
2144 1833 2294 1905 digni
2345 1848 2540 1888 sumus
2588 1848 2601 1886 :
2650 1840 2817 1903 atque
2859 1833 2931 1886 ita
2986 1833 3213 1903 iniquus
3260 1831 3407 1887 Deus

1820 1923 2149 1993 reperietur,
2168 1922 2299 1978 dum
2323 1923 2449 1979 aliis
2475 1937 2564 1978 res
2590 1922 2887 1988 secundas,
2914 1922 3037 1977 aliis
3057 1922 3409 1977 calamitosas

1820 2012 2173 2069 tribuitilmo
2197 2029 2325 2069 vero
2348 2028 2455 2069 nec
2479 2003 2813 2085 gubernabit
2841 2011 2988 2067 Deus
3022 2026 3111 2067 res
3133 2012 3408 2079 conditas,

1823 2120 1925 2161 nec
1967 2105 2050 2160 eis
2101 2103 2436 2175 providebit,
2475 2104 2521 2159 si
2574 2103 2798 2174 quidem
2839 2103 3028 2158 omnia
3078 2103 3412 2158 necessitate

1823 2204 2060 2268 agantur
2112 2211 2177 2252 ac
2230 2196 2521 2263 ferantur;
2574 2209 3103 2265 supervacaneaque
3149 2194 3222 2249 in.
3250 2194 3411 2250 nobis

1825 2287 1933 2344 erit
1982 2301 2109 2356 pars
2162 2285 2476 2340 rationalis.
2518 2283 2654 2339 Nam
2691 2284 2738 2340 si
2777 2285 2932 2340 nulla
2969 2287 3114 2339 actio
3159 2300 3191 2340 e
3220 2294 3411 2340 nostro

1824 2378 2058 2433 arbitrio
2093 2376 2312 2447 pendet,
2362 2376 2572 2432 frustra
2619 2376 3158 2432 consultamuszvis
3208 2375 3418 2445 quippe

129 2463 385 2519 rationis
432 2464 622 2536 utique
662 2467 1017 2524 consultandi
1059 2484 1245 2527 causa.
1272 2472 1439 2530 nobis
1486 2486 1749 2529 concessa
1808 2479 1934 2529 est:
1971 2470 2115 2526 unde
2158 2470 2327 2527 etiam
2354 2468 2625 2541 quidquid
2673 2468 2891 2525 ratione
2940 2468 3141 2537 utitur,
3194 2463 3410 2521 arbitrii

128 2573 353 2630 quoque
379 2559 632 2616 libertate
661 2563 948 2633 praeditum
982 2572 1088 2621 est.

212 2651 487 2721 Ἡμεῖςδέ
508 2669 712 2723 φαμεν,
734 2655 816 2707 ὅτι
839 2655 947 2708 οὐκ
959 2656 1098 2710 αὐτὰ
1126 2656 1276 2710 αῐτιά
1298 2656 1443 2720 τινός
1472 2657 1579 2710 είσι
1603 2654 1716 2709 τῶν

132 2741 458 2810 γινομένων,
478 2741 603 2795 οὔτε
636 2744 901 2813 γενέσεως
953 2744 1063 2799 τῶν
1094 2746 1417 2817 γινομένων,
1454 2744 1580 2799 οὔτε
1606 2744 1716 2798 τῶν

128 2834 456 2904 γινομένων,
484 2833 609 2888 οὔτε
636 2836 745 2889 τῶν
795 2838 1170 2908 φθειρομένων
1226 2838 1467 2909 φθορᾶς·
1513 2838 1720 2907 σημεῖα

133 2924 189 2979 δὶ
210 2926 414 2995 μᾶλλον
442 2926 666 2999 ὄμϐρων
681 2946 763 2994 τε,
792 2931 888 2982 καὶ
939 2929 1040 2999 τῆς
1068 2927 1162 2983 τοῦ
1196 2930 1359 3001 ἀέρος
1393 2928 1719 3001 μεταϐολῆς.

140 3017 305 3080 Ἴσως
326 3017 373 3073 δῖ
406 3017 471 3071 ἄν
500 3035 585 3083 τις
636 3019 803 3087 εἴποι,
848 3020 931 3074 ὅτι
972 3021 1068 3074 καὶ
1109 3019 1361 3091 πολέμων
1400 3020 1501 3073 οὐκ
1550 3020 1722 3083 αἴτια,

1893 2652 2087 2709 Sidera
2135 2654 2491 2723 prognostica.
2520 2652 2979 2718 ——Quamobrem
3016 2651 3124 2707 hoc
3152 2650 3411 2717 dicimus,

1822 2743 2004 2800 sidera
2044 2760 2148 2800 nec
2168 2760 2357 2800 eorum
2375 2759 2497 2814 qua:
2522 2745 2875 2814 contingunt,
2899 2758 3000 2797 nec
3029 2752 3186 2798 ortus
3218 2757 3419 2797 eorum

1821 2851 1946 2907 quae
1984 2844 2315 2900 nascuntur,
2349 2851 2449 2891 nec
2482 2851 2676 2891 eorum
2703 2851 2827 2905 quae
2860 2844 3109 2905 pereunt,
3153 2834 3418 2888 interitus

1823 2939 2025 2980 causas
2082 2940 2207 2982 esse
2256 2942 2271 2980 :
2315 2939 2506 2979 verum
2586 2925 2746 2995 signa
2813 2923 3001 2993 potius
3067 2923 3423 2993 pluviarum,

1825 3017 2083 3087 aerisque
2159 3017 2507 3072 mutationis.
2567 3015 2894 3087 Quanquam
2959 3030 3061 3071 nec
3122 3014 3417 3072 defuturus

134 3108 282 3163 ἀλλά
303 3112 506 3180 σημεῖα
535 3111 888 3165 συνίστανται
911 3127 925 3142 °
948 3111 1043 3165 καὶ
1063 3112 1097 3182 ἡ
1118 3111 1341 3181 ποιότης
1359 3110 1418 3164 δὲ
1437 3109 1530 3163 τοῦ
1564 3109 1717 3179 ἀέρος

1830 3110 2069 3168 fortasse
2107 3120 2233 3178 est,
2274 3112 2367 3181 qui
2406 3111 2677 3166 bellorum
2732 3125 2815 3165 ea.
2854 3124 3075 3180 quoque
3106 3109 3263 3179 signa
3294 3123 3420 3164 esse

138 3201 442 3271 ποιουμένη
476 3202 635 3257 nam
664 3203 834 3274 ἡλίου,
867 3203 962 3256 καὶ
988 3202 1251 3275 σελήνης,
1274 3203 1370 3256 καὶ
1411 3202 1520 3255 τῶν
1561 3201 1724 3255 ἀστέ-

140 3293 480 3363 ρων,,ἀλλως
503 3296 598 3349 καὶ
630 3295 805 3360 ἄλλως
863 3295 1156 3367 διαφόρους
1178 3296 1423 3363 κράσεις,
1450 3297 1545 3349 καὶ
1561 3295 1724 3362 ἔξεις.

140 3382 236 3435 καὶ
259 3383 533 3449 διαθέσεις
561 3386 895 3457 συνίστησιν.
942 3388 1007 3440 Al
1039 3386 1097 3439 δὲ
1124 3385 1267 3451 ἕξεις
1300 3385 1408 3439 τῶν
1439 3385 1525 3454 ἐφ’
1555 3388 1685 3456 ἡμῖν
1710 3402 1723 3417 ο

139 3475 476 3546 κρατοῦνται
502 3478 609 3547 γὰρ
633 3478 713 3549 τῷ
769 3478 934 3550 λόγῳ,
982 3478 1077 3532 καὶ
1105 3477 1331 3547 ἄγονται
1360 3478 1724 3549 πρεπόμεναι.

1832 3204 2000 3270 dicat,
2032 3204 2251 3260 tametsi
2289 3219 2400 3258 non
2430 3218 2653 3259 causas.
2677 3202 2819 3268 Quin
2853 3218 2947 3257 aer
2972 3216 3193 3274 quoque
3224 3216 3255 3254 a
3276 3200 3417 3264 sole,

1832 3294 2061 3359 etluna,
2094 3295 2346 3349 etastris
2376 3294 2485 3348 alia
2528 3293 2767 3349 subinde
2812 3301 2978 3364 atque
3016 3293 3124 3347 alia
3153 3291 3421 3363 qualitate

1834 3384 2123 3449 allectus,
2166 3384 2381 3439 diversa
2441 3393 2896 3452 temperamenta,
2948 3383 3311 3452 habitusque,
3365 3386 3421 3436 et

1835 3477 2157 3533 affectiones
2189 3476 2363 3548 gignit
2385 3475 2425 3531 '.
2464 3474 2697 3532 Habitus
2726 3491 2892 3545 porro
2938 3476 3082 3531 inter
3112 3492 3177 3530 ea
3210 3489 3332 3544 qua:
3361 3473 3419 3527 in

142 3580 336 3627 nostra
367 3581 651 3642 potestate
682 3574 1027 3641 consistunt,
1076 3572 1415 3630 referuntur.
1446 3573 1497 3628 li.
1528 3572 1728 3644 quippe
1767 3572 1874 3629 sub
1912 3561 2149 3626 rationis
2182 3570 2414 3640 imperio
2447 3578 2599 3634 sunt,
2645 3569 2715 3625 ab
2776 3584 2952 3640 caque
3013 3569 3416 3641 gubernantur,

141 3670 198 3719 et
226 3663 627 3719 immutantur-

213 3752 572 3829 Συνίστανται
599 3755 656 3809 δὲ
686 3755 946 3820 πολλάκις
968 3756 1066 3811 καὶ
1093 3755 1354 3826 κομῆται,
1379 3752 1589 3824 σημεῖά
1604 3770 1728 3807 τινα

144 3845 377 3900 θάνατον
403 3844 667 3915 δηλοῦντα
706 3847 968 3918 βασιλέων
993 3857 1039 3915 ⁸,
1068 3847 1227 3901 ἅτινα
1258 3847 1358 3899 οὐκ
1389 3845 1496 3898 είσὶ
1540 3845 1647 3898 τῶν
1671 3843 1730 3910 ἐξ

144 3935 325 4009 ἀρχῆς
344 3937 732 4008 γεγενημένων
776 3938 1012 4009 ἄστρων,
1068 3936 1203 3990 ἀλλὰ
1240 3935 1317 4007 τῷ
1346 3934 1474 4003 θείῳ
1505 3934 1737 4005 προστά-

220 4114 247 4148 ³
268 4112 439 4171 Basil.
473 4113 682 4181 bom,.6
703 4114 759 4169 in
816 4112 1077 4172 Hexaem.

1904 3742 2155 3800 Cometa.
2178 3742 2402 3810 .Cltristo
2429 3750 2696 3806 nascente,
2720 3742 2868 3798 sidus
2890 3746 3419 3803 norum—Plerum-

1838 3851 1946 3908 que
2002 3835 2232 3905 insuper
2279 3844 2585 3903 exsurgunt
2644 3840 2895 3902 cometae,
2948 3851 3136 3907 regum
3186 3846 3417 3893 mortem

1845 3927 2288 4000 portendentes:
2333 3926 2427 3996 qui
2473 3934 2654 3981 tamen
2696 3940 2806 3982 non
2859 3942 2926 3983 ex
2980 3927 3091 3983 illis
3146 3928 3421 3987 sideribus

1174 4116 1194 4147 θ
1246 4112 1465 4171 Nemes.
1511 4110 1587 4167 De
1611 4121 1722 4166 nat.
1765 4109 1908 4165 Itom.
1939 4120 1991 4162 c.
2026 4105 2117 4162 34.
2199 4103 2220 4135 '
2246 4102 2413 4159 Basil.
2457 4104 2607 4161 hom.
2640 4102 3031 4161 6inliexaem.

1414 4267 1649 4327 VARIIE
1692 4262 1983 4323 LECTION
1990 4264 2096 4320 ES.

222 4392 253 4422 ι
284 4383 416 4453 Reg.
438 4383 477 4436 3
505 4383 880 4455 συγκράσεως.
911 4381 1003 4437 Sic
1028 4382 1223 4455 Faber,
1243 4385 1624 4439 commistionis
1661 4383 1764 4455 :_i_n
1783 4383 1907 4439 cod.
1942 4382 2000 4439 S.
2022 4381 2152 4455 llil.,
2187 4380 2284 4435 sed
2315 4394 2481 4455 supra
2502 4378 2704 4455 lineam
2733 4391 2759 4430 a
2786 4373 3339 4455 reciognitoreou‘pio
3364 4388 3420 4452 at.
3453 4373 3461 4399 ‘

153 4447 462 4526 appositum
509 4447 840 4526 [ui't_._i_(loll)._
873 4469 1017 4509 unus
1075 4447 1235 4526 habet
1263 4455 1634 4526 συγκρίσεως*
1686 4452 1888 4526 ῌοειοιή
1915 4447 2320 4526 συγκρούσεως,
2353 4447 2474 4526 ﬁco:
2523 4447 2767 4526 συνόδου.

154 4520 245 4592 12,
275 4534 334 4578 et
361 4523 484 4579 cod.
507 4522 564 4578 S.
599 4522 709 4578 Hil.
755 4522 957 4578 habent
1005 4520 1363 4593 ποιουμένου.
1404 4520 1455 4593 7⁷³
1495 4524 1636 4580 Cod.
1690 4524 1749 4578 S.
1776 4520 1782 4522 ⁷
1810 4523 1917 4578 Hil.
1955 4520 2110 4590 Regii
2142 4522 2174 4575 9
2209 4520 2482 4593 _0av&tcov

2870 4440 3083 4498 γῖὶοΙΙ).
3115 4442 3140 4495 1
3187 4450 3241 4496 et
3272 4440 3425 4511 Regii
3460 4444 3471 4481 ε

2569 4516 2828 4571 ασιλέων·
2891 4514 2972 4571 sic
3023 4513 3217 4579 Faber,
3275 4512 3425 4583 signa

155 4587 405 4666 quddam
444 4593 761 4649 interimam
816 4608 1019 4665 regum.
1058 4587 1195 4664 Reg.
1217 4593 1359 4648 2527
1393 4592 1645 4660 θάνατον,
1677 4593 1711 4665 ἢ
1742 4592 2017 4658 ἀνάδειξιν
2041 4587 2378 4663 σημαίνουσι
2409 4587 2701 4659 βασιλέων.

1669 4724 1901 4781 NOTAE.

156 4832 479 4895 eventuum.
513 4839 639 4895 quae
660 4838 731 4880 ex
749 4824 920 4895 libera
965 4823 1250 4879 hominum
1293 4822 1586 4895 voluntate
1610 4836 1748 4893 pen-
1781 4824 1826 4879 D
1854 4818 2126 4895 ejusmodi
2162 4816 2451 4895 signorum
2478 4812 2889 4895 perceptionem
2918 4808 3205 4895 attingere
3242 4818 3426 4895 puisse.

157 4894 314 4956 dent,
374 4893 563 4949 causa}
600 4895 713 4950 sint
771 4893 1111 4959 effectrices;
1148 4893 1407 4949 concedit
1458 4901 1643 4948 tamen
1685 4906 1748 4948 ea

160 4967 348 5035 omnia
374 4980 497 5033 quae
528 4965 670 5035 apud
704 4980 805 5020 nos
842 4973 1135 5035 geruntur,
1182 4964 1231 5017 a'
1257 4963 1535 5035 sideribus
1559 4962 1752 5035 Asignio

160 5033 340 5095 ﬁcari,
373 5032 501 5103 quia
530 5032 583 5088 in
622 5035 767 5089 libro
799 5032 894 5103 qui
927 5033 1317 5088 Testamentum
1344 5032 1752 5103 duodecim'pa—

162 5102 524 5157 trium-harum
581 5102 949 5168 inscribitur,
1025 5105 1231 5172 legerat
1308 5103 1513 5158 dixisse
1585 5102 1755 5157 Jacob

161 5174 281 5228 ﬁlio
300 5190 406 5245 suo
442 5172 684 5245 Josepb;
730 5173 859 5245 Legi
896 5177 950 5228 in
1003 5174 1203 5227 tabulis
1236 5173 1602 5245 Acmliiomniu
1636 5188 1753 5245 qua:

158 5243 395 5299 evenient
426 5242 594 5300 vobis:
622 5243 780 5299 Unde
810 5242 1098 5299 contendit
1147 5243 1348 5297 cmlutn
1394 5244 1572 5297 instar
1599 5242 1754 5295 volu-

162 5313 338 5367 minis
372 5329 520 5377 esse,
555 5316 609 5369 in
641 5328 750 5382 quo
800 5315 1107 5370 exaraverit
1139 5312 1281 5367 Deus
1321 5329 1443 5382 qure
1470 5310 1613 5381 apud
1648 5311 1754 5382 lto-

162 5382 346 5454 mines
374 5386 610 5454 gerenda
634 5381 858 5441 essent:
882 5383 1027 5454 quod
1056 5398 1274 5454 rursum
1311 5381 1527 5437 ﬁrmare
1558 5381 1754 5454 nititur

162 5466 236 5523 ex
273 5449 580 5523 Scriptura,
610 5456 704 5510 ubi
764 5449 969 5509 dicitur
1012 5453 1213 5507 caalum
1249 5468 1375 5523 esse
1420 5453 1755 5523 convolven-

164 5522 301 5593 dutn
334 5522 413 5587 ὡς
440 5524 665 5593 βιϐλίον,
694 5525 830 5579 sicut
856 5524 1074 5578 librum.
1110 5522 1435 5592 Opinionem
1477 5522 1752 5593 hanc_ceu

164 5590 489 5668 Christiano
556 5595 835 5668 indignam
901 5590 1217 5668 Procopius.
1257 5590 1754 5668 Qazzeusidcirco

164 5663 404 5734 respuit,
430 5666 578 5734 quod
629 5662 1020 5719 a'futurorum
1068 5662 1426 5732 inquisitione
1470 5662 1752 5734 abstinere

167 5728 490 5792 delicatius.
528 5738 799 5795 Caeterum
845 5734 1112 5807 Origenes
1147 5728 1314 5805 negat
1351 5733 1629 5791 hominem
1684 5728 1754 5787 ad

1857 4874 1967 4944 nisi
2001 4890 2072 4944 ab
2100 4874 2311 4958 angellis
2345 4874 2612 4941 cmldrum
2646 4874 3430 4958 'incolis‘edocéatur.’Vali-

1857 4959 1981 5016 dius
2042 4946 2204 5027 ergo"
2248 4956 2355 5027 hoc
2426 4964 2796 5009 commentum
2856 4950 3098 5027 Basilius
3159 4946 3428 5027 magnus,

1858 5029 2047 5084 homil.
2084 5016 2201 5082 7'in
2240 5026 2517 5088 "exuam,
2555 5023 2979 5097 etAugustinus
3012 5020 3106 5073 lib.
3138 5034 3171 5072 ν
3204 5016 3277 5097 De
3326 5016 3429 5068 civ.

1856 5100 1978 5163 Dei,
2044 5096 2361 5170 convellunt
2409 5093 2660 5163 exemplo
2716 5093 3097 5170 gemellorum,
3138 5093 3248 5170 qui,
3302 5099 3430 5140 cum

1855 5172 2047 5225 eadem
2081 5167 2346 5239 temporis
2369 5173 2529 5239 parte
2591 5163 2840 5239 concepti
2872 5163 3033 5239 _sint._,_
3059 5163 3432 5239 prostimeque

1856 5241 1997 5295 alius
2014 5245 2145 5310 post
2167 5226 2334 5310 alium
2367 5226 2419 5289 in
2451 5226 2940 5310 luceruprodierit,
2954 5226 3318 5310 nihilominus
3346 5226 3433 5279 di-

1854 5297 2031 5366 versae.
2060 5307 2262 5363 indolis
2288 5312 2438 5368 sunt,
2483 5313 2539 5358 et
2584 5297 2834 5357 diversas
2892 5301 3018 5354 vita:
3082 5297 3433 5354 conditiones

1855 5382 2114 5435 subeunt.
2149 5375 2316 5448 Fieri,
2328 5372 2604 5448 siquidem
2636 5387 2746 5427 non
2770 5386 2952 5448 posse,
2984 5377 3043 5424 ut
3076 5368 3429 5448 idem_sidus.

1854 5451 1910 5505 in
1975 5449 2165 5505 eadem
2216 5445 2341 5502 caeli
2399 5442 2637 5499 statione
2667 5443 3082 5511 positum,tam
3119 5442 3433 5511 contrarios

1852 5528 2085 5575 eventus
2116 5513 2444 5589 portendat.
2476 5508 2732 5589 Attamen
2787 5510 3031 5589 Basilius
3057 5508 3312 5589 concedit
3335 5520 3432 5589 va-

1853 5591 1968 5646 rius
1998 5581 2872 5655 anni'tentpestatevaariasque
2919 5581 3435 5655 aerisimmutatio-

1853 5675 1951 5716 nes
1982 5675 2010 5712 a
2042 5659 2157 5712 sole
2182 5663 2238 5711 et
2272 5650 2436 5710 astris
2489 5650 2628 5710 είΗεὶ
2679 5661 2736 5711 ct
2781 5650 3139 5725 'signilicari;
3181 5650 3328 5724 quod
3380 5656 3435 5707 et

1853 5731 2137 5802 eleganter
2160 5725 2420 5799 explicat.
