3962 6300
122 251 232 317 397
1211 244 1309 305 DE
1341 244 1518 304 FIDE
1547 240 2004 302 ORTIIODOXA
2035 238 2178 299 LIB.
2220 239 2275 299 II
3280 240 3385 307 393
3414 276 3415 279 η

122 366 174 418 οἱ
204 361 412 416 δώδεκα
446 359 616 431 μῆνες
645 352 744 427 τῆς
793 352 1038 424 σελήνης,
1095 351 1290 406 ἕνδεκα
1328 351 1538 422 ἡμέρας
1599 348 1679 401 λεί

1818 345 2111 415 praecessit.
2146 345 2189 396 A
2234 351 2432 413 quarta
2472 343 2617 399 enim
2672 344 2762 401 die
2794 342 2862 397 ad
2897 359 3072 415 usque
3116 345 3382 403 decimam

124 472 323 509 πουσιν
337 457 403 506 ὲκ
430 453 540 507 τῶν
565 449 776 503 δώδεκα
810 444 992 517 μηνῶν
1027 443 1119 496 τοῦ
1150 443 1325 514 ἡλίου.
1376 444 1438 495 Οί
1469 442 1565 512 μὲν
1596 441 1688 509 γὰε

1822 437 2075 505 militant,
2104 434 2221 490 dies
2249 435 2498 489 undecim
2528 436 2823 493 intersunt.
2858 436 2977 503 Quo
3009 439 3174 493 etiam
3215 439 3297 504 ﬁt,
3328 450 3386 496 ut

122 549 221 602 τοῦ
269 546 426 618 ἡλίου
472 540 792 614 τριακοσίας
845 536 1111 606 ἑξήκοντα
1179 534 1373 597 πέντε,
1418 534 1681 602 τέταρτον

1834 547 1864 581 ιι
1905 528 2155 597 singulos
2188 542 2387 589 annos,
2427 527 2713 604 duodecim
2764 530 2907 583 luna:
2948 545 3165 585 menses
3215 532 3388 586 unde-

128 617 345 711 ἡμέρας
367 637 573 707 ἔχουσι.
603 632 694 685 Διὸ
719 630 814 684 τοῦ
842 630 1101 698 τετάρτου
1134 627 1518 696 συντιθεμένου
1566 624 1692 678 κατὲ

1825 617 1915 672 :im
1959 619 2152 672 diebus
2201 618 2442 672 minores
2499 619 2630 682 sint,
2687 634 2851 688 quam
2906 617 3198 674 duodecim
3255 621 3389 676 solis

125 708 374 802 τέσσαρα
401 728 517 797 ἐτη,
550 724 650 795 μία
666 720 1010 776 ἀποτελεῖται
1048 719 1251 790 ἡμέρα,
1304 719 1427 788 ἥτις
1487 717 1681 785 λέγετα

1827 724 2051 764 penses.
2087 708 2230 764 Solis
2261 710 2468 779 quippe
2512 725 2727 764 menses
2772 709 2889 765 dies
2922 718 3200 767 trecentos
3232 727 3391 767 sexa-

130 800 397 895 βίσεξτος.
427 820 538 875 Καὶ
574 818 603 869 ὁ
626 816 870 877 ἐνιαυτὸς
917 814 1125 874 ἐκεῖνος
1150 806 1271 875 τξς¹
1318 811 1531 881 ἡμέρας
1574 808 1694 877 ἔχει,

1826 801 1959 871 ginta
1990 801 2232 870 quinque
2278 814 2405 853 cum
2437 800 2602 855 unius
2641 801 2946 869 quadrante
2977 803 3286 871 continent,
3320 805 3390 860 ob

130 890 275 979 ίὶίδὲ
297 915 398 985 τῆς
429 911 659 982 σελήνης
680 906 917 961 ἐνιαυτοὶ
938 902 1045 957 τνδ¹
1070 904 1208 957 εἰσὶν
1236 902 1462 973 ἡμερῶν
1489 917 1502 929 ·
1534 903 1567 971 ή
1603 901 1694 971 γὰε

1835 890 1976 960 dque
2023 897 2221 960 quarto
2273 903 2495 960 quoque
2536 903 2704 953 anno,
2757 891 3062 959 composito
3106 890 3212 947 hoc
3256 907 3392 962 qua-

134 982 363 1077 σελήνη,
393 1004 488 1074 ἀφ’
511 997 571 1056 οὗ
601 999 860 1070 γεννηθῇ,
894 998 1059 1069 ἦγουν
1106 992 1487 1063 ἀνακαινισθῇ,
1534 990 1698 1055 αὔξει,

1830 983 2032 1048 irante,
2080 982 2201 1039 dies
2252 999 2396 1039 unus
2436 983 2745 1047 conﬁcitur,
2783 984 2876 1053 qui
2914 982 3214 1041 bissextilis
3254 1001 3394 1039 nun-

132 1102 242 1162 ἓως
263 1098 332 1151 ἂν
360 1095 587 1166 γένηται
611 1091 836 1163 ήμερῶν
881 1087 1300 1158 δεκατεσσάρων
1351 1088 1577 1157 ἡμίσεος
1626 1102 1696 1136 τε¹

1833 1083 2087 1144 :upatur;
2119 1075 2310 1144 sicque
2336 1089 2514 1129 annus
2545 1075 2636 1129 ille
2664 1082 2946 1129 trecentos
2980 1076 3261 1145 sexaginta
3300 1091 3397 1131 sex

134 1192 341 1263 τάρτου
373 1204 389 1221 ο
425 1188 518 1241 καὶ
545 1187 773 1257 ἄρχεται
803 1183 1017 1253 λήγειν,
1040 1180 1146 1243 ἕως
1194 1180 1417 1250 ἡμερῶν
1449 1176 1530 1231 κθ¹
1589 1175 1688 1247 ήμί

1832 1168 1935 1222 lies
1968 1168 2129 1221 habet
2156 1184 2169 1220 :
2196 1174 2390 1220 contra
2422 1167 2643 1219 lunares
2676 1167 2804 1219 anni
2837 1168 3396 1237 trecentorumquin-

140 1297 283 1348 σεος,
347 1278 443 1332 καὶ
485 1276 706 1338 τελείως
750 1274 957 1342 γίνεται
1006 1271 1354 1340 ἀφώτιστοςο
1410 1268 1501 1322 καὶ
1556 1268 1704 1321 πάλικ.

1836 1255 2078 1326 ιυοεὶηιει
2114 1264 2352 1324 quatuor
2378 1254 2590 1308 dierum
2623 1256 2801 1324 spatio
2850 1255 3136 1309 liniuntur.
3169 1254 3245 1309 Ex
3287 1270 3400 1325 quo

140 1371 526 1442 συναπτομένη
556 1368 636 1439 τῷ
667 1367 825 1438 ήλίῳ,
854 1365 1214 1434 ἀναγεννᾶται
1249 1362 1344 1416 καὶ
1373 1358 1704 1421 ἀνακαινίζε-

1837 1350 1966 1404 :nim
1998 1357 2146 1410 nata,
2175 1364 2272 1403 seu
2316 1349 2575 1401 innovata
2616 1350 2741 1401 luna
2775 1356 2880 1413 est,
2918 1348 3167 1417 augescit
3210 1349 3275 1403 ad
3306 1348 3401 1403 de—

141 1483 267 1530 ται,
320 1440 625 1532 ὑπόμνημα
676 1460 919 1529 φέρουσα
975 1457 1074 1527 τῆς
1132 1454 1289 1526 ἡμῶν
1349 1452 1705 1511 ἀναστάσεως.

1840 1443 2019 1496 :imam
2055 1452 2305 1511 quartam
2339 1455 2512 1510 usque
2547 1440 2691 1494 diem
2725 1455 2850 1494 cum
2889 1442 3056 1494 unius
3087 1440 3321 1495 semisse
3347 1446 3404 1496 et

143 1556 281 1610 Καθ’
300 1530 533 1608 ἕκαστον
548 1530 641 1606 οὖν
676 1550 923 1604 ἐνιαυτὸν
951 1549 1052 1611 τὰς
1083 1547 1275 1600 ἕνδεκα
1322 1545 1538 1615 ἡμέρας
1581 1543 1707 1595 ἀπο·

1840 1532 2150 1603 ιυειίτίιηῐθ.
2201 1530 2339 1585 llinc
2382 1530 2554 1584 minui
2584 1532 2774 1600 incipit
2806 1546 2978 1601 usque
3008 1531 3077 1584 ad
3118 1546 3318 1585 nonam
3349 1540 3404 1586 et

142 1645 327 1697 δίδωσι
356 1642 435 1712 τῷ
454 1640 587 1710 ἡλίῳ
612 1655 627 1669 '
668 1638 810 1693 κατὰ
839 1632 934 1691 οὖν
962 1638 1112 1706 τρεῖς
1138 1636 1385 1705 χρόνους,
1419 1634 1447 1685 ὁ
1498 1629 1706 1700 apam-

1842 1625 2141 1680 ricesimam
2180 1624 2324 1679 diem
2360 1638 2486 1677 cum
2520 1625 2681 1677 unius
2716 1624 2968 1686 semisse,
3003 1638 3111 1693 quo
3150 1625 3406 1694 Splendo-

278 1693 608 1806 ianthina.
637 1734 753 1795 τοῖς
794 1693 1109 1801 Ἑϐραίοις,⁷
1257 1729 1283 1779 ό
1309 1693 1553 1786 ἐνίαυτὸς
1579 1724 1711 1776 exei-

1839 1718 1898 1773 -is
1939 1717 2100 1788 168
2126 1716 2305 1771 omnis
2334 1731 2530 1786 expers
2562 1714 2765 1769 evadit.
2796 1714 2873 1768 Ac
2908 1724 3023 1768 tum
3051 1730 3247 1769 rursus
3278 1730 3403 1768 eum

143 1845 236 1892 νος
268 1826 571 1898 δεκατριῶν
605 1825 790 1895 μηνῶν
816 1822 1156 1894 εὑρίσκεται,
1189 1821 1254 1873 ὲκ
1277 1818 1376 1888 τῆς
1404 1817 1707 1889 προσθήκης

1841 1812 1942 1866 sole
1992 1809 2248 1879 copulata
2301 1809 2625 1863 renascitur
2652 1815 2707 1862 et
2755 1816 3088 1871 renovatur;
3132 1814 3298 1875 atque
3350 1808 3405 1860 in

142 1922 253 1975 τῶν
280 1920 474 1973 ἕνδεκα
501 1919 533 1989 ἡ
542 1935 606 1989 με
615 1916 745 1985 ρῶν.

1843 1918 1950 1969 ιοο,
1980 1903 2378 1957 monimentum
2412 1902 2517 1956 fert
2548 1899 2978 1955 resurrectionis
3006 1909 3231 1954 nostraz.
3257 1897 3407 1964 Quo-

145 2016 291 2071 circa
317 2015 549 2085 singulis
579 2012 740 2067 annis
763 2007 1018 2066 undecim
1043 2006 1163 2062 dies
1194 2005 1295 2061 soli
1326 2002 1505 2059 reddit
1530 2020 1543 2057 :
1585 2000 1726 2056 unde
1767 2006 1890 2070 post
1921 2005 2035 2054 tres
2063 2012 2241 2052 annos
2269 1996 2615 2051 intercalaris
2636 1994 2844 2050 mensis
2876 1995 2945 2050 ab
2975 1992 3220 2050 Hebraeis
3257 1994 3411 2049 inve-

146 2109 326 2171 hitur;
368 2107 459 2177 qui
495 2104 567 2159 ob
608 2104 753 2157 hanc
801 2101 1017 2156 dierum
1072 2097 1327 2153 undecim
1366 2096 1717 2177 additionem
1757 2090 2023 2146 tredecim
2056 2090 2343 2145 mensibus
2380 2090 2669 2143 constat’.

212 2204 386 2274 Δῆλον
415 2201 474 2255 δὲ
500 2201 575 2264 ὡς
606 2197 859 2261 σύνθετός
879 2198 1048 2262 εστιν,
1073 2194 1101 2248 ὃ
1120 2211 1179 2248 τε
1208 2194 1383 2264 ἥλιος,
1413 2191 1509 2245 καὶ
1548 2192 1582 2262 ἡ
1637 2206 1729 2241 σε·

1897 2185 2256 2254 Perspicuum
2289 2190 2471 2236 autem
2513 2191 2596 2237 est
2647 2181 2839 2244 solem,
2870 2187 2923 2235 et
2951 2180 3161 2247 lunam,
3200 2178 3415 2235 omnia—

146 2272 306 2367 λήνη,
338 2293 434 2348 καὶ
457 2292 527 2346 τὰ
550 2291 749 2362 ἄστρα,
773 2289 868 2343 καὶ
897 2288 1073 2358 φθορᾷ
1104 2285 1246 2340 κατὰ
1269 2284 1368 2344 τὴν
1399 2282 1535 2336 ἰδίαν
1564 2280 1710 2349 eam

1846 2292 1935 2347 pte
1965 2276 2151 2331 sidera
2197 2274 2507 2343 composita
2544 2288 2690 2337 esse,
2720 2284 2773 2328 et
2799 2272 3093 2326 mutationi
3130 2273 3365 2327 obnoxia
3395 2291 3410 2326 :

147 2388 490 2443 ὑπόκεινται.
525 2385 639 2454 Τὴν
667 2383 724 2436 δὲ
748 2382 953 2436 τούτων
985 2381 1146 2450 φύσιν
1192 2377 1293 2431 οὐκ
1343 2376 1520 2446 ἴσμεν.
1572 2373 1711 2425 Τινὲ.

1847 2382 1950 2439 luat
1979 2376 2161 2423 tamen
2192 2382 2384 2421 eorum
2430 2372 2627 2419 natura
2660 2363 2754 2428 sit,
2788 2379 3018 2433 prorsus
3068 2364 3411 2434 ignoramus.

151 2481 250 2551 μὲν
286 2474 381 2531 οὖν
400 2493 533 2547 φασι
568 2448 630 2529 τὸ
666 2475 800 2547 πῦρ,
822 2472 983 2536 ἐκτός
998 2448 1146 2534 τινος
1184 2468 1317 2540 ΰλης
1337 2465 1541 2535 ἀφανὲς
1567 2458 1705 2516 εἶναι

1846 2460 1905 2513 te
1936 2458 2186 2513 nonnulli
2236 2457 2415 2526 ignem
2445 2456 2513 2510 ab
2551 2456 2706 2509 omni
2745 2448 2997 2519 materia,
3030 2454 3145 2510 sive
3188 2456 3410 2525 pabulo,

148 2543 270 2627 ῦθεν
296 2570 393 2625 καὶ
413 2543 778 2637 σόεννύμενον
814 2563 1159 2635 ἀφανίζεται..
1206 2561 1430 2629 Ἔτεροι
1467 2556 1545 2622 δὲ,
1572 2554 1712 2608 τοῦτ(

1851 2553 2100 2599 temetum
2148 2544 2368 2614 penitus
2416 2543 2667 2598 desinere
2717 2553 2995 2607 asserunt,
3033 2543 3200 2614 idque
3237 2545 3415 2598 mani-

150 2659 530 2731 σὸεννύμενον,
554 2634 634 2721 είς
659 2656 797 2727 ἀέρα
818 2634 950 2724 φασὶ
992 2648 1446 2725 μεταϐάλλεσθαι.

1853 2642 2029 2691 estum
2066 2651 2217 2701 esse,
2246 2650 2313 2690 eo
2342 2636 2489 2705 quod
2537 2635 2851 2689 exstinctus
2895 2642 3212 2690 evanescat.
3272 2634 3417 2689 Sunt

1826 2742 2024 2783 rursus
2052 2727 2144 2781 alii
2190 2728 2284 2797 qui
2328 2728 2661 2783 exstinctum
2734 2727 2889 2781 illum
2945 2726 3003 2781 in
3052 2740 3235 2781 aerem
3281 2727 3419 2782 verti

1830 2816 2024 2871 dicunt
2059 2817 2124 2869 ¹⁰.

228 2924 290 2979 Ὀ
332 2922 596 2987 ζωδιακὸς
646 2920 843 2983 κύκλος
904 2918 1071 2984 λοξῶς
1099 2920 1364 2980 κινεῖται,
1391 2914 1727 2988 διῃρημένος

1897 2903 2120 2959 Zodiaci
2156 2914 2351 2959 motus.
2390 2936 2459 2947 —-
2492 2903 2767 2959 Zodiacus
2804 2903 2954 2957 orbis
3004 2902 3227 2973 obliquo
3264 2910 3418 2956 motu

149 3018 231 3079 είς
250 3015 522 3085 τμήματα
553 3009 783 3073 δώδεκα,
811 3010 971 3064 ἆτινα
1015 3007 1264 3060 καλεῖται
1311 3004 1513 3073 {eam
1570 3003 1632 3055 τὺ
1675 3003 1713 3055 δὲ

1858 2995 2101 3060 rolvitur,
2140 2994 2306 3065 inque
2346 3004 2531 3065 partes
2576 2995 2868 3050 duodecim
2905 3003 3149 3061 secatur,
3184 3010 3304 3064 quae
3343 2996 3422 3049 si—

151 3102 347 3167 ζώδιον
368 3101 481 3171 ἔχει
506 3098 761 3160 δεκανοὺς
791 3100 964 3169 τρεῖς,
1008 3095 1202 3168 μοίρας
1232 3096 1530 3166 τριάκοντα
1564 3111 1577 3124 ·
1621 3094 1653 3163 ἡ
1679 3093 1715 3145 δ]

1857 3104 1949 3161 gna
1978 3089 2267 3156 dicuntur;
2300 3088 2583 3159 quodlibet
2617 3103 2749 3143 vero
2784 3088 3001 3158 signum
3032 3095 3145 3144 tres
3178 3087 3421 3143 decanos

154 3196 322 3265 μοῖρα
348 3193 459 3262 ἔχει
481 3190 654 3244 λεπτά
677 3191 964 3263 ἐξήκοντα.
996 3188 1147 3258 Ἔχει
1179 3182 1271 3241 οὖν
1298 3186 1566 3257 ὁοὺρανὸς
1620 3184 1710 3253 μοί

1859 3182 2032 3248 iiabet,
2067 3182 2271 3252 gradus
2330 3180 2554 3250 triginta
2607 3198 2621 3234 :
2674 3181 2904 3251 quilibet
2969 3187 3152 3236 autem
3217 3178 3423 3251 gradus

153 3301 258 3356 ρας
293 3283 615 3353 τριακοσίας
642 3281 935 3353 ἐξήκοντασ
968 3279 1030 3333 τὸ
1064 3278 1204 3349 ὑπὲρ
1233 3277 1338 3349 γῆν
1360 3276 1717 3350 ἡμισφαίριον

1859 3274 2080 3329 minutis
2132 3273 2417 3344 sexaginta
2470 3281 2707 3328 constat.
2767 3270 2845 3328 lta
2890 3274 3091 3327 coelum
3145 3281 3423 3328 trecentos

154 3376 356 3449 μοίρας
388 3381 496 3447 ρπ⁹,
525 3377 621 3429 καὶ
654 3374 758 3428 ὑπὸ
784 3374 910 3445 γῆν,
936 3380 1046 3445 ρπ’.

1858 3366 2130 3437 sexaginta
2167 3366 2372 3436 gradus
2412 3365 2574 3420 habet
2608 3384 2619 3418 :
2660 3364 3105 3434 hemisphaerium
3140 3366 3286 3436 quod
3325 3382 3422 3421 su-

1847 3472 1941 3529 per
1974 3467 2174 3512 terram
2234 3465 2341 3521 est,
2372 3465 2590 3511 eentuin
2628 3465 2681 3512 et
2729 3458 3005 3525 octoginta
3053 3458 3256 3527 gradus
3294 3472 3426 3512 con-

1834 3552 1990 3618 tinet,
2024 3548 2360 3620 totidemque
2392 3549 2546 3616 illud,
2604 3547 2751 3618 quod
2783 3548 2978 3604 subtus
3018 3556 3243 3604 terram.

652 3646 661 3663 ‘
684 3637 848 3697 Οἶκοι
879 3640 1226 3710 πλανητῶν.

2329 3639 2532 3694 Domus
2567 3641 2924 3710 planetarum.

230 3736 404 3807 Κριὸς
430 3735 523 3790 καὶ
546 3737 832 3807 Σκορπίος,
868 3736 1080 3808 ’Λρεως
1110 3752 1123 3766 ·
1158 3734 1371 3805 Ταῦρος
1401 3735 1495 3788 καὶ
1536 3733 1741 3802 Ζυγδς,

1908 3734 2067 3789 Aries
2100 3740 2155 3787 et
2186 3732 2476 3803 Scorpius,
2496 3728 2687 3787 Martis
2716 3750 2729 3786 :
2758 3730 2976 3787 Taurus
3013 3741 3066 3786 et
3096 3731 3285 3797 Libra,
3318 3731 3425 3789 Ve-

159 3818 487 3900 ’Λφροδίτης
510 3844 524 3857 ·
561 3827 897 3898 Δίδυμοακαὶ
920 3825 1215 3898 Παρθένος,
1251 3822 1454 3896 Ἑρμοῦ
1483 3840 1497 3856 ·
1531 3825 1723 3893 Καρκῖι

1859 3826 1995 3882 ieris
2043 3827 2083 3856 “
2132 3843 2146 3879 :
2202 3824 2418 3879 Gemini
2463 3832 2519 3880 et
2573 3825 2753 3894 Virgo,
2809 3822 3118 3878 Mercurii:
3162 3825 3423 3890 Cancer,

162 3936 277 3981 νος,
304 3918 541 3987 Σελήνης
564 3934 578 3949 ·
639 3918 811 3983 Λέων,
861 3917 1077 3991 Ἠλίου·
1105 3917 1340 3986 Τοξότης
1382 3915 1477 3968 καὶ
1518 3915 1721 3985 ’ἰχθύες

1858 3918 2058 3973 Lunae:
2093 3916 2228 3983 Leo,
2264 3915 2409 3971 Solis
2440 3935 2452 3971 :
2489 3914 2824 3987 Sagittarius
2871 3923 2926 3971 et
2974 3915 3183 3982 Pisces,
3233 3914 3422 3975 Jovis:

163 4010 287 4071 Διός
314 4025 329 4038 ·
361 4009 672 4080 Αίγὸκερως
694 4011 786 4063 καὶ
831 4009 1133 4079 ’Υδροχόος,
1168 4007 1399 4079 Κρόνου.

1355 4025 1399 4060 υ.
1848 4009 2219 4081 Capricornus
2250 4016 2305 4065 et
2338 4008 2638 4079 Aquarius,
2673 4006 2919 4060 Saturni.

793 4101 807 4120 '
822 4100 1135 4170 Υψώματα.

2462 4099 2809 4153 Αίιὶιιιιίῑηεε.

238 4187 435 4260 Κριὸς,
465 4190 642 4245 Ἡλίου
663 4209 678 4224 ο
704 4191 936 4261 Ταῦρος,
967 4190 1205 4262 Σελήνης
1223 4206 1236 4221 ο
1266 4190 1561 4262 Καρκῖνος,
1588 4191 1708 4254 Διός
1730 4204 1744 4219 °

1915 4195 2098 4264 Aries,
2151 4193 2337 4261 Solis;
2391 4191 2635 4258 Taurus,
2691 4191 2902 4258 Lunae;
2956 4184 3195 4256 Cancer,
3234 4190 3427 4258 Jovis;

168 4284 476 4357 Παρθένος,
511 4283 722 4353 ’Δρεως
754 4300 767 4313 ·
834 4281 1026 4349 Ζυγδς,
1078 4280 1287 4352 Κρόνου
1318 4298 1331 4311 υ
1397 4282 1732 4353 Αίγόκερωςτ

1864 4285 2059 4354 Virgo,
2119 4286 2347 4355 Martis;
2407 4284 2608 4351 Libra,
2675 4283 2938 4352 Saturni;
3014 4284 3428 4355 Capricornus,

179 4376 417 4448 Ἐρμοῦ’
467 4373 691 4444 Ἰχθύες,
722 4373 1067 4444 Ἀφροδίτης.

565 4376 691 4439 ίύες,
722 4373 1067 4444 Ἀφροδίτης.
1782 4440 1816 4448 _
1852 4378 2129 4436 Mercurii.

519 4440 593 4521 Τά
613 4440 894 4536 σχήματα
921 4440 1030 4536 τῆξ
1057 4466 1351 4537 σελήνης.
1779 4440 1825 4494 D

1779 4440 1825 4494 ι)
2207 4468 2222 4478 ⁵
2347 4468 2726 4540 Figurationes
2776 4470 2936 4524 lunar.

239 4557 491 4621 Σύνοδος,
521 4559 964 4630 ὃτανγένηταιὲν
995 4562 1058 4630 τῇ
1090 4559 1278 4631 μοίρᾳ,
1330 4561 1389 4612 ὲν
1520 4559 1669 4610 ἐστιν
1717 4557 1745 4609 ὁ

1915 4564 1978 4618 ln
2016 4561 2418 4631 conjunctione
2467 4561 2593 4614 luna
2644 4576 2769 4615 esse
2815 4562 3040 4624 dicitur,
3085 4574 3209 4614 cum
3239 4560 3428 4613 eodem

165 4652 321 4721 ἥλιος
340 4667 355 4682 ο
382 4652 566 4721 γεννᾷ,
594 4653 721 4704 ὅταν
742 4652 957 4722 ἀποστῇ
978 4650 1071 4703 τοῦ
1096 4652 1245 4720 ήλίου
1271 4649 1466 4721 μοίρας
1494 4657 1555 4702 ιε’
1574 4668 1588 4681 ο
1616 4650 1729 4702 ἀναι

1868 4670 1954 4726 [uo
1983 4654 2067 4710 sol
2096 4661 2181 4708 est
2212 4653 2381 4723 gradu
2413 4672 2427 4708 :
2465 4668 2721 4715 nascens,
2758 4668 2880 4706 cum
2911 4651 3228 4722 quindecim
3262 4665 3291 4703 a
3317 4650 3432 4704 sole

162 4744 318 4813 τολὴ,
345 4744 474 4795 ὅταν
506 4745 646 4813 φανῇ
691 4742 976 4813 μηνοειδὴς
1013 4743 1093 4805 δὶς
1122 4743 1311 4806 ο,ὄταν
1337 4742 1515 4814 ἀπέχῃ
1553 4741 1726 4813 μοίρα.

1866 4747 2105 4817 gradibus
2140 4744 2308 4799 distat
2341 4763 2354 4799 :
2394 4745 2603 4809 oriens,
2639 4744 2768 4797 dum
2801 4744 3141 4815 corniculata
3171 4747 3430 4809 apparet;

167 4832 211 4901 ξ’
232 4850 245 4863 ·
268 4834 545 4905 διχοτόμοι
575 4835 689 4900 δύο,
729 4835 856 4887 ὅταν
888 4834 1067 4908 ἀπέχῃ
1118 4833 1311 4905 μοίρας
1347 4834 1731 4905 ἐννενήκοντα

1867 4836 1991 4909 μιοᾱ
2016 4836 2239 4907 quidem
2275 4836 2358 4890 bis
2394 4836 2647 4903 contigit,
2683 4851 2745 4889 ac
2777 4842 2892 4887 tum
2928 4833 3211 4902 sexaginta
3249 4829 3431 4900 gradi—

167 4926 513 4997 ἀμφίκυρτοι
539 4926 651 4988 δύο,
680 4927 812 4980 ὅταν
842 4926 1022 5000 ἀπέχῃ
1075 4926 1269 4998 μοίρας
1312 4922 1395 4996 ρκ’
1425 4942 1440 4957 ·
1480 4924 1731 4995 πλησισὲ-

1866 4932 1961 4987 bus
1985 4944 2013 4983 a
2048 4929 2164 4983 sole
2207 4928 2411 4982 distat:
2450 4928 2753 4996 semiplena
2788 4925 2871 4979 bis
2903 4923 3269 4993 conspicitur,
3303 4936 3430 4975 cum

166 5016 346 5087 ληνοι,
386 5018 443 5071 αἱ
489 5018 584 5070 καὶ
612 5018 958 5089 πλησιφαεῖς,
1000 5018 1114 5085 δύο,
1146 5018 1274 5072 ὅταν
1318 5017 1500 5090 ἀπέχῃ
1553 5018 1730 5088 μοίρας

1864 5022 2153 5093 nonaginta
2199 5020 2461 5090 gradibus
2503 5019 2775 5074 recessit:
2814 5017 2904 5072 his
2950 5016 3110 5071 etiam
3171 5013 3428 5084 gibbosa,

168 5108 253 5182 ρι’
287 5128 303 5142 ·
335 5111 689 5182 πανσέληνος,
720 5113 850 5165 ὅταν
905 5112 1082 5183 ἀπέχῃ
1120 5116 1228 5182 ρτέ.
1282 5110 1373 5173 Δὶς
1406 5109 1434 5147 ά
1492 5110 1549 5163 δὲ
1605 5110 1732 5162 εἴπο

1870 5128 1981 5167 :um
2041 5119 2262 5167 centum
2320 5120 2374 5165 et
2441 5109 2631 5182 viginti
2695 5108 2956 5180 gradibus
3006 5126 3019 5162 :
3072 5107 3257 5161 lucem
3299 5117 3434 5158 vero

171 5215 299 5272 μεν,
367 5200 497 5272 μίαν
542 5202 831 5273 αὐξούσης,
890 5203 984 5256 καὶ
1037 5201 1165 5273 μίαν
1204 5200 1494 5273 ληγούσης.
1530 5202 1628 5255 Διά
1657 5201 1735 5255 δύ(

1871 5204 2070 5272 )lenam
2100 5202 2327 5268 habens,
2357 5217 2481 5257 cum
2519 5201 2779 5273 gradibus
2822 5209 3042 5254 centum
3069 5204 3123 5253 et
3158 5196 3435 5268 quinquao

240 5349 263 5380 ⁹
313 5356 506 5417 Sever.
546 5358 738 5418 Gabal.
778 5361 875 5417 lib.
905 5377 966 5416 tu
990 5359 1066 5413 De
1098 5358 1229 5429 opif.
1265 5356 1471 5411 mundi.
1551 5358 1593 5390 ιθ
1623 5357 1845 5415 Nemea.
1872 5372 1993 5427 cap.
2029 5358 2083 5412 5.
2163 5358 2203 5389 “
2228 5355 2351 5412 Vid.
2387 5357 2590 5426 Porph.
2634 5354 2706 5410 De
2732 5366 2884 5409 antro
2944 5351 3174 5423 Nymph.

1489 5493 1728 5550 vamm
1759 5482 2166 5551 LECTIONES.

172 5586 521 5717 ὼῖὺῐίοὲὖοι
564 5590 835 5663 δεύτερον.
894 5589 1066 5650 Vetus
1113 5588 1341 5663 interpr.
1405 5592 1652 5671 secundo,
1705 5600 1761 5648 et
1800 5589 1975 5647 Faber
2010 5592 2124 5655 bis;
2184 5589 2330 5645 unde
2393 5589 2679 5661 legendum
2735 5595 2865 5660 puto
2899 5586 3001 5652 δίς.
3109 5584 3319 5640 dEdita
3374 5590 3433 5641 et
