3962 6300
501 247 612 316 899

1677 248 1758 310 -S.
1796 233 2117 308 ΙΟΑΝΝΪΞ
2149 244 2581 308 DAMASCENI

3677 251 3787 320 900

502 371 652 434 ginta
678 380 693 419 :
723 361 884 434 plena
915 359 1142 417 omnino
1187 374 1252 416 ac
1297 361 1722 432 perfecta,rcutu
1754 370 1980 416 centum
2028 372 2079 416 -οι

2203 365 2379 434 ήμισυ
2409 363 2633 436 ήμερῶν
2689 364 3026 437 παρέρχεται
3061 367 3096 439 ή
3138 366 3341 442 σελήνη
3383 367 3620 424 ἕκαστον
3677 368 3785 434 ζώ-

494 457 774 526 octoginta
812 454 1072 524 gradibus
1101 469 1131 507 a
1163 453 1282 510 sole
1327 465 1537 510 remota
1579 461 1687 510 est.
1729 453 1821 508 Bis
1879 453 2092 508 idcirco

2196 453 2328 510 διον.

496 545 752 612 dicimus,
792 545 924 615 quia
968 557 1271 610 crescente,
1310 562 1375 601 ac
1435 561 1630 602 rursus
1661 544 2015 601 decrescente
2079 542 2135 599 id
2168 546 2388 602 accidit.
2419 545 2594 604 Porro
2623 548 2844 605 duobus
2889 548 3086 606 diebus
3121 562 3250 604 cum
3295 547 3531 606 dimidio
3580 564 3784 604 unum-

495 635 753 706 quodque
790 635 1012 706 signum
1048 636 1176 691 luna
1197 638 1480 692 emetitur.

1124 728 1279 784 CAP.
1327 728 1461 783 VIII.

995 818 1074 874 De
1114 834 1234 874 aere
1289 829 1340 873 et
1401 820 1587 873 ventis.

573 914 716 969 Aeris
753 911 1073 980 descriptio.
1099 939 1172 953 —
1204 912 1313 965 Aer
1365 909 1791 966 subtilissimum
1845 907 2088 964 elemen-

495 1016 612 1064 tum
642 1013 749 1071 est,
802 1003 1206 1074 humidumque
1255 1009 1312 1057 et
1357 1001 1634 1068 calidum;
1685 1001 1812 1071 igne
1856 999 2084 1070 quidem

497 1096 739 1168 gravius,
767 1102 914 1149 terra
945 1102 1126 1148 tamen
1151 1100 1207 1148 et
1228 1091 1389 1162 aquis
1437 1091 1646 1156 levius;
1696 1089 2086 1160 respirationis

496 1199 553 1246 et
585 1189 735 1243 vocis
783 1201 976 1249 causa,
1028 1184 1237 1238 coloris
1281 1197 1500 1252 expers,
1551 1181 1656 1236 hoc
1700 1190 1809 1246 est,
1868 1180 2022 1234 nullo
2053 1193 2086 1233 a

498 1289 695 1336 natura
737 1279 923 1332 colore
968 1276 1279 1339 imbutum;
1333 1270 1567 1328 nitidum
1621 1286 1686 1326 ac
1740 1271 2082 1342 pellucidum

499 1370 720 1438 (lumen
777 1369 923 1424 enim
996 1365 1253 1436 excipere
1307 1365 1521 1444 potest)
1581 1363 1762 1419 tribus
1822 1363 2083 1420 sensibus

497 1460 707 1516 nostris
728 1457 1043 1512 inserviens
1069 1455 1270 1525 (ipsius
1298 1455 1445 1510 enim
1478 1452 1747 1508 beneficio
1772 1454 2080 1520 cernimus,

498 1549 777 1614 audimus,
843 1545 1216 1614 odoramur):
1270 1543 1477 1599 caloris
1533 1543 1662 1597 item
1721 1548 1777 1597 et
1832 1540 2080 1612 frigoris,

498 1635 763 1693 siccitatis
792 1641 846 1689 et
882 1632 1230 1688 bumiditatis
1264 1647 1467 1704 capax.
1503 1631 1681 1702 Hujus
1716 1631 1921 1687 locales
1962 1646 2086 1685 mo-

2721 733 2977 789 ΚΕΦΑΛ.
3011 732 3277 806 mum}.

2598 827 2740 896 Περὶ
2765 826 2943 896 ἀέρος
2980 825 3080 880 καὶ
3117 825 3379 896 ἀνέμων.

2271 917 2405 987 Ἀήρ
2427 917 2542 970 ἐστι
2571 919 2834 986 στοιχεῖον
2854 916 3204 982 λεπτότατον,
3238 917 3408 988 ὑγρόν
3437 935 3498 972 τε
3526 920 3624 974 καὶ
3652 919 3783 992 θερ-

2192 1008 2316 1078 μὸν,
2343 1008 2438 1062 τοῦ
2467 1007 2569 1078 μὲν
2599 1009 2774 1080 πυρὸς
2802 1007 3125 1079 βαρύτερον,
3160 1007 3260 1078 τῆς
3291 1008 3352 1062 δὲ
3388 1011 3492 1080 γῆς
3513 1012 3614 1064 καὶ
3667 1011 3780 1066 τῶν

2188 1099 2398 1153 ὑδάτων
2427 1099 2782 1170 κουφότερον,
2817 1099 3097 1168 ἀναπνοῆς
3148 1098 3244 1152 καὶ
3277 1099 3648 1170 ὲκφωνήσεως
3692 1103 3782 1154 ατ-

2187 1207 2324 1255 τιον,
2351 1189 2795 1261 ἀχρωμάτιστον,
2826 1191 2946 1260 ήτοι
2976 1190 3043 1243 ὲκ
3062 1188 3279 1259 φύσεως
3304 1190 3504 1261 χρῶμα
3550 1191 3628 1262 μὴ
3684 1209 3780 1244 κε-

2189 1279 2484 1350 κτημένον,
2515 1278 2732 1345 διειδὲς,
2768 1277 3028 1347 διαφανὲς
3054 1294 3068 1308 ·
3106 1277 3284 1346 φωτὸς
3317 1277 3425 1349 γάρ
3457 1278 3576 1331 ἐστι
3597 1278 3778 1332 δεκτι-

2190 1371 2286 1426 κόν
2311 1387 2326 1402 ’
2363 1371 2458 1425 καὶ
2487 1373 2607 1434 ταῖς
2635 1369 2815 1443 τρισὶν
2860 1369 3182 1440 αἰσθήσεσιν
3227 1369 3388 1440 ήμῶν
3439 1368 3730 1423 διακονοῦν
3763 1385 3777 1400 ·

2187 1461 2258 1515 δι’
2303 1461 2470 1516 αὑτοῦ
2508 1460 2619 1532 γὰρ
2677 1461 2896 1532 ὁρῶμεν
2922 1501 2938 1526 ,
2983 1459 3278 1529 ἀκούομεν,
3327 1457 3773 1530 ὀσφραινόμεθα·

2187 1553 2436 1608 δεκτικὸν
2468 1551 2718 1623 θάλψεώς
2737 1569 2798 1606 τε
2837 1551 2932 1606 καὶ
2965 1550 3202 1620 ψύξεως,
3232 1549 3531 1622 ξηρότητός
3561 1566 3622 1602 τε
3673 1548 3770 1602 καὶ

2188 1645 2485 1718 ὑγρότητος
2510 1661 2528 1680 ο
2561 1640 2623 1699 οὗ
2644 1647 2818 1699 πᾶσαι
2839 1645 2894 1698 αἱ
2925 1643 3074 1698 ⁴κατὰ
3101 1643 3267 1697 τόπον
3297 1644 3543 1712 κινήσεις
3604 1641 3770 1706 εἰσὶν,

497 1737 589 1783 tus
641 1727 696 1781 hi
745 1734 900 1790 sunt,
955 1739 1202 1788 sursum,
1232 1723 1395 1794 169
1433 1724 1716 1788 deorsum,
1753 1723 2079 1790 introrsum,

2191 1736 2318 1804 ἀνω,
2389 1737 2558 1802 κάτω,
2618 1736 2749 1802 ἔσω,
2793 1734 2922 1801 ἔξω,
2949 1729 3124 1797 δεξιὰ,
3156 1729 3442 1803 ἀριστερὰ,
3477 1729 3574 1783 καὶ
3602 1729 3640 1800 ή
3670 1746 3772 1782 κυο

496 1827 829 1880 estrorsum,
863 1819 1238 1883 dextrorsum,
1257 1817 1678 1881 sinistrorsum,
1705 1829 1771 1871 ac
1792 1823 2082 1887 postremo

497 1916 694 1964 motus
707 1906 953 1962 orbicus.

565 2015 674 2069 Aer
706 2030 772 2069 ea:
805 2031 860 2070 se
886 2013 1062 2068 lumen
1111 2028 1216 2067 non
1261 2012 1441 2068 habet.
1469 2042 1540 2052 —
1574 2013 1656 2067 Ex
1690 2027 1749 2069 se
1779 2020 1963 2068 autem
1998 2012 2096 2068 ιιι-ρ

498 2123 625 2162 men
656 2123 767 2162 non
803 2107 991 2171 habet,
1022 2120 1211 2160 verum
1251 2119 1282 2158 a
1317 2105 1454 2170 sole,
1498 2105 1651 2169 luna,
1685 2105 1993 2169 sideribus,
2027 2110 2083 2160 et

499 2197 625 2268 igne
647 2197 1028 2252 collustratur.
1056 2196 1238 2265 Atque
1258 2195 1362 2250 hoc
1386 2205 1472 2251 est
1495 2194 1644 2262 quod
1671 2195 1748 2249 ait
1773 2195 2080 2265 Scriptura:

505 2287 574 2342 Et
624 2287 852 2342 tenebra:
896 2296 1049 2341 erant
1081 2301 1238 2354 super
1273 2285 1459 2355 faciem
1490 2285 1674 2356 abyssi
1701 2287 1766 2341 “.
1799 2285 1907 2341 Ubi
1941 2286 2090 2340 iudi-

498 2393 631 2433 care
662 2378 1016 2432 vultaerem
1069 2377 1297 2432 minime
1327 2390 1358 2430 a
1388 2392 1450 2432 se
1483 2376 1666 2432 lumen
1714 2376 1944 2443 habere,
1985 2376 2082 2434 sed

499 2467 773 2522 diversam
799 2482 924 2522 esse
948 2467 1174 2522 luminis
1204 2465 1604 2523 substantiam.

571 2557 716 2624 Quid
747 2569 954 2613 vetitus.
981 2587 1049 2598 —
1076 2557 1147 2612 At
1173 2567 1368 2615 ventus
1394 2566 1480 2614 est
1502 2557 1733 2629 agitatio
1758 2559 1926 2614 aeris.
1960 2557 2084 2626 Vel,

500 2663 699 2706 ventus
724 2659 809 2706 est
838 2649 984 2706 aeris
1009 2649 1214 2714 ﬂuxus,
1255 2665 1355 2720 pro
1401 2649 1553 2705 varia
1590 2651 1836 2706 locorum
1865 2665 1933 2705 ex
1963 2649 2090 2720 qui-

500 2739 606 2794 bus
637 2748 824 2793 manat
860 2741 1094 2807 ratione,
1123 2741 1230 2795 alia
1261 2748 1428 2811 atque
1461 2740 1565 2795 alia
1596 2741 1835 2797 subinde
1862 2741 2088 2796 nomina

502 2830 787 2900 accipiens
832 2830 899 2884 ⁸³.

570 2976 722 3030 Aeris
781 2975 950 3042 locus,
1004 2990 1276 3030 ventorum
1325 2993 1693 3036 numerus.—
1726 2978 1875 3046 Quin
1933 2981 2088 3038 locus

2182 1826 2487 1900 κλοφορικὴ
2520 1825 2756 1898 κίνησις.

2255 2023 2482 2080 Οίκοθεν
2518 2023 2594 2096 μὴ
2619 2021 2964 2095 κεκτημένος
3006 2021 3066 2076 τὸ
3101 2019 3238 2090 φῶς,
3270 2019 3386 2073 ἀλλ’
3432 2017 3542 2073 ὑπὸ
3592 2015 3775 2090 ήλίου,

2183 2119 2282 2172 καὶ
2311 2117 2561 2189 σελήνης,
2616 2117 2713 2171 καὶ¹
2765 2116 3006 2186 ἄστρων,
3051 2112 3147 2166 καὶ
3172 2111 3343 2182 πυρὸς
3373 2109 3770 2180 φωτιζόμενος.

2184 2210 2297 2264 Καὶ
2340 2208 2497 2262 τοῦτό
2547 2209 2716 2272 ἐστιν,
2749 2207 2779 2260 6
2806 2201 2964 2260 εἶπεν
3013 2206 3048 2276 ή
3097 2201 3307 2276 Γραφὴ,
3343 2203 3425 2256 ὃτι
3447 2201 3674 2266 Σκότος
3695 2195 3777 2271 ἦν

2183 2300 2387 2356 ἐπάνω
2414 2301 2524 2368 τῆς
2545 2301 2856 2362 ἀϐύσσου,
2893 2299 3125 2352 θέλουσα
3151 2297 3341 2363 δεῖξαι,
3369 2297 3446 2360 ὡς
3487 2295 3590 2348 οὐκ
3624 2294 3779 2348 obto-

2186 2391 2278 2445 θεν
2299 2394 2327 2445 6
2353 2392 2463 2462 ἀὴρ
2492 2390 2554 2444 τὸ
2582 2389 2698 2460 φῶς
2720 2390 3006 2462 κέκτηται,
3030 2388 3147 2444 ἀλλ’
3171 2388 3308 2460 ἀλλη
3333 2386 3418 2451 τίς
3449 2388 3596 2440 ἐστιν
3617 2383 3778 2438 οὐσία

2183 2485 2220 2556 ἡ
2254 2484 2346 2538 τοῦ
2383 2484 2581 2554 φωτός.

2261 2575 2497 2644 Ἄνεμος
2546 2572 2606 2628 δέ
2639 2574 2756 2627 ἐστι
2806 2573 3021 2644 κίνησις
3062 2572 3245 2643 ἀέρος.
3305 2572 3378 2624 Ἢ
3414 2570 3618 2640 ἄνεμός
3657 2569 3776 2623 ἑστι

2189 2665 2368 2739 ῥεῦμα
2387 2667 2551 2737 ἀέρος
2575 2665 2674 2736 τῆς
2700 2665 2811 2719 τῶν
2831 2665 3012 2720 τόπων
3041 2662 3368 2734 ἐξαλλαγῆς,
3396 2664 3518 2717 ὅθεν
3543 2664 3651 2734 ῥεῖ,
3677 2661 3776 2725 τὰς

2188 2757 2507 2828 ἐπωνυμίας
2533 2756 2816 2827 ἀμείϐων.-

2259 2987 2372 3041 Καὶ
2395 2943 2438 3038 6.
2459 2985 2626 3050 τόπος
2655 2982 2715 3038 δὲ
2741 2981 2834 3038 τοῦ
2869 2981 3031 3054 ἀέρος
3082 2980 3222 3036 ἐστί.
3256 2979 3432 3043 Τόπος
3487 2977 3597 3049 γάρ
3623 2977 3776 3031 ἐστιν

499 3082 722 3138 quoque
755 3067 902 3122 aeris
931 3075 1036 3122 est.
1080 3067 1216 3121 Illud
1244 3068 1390 3122 enim
1437 3069 1686 3138 cujusvis
1725 3072 1978 3142 corporis
2005 3072 2079 3126 lo-

2191 3078 2418 3132 ὲκάστου
2453 3074 2707 3146 σώματος
2739 3073 2773 3143 ἡ
2801 3071 2995 3126 τούτου
3025 3069 3282 3140 περιοχή.
3326 3067 3392 3120 Τί
3430 3066 3488 3120 δὲ
3523 3065 3774 3136 περιέχει

497 3173 603 3214 cus
629 3168 735 3226 est,
768 3174 878 3229 quo
901 3161 1330 3232 unumquodque
1361 3161 1688 3217 includitur.
1721 3162 1862 3229 Quid
1893 3174 2075 3220 autem

499 3249 653 3306 aliud
684 3265 918 3322 corpora
953 3253 1202 3309 continet
1233 3261 1287 3308 et
1325 3255 1520 3320 ambit,
1574 3255 1681 3310 nisi
1733 3256 1867 3311 aer?
1903 3255 2084 3312 Variae

499 3357 670 3413 porro
707 3345 1154 3415 multiplicesque
1187 3347 1443 3418 regiones
1475 3355 1624 3416 sunt,
1663 3349 1810 3404 unde
1840 3363 1936 3404 aer
1966 3350 2085 3420 agi.

501 3443 687 3501 tatur;
721 3450 788 3490 ex
834 3435 1038 3506 quibus
1071 3435 1236 3491 etiam
1276 3437 1569 3492 duodecim
1621 3437 1770 3492 venti
1823 3437 2082 3507 (totidem

498 3527 644 3582 enim
679 3542 874 3582 omnes
908 3529 1060 3598 sunt)
1087 3543 1286 3584 nomen
1313 3528 1567 3584 trahunt.
1600 3528 1744 3584 Sunt
1770 3530 1865 3600 qui
1897 3544 2081 3586 aerem

498 3617 636 3672 nihil
663 3617 813 3671 aliud
843 3633 968 3674 esse
989 3617 1352 3684 contendant,
1377 3619 1484 3675 nisi
1513 3619 1693 3690 ignem
1716 3621 2076 3688 exstinctum,

498 3717 595 3762 aut
640 3707 921 3765 calefacta:
953 3724 1111 3780 aquae
1152 3725 1433 3782 vaporem.
1468 3710 1840 3777 Quamobrem
1873 3721 2074 3767 natura

497 3801 722 3872 quidem
755 3817 856 3860 sua
897 3803 1110 3860 calidus
1147 3813 1270 3872 est;
1307 3819 1497 3860 verum
1532 3820 1596 3861 ex
1632 3819 1792 3875 aqua
1823 3813 1879 3861 et
1914 3812 2076 3861 teme

2177 3169 2248 3224 τὰ
2272 3166 2504 3236 σώματα
2526 3204 2541 3231 ,
2575 3165 2626 3218 εἰ
2662 3163 2739 3235 μὴ
2765 3164 2908 3234 ἀήρ;
2941 3162 3062 3218 Εἰσὶ
3086 3162 3142 3215 δὲ
3173 3161 3330 3214 τόποι
3351 3159 3626 3228 διάφοροι,
3647 3157 3776 3210 ὃθεν

2178 3259 2213 3330 ή
2246 3256 2340 3310 τοῦ
2375 3256 2536 3326 ἀέρος
2560 3254 2770 3325 γίνεται
2800 3253 3034 3324 κίνησις,
3065 3251 3128 3317 ἐξ
3146 3244 3220 3304 ὧν
3248 3248 3344 3304 καὶ
3368 3250 3418 3302 οἱ
3446 3248 3647 3317 ἄνεμοι
3671 3247 3774 3309 τὰς

2180 3345 2502 3417 ἐπωνυμίας
2534 3345 2740 3415 έχουσι.
2771 3342 2993 3398 Δώδεκα
3028 3343 3086 3396 δὲ
3128 3341 3328 3404 πάντες
3360 3341 3466 3393 εἰσί
3487 3354 3503 3370 ⁸
3542 3337 3682 3407 φασὶ
3714 3337 3773 3391 δὲ

2176 3438 2269 3492 τὸν
2295 3438 2436 3510 ἀέρα
2476 3436 2666 3490 σϐέσιν
2694 3435 2889 3505 πυρὸς,
2921 3434 2956 3506 ἢ
2995 3433 3168 3504 ἀτμὸν
3212 3431 3403 3495 ὓδατος
3428 3428 3772 3500 θερμανθέν-

2177 3546 2289 3593 τος.
2319 3529 2478 3582 ΙἘστι
2513 3526 2645 3596 γοῦν
2672 3527 2702 3582 6
2729 3526 2858 3599 ἀὴρ,
2889 3526 3032 3580 κατά
3063 3524 3162 3596 μὲν
3191 3524 3294 3596 τὴν
3321 3521 3528 3576 οἰκείαν
3573 3519 3766 3590 φύσιν.

2184 3621 2386 3694 θερμός
2405 3635 2419 3650 ·
2467 3619 2699 3691 ψύχεται
2728 3619 2786 3673 δὲ
2817 3621 2885 3691 τῇ
2913 3616 3209 3688 γειτνιάσει
3252 3619 3320 3688 τῇ
3369 3614 3504 3686 πρὸς
3529 3613 3594 3666 τὸ
3617 3612 3768 3683 ὕδωρ

2183 3717 2278 3771 καὶ
2327 3715 2428 3786 τὴν
2473 3715 2598 3785 γῆν,
2649 3713 2726 3779 ὡς
2777 3712 2848 3769 τά
2883 3713 2986 3784 μὲν
3012 3711 3164 3767 κάτω
3209 3711 3352 3783 μέρη
3387 3705 3555 3764 αὐτοῦ
3579 3705 3767 3777 ψυχρὰ

2181 3803 2343 3874 εἶναι,
2378 3806 2447 3860 τά
2479 3805 2538 3860 δὲ
2569 3806 2704 3870 ἀνω,
2734 3803 2936 3875 θερμά.

496 3890 782 3948 vicinitate
831 3891 1011 3965 frigus
1085 3893 1392 3949 contrahit.
1464 3893 1545 3948 Ex
1596 3908 1708 3965 quo
1753 3896 1814 3950 tit
1868 3902 1928 3950 ut
1984 3893 2279 3954 inferiores
2345 3899 2518 3971 ipsius
2561 3903 2754 3967 partes
2815 3893 3030 3967 frigidae
3098 3893 3250 3962 sint,
3299 3890 3618 3962 superiores
3666 3900 3767 3943 ca-

497 3982 622 4038 lida:
655 3981 716 4039 “.

575 4097 859 4153 Ventorum
918 4102 1154 4156 nomina.
1193 4130 1264 4140 —
1314 4098 1472 4165 Quod
1524 4106 1707 4155 autem
1757 4099 1827 4154 ad
1879 4110 2072 4156 ventus

499 4191 712 4256 attinet,
761 4191 828 4246 ab
853 4192 1045 4270 testivo
1076 4199 1205 4247 ortu
1238 4191 1373 4244 llam
1405 4192 1628 4256 caecias,
1652 4192 1746 4262 qui
1779 4200 1834 4248 et
1870 4207 2071 4248 meses.

498 4285 583 4340 Ab
599 4295 723 4338 ortu
741 4283 1135 4353 aequinoctiali,
1158 4284 1496 4340 subsolanus
1526 4298 1540 4338 :
1573 4285 1642 4338 ab
1673 4292 1796 4338 ortu
1827 4284 2074 4351 hiberno,

495 4389 684 4431 eurus.
699 4375 779 4428 Ab
797 4375 1024 4429 hiberno
1039 4389 1260 4440 occasu,
1275 4375 1486 4430 africus
1500 4393 1512 4428 :
1528 4376 1596 4429 ah
1611 4376 1979 4446 aequinoctiali
1993 4391 2080 4433 oc-

496 4481 652 4533 casu,
669 4466 922 4522 favonius
945 4486 960 4522 :
980 4467 1048 4521 ab
1066 4467 1258 4523 aestivo
1275 4482 1497 4533 occasu,
1519 4483 1705 4534 corus,
1726 4469 1816 4539 qui
1835 4477 1887 4524 et
1902 4471 2076 4542 olym-
2107 4503 2150 4558 Β

495 4559 640 4630 pias,
676 4565 731 4613 et
776 4557 936 4630 iapyx
979 4557 1208 4613 dicitur.
1238 4556 1377 4612 Tum
1407 4567 1598 4614 auster
1635 4567 1689 4615 et
1725 4560 1945 4629 aquilo,
1977 4561 2073 4630 qui

494 4650 769 4721 oppositis
818 4651 958 4706 inter
1012 4665 1136 4708 sese
1189 4649 1411 4706 flatibus
1462 4651 1699 4721 spirant.
1739 4651 1836 4709 Est
1887 4663 2072 4709 autem

493 4738 640 4794 inter
691 4740 1005 4810 aquilonem
1057 4748 1111 4796 et
1166 4741 1388 4797 cmciatn
1441 4741 1771 4812 interjectus
1838 4744 2072 4811 boreas;

493 4830 638 4886 inter
671 4847 864 4886 eurum
910 4839 965 4888 et
998 4843 1270 4897 austrum,
1305 4833 1552 4902 phtenix,
1595 4835 1690 4905 qui
1739 4835 1903 4890 etiam
1938 4835 2073 4891 libo-

493 4929 649 4976 notus
705 4923 1014 4993 appellatur
1051 4941 1064 4977 :
1105 4923 1252 4978 inter
1304 4933 1554 4978 austrum
1603 4940 1798 4980 rursus
1841 4936 1897 4980 et
1931 4926 2068 4982 afri-

489 5028 639 5080 cum,
690 5014 992 5082 libonotus,
1030 5016 1124 5085 qui
1155 5022 1209 5070 et
1247 5016 1575 5070 leuconotus
1608 5034 1620 5070 :
1661 5017 1886 5072 demum
1924 5019 2065 5073 inter

493 5104 809 5173 aquilonem
851 5115 907 5158 et
945 5119 1168 5171 eorum,
1213 5103 1510 5172 thrascias,
1561 5121 1656 5160 seu
1705 5106 1941 5172 cercius,
1997 5107 2067 5162 ab

491 5193 580 5250 his
613 5196 705 5266 qui
742 5210 935 5252 versus
967 5197 1247 5269 regionem
1288 5197 1433 5252 hanc
1468 5197 1741 5264 incolunt,
1795 5197 1871 5253 ita
1925 5212 2068 5252 nuu-

490 5297 749 5359 cupatus.

2248 4112 2272 4142 ο
2303 4101 2528 4171 Ι’Δνεμοι
2559 4097 2836 4162 πνέουσιν,
2893 4094 3004 4149 ἀπὸ
3030 4093 3299 4164 ἀνατολῆς
3346 4092 3596 4165 θερινῆς,
3637 4110 3766 4148 και-

2172 4193 2318 4258 κίας,
2377 4195 2406 4246 6
2439 4191 2533 4247 καὶ
2565 4190 2760 4262 μέσης.
2800 4187 2934 4241 Ἀπὸ
2973 4185 3239 4257 ἀνατολῆς
3280 4185 3634 4256 ίσημερινῆς,
3662 4187 3766 4238 ἀπο

2172 4285 2428 4357 ηλιώτης.
2474 4282 2607 4337 ’Δπὸ
2632 4279 2896 4351 ἀνατολῆς
2928 4278 3265 4350 χειμερινῆς,
3288 4274 3470 4348 εὖρος.
3505 4277 3643 4330 Ἀπὸ
3667 4276 3762 4330 δύ-

2178 4394 2315 4442 σεως
2373 4373 2712 4448 χειμερινῆς,
2747 4371 2873 4442 λίψ·
2907 4371 3016 4424 ἀπὸ
3039 4369 3244 4431 δύσεως
3279 4368 3624 4441 ἰσημερινῆς,
3667 4368 3761 4432 (ﬁ-

2179 4486 2350 4540 φυρος
2371 4481 2388 4500 ⁶
2419 4467 2530 4523 ἀπὸ
2572 4465 2778 4529 δύσεως
2829 4462 3068 4536 θερινῆς,
3104 4459 3397 4534 ἀργέστης,
3439 4460 3560 4530 ῆτοι
3588 4459 3761 4530 ὀλυμ-

2176 4561 2328 4625 πίοις,
2362 4561 2391 4614 ὀ
2430 4559 2522 4613 κα)⁵
2547 4557 2729 4626 ίάπυξ.
2763 4551 2893 4610 Εἶτα
2918 4554 3071 4617 νότος
3117 4553 3212 4606 καὶ
3243 4549 3558 4622 ἀπαρκτίας
3605 4551 3762 4605 ἀντι-

2173 4653 2425 4716 πνέοντες
2475 4650 2747 4722 ἀλλήλοις.
2798 4647 2957 4701 Ἐστι
3007 4646 3063 4700 δὲ
3109 4644 3272 4716 μέσος
3318 4643 3628 4714 ἀπαρκτίου
3662 4643 3759 4698 καὶ

2171 4743 2413 4809 καικίου,
2446 4741 2667 4814 βορέας.
2696 4737 2772 4794 Εὖ
2784 4756 2876 4810 ρου
2903 4737 2961 4791 δὲ
2985 4737 3078 4792 καὶ
3105 4735 3258 4789 νότου
3286 4734 3472 4805 μέσος,
3504 4733 3709 4800 φοῖνιξ,
3727 4735 3758 4787 6

2169 4836 2500 4907 καλούμενος
2525 4835 2584 4888 εὑ
2594 4834 2824 4904 ρόνοτος.
2859 4830 3040 4890 Μέσος
3069 4823 3222 4885 νότου
3245 4828 3338 4882 καὶ
3359 4826 3528 4891 λιϐὸς,
3550 4825 3762 4880 λιϐόνο-

2168 4947 2280 4993 τος,
2317 4929 2346 4981 ὁ
2374 4929 2468 4982 καὶ
2487 4927 2821 4990 λευκόνοτος.
2854 4925 3038 4987 Μέσος
3056 4923 3112 4976 δὲ
3144 4920 3451 4992 ἀπαρκτίου
3473 4919 3569 4972 καὶ
3586 4916 3761 4986 ἀργέ-

2173 5036 2321 5082 στου,
2379 5016 2666 5088 θρασκίας,
2726 5016 2844 5088 ήτοι
2875 5014 3096 5085 κέρκιος
3149 5009 3255 5065 ὑπὸ
3294 5009 3404 5064 τῶν
3457 5006 3758 5080 περιοίκων

2171 5109 2590 5182 ὀνομαζόμενος.

3337 5276 3372 5300 κ

559 5445 605 5479 “
630 5444 766 5502 Gen.
795 5463 837 5515 ι,
870 5448 924 5502 ’5.
1002 5448 1048 5480 ¹³
1084 5446 1274 5506 Sever.
1299 5447 1493 5508 Gabul.
1528 5449 1678 5506 hom.
1717 5451 1742 5504 1
1779 5451 1835 5505 in
1871 5449 2130 5509 ilexaetu.
2211 5450 2256 5485 ιδ
2288 5449 2506 5508 Nemcs.
2550 5448 2626 5504 De
2661 5455 2773 5503 nat.
2809 5444 2952 5500 hom.
2986 5442 3037 5510 Ι,
3073 5455 3194 5513 cap.
3217 5440 3276 5498 5-

1754 5604 1990 5662 VARIE
2027 5603 2431 5672 LECTIONES,

562 5699 588 5727 ε
619 5688 826 5751 Desunt
858 5693 972 5749 haec
1007 5691 1061 5748 in
1096 5691 1233 5749 edit.
1264 5690 1474 5750 Veran.
