3962 6300
464 317 583 377 903

1659 315 1718 373 S.
1757 309 2079 375 JOANNIS
2127 309 2562 370 DAMASCENI

3637 307 3748 372 901

465 432 762 505 congeries
809 435 1015 484 coacta:
1062 435 1214 492 sunt,
1269 435 1323 482 et
1371 419 1625 496 apparuit
1658 425 1831 478 arida.
1876 422 2053 492 Atque

2178 420 2280 486 εῶν,
2309 422 2402 473 καὶ
2426 420 2584 490 ὤφθη
2610 419 2642 488 ἡ
2673 417 2814 490 ξηρά
2834 435 2845 446 '
2889 417 3139 472 ἐντεῦθεν
3171 418 3285 492 (65)
3321 420 3376 474 αἱ
3415 419 3510 475 δύο
3542 419 3746 474 θάλασο

474 525 608 581 hinc
654 523 765 577 duo
809 521 901 574 illa
931 519 1106 574 maria
1140 517 1284 572 facta
1339 525 1490 580 sunt,
1545 515 1747 584 quibus
1784 513 2058 585 Aigyptus

2164 528 2278 578 σαι,
2309 513 2364 563 αἱ
2397 511 2496 580 τὴν
2529 509 2808 579 Αἴγυπτον
2837 511 3224 581 περιέχουσαι·
3281 510 3426 581 μέση
3460 511 3568 581 γὰρ
3604 509 3746 586 αὕτη

467 616 735 682 utrinque
770 609 995 664 alluitur
1024 608 1228 678 (media
1253 609 1399 662 enim
1433 607 1548 660 lucc
1574 605 1717 660 inter
1744 605 1855 658 duo
1889 603 2060 657 maria

2178 605 2269 658 τῶν
2301 603 2394 657 δύο
2434 605 2608 656 κεῖται
2658 602 2964 657 θαλασσῶν.
3024 601 3380 673 Συνήχθησαν
3425 603 3454 642 ι
3510 602 3747 673 διάφορα

483 705 590 760 sita
619 701 725 770 est)
763 701 967 772 quibus
1003 699 1200 766 multa,
1242 708 1298 753 ct
1346 697 1564 752 diversa
1597 710 1821 765 aequora
1847 694 2059 749 consti-

479 803 736 862 tuuntur,
771 800 1123 861 montesque,
1179 800 1235 846 et
1288 791 1508 853 insulae,
1560 798 1615 842 et
1659 786 2058 859 promontoria,

463 894 532 942 ~et
568 894 781 956 portus,
815 884 1064 952 variique
1098 882 1279 942 sinus.
1310 891 1362 935 et
1416 881 1627 944 littora,
1675 889 1729 935 et
1762 879 1896 949 ripae
1924 892 2062 932 con-

469 978 750 1033 tinentur.
793 974 974 1028 Littus
1001 973 1150 1028 enim
1180 971 1392 1026 dicitur
1419 971 1568 1040 quod
1604 983 1899 1025 arenosum
1927 975 2011 1024 est
2046 986 2059 1022 :

473 1065 619 1135 ripa,
650 1064 796 1136 quod
827 1077 1111 1125 saxosum,
1147 1076 1210 1115 ac
1233 1061 1345 1130 jam
1373 1061 1499 1115 inde
1530 1077 1560 1114 a
1587 1061 1907 1116 continente
1938 1073 2065 1128 pro.

479 1156 708 1212 fundum
743 1164 850 1211 est.
883 1153 1243 1208 Consimilem
1294 1155 1347 1207 in
1397 1157 1621 1208 modum
1657 1150 1726 1206 ad
1756 1158 1941 1205 ortum
1987 1149 2065 1204 si-

480 1256 596 1301 tum
628 1255 714 1300 est
744 1244 879 1298 illud
912 1259 1064 1298 mare
1088 1243 1236 1314 quod
1265 1243 1516 1297 Iudicum
1550 1241 1780 1302 dicitur,
1845 1253 2064 1294 necnon

483 1338 703 1393 boreale
727 1377 742 1399 ,
792 1335 942 1406 quod
990 1335 1251 1404 Caspium
1291 1334 1619 1404 appellatur.
1657 1331 1800 1398 Quin
1835 1328 2067 1401 paludes

481 1442 704 1499 quoque
741 1426 870 1479 hinc
903 1425 1148 1479 collectae
1177 1431 1326 1478 sunt.

553 1517 799 1573 Oceanus
851 1524 1046 1568 terram
1093 1513 1325 1584 undique
1376 1512 1609 1583 cingens.
1649 1511 1925 1567 Salsitatis
1953 1510 2066 1580 ejus

469 1625 666 1665 causa.
703 1638 771 1648 —
801 1605 896 1661 Est
926 1614 1108 1660 autem
1144 1620 1385 1660 oceanus
1432 1605 1578 1658 velut
1617 1607 1798 1659 amnis
1839 1603 2068 1674 quidam

480 1708 685 1756 terram
723 1696 1303 1766 uuiversamcingens
1334 1694 1424 1750 (de
1460 1710 1571 1764 quo
1610 1695 1743 1748 mihi
1780 1693 2067 1763 Scriptura

2165 695 2400 763 πελάγη,
2434 693 2528 747 καὶ
2555 693 2680 764 ὅρη,
2718 692 2810 746 καὶ
2849 693 3067 764 νήσους,
3099 693 3193 745 καὶ
3222 691 3499 761 ἀγκῶνας,
3533 692 3630 746 καὶ
3661 691 3745 746 λι-

2168 787 2338 858 μένας
2382 785 2626 857 ἕχουσαι,
2655 784 2750 839 καὶ
2780 784 3009 848 κόλπους
3043 783 3334 854 διαφόρους
3365 785 3747 858 περιέχουσαι)

2165 878 2447 946 αἰγιαλούς
2478 895 2558 943 τε,
2607 878 2703 930 καὶ
2753 876 2961 940 ἀκτάς·
2991 875 3238 945 αἰγιαλὸς
3269 875 3370 942 μὲν
3399 876 3510 946 γὰρ
3539 879 3568 929 ό
3593 877 3748 948 ψαμ-

2170 967 2354 1039 μώδης
2380 968 2598 1036 λέγεται
2617 985 2633 999 ο
2661 967 2802 1039 ἀκτὴ
2831 967 2887 1021 δὲ
2917 969 2950 1040 ἠ
2989 968 3272 1040 πετρώδης
3304 969 3398 1021 καὶ
3423 968 3748 1040 ἀγχιϐαθὴς,

2167 1062 2372 1124 εὐθέως
2425 1064 2484 1116 ὲν
2538 1065 2604 1133 τῇ
2641 1063 2783 1132 ἀρχῇ
2821 1061 2984 1132 βάθος
3035 1061 3256 1133 ἔχουσα.
3303 1062 3534 1131 Ὁμοίως
3583 1062 3677 1115 καὶ
3711 1065 3746 1133 ὴ

2167 1153 2311 1207 κατὰ
2345 1152 2445 1224 τὴν
2482 1153 2772 1223 ἀνατολὴν,
2795 1154 2918 1223 ἥτις
2943 1153 3164 1222 λέγεται
3209 1154 3404 1225 Ἰνδική
3429 1170 3443 1185 ·
3467 1155 3564 1207 καὶ
3597 1155 3630 1224 ἠ
3659 1153 3752 1224 βο-

2170 1245 2343 1314 ρεινὴ,
2374 1245 2496 1315 ἣτις
2529 1244 2747 1312 λέγεται
2779 1244 3004 1298 Κασπία
3023 1261 3038 1278 ο
3063 1247 3157 1300 καὶ
3186 1246 3242 1300 αί
3271 1245 3459 1316 λίμναι
3485 1246 3540 1300 δὲ
3565 1246 3753 1301 ἐντεῦ-

2169 1336 2260 1390 θεν
2288 1337 2658 1410 συνήχθησαν.

2242 1513 2430 1567 Ἔστιν
2464 1506 2556 1566 οὖν
2599 1512 2630 1564 ὁ
2682 1511 2781 1582 μὲν
2809 1511 3082 1579 ὠκεανὸς,
3111 1507 3223 1566 οἷόν
3250 1529 3333 1574 τις
3368 1512 3612 1581 ποταμὸς
3647 1530 3752 1566 κυσ

2171 1606 2315 1660 κλῶν
2345 1608 2524 1659 πᾶσαν
2553 1605 2652 1677 τὴν
2691 1605 2817 1676 γῆν,
2848 1605 2976 1676 περὶ
3009 1599 3069 1659 οὗ
3100 1604 3381 1675 εἰρηκέναι
3409 1621 3498 1674 μοι
3531 1604 3682 1656 δοκεῖ
3719 1607 3752 1676 ἡ

2173 1700 2293 1753 θεία
2311 1697 2504 1770 Γραφὴ
2524 1738 2538 1761 ,
2570 1699 2664 1753 ὃτι.
2693 1697 2967 1766 Ποταμὸς
2985 1697 3366 1766 ἐκπορεύεται
3398 1697 3466 1750 ἐκ
3501 1696 3607 1750 τοῦ
3640 1713 3755 1766 πα-

481 1793 666 1847 divina
721 1791 906 1844 locuta
937 1787 1180 1852 videtur,
1230 1802 1356 1840 cum
1411 1787 1529 1840 ait:
1562 1785 1784 1840 Fluvius
1839 1787 2070 1854 egredie-

2178 1767 2503 1858 ραδείάούξ
2533 1791 2763 1861 πότιμον
2798 1791 2814 1830 ί
2849 1790 2943 1844 καὶ
2971 1787 3143 1858 γλυκὺ
3193 1787 3338 1860 ὕδωρ
3389 1787 3546 1859 ἔχων.
3583 1783 3755 1852 Οὗτος

471 1881 644 1934 .batur
691 1895 718 1933 e
767 1877 1019 1944 paradiso
1043 1878 1109 1947 ¹⁹)
1139 1875 1357 1930 dulcem
1413 1885 1469 1930 et
1520 1875 1820 1945 potabilem
1867 1889 2068 1945 aquam

485 1971 719 2026 habens.
752 1967 854 2022 llic
886 1967 1094 2037 cuique
1128 1965 1264 2020 mari
1289 1979 1488 2036 aquam
1518 1965 1924 2032 subministrat,
1950 1981 2072 2036 quae

482 2062 710 2135 quidem
743 2059 1150 2115 diuturniorem
1187 2059 1243 2113 in
1278 2059 1360 2113 eis
1404 2072 1615 2112 moram
1654 2057 1920 2124 trahens,
1968 2058 2074 2112 itu-

485 2163 746 2223 motaque
792 2151 1144 2214 consistens,
1187 2163 1375 2202 amara
1415 2147 1682 2214 eﬂicitur;
1729 2149 1848 2205 sole
1901 2149 2074 2203 nitui-

483 2261 632 2311 rum,
673 2259 740 2298 ac
771 2242 1103 2313 siphonibus
1138 2241 1189 2295 id
1223 2239 1372 2311 quod
1428 2241 1484 2294 in
1536 2255 1601 2296 ea
1641 2240 2071 2296 subtilissimum

485 2345 573 2392 est
626 2350 848 2404 semper
898 2333 1251 2389 elicientibus
1285 2350 1298 2386 :
1333 2332 1482 2387 unde
1532 2333 1701 2388 etiam
1761 2332 2076 2388 conﬂantur

486 2428 683 2493 nubes,
713 2435 768 2481 et
793 2426 1000 2483 imbres
1036 2425 1372 2492 formantur,
1403 2425 1760 2482 dulcest-eme
1789 2441 1888 2496 per
1911 2441 2075 2482 exco—

486 2517 750 2576 lationem
783 2534 948 2590 aqua.

564 2609 814 2664 Paradisi
844 2619 1076 2680 quatuor
1105 2609 1354 2680 ﬂumina.
1393 2607 1644 2664 Foutium
1679 2627 1817 2680 aqua
1853 2628 1880 2666 e
1914 2613 2074 2667 mari.

457 2773 466 2782 ς
497 2702 758 2758 Thermis.
791 2733 860 2744 ——-
895 2703 994 2759 ilic
1025 2705 1255 2774 insuper
1286 2704 1340 2758 in
1370 2713 1609 2774 quatuor
1634 2705 1928 2774 principia,
1960 2705 2078 2760 sive

487 2806 733 2867 quatuor
763 2795 994 2849 ﬂumina
1025 2795 1316 2859 dividitur,
1347 2810 1582 2864 quorum
1623 2795 1717 2848 uni
1754 2811 1954 2850 nomen
1992 2805 2079 2851 est

494 2887 703 2942 Phison
734 2886 847 2957 (Itic
879 2893 964 2940 est
989 2885 1207 2956 Ganges
1233 2883 1400 2938 Indiae
1429 2885 1694 2954 ﬂuvius);
1732 2887 1890 2941 alteri
1925 2885 2076 2942 Geon

492 2976 677 3046 (Nilus
707 2975 798 3028 hic
829 2982 934 3038 est,
960 2975 1056 3044 qui
1083 2975 1152 3028 ab
1188 2973 1470 3044 Aﬂthiopia
1507 2975 1562 3029 in
1595 2975 1896 3048 Egyptum
1934 2977 2076 3031 dila-

490 3065 700 3137 bitur);
730 3065 1156 3137 tertio,Tigris:
1188 3078 1411 3158 quarto,
1440 3067 1770 3136 Euphrates.
1802 3067 1942 3124 Sunt
1973 3087 2076 3125 au-
2102 3099 2146 3158 ο

492 3165 604 3212 tem
634 3164 690 3211 et
721 3157 1116 3228 quatnplurimi
1150 3157 1244 3210 alii
1271 3157 1446 3223 ﬂuvii,
1477 3157 1572 3228 qui
1596 3157 1803 3229 partim
1826 3162 1880 3213 in
1917 3161 2069 3232 171

493 3261 647 3302 mare
696 3263 818 3302 sese
854 3247 1171 3315 eﬂ‘uudunt,
1225 3252 1421 3318 partim
1473 3250 1531 3304 in
1581 3259 1727 3306 terra
1771 3253 2076 3308 absumun-

490 3347 607 3396 tur.
637 3341 758 3408 Quo
794 3342 854 3397 ﬂt
905 3352 965 3398 ut
1011 3351 1158 3398 terra
1203 3344 1448 3414 undique
1480 3354 1706 3414 pertusa
1744 3353 1798 3400 et
1842 3347 2076 3402 cunicu-

494 3434 613 3488 losa
673 3434 767 3499 sit,
818 3448 883 3488 ac
943 3435 1092 3489 velut
1147 3449 1315 3489 venas
1369 3435 1635 3505 quasdam
1699 3436 1920 3501 haheat,
1981 3453 2080 3507 per

494 3539 656 3595 quas,
681 3526 927 3600 exceptis
957 3540 988 3580 a
1022 3526 1160 3580 mari
1195 3527 1374 3597 aquis,
1415 3526 1592 3583 fontes
1637 3530 1860 3583 emittit.
1901 3531 1976 3584 Ita
2016 3532 2078 3584 tit

498 3624 576 3683 ut,
628 3632 729 3688 pro
764 3627 926 3672 terrae
964 3617 1233 3688 qualitate
1286 3618 1521 3672 fontium
1570 3634 1734 3690 aqua,
1774 3622 1881 3676 alia
1903 3633 2080 3692 atque

495 3705 602 3757 alia
637 3705 888 3760 exsistat.
927 3704 1031 3761 Per
1061 3715 1262 3761 terram
1294 3709 1440 3762 enim
1478 3723 1620 3777 aqua
1651 3710 1862 3764 marina
1895 3719 2077 3767 trans-

494 3796 713 3852 colatur
742 3807 796 3852 et
835 3797 1156 3866 defaecatur,
1188 3799 1382 3870 sicque
1450 3799 1630 3855 dulcis
1678 3803 1880 3857 evadit.
1918 3805 2076 3870 Quod

497 3889 546 3944 si
579 3889 736 3943 locus
782 3889 925 3944 unde
957 3889 1082 3944 fons
1113 3899 1356 3954 emanat,
1393 3906 1617 3947 amarus
1647 3901 1743 3946 aut
1776 3895 1958 3950 salsus
1981 3910 2078 3949 ex-

499 3979 726 4043 stiterit,
759 3978 885 4032 talis
917 3978 1106 4049 utique
1135 3988 1187 4034 ct
1218 3995 1357 4050 aqua
1390 3991 1710 4050 prorumpet
1741 3984 1808 4036 ’°.
1835 3983 2076 4038 Herum-

498 4081 604 4138 que
659 4078 844 4124 autem
895 4070 1117 4136 accidit,
1171 4079 1231 4124 ut
1267 4085 1408 4142 aqua
1460 4074 1713 4141 angustis
1745 4075 2077 4144 quibusdam

501 4160 640 4216 locis
672 4161 973 4218 interclusa
1006 4173 1170 4232 atque
1212 4176 1556 4232 compressa,
1583 4165 1635 4218 vi
1665 4180 1966 4236 erumpens
1998 4167 2083 4221 in-

497 4254 774 4320 calescat;
827 4255 1066 4325 hincque
1125 4262 1323 4324 suapte
1378 4263 1575 4325 sponte
1623 4256 1872 4314 calentes
1923 4273 2080 4330 aqua:

499 4355 815 4416 en‘ergunt.

2171 1887 2399 1956 χορηγεῖ
2430 1884 2491 1939 τὸ
2518 1883 2664 1956 ὔδωρ
2692 1885 2814 1947 ταῖς
2842 1881 3138 1966 θαλάσσακις
3165 1921 3180 1947 ,
3219 1881 3358 1950 ὅπερ
3390 1881 3449 1934 ἐν
3494 1882 3615 1944 ταῖς
3653 1880 3755 1934 θα·

2171 1975 2402 2037 λάσσαις
2438 1974 2706 2045 χρονίζον,
2740 1974 2835 2027 καὶ
2873 1974 3046 2033 ἑστὼς
3077 1971 3356 2042 ἀκίνητον,
3394 1969 3594 2040 πικρὸν
3615 1971 3758 2038 γίνε-

2171 2083 2287 2129 ται,
2321 2067 2418 2119 τοῦ
2449 2065 2599 2136 ἡλίου
2631 2065 2718 2118 ἀεὶ
2748 2063 2807 2118 τὸ
2856 2063 3184 2132 λεπτότερον
3237 2061 3606 2132 ἀνιμωμένου,
3659 2062 3757 2114 καὶ

2173 2158 2282 2211 τῶν
2318 2157 2600 2228 σιφὼνωνυ
2627 2157 2751 2211 ὅθεν
2786 2157 2878 2210 καὶ
2910 2155 2980 2210 τὰ
3005 2155 3142 2226 νέφη
3171 2154 3536 2219 συνίστανται,
3573 2153 3667 2207 καὶ
3705 2154 3756 2205 oi

2173 2247 2371 2318 ὄμϐροι
2416 2247 2690 2314 γίνονται,
2735 2247 2823 2302 διὰ
2855 2245 2964 2317 τῆς
3025 2243 3328 2317 διηθήσεως
3393 2241 3759 2314 γλυκαινομέ-

2174 2357 2266 2394 νου
2289 2338 2382 2394 τοῦ
2405 2339 2616 2402 ὓδατος.

2235 2600 2416 2671 εοῦτος
2440 2605 2534 2660 καὶ
2564 2607 2643 2670 είς
2687 2607 2956 2675 τέσσαρας
2997 2604 3194 2676 ἀρχὰς,
3241 2605 3360 2674 ἦτοι
3382 2603 3464 2666 εἰς
3481 2601 3760 2672 τέσσαρας

2178 2701 2457 2770 ποταμοὺς
2493 2698 2800 2771 διαιρεῖται.
2842 2699 3052 2767 ὀνομα
3092 2696 3170 2766 τῷ
3225 2696 3308 2748 ἑνὶ
3361 2694 3566 2748 Φεισὼν
3619 2693 3757 2764 (66),

2177 2793 2425 2847 τουτέστι
2452 2792 2671 2860 Γάγγης
2703 2793 2731 2844 δ
2765 2789 3018 2851 Ἰνδικός·
3055 2788 3149 2842 καὶ
3180 2787 3350 2858 δνομα
3395 2785 3476 2856 τῷ
3518 2785 3758 2855 δευτέρῳ

2177 2885 2326 2940 Γεὼν
2345 2904 2360 2918 ο
2387 2880 2540 2950 οὗτός
2570 2887 2718 2938 ἐστιν
2744 2885 2774 2937 ό
2795 2883 3006 2949 Νεῖλος,
3035 2880 3193 2937 δ’ἀπδ
3224 2880 3511 2942 Αἰθιοπίας
3543 2881 3624 2942 εἰς
3659 2879 3760 2930 Δῖ-

2177 2996 2386 3048 γυπτον
2411 2979 2816 3050 κατερχόμενος
2835 2991 2849 3006 °
2889 2975 2984 3028 καὶ
3012 2975 3180 3043 ὄνομα
3211 2971 3290 3042 τῷ
3329 2972 3500 3042 τρίτῳ
3529 2970 3755 3041 Τίγρις’

2179 3074 2272 3127 καὶ
2300 3073 2471 3143 ὄνομα
2508 3070 2586 3141 τῷ
2613 3072 2860 3140 τετάρτῳ
2881 3068 3194 3139 Εὐφράτης.
3227 3065 3351 3120 Εἰσὶ
3381 3065 3437 3119 δὲ
3463 3065 3557 3119 καὶ
3579 3064 3760 3136 ἕτεροι

2178 3166 2444 3228 πλεῖστοι,
2494 3164 2588 3218 καὶ
2621 3164 2869 3233 μέγιστοι
2913 3161 3169 3231 ποταμοὶ,
3204 3153 3280 3213 ὧν
3317 3161 3366 3212 oi
3399 3158 3498 3229 μὲν
3540 3158 3623 3219 εἰς
3657 3155 3762 3226 τὴν

2178 3257 2454 3312 Θάλασσαν
2511 3254 2830 3318 κενοῦνται,
2867 3255 2916 3306 οἱ
2943 3253 2999 3306 δὲ
3039 3255 3097 3306 ἐν
3134 3254 3200 3323 τῇ
3250 3252 3320 3321 γῇ
3349 3248 3759 3304 ἀναλίσκονται.

2179 3351 2343 3406 Ὅθεν
2371 3353 2525 3405 πᾶσα
2547 3352 2584 3417 ἡ
2612 3350 2686 3420 γῆ
2704 3347 2993 3418 διάτρητός
3023 3348 3141 3400 ὲστι
3179 3345 3274 3398 καὶ
3306 3344 3598 3412 ὑπόνομος,
3649 3340 3764 3394 ὥσ-

2177 3460 2286 3516 περ
2315 3442 2468 3506 τινὰς
2514 3442 2718 3514 φλέϐας
2777 3441 2994 3510 ἔχουσα,
3025 3438 3093 3492 δι’
3117 3431 3192 3491 ὧν
3236 3438 3300 3490 ὲκ
3333 3437 3434 3508 τῆς
3478 3434 3762 3504 θαλάσσης

2177 3537 2442 3608 δεχομένη
2478 3536 2547 3590 τά
2581 3534 2770 3599 ὕδατα,
2795 3532 2895 3596 τὰς
2925 3530 3107 3602 πηγάς
3136 3529 3339 3600 ἀνίησι.
3373 3527 3515 3598 Πρὸς
3541 3521 3638 3579 οὗν
3658 3523 3763 3595 τὴν

2179 3627 2442 3697 ποιότητα
2476 3626 2576 3696 τῆς
2607 3624 2735 3694 γῆς,
2763 3625 2859 3678 καὶ
2890 3623 2953 3676 τὸ
2994 3621 3102 3675 τῶν
3130 3619 3324 3691 πηγῶν
3355 3617 3496 3689 ὕδωρ
3519 3617 3759 3686 γίνεται.

2178 3717 2453 3788 Διηθεῖται
2485 3717 2587 3786 μὲν
2634 3716 2765 3786 γὰρ,
2816 3715 2912 3768 καὶ
2956 3712 3250 3776 διῦλίζεται
3288 3709 3376 3763 διὰ
3413 3709 3511 3778 τῆς
3544 3707 3653 3779 γῆς
3696 3705 3764 3759 τὸ

2179 3809 2462 3862 θαλάττιον
2490 3807 2656 3879 ὕδωρ,
2687 3807 2782 3860 καὶ
2817 3804 2959 3858 οὕτω
2996 3801 3368 3873 γλυκαίνεται.
3411 3799 3474 3852 El
3517 3793 3574 3852 δὲ
3610 3799 3640 3849 ὁ
3666 3796 3765 3848 τό-

2180 3918 2300 3966 πος,
2330 3901 2450 3954 ὅθεν
2481 3901 2514 3970 ὴ
2553 3896 2707 3969 πηγὴ
2741 3895 3072 3958 ἀναδίδοται,
3095 3893 3247 3962 τύχοι
3288 3889 3481 3961 πικρὸς
3513 3887 3548 3956 ἢ
3583 3887 3764 3956 ἀλμυ-

2183 3992 2294 4062 pec,
2320 3989 2455 4062 πρὸς
2484 3990 2583 4061 τὴν
2612 3988 2718 4057 γῆν
2742 3987 2836 4041 καὶ
2863 3985 2927 4039 τὸ
2966 3984 3109 4053 ὕδωρ
3139 3983 3398 4050 ἀνάγεται
3424 3997 3437 4009 ο
3465 3975 3655 4030 στενοῦ
3665 3991 3765 4044 με·

2180 4099 2270 4137 νον
2302 4082 2359 4136 δὲ
2387 4082 2647 4144 πολλάκις
2679 4079 2739 4133 τὸ
2773 4079 2939 4150 ὕδωρ,
2985 4077 3081 4132 καὶ
3111 4075 3200 4146 βίᾳ
3227 4071 3600 4145 ῥηγνύμενον,
3637 4067 3768 4135 θερ-

2184 4175 2465 4246 μαίνεται·
2515 4173 2808 4229 κάντεῦθεν
2835 4173 2904 4228 τὰ
2949 4169 3193 4241 αὐτοφυῆ
3239 4163 3419 4237 θερμὰ
3465 4163 3764 4232 ἀνάγονται

2181 4285 2368 4324 υοατα.

569 4435 754 4492 Pisces
790 4447 839 4492 et
875 4455 1018 4494 aves.
1046 4468 1117 4479 —
1151 4439 1348 4497 Divino
1378 4441 1562 4512 itaque
1604 4441 1766 4510 jussu
1811 4451 2071 4499 excavata

2251 4443 2341 4514 Τῷ
2363 4436 2456 4496 οὖν
2483 4441 2610 4512 θείῳ
2631 4439 3014 4510 προστάγματι
3049 4434 3365 4506 κοιλώματα
3395 4436 3454 4488 ἐν
3484 4435 3551 4506 τῇ
3567 4434 3636 4505 γῇ
3669 4448 3764 4503 γε-

573 4611 618 4645 ¹⁸
656 4613 791 4670 Gen.
825 4631 864 4679 ι,
903 4615 990 4670 10.
1070 4615 1113 4648 ³⁸
1143 4615 1280 4672 Gen.
1313 4632 1373 4681 ιι,
1411 4616 1498 4671 10.
1575 4619 1620 4650 *ο
1655 4618 1824 4673 Basil.
1862 4620 2010 4673 hom.
2047 4621 2071 4674 Δ

2205 4620 2464 4678 llcxaem.

1776 4772 2012 4828 VARLE
2052 4775 2468 4832 LECTIONES.

569 4880 706 4961 illi:
746 4882 886 4961 29:27
941 4882 1249 4961 διέστησαν.
1448 4893 1604 4940 vetus
1658 4885 1909 4961 interpr:
1950 4897 2074 4961 sunt
2121 4890 2296 4944 divisi.
2358 4888 2500 4944 Edit.
2560 4891 2764 4947 Veron.
2813 4891 2947 4961 Reg.
3002 4888 3142 4944 5562
3199 4888 3320 4942 ὃθεν
3394 4887 3762 4956 συνέστησαν.

500 4951 658 5008 Colb.
689 4953 738 5018 1,
777 4954 900 5006 ὅθεν
931 4951 1182 5023 συνέστη.

1269 4973 1284 4996 ι
1322 4955 1520 5011 Noster
1550 4974 1563 5010 :
1599 4957 1843 5026 ποταμὸς
1868 4957 1924 5009 δὲ
1965 4960 1992 5009 ό
2015 4959 2188 5026 γλυκὺ
2231 4962 2375 5033 ὕδωρ
2403 4961 2543 5032 ἔχων
2576 4963 2727 5016 ἐστί·
2765 4979 2872 5018 uec
2897 4955 3130 5016 'absouo
3182 4976 3369 5015 sensu.

2026 5109 2258 5169 NOTAE.

571 5205 685 5276 (65)
730 5201 1056 5276 Ἐντεῦθεν.
1084 5203 1252 5272 Atque
1285 5203 1404 5276 hinc
1441 5203 1545 5256 duo
1575 5203 1770 5256 maria.
1820 5201 2078 5272 Egyptus

501 5273 760 5330 nimirum
800 5273 1196 5328 Mecliterraneo
1248 5275 1384 5326 mari
1412 5289 1605 5327 versus
1645 5282 2074 5343 septentrionem

504 5347 758 5416 pertinet,
787 5353 841 5399 et
873 5343 1392 5416 Erytlirteoversus
1415 5344 1718 5416 meridiem.

573 5417 680 5486 (66)
725 5412 1058 5486 ’Ὀνοματῲ
1093 5414 1184 5467 ἐνὶ
1210 5412 1462 5486 ειιεισώιο.
1497 5413 1736 5478 Quorum
1763 5414 1852 5466 uni
1887 5430 2076 5486 nomen

498 5483 827 5538 estP/iisan.
855 5485 1060 5538 Phison
1094 5493 1148 5537 ct
1197 5483 1347 5538 Genu
1383 5483 1620 5551 Gangem
1663 5500 1785 5537 esse
1810 5495 1862 5536 et
1894 5484 2073 5536 Nilum

506 5564 762 5609 vetustus
791 5570 947 5609 error
992 5565 1096 5616 est,
1149 5570 1312 5621 quem
1367 5555 1658 5607 translatio
1705 5552 1892 5606 Graeca
1952 5571 2076 5622 qu;e

503 5623 646 5678 LXX
686 5627 1047 5694 lnterprctum
1082 5634 1446 5689 uuucupatur,
1483 5625 1802 5691 approbavit
1825 5623 2073 5677 Jercmim

501 5710 567 5758 ιι,
608 5694 695 5760 18,
730 5695 817 5749 ubi
851 5711 950 5764 pro
986 5709 1152 5761 aquas
1189 5693 1403 5757 Sili/tor,
1431 5709 1524 5749 seu
1565 5711 1732 5764 aquas
1771 5696 1908 5761 Mli,
1939 5695 2082 5764 ὕδωρ

2184 5208 2353 5268 Γεὼν,
2385 5227 2550 5273 aquas
2583 5211 2743 5275 Ceou,
2769 5218 3093 5280 posuerunt.
3129 5206 3301 5280 Terra
3329 5206 3564 5269 Hevilat,
3595 5225 3765 5280 quam

2184 5279 2388 5332 Phison
2415 5283 2592 5338 alluit.
2630 5277 2784 5349 regio
2809 5290 2895 5336 est
2928 5281 3164 5349 Arabiae,
3197 5277 3338 5349 Gen.
3394 5293 3526 5349 xxv,
3564 5277 3652 5342 l9,
3713 5292 3772 5336 ct

2183 5351 2354 5410 (Lhus,
2387 5352 2504 5404 sive
2532 5347 2833 5420 1Ethi6pia.
2863 5366 3026 5420 quam
3077 5347 3226 5402 Geon
3261 5348 3498 5420 circuire
3533 5352 3767 5414 dicitur,

2183 5421 2421 5474 Asiatica
2453 5431 2594 5484 erat,
2629 5422 2774 5475 sinui
2805 5419 3030 5476 Persico
3067 5419 3272 5484 vicina,
3301 5419 3462 5484 cujus
3507 5433 3637 5488 pars
3669 5420 3772 5471 ho-

2184 5492 2381 5559 dieque
2408 5489 2699 5555 Clirtsistan
2752 5493 3082 5560 appellatur,
3121 5505 3230 5560 uqn
3285 5488 3571 5560 Africana,
3597 5504 3773 5560 quam

2185 5556 2433 5626 pervadit
2481 5561 2655 5615 Nilus.
2691 5556 2995 5615 Permirum
3034 5569 3119 5615 est
3162 5558 3592 5622 Theodorctum,
3621 5556 3775 5612 Cea-

2182 5631 2260 5685 nis
2286 5631 2507 5688 nomine
2542 5631 2746 5689 Jereni.
2776 5645 2838 5700 ιι,
2866 5631 3070 5688 idolum
3091 5629 3367 5701 quoddam
3396 5629 3772 5684 intellexisse.
