3962 6300
502 227 604 291 9οἾ

1694 224 1752 281 S.
1795 222 2114 284 JOANNIS
2153 223 2584 284 DAMASCENI

3657 227 3767 289 903

501 340 674 409 Tinge
718 336 784 389 ad
840 334 1176 388 Canobicnm
1227 333 1452 397 ostium,
1487 333 1788 388 stadiorum
1823 333 2076 400 209252;

2187 351 2324 402 πων,
2352 338 2380 388 6
2411 337 2730 408 παράπλους
2763 336 2949 389 στάδια
2978 336 3148 404 ,δρια’.
3191 333 3358 404 Ὁμοῦ
3381 335 3646 404 παράλιος
3675 341 3770 392 σὺν

500 434 641 488 Asiae
685 427 945 497 denique,
987 441 1015 478 a
1057 425 1283 482 Canobo
1334 441 1505 495 usque
1559 425 1629 478 ad
1685 425 1915 479 Tanaim
1969 439 2076 477 una

2188 427 2406 490 κόλποις
2437 426 2540 496 τῆς
2581 427 2703 481 καθ’
2743 429 2890 498 ἡμᾶς
2923 427 3252 496 οἰκουμένης
3277 426 3469 481 στάδια
3493 427 3696 498 ιγ,θοβ’.

503 543 629 582 cum
665 523 902 587 sinibus,
955 520 1264 578 stadiorum
1299 520 1463 575 Mil.
1519 520 1700 591 Atque
1751 521 1827 574 ita
1877 519 2109 574 habitati
2185 521 2338 576 orbis
2385 522 2564 577 nostri
2613 537 2763 577 mare
2818 522 2884 576 ad
2947 521 3127 576 stadia
3186 519 3475 589 1509072,
3535 521 3764 593 porrigi-

499 627 590 674 tur
623 615 669 646 “

1151 725 1303 781 CAP.
1339 724 1408 780 X.

679 838 749 892 De
781 846 944 902 terra,
969 844 1018 890 et
1061 837 1127 889 iis
1147 853 1265 905 qua’
1305 852 1370 890 ex
1409 853 1468 891 ea
1504 837 1894 903 producuntur.

568 929 816 1001 Ignotum
849 939 1002 982 terra:
1029 927 1452 998 fundamentum.
1480 955 1550 967 —
1579 925 1757 981 Terra
1790 939 1961 980 unum
1991 932 2075 980 est

495 1038 561 1078 ex
591 1018 1171 1092 qnaluorclementis,
1201 1019 1435 1081 siccum,
1474 1017 1760 1087 frigidum,
1795 1031 1962 1082 grave
2019 1024 2073 1070 et

497 1115 825 1168 immotum:
869 1110 1047 1180 primo
1106 1110 1195 1164 die
1243 1126 1309 1164 ex
1358 1110 1534 1164 nihilo
1599 1108 1953 1178 productum.
2007 1105 2074 1160 In

494 1207 772 1274 principio,
805 1203 1230 1272 inquit,xreavit
1264 1202 1400 1256 Deus
1451 1199 1637 1254 caelum
1687 1208 1740 1254 et
1788 1209 1986 1252 terram
2006 1199 2075 1251 ³³.

495 1297 728 1352 Cuinam
782 1301 962 1348 autem
1010 1293 1090 1348 rei
1140 1293 1399 1352 insideat,
1454 1306 1516 1344 ac
1561 1307 1674 1361 quo
1711 1291 2075 1344 fundamento

495 1389 728 1452 nitatur,
768 1386 954 1441 nullus
983 1383 1303 1438 mortalium
1347 1384 1531 1438 dicere
1565 1382 1765 1452 potuit.
1803 1382 1946 1436 Sunt
1974 1397 2076 1435 au-

497 1489 604 1535 tem
634 1477 728 1549 qui
758 1493 877 1533 eam
917 1470 1086 1547 s'uper
1109 1489 1281 1545 aquas
1320 1475 1669 1538 collocatam,
1694 1482 1749 1529 et
1775 1474 2073 1529 stabilitam

495 1587 620 1627 esse
651 1569 842 1633 aiunt,
877 1567 964 1623 his
994 1566 1256 1622 videlicet
1303 1567 1490 1622 verbis
1533 1565 1756 1621 Davidis
1799 1565 2022 1620 adducti
2055 1583 2067 1618 :

498 1662 604 1730 Qui
635 1660 866 1730 ﬁrmavit
891 1669 1089 1712 terram
1134 1671 1292 1725 super
1337 1674 1504 1728 aquas
1544 1657 1611 1710 ³⁸.
1645 1656 1750 1710 Alii
1785 1669 1954 1726 super
1985 1669 2077 1709 ac-
2112 1633 2152 1688 Β

495 1769 635 1808 rem.
689 1752 847 1805 Alius
891 1757 1074 1803 autem
1119 1749 1200 1803 sie
1251 1749 1374 1803 ait:
1419 1749 1524 1815 Qui
1583 1748 1828 1816 appendit
1881 1756 2075 1801 terram

497 1862 653 1914 super
673 1843 900 1898 nihilum
927 1843 993 1894 ’⁷.
1024 1841 1089 1894 Ει
1137 1857 1334 1896 rursus
1378 1840 1766 1909 diviniloqnus
1798 1837 1972 1893 David
2008 1853 2074 1892 ex

499 1949 734 2004 persona
751 1930 1051 1993 Creatoris,
1088 1929 1224 2000 Ego,
1247 1931 1442 1999 inquit,
1465 1930 1774 2000 conﬁrmavi
1801 1929 2076 1984 columnas

500 2027 615 2096 ejus
664 2027 750 2092 ”,
813 2024 1198 2078 columnarum
1254 2023 1478 2077 nomine
1526 2023 1632 2076 vim
1671 2023 1820 2077 illam
1862 2022 2076 2093 signifi-

498 2129 672 2179 cans,
716 2129 838 2184 quae
875 2127 998 2168 eam
1043 2113 1317 2167 continet.
1369 2111 1508 2165 Nam
1565 2112 1714 2182 quod
1767 2111 1913 2166 idem
1967 2111 2078 2164 alio

501 2206 626 2259 loco
665 2205 764 2270 ait,
805 2219 962 2272 super
1001 2203 1178 2257 maria
1213 2201 1450 2270 fundavit
1485 2218 1604 2256 eam
1637 2204 1705 2269 ",
1750 2202 1886 2256 nihil
1927 2200 2076 2255 aliud

502 2295 748 2360 indicat,
807 2295 912 2349 nisi
969 2295 1114 2364 quod
1164 2309 1319 2363 aqua:
1372 2302 1569 2348 natura
1621 2303 1779 2350 terra:
1834 2295 2080 2364 undique

501 2385 677 2442 affusa
733 2387 826 2441 sit.
885 2385 1126 2440 Proinde
1165 2385 1281 2440 sive
1331 2399 1450 2438 eam
1501 2385 1704 2455 seipsa,
1757 2385 1876 2440 sive
1929 2400 2071 2452 aere,

501 2479 620 2536 sive
665 2479 847 2546 aquis,
905 2477 1020 2532 sive
1069 2475 1308 2547 denique
1341 2475 1517 2530 nihilo
1568 2475 1754 2530 fulciri
1807 2476 2081 2531 conceda~

501 2584 647 2636 mus,
701 2583 731 2621 a
785 2567 876 2638 pia
929 2571 1202 2624 sententia
1266 2564 1523 2621 recedere
1581 2565 1921 2621 conveniens
1969 2582 2077 2620 non

499 2671 584 2718 est
617 2678 633 2717 :
679 2662 816 2731 quin
853 2661 1039 2731 potius
1091 2658 1490 2722 confitendum,
1539 2661 1726 2712 omnia
1763 2659 1819 2712 in
1858 2658 2080 2713 univeré

503 2769 626 2809 sum
665 2751 988 2807 Conditoris
1025 2753 1230 2806 virtute
1264 2749 1539 2805 contineri
1572 2755 1628 2803 et
1663 2749 2006 2804 conservari.

574 2843 752 2898 Terra:
777 2851 950 2898 status
979 2859 1099 2896 cum
1127 2843 1357 2910 primum
1387 2849 1588 2895 creata.
1612 2840 1923 2895 Animantia
1950 2842 2082 2896 stir-

2715 700 2964 754 ΚΕΦΑΛ.
2999 700 3035 752 ιο
3061 695 3237 770 [KA'].

2503 791 2642 856 Περὶ
2681 788 2815 859 γῆς,
2851 789 2948 842 καὶ
2978 787 3098 842 τῶν
3131 787 3200 852 ἐξ
3237 786 3449 854 αὐτῆς.

2265 877 2329 930 Ἠ
2362 880 2430 950 γῆ
2466 879 2523 931 ἒν
2566 879 2673 932 τῶν
2708 880 2994 952 τεσσάρων
3021 880 3306 951 στοιχείων
3340 883 3478 948 ἐστὶ,
3518 883 3683 955 ξηρόν
3712 902 3771 938 τε

2183 967 2278 1020 καὶ
2303 969 2532 1041 ψυχρὸν,
2579 971 2672 1024 καὶ
2701 969 2862 1042 βαρὺ,
2913 971 3009 1024 καὶ
3037 971 3319 1042 ἀκίνητον,
3352 973 3458 1026 ὑπὸ
3503 974 3599 1028 τοῦ
3633 976 3770 1030 Θεοῦ

2181 1061 2245 1113 ἐκ
2279 1061 2370 1114 τοῦ
2407 1063 2481 1132 μὴ
2511 1062 2664 1126 ὄντος
2691 1065 2770 1128 είς
2814 1062 2878 1116 τὸ
2905 1057 3046 1116 εἶναι
3077 1066 3143 1135 τῇ
3178 1063 3374 1136 πρώτῃ
3415 1066 3598 1137 ἡμέρᾳ
3625 1085 3770 1139 παρ-

2185 1152 2443 1222 ηγμένον.
2483 1155 2586 1208 Ἐν
2623 1153 2782 1223 ἀρχῇ
2822 1155 2949 1226 γάρ,
3006 1157 3193 1226 φησὶν,
3228 1157 3521 1225 ἐποίησεν
3546 1162 3579 1212 ὁ
3627 1159 3773 1224 Θεὸς

2183 1244 2291 1297 τὸν
2345 1245 2609 1313 οὐρανὸν
2653 1247 2752 1298 καὶ
2802 1247 2919 1313 τὴν
2948 1245 3064 1315 γῆν
3089 1263 3101 1276 ·
3133 1243 3201 1318 ἧς
3230 1248 3328 1318 τὴν
3355 1247 3518 1318 ἕδραν
3543 1248 3640 1301 καὶ
3673 1248 3772 1320 τὴν

2180 1333 2338 1404 βάσιν
2363 1336 2538 1400 οὐδεὶς
2568 1336 2679 1389 τῶν
2707 1336 3011 1407 ἀνθρώπων
3043 1339 3216 1390 είπεῖν
3247 1337 3545 1409 δεδύνηται.
3580 1340 3646 1392 Ol
3671 1339 3771 1410 μὲν

2178 1427 2289 1497 γὰρ
2321 1429 2414 1482 ἐπὶ
2442 1429 2651 1484 ὑδάτων
2691 1428 2858 1497 φασὶν
2897 1429 3188 1500 ήδρᾶσθαι,
3228 1432 3324 1484 καὶ
3353 1430 3638 1500 πεπῆχθαι
3667 1432 3770 1484 αὑ-

2183 1517 2300 1588 τὴν,
2325 1517 2401 1582 ὥς
2447 1536 2614 1588 φησιν
2635 1521 2662 1572 ὁ
2682 1519 2826 1586 θεῖος
2871 1520 3064 1574 Δαὸίδ·
3107 1520 3190 1586 Τῷ
3216 1519 3616 1589 στερεώσαντι
3655 1523 3772 1589 τὴν

2183 1608 2300 1678 γῆν
2330 1608 2428 1662 ἐπὶ
2456 1609 2712 1665 ὑδάτων.
2759 1614 2821 1666 Οἱ
2848 1612 2940 1676 δὲ,
2983 1612 3074 1665 ἐπὶ
3122 1611 3216 1664 τοῦ
3257 1612 3438 1682 ἀέρος.
3489 1612 3687 1676 Ἄλλος
3711 1614 3769 1666 δέ

2181 1717 2346 1770 φησιν
2371 1717 2385 1732 ·
2439 1702 2492 1754 '0
2518 1701 2782 1770 ἑδράσας
2811 1703 2926 1773 τὴν
2947 1703 3067 1773 γῆν·
3095 1703 3189 1757 ἐπ’
3216 1702 3490 1771 οὐδενός.
3518 1705 3630 1756 Καὶ
3658 1704 3768 1758 πά-

2178 1788 2261 1842 λιν
2286 1793 2313 1842 ὁ
2345 1791 2608 1862 θεηγόρος
2635 1791 2819 1858 Δαὸὶδ,
2851 1794 2926 1858 ὡς
2947 1795 3010 1847 ὲκ
3043 1793 3337 1864 προσώπου
3360 1794 3454 1847 τοῦ
3489 1795 3769 1866 Δημιουρο

2187 1882 2308 1948 γοῠ,
2353 1883 2518 1954 Ἐγὼ,
2565 1886 2752 1953 φησὶν,
2809 1885 3149 1954 ἐστερέωσα
3191 1885 3335 1952 τοὺς
3362 1887 3633 1954 στύλους
3658 1889 3768 1942 αὑ-

2179 1976 2309 2044 τῆς,
2337 1976 2435 2048 τὴν
2471 1979 2794 2050 συνεκτικὴν
2831 1978 3003 2048 αὑτῆς
3034 1977 3266 2050 δύναμιν
3300 1978 3526 2043 στύλους
3564 1978 3769 2049 ὀνομά-

2182 2086 2300 2132 σας.
2339 2069 2412 2122 Τδ
2453 2070 2530 2136 δὲ,
2580 2070 2682 2124 ἐπὶ
2731 2069 3061 2125 θαλασσῶν
3100 2069 3500 2139 ἐθεμελίωσεν
3549 2071 3769 2140 αὐτὴν,

2178 2161 2330 2231 δηλοῖ
2349 2162 2408 2215 τὸ
2442 2161 2701 2217 πάντοθεν
2729 2161 3120 2234 περικεχῦσθαι
3138 2164 3204 2233 τῇ
3231 2164 3302 2232 γῇ
3329 2161 3426 2232 τὴν
3451 2163 3547 2216 τοῦ
3577 2162 3771 2226 ὕδατος

2181 2253 2362 2324 φύσιν.
2400 2253 2520 2308 Κᾶν
2542 2251 2636 2308 οὑν
2661 2254 2745 2324 ἐφ’
2771 2241 2994 2325 ἑαυτῆς,
3039 2255 3146 2309 κᾶν
3184 2256 3278 2308 ἐπὶ
3312 2254 3495 2326 ἀέρος,
3528 2256 3636 2308 κᾶν
3670 2255 3770 2309 ἐπὶ

2181 2345 2410 2409 ὑδάτων,
2442 2345 2544 2398 κᾶν
2573 2345 2660 2398 ἐπ’
2696 2345 2909 2408 οὐδενὸς
2941 2345 3121 2416 δῶμεν
3143 2345 3413 2417 ήδρᾶσθαι
3446 2346 3641 2418 αὑτὴν,
3663 2347 3772 2418 χρὴ

2183 2436 2258 2508 μὴ
2273 2436 2604 2506 ἀφίστασθαι
2626 2437 2728 2505 τῆς
2750 2437 3396 2504 εὑσεὸοὖςὲννοίας,ὰλλὰ
3423 2439 3600 2493 πάντα
3629 2437 3770 2509 ὁμοῦ

2183 2528 2639 2599 συγκρατεῐσθαιο
2673 2529 2979 2600 ὁμολογεῖν,
3019 2528 3112 2583 καὶ
3144 2529 3463 2601 συνέχεσθαι
3500 2532 3570 2601 τῇ
3603 2529 3771 2583 δυνά-

2183 2637 2273 2691 μει
2298 2620 2391 2673 τοῦ
2411 2621 2732 2686 Κτίσαντος.

2264 2836 2353 2890 Ἐν
2381 2836 2523 2908 ἀρχῇ
2560 2835 2657 2906 μὲν
2677 2833 2792 2900 οὖν,
2817 2835 3001 2900 καθώς
3028 2853 3193 2909 φησιν
3218 2837 3252 2909 ἡ
3275 2837 3397 2892 θεία
3419 2839 3636 2911 Γραφὴ,
3663 2839 3772 2894 ὑπδ

502 2951 691 3004 pesque
739 2935 966 2988 hominis
994 2951 1292 2989 causas—
1322 2933 1386 2988 Et
1421 2933 1642 3004 quidem
1688 2933 1742 2988 in
1780 2935 2077 3004 principio,

2187 2929 2393 2984 ὑδάτων
2420 2927 2782 2994 ἐκαλύπτετο,
2811 2929 2906 2981 καὶ
2946 2929 3456 2996 ἁκατασκεὺαστος,
3487 2932 3608 3003 ἦτοι
3637 2933 3743 2987 ἀκό
3761 2967 3774 2974 -

504 3026 969 3097 quemadmodum
1007 3027 1085 3080 ait
1118 3024 1407 3096 Scriptura
1442 3026 1625 3081 divina
1647 3025 1713 3090 ³⁰,
1752 3036 1902 3082 terra
1921 3027 2077 3098 aquis

2187 3039 2394 3094 σμητος
2430 3017 2521 3092 ἦν.
2554 3020 2660 3074 Τοῦ
2688 3020 2744 3074 δὲ
2775 3021 2911 3075 Θεοῦ
2939 3022 3342 3092 προστάξαντος
3363 3061 3378 3087 ,
3409 3024 3479 3077 τὰ
3506 3024 3615 3078 τῶν
3643 3026 3772 3079 ὑδάσ

503 3117 912 3183 obducebatnr,
962 3125 1128 3187 atque
1185 3117 1480 3187 indigesta,
1543 3117 1645 3171 hoc
1697 3126 1806 3181 est,
1852 3127 2084 3175 ornatus

505 3209 690 3264 omnis
718 3223 916 3278 expers
947 3217 1086 3263 erat.
1129 3205 1554 3278 Quamprimum
1591 3217 1776 3262 autem
1823 3209 2085 3278 praecepit

507 3299 682 3368 Deus,
721 3299 1018 3354 confestim
1077 3312 1346 3368 aquarum
1405 3297 1806 3368 conceptacula
1855 3299 2086 3353 exstite-

506 3397 678 3446 runt:
726 3403 791 3444 ac
829 3397 946 3443 tum
990 3397 1208 3443 montes
1257 3401 1381 3442 esse
1432 3395 1746 3458 coeperunt,
1782 3387 2086 3458 divinoque

501 3484 662 3552 jussu
713 3489 858 3536 terra
899 3495 1063 3535 suum
1099 3489 1358 3534 ornatum
1387 3479 1622 3548 accepit,
1667 3479 1854 3535 herbis
1888 3480 2085 3536 videli-

505 3582 594 3630 cet
631 3574 812 3628 omnis
851 3572 1068 3641 generis
1113 3581 1170 3626 et
1215 3571 1484 3641 stirpibus
1532 3571 1825 3638 decorata;
1881 3571 2086 3642 quibus

503 3664 698 3718 divino
733 3665 966 3732 imperio
997 3661 1085 3716 vis
1118 3675 1182 3715 ea
1219 3659 1386 3716 insita
1415 3668 1524 3723 est,
1556 3675 1665 3729 qua
1697 3668 2082 3731 augescerent,

505 3755 918 3822 alerenturquc,
949 3757 1010 3807 et
1055 3766 1243 3806 semen
1270 3750 1341 3805 ad
1372 3749 1456 3806 sui
1497 3750 1684 3805 simile
1712 3748 2082 3821 generandum

507 3846 810 3917 producere
839 3842 1074 3912 possint.
1101 3841 1250 3907 Quin
1279 3841 1348 3894 ad
1378 3839 1609 3910 Opificis
1643 3841 1864 3911 jussum
1904 3843 2085 3898 omnis

504 3952 726 4010 quoque
776 3935 997 4006 generis
1040 3933 1365 3998 animantia,
1399 3933 1641 4002 reptilia,
1681 3932 1853 3999 feras,
1889 3943 1945 3989 et
1992 3950 2086 4005 pe-

503 4044 656 4095 cora,
685 4029 1046 4102 jnmentaque
1078 4025 1310 4096 protulit
1343 4042 1357 4078 :
1399 4024 1588 4100 omnia
1622 4025 1844 4095 quidem
1883 4026 1976 4083 illa
2015 4025 2084 4082 ad

505 4121 892 4190 tempestivum
943 4115 1185 4172 hominis
1217 4130 1402 4179 usum,
1435 4123 1698 4169 caeterum
1745 4115 1855 4168 alia
1903 4115 1970 4170 ad
2002 4116 2085 4171 ci-

504 4216 659 4280 bum,
701 4225 761 4267 ut
813 4226 1030 4272 cervos,
1085 4209 1347 4278 pecudes,
1390 4223 1644 4278 capreas,
1677 4215 1732 4263 et
1760 4209 1982 4278 reliqua
2028 4210 2080 4265 id

2183 3130 2293 3168 των
2320 3113 2506 3182 δοχεῖα
2531 3112 2811 3181 γεγόνασι,
2862 3113 2958 3166 καὶ
2995 3113 3117 3166 τότε
3145 3114 3214 3166 τά
3237 3113 3336 3184 ὅρη
3367 3113 3644 3186 ὑπῆρξαν,
3675 3117 3774 3169 καὶ

2183 3203 2264 3275 τῷ
2294 3203 2424 3273 θείῳ
2457 3203 2843 3274 προστάγματι
2865 3202 2956 3256 τὸν
2995 3204 3195 3256 οἰκεῖον
3232 3203 3492 3272 ἀνείληφε
3539 3205 3772 3276 κόσμον,

2189 3295 2565 3358 παντοδαπαῖς
2602 3294 2790 3364 χλόαις
2825 3295 2920 3348 καὶ
2951 3297 3138 3364 φυτοῖς
3177 3293 3512 3366 ώραῖσθείσα
3532 3314 3546 3328 ·
3577 3292 3663 3360 οἷς
3711 3300 3776 3350 τὸ

2187 3387 2330 3442 θεῖον
2353 3385 2581 3457 ἐνέθηκε
2615 3387 2968 3457 πρόσταγμα,
2993 3386 3224 3456 δύναμιν
3242 3387 3541 3458 αὐξητικὴν
3560 3403 3647 3452 τε,
3674 3391 3774 3441 καὶ

2187 3479 2510 3551 θρεπτικὴν,
2544 3478 2640 3532 καὶ
2675 3479 3084 3551 σπερματικὴν,
3129 3479 3250 3550 ἦτοι
3278 3480 3468 3550 ὁμοίου
3513 3497 3734 3553 γεννητι
3756 3512 3772 3521 ο

2185 3573 2310 3643 κήν.
2355 3571 2624 3644 Ἐξήγαγε
2646 3571 2704 3624 δὲ
2749 3571 2847 3625 τοῦ
2879 3571 3225 3644 Δημιουργοῦ
3257 3571 3639 3637 κελεύσαντος,
3675 3575 3776 3628 καὶ

2186 3667 2417 3718 παντοῖα
2465 3663 2596 3732 γένη
2650 3659 2827 3728 ζώων,
2883 3663 3129 3735 ἑρπετῶν
3159 3679 3242 3725 τε,
3279 3663 3372 3716 καὶ
3402 3661 3633 3732 θηρίων,
3676 3667 3776 3718 καὶ

2186 3755 2420 3826 κτηνῶν.
2459 3755 2643 3808 Πάντα
2678 3755 2778 3825 μὲν
2809 3755 2947 3826 πρὸς
2971 3756 3070 3828 τὴν
3115 3754 3210 3808 τοῦ
3256 3754 3544 3826 ἀνθρώπου
3577 3755 3774 3810 εῠκαι-

2188 3863 2280 3915 ρον
2303 3845 2502 3916 χρῆσιν
2521 3860 2534 3874 ·
2573 3844 2712 3899 ἀλλὰ
2742 3845 2968 3910 τούτων,
2998 3846 3068 3901 τὰ
3101 3847 3198 3917 μὲν
3229 3845 3368 3917 πρὸς
3396 3845 3622 3920 βρῶσιν,
3657 3843 3773 3902 οἷον

2185 3934 2444 4004 ἐλάφους,
2481 3937 2753 4007 πρόϐατα,
2781 3937 3068 4010 δορκάδας,
3102 3938 3197 3990 καὶ
3235 3938 3303 3991 τὰ
3329 3937 3553 3991 τοιαῦτα
3576 3955 3589 3968 ⁸
3617 3941 3690 3994 τά
3713 3941 3774 3994 δὲ

2177 4025 2323 4096 πρὸς
2356 4025 2657 4094 διακονίαν,
2683 4024 2795 4081 οἷον
2821 4028 3123 4100 καμήλους,
3158 4027 3306 4099 βόας,
3331 4029 3550 4096 ἵππους,
3591 4031 3770 4096 ὅνους,

2185 4117 2284 4170 καὶ
2315 4116 2384 4170 τὰ
2406 4117 2634 4172 τοιαῦτα
2653 4136 2668 4150 ο
2694 4119 2762 4172 τὰ
2793 4120 2850 4173 δὲ
2877 4119 3014 4190 πρὸς
3043 4119 3236 4191 τέρψιν
3255 4159 3269 4185 ,
3301 4116 3413 4173 οἷον
3461 4120 3734 4190 πιθήκους
3753 4137 3771 4153 ο

2185 4209 2280 4264 καὶ
2308 4208 2416 4262 τῶν
2460 4209 2686 4280 ὀρνέων,
2719 4211 2913 4274 κίσσας
2961 4227 3042 4276 τε,
3075 4212 3170 4265 καὶ
3222 4211 3542 4278 ψιττακοὺς,
3576 4214 3677 4268 καὶ
3703 4216 3772 4268 τὰ

503 4322 712 4378 genus;
767 4305 871 4356 alia
923 4301 991 4356 ad
1031 4300 1426 4365 ministerium,
1479 4307 1540 4352 ut
1591 4301 1856 4368 camelos,
1893 4303 2077 4370 boves,

2187 4303 2412 4358 τοιαῦτα
2437 4319 2452 4334 ⁸
2499 4305 2596 4358 καὶ⁹
2652 4305 2760 4359 τῶν
2809 4305 2991 4373 φυτῶν
3022 4306 3101 4370 δὲ,
3137 4307 3234 4360 καὶ
3267 4306 3374 4359 τῶν
3403 4305 3667 4375 βοτανῶν,
3703 4313 3772 4361 τὰ

505 4412 711 4467 equos,
739 4395 946 4457 asinos,
992 4399 1302 4462 emteraque
1331 4391 1607 4461 ejusmodi
1633 4407 1648 4458 ;
1677 4391 1786 4446 alia
1817 4394 1885 4448 ad
1929 4395 2082 4450 oblc-

504 4491 826 4563 ctationem,
860 4494 920 4540 ut
957 4485 1172 4551 simias,
1201 4497 1257 4540 et
1307 4501 1372 4541 ex
1423 4485 1652 4552 avibus,
1698 4486 1989 4556 psittacos,
2029 4496 2086 4544 et

505 4581 709 4638 similia
739 4598 752 4634 :
788 4579 992 4648 stirpes
1031 4578 1159 4632 item
1192 4584 1245 4632 et
1281 4575 1503 4641 herbas,
1536 4576 1738 4647 partim
1769 4575 2084 4634 fructiferas

503 4682 558 4729 et
592 4671 931 4733 eseulentas,
981 4668 1182 4740 partim
1235 4666 1440 4723 olfactu
1491 4682 1690 4723 suaves
1741 4677 1798 4724 et
1852 4668 2084 4727 floribus

503 4765 756 4825 decoras.
793 4759 1140 4816 exhilarandi
1171 4758 1342 4813 animi
1372 4773 1540 4813 causa
1563 4773 1880 4828 concessas,
1931 4762 2079 4818 velut

505 4872 710 4921 rosam,
767 4855 1016 4922 aliasque
1073 4851 1320 4917 similes;
1373 4851 1570 4921 partim
1632 4852 1699 4908 ad
1759 4854 2076 4916 morborum

503 4948 794 5006 medelam.
847 4945 1030 5013 Neque
1081 4943 1228 4999 enim
1307 4953 1401 4997 aut
1451 4945 1656 4998 animal
1712 4929 1924 5012 ullum,
1983 4959 2080 5002 aut

505 5043 688 5111 planta
740 5039 850 5094 ulla
911 5044 1016 5100 est,
1073 5036 1160 5089 cui
1215 5050 1327 5089 non
1382 5034 1467 5090 vis
1515 5035 1700 5104 aliqua
1757 5037 2077 5096 hominibus

501 5133 673 5195 utilis,
703 5144 964 5185 asummo
996 5142 1178 5180 rerum
1211 5124 1444 5180 Parente
1468 5125 1638 5180 indita
1662 5126 1754 5182 sit.
1795 5127 1926 5182 Nam
1959 5145 2079 5184 cum

504 5225 613 5290 ille,
667 5223 754 5277 cui
815 5221 1000 5274 omnia
1053 5233 1344 5286 amcqnam
1406 5217 1541 5272 fiant
1587 5219 1876 5288 explorata
1926 5233 2076 5286 sunt,

503 5321 849 5384 perspectum
887 5311 1116 5366 haberet
1168 5308 1288 5363 fore
1356 5316 1418 5364 ut
1455 5309 1620 5364 homo
1658 5310 1836 5366 libera
1882 5313 2082 5368 volun-

2189 4397 2289 4466 μὲν
2323 4396 2601 4468 κάρπιμα,
2628 4398 2698 4452 τά
2725 4397 2781 4451 δὲ
2811 4397 3067 4469 ἐδώδιμα,
3087 4399 3155 4452 τά
3173 4399 3232 4452 δὲ
3257 4398 3451 4471 εὐώδη,
3485 4401 3574 4454 καὶ
3600 4400 3771 4472 ἀνθη-

2189 4487 2261 4558 ρὰ
2291 4487 2428 4558 πρὸς
2481 4487 2674 4558 τέρψιν
2725 4489 2856 4558 ἡμῖν
2907 4489 3300 4561 δεδωρημένα·
3336 4486 3448 4543 οἷον
3495 4489 3558 4542 τὸ
3592 4492 3769 4560 ῥόδον,

2188 4580 2280 4634 καὶ
2319 4579 2390 4632 τὰ
2427 4580 2653 4633 τοιαῦτα
2673 4597 2688 4612 ο
2737 4581 2807 4634 τὰ
2851 4580 2908 4635 δὲ
2938 4582 3078 4652 πρὸς
3103 4581 3428 4652 νοσημάτων
3457 4580 3624 4635 ἴασιν.
3657 4583 3770 4637 οὐκ

2187 4670 2305 4725 ἐστι
2338 4672 2448 4742 γὰρ
2468 4671 2623 4726 οὐδὲν
2644 4672 2805 4739 ζῶον,
2837 4673 2960 4728 οὑδὲ
2983 4674 3166 4744 φυτὸν,
3199 4675 3257 4727 ἐν
3284 4667 3330 4742 ᾧ
3353 4672 3455 4726 οὑκ
3485 4673 3772 4744 ὲνὲργειάν

2185 4781 2308 4817 τινα
2339 4765 2407 4834 τῇ
2442 4762 2551 4816 τῶν
2595 4763 2900 4838 ἀνθρώπων
2939 4766 3097 4838 χρεία
3126 4764 3572 4836 χρησιμεύουσαν
3613 4767 3643 4818 ὁ
3667 4769 3773 4835 Δη-

2189 4855 2450 4928 μιουργδς
2480 4856 2793 4910 ἐναπέθετο.
2835 4856 2895 4910 '0
2919 4857 3028 4928 γὰρ
3049 4857 3117 4911 τὰ
3143 4857 3321 4910 πάντα
3346 4856 3475 4927 πρὶν
3498 4857 3774 4924 γενέσεως

2185 4947 2368 5002 αὑτῶν
2393 4947 2777 5018 ἐπιστάμενος,
2810 4946 2966 5012 εἰδὼς
2999 4948 3074 5011 ὡς
3113 4948 3294 5018 μέλλει
3341 4950 3398 5001 ὲν
3441 4949 3774 5020 αὑτεξουσίῳ

2187 5038 2456 5109 προϐάσει
2483 5041 2512 5092 6
2545 5039 2829 5108 ἄνθρωπος
2861 5037 3129 5107 γίνεσθαι,
3168 5041 3262 5092 καὶ
3283 5041 3348 5108 τῇ
3381 5037 3562 5108 φθορᾷ
3589 5055 3776 5109 παρα-

2185 5127 2444 5193 δίδοσθαι,
2485 5131 2663 5184 πάντα
2701 5129 2837 5201 πρὸς
2863 5129 3122 5200 εὔκαιρον
3161 5129 3356 5202 χρῆσιν
3386 5129 3580 5194 αὑτοῦ,
3611 5131 3686 5183 τά
3713 5148 3773 5182 τε

2187 5221 2245 5275 ὲν
2275 5219 2352 5292 τῷ
2383 5221 2746 5292 στερεώματι,
2778 5222 2846 5275 τά
2877 5239 2935 5275 τε
2977 5224 3036 5274 ὲν
3068 5224 3134 5292 τῇ
3159 5225 3252 5293 γῇ,
3278 5221 3371 5275 καὶ
3392 5220 3463 5274 τὰ
3490 5221 3554 5272 ἐν
3583 5219 3774 5274 ὓδασλ

2186 5314 2392 5366 ἔκτισε.

503 5402 889 5461 tateadivino
926 5399 1185 5455 mandato
1226 5399 1528 5460 recederet,
1603 5400 1761 5470 1'73
1820 5405 2286 5474 corruptionique
2351 5402 2722 5464 addiceretur,
2800 5401 3010 5458 idcirco
3081 5405 3148 5456 ad
3197 5398 3550 5456 commodum
3593 5400 3774 5472 ipsius

503 5509 687 5562 usum,
717 5503 915 5550 cuncta
941 5508 1062 5564 qua:
1094 5500 1206 5545 tum
1235 5491 1292 5545 in
1319 5492 1479 5556 cmlo,
1515 5500 1628 5547 tum
1662 5495 1718 5566 in
1749 5503 1897 5550 terra
1932 5505 1987 5552 et
2019 5499 2070 5552 in
2113 5504 2272 5572 aquis
2299 5507 2452 5562 sunt,
2486 5496 2818 5567 procreavit.

569 5607 616 5640 "
644 5607 768 5686 'v'id.
807 5609 992 5686 ξιτψ.
1026 5610 1125 5686 1ι1)Σ
1162 5627 1220 5664 u.
1301 5611 1346 5642 ’⁸
1370 5610 1508 5666 Gen.
1545 5627 1582 5676 ι,
1623 5587 1677 5666 ⁸Ι.
1757 5613 1802 5644 ³⁸
1829 5614 1979 5675 Psal.
2007 5618 2294 5686 curm-6.

493 5694 637 5734 um
683 5681 737 5732 ‘2.
816 5680 860 5712 ³⁰
889 5679 1071 5743 Genu,
1096 5680 1150 5733 2.

2402 5617 2445 5649 "’
2479 5615 2582 5670 Job
2617 5630 2767 5680 xxvr,
2798 5613 2852 5669 7.
2959 5613 3158 5686 "_Psal
3213 5623 3394 5678 uxw,
3420 5607 3477 5664 ὁ.
3554 5608 3774 5666 “Psal.
