3962 6300
280 370 383 435 909

277 572 359 642 τῷ
390 568 663 642 ἀνθρώπῳ
692 565 780 639 ἦν.
815 570 1087 639 Ἀρχοντα
1118 569 1226 639 γὰρ
1276 571 1437 623 αὑτὸν
1465 570 1797 641 κατέστησεν
1830 572 1857 623 ό

276 664 413 726 Θεὸς
476 662 691 715 πάντων
734 660 841 713 τῶν
882 661 940 712 ἐν
974 662 1039 730 τῇ
1079 663 1149 731 γῇ
1192 662 1284 714 καὶ
1317 662 1375 713 ἐν
1402 664 1512 723 τοῖς
1538 661 1726 715 ὕδασι·
1764 662 1858 714 καὶ

279 758 308 809 ὁ
341 756 464 823 ὄφις
487 753 597 824 (69)
622 754 676 807 δὲ
709 752 946 823 συνήθης
980 752 1056 821 τῷ
1090 752 1363 823 ἀνθρώπῳ
1390 750 1479 823 ἦν,
1518 754 1716 823 μᾶλλον
1749 753 1858 806 τῶν

280 847 457 899 ἄλλων
487 845 638 914 αὑτῷ
674 844 1113 916 προσερχόμενος
1146 884 1158 907 ,
1190 845 1284 896 καὶ
1311 847 1561 913 τερπνοῖς
1590 862 1857 915 προσομι-

280 936 391 989 λῶν
435 938 548 998 τοῖς
595 935 915 1004 κινήμασιν.
941 933 1103 986 Ὅθεν
1126 932 1193 985 δι’
1225 932 1389 986 αὑτοῦ
1420 932 1515 1003 τὴν
1542 933 1808 1003 κακίστην
1834 937 1861 987 ὁ

285 1027 595 1099 ἁρχέκακος
627 1022 872 1088 διάϐολος
904 1024 1191 1095 ὑποθήκην
1216 1026 1327 1087 τοῖς
1353 1025 1728 1095 προπάτορσιν
1751 1028 1863 1078 eic-

289 1122 560 1190 ηγήσατο.
614 1118 724 1170 Καὶ
784 1118 819 1186 ή
871 1116 943 1185 γῆ
987 1116 1043 1168 δὲ
1100 1115 1382 1187 αὐτομάτη
1442 1116 1567 1179 τοὺς
1621 1118 1864 1187 καρποὺς

285 1213 471 1280 ἔφερε,
496 1205 633 1279 πρὸς
656 1207 846 1278 χρείαν
870 1207 980 1261 τῶν
1008 1206 1333 1276 ὑποχειρίων
1374 1205 1521 1276 αὑτῷ
1552 1206 1708 1270 ζώων
1730 1222 1744 1236 ·
1770 1211 1867 1261 καὶ

283 1298 412 1352 οὔτε
431 1297 635 1368 ὄμϐρος
650 1294 718 1367 ἦν
744 1300 810 1368 τῇ
830 1299 923 1367 γῇ,
942 1294 1065 1349 οὔτε
1082 1295 1307 1366 χειμών.
1327 1296 1480 1349 Μετὰ
1502 1296 1667 1368 δὲτὴν
1689 1298 1868 1370 παρά-

287 1390 468 1450 ϐασιν,
501 1388 685 1457 ἡνίκα
734 1386 1241 1456 παρασυνεΰλήθη
1285 1386 1411 1453 τοῖς
1466 1388 1716 1455 κτήνεσι
1745 1388 1869 1455 τοῖς

287 1479 590 1545 ἀνοήτοις,
620 1479 718 1532 καὶ
741 1477 1004 1546 ὠμοιώοη
1032 1477 1255 1542 αὐτοῖς,
1270 1477 1457 1549 ἄρχειν
1481 1478 1540 1532 ἐν
1572 1480 1748 1549 ἐαυτῷ
1773 1481 1872 1551 τὴν

286 1571 482 1638 ἄλογον
535 1569 835 1640 ἐπιθυμίαν
885 1567 981 1621 τοῦ
1014 1568 1235 1637 λογικοῦ
1278 1569 1370 1622 νοῦ
1416 1571 1868 1640 παρασκευάσας,

289 1660 575 1730 παρήκοος
602 1659 700 1728 τῆς
733 1657 828 1729 τοῦ
867 1658 1138 1711 Δεσπότου
1185 1658 1407 1727 ἐντολῆς
1434 1660 1745 1728 γενόμενος,
1774 1662 1874 1714 ἐπ-

288 1750 489 1821 ανέστη
522 1749 600 1820 τῷ
641 1750 744 1802 ὑπὸ
777 1749 870 1802 τοῦ
917 1749 1259 1820 Δημιουργοῦ
1293 1750 1724 1821 χειροτονηθέντι
1770 1751 1870 1823 ἄρ·

1330 367 1425 427 DE
1462 368 1639 427 FIDE
1674 365 2131 427 ORTHODOXA
2174 371 2318 429 LIB.
2365 370 2423 429 II

350 480 466 551 Πρὸ
510 478 609 550 μὲν
640 472 732 531 οὖν
770 476 869 545 τῆς
904 476 1269 548 παραϐάσεως
1292 519 1305 542 ,
1344 479 1519 531 πάντα
1570 477 1855 549 ὑποχείρια
1890 490 1930 542 Α

3427 365 3529 430 910

2036 480 2254 533 Homini
2294 483 2555 550 quondam
2585 483 2839 549 parebant
2888 481 3085 533 omnia.
3113 508 3182 518 ——-
3219 478 3281 531 Et
3311 480 3531 549 quidem

1960 578 2088 623 ante
2140 571 2688 637 prmvaricatiiiiiciii,
2738 570 2878 623 nihil
2922 577 3040 623 erat
3095 569 3240 639 quod
3293 570 3531 625 hominis

1962 655 2190 724 imperio
2215 657 2492 709 subditum
2534 673 2640 711 non
2677 668 2843 712 esset.
2874 658 3138 728 Princeps
3166 659 3372 729 quippe
3397 673 3535 712 con-

1963 748 2190 801 stitutus
2228 763 2255 799 a
2308 746 2415 802 Deo
2448 746 2647 813 fuerat,
2682 749 2926 801 omnium
2963 758 3074 801 tam
3113 766 3232 817 qua:
3269 751 3323 804 iu
3360 757 3534 815 terra,

1963 856 2125 910 quam
2161 855 2279 910 qua:
2328 842 2379 893 in
2425 843 2585 909 aquis
2618 842 2842 910 degunt.
2875 841 3016 905 Quin
3049 857 3273 910 serpens
3318 856 3537 911 quoque

1965 932 2175 985 homini
2208 931 2498 987 familiaris
2528 941 2668 997 erat,
2691 942 2747 985 ut
2778 948 2886 1000 pra:
2920 934 3134 988 ueteris
3163 934 3537 988 animantibus

1966 1024 2033 1077 ad
2074 1040 2197 1079 eum
2233 1025 2521 1079 accederet
2549 1066 2563 1089 ,
2601 1026 2927 1094 blandisque
2979 1026 3220 1078 motibus
3271 1042 3396 1079 cum
3445 1026 3538 1080 illo

1967 1116 2129 1185 quasi
2158 1125 2587 1171 conversaretur
2630 1115 2878 1175 “..ilinc
2939 1115 3147 1170 factum
3190 1126 3275 1171 est
3322 1126 3383 1171 ut
3412 1116 3538 1170 mali

1970 1217 2167 1261 auctor
2191 1207 2447 1263 diabolus
2480 1210 2655 1278 ipsius
2693 1224 2860 1279 opera
2888 1209 3185 1278 pessimam
3217 1208 3543 1278 primigenis

1969 1299 2297 1369 parentibus
2328 1310 2537 1353 struem
2575 1308 2821 1355 necteret
2845 1300 2911 1354 ”.
2957 1301 3125 1354 Terra
3159 1300 3389 1370 insuper
3430 1297 3545 1353 fru-

1970 1399 2114 1453 ctus,
2143 1389 2343 1459 quibus
2376 1392 2699 1458 animantia,
2735 1406 2854 1461 qua:
2895 1391 2973 1445 illi
3015 1392 3306 1461 parebant,
3333 1390 3545 1444 aleren-

1972 1492 2087 1546 tur,
2115 1489 2310 1551 sponte
2369 1483 2706 1551 prolerebat.
2756 1482 2943 1553 Neque
2982 1492 3098 1537 tum
3136 1483 3332 1544 imber,
3370 1497 3547 1551 neque

1977 1572 2154 1628 hiems
2189 1582 2281 1627 aut
2317 1584 2619 1645 tempestas
2672 1584 2813 1630 erat.
2862 1577 2932 1628 At
2980 1585 3104 1645 post
3148 1576 3549 1645 transgressio-

1973 1680 2121 1730 nem,
2160 1667 2377 1737 quando
2410 1678 2752 1737 comparatas
2779 1675 2855 1722 est
2870 1667 3128 1738 ⁸ἱιιηιεηιὶε
3159 1666 3548 1735 insipientibus,

1975 1766 2023 1809 et
2049 1757 2243 1810 similis
2279 1757 2453 1826 factus
2483 1768 2558 1813 est
2591 1760 2663 1813 eis
2694 1760 2770 1826 aa;
2808 1774 2932 1813 cum
2967 1760 3126 1813 berili
3164 1760 3368 1814 violato
3410 1773 3551 1828 pra:-

288 1858 459 1912 χοντι,
496 1841 529 1910 ἡ
558 1839 872 1909 ὑποχείριος
900 1838 1104 1901 κτίσις·
1138 1838 1233 1892 καὶ
1267 1839 1434 1909 eram
1474 1840 1533 1892 ἐν
1566 1839 1750 1911 ἱδρῶτι
1780 1842 1868 1911 ἐρ-

1993 1855 2151 1915 eplo,
2171 1848 2243 1901 ita
2274 1863 2334 1903 se
2357 1855 2755 1918 comparasset,
2774 1855 2835 1902 ut
2856 1848 3016 1902 bruta
3034 1849 3311 1918 cupiditas
3342 1849 3553 1902 ratione

288 1931 556 2000 γάζεσθαι
590 1931 690 2002 τὴν
733 1931 856 2001 γῆν,
890 1929 950 1994 ἐξ
979 1925 1047 2002 ἦς
1071 1929 1306 2001 ἐλήφθη.

1976 1935 2224 2004 praedita:
2278 1938 2443 1991 menti
2507 1952 2620 1991 sure
2684 1936 3087 2002 dominaretur,
3149 1948 3279 2004 tum‘
3321 1934 3553 1991 subditas

289 2030 561 2078 creaturae
591 2023 658 2077 ab
684 2022 804 2092 ipso
824 2018 1167 2089 defecerunt,
1200 2021 1293 2090 qui
1330 2018 1589 2090 princeps
1619 2019 1863 2091 ipsarum
1910 2032 2131 2081 creatus
2187 2040 2218 2079 a
2253 2024 2364 2083 Deo
2394 2027 2602 2095 fuerat;
2673 2038 2836 2099 atque
2891 2043 2959 2083 eo
2990 2029 3246 2083 redactus
3269 2068 3283 2091 ,
3334 2037 3394 2082 ut
3445 2035 3553 2082 ter-

296 2129 419 2169 ram
455 2114 523 2169 de
553 2128 660 2183 qua
690 2121 946 2183 sumptus
990 2120 1130 2175 erat,
1164 2127 1287 2167 eum
1342 2111 1641 2167 sudoribus
1689 2112 1872 2166 colere
1900 2114 2094 2182 jussus
2117 2117 2208 2173 sit.

377 2205 518 2259 Ἀλλ’
561 2205 684 2258 οὑδέ
731 2203 826 2257 νῦν
861 2203 1137 2274 ἄχρηστος
1181 2204 1215 2272 ἡ
1257 2202 1366 2256 τῶν
1399 2202 1606 2273 θηρίων
1656 2204 1880 2272 χρῆσις,

293 2296 628 2368 ἐκφοϐοὖσα,
652 2295 747 2348 καὶ
787 2294 921 2366 πρὸς
974 2292 1273 2363 ἐπίγνωσιν
1301 2334 1314 2357 ,
1341 2296 1435 2347 καὶ
1467 2292 1757 2362 ἐπίκλησιν
1783 2294 1881 2347 τοῦ

296 2389 664 2460 πεποιηκότος
711 2388 955 2458 φέρουσα
1000 2385 1160 2441 Θεοῦ.
1192 2385 1360 2456 Καὶή
1404 2383 1618 2438 ἄκανθα
1651 2384 1708 2437 δὲ
1743 2384 1881 2455 μετά

294 2481 398 2551 τὴν
434 2478 743 2550 παράϐασιν
773 2478 940 2547 ἐξέφυ
966 2477 1068 2548 τῆς
1106 2478 1211 2547 γῆς
1232 2477 1376 2530 κατά
1407 2475 1507 2546 τὴν
1543 2475 1639 2528 τοῦ
1674 2476 1881 2547 Κυρίου

297 2575 633 2644 ἀπόφανσιν,
682 2570 802 2643 μεθ’
843 2571 911 2643 ἣν
961 2569 1312 2640 συνεζεύχθη,
1350 2570 1445 2623 καὶ
1485 2571 1553 2639 τῇ
1584 2568 1882 2622 ἀπολαύσει

296 2664 394 2719 τοῦ
420 2664 571 2735 ῥόδου
599 2665 631 2733 ἡ
663 2660 894 2724 ἄκανθα,
927 2660 1008 2723 είς
1038 2659 1345 2730 ὑπόμνησιν
1375 2658 1477 2728 τῆς
1516 2658 1881 2730 παραϐάσεως

299 2758 451 2827 ἡμᾶς
497 2756 726 2823 ἄγουσα,
755 2752 822 2806 δι’
854 2751 921 2823 ἢν
975 2750 1217 2813 ἀκάνθας
1274 2750 1369 2804 καί⁵
1400 2749 1683 2821 τριϐόλους
1738 2752 1765 2821 ἡ
1806 2751 1879 2821 γῆ

298 2846 618 2901 ἀνατέλλειν
649 2846 783 2916 ἡμῖν
822 2841 1210 2912 κατεδικάσθη.

2050 2207 2335 2276 Deﬁcienle
2381 2209 2475 2264 illo
2538 2210 2879 2265 rebellarunt.
2937 2209 3090 2265 Ferro
3142 2221 3265 2281 quia
3297 2209 3557 2264 commodi

1982 2299 2235 2369 a/ferant.
2264 2331 2334 2346 -
2363 2300 2707 2372 Quanquam,
2747 2318 2813 2357 ne
2847 2318 2992 2357 nunc
3020 2303 3244 2372 quidem
3277 2301 3553 2372 ejusmodi

1982 2390 2113 2463 fera;
2149 2398 2312 2454 sunt,
2359 2402 2417 2446 ut
2469 2394 2618 2447 nulla
2667 2408 2732 2447 ex
2783 2394 2866 2449 eis
2920 2395 3133 2448 utilitas
3175 2395 3297 2463 capi
3355 2398 3553 2463 queat:

1980 2483 2187 2552 quippe
2215 2499 2337 2553 qua:
2370 2491 2636 2539 terrorem
2682 2484 2892 2540 homini
2945 2485 3284 2559 incutiendo,
3317 2499 3440 2540 eum
3486 2483 3554 2537 ad

1989 2570 2086 2627 Dei
2128 2574 2435 2629 conditoris
2490 2576 2851 2645 agnitionem,
2898 2576 3129 2647 ejusque
3178 2591 3337 2647 opcm
3369 2575 3562 2645 implo-

1991 2661 2219 2717 randam
2274 2666 2573 2720 adducunt.
2626 2666 2858 2738 Insuper
2891 2677 3016 2737 post
3052 2674 3297 2737 spretum
3333 2665 3560 2721 manda-

1989 2760 2128 2817 tum,
2184 2755 2341 2824 spina
2391 2772 2629 2827 quoque,
2676 2758 2833 2828 juxta
2881 2758 3096 2814 Domini
3145 2757 3476 2814 sententiam
3530 2771 3561 2809 e

1987 2852 2133 2900 terra
2159 2850 2439 2917 prodiens,
2462 2850 2765 2906 amoenitati
2797 2866 2937 2907 rosre
2968 2852 3265 2921 conjuncta
3294 2850 3417 2917 fuit,
3438 2862 3562 2918 quae

299 2928 595 2996 refricaret
633 2939 793 2994 nobis
827 2936 1151 2992 memoriam
1204 2903 1689 3006 transgressionis,
1737 2947 1963 3006 propter
1998 2956 2162 3010 quam
2210 2953 2356 2998 terra
2414 2944 2643 2999 multata
2707 2944 2832 3014 fuit,
2897 2952 2957 3000 ut
3006 2945 3195 3016 spinas
3234 2954 3289 3000 et
3331 2942 3564 3000 tribulos

299 3033 466 3090 nobis
495 3030 766 3102 proferret
791 3029 858 3083 ⁸⁵.

375 3125 498 3177 Ὅτι
554 3123 653 3193 μέν
684 3121 860 3175 ταῦτα
914 3119 1088 3184 οὑτως
1135 3119 1250 3191 ἔχει
1290 3120 1608 3174 πιστευτέον
1632 3162 1646 3187 ,
1678 3120 1743 3174 ἐκ
1787 3119 1880 3174 τοῦ

303 3215 470 3286 μέχρι
501 3212 631 3278 νῦν,
663 3212 764 3282 τὴν
810 3209 1017 3265 τούτων
1062 3208 1325 3280 διαμονὴν
1374 3210 1616 3281 ἐνεργεῖν
1661 3210 1756 3263 τὸν
1785 3208 1884 3262 τοῦ

2066 3119 2159 3174 Dei
2192 3121 2341 3174 verbo
2368 3138 2466 3175 sua
2509 3122 2695 3193 cuique
2725 3124 2799 3177 rei
2830 3124 2904 3178 vis
2946 3124 3138 3177 indita.
3183 3153 3244 3166 -η
3273 3124 3426 3189 Quod
3467 3140 3567 3180 au-

1993 3219 2099 3265 tem
2148 3209 2265 3265 iure
2316 3210 2391 3265 ita
2437 3226 2499 3266 se
2550 3212 2829 3273 habeant,
2887 3212 3015 3267 hinc
3062 3213 3199 3269 ﬁdes
3263 3215 3564 3279 astruitur,

302 3284 512 3377 Κυρίου
544 3304 721 3373 λόγον,
757 3302 815 3355 ὃν
855 3301 990 3372 ἔφη·
1034 3299 1421 3367 Ἀυξάνεσθε,
1452 3301 1553 3354 καὶ
1585 3300 1882 3369 πληθύνε-

1993 3298 2136 3370 quod
2165 3314 2252 3359 ea.
2284 3314 2637 3369 perseverare
2668 3307 2891 3369 praestet
2920 3300 3134 3356 Domini
3165 3316 3373 3367 sermo,
3401 3318 3566 3373 quem

300 3401 439 3464 σθε,
470 3396 571 3451 καὶ
601 3392 961 3464 πληρώσατε
980 3386 1095 3462 τὴν
1121 3391 1262 3462 γῆν.

378 3576 707 3650 Σφαιροειδῆ
736 3575 793 3629 δέ
820 3574 966 3637 τινές
999 3588 1132 3642 φασι
1176 3570 1275 3643 τὴν
1302 3571 1428 3641 γῆν,
1462 3568 1643 3640 ἕτεροι
1676 3569 1729 3623 δὲ
1779 3585 1888 3622 κω-

308 3672 515 3742 νοειδῆ.
538 3671 754 3722 Ἥττων
786 3667 843 3719 δὲ
890 3665 984 3721 καὶ
1034 3665 1175 3719 πάνυ
1210 3662 1329 3716 ἐστὶ
1372 3660 1467 3715 τοῦ
1501 3659 1734 3732 ούρανοῦ
1764 3677 1890 3729 σμι-

304 3762 572 3834 κροτέρα,
602 3758 793 3830 ὥσπερ
847 3773 933 3821 τις
989 3753 1191 3824 στιγμὴ
1242 3755 1301 3807 ἐν
1343 3753 1495 3823 μέσῳ
1527 3750 1719 3805 τούτου
1761 3767 1890 3821 κρε-

309 3852 558 3925 μαμένη.
588 3850 698 3903 Καὶ
749 3847 888 3918 αὑτὴ
934 3846 993 3901 δὲ
1042 3846 1464 3916 παρελεύσεται,
1509 3841 1603 3896 καὶ
1657 3841 1895 3913 ἀλλαγὴ-

308 3961 489 3999 σεται.
541 3941 826 4012 Μακάριος
880 3939 937 3993 δέ
970 3938 1120 3991 ἐστιν
1151 3938 1180 3989 ὁ
1219 3935 1320 4007 τὴν
1351 3935 1463 3989 τῶν
1520 3933 1743 4006 πραέων
1787 3934 1893 4003 γῆν

306 4032 820 4107 κληρονομῶν..Ἥ
867 4030 979 4100 γὰρ
1033 4029 1308 4101 μέλλουσα
1362 4027 1490 4091 τοὺς
1536 4026 1728 4096 ἁγίους
1758 4026 1890 4079 ὑπο-

310 4127 569 4199 δέχεσθαι
620 4126 713 4196 γῆ,
748 4121 1018 4187 ἀθάνατός
1072 4123 1191 4175 ἐστι
1232 4137 1247 4150 ·
1293 4118 1379 4184 τίς
1432 4113 1525 4173 οὖν
1571 4118 1738 4186 ἀξίως
1795 4118 1895 4189 τὴν

311 4220 542 4290 ἄπειρόν
569 4236 627 4271 τε
661 4217 756 4270 καὶ
780 4214 1163 4284 ἀκατάληπτον
1196 4211 1291 4266 τοῦ
1320 4210 1667 4283 Δημιουργοῦ
1701 4211 1894 4279 σοφίαν

310 4311 648 4383 θαυμάσειεν
688 4309 804 4375 ;Ἢ
848 4307 931 4372 τίς
996 4306 1099 4376 τῆς
1165 4304 1485 4377 πρεπούσης
1545 4303 1896 4377 εὐχαριστίας

310 4400 556 4471 ἐφίκοιτο
581 4400 675 4453 τοῦ
698 4397 937 4468 δοτῆρος·
962 4394 1071 4448 τῶν
1100 4393 1373 4447 τοσούτων
1401 4392 1651 4461 ἀγαθῶν.

385 4578 547 4653 [(70)
580 4578 703 4631 Εἰσὶ
752 4576 810 4630 δὲ
869 4576 923 4629 αί
956 4573 1286 4643 γνωσθεῖσαι
1340 4569 1603 4642 ἐπαρχίαι
1659 4569 1760 4638 τῆς
1792 4567 1896 4637 γῆς

306 4673 432 4743 ἦτοι
466 4668 795 4739 σατραπίαι·
826 4663 1100 4737 Εὐρώπης
1126 4663 1225 4734 μὲν
1250 4660 1321 4715 λδ¹
1355 4677 1368 4690 ·
1410 4660 1597 4724 Ἀσίας
1637 4659 1694 4713 δὲ
1735 4658 1895 4729 ἠπεί-

309 4780 409 4835 ρου
458 4760 708 4833 μεγάλης
757 4757 1020 4829 ἐπαρχίαι
1072 4761 1196 4827 μη”
1231 4753 1454 4817 κανόνες
1494 4750 1610 4824 ιβ’.]

802 4937 1055 4990 unum.
1102 4932 1183 4988 IA’
1219 4931 1397 5005 [KE'].

826 5031 966 5097 Περὶ
1004 5026 1393 5095 παραδείσου.

395 5123 612 5193 Ἐπειδὴ
638 5123 696 5177 δὲ
722 5120 949 5193 ἔμελλεν
969 5121 997 5172 ὁ
1016 5116 1249 5183 Θεὸς,ἐξ
1276 5116 1480 5188 ὁρατῆς
1502 5133 1563 5168 τε
1603 5115 1699 5169 καὶ
1724 5113 1881 5183 ἀορά-

387 5240 427 5271 ³¹
462 5237 603 5291 Basil
652 5236 801 5289 hom.
832 5234 898 5287 de
929 5231 1178 5302 parad.__
1218 5230 1262 5261 ³²
1298 5228 1554 5302 Gen._III,
1581 5228 1631 5302 1.

305 5308 469 5365 et28.
512 5309 556 5339 ³⁸
580 5306 767 5361 Matth.
808 5321 857 5367 ν,
890 5304 945 5365 4,

1730 5228 1774 5259 ³³
1801 5228 1947 5283 Psal.
1980 5244 2170 5293 XLVIII,
2195 5230 2281 5283 14.

1032 5302 1074 5332 ³⁷
1133 5298 1368 5353 Μιιιιιοιί.
1424 5297 1579 5351 Cont.
1614 5297 1766 5367 Orig.
1804 5300 1945 5367 apud
1976 5299 2169 5370 Epipb.
2209 5302 2401 5354 haeres.
2440 5297 2529 5350 64.

1991 3389 2397 3459 pronuntiavit,
2435 3386 2685 3455 Crescite,
2713 3398 2763 3443 et
2800 3388 3255 3457 multiplicamini,
3297 3401 3347 3445 et
3376 3393 3570 3461 replete

1992 3487 2191 3532 terram
2221 3477 2288 3531 ³⁵.

2066 3572 2237 3625 Terra:
2265 3570 2435 3639 ﬁgura
2481 3569 2763 3640 molesque.
2800 3598 2869 3609 —
2903 3568 3197 3625 Nonnullis
3247 3587 3413 3642 porro
3454 3581 3570 3629 ter-

1994 3677 2108 3715 ram
2167 3677 2295 3718 esse
2344 3661 2642 3717 rotundam
2688 3662 2905 3731 placet:
2939 3662 3065 3717 aliis
3119 3677 3260 3717 cono
3310 3664 3565 3721 similem.

1996 3753 2222 3807 Multum
2260 3762 2409 3808 certe
2448 3753 2590 3808 coelo
2647 3754 2828 3806 minor
2875 3760 2981 3817 est,
3032 3753 3088 3806 in
3137 3753 3317 3823 ipsius
3377 3765 3573 3813 centro

1996 3845 2170 3900 instar
2206 3845 2396 3914 puncti
2426 3859 2684 3915 appensa.
2720 3845 2987 3899 Caeterum
3030 3843 3149 3914 ipsa
3185 3862 3402 3917 quoque
3435 3864 3570 3918 prtu-

1995 3936 2215 4000 teribit,
2246 3944 2300 3991 et
2331 3935 2736 3989 immutabitur.
2782 3934 2981 3990 Beatus
3012 3942 3194 3992 autem
3226 3938 3317 3993 ille
3343 3946 3449 4005 est,
3476 3941 3571 4007 qui

1995 4025 2302 4097 possidebit
2333 4034 2558 4092 terram,
2590 4040 2710 4097 quae
2737 4025 2967 4081 mitibus
2993 4028 3331 4097 promittitur
3349 4029 3417 4084 ³⁸.
3443 4031 3524 4096 Qu
3545 4050 3573 4084 υ

1995 4117 2143 4173 enim
2181 4126 2327 4171 terra
2378 4125 2605 4172 sanctos
2650 4127 2976 4187 susceptura
3015 4123 3123 4183 est,
3165 4133 3451 4189 nunquam
3490 4122 3574 4173 in-

1997 4208 2203 4264 teribit.
2223 4208 2360 4275 Quis
2374 4223 2506 4276 ergo
2526 4207 2791 4262 inﬁnitam
2807 4215 2862 4264 et
2876 4208 3391 4279 ineomprehensam
3408 4209 3574 4265 Crea-

1996 4298 2135 4354 toris
2151 4298 2474 4367 sapientiam
2489 4298 2647 4367 digne
2661 4296 3064 4363 miretur?Quis
3082 4298 3348 4354 bonorum
3364 4299 3575 4353 auctori

1998 4405 2160 4461 pares
2202 4378 2377 4460 ipsius
2408 4389 2689 4445 beneﬁciis
2720 4396 2903 4461 grates
2936 4391 3240 4460 rependere
3294 4397 3461 4460 queat
3492 4389 3579 4442 "1'

2072 4479 2260 4553 [Sunt
2306 4495 2475 4551 porro
2530 4495 2674 4551 quas
2732 4481 3031 4546 novimus,
3103 4491 3374 4537 terrarum
3423 4480 3576 4537 orbis

1999 4573 2319 4644 provinciae,
2368 4572 2484 4626 sive
2528 4570 2891 4642 praefecturae,
2926 4571 3160 4639 Europae
3198 4570 3423 4641 quidem
3476 4570 3574 4625 tri-

1999 4666 2152 4735 ginta
2190 4670 2245 4718 et
2286 4673 2562 4734 quatuor;
2614 4663 2757 4718 Asiae
2800 4662 3141 4719 continentis
3185 4660 3575 4732 amplissima‘,

2002 4754 2298 4826 provinciae
2323 4753 2691 4825 quadraginta
2719 4762 2867 4822 octo,
2900 4766 3163 4820 canones,
3196 4767 3337 4824 quos
3355 4764 3575 4816 vocant,

1999 4842 2336 4916 duodecim]

2643 4934 2798 4991 CAP.
2829 4935 2919 4990 ΧΙ.

2602 5023 2679 5078 De
2698 5025 2975 5091 paradiso.

2070 5117 2373 5172 Paradisus
2432 5116 2660 5170 hominis
2717 5115 2882 5185 regia.
2929 5146 3003 5157 ——
3042 5113 3313 5180 Quoniam
3392 5119 3573 5165 autem

2393 5227 2435 5259 ”
2462 5226 2625 5280 liasil.
2660 5226 2809 5280 hom.
2837 5226 2903 5281 de
2932 5226 3121 5297 parad.
3198 5225 3241 5257 ³⁸
3271 5223 3408 5280 Gen.
3435 5242 3471 5284 I.
3506 5224 3580 5279 93

1826 5434 2059 5491 ΝΟΤᾹΞ.

380 5559 492 5630 (69)
532 5557 639 5611 Καὶ
671 5559 703 5609 ό
733 5554 887 5630 ὄφις.
918 5551 1057 5617 Quin
1100 5565 1326 5630 serpens
1376 5545 1744 5630 ιιιιοιίιιεηβιςῑ
1780 5548 1887 5630 οη-

306 5619 605 5687 mascenus
642 5619 783 5681 cum'
814 5619 917 5679 b0c
952 5628 1114 5689 caput
1163 5621 1462 5679 scriberet,
1494 5619 1681 5672 Basilii
1715 5619 1889 5672 homi-

307 5708 443 5759 liain
486 5699 557 5752 De
599 5696 1019 5774 paradiso,_prz_e
1061 5692 1239 5744 oculis
1287 5689 1499 5751 habuit,
1534 5704 1657 5743 eum
1705 5700 1887 5743 tamen

303 5780 536 5832 secutus
568 5762 803 5831 nonest,
837 5762 928 5820 ubi
959 5762 1193 5830 dixerat,
1237 5768 1566 5830 serpentem,
1597 5769 1887 5829 antequam

1997 5564 2237 5628 perenni
2271 5547 2437 5628 primi
2465 5555 2724 5628 parentes
2767 5544 3179 5628 deciperentur,
3210 5558 3375 5628 supra
3412 5545 3585 5614 pedes

1997 5614 2331 5684 ambulasse,
2373 5614 2618 5687 ipsique_
2647 5623 2875 5685 pr0pter
2910 5614 3204 5687 boenel‘as
3233 5614 3459 5672 cvulsos
3490 5634 3592 5682 pc-

1996 5688 2092 5743 des
2128 5688 2321 5751 fuisse,
2357 5685 2564 5743 Basilio
2596 5685 2871 5757 Josepbus
2913 5686 3221 5757 praeiverat.

2070 5760 2181 5831 (ῖο)
2224 5758 2349 5816 Ιίτξιε
2378 5761 2532 5816 solus
2568 5755 2745 5813 habet
2774 5755 2907 5825 Reg.
2929 5756 3094 5812 5451.
