  <div class='ocr_page' id='page_1' title='image "/cluster/home/n/w/nwhite01/storage/ocr_20150623/94/hvd.32044052838174/554.png"; bbox 0 0 3962 6300; ppageno 0'>
   <div class='ocr_carea' id='block_1_1' title="bbox 279 353 389 418">
    <p class='ocr_par' dir='ltr' id='par_1_1' title="bbox 279 353 389 418">
     <span class='ocr_line' id='line_1_1' title="bbox 279 353 389 418; baseline -0.018 0"><span class='ocrx_word' id='word_1_1' title='bbox 279 353 389 418; x_wconf 78' lang='grc'><strong>913</strong></span> 
     </span>
    </p>
   </div>
   <div class='ocr_carea' id='block_1_2' title="bbox 1334 355 2465 420">
    <p class='ocr_par' dir='ltr' id='par_1_2' title="bbox 1334 355 2465 420">
     <span class='ocr_line' id='line_1_2' title="bbox 1334 355 2465 420; baseline 0.003 -5"><span class='ocrx_word' id='word_1_2' title='bbox 1334 355 1432 415; x_wconf 88' lang='lat' dir='ltr'><strong>DE</strong></span> <span class='ocrx_word' id='word_1_3' title='bbox 1472 355 1649 414; x_wconf 86' lang='lat' dir='ltr'><strong>FIDE</strong></span> <span class='ocrx_word' id='word_1_4' title='bbox 1691 356 2158 418; x_wconf 74' lang='lat' dir='ltr'><strong>ORTIIODOXA</strong></span> <span class='ocrx_word' id='word_1_5' title='bbox 2193 359 2335 420; x_wconf 78' lang='lat' dir='ltr'><strong>LIB.</strong></span> <span class='ocrx_word' id='word_1_6' title='bbox 2384 361 2465 419; x_wconf 82' lang='grc' dir='ltr'>Π.</span> 
     </span>
    </p>
   </div>
   <div class='ocr_carea' id='block_1_3' title="bbox 3427 359 3532 422">
    <p class='ocr_par' dir='ltr' id='par_1_3' title="bbox 3427 359 3532 422">
     <span class='ocr_line' id='line_1_3' title="bbox 3427 359 3532 422; baseline -0.01 0"><span class='ocrx_word' id='word_1_7' title='bbox 3427 359 3532 422; x_wconf 62' lang='lat' dir='ltr'><strong>illi</strong></span> 
     </span>
    </p>
   </div>
   <div class='ocr_carea' id='block_1_4' title="bbox 285 451 1846 548">
    <p class='ocr_par' dir='ltr' id='par_1_4' title="bbox 285 451 1846 545">
     <span class='ocr_line' id='line_1_4' title="bbox 285 451 1846 545; baseline 0.001 -20"><span class='ocrx_word' id='word_1_8' title='bbox 285 451 459 541; x_wconf 65' lang='grc' dir='ltr'>’Ἑδὲμ</span> <span class='ocrx_word' id='word_1_9' title='bbox 483 470 590 541; x_wconf 79' lang='grc' dir='ltr'>γὰρ</span> <span class='ocrx_word' id='word_1_10' title='bbox 621 470 814 539; x_wconf 62' lang='grc' dir='ltr'>τρυφὴ</span> <span class='ocrx_word' id='word_1_11' title='bbox 852 471 963 542; x_wconf 73' lang='lat'><strong>(79.)</strong></span> <span class='ocrx_word' id='word_1_12' title='bbox 996 473 1379 543; x_wconf 77' lang='grc' dir='ltr'><strong>ἑρμηνεύεται.</strong></span> <span class='ocrx_word' id='word_1_13' title='bbox 1403 472 1493 525; x_wconf 81' lang='grc' dir='ltr'>Ἐν</span> <span class='ocrx_word' id='word_1_14' title='bbox 1531 475 1596 542; x_wconf 85' lang='grc' dir='ltr'>τῇ</span> <span class='ocrx_word' id='word_1_15' title='bbox 1629 473 1846 545; x_wconf 65' lang='grc' dir='ltr'>ἀνατολῇ</span> 
     </span>
    </p>
   </div>
   <div class='ocr_carea' id='block_1_5' title="bbox 1953 451 3531 548">
    <p class='ocr_par' dir='ltr' id='par_1_5' title="bbox 1970 471 3531 548">
     <span class='ocr_line' id='line_1_5' title="bbox 1970 471 3531 548; baseline 0.001 -20"><span class='ocrx_word' id='word_1_16' title='bbox 1970 475 2060 532; x_wconf 87' lang='lat' dir='ltr'><strong>Dei</strong></span> <span class='ocrx_word' id='word_1_17' title='bbox 2091 471 2346 531; x_wconf 83' lang='lat' dir='ltr'><strong>manibus</strong></span> <span class='ocrx_word' id='word_1_18' title='bbox 2386 477 2440 530; x_wconf 91' lang='lat' dir='ltr'><strong>in</strong></span> <span class='ocrx_word' id='word_1_19' title='bbox 2478 477 2622 532; x_wconf 67' lang='lat' dir='ltr'><strong>Eilen</strong></span> <span class='ocrx_word' id='word_1_20' title='bbox 2657 480 2910 535; x_wconf 81' lang='lat' dir='ltr'><strong>consitus</strong></span> <span class='ocrx_word' id='word_1_21' title='bbox 2941 487 3049 545; x_wconf 81' lang='lat' dir='ltr'><strong>est,</strong></span> <span class='ocrx_word' id='word_1_22' title='bbox 3077 479 3372 548; x_wconf 77' lang='lat' dir='ltr'><strong>voluptatis</strong></span> <span class='ocrx_word' id='word_1_23' title='bbox 3415 494 3531 533; x_wconf 89' lang='lat' dir='ltr'><strong>om-</strong></span> 
     </span>
    </p>
   </div>
   <div class='ocr_carea' id='block_1_6' title="bbox 283 561 1858 636">
    <p class='ocr_par' dir='ltr' id='par_1_6' title="bbox 283 561 1858 636">
     <span class='ocr_line' id='line_1_6' title="bbox 283 561 1858 636; baseline 0.004 -22"><span class='ocrx_word' id='word_1_24' title='bbox 283 561 388 631; x_wconf 81' lang='grc' dir='ltr'>μὲν</span> <span class='ocrx_word' id='word_1_25' title='bbox 436 561 617 630; x_wconf 84' lang='grc' dir='ltr'><strong>πάσης</strong></span> <span class='ocrx_word' id='word_1_26' title='bbox 651 563 746 632; x_wconf 86' lang='grc' dir='ltr'>τῆς</span> <span class='ocrx_word' id='word_1_27' title='bbox 792 563 894 632; x_wconf 80' lang='grc' dir='ltr'><strong>γῆς</strong></span> <span class='ocrx_word' id='word_1_28' title='bbox 931 563 1261 635; x_wconf 70' lang='grc' dir='ltr'>ὑψηλότερος</span> <span class='ocrx_word' id='word_1_29' title='bbox 1302 565 1586 635; x_wconf 71' lang='grc' dir='ltr'>κείμενος*</span> <span class='ocrx_word' id='word_1_30' title='bbox 1617 565 1858 636; x_wconf 77' lang='grc' dir='ltr'>εὐκραὴς</span> 
     </span>
    </p>
   </div>
   <div class='ocr_carea' id='block_1_7' title="bbox 279 653 1858 728">
    <p class='ocr_par' dir='ltr' id='par_1_7' title="bbox 279 653 1858 728">
     <span class='ocr_line' id='line_1_7' title="bbox 279 653 1858 728; baseline 0.003 -24"><span class='ocrx_word' id='word_1_31' title='bbox 279 653 363 716; x_wconf 85' lang='grc' dir='ltr'><strong>δὲ,</strong></span> <span class='ocrx_word' id='word_1_32' title='bbox 391 655 484 707; x_wconf 81' lang='grc' dir='ltr'><strong>καὶ</strong></span> <span class='ocrx_word' id='word_1_33' title='bbox 523 655 646 723; x_wconf 84' lang='grc' dir='ltr'><strong>ἀέρι</strong></span> <span class='ocrx_word' id='word_1_34' title='bbox 685 653 1027 724; x_wconf 81' lang='grc' dir='ltr'>λεπτοτάτῳ,</span> <span class='ocrx_word' id='word_1_35' title='bbox 1068 656 1161 708; x_wconf 71' lang='grc' dir='ltr'><strong>καὶ</strong></span> <span class='ocrx_word' id='word_1_36' title='bbox 1194 656 1565 728; x_wconf 73' lang='grc' dir='ltr'><strong>καθαρωτάτῳ</strong></span> <span class='ocrx_word' id='word_1_37' title='bbox 1588 657 1858 727; x_wconf 75' lang='grc' dir='ltr'>περιλαμ-</span> 
     </span>
    </p>
   </div>
   <div class='ocr_carea' id='block_1_8' title="bbox 280 745 1856 818">
    <p class='ocr_par' dir='ltr' id='par_1_8' title="bbox 280 745 1856 818">
     <span class='ocr_line' id='line_1_8' title="bbox 280 745 1856 818; baseline 0.011 -25"><span class='ocrx_word' id='word_1_38' title='bbox 280 745 518 816; x_wconf 82' lang='grc' dir='ltr'>πόμενος</span> <span class='ocrx_word' id='word_1_39' title='bbox 543 761 556 774; x_wconf 82' lang='lat'><strong><em>°</em></strong></span> <span class='ocrx_word' id='word_1_40' title='bbox 589 748 775 814; x_wconf 72' lang='grc' dir='ltr'>φυτοῖς</span> <span class='ocrx_word' id='word_1_41' title='bbox 818 746 1094 800; x_wconf 85' lang='grc' dir='ltr'>ἀειθαλέσι</span> <span class='ocrx_word' id='word_1_42' title='bbox 1129 748 1332 818; x_wconf 83' lang='grc' dir='ltr'>κομῶν,</span> <span class='ocrx_word' id='word_1_43' title='bbox 1371 748 1595 811; x_wconf 76' lang='grc' dir='ltr'>εὐωδίας</span> <span class='ocrx_word' id='word_1_44' title='bbox 1621 749 1856 818; x_wconf 76' lang='grc' dir='ltr'>πλήρης,</span> 
     </span>
    </p>
   </div>
   <div class='ocr_carea' id='block_1_9' title="bbox 278 836 1857 911">
    <p class='ocr_par' dir='ltr' id='par_1_9' title="bbox 278 836 1857 911">
     <span class='ocr_line' id='line_1_9' title="bbox 278 836 1857 911; baseline 0.003 -22"><span class='ocrx_word' id='word_1_45' title='bbox 278 836 461 904; x_wconf 79' lang='grc' dir='ltr'>φωτὸς</span> <span class='ocrx_word' id='word_1_46' title='bbox 508 837 782 908; x_wconf 79' lang='grc' dir='ltr'>ἔμπλεως,</span> <span class='ocrx_word' id='word_1_47' title='bbox 817 837 967 908; x_wconf 82' lang='grc' dir='ltr'>ὥρας</span> <span class='ocrx_word' id='word_1_48' title='bbox 1012 839 1229 910; x_wconf 82' lang='grc' dir='ltr'>ἀπάσης</span> <span class='ocrx_word' id='word_1_49' title='bbox 1284 840 1550 911; x_wconf 74' lang='grc' dir='ltr'><strong>αἰσθητῆς</strong></span> <span class='ocrx_word' id='word_1_50' title='bbox 1601 841 1693 893; x_wconf 74' lang='grc' dir='ltr'>καὶ</span> <span class='ocrx_word' id='word_1_51' title='bbox 1728 840 1857 893; x_wconf 83' lang='grc' dir='ltr'>κάλ-</span> 
     </span>
    </p>
   </div>
   <div class='ocr_carea' id='block_1_10' title="bbox 276 927 1850 1002">
    <p class='ocr_par' dir='ltr' id='par_1_10' title="bbox 276 927 1850 1002">
     <span class='ocr_line' id='line_1_10' title="bbox 276 927 1850 1002; baseline 0.003 -23"><span class='ocrx_word' id='word_1_52' title='bbox 276 927 407 991; x_wconf 88' lang='grc' dir='ltr'>λους</span> <span class='ocrx_word' id='word_1_53' title='bbox 462 927 810 1000; x_wconf 77' lang='grc' dir='ltr'>ὑπερϐαίνων</span> <span class='ocrx_word' id='word_1_54' title='bbox 873 929 1157 982; x_wconf 82' lang='grc' dir='ltr'>ἐπίνοιαν·</span> <span class='ocrx_word' id='word_1_55' title='bbox 1207 929 1352 983; x_wconf 89' lang='grc' dir='ltr'>θεῖον</span> <span class='ocrx_word' id='word_1_56' title='bbox 1400 931 1566 995; x_wconf 78' lang='grc' dir='ltr'>ὅντως</span> <span class='ocrx_word' id='word_1_57' title='bbox 1621 931 1850 1002; x_wconf 79' lang='grc' dir='ltr'><strong>χωρίον,</strong></span> 
     </span>
    </p>
   </div>
   <div class='ocr_carea' id='block_1_11' title="bbox 277 1015 1850 1092">
    <p class='ocr_par' dir='ltr' id='par_1_11' title="bbox 277 1015 1850 1092">
     <span class='ocr_line' id='line_1_11' title="bbox 277 1015 1850 1092; baseline 0.003 -21"><span class='ocrx_word' id='word_1_58' title='bbox 277 1018 374 1072; x_wconf 71' lang='grc' dir='ltr'>καὶ</span> <span class='ocrx_word' id='word_1_59' title='bbox 398 1018 546 1083; x_wconf 78' lang='grc' dir='ltr'>ἄξιον</span> <span class='ocrx_word' id='word_1_60' title='bbox 564 1019 658 1073; x_wconf 82' lang='grc' dir='ltr'>τοῦ</span> <span class='ocrx_word' id='word_1_61' title='bbox 685 1021 809 1073; x_wconf 79' lang='grc' dir='ltr'>κατ’</span> <span class='ocrx_word' id='word_1_62' title='bbox 833 1020 1014 1074; x_wconf 73' lang='grc' dir='ltr'>εἰκόνα</span> <span class='ocrx_word' id='word_1_63' title='bbox 1051 1021 1186 1074; x_wconf 85' lang='grc' dir='ltr'><strong>Θεοῦ</strong></span> <span class='ocrx_word' id='word_1_64' title='bbox 1213 1022 1537 1092; x_wconf 78' lang='grc' dir='ltr'><strong>ἐνδιαίτημα</strong></span> <span class='ocrx_word' id='word_1_65' title='bbox 1556 1039 1570 1052; x_wconf 87' lang='grc'><strong>·</strong></span> <span class='ocrx_word' id='word_1_66' title='bbox 1608 1025 1665 1076; x_wconf 91' lang='grc' dir='ltr'><strong>ἐν</strong></span> <span class='ocrx_word' id='word_1_67' title='bbox 1702 1015 1746 1090; x_wconf 81' lang='grc' dir='ltr'><strong>ᾧ</strong></span> <span class='ocrx_word' id='word_1_68' title='bbox 1769 1022 1850 1075; x_wconf 83' lang='grc' dir='ltr'>ού-</span> 
     </span>
    </p>
   </div>
   <div class='ocr_carea' id='block_1_12' title="bbox 183 1109 1852 1184">
    <p class='ocr_par' dir='ltr' id='par_1_12' title="bbox 183 1109 1852 1184">
     <span class='ocr_line' id='line_1_12' title="bbox 183 1109 1852 1184; baseline 0.001 -22"><span class='ocrx_word' id='word_1_69' title='bbox 183 1173 188 1176; x_wconf 96' lang='lat'><em>_</em></span> <span class='ocrx_word' id='word_1_70' title='bbox 272 1109 366 1163; x_wconf 85' lang='grc' dir='ltr'>δὲν</span> <span class='ocrx_word' id='word_1_71' title='bbox 390 1109 501 1164; x_wconf 86' lang='grc' dir='ltr'><strong>τῶν</strong></span> <span class='ocrx_word' id='word_1_72' title='bbox 527 1111 738 1180; x_wconf 81' lang='grc' dir='ltr'>ἀλόγων</span> <span class='ocrx_word' id='word_1_73' title='bbox 758 1111 1034 1181; x_wconf 76' lang='grc' dir='ltr'>ηὐλίζετο,</span> <span class='ocrx_word' id='word_1_74' title='bbox 1065 1113 1227 1182; x_wconf 83' lang='grc' dir='ltr'>μόνος</span> <span class='ocrx_word' id='word_1_75' title='bbox 1250 1114 1306 1167; x_wconf 84' lang='grc' dir='ltr'>δὲ</span> <span class='ocrx_word' id='word_1_76' title='bbox 1341 1117 1366 1167; x_wconf 98' lang='lat'><strong>6</strong></span> <span class='ocrx_word' id='word_1_77' title='bbox 1393 1114 1702 1184; x_wconf 81' lang='grc' dir='ltr'>ἄνθρωπος,</span> <span class='ocrx_word' id='word_1_78' title='bbox 1741 1113 1852 1168; x_wconf 84' lang='grc' dir='ltr'><strong>τῶν</strong></span> 
     </span>
    </p>
   </div>
   <div class='ocr_carea' id='block_1_13' title="bbox 272 1201 1252 1276">
    <p class='ocr_par' dir='ltr' id='par_1_13' title="bbox 272 1201 1252 1276">
     <span class='ocr_line' id='line_1_13' title="bbox 272 1201 1252 1276; baseline 0.005 -21"><span class='ocrx_word' id='word_1_79' title='bbox 272 1201 433 1255; x_wconf 88' lang='grc' dir='ltr'>θείων</span> <span class='ocrx_word' id='word_1_80' title='bbox 454 1203 652 1273; x_wconf 87' lang='grc' dir='ltr'>χειρῶν</span> <span class='ocrx_word' id='word_1_81' title='bbox 680 1204 740 1256; x_wconf 81' lang='grc' dir='ltr'><strong>τὸ</strong></span> <span class='ocrx_word' id='word_1_82' title='bbox 767 1204 1222 1276; x_wconf 80' lang='grc' dir='ltr'>πλαστούργημα.</span> <span class='ocrx_word' id='word_1_83' title='bbox 1249 1263 1252 1266; x_wconf 67' lang='grc'><strong><em>,</em></strong></span> 
     </span>
    </p>
   </div>
   <div class='ocr_carea' id='block_1_14' title="bbox 1961 569 3524 641">
    <p class='ocr_par' dir='ltr' id='par_1_14' title="bbox 1961 569 3524 641">
     <span class='ocr_line' id='line_1_14' title="bbox 1961 569 3524 641; baseline 0 -19"><span class='ocrx_word' id='word_1_84' title='bbox 1961 569 2049 623; x_wconf 92' lang='lat' dir='ltr'><strong>nis</strong></span> <span class='ocrx_word' id='word_1_85' title='bbox 2082 583 2144 622; x_wconf 88' lang='lat' dir='ltr'><strong>ac</strong></span> <span class='ocrx_word' id='word_1_86' title='bbox 2185 569 2550 637; x_wconf 84' lang='lat' dir='ltr'><strong>jucunditatis</strong></span> <span class='ocrx_word' id='word_1_87' title='bbox 2582 574 3022 641; x_wconf 86' lang='lat' dir='ltr'><strong>promptuarium</strong></span> <span class='ocrx_word' id='word_1_88' title='bbox 3055 570 3228 639; x_wconf 76' lang='lat' dir='ltr'><strong>(Ech</strong></span> <span class='ocrx_word' id='word_1_89' title='bbox 3269 571 3438 636; x_wconf 81' lang='lat' dir='ltr'><strong>enim,</strong></span> <span class='ocrx_word' id='word_1_90' title='bbox 3482 571 3524 623; x_wconf 78' lang='lat' dir='ltr'><strong>si</strong></span> 
     </span>
    </p>
   </div>
   <div class='ocr_carea' id='block_1_15' title="bbox 1961 646 3526 733">
    <p class='ocr_par' dir='ltr' id='par_1_15' title="bbox 1961 646 3526 733">
     <span class='ocr_line' id='line_1_15' title="bbox 1961 646 3526 733; baseline 0.001 -21"><span class='ocrx_word' id='word_1_91' title='bbox 1961 659 2364 730; x_wconf 83' lang='lat' dir='ltr'><strong>interpreteris,</strong></span> <span class='ocrx_word' id='word_1_92' title='bbox 2407 661 2628 715; x_wconf 77' lang='lat' dir='ltr'><strong>delicias</strong></span> <span class='ocrx_word' id='word_1_93' title='bbox 2678 646 2836 716; x_wconf 78' lang='lat' dir='ltr'><strong>sanat</strong></span> <span class='ocrx_word' id='word_1_94' title='bbox 2869 665 2960 733; x_wconf 77' lang='grc'>³⁸).</span> <span class='ocrx_word' id='word_1_95' title='bbox 3008 663 3064 716; x_wconf 86' lang='grc' dir='ltr'><strong>1η</strong></span> <span class='ocrx_word' id='word_1_96' title='bbox 3124 661 3346 716; x_wconf 89' lang='lat' dir='ltr'><strong>Oriente</strong></span> <span class='ocrx_word' id='word_1_97' title='bbox 3378 663 3526 715; x_wconf 81' lang='lat' dir='ltr'><strong>omni</strong></span> 
     </span>
    </p>
   </div>
   <div class='ocr_carea' id='block_1_16' title="bbox 1960 749 3525 822">
    <p class='ocr_par' dir='ltr' id='par_1_16' title="bbox 1960 749 3525 822">
     <span class='ocr_line' id='line_1_16' title="bbox 1960 749 3525 822; baseline 0.005 -20"><span class='ocrx_word' id='word_1_98' title='bbox 1960 757 2107 803; x_wconf 89' lang='lat' dir='ltr'><strong>terra</strong></span> <span class='ocrx_word' id='word_1_99' title='bbox 2139 749 2427 803; x_wconf 81' lang='lat' dir='ltr'><strong>sublimior</strong></span> <span class='ocrx_word' id='word_1_100' title='bbox 2466 751 2678 820; x_wconf 89' lang='lat' dir='ltr'><strong>positus</strong></span> <span class='ocrx_word' id='word_1_101' title='bbox 2709 753 2828 815; x_wconf 91' lang='lat' dir='ltr'><strong>fuit,</strong></span> <span class='ocrx_word' id='word_1_102' title='bbox 2865 755 3140 822; x_wconf 87' lang='lat' dir='ltr'><strong>probeque</strong></span> <span class='ocrx_word' id='word_1_103' title='bbox 3171 761 3525 822; x_wconf 88' lang='lat' dir='ltr'><strong>temperatus.</strong></span> 
     </span>
    </p>
   </div>
   <div class='ocr_carea' id='block_1_17' title="bbox 1960 840 3528 912">
    <p class='ocr_par' dir='ltr' id='par_1_17' title="bbox 1960 840 3528 912">
     <span class='ocr_line' id='line_1_17' title="bbox 1960 840 3528 912; baseline 0.001 -18"><span class='ocrx_word' id='word_1_104' title='bbox 1960 855 2024 894; x_wconf 90' lang='lat' dir='ltr'><strong>ac</strong></span> <span class='ocrx_word' id='word_1_105' title='bbox 2064 840 2432 896; x_wconf 80' lang='lat' dir='ltr'><strong>subtilissima</strong></span> <span class='ocrx_word' id='word_1_106' title='bbox 2465 842 2870 912; x_wconf 82' lang='lat' dir='ltr'><strong>purissimaque</strong></span> <span class='ocrx_word' id='word_1_107' title='bbox 2913 859 3036 895; x_wconf 88' lang='lat' dir='ltr'><strong>aere</strong></span> <span class='ocrx_word' id='word_1_108' title='bbox 3066 845 3308 912; x_wconf 89' lang='lat' dir='ltr'><strong>undique</strong></span> <span class='ocrx_word' id='word_1_109' title='bbox 3351 844 3528 896; x_wconf 89' lang='lat' dir='ltr'><strong>collu-</strong></span> 
     </span>
    </p>
   </div>
   <div class='ocr_carea' id='block_1_18' title="bbox 1961 931 3524 1000">
    <p class='ocr_par' dir='ltr' id='par_1_18' title="bbox 1961 931 3524 1000">
     <span class='ocr_line' id='line_1_18' title="bbox 1961 931 3524 1000; baseline 0.001 -16"><span class='ocrx_word' id='word_1_110' title='bbox 1961 939 2192 995; x_wconf 88' lang='lat' dir='ltr'><strong>stratus,</strong></span> <span class='ocrx_word' id='word_1_111' title='bbox 2260 931 2463 1000; x_wconf 87' lang='lat' dir='ltr'><strong>plantis</strong></span> <span class='ocrx_word' id='word_1_112' title='bbox 2521 946 2802 1000; x_wconf 85' lang='lat' dir='ltr'><strong>nunquam</strong></span> <span class='ocrx_word' id='word_1_113' title='bbox 2855 946 2962 984; x_wconf 90' lang='lat' dir='ltr'><strong>non</strong></span> <span class='ocrx_word' id='word_1_114' title='bbox 3003 931 3213 985; x_wconf 78' lang='lat' dir='ltr'><strong>floridis</strong></span> <span class='ocrx_word' id='word_1_115' title='bbox 3268 947 3524 990; x_wconf 88' lang='lat' dir='ltr'><strong>vernans.</strong></span> 
     </span>
    </p>
   </div>
   <div class='ocr_carea' id='block_1_19' title="bbox 1959 1021 3528 1090">
    <p class='ocr_par' dir='ltr' id='par_1_19' title="bbox 1959 1021 3528 1090">
     <span class='ocr_line' id='line_1_19' title="bbox 1959 1021 3528 1090; baseline -0.001 -14"><span class='ocrx_word' id='word_1_116' title='bbox 1959 1022 2292 1076; x_wconf 89' lang='lat' dir='ltr'><strong>suavissimo</strong></span> <span class='ocrx_word' id='word_1_117' title='bbox 2324 1021 2495 1076; x_wconf 91' lang='lat' dir='ltr'><strong>odore</strong></span> <span class='ocrx_word' id='word_1_118' title='bbox 2525 1030 2578 1075; x_wconf 90' lang='lat' dir='ltr'><strong>ct</strong></span> <span class='ocrx_word' id='word_1_119' title='bbox 2618 1023 2822 1075; x_wconf 91' lang='lat' dir='ltr'><strong>lumine</strong></span> <span class='ocrx_word' id='word_1_120' title='bbox 2857 1024 3069 1090; x_wconf 83' lang='lat' dir='ltr'><strong>plenus,</strong></span> <span class='ocrx_word' id='word_1_121' title='bbox 3105 1023 3386 1090; x_wconf 76' lang='lat' dir='ltr'><strong>elegantia:</strong></span> <span class='ocrx_word' id='word_1_122' title='bbox 3412 1036 3528 1075; x_wconf 87' lang='lat' dir='ltr'><strong>om-</strong></span> 
     </span>
    </p>
   </div>
   <div class='ocr_carea' id='block_1_20' title="bbox 1959 1111 3529 1182">
    <p class='ocr_par' dir='ltr' id='par_1_20' title="bbox 1959 1111 3529 1182">
     <span class='ocr_line' id='line_1_20' title="bbox 1959 1111 3529 1182; baseline 0 -16"><span class='ocrx_word' id='word_1_123' title='bbox 1959 1113 2068 1175; x_wconf 90' lang='lat' dir='ltr'><strong>nis,</strong></span> <span class='ocrx_word' id='word_1_124' title='bbox 2097 1127 2218 1182; x_wconf 65' lang='lat' dir='ltr'><strong>qure</strong></span> <span class='ocrx_word' id='word_1_125' title='bbox 2244 1112 2462 1181; x_wconf 87' lang='lat' dir='ltr'><strong>quidem</strong></span> <span class='ocrx_word' id='word_1_126' title='bbox 2491 1113 2544 1166; x_wconf 92' lang='lat' dir='ltr'><strong>in</strong></span> <span class='ocrx_word' id='word_1_127' title='bbox 2575 1128 2798 1167; x_wconf 89' lang='lat' dir='ltr'><strong>sensum</strong></span> <span class='ocrx_word' id='word_1_128' title='bbox 2827 1113 3005 1175; x_wconf 91' lang='lat' dir='ltr'><strong>cadat,</strong></span> <span class='ocrx_word' id='word_1_129' title='bbox 3027 1124 3079 1166; x_wconf 88' lang='lat' dir='ltr'><strong>et</strong></span> <span class='ocrx_word' id='word_1_130' title='bbox 3106 1111 3529 1181; x_wconf 88' lang='lat' dir='ltr'><strong>pulchritudinis</strong></span> 
     </span>
    </p>
   </div>
   <div class='ocr_carea' id='block_1_21' title="bbox 1957 1205 3531 1277">
    <p class='ocr_par' dir='ltr' id='par_1_21' title="bbox 1957 1205 3531 1277">
     <span class='ocr_line' id='line_1_21' title="bbox 1957 1205 3531 1277; baseline -0.002 -16"><span class='ocrx_word' id='word_1_131' title='bbox 1957 1207 2258 1277; x_wconf 83' lang='lat' dir='ltr'><strong>cogitatum</strong></span> <span class='ocrx_word' id='word_1_132' title='bbox 2307 1221 2597 1275; x_wconf 89' lang='lat' dir='ltr'><strong>superans,</strong></span> <span class='ocrx_word' id='word_1_133' title='bbox 2642 1206 2826 1260; x_wconf 82' lang='lat' dir='ltr'><strong>divina</strong></span> <span class='ocrx_word' id='word_1_134' title='bbox 2878 1207 3034 1274; x_wconf 88' lang='lat' dir='ltr'><strong>plane</strong></span> <span class='ocrx_word' id='word_1_135' title='bbox 3067 1206 3239 1273; x_wconf 70' lang='lat' dir='ltr'><strong>regio,</strong></span> <span class='ocrx_word' id='word_1_136' title='bbox 3277 1205 3531 1274; x_wconf 85' lang='lat' dir='ltr'><strong>dignum-</strong></span> 
     </span>
    </p>
   </div>
   <div class='ocr_carea' id='block_1_22' title="bbox 270 1297 3542 1371">
    <p class='ocr_par' dir='ltr' id='par_1_22' title="bbox 270 1297 3542 1371">
     <span class='ocr_line' id='line_1_22' title="bbox 270 1297 3542 1371; baseline 0 -22"><span class='ocrx_word' id='word_1_137' title='bbox 270 1310 380 1364; x_wconf 87' lang='lat' dir='ltr'><strong>que</strong></span> <span class='ocrx_word' id='word_1_138' title='bbox 434 1311 545 1359; x_wconf 89' lang='lat' dir='ltr'><strong>eo,</strong></span> <span class='ocrx_word' id='word_1_139' title='bbox 599 1299 693 1366; x_wconf 90' lang='lat' dir='ltr'><strong>qui</strong></span> <span class='ocrx_word' id='word_1_140' title='bbox 753 1300 818 1352; x_wconf 89' lang='lat' dir='ltr'><strong>ad</strong></span> <span class='ocrx_word' id='word_1_141' title='bbox 881 1297 972 1352; x_wconf 88' lang='lat' dir='ltr'><strong>Dei</strong></span> <span class='ocrx_word' id='word_1_142' title='bbox 1031 1299 1326 1371; x_wconf 84' lang='lat' dir='ltr'><strong>imaginem</strong></span> <span class='ocrx_word' id='word_1_143' title='bbox 1381 1301 1640 1357; x_wconf 89' lang='lat' dir='ltr'><strong>conditus</strong></span> <span class='ocrx_word' id='word_1_144' title='bbox 1699 1309 1852 1366; x_wconf 86' lang='lat' dir='ltr'><strong>erat,</strong></span> <span class='ocrx_word' id='word_1_145' title='bbox 1885 1300 2274 1357; x_wconf 77' lang='lat' dir='ltr'><strong>domicilium:</strong></span> <span class='ocrx_word' id='word_1_146' title='bbox 2317 1301 2373 1356; x_wconf 91' lang='lat' dir='ltr'><strong>in</strong></span> <span class='ocrx_word' id='word_1_147' title='bbox 2443 1317 2556 1370; x_wconf 85' lang='lat' dir='ltr'><strong>quo</strong></span> <span class='ocrx_word' id='word_1_148' title='bbox 2605 1302 2814 1355; x_wconf 79' lang='lat' dir='ltr'><strong>nullout</strong></span> <span class='ocrx_word' id='word_1_149' title='bbox 2867 1303 3096 1355; x_wconf 80' lang='lat' dir='ltr'><strong>rationis</strong></span> <span class='ocrx_word' id='word_1_150' title='bbox 3163 1317 3362 1371; x_wconf 77' lang='lat' dir='ltr'><strong>expers</strong></span> <span class='ocrx_word' id='word_1_151' title='bbox 3413 1304 3542 1356; x_wconf 46' lang='lat' dir='ltr'><strong>auia</strong></span> 
     </span>
    </p>
   </div>
   <div class='ocr_carea' id='block_1_23' title="bbox 270 1389 2007 1468">
    <p class='ocr_par' dir='ltr' id='par_1_23' title="bbox 270 1389 2007 1468">
     <span class='ocr_line' id='line_1_23' title="bbox 270 1389 2007 1468; baseline 0.006 -27"><span class='ocrx_word' id='word_1_152' title='bbox 270 1389 384 1443; x_wconf 86' lang='lat' dir='ltr'><strong>mal</strong></span> <span class='ocrx_word' id='word_1_153' title='bbox 420 1391 783 1459; x_wconf 87' lang='lat' dir='ltr'><strong>versabatur;</strong></span> <span class='ocrx_word' id='word_1_154' title='bbox 831 1394 935 1448; x_wconf 86' lang='lat' dir='ltr'><strong>sed</strong></span> <span class='ocrx_word' id='word_1_155' title='bbox 970 1395 1122 1451; x_wconf 88' lang='lat' dir='ltr'><strong>solus</strong></span> <span class='ocrx_word' id='word_1_156' title='bbox 1154 1398 1342 1461; x_wconf 83' lang='lat' dir='ltr'><strong>homo,</strong></span> <span class='ocrx_word' id='word_1_157' title='bbox 1395 1412 1534 1468; x_wconf 83' lang='lat' dir='ltr'><strong>Opus</strong></span> <span class='ocrx_word' id='word_1_158' title='bbox 1581 1413 1844 1453; x_wconf 89' lang='lat' dir='ltr'><strong>manuum</strong></span> <span class='ocrx_word' id='word_1_159' title='bbox 1892 1396 2007 1452; x_wconf 86' lang='lat' dir='ltr'><strong>Dei.</strong></span> 
     </span>
    </p>
   </div>
   <div class='ocr_carea' id='block_1_24' title="bbox 355 1484 1846 1561">
    <p class='ocr_par' dir='ltr' id='par_1_24' title="bbox 355 1484 1846 1561">
     <span class='ocr_line' id='line_1_24' title="bbox 355 1484 1846 1561; baseline 0.006 -26"><span class='ocrx_word' id='word_1_160' title='bbox 355 1484 443 1535; x_wconf 87' lang='grc' dir='ltr'>Ἐν</span> <span class='ocrx_word' id='word_1_161' title='bbox 471 1486 619 1555; x_wconf 77' lang='grc' dir='ltr'>μέσῳ</span> <span class='ocrx_word' id='word_1_162' title='bbox 647 1486 701 1538; x_wconf 81' lang='grc' dir='ltr'>δὲ</span> <span class='ocrx_word' id='word_1_163' title='bbox 735 1487 846 1556; x_wconf 77' lang='lat'>(&#39;75)</span> <span class='ocrx_word' id='word_1_164' title='bbox 883 1487 1073 1542; x_wconf 87' lang='grc' dir='ltr'>τούτου</span> <span class='ocrx_word' id='word_1_165' title='bbox 1109 1487 1266 1553; x_wconf 91' lang='grc' dir='ltr'>ξύλον</span> <span class='ocrx_word' id='word_1_166' title='bbox 1292 1491 1440 1561; x_wconf 74' lang='grc' dir='ltr'><strong>ζωῆς</strong></span> <span class='ocrx_word' id='word_1_167' title='bbox 1477 1493 1505 1544; x_wconf 90' lang='lat'><strong>6</strong></span> <span class='ocrx_word' id='word_1_168' title='bbox 1540 1491 1671 1555; x_wconf 77' lang='grc' dir='ltr'>Θεὸς</span> <span class='ocrx_word' id='word_1_169' title='bbox 1717 1490 1846 1560; x_wconf 76' lang='grc' dir='ltr'>ἐφύ-</span> 
     </span>
    </p>
   </div>
   <div class='ocr_carea' id='block_1_25' title="bbox 270 1575 1848 1653">
    <p class='ocr_par' dir='ltr' id='par_1_25' title="bbox 270 1575 1848 1653">
     <span class='ocr_line' id='line_1_25' title="bbox 270 1575 1848 1653; baseline 0.008 -29"><span class='ocrx_word' id='word_1_170' title='bbox 270 1589 464 1627; x_wconf 83' lang='grc' dir='ltr'>τευσεν</span> <span class='ocrx_word' id='word_1_171' title='bbox 488 1614 502 1640; x_wconf 90' lang='grc'>,</span> <span class='ocrx_word' id='word_1_172' title='bbox 532 1575 625 1628; x_wconf 73' lang='grc' dir='ltr'>καὶ</span> <span class='ocrx_word' id='word_1_173' title='bbox 681 1576 837 1640; x_wconf 87' lang='grc' dir='ltr'>ξύλον</span> <span class='ocrx_word' id='word_1_174' title='bbox 885 1579 984 1648; x_wconf 79' lang='grc' dir='ltr'>τῆς</span> <span class='ocrx_word' id='word_1_175' title='bbox 1021 1580 1296 1647; x_wconf 86' lang='grc' dir='ltr'>γνώσεως.</span> <span class='ocrx_word' id='word_1_176' title='bbox 1319 1581 1393 1635; x_wconf 81' lang='grc' dir='ltr'><strong>Τὸ</strong></span> <span class='ocrx_word' id='word_1_177' title='bbox 1437 1581 1534 1653; x_wconf 83' lang='grc' dir='ltr'>μὲν</span> <span class='ocrx_word' id='word_1_178' title='bbox 1566 1581 1722 1647; x_wconf 88' lang='grc' dir='ltr'>ξύλον</span> <span class='ocrx_word' id='word_1_179' title='bbox 1749 1582 1848 1652; x_wconf 78' lang='grc' dir='ltr'>τῆς</span> 
     </span>
    </p>
   </div>
   <div class='ocr_carea' id='block_1_26' title="bbox 269 1661 1848 1741">
    <p class='ocr_par' dir='ltr' id='par_1_26' title="bbox 269 1661 1848 1741">
     <span class='ocr_line' id='line_1_26' title="bbox 269 1661 1848 1741; baseline 0.007 -28"><span class='ocrx_word' id='word_1_180' title='bbox 269 1661 548 1729; x_wconf 87' lang='grc' dir='ltr'>γνώσεως,</span> <span class='ocrx_word' id='word_1_181' title='bbox 581 1665 890 1737; x_wconf 52' lang='grc' dir='ltr'>ἀποπειρῶ</span> <span class='ocrx_word' id='word_1_182' title='bbox 926 1685 1068 1733; x_wconf 85' lang='grc' dir='ltr'>τινα,</span> <span class='ocrx_word' id='word_1_183' title='bbox 1105 1671 1200 1722; x_wconf 79' lang='grc' dir='ltr'><strong>καὶ</strong></span> <span class='ocrx_word' id='word_1_184' title='bbox 1237 1670 1488 1741; x_wconf 78' lang='grc' dir='ltr'>δοκιμὴν,</span> <span class='ocrx_word' id='word_1_185' title='bbox 1525 1672 1617 1724; x_wconf 71' lang='grc' dir='ltr'><strong>καὶ</strong></span> <span class='ocrx_word' id='word_1_186' title='bbox 1641 1671 1848 1741; x_wconf 84' lang='grc' dir='ltr'>γυμνὰ-</span> 
     </span>
    </p>
   </div>
   <div class='ocr_carea' id='block_1_27' title="bbox 268 1751 1848 1832">
    <p class='ocr_par' dir='ltr' id='par_1_27' title="bbox 268 1751 1848 1832">
     <span class='ocr_line' id='line_1_27' title="bbox 268 1751 1848 1832; baseline 0.008 -30"><span class='ocrx_word' id='word_1_187' title='bbox 268 1766 391 1802; x_wconf 72' lang='grc' dir='ltr'>σιου</span> <span class='ocrx_word' id='word_1_188' title='bbox 407 1751 507 1820; x_wconf 80' lang='grc' dir='ltr'>τῆς</span> <span class='ocrx_word' id='word_1_189' title='bbox 542 1752 638 1806; x_wconf 74' lang='grc' dir='ltr'>τοῦ</span> <span class='ocrx_word' id='word_1_190' title='bbox 668 1753 956 1826; x_wconf 81' lang='grc' dir='ltr'>ἀνθρώπου</span> <span class='ocrx_word' id='word_1_191' title='bbox 989 1757 1236 1829; x_wconf 75' lang='grc' dir='ltr'>ὑπακοῆς</span> <span class='ocrx_word' id='word_1_192' title='bbox 1280 1761 1374 1814; x_wconf 81' lang='grc' dir='ltr'>καὶ</span> <span class='ocrx_word' id='word_1_193' title='bbox 1410 1762 1717 1832; x_wconf 79' lang='grc' dir='ltr'>παρακοῆς.</span> <span class='ocrx_word' id='word_1_194' title='bbox 1760 1762 1848 1814; x_wconf 77' lang='grc' dir='ltr'>Διὸ</span> 
     </span>
    </p>
   </div>
   <div class='ocr_carea' id='block_1_28' title="bbox 2018 1487 3550 1557">
    <p class='ocr_par' dir='ltr' id='par_1_28' title="bbox 2018 1487 3550 1557">
     <span class='ocr_line' id='line_1_28' title="bbox 2018 1487 3550 1557; baseline -0.003 -12"><span class='ocrx_word' id='word_1_195' title='bbox 2018 1489 2128 1546; x_wconf 86' lang='lat' dir='ltr'><strong>Cur</strong></span> <span class='ocrx_word' id='word_1_196' title='bbox 2151 1492 2391 1548; x_wconf 77' lang='lat' dir='ltr'><strong>,scientire</strong></span> <span class='ocrx_word' id='word_1_197' title='bbox 2419 1491 2576 1545; x_wconf 85' lang='lat' dir='ltr'><strong>arbor</strong></span> <span class='ocrx_word' id='word_1_198' title='bbox 2625 1491 2888 1557; x_wconf 74' lang='lat' dir='ltr'><strong>plumata.</strong></span> <span class='ocrx_word' id='word_1_199' title='bbox 2917 1517 2985 1530; x_wconf 83' lang='lat'><strong>—-</strong></span> <span class='ocrx_word' id='word_1_200' title='bbox 3022 1488 3078 1541; x_wconf 93' lang='lat' dir='ltr'><strong>ln</strong></span> <span class='ocrx_word' id='word_1_201' title='bbox 3134 1487 3314 1540; x_wconf 86' lang='lat' dir='ltr'><strong>medio</strong></span> <span class='ocrx_word' id='word_1_202' title='bbox 3362 1500 3550 1556; x_wconf 90' lang='lat' dir='ltr'><strong>porro-</strong></span> 
     </span>
    </p>
   </div>
   <div class='ocr_carea' id='block_1_29' title="bbox 1948 1579 3526 1650">
    <p class='ocr_par' dir='ltr' id='par_1_29' title="bbox 1948 1579 3526 1650">
     <span class='ocr_line' id='line_1_29' title="bbox 1948 1579 3526 1650; baseline -0.001 -16"><span class='ocrx_word' id='word_1_203' title='bbox 1948 1580 2135 1650; x_wconf 85' lang='lat' dir='ltr'><strong>hnjus,</strong></span> <span class='ocrx_word' id='word_1_204' title='bbox 2170 1590 2283 1636; x_wconf 91' lang='lat' dir='ltr'><strong>tum</strong></span> <span class='ocrx_word' id='word_1_205' title='bbox 2329 1583 2472 1645; x_wconf 61' lang='lat' dir='ltr'><strong>vitae,</strong></span> <span class='ocrx_word' id='word_1_206' title='bbox 2508 1589 2622 1634; x_wconf 91' lang='lat' dir='ltr'><strong>tum</strong></span> <span class='ocrx_word' id='word_1_207' title='bbox 2653 1581 2899 1635; x_wconf 75' lang='lat' dir='ltr'><strong>scientia:</strong></span> <span class='ocrx_word' id='word_1_208' title='bbox 2936 1581 3165 1634; x_wconf 84' lang='lat' dir='ltr'><strong>arbores</strong></span> <span class='ocrx_word' id='word_1_209' title='bbox 3202 1579 3345 1633; x_wconf 87' lang='lat' dir='ltr'><strong>Deus</strong></span> <span class='ocrx_word' id='word_1_210' title='bbox 3371 1580 3526 1648; x_wconf 84' lang='lat' dir='ltr'><strong>plan-</strong></span> 
     </span>
    </p>
   </div>
   <div class='ocr_carea' id='block_1_30' title="bbox 1949 1670 3528 1742">
    <p class='ocr_par' dir='ltr' id='par_1_30' title="bbox 1949 1670 3528 1742">
     <span class='ocr_line' id='line_1_30' title="bbox 1949 1670 3528 1742; baseline -0.003 -15"><span class='ocrx_word' id='word_1_211' title='bbox 1949 1683 2158 1727; x_wconf 79' lang='lat' dir='ltr'><strong>laverat</strong></span> <span class='ocrx_word' id='word_1_212' title='bbox 2189 1673 2232 1705; x_wconf 65' lang='lat'><strong>’9</strong></span> <span class='ocrx_word' id='word_1_213' title='bbox 2254 1692 2267 1727; x_wconf 90' lang='lat'><strong>:</strong></span> <span class='ocrx_word' id='word_1_214' title='bbox 2292 1674 2536 1727; x_wconf 78' lang='lat' dir='ltr'><strong>scientia:</strong></span> <span class='ocrx_word' id='word_1_215' title='bbox 2564 1672 2806 1742; x_wconf 88' lang='lat' dir='ltr'><strong>quidem,</strong></span> <span class='ocrx_word' id='word_1_216' title='bbox 2827 1681 2883 1724; x_wconf 92' lang='lat' dir='ltr'><strong>ut</strong></span> <span class='ocrx_word' id='word_1_217' title='bbox 2906 1686 2970 1723; x_wconf 84' lang='lat' dir='ltr'><strong>eo</strong></span> <span class='ocrx_word' id='word_1_218' title='bbox 2999 1670 3322 1725; x_wconf 70' lang='lat' dir='ltr'><strong>obedientia!</strong></span> <span class='ocrx_word' id='word_1_219' title='bbox 3346 1679 3399 1724; x_wconf 92' lang='lat' dir='ltr'><strong>et</strong></span> <span class='ocrx_word' id='word_1_220' title='bbox 3447 1671 3528 1723; x_wconf 87' lang='lat' dir='ltr'><strong>iu-</strong></span> 
     </span>
    </p>
   </div>
   <div class='ocr_carea' id='block_1_31' title="bbox 1948 1762 3526 1832">
    <p class='ocr_par' dir='ltr' id='par_1_31' title="bbox 1948 1762 3526 1832">
     <span class='ocr_line' id='line_1_31' title="bbox 1948 1762 3526 1832; baseline -0.002 -15"><span class='ocrx_word' id='word_1_221' title='bbox 1948 1765 2281 1819; x_wconf 76' lang='lat' dir='ltr'><strong>obedicntia:</strong></span> <span class='ocrx_word' id='word_1_222' title='bbox 2330 1765 2572 1818; x_wconf 85' lang='lat' dir='ltr'><strong>hominis</strong></span> <span class='ocrx_word' id='word_1_223' title='bbox 2619 1764 2918 1832; x_wconf 88' lang='lat' dir='ltr'><strong>periculum</strong></span> <span class='ocrx_word' id='word_1_224' title='bbox 2957 1762 3135 1825; x_wconf 74' lang='lat' dir='ltr'><strong>fieret,</strong></span> <span class='ocrx_word' id='word_1_225' title='bbox 3190 1771 3243 1815; x_wconf 90' lang='lat' dir='ltr'><strong>et</strong></span> <span class='ocrx_word' id='word_1_226' title='bbox 3297 1769 3526 1829; x_wconf 81' lang='lat' dir='ltr'><strong>utraque</strong></span> 
     </span>
    </p>
   </div>
   <div class='ocr_carea' id='block_1_32' title="bbox 266 1842 1846 1944">
    <p class='ocr_par' dir='ltr' id='par_1_32' title="bbox 266 1842 1846 1924">
     <span class='ocr_line' id='line_1_32' title="bbox 266 1842 1846 1924; baseline 0.008 -32"><span class='ocrx_word' id='word_1_227' title='bbox 266 1842 365 1894; x_wconf 68' lang='grc' dir='ltr'><strong>καὶ¹</strong></span> <span class='ocrx_word' id='word_1_228' title='bbox 393 1842 550 1908; x_wconf 84' lang='grc' dir='ltr'>ξύλον</span> <span class='ocrx_word' id='word_1_229' title='bbox 596 1845 690 1898; x_wconf 84' lang='grc' dir='ltr'><strong>τοῦ</strong></span> <span class='ocrx_word' id='word_1_230' title='bbox 725 1846 1022 1914; x_wconf 84' lang='grc' dir='ltr'>γινώσκειν</span> <span class='ocrx_word' id='word_1_231' title='bbox 1066 1850 1230 1904; x_wconf 83' lang='grc' dir='ltr'>καλὸν</span> <span class='ocrx_word' id='word_1_232' title='bbox 1262 1852 1356 1904; x_wconf 73' lang='grc' dir='ltr'><strong>καὶ</strong></span> <span class='ocrx_word' id='word_1_233' title='bbox 1383 1853 1617 1924; x_wconf 78' lang='grc' dir='ltr'>πονηρὸν</span> <span class='ocrx_word' id='word_1_234' title='bbox 1647 1853 1846 1923; x_wconf 81' lang='grc' dir='ltr'>κέκλη-</span> 
     </span>
    </p>
   </div>
   <div class='ocr_carea' id='block_1_33' title="bbox 1953 1842 3525 1944">
    <p class='ocr_par' dir='ltr' id='par_1_33' title="bbox 1953 1854 3525 1926">
     <span class='ocr_line' id='line_1_33' title="bbox 1953 1854 3525 1926; baseline -0.003 -14"><span class='ocrx_word' id='word_1_235' title='bbox 1953 1858 2224 1926; x_wconf 78' lang='lat' dir='ltr'><strong>explorari</strong></span> <span class='ocrx_word' id='word_1_236' title='bbox 2281 1866 2336 1910; x_wconf 79' lang='lat' dir='ltr'><strong>et</strong></span> <span class='ocrx_word' id='word_1_237' title='bbox 2389 1858 2632 1911; x_wconf 85' lang='lat' dir='ltr'><strong>exerceri</strong></span> <span class='ocrx_word' id='word_1_238' title='bbox 2683 1867 2887 1926; x_wconf 86' lang='lat' dir='ltr'><strong>posset.</strong></span> <span class='ocrx_word' id='word_1_239' title='bbox 2927 1854 3083 1909; x_wconf 88' lang='lat' dir='ltr'><strong>Unde</strong></span> <span class='ocrx_word' id='word_1_240' title='bbox 3134 1855 3300 1909; x_wconf 91' lang='lat' dir='ltr'><strong>etiam</strong></span> <span class='ocrx_word' id='word_1_241' title='bbox 3359 1855 3525 1908; x_wconf 90' lang='lat' dir='ltr'><strong>arbor</strong></span> 
     </span>
    </p>
   </div>
   <div class='ocr_carea' id='block_1_34' title="bbox 265 1934 1848 2015">
    <p class='ocr_par' dir='ltr' id='par_1_34' title="bbox 265 1934 1848 2015">
     <span class='ocr_line' id='line_1_34' title="bbox 265 1934 1848 2015; baseline 0.009 -30"><span class='ocrx_word' id='word_1_242' title='bbox 265 1949 385 1996; x_wconf 83' lang='grc' dir='ltr'>ται,</span> <span class='ocrx_word' id='word_1_243' title='bbox 416 1934 454 2004; x_wconf 77' lang='grc' dir='ltr'>ἢ</span> <span class='ocrx_word' id='word_1_244' title='bbox 489 1935 572 1988; x_wconf 74' lang='grc' dir='ltr'>ὅτι</span> <span class='ocrx_word' id='word_1_245' title='bbox 601 1935 830 2008; x_wconf 77' lang='grc' dir='ltr'>δύναμιν</span> <span class='ocrx_word' id='word_1_246' title='bbox 872 1939 1044 1993; x_wconf 79' lang='grc' dir='ltr'>ἐδίδου</span> <span class='ocrx_word' id='word_1_247' title='bbox 1080 1941 1389 2014; x_wconf 83' lang='grc' dir='ltr'>γνωστικὴν</span> <span class='ocrx_word' id='word_1_248' title='bbox 1418 1945 1530 2006; x_wconf 85' lang='grc' dir='ltr'>τοῖς</span> <span class='ocrx_word' id='word_1_249' title='bbox 1565 1945 1848 2015; x_wconf 86' lang='grc' dir='ltr'>μεταλαμ-</span> 
     </span>
    </p>
   </div>
   <div class='ocr_carea' id='block_1_35' title="bbox 263 2023 1848 2106">
    <p class='ocr_par' dir='ltr' id='par_1_35' title="bbox 263 2023 1848 2106">
     <span class='ocr_line' id='line_1_35' title="bbox 263 2023 1848 2106; baseline 0.009 -32"><span class='ocrx_word' id='word_1_250' title='bbox 263 2023 530 2094; x_wconf 76' lang='grc' dir='ltr'>ϐάνουσι,</span> <span class='ocrx_word' id='word_1_251' title='bbox 551 2029 650 2099; x_wconf 84' lang='grc' dir='ltr'><strong>τῆς</strong></span> <span class='ocrx_word' id='word_1_252' title='bbox 675 2030 883 2096; x_wconf 80' lang='grc' dir='ltr'>οἰκείας</span> <span class='ocrx_word' id='word_1_253' title='bbox 913 2031 1130 2102; x_wconf 86' lang='grc' dir='ltr'>φύσεως</span> <span class='ocrx_word' id='word_1_254' title='bbox 1150 2050 1164 2065; x_wconf 76' lang='grc' dir='ltr'><strong>ο</strong></span> <span class='ocrx_word' id='word_1_255' title='bbox 1215 2035 1353 2104; x_wconf 83' lang='grc' dir='ltr'>ὅπερ</span> <span class='ocrx_word' id='word_1_256' title='bbox 1404 2034 1566 2089; x_wconf 81' lang='grc' dir='ltr'>καλὸν</span> <span class='ocrx_word' id='word_1_257' title='bbox 1615 2037 1714 2106; x_wconf 82' lang='grc' dir='ltr'><strong>μὲν</strong></span> <span class='ocrx_word' id='word_1_258' title='bbox 1735 2039 1848 2100; x_wconf 83' lang='grc' dir='ltr'>τοῖς</span> 
     </span>
    </p>
   </div>
   <div class='ocr_carea' id='block_1_36' title="bbox 261 2116 1848 2198">
    <p class='ocr_par' dir='ltr' id='par_1_36' title="bbox 261 2116 1848 2198">
     <span class='ocr_line' id='line_1_36' title="bbox 261 2116 1848 2198; baseline 0.008 -31"><span class='ocrx_word' id='word_1_259' title='bbox 261 2116 514 2184; x_wconf 83' lang='grc' dir='ltr'>τελείοις,</span> <span class='ocrx_word' id='word_1_260' title='bbox 531 2122 700 2176; x_wconf 83' lang='grc' dir='ltr'>κακὸν</span> <span class='ocrx_word' id='word_1_261' title='bbox 736 2122 793 2175; x_wconf 81' lang='grc' dir='ltr'>δὲ</span> <span class='ocrx_word' id='word_1_262' title='bbox 833 2126 946 2188; x_wconf 87' lang='grc' dir='ltr'>τοῖς</span> <span class='ocrx_word' id='word_1_263' title='bbox 973 2125 1376 2198; x_wconf 82' lang='grc' dir='ltr'>ἀτελεστέροις,</span> <span class='ocrx_word' id='word_1_264' title='bbox 1412 2128 1504 2181; x_wconf 75' lang='grc' dir='ltr'>καὶ</span> <span class='ocrx_word' id='word_1_265' title='bbox 1536 2129 1634 2198; x_wconf 79' lang='grc' dir='ltr'><strong>τὴν</strong></span> <span class='ocrx_word' id='word_1_266' title='bbox 1665 2129 1848 2195; x_wconf 73' lang='grc' dir='ltr'>ἔφεσιν</span> 
     </span>
    </p>
   </div>
   <div class='ocr_carea' id='block_1_37' title="bbox 260 2210 1847 2291">
    <p class='ocr_par' dir='ltr' id='par_1_37' title="bbox 260 2210 1847 2291">
     <span class='ocr_line' id='line_1_37' title="bbox 260 2210 1847 2291; baseline 0.009 -30"><span class='ocrx_word' id='word_1_267' title='bbox 260 2210 596 2283; x_wconf 83' lang='grc' dir='ltr'>λιχνοτέροις</span> <span class='ocrx_word' id='word_1_268' title='bbox 620 2211 663 2280; x_wconf 80' lang='grc' dir='ltr'><strong>ι,</strong></span> <span class='ocrx_word' id='word_1_269' title='bbox 697 2214 888 2288; x_wconf 85' lang='grc' dir='ltr'>ὥσπερ</span> <span class='ocrx_word' id='word_1_270' title='bbox 917 2219 1113 2289; x_wconf 88' lang='grc' dir='ltr'>στερεά</span> <span class='ocrx_word' id='word_1_271' title='bbox 1138 2219 1315 2291; x_wconf 77' lang='grc' dir='ltr'>τροφὴ</span> <span class='ocrx_word' id='word_1_272' title='bbox 1361 2223 1473 2284; x_wconf 86' lang='grc' dir='ltr'>τοῖς</span> <span class='ocrx_word' id='word_1_273' title='bbox 1507 2221 1737 2285; x_wconf 82' lang='grc' dir='ltr'>ἁπαλοῖς</span> <span class='ocrx_word' id='word_1_274' title='bbox 1769 2222 1847 2275; x_wconf 81' lang='grc' dir='ltr'>ἔτι</span> 
     </span>
    </p>
   </div>
   <div class='ocr_carea' id='block_1_38' title="bbox 262 2303 1848 2382">
    <p class='ocr_par' dir='ltr' id='par_1_38' title="bbox 262 2303 1848 2382">
     <span class='ocr_line' id='line_1_38' title="bbox 262 2303 1848 2382; baseline 0.006 -28"><span class='ocrx_word' id='word_1_275' title='bbox 262 2304 362 2354; x_wconf 74' lang='grc' dir='ltr'>καὶ</span> <span class='ocrx_word' id='word_1_276' title='bbox 389 2303 671 2374; x_wconf 84' lang='grc' dir='ltr'>δεομένοις</span> <span class='ocrx_word' id='word_1_277' title='bbox 693 2307 986 2375; x_wconf 83' lang='grc' dir='ltr'>γάλακτος.</span> <span class='ocrx_word' id='word_1_278' title='bbox 1013 2310 1127 2363; x_wconf 85' lang='grc' dir='ltr'>Οὐκ</span> <span class='ocrx_word' id='word_1_279' title='bbox 1157 2311 1416 2367; x_wconf 79' lang='grc' dir='ltr'>,ἐϐούλετο</span> <span class='ocrx_word' id='word_1_280' title='bbox 1444 2311 1571 2382; x_wconf 74' lang='grc' dir='ltr'>γὰρ,</span> <span class='ocrx_word' id='word_1_281' title='bbox 1595 2313 1622 2364; x_wconf 91' lang='lat'><strong>6</strong></span> <span class='ocrx_word' id='word_1_282' title='bbox 1656 2313 1848 2375; x_wconf 86' lang='grc' dir='ltr'>κτίσας</span> 
     </span>
    </p>
   </div>
   <div class='ocr_carea' id='block_1_39' title="bbox 260 2396 1842 2475">
    <p class='ocr_par' dir='ltr' id='par_1_39' title="bbox 260 2396 1842 2475">
     <span class='ocr_line' id='line_1_39' title="bbox 260 2396 1842 2475; baseline -0.003 -14"><span class='ocrx_word' id='word_1_283' title='bbox 260 2396 416 2467; x_wconf 73' lang='grc' dir='ltr'>ἡμᾶς</span> <span class='ocrx_word' id='word_1_284' title='bbox 443 2396 578 2461; x_wconf 76' lang='grc' dir='ltr'>Θεὸς</span> <span class='ocrx_word' id='word_1_285' title='bbox 627 2402 920 2472; x_wconf 83' lang='grc' dir='ltr'>μεριμνᾷν,</span> <span class='ocrx_word' id='word_1_286' title='bbox 958 2402 1208 2473; x_wconf 77' lang='grc' dir='ltr'>καὶπερὶ</span> <span class='ocrx_word' id='word_1_287' title='bbox 1253 2403 1424 2457; x_wconf 85' lang='grc' dir='ltr'>πολλά</span> <span class='ocrx_word' id='word_1_288' title='bbox 1454 2403 1842 2475; x_wconf 80' lang='grc' dir='ltr'>τυρϐάζεσθαι,</span> 
     </span>
    </p>
   </div>
   <div class='ocr_carea' id='block_1_40' title="bbox 259 2486 1842 2566">
    <p class='ocr_par' dir='ltr' id='par_1_40' title="bbox 259 2486 1842 2566">
     <span class='ocr_line' id='line_1_40' title="bbox 259 2486 1842 2566; baseline 0.007 -29"><span class='ocrx_word' id='word_1_289' title='bbox 259 2486 386 2540; x_wconf 80' lang='grc' dir='ltr'>οὐδὲ</span> <span class='ocrx_word' id='word_1_290' title='bbox 416 2490 761 2557; x_wconf 72' lang='grc' dir='ltr'>φροντιστὰς,</span> <span class='ocrx_word' id='word_1_291' title='bbox 809 2491 904 2545; x_wconf 72' lang='grc' dir='ltr'>καὶ</span> <span class='ocrx_word' id='word_1_292' title='bbox 942 2495 1248 2564; x_wconf 83' lang='grc' dir='ltr'>προνοητάς</span> <span class='ocrx_word' id='word_1_293' title='bbox 1276 2495 1376 2564; x_wconf 77' lang='grc' dir='ltr'>τῆς</span> <span class='ocrx_word' id='word_1_294' title='bbox 1417 2495 1552 2559; x_wconf 87' lang='grc' dir='ltr'>ἰδίας</span> <span class='ocrx_word' id='word_1_295' title='bbox 1577 2495 1720 2566; x_wconf 82' lang='grc' dir='ltr'>ζωῆς</span> <span class='ocrx_word' id='word_1_296' title='bbox 1752 2513 1842 2564; x_wconf 81' lang='grc' dir='ltr'>γεο</span> 
     </span>
    </p>
   </div>
   <div class='ocr_carea' id='block_1_41' title="bbox 261 2576 1843 2656">
    <p class='ocr_par' dir='ltr' id='par_1_41' title="bbox 261 2576 1843 2656">
     <span class='ocr_line' id='line_1_41' title="bbox 261 2576 1843 2656; baseline 0.007 -28"><span class='ocrx_word' id='word_1_297' title='bbox 261 2576 451 2630; x_wconf 80' lang='grc' dir='ltr'>νέσθαι</span> <span class='ocrx_word' id='word_1_298' title='bbox 489 2596 503 2609; x_wconf 87' lang='grc'><strong>·</strong></span> <span class='ocrx_word' id='word_1_299' title='bbox 533 2579 669 2650; x_wconf 84' lang='grc' dir='ltr'>ὅπερ</span> <span class='ocrx_word' id='word_1_300' title='bbox 703 2581 768 2650; x_wconf 81' lang='grc' dir='ltr'>δὴ</span> <span class='ocrx_word' id='word_1_301' title='bbox 815 2583 910 2636; x_wconf 74' lang='grc' dir='ltr'><strong>καὶ</strong></span> <span class='ocrx_word' id='word_1_302' title='bbox 946 2585 1215 2638; x_wconf 77' lang='grc' dir='ltr'>πέπονθεν</span> <span class='ocrx_word' id='word_1_303' title='bbox 1249 2586 1276 2638; x_wconf 85' lang='grc' dir='ltr'>ὁ</span> <span class='ocrx_word' id='word_1_304' title='bbox 1321 2585 1517 2655; x_wconf 83' lang='grc' dir='ltr'>’Λδάμ.</span> <span class='ocrx_word' id='word_1_305' title='bbox 1564 2587 1843 2656; x_wconf 82' lang='grc' dir='ltr'>Γευσάμε-</span> 
     </span>
    </p>
   </div>
   <div class='ocr_carea' id='block_1_42' title="bbox 261 2669 1844 2749">
    <p class='ocr_par' dir='ltr' id='par_1_42' title="bbox 261 2669 1844 2749">
     <span class='ocr_line' id='line_1_42' title="bbox 261 2669 1844 2749; baseline 0.006 -29"><span class='ocrx_word' id='word_1_306' title='bbox 261 2684 355 2732; x_wconf 91' lang='grc' dir='ltr'><strong>νος</strong></span> <span class='ocrx_word' id='word_1_307' title='bbox 385 2669 493 2740; x_wconf 78' lang='grc' dir='ltr'>γὰρ</span> <span class='ocrx_word' id='word_1_308' title='bbox 513 2713 526 2735; x_wconf 86' lang='grc'><em>,</em></span> <span class='ocrx_word' id='word_1_309' title='bbox 552 2670 696 2740; x_wconf 75' lang='grc' dir='ltr'>ἔγνω</span> <span class='ocrx_word' id='word_1_310' title='bbox 722 2674 804 2730; x_wconf 81' lang='grc' dir='ltr'>ὅτι</span> <span class='ocrx_word' id='word_1_311' title='bbox 850 2676 1055 2746; x_wconf 82' lang='grc' dir='ltr'>γυμνὸς</span> <span class='ocrx_word' id='word_1_312' title='bbox 1089 2672 1154 2747; x_wconf 85' lang='grc' dir='ltr'>ἦν</span> <span class='ocrx_word' id='word_1_313' title='bbox 1177 2719 1191 2742; x_wconf 86' lang='grc'><em>,</em></span> <span class='ocrx_word' id='word_1_314' title='bbox 1231 2677 1325 2729; x_wconf 78' lang='grc' dir='ltr'><strong>καὶ</strong></span> <span class='ocrx_word' id='word_1_315' title='bbox 1351 2677 1639 2748; x_wconf 75' lang='grc' dir='ltr'>περίζωμα</span> <span class='ocrx_word' id='word_1_316' title='bbox 1668 2679 1844 2749; x_wconf 80' lang='grc' dir='ltr'>ἐαυτῷ</span> 
     </span>
    </p>
   </div>
   <div class='ocr_carea' id='block_1_43' title="bbox 260 2765 1834 2841">
    <p class='ocr_par' dir='ltr' id='par_1_43' title="bbox 260 2765 1834 2841">
     <span class='ocr_line' id='line_1_43' title="bbox 260 2765 1834 2841; baseline 0.008 -30"><span class='ocrx_word' id='word_1_317' title='bbox 260 2765 651 2829; x_wconf 66' lang='grc' dir='ltr'>περιεποιεῖτο·</span> <span class='ocrx_word' id='word_1_318' title='bbox 686 2765 860 2834; x_wconf 80' lang='grc' dir='ltr'>φύλλα</span> <span class='ocrx_word' id='word_1_319' title='bbox 886 2767 995 2838; x_wconf 85' lang='grc' dir='ltr'>γὰρ</span> <span class='ocrx_word' id='word_1_320' title='bbox 1026 2770 1194 2838; x_wconf 81' lang='grc' dir='ltr'>συκῆς</span> <span class='ocrx_word' id='word_1_321' title='bbox 1223 2767 1404 2822; x_wconf 83' lang='grc' dir='ltr'>λαϐὼν</span> <span class='ocrx_word' id='word_1_322' title='bbox 1440 2770 1834 2841; x_wconf 79' lang='grc' dir='ltr'>περιεζώσατο.</span> 
     </span>
    </p>
   </div>
   <div class='ocr_carea' id='block_1_44' title="bbox 261 2852 1841 2928">
    <p class='ocr_par' dir='ltr' id='par_1_44' title="bbox 261 2852 1841 2928">
     <span class='ocr_line' id='line_1_44' title="bbox 261 2852 1841 2928; baseline 0.004 -23"><span class='ocrx_word' id='word_1_323' title='bbox 261 2852 378 2922; x_wconf 82' lang='grc' dir='ltr'>Πρὸ</span> <span class='ocrx_word' id='word_1_324' title='bbox 397 2854 456 2908; x_wconf 85' lang='grc' dir='ltr'><strong>δέ</strong></span> <span class='ocrx_word' id='word_1_325' title='bbox 493 2855 591 2925; x_wconf 76' lang='grc' dir='ltr'>τῆς</span> <span class='ocrx_word' id='word_1_326' title='bbox 636 2856 878 2923; x_wconf 73' lang='grc' dir='ltr'>γεύσεως</span> <span class='ocrx_word' id='word_1_327' title='bbox 909 2859 1123 2926; x_wconf 75' lang='grc' dir='ltr'>γυμνοί</span> <span class='ocrx_word' id='word_1_328' title='bbox 1159 2858 1324 2926; x_wconf 77' lang='grc' dir='ltr'>ἦσαν</span> <span class='ocrx_word' id='word_1_329' title='bbox 1346 2860 1693 2928; x_wconf 72' lang='grc' dir='ltr'>ἀμφότεροι,</span> <span class='ocrx_word' id='word_1_330' title='bbox 1722 2861 1749 2912; x_wconf 84' lang='grc' dir='ltr'>ὅ</span> <span class='ocrx_word' id='word_1_331' title='bbox 1783 2877 1841 2912; x_wconf 88' lang='grc' dir='ltr'><strong>τε</strong></span> 
     </span>
    </p>
   </div>
   <div class='ocr_carea' id='block_1_45' title="bbox 271 2943 1841 3016">
    <p class='ocr_par' dir='ltr' id='par_1_45' title="bbox 271 2943 1841 3016">
     <span class='ocr_line' id='line_1_45' title="bbox 271 2943 1841 3016; baseline 0.004 -22"><span class='ocrx_word' id='word_1_332' title='bbox 271 2943 448 3011; x_wconf 69' lang='grc' dir='ltr'>Ἀδὰμ.</span> <span class='ocrx_word' id='word_1_333' title='bbox 483 2945 576 2996; x_wconf 84' lang='grc' dir='ltr'><strong>καί</strong></span> <span class='ocrx_word' id='word_1_334' title='bbox 611 2946 642 3015; x_wconf 85' lang='grc' dir='ltr'>ἡ</span> <span class='ocrx_word' id='word_1_335' title='bbox 681 2945 814 3011; x_wconf 77' lang='grc' dir='ltr'><strong>Εὔα,</strong></span> <span class='ocrx_word' id='word_1_336' title='bbox 841 2947 936 3000; x_wconf 83' lang='grc' dir='ltr'><strong>καί</strong></span> <span class='ocrx_word' id='word_1_337' title='bbox 987 2950 1098 3001; x_wconf 79' lang='grc' dir='ltr'>οὐκ</span> <span class='ocrx_word' id='word_1_338' title='bbox 1145 2949 1514 3016; x_wconf 76' lang='grc' dir='ltr'>ᾐσχύνοντο.</span> <span class='ocrx_word' id='word_1_339' title='bbox 1555 2947 1841 3012; x_wconf 83' lang='grc' dir='ltr'>Τοιούτους</span> 
     </span>
    </p>
   </div>
   <div class='ocr_carea' id='block_1_46' title="bbox 255 3034 1841 3110">
    <p class='ocr_par' dir='ltr' id='par_1_46' title="bbox 255 3034 1841 3110">
     <span class='ocr_line' id='line_1_46' title="bbox 255 3034 1841 3110; baseline 0.003 -23"><span class='ocrx_word' id='word_1_340' title='bbox 255 3034 318 3087; x_wconf 74' lang='grc' dir='ltr'><strong>δέ</strong></span> <span class='ocrx_word' id='word_1_341' title='bbox 345 3035 579 3101; x_wconf 75' lang='grc' dir='ltr'>ἀπαθεῖς</span> <span class='ocrx_word' id='word_1_342' title='bbox 621 3037 872 3092; x_wconf 86' lang='grc' dir='ltr'>ἐϐούλετο</span> <span class='ocrx_word' id='word_1_343' title='bbox 908 3035 1048 3093; x_wconf 77' lang='grc' dir='ltr'>εἰναι</span> <span class='ocrx_word' id='word_1_344' title='bbox 1085 3042 1231 3110; x_wconf 76' lang='grc' dir='ltr'>ἡμᾶς</span> <span class='ocrx_word' id='word_1_345' title='bbox 1271 3043 1298 3093; x_wconf 90' lang='lat'><strong>6</strong></span> <span class='ocrx_word' id='word_1_346' title='bbox 1352 3041 1484 3103; x_wconf 81' lang='grc' dir='ltr'>Θεὸς</span> <span class='ocrx_word' id='word_1_347' title='bbox 1522 3057 1536 3070; x_wconf 77' lang='grc'><strong><em>⁸</em></strong></span> <span class='ocrx_word' id='word_1_348' title='bbox 1570 3039 1841 3105; x_wconf 77' lang='grc' dir='ltr'>ἀπαθείας</span> 
     </span>
    </p>
   </div>
   <div class='ocr_carea' id='block_1_47' title="bbox 259 3126 1839 3203">
    <p class='ocr_par' dir='ltr' id='par_1_47' title="bbox 259 3126 1839 3203">
     <span class='ocr_line' id='line_1_47' title="bbox 259 3126 1839 3203; baseline 0.002 -21"><span class='ocrx_word' id='word_1_349' title='bbox 259 3126 373 3197; x_wconf 80' lang='grc' dir='ltr'><strong>γὰρ</strong></span> <span class='ocrx_word' id='word_1_350' title='bbox 413 3129 590 3199; x_wconf 79' lang='grc' dir='ltr'>ἄκρας</span> <span class='ocrx_word' id='word_1_351' title='bbox 618 3131 778 3184; x_wconf 78' lang='grc' dir='ltr'>τοῦτό</span> <span class='ocrx_word' id='word_1_352' title='bbox 826 3133 977 3185; x_wconf 84' lang='grc' dir='ltr'>ἐστιν</span> <span class='ocrx_word' id='word_1_353' title='bbox 1001 3147 1014 3161; x_wconf 93' lang='grc'><strong>·</strong></span> <span class='ocrx_word' id='word_1_354' title='bbox 1050 3133 1129 3185; x_wconf 77' lang='grc' dir='ltr'>ἔτι</span> <span class='ocrx_word' id='word_1_355' title='bbox 1165 3133 1222 3186; x_wconf 83' lang='grc' dir='ltr'>δὲ</span> <span class='ocrx_word' id='word_1_356' title='bbox 1266 3133 1360 3187; x_wconf 71' lang='grc' dir='ltr'><strong>καὶ</strong></span> <span class='ocrx_word' id='word_1_357' title='bbox 1395 3132 1754 3203; x_wconf 85' lang='grc' dir='ltr'>ἀμερίμνους,</span> <span class='ocrx_word' id='word_1_358' title='bbox 1781 3132 1839 3185; x_wconf 84' lang='grc' dir='ltr'>ἓν</span> 
     </span>
    </p>
   </div>
   <div class='ocr_carea' id='block_1_48' title="bbox 1951 1947 3522 2016">
    <p class='ocr_par' dir='ltr' id='par_1_48' title="bbox 1951 1947 3522 2016">
     <span class='ocr_line' id='line_1_48' title="bbox 1951 1947 3522 2016; baseline -0.004 -10"><span class='ocrx_word' id='word_1_359' title='bbox 1951 1950 2194 2006; x_wconf 78' lang='lat' dir='ltr'><strong>scientia:</strong></span> <span class='ocrx_word' id='word_1_360' title='bbox 2224 1949 2353 2004; x_wconf 90' lang='lat' dir='ltr'><strong>boni</strong></span> <span class='ocrx_word' id='word_1_361' title='bbox 2393 1956 2447 2002; x_wconf 89' lang='lat' dir='ltr'><strong>et</strong></span> <span class='ocrx_word' id='word_1_362' title='bbox 2481 1949 2606 2002; x_wconf 91' lang='lat' dir='ltr'><strong>mali</strong></span> <span class='ocrx_word' id='word_1_363' title='bbox 2658 1955 2972 2016; x_wconf 83' lang='lat' dir='ltr'><strong>nuncupata</strong></span> <span class='ocrx_word' id='word_1_364' title='bbox 3023 1955 3138 2012; x_wconf 90' lang='lat' dir='ltr'><strong>est;</strong></span> <span class='ocrx_word' id='word_1_365' title='bbox 3167 1947 3251 2000; x_wconf 85' lang='lat' dir='ltr'><strong>vel</strong></span> <span class='ocrx_word' id='word_1_366' title='bbox 3279 1947 3407 2016; x_wconf 86' lang='lat' dir='ltr'><strong>quia</strong></span> <span class='ocrx_word' id='word_1_367' title='bbox 3453 1947 3522 1999; x_wconf 93' lang='lat' dir='ltr'><strong>iis</strong></span> 
     </span>
    </p>
   </div>
   <div class='ocr_carea' id='block_1_49' title="bbox 1949 2037 3523 2110">
    <p class='ocr_par' dir='ltr' id='par_1_49' title="bbox 1949 2037 3523 2110">
     <span class='ocr_line' id='line_1_49' title="bbox 1949 2037 3523 2110; baseline -0.002 -17"><span class='ocrx_word' id='word_1_368' title='bbox 1949 2042 2042 2110; x_wconf 88' lang='lat' dir='ltr'><strong>qui</strong></span> <span class='ocrx_word' id='word_1_369' title='bbox 2097 2056 2161 2094; x_wconf 79' lang='lat' dir='ltr'><strong>ex</strong></span> <span class='ocrx_word' id='word_1_370' title='bbox 2205 2039 2296 2094; x_wconf 83' lang='lat' dir='ltr'><strong>illa</strong></span> <span class='ocrx_word' id='word_1_371' title='bbox 2337 2039 2596 2105; x_wconf 89' lang='lat' dir='ltr'><strong>edebant,</strong></span> <span class='ocrx_word' id='word_1_372' title='bbox 2632 2039 2776 2094; x_wconf 89' lang='lat' dir='ltr'><strong>hanc</strong></span> <span class='ocrx_word' id='word_1_373' title='bbox 2810 2037 2918 2090; x_wconf 92' lang='lat' dir='ltr'><strong>vim</strong></span> <span class='ocrx_word' id='word_1_374' title='bbox 2953 2037 3234 2101; x_wconf 81' lang='lat' dir='ltr'><strong>afferebat,</strong></span> <span class='ocrx_word' id='word_1_375' title='bbox 3274 2037 3431 2106; x_wconf 78' lang='lat'><strong>175</strong></span> <span class='ocrx_word' id='word_1_376' title='bbox 3464 2046 3523 2090; x_wconf 84' lang='lat' dir='ltr'><strong>ut.</strong></span> 
     </span>
    </p>
   </div>
   <div class='ocr_carea' id='block_1_50' title="bbox 1949 2130 3522 2202">
    <p class='ocr_par' dir='ltr' id='par_1_50' title="bbox 1949 2130 3522 2202">
     <span class='ocr_line' id='line_1_50' title="bbox 1949 2130 3522 2202; baseline -0.004 -13"><span class='ocrx_word' id='word_1_377' title='bbox 1949 2144 2203 2189; x_wconf 88' lang='lat' dir='ltr'><strong>naturam</strong></span> <span class='ocrx_word' id='word_1_378' title='bbox 2234 2148 2391 2188; x_wconf 91' lang='lat' dir='ltr'><strong>suam</strong></span> <span class='ocrx_word' id='word_1_379' title='bbox 2427 2140 2774 2202; x_wconf 87' lang='lat' dir='ltr'><strong>perspectam</strong></span> <span class='ocrx_word' id='word_1_380' title='bbox 2832 2131 3125 2184; x_wconf 84' lang='lat' dir='ltr'><strong>haberent.</strong></span> <span class='ocrx_word' id='word_1_381' title='bbox 3183 2130 3338 2195; x_wconf 83' lang='lat' dir='ltr'><strong>Quod</strong></span> <span class='ocrx_word' id='word_1_382' title='bbox 3393 2130 3522 2199; x_wconf 84' lang='lat' dir='ltr'><strong>qui-</strong></span> 
     </span>
    </p>
   </div>
   <div class='ocr_carea' id='block_1_51' title="bbox 1949 2221 3523 2292">
    <p class='ocr_par' dir='ltr' id='par_1_51' title="bbox 1949 2221 3523 2292">
     <span class='ocr_line' id='line_1_51' title="bbox 1949 2221 3523 2292; baseline -0.004 -14"><span class='ocrx_word' id='word_1_383' title='bbox 1949 2227 2069 2281; x_wconf 86' lang='lat' dir='ltr'><strong>dem</strong></span> <span class='ocrx_word' id='word_1_384' title='bbox 2116 2234 2174 2279; x_wconf 88' lang='lat' dir='ltr'><strong>ut</strong></span> <span class='ocrx_word' id='word_1_385' title='bbox 2219 2225 2420 2278; x_wconf 90' lang='lat' dir='ltr'><strong>adultis</strong></span> <span class='ocrx_word' id='word_1_386' title='bbox 2446 2231 2502 2276; x_wconf 84' lang='lat' dir='ltr'><strong>et</strong></span> <span class='ocrx_word' id='word_1_387' title='bbox 2537 2221 2797 2292; x_wconf 82' lang='lat' dir='ltr'><strong>perfectis</strong></span> <span class='ocrx_word' id='word_1_388' title='bbox 2823 2222 3026 2277; x_wconf 91' lang='lat' dir='ltr'><strong>bonum</strong></span> <span class='ocrx_word' id='word_1_389' title='bbox 3055 2227 3208 2287; x_wconf 87' lang='lat' dir='ltr'><strong>erat;</strong></span> <span class='ocrx_word' id='word_1_390' title='bbox 3244 2222 3317 2274; x_wconf 88' lang='lat' dir='ltr'><strong>ita</strong></span> <span class='ocrx_word' id='word_1_391' title='bbox 3342 2221 3523 2273; x_wconf 91' lang='lat' dir='ltr'><strong>minus</strong></span> 
     </span>
    </p>
   </div>
   <div class='ocr_carea' id='block_1_52' title="bbox 1949 2312 3520 2387">
    <p class='ocr_par' dir='ltr' id='par_1_52' title="bbox 1949 2312 3520 2387">
     <span class='ocr_line' id='line_1_52' title="bbox 1949 2312 3520 2387; baseline -0.004 -15"><span class='ocrx_word' id='word_1_392' title='bbox 1949 2316 2234 2387; x_wconf 79' lang='lat' dir='ltr'><strong>perfectis,</strong></span> <span class='ocrx_word' id='word_1_393' title='bbox 2303 2315 2669 2382; x_wconf 62' lang='lat' dir='ltr'><strong>axidiorique,</strong></span> <span class='ocrx_word' id='word_1_394' title='bbox 2728 2328 2890 2382; x_wconf 91' lang='lat' dir='ltr'><strong>quam</strong></span> <span class='ocrx_word' id='word_1_395' title='bbox 2925 2322 3223 2382; x_wconf 28' lang='lat' dir='ltr'><strong>part-esset,</strong></span> <span class='ocrx_word' id='word_1_396' title='bbox 3279 2312 3520 2382; x_wconf 90' lang='lat' dir='ltr'><strong>appetitu</strong></span> 
     </span>
    </p>
   </div>
   <div class='ocr_carea' id='block_1_53' title="bbox 1947 2403 3520 2478">
    <p class='ocr_par' dir='ltr' id='par_1_53' title="bbox 1947 2403 3520 2478">
     <span class='ocr_line' id='line_1_53' title="bbox 1947 2403 3520 2478; baseline -0.003 -18"><span class='ocrx_word' id='word_1_397' title='bbox 1947 2407 2228 2478; x_wconf 66' lang='lat' dir='ltr'><strong>praeditis,</strong></span> <span class='ocrx_word' id='word_1_398' title='bbox 2287 2421 2451 2476; x_wconf 79' lang='lat' dir='ltr'><strong>grave</strong></span> <span class='ocrx_word' id='word_1_399' title='bbox 2502 2405 2908 2460; x_wconf 86' lang='lat' dir='ltr'><strong>incommodum</strong></span> <span class='ocrx_word' id='word_1_400' title='bbox 2963 2405 3315 2470; x_wconf 89' lang='lat' dir='ltr'><strong>accersebat;</strong></span> <span class='ocrx_word' id='word_1_401' title='bbox 3379 2403 3520 2456; x_wconf 89' lang='lat' dir='ltr'><strong>haud</strong></span> 
     </span>
    </p>
   </div>
   <div class='ocr_carea' id='block_1_54' title="bbox 1947 2494 3522 2563">
    <p class='ocr_par' dir='ltr' id='par_1_54' title="bbox 1947 2494 3522 2563">
     <span class='ocr_line' id='line_1_54' title="bbox 1947 2494 3522 2563; baseline -0.004 -11"><span class='ocrx_word' id='word_1_402' title='bbox 1947 2512 2107 2552; x_wconf 90' lang='lat' dir='ltr'><strong>secus</strong></span> <span class='ocrx_word' id='word_1_403' title='bbox 2138 2511 2202 2550; x_wconf 93' lang='lat' dir='ltr'><strong>ac</strong></span> <span class='ocrx_word' id='word_1_404' title='bbox 2241 2496 2454 2551; x_wconf 90' lang='lat' dir='ltr'><strong>solidus</strong></span> <span class='ocrx_word' id='word_1_405' title='bbox 2498 2495 2656 2550; x_wconf 91' lang='lat' dir='ltr'><strong>cibus</strong></span> <span class='ocrx_word' id='word_1_406' title='bbox 2691 2495 2759 2549; x_wconf 91' lang='lat' dir='ltr'><strong>iis</strong></span> <span class='ocrx_word' id='word_1_407' title='bbox 2790 2495 2882 2563; x_wconf 91' lang='lat' dir='ltr'><strong>qui</strong></span> <span class='ocrx_word' id='word_1_408' title='bbox 2917 2494 3098 2547; x_wconf 91' lang='lat' dir='ltr'><strong>adhuc</strong></span> <span class='ocrx_word' id='word_1_409' title='bbox 3141 2503 3327 2548; x_wconf 89' lang='lat' dir='ltr'><strong>tenera</strong></span> <span class='ocrx_word' id='word_1_410' title='bbox 3361 2502 3522 2548; x_wconf 68' lang='lat' dir='ltr'><strong>aztate</strong></span> 
     </span>
    </p>
   </div>
   <div class='ocr_carea' id='block_1_55' title="bbox 1947 2584 3520 2657">
    <p class='ocr_par' dir='ltr' id='par_1_55' title="bbox 1947 2584 3520 2657">
     <span class='ocr_line' id='line_1_55' title="bbox 1947 2584 3520 2657; baseline -0.005 -12"><span class='ocrx_word' id='word_1_411' title='bbox 1947 2597 2096 2653; x_wconf 87' lang='lat' dir='ltr'><strong>sunt,</strong></span> <span class='ocrx_word' id='word_1_412' title='bbox 2130 2589 2379 2657; x_wconf 89' lang='lat' dir='ltr'><strong>lacteqnc</strong></span> <span class='ocrx_word' id='word_1_413' title='bbox 2412 2603 2549 2657; x_wconf 92' lang='lat' dir='ltr'><strong>opus</strong></span> <span class='ocrx_word' id='word_1_414' title='bbox 2602 2586 2805 2641; x_wconf 84' lang='lat' dir='ltr'><strong>habent</strong></span> <span class='ocrx_word' id='word_1_415' title='bbox 2837 2586 2904 2640; x_wconf 67' lang='grc' dir='ltr'><strong>⁸ο.</strong></span> <span class='ocrx_word' id='word_1_416' title='bbox 2939 2584 3048 2639; x_wconf 84' lang='lat' dir='ltr'><strong>Nec</strong></span> <span class='ocrx_word' id='word_1_417' title='bbox 3081 2585 3228 2638; x_wconf 86' lang='lat' dir='ltr'><strong>enim</strong></span> <span class='ocrx_word' id='word_1_418' title='bbox 3263 2585 3403 2639; x_wconf 88' lang='lat' dir='ltr'><strong>Deus</strong></span> <span class='ocrx_word' id='word_1_419' title='bbox 3434 2601 3520 2655; x_wconf 76' lang='lat' dir='ltr'><strong>ge-</strong></span> 
     </span>
    </p>
   </div>
   <div class='ocr_carea' id='block_1_56' title="bbox 1946 2675 3518 2740">
    <p class='ocr_par' dir='ltr' id='par_1_56' title="bbox 1946 2675 3518 2740">
     <span class='ocr_line' id='line_1_56' title="bbox 1946 2675 3518 2740; baseline -0.004 -5"><span class='ocrx_word' id='word_1_420' title='bbox 1946 2681 2093 2736; x_wconf 89' lang='lat' dir='ltr'><strong>neris</strong></span> <span class='ocrx_word' id='word_1_421' title='bbox 2133 2681 2304 2734; x_wconf 89' lang='lat' dir='ltr'><strong>nostri</strong></span> <span class='ocrx_word' id='word_1_422' title='bbox 2336 2688 2549 2740; x_wconf 87' lang='lat' dir='ltr'><strong>auctor,</strong></span> <span class='ocrx_word' id='word_1_423' title='bbox 2595 2692 2696 2731; x_wconf 92' lang='lat' dir='ltr'><strong>nos</strong></span> <span class='ocrx_word' id='word_1_424' title='bbox 2747 2677 3038 2740; x_wconf 86' lang='lat' dir='ltr'><strong>sollicitos,</strong></span> <span class='ocrx_word' id='word_1_425' title='bbox 3073 2686 3124 2730; x_wconf 92' lang='lat' dir='ltr'><strong>et</strong></span> <span class='ocrx_word' id='word_1_426' title='bbox 3171 2676 3320 2729; x_wconf 91' lang='lat' dir='ltr'><strong>circa</strong></span> <span class='ocrx_word' id='word_1_427' title='bbox 3351 2675 3518 2728; x_wconf 84' lang='lat' dir='ltr'><strong>nnilta</strong></span> 
     </span>
    </p>
   </div>
   <div class='ocr_carea' id='block_1_57' title="bbox 1944 2765 3518 2835">
    <p class='ocr_par' dir='ltr' id='par_1_57' title="bbox 1944 2765 3518 2835">
     <span class='ocr_line' id='line_1_57' title="bbox 1944 2765 3518 2835; baseline -0.004 -13"><span class='ocrx_word' id='word_1_428' title='bbox 1944 2770 2218 2828; x_wconf 86' lang='lat' dir='ltr'><strong>turbatos,</strong></span> <span class='ocrx_word' id='word_1_429' title='bbox 2245 2768 2369 2820; x_wconf 61' lang='lat' dir='ltr'><strong>vita‘,</strong></span> <span class='ocrx_word' id='word_1_430' title='bbox 2413 2775 2616 2820; x_wconf 77' lang='lat' dir='ltr'><strong>nostra:</strong></span> <span class='ocrx_word' id='word_1_431' title='bbox 2644 2765 2810 2819; x_wconf 85' lang='lat' dir='ltr'><strong>anxie</strong></span> <span class='ocrx_word' id='word_1_432' title='bbox 2848 2765 3162 2835; x_wconf 85' lang='lat' dir='ltr'><strong>prospicere</strong></span> <span class='ocrx_word' id='word_1_433' title='bbox 3194 2771 3360 2834; x_wconf 86' lang='lat' dir='ltr'><strong>atq-ue</strong></span> <span class='ocrx_word' id='word_1_434' title='bbox 3384 2777 3518 2817; x_wconf 89' lang='lat' dir='ltr'><strong>con-</strong></span> 
     </span>
    </p>
   </div>
   <div class='ocr_carea' id='block_1_58' title="bbox 1944 2854 3518 2928">
    <p class='ocr_par' dir='ltr' id='par_1_58' title="bbox 1944 2854 3518 2928">
     <span class='ocr_line' id='line_1_58' title="bbox 1944 2854 3518 2928; baseline -0.004 -12"><span class='ocrx_word' id='word_1_435' title='bbox 1944 2863 2124 2916; x_wconf 87' lang='lat' dir='ltr'><strong>sulere</strong></span> <span class='ocrx_word' id='word_1_436' title='bbox 2152 2859 2406 2924; x_wconf 87' lang='lat' dir='ltr'><strong>volebat;</strong></span> <span class='ocrx_word' id='word_1_437' title='bbox 2437 2858 2490 2913; x_wconf 92' lang='lat' dir='ltr'><strong>id</strong></span> <span class='ocrx_word' id='word_1_438' title='bbox 2534 2859 2680 2928; x_wconf 88' lang='lat' dir='ltr'><strong>quod</strong></span> <span class='ocrx_word' id='word_1_439' title='bbox 2713 2858 2928 2912; x_wconf 90' lang='lat' dir='ltr'><strong>tandem</strong></span> <span class='ocrx_word' id='word_1_440' title='bbox 2973 2856 3182 2910; x_wconf 69' lang='lat' dir='ltr'><strong>Atlamo</strong></span> <span class='ocrx_word' id='word_1_441' title='bbox 3214 2855 3431 2910; x_wconf 84' lang='lat' dir='ltr'><strong>accidit.</strong></span> <span class='ocrx_word' id='word_1_442' title='bbox 3470 2854 3518 2910; x_wconf 85' lang='lat' dir='ltr'><strong>ls</strong></span> 
     </span>
    </p>
   </div>
   <div class='ocr_carea' id='block_1_59' title="bbox 1942 2945 3519 3020">
    <p class='ocr_par' dir='ltr' id='par_1_59' title="bbox 1942 2945 3519 3020">
     <span class='ocr_line' id='line_1_59' title="bbox 1942 2945 3519 3020; baseline -0.006 -14"><span class='ocrx_word' id='word_1_443' title='bbox 1942 2953 2086 3006; x_wconf 90' lang='lat' dir='ltr'><strong>enim</strong></span> <span class='ocrx_word' id='word_1_444' title='bbox 2128 2951 2418 3020; x_wconf 79' lang='lat' dir='ltr'><strong>degustato</strong></span> <span class='ocrx_word' id='word_1_445' title='bbox 2458 2949 2675 3004; x_wconf 88' lang='lat' dir='ltr'><strong>arboris</strong></span> <span class='ocrx_word' id='word_1_446' title='bbox 2717 2948 2921 3014; x_wconf 84' lang='lat' dir='ltr'><strong>fructu,</strong></span> <span class='ocrx_word' id='word_1_447' title='bbox 2952 2947 3158 3000; x_wconf 90' lang='lat' dir='ltr'><strong>nudum</strong></span> <span class='ocrx_word' id='word_1_448' title='bbox 3193 2961 3251 3000; x_wconf 85' lang='lat' dir='ltr'><strong>se</strong></span> <span class='ocrx_word' id='word_1_449' title='bbox 3283 2960 3406 3000; x_wconf 82' lang='lat' dir='ltr'><strong>esse</strong></span> <span class='ocrx_word' id='word_1_450' title='bbox 3436 2945 3519 2998; x_wconf 93' lang='lat' dir='ltr'><strong>in-</strong></span> 
     </span>
    </p>
   </div>
   <div class='ocr_carea' id='block_1_60' title="bbox 1944 3036 3520 3110">
    <p class='ocr_par' dir='ltr' id='par_1_60' title="bbox 1944 3036 3520 3110">
     <span class='ocr_line' id='line_1_60' title="bbox 1944 3036 3520 3110; baseline -0.006 -12"><span class='ocrx_word' id='word_1_451' title='bbox 1944 3043 2175 3108; x_wconf 74' lang='lat' dir='ltr'><strong>tellexit,</strong></span> <span class='ocrx_word' id='word_1_452' title='bbox 2207 3057 2379 3110; x_wconf 77' lang='lat' dir='ltr'><strong>eaque</strong></span> <span class='ocrx_word' id='word_1_453' title='bbox 2411 3041 2477 3095; x_wconf 87' lang='lat' dir='ltr'><strong>de</strong></span> <span class='ocrx_word' id='word_1_454' title='bbox 2505 3055 2674 3095; x_wconf 86' lang='lat' dir='ltr'><strong>causa</strong></span> <span class='ocrx_word' id='word_1_455' title='bbox 2706 3039 3108 3109; x_wconf 76' lang='lat' dir='ltr'><strong>subligaculum</strong></span> <span class='ocrx_word' id='word_1_456' title='bbox 3138 3038 3242 3092; x_wconf 85' lang='lat' dir='ltr'><strong>sibi</strong></span> <span class='ocrx_word' id='word_1_457' title='bbox 3290 3036 3520 3092; x_wconf 78' lang='lat' dir='ltr'><strong>concin-</strong></span> 
     </span>
    </p>
   </div>
   <div class='ocr_carea' id='block_1_61' title="bbox 1944 3126 3517 3201">
    <p class='ocr_par' dir='ltr' id='par_1_61' title="bbox 1944 3126 3517 3201">
     <span class='ocr_line' id='line_1_61' title="bbox 1944 3126 3517 3201; baseline -0.007 -12"><span class='ocrx_word' id='word_1_458' title='bbox 1944 3134 2115 3190; x_wconf 85' lang='lat' dir='ltr'><strong>navit.</strong></span> <span class='ocrx_word' id='word_1_459' title='bbox 2175 3129 2422 3201; x_wconf 88' lang='lat' dir='ltr'><strong>Sumptis</strong></span> <span class='ocrx_word' id='word_1_460' title='bbox 2455 3129 2599 3185; x_wconf 90' lang='lat' dir='ltr'><strong>enim</strong></span> <span class='ocrx_word' id='word_1_461' title='bbox 2635 3128 2879 3182; x_wconf 73' lang='lat' dir='ltr'><strong>tleulnezc</strong></span> <span class='ocrx_word' id='word_1_462' title='bbox 2916 3126 3083 3191; x_wconf 85' lang='lat' dir='ltr'><strong>foliis,</strong></span> <span class='ocrx_word' id='word_1_463' title='bbox 3125 3140 3324 3196; x_wconf 85' lang='lat' dir='ltr'><strong>corpus</strong></span> <span class='ocrx_word' id='word_1_464' title='bbox 3352 3140 3517 3180; x_wconf 88' lang='lat' dir='ltr'><strong>suum</strong></span> 
     </span>
    </p>
   </div>
   <div class='ocr_carea' id='block_1_62' title="bbox 368 3241 3442 3318">
    <p class='ocr_par' dir='ltr' id='par_1_62' title="bbox 368 3241 3442 3318">
     <span class='ocr_line' id='line_1_62' title="bbox 368 3241 3442 3318; baseline -0.001 -21"><span class='ocrx_word' id='word_1_465' title='bbox 368 3241 413 3272; x_wconf 74' lang='grc'><em>³³⁸</em></span> <span class='ocrx_word' id='word_1_466' title='bbox 435 3241 600 3299; x_wconf 81' lang='lat' dir='ltr'><strong>Basil.</strong></span> <span class='ocrx_word' id='word_1_467' title='bbox 631 3243 776 3299; x_wconf 90' lang='lat' dir='ltr'><strong>hom.</strong></span> <span class='ocrx_word' id='word_1_468' title='bbox 809 3245 876 3301; x_wconf 90' lang='lat' dir='ltr'><strong>de</strong></span> <span class='ocrx_word' id='word_1_469' title='bbox 904 3247 1090 3316; x_wconf 69' lang='lat' dir='ltr'><strong>parad.</strong></span> <span class='ocrx_word' id='word_1_470' title='bbox 1127 3248 1170 3280; x_wconf 79' lang='grc'><strong>³⁹</strong></span> <span class='ocrx_word' id='word_1_471' title='bbox 1195 3247 1331 3303; x_wconf 88' lang='lat' dir='ltr'><strong>Gen.</strong></span> <span class='ocrx_word' id='word_1_472' title='bbox 1374 3264 1431 3315; x_wconf 89' lang='grc' dir='ltr'>ιι,</span> <span class='ocrx_word' id='word_1_473' title='bbox 1466 3247 1519 3302; x_wconf 89' lang='lat'><strong>9.</strong></span> <span class='ocrx_word' id='word_1_474' title='bbox 1596 3249 1640 3280; x_wconf 77' lang='grc' dir='ltr'><strong>⁵ο</strong></span> <span class='ocrx_word' id='word_1_475' title='bbox 1667 3247 1828 3318; x_wconf 71' lang='lat' dir='ltr'><strong>Grcg.</strong></span> <span class='ocrx_word' id='word_1_476' title='bbox 1867 3249 2000 3303; x_wconf 86' lang='lat' dir='ltr'><strong>Naz.</strong></span> <span class='ocrx_word' id='word_1_477' title='bbox 2033 3253 2176 3302; x_wconf 89' lang='lat' dir='ltr'><strong>orat.</strong></span> <span class='ocrx_word' id='word_1_478' title='bbox 2216 3245 2285 3302; x_wconf 82' lang='lat'><strong>&#39;58</strong></span> <span class='ocrx_word' id='word_1_479' title='bbox 2312 3256 2364 3300; x_wconf 92' lang='lat' dir='ltr'><strong>et</strong></span> <span class='ocrx_word' id='word_1_480' title='bbox 2386 3245 2487 3312; x_wconf 62' lang='lat'><strong>49;</strong></span> <span class='ocrx_word' id='word_1_481' title='bbox 2517 3243 2755 3300; x_wconf 85' lang='lat' dir='ltr'><strong>Method.</strong></span> <span class='ocrx_word' id='word_1_482' title='bbox 2781 3258 2866 3314; x_wconf 90' lang='lat' dir='ltr'><strong>ap.</strong></span> <span class='ocrx_word' id='word_1_483' title='bbox 2903 3241 3098 3314; x_wconf 86' lang='lat' dir='ltr'><strong>Epiph.</strong></span> <span class='ocrx_word' id='word_1_484' title='bbox 3143 3241 3329 3295; x_wconf 79' lang='lat' dir='ltr'><strong>lnrres.</strong></span> <span class='ocrx_word' id='word_1_485' title='bbox 3356 3241 3442 3294; x_wconf 68' lang='lat'><strong>64.</strong></span> 
     </span>
    </p>
   </div>
   <div class='ocr_carea' id='block_1_63' title="bbox 1528 3343 2204 3400">
    <p class='ocr_par' dir='ltr' id='par_1_63' title="bbox 1528 3343 2204 3400">
     <span class='ocr_line' id='line_1_63' title="bbox 1528 3343 2204 3400; baseline -0.004 -1"><span class='ocrx_word' id='word_1_486' title='bbox 1528 3344 1761 3400; x_wconf 63' lang='lat' dir='ltr'><strong>VARIZE</strong></span> <span class='ocrx_word' id='word_1_487' title='bbox 1804 3343 2204 3400; x_wconf 77' lang='lat' dir='ltr'><strong>LECTIONES.</strong></span> 
     </span>
    </p>
   </div>
   <div class='ocr_carea' id='block_1_64' title="bbox 337 3428 3518 3506">
    <p class='ocr_par' dir='ltr' id='par_1_64' title="bbox 337 3428 3518 3506">
     <span class='ocr_line' id='line_1_64' title="bbox 337 3428 3518 3506; baseline -0 -24"><span class='ocrx_word' id='word_1_488' title='bbox 337 3428 354 3468; x_wconf 80' lang='grc' dir='ltr'>ι</span> <span class='ocrx_word' id='word_1_489' title='bbox 403 3429 530 3500; x_wconf 27' lang='lat' dir='ltr'><strong>Reg.</strong></span> <span class='ocrx_word' id='word_1_490' title='bbox 565 3431 620 3496; x_wconf 91' lang='lat'><strong>8,</strong></span> <span class='ocrx_word' id='word_1_491' title='bbox 649 3432 890 3487; x_wconf 87' lang='lat' dir='ltr'><strong>et.Colb.</strong></span> <span class='ocrx_word' id='word_1_492' title='bbox 923 3433 1032 3487; x_wconf 90' lang='lat' dir='ltr'><strong>duo</strong></span> <span class='ocrx_word' id='word_1_493' title='bbox 1069 3433 1162 3503; x_wconf 80' lang='grc' dir='ltr'><strong>τὴν</strong></span> <span class='ocrx_word' id='word_1_494' title='bbox 1194 3433 1446 3504; x_wconf 74' lang='grc' dir='ltr'>αἴσθησιν</span> <span class='ocrx_word' id='word_1_495' title='bbox 1475 3434 1612 3504; x_wconf 87' lang='grc' dir='ltr'>λιχν.</span> <span class='ocrx_word' id='word_1_496' title='bbox 1643 3434 1816 3489; x_wconf 88' lang='lat' dir='ltr'><strong>Aliam</strong></span> <span class='ocrx_word' id='word_1_497' title='bbox 1863 3450 2063 3506; x_wconf 87' lang='lat' dir='ltr'><strong>sequor</strong></span> <span class='ocrx_word' id='word_1_498' title='bbox 2099 3433 2408 3498; x_wconf 86' lang='lat' dir='ltr'><strong>lectionem,</strong></span> <span class='ocrx_word' id='word_1_499' title='bbox 2440 3448 2560 3501; x_wconf 76' lang='lat' dir='ltr'><strong>qum</strong></span> <span class='ocrx_word' id='word_1_500' title='bbox 2589 3441 2729 3484; x_wconf 91' lang='lat' dir='ltr'><strong>orat.</strong></span> <span class='ocrx_word' id='word_1_501' title='bbox 2776 3430 2844 3484; x_wconf 84' lang='grc'><strong>58</strong></span> <span class='ocrx_word' id='word_1_502' title='bbox 2873 3438 2925 3483; x_wconf 89' lang='lat' dir='ltr'><strong>et</strong></span> <span class='ocrx_word' id='word_1_503' title='bbox 2963 3428 3033 3482; x_wconf 73' lang='grc' dir='ltr'>ιίΞ).</span> <span class='ocrx_word' id='word_1_504' title='bbox 3059 3428 3216 3500; x_wconf 78' lang='lat' dir='ltr'><strong>Greg_.</strong></span> <span class='ocrx_word' id='word_1_505' title='bbox 3251 3429 3381 3481; x_wconf 57' lang='lat' dir='ltr'><strong>iiz-z.</strong></span> <span class='ocrx_word' id='word_1_506' title='bbox 3420 3431 3518 3483; x_wconf 76' lang='lat' dir='ltr'><strong>ita-</strong></span> 
     </span>
    </p>
   </div>
   <div class='ocr_carea' id='block_1_65' title="bbox 1765 3568 1996 3625">
    <p class='ocr_par' dir='ltr' id='par_1_65' title="bbox 1765 3568 1996 3625">
     <span class='ocr_line' id='line_1_65' title="bbox 1765 3568 1996 3625; baseline 0.013 -4"><span class='ocrx_word' id='word_1_507' title='bbox 1765 3568 1996 3625; x_wconf 64' lang='lat' dir='ltr'><strong>NOTAE:</strong></span> 
     </span>
    </p>
   </div>
   <div class='ocr_carea' id='block_1_66' title="bbox 297 3657 3512 3726">
    <p class='ocr_par' dir='ltr' id='par_1_66' title="bbox 297 3657 3512 3726">
     <span class='ocr_line' id='line_1_66' title="bbox 297 3657 3512 3726; baseline 0 -15"><span class='ocrx_word' id='word_1_508' title='bbox 297 3658 582 3714; x_wconf 83' lang='lat' dir='ltr'><strong>remisisse</strong></span> <span class='ocrx_word' id='word_1_509' title='bbox 619 3658 1024 3714; x_wconf 86' lang='lat' dir='ltr'><strong>enarrationem</strong></span> <span class='ocrx_word' id='word_1_510' title='bbox 1073 3660 1124 3713; x_wconf 92' lang='lat' dir='ltr'><strong>in</strong></span> <span class='ocrx_word' id='word_1_511' title='bbox 1165 3675 1257 3713; x_wconf 75' lang='lat' dir='ltr'><strong>sex</strong></span> <span class='ocrx_word' id='word_1_512' title='bbox 1313 3659 1432 3714; x_wconf 88' lang='lat' dir='ltr'><strong>dies</strong></span> <span class='ocrx_word' id='word_1_513' title='bbox 1489 3660 1785 3713; x_wconf 66' lang='lat' dir='ltr'><strong>ornationis</strong></span> <span class='ocrx_word' id='word_1_514' title='bbox 1816 3678 1832 3714; x_wconf 88' lang='lat'><strong>:</strong></span> <span class='ocrx_word' id='word_1_515' title='bbox 1863 3666 1906 3724; x_wconf 77' lang='grc' dir='ltr'>ο</span> <span class='ocrx_word' id='word_1_516' title='bbox 1939 3663 2139 3716; x_wconf 84' lang='lat' dir='ltr'><strong>sitione</strong></span> <span class='ocrx_word' id='word_1_517' title='bbox 2192 3661 2572 3724; x_wconf 79' lang='lat' dir='ltr'><strong>Chrvsosmmi</strong></span> <span class='ocrx_word' id='word_1_518' title='bbox 2629 3660 2762 3714; x_wconf 76' lang='lat' dir='ltr'><strong>satis</strong></span> <span class='ocrx_word' id='word_1_519' title='bbox 2821 3657 3118 3712; x_wconf 69' lang='lat' dir='ltr'><strong>cohaerent.</strong></span> <span class='ocrx_word' id='word_1_520' title='bbox 3166 3657 3396 3726; x_wconf 90' lang='lat' dir='ltr'><strong>lnsupcr</strong></span> <span class='ocrx_word' id='word_1_521' title='bbox 3457 3667 3512 3714; x_wconf 84' lang='lat' dir='ltr'><strong>et</strong></span> 
     </span>
    </p>
   </div>
   <div class='ocr_carea' id='block_1_67' title="bbox 259 3502 444 3554">
    <p class='ocr_par' dir='ltr' id='par_1_67' title="bbox 259 3502 444 3554">
     <span class='ocr_line' id='line_1_67' title="bbox 259 3502 444 3554; baseline -0.011 0"><span class='ocrx_word' id='word_1_522' title='bbox 259 3502 444 3554; x_wconf 87' lang='lat' dir='ltr'><strong>betur.</strong></span> 
     </span>
    </p>
   </div>
   <div class='ocr_carea' id='block_1_68' title="bbox 281 3729 1830 3798">
    <p class='ocr_par' dir='ltr' id='par_1_68' title="bbox 281 3729 1830 3798">
     <span class='ocr_line' id='line_1_68' title="bbox 281 3729 1830 3798; baseline -0.003 -15"><span class='ocrx_word' id='word_1_523' title='bbox 281 3733 577 3784; x_wconf 70' lang='lat' dir='ltr'><strong>’antzennm</strong></span> <span class='ocrx_word' id='word_1_524' title='bbox 633 3745 826 3784; x_wconf 84' lang='lat' dir='ltr'><strong>mnnes</strong></span> <span class='ocrx_word' id='word_1_525' title='bbox 881 3738 1084 3783; x_wconf 86' lang='lat' dir='ltr'><strong>norunt</strong></span> <span class='ocrx_word' id='word_1_526' title='bbox 1141 3729 1830 3798; x_wconf 66' lang='lat' dir='ltr'><strong>ScripturasMexandrim</strong></span> 
     </span>
    </p>
   </div>
   <div class='ocr_carea' id='block_1_69' title="bbox 265 3800 1836 3868">
    <p class='ocr_par' dir='ltr' id='par_1_69' title="bbox 265 3800 1836 3868">
     <span class='ocr_line' id='line_1_69' title="bbox 265 3800 1836 3868; baseline -0.003 -11"><span class='ocrx_word' id='word_1_527' title='bbox 265 3806 682 3868; x_wconf 89' lang='lat' dir='ltr'><strong>interpretatum</strong></span> <span class='ocrx_word' id='word_1_528' title='bbox 738 3815 882 3853; x_wconf 90' lang='lat' dir='ltr'><strong>esse.</strong></span> <span class='ocrx_word' id='word_1_529' title='bbox 945 3800 1189 3855; x_wconf 80' lang='lat' dir='ltr'><strong>Philonis</strong></span> <span class='ocrx_word' id='word_1_530' title='bbox 1246 3800 1390 3860; x_wconf 82' lang='lat' dir='ltr'><strong>libri,</strong></span> <span class='ocrx_word' id='word_1_531' title='bbox 1432 3801 1484 3851; x_wconf 92' lang='lat' dir='ltr'><strong>in</strong></span> <span class='ocrx_word' id='word_1_532' title='bbox 1527 3801 1728 3867; x_wconf 85' lang='lat' dir='ltr'><strong>quibus</strong></span> <span class='ocrx_word' id='word_1_533' title='bbox 1768 3800 1836 3853; x_wconf 90' lang='lat' dir='ltr'><strong>de</strong></span> 
     </span>
    </p>
   </div>
   <div class='ocr_carea' id='block_1_70' title="bbox 258 3869 1832 3938">
    <p class='ocr_par' dir='ltr' id='par_1_70' title="bbox 258 3869 1832 3938">
     <span class='ocr_line' id='line_1_70' title="bbox 258 3869 1832 3938; baseline -0.001 -15"><span class='ocrx_word' id='word_1_534' title='bbox 258 3869 522 3938; x_wconf 80' lang='lat' dir='ltr'><strong>paradiso</strong></span> <span class='ocrx_word' id='word_1_535' title='bbox 555 3884 862 3923; x_wconf 77' lang='lat' dir='ltr'><strong>sermonem</strong></span> <span class='ocrx_word' id='word_1_536' title='bbox 894 3870 1106 3936; x_wconf 83' lang='lat' dir='ltr'><strong>habuit,</strong></span> <span class='ocrx_word' id='word_1_537' title='bbox 1140 3885 1246 3924; x_wconf 87' lang='lat' dir='ltr'><strong>una</strong></span> <span class='ocrx_word' id='word_1_538' title='bbox 1277 3885 1403 3923; x_wconf 84' lang='lat' dir='ltr'><strong>cum</strong></span> <span class='ocrx_word' id='word_1_539' title='bbox 1430 3870 1556 3924; x_wconf 88' lang='lat' dir='ltr'><strong>aliis</strong></span> <span class='ocrx_word' id='word_1_540' title='bbox 1588 3869 1832 3938; x_wconf 77' lang='lat' dir='ltr'><strong>ejusdem</strong></span> 
     </span>
    </p>
   </div>
   <div class='ocr_carea' id='block_1_71' title="bbox 257 3939 864 4010">
    <p class='ocr_par' dir='ltr' id='par_1_71' title="bbox 257 3939 864 4010">
     <span class='ocr_line' id='line_1_71' title="bbox 257 3939 864 4010; baseline -0.007 -17"><span class='ocrx_word' id='word_1_541' title='bbox 257 3939 520 4010; x_wconf 81' lang='lat' dir='ltr'><strong>operibus</strong></span> <span class='ocrx_word' id='word_1_542' title='bbox 547 3939 675 4010; x_wconf 73' lang='lat' dir='ltr'><strong>editi</strong></span> <span class='ocrx_word' id='word_1_543' title='bbox 717 3947 864 4010; x_wconf 88' lang='lat' dir='ltr'><strong>sunt.</strong></span> 
     </span>
    </p>
   </div>
   <div class='ocr_carea' id='block_1_72' title="bbox 331 4007 1834 4079">
    <p class='ocr_par' dir='ltr' id='par_1_72' title="bbox 331 4007 1834 4079">
     <span class='ocr_line' id='line_1_72' title="bbox 331 4007 1834 4079; baseline 0.001 -21"><span class='ocrx_word' id='word_1_544' title='bbox 331 4009 443 4079; x_wconf 72' lang='lat'><strong>(&#39;72)</strong></span> <span class='ocrx_word' id='word_1_545' title='bbox 484 4008 657 4075; x_wconf 82' lang='grc' dir='ltr'>Ἐδὲμ</span> <span class='ocrx_word' id='word_1_546' title='bbox 689 4008 1065 4079; x_wconf 19' lang='grc' dir='ltr'>γὰρητρυφή.</span> <span class='ocrx_word' id='word_1_547' title='bbox 1116 4007 1278 4060; x_wconf 77' lang='lat' dir='ltr'><strong>Fdem</strong></span> <span class='ocrx_word' id='word_1_548' title='bbox 1329 4009 1487 4062; x_wconf 81' lang='lat' dir='ltr'><strong>enim.</strong></span> <span class='ocrx_word' id='word_1_549' title='bbox 1530 4007 1623 4062; x_wconf 91' lang='lat' dir='ltr'><strong>Sic</strong></span> <span class='ocrx_word' id='word_1_550' title='bbox 1669 4009 1834 4070; x_wconf 73' lang='lat' dir='ltr'><strong>vulgo</strong></span> 
     </span>
    </p>
   </div>
   <div class='ocr_carea' id='block_1_73' title="bbox 255 4078 1834 4148">
    <p class='ocr_par' dir='ltr' id='par_1_73' title="bbox 255 4078 1834 4148">
     <span class='ocr_line' id='line_1_73' title="bbox 255 4078 1834 4148; baseline -0.003 -16"><span class='ocrx_word' id='word_1_551' title='bbox 255 4078 430 4133; x_wconf 66' lang='lat' dir='ltr'><strong>Grinci</strong></span> <span class='ocrx_word' id='word_1_552' title='bbox 467 4079 724 4132; x_wconf 82' lang='lat' dir='ltr'><strong>scribunt</strong></span> <span class='ocrx_word' id='word_1_553' title='bbox 763 4078 944 4148; x_wconf 75' lang='grc' dir='ltr'>ἸΞδὲμ,</span> <span class='ocrx_word' id='word_1_554' title='bbox 978 4095 1083 4130; x_wconf 88' lang='lat' dir='ltr'><strong>non</strong></span> <span class='ocrx_word' id='word_1_555' title='bbox 1128 4079 1294 4141; x_wconf 73' lang='grc' dir='ltr'>Ἐδέν,</span> <span class='ocrx_word' id='word_1_556' title='bbox 1328 4081 1471 4142; x_wconf 77' lang='lat' dir='ltr'><strong>qrrod</strong></span> <span class='ocrx_word' id='word_1_557' title='bbox 1511 4087 1690 4131; x_wconf 87' lang='lat' dir='ltr'><strong>tamen</strong></span> <span class='ocrx_word' id='word_1_558' title='bbox 1743 4094 1834 4131; x_wconf 88' lang='lat' dir='ltr'><strong>so-</strong></span> 
     </span>
    </p>
   </div>
   <div class='ocr_carea' id='block_1_74' title="bbox 259 4148 1834 4216">
    <p class='ocr_par' dir='ltr' id='par_1_74' title="bbox 259 4148 1834 4216">
     <span class='ocr_line' id='line_1_74' title="bbox 259 4148 1834 4216; baseline -0.001 -15"><span class='ocrx_word' id='word_1_559' title='bbox 259 4152 371 4201; x_wconf 88' lang='lat' dir='ltr'><strong>lum</strong></span> <span class='ocrx_word' id='word_1_560' title='bbox 411 4149 464 4201; x_wconf 92' lang='lat' dir='ltr'><strong>in</strong></span> <span class='ocrx_word' id='word_1_561' title='bbox 517 4149 835 4213; x_wconf 85' lang='lat' dir='ltr'><strong>voluptatem</strong></span> <span class='ocrx_word' id='word_1_562' title='bbox 877 4157 929 4201; x_wconf 92' lang='lat' dir='ltr'><strong>et</strong></span> <span class='ocrx_word' id='word_1_563' title='bbox 969 4149 1188 4201; x_wconf 77' lang='lat' dir='ltr'><strong>delicias</strong></span> <span class='ocrx_word' id='word_1_564' title='bbox 1218 4149 1450 4201; x_wconf 89' lang='lat' dir='ltr'><strong>vertitur</strong></span> <span class='ocrx_word' id='word_1_565' title='bbox 1502 4148 1646 4201; x_wconf 80' lang='lat' dir='ltr'><strong>Eden</strong></span> <span class='ocrx_word' id='word_1_566' title='bbox 1685 4148 1834 4216; x_wconf 82' lang='lat' dir='ltr'><strong>regio</strong></span> 
     </span>
    </p>
   </div>
   <div class='ocr_carea' id='block_1_75' title="bbox 257 4217 1828 4286">
    <p class='ocr_par' dir='ltr' id='par_1_75' title="bbox 257 4217 1828 4286">
     <span class='ocr_line' id='line_1_75' title="bbox 257 4217 1828 4286; baseline -0.001 -15"><span class='ocrx_word' id='word_1_567' title='bbox 257 4219 366 4271; x_wconf 85' lang='lat' dir='ltr'><strong>sita</strong></span> <span class='ocrx_word' id='word_1_568' title='bbox 417 4229 532 4272; x_wconf 90' lang='lat' dir='ltr'><strong>erat</strong></span> <span class='ocrx_word' id='word_1_569' title='bbox 581 4217 720 4270; x_wconf 85' lang='lat' dir='ltr'><strong>haud</strong></span> <span class='ocrx_word' id='word_1_570' title='bbox 770 4219 1017 4286; x_wconf 89' lang='lat' dir='ltr'><strong>procula</strong></span> <span class='ocrx_word' id='word_1_571' title='bbox 1062 4217 1454 4286; x_wconf 78' lang='lat' dir='ltr'><strong>Mesopotamia</strong></span> <span class='ocrx_word' id='word_1_572' title='bbox 1487 4227 1541 4271; x_wconf 88' lang='lat' dir='ltr'><strong>et</strong></span> <span class='ocrx_word' id='word_1_573' title='bbox 1584 4219 1828 4286; x_wconf 82' lang='lat' dir='ltr'><strong>Assyria.</strong></span> 
     </span>
    </p>
   </div>
   <div class='ocr_carea' id='block_1_76' title="bbox 255 4286 1831 4354">
    <p class='ocr_par' dir='ltr' id='par_1_76' title="bbox 255 4286 1831 4354">
     <span class='ocr_line' id='line_1_76' title="bbox 255 4286 1831 4354; baseline 0.001 -14"><span class='ocrx_word' id='word_1_574' title='bbox 255 4286 504 4350; x_wconf 72' lang='lat' dir='ltr'><strong>V‘idesis,</strong></span> <span class='ocrx_word' id='word_1_575' title='bbox 538 4286 601 4340; x_wconf 83' lang='lat' dir='ltr'><strong>IV</strong></span> <span class='ocrx_word' id='word_1_576' title='bbox 643 4286 775 4348; x_wconf 68' lang='lat' dir='ltr'><strong>lteg.</strong></span> <span class='ocrx_word' id='word_1_577' title='bbox 833 4303 945 4349; x_wconf 75' lang='lat' dir='ltr'><strong>xu,</strong></span> <span class='ocrx_word' id='word_1_578' title='bbox 982 4288 1083 4353; x_wconf 70' lang='lat'><strong>19.;</strong></span> <span class='ocrx_word' id='word_1_579' title='bbox 1117 4289 1268 4341; x_wconf 83' lang='lat' dir='ltr'><strong>lsaia:</strong></span> <span class='ocrx_word' id='word_1_580' title='bbox 1307 4303 1527 4351; x_wconf 76' lang='lat' dir='ltr'><strong>xxxvii,</strong></span> <span class='ocrx_word' id='word_1_581' title='bbox 1559 4287 1664 4354; x_wconf 64' lang='grc' dir='ltr'>ης</span> <span class='ocrx_word' id='word_1_582' title='bbox 1695 4286 1831 4341; x_wconf 72' lang='lat' dir='ltr'><strong>Eze-</strong></span> 
     </span>
    </p>
   </div>
   <div class='ocr_carea' id='block_1_77' title="bbox 253 4357 778 4420">
    <p class='ocr_par' dir='ltr' id='par_1_77' title="bbox 253 4357 778 4420">
     <span class='ocr_line' id='line_1_77' title="bbox 253 4357 778 4420; baseline -0.002 -7"><span class='ocrx_word' id='word_1_583' title='bbox 253 4358 453 4413; x_wconf 87' lang='lat' dir='ltr'><strong>chielis</strong></span> <span class='ocrx_word' id='word_1_584' title='bbox 488 4372 654 4420; x_wconf 66' lang='lat' dir='ltr'><strong>xxvii,</strong></span> <span class='ocrx_word' id='word_1_585' title='bbox 685 4357 778 4412; x_wconf 81' lang='lat'><strong>‘25.</strong></span> 
     </span>
    </p>
   </div>
   <div class='ocr_carea' id='block_1_78' title="bbox 330 4423 1830 4497">
    <p class='ocr_par' dir='ltr' id='par_1_78' title="bbox 330 4423 1830 4497">
     <span class='ocr_line' id='line_1_78' title="bbox 330 4423 1830 4497; baseline -0.002 -18"><span class='ocrx_word' id='word_1_586' title='bbox 330 4428 444 4497; x_wconf 79' lang='grc'><strong>(75)</strong></span> <span class='ocrx_word' id='word_1_587' title='bbox 498 4428 598 4497; x_wconf 58' lang='grc' dir='ltr'><strong>[Εν</strong></span> <span class='ocrx_word' id='word_1_588' title='bbox 623 4426 792 4494; x_wconf 79' lang='grc' dir='ltr'><strong>μέσῳ</strong></span> <span class='ocrx_word' id='word_1_589' title='bbox 817 4424 900 4478; x_wconf 81' lang='grc' dir='ltr'><strong>δέ.</strong></span> <span class='ocrx_word' id='word_1_590' title='bbox 947 4423 1008 4478; x_wconf 87' lang='lat' dir='ltr'><strong>In</strong></span> <span class='ocrx_word' id='word_1_591' title='bbox 1043 4426 1210 4479; x_wconf 88' lang='lat' dir='ltr'><strong>medio</strong></span> <span class='ocrx_word' id='word_1_592' title='bbox 1263 4441 1419 4494; x_wconf 89' lang='lat' dir='ltr'><strong>porro</strong></span> <span class='ocrx_word' id='word_1_593' title='bbox 1449 4426 1582 4494; x_wconf 86' lang='lat' dir='ltr'><strong>ejus.</strong></span> <span class='ocrx_word' id='word_1_594' title='bbox 1615 4424 1716 4491; x_wconf 87' lang='lat' dir='ltr'><strong>Qui</strong></span> <span class='ocrx_word' id='word_1_595' title='bbox 1745 4424 1830 4497; x_wconf 84' lang='lat' dir='ltr'><strong>lit-</strong></span> 
     </span>
    </p>
   </div>
   <div class='ocr_carea' id='block_1_79' title="bbox 255 4495 1830 4565">
    <p class='ocr_par' dir='ltr' id='par_1_79' title="bbox 255 4495 1830 4565">
     <span class='ocr_line' id='line_1_79' title="bbox 255 4495 1830 4565; baseline -0.001 -15"><span class='ocrx_word' id='word_1_596' title='bbox 255 4495 435 4551; x_wconf 81' lang='lat' dir='ltr'><strong>teram</strong></span> <span class='ocrx_word' id='word_1_597' title='bbox 495 4495 793 4564; x_wconf 76' lang='lat' dir='ltr'><strong>Seripturze</strong></span> <span class='ocrx_word' id='word_1_598' title='bbox 826 4504 1166 4564; x_wconf 88' lang='lat' dir='ltr'><strong>sequuntur,</strong></span> <span class='ocrx_word' id='word_1_599' title='bbox 1193 4505 1497 4565; x_wconf 81' lang='lat' dir='ltr'><strong>agnoscunt</strong></span> <span class='ocrx_word' id='word_1_600' title='bbox 1532 4497 1676 4564; x_wconf 80' lang='lat' dir='ltr'><strong>ligno</strong></span> <span class='ocrx_word' id='word_1_601' title='bbox 1709 4495 1830 4548; x_wconf 73' lang='lat' dir='ltr'><strong>vita:</strong></span> 
     </span>
    </p>
   </div>
   <div class='ocr_carea' id='block_1_80' title="bbox 253 4566 1829 4625">
    <p class='ocr_par' dir='ltr' id='par_1_80' title="bbox 253 4566 1829 4625">
     <span class='ocr_line' id='line_1_80' title="bbox 253 4566 1829 4625; baseline -0.004 -4"><span class='ocrx_word' id='word_1_602' title='bbox 253 4567 485 4621; x_wconf 88' lang='lat' dir='ltr'><strong>insitum</strong></span> <span class='ocrx_word' id='word_1_603' title='bbox 520 4566 690 4620; x_wconf 84' lang='lat' dir='ltr'><strong>fuisse</strong></span> <span class='ocrx_word' id='word_1_604' title='bbox 717 4567 821 4618; x_wconf 88' lang='lat' dir='ltr'><strong>vim</strong></span> <span class='ocrx_word' id='word_1_605' title='bbox 869 4566 1129 4618; x_wconf 88' lang='lat' dir='ltr'><strong>humores</strong></span> <span class='ocrx_word' id='word_1_606' title='bbox 1175 4566 1492 4619; x_wconf 89' lang='lat' dir='ltr'><strong>moderandi</strong></span> <span class='ocrx_word' id='word_1_607' title='bbox 1522 4603 1536 4625; x_wconf 87' lang='lat'><strong>,</strong></span> <span class='ocrx_word' id='word_1_608' title='bbox 1562 4576 1615 4616; x_wconf 88' lang='lat' dir='ltr'><strong>et</strong></span> <span class='ocrx_word' id='word_1_609' title='bbox 1647 4566 1829 4618; x_wconf 75' lang='lat' dir='ltr'><strong>conci-</strong></span> 
     </span>
    </p>
   </div>
   <div class='ocr_carea' id='block_1_81' title="bbox 254 4633 1828 4706">
    <p class='ocr_par' dir='ltr' id='par_1_81' title="bbox 254 4633 1828 4706">
     <span class='ocr_line' id='line_1_81' title="bbox 254 4633 1828 4706; baseline -0.004 -16"><span class='ocrx_word' id='word_1_610' title='bbox 254 4636 940 4706; x_wconf 58' lang='lat' dir='ltr'><strong>lianda:immortalitatis.</strong></span> <span class='ocrx_word' id='word_1_611' title='bbox 977 4636 1050 4688; x_wconf 89' lang='lat' dir='ltr'><strong>Ita</strong></span> <span class='ocrx_word' id='word_1_612' title='bbox 1096 4633 1828 4706; x_wconf 70' lang='lat' dir='ltr'><strong>Chrysostomus,Severia-</strong></span> 
     </span>
    </p>
   </div>
   <div class='ocr_carea' id='block_1_82' title="bbox 251 4701 1828 4773">
    <p class='ocr_par' dir='ltr' id='par_1_82' title="bbox 251 4701 1828 4773">
     <span class='ocr_line' id='line_1_82' title="bbox 251 4701 1828 4773; baseline -0.004 -13"><span class='ocrx_word' id='word_1_613' title='bbox 251 4721 383 4770; x_wconf 87' lang='lat' dir='ltr'><strong>nus,</strong></span> <span class='ocrx_word' id='word_1_614' title='bbox 421 4703 824 4768; x_wconf 85' lang='lat' dir='ltr'><strong>Theodoretus,</strong></span> <span class='ocrx_word' id='word_1_615' title='bbox 855 4705 1156 4773; x_wconf 74' lang='lat' dir='ltr'><strong>Pi&#39;oi-Opius</strong></span> <span class='ocrx_word' id='word_1_616' title='bbox 1208 4701 1261 4757; x_wconf 81' lang='lat' dir='ltr'><strong>et</strong></span> <span class='ocrx_word' id='word_1_617' title='bbox 1313 4705 1440 4764; x_wconf 89' lang='lat' dir='ltr'><strong>alii.</strong></span> <span class='ocrx_word' id='word_1_618' title='bbox 1474 4705 1566 4771; x_wconf 89' lang='lat' dir='ltr'><strong>qui</strong></span> <span class='ocrx_word' id='word_1_619' title='bbox 1617 4701 1828 4773; x_wconf 83' lang='lat' dir='ltr'><strong>addunt</strong></span> 
     </span>
    </p>
   </div>
   <div class='ocr_carea' id='block_1_83' title="bbox 251 4771 1828 4844">
    <p class='ocr_par' dir='ltr' id='par_1_83' title="bbox 251 4771 1828 4844">
     <span class='ocr_line' id='line_1_83' title="bbox 251 4771 1828 4844; baseline -0.002 -16"><span class='ocrx_word' id='word_1_620' title='bbox 251 4777 466 4844; x_wconf 82' lang='lat' dir='ltr'><strong>lignum</strong></span> <span class='ocrx_word' id='word_1_621' title='bbox 509 4775 611 4827; x_wconf 90' lang='lat' dir='ltr'><strong>hoc</strong></span> <span class='ocrx_word' id='word_1_622' title='bbox 648 4791 975 4829; x_wconf 76' lang='lat' dir='ltr'><strong>coni-essum</strong></span> <span class='ocrx_word' id='word_1_623' title='bbox 1011 4771 1217 4827; x_wconf 86' lang='lat' dir='ltr'><strong>homini</strong></span> <span class='ocrx_word' id='word_1_624' title='bbox 1259 4774 1450 4836; x_wconf 71' lang='lat' dir='ltr'><strong>fuisse,</strong></span> <span class='ocrx_word' id='word_1_625' title='bbox 1487 4781 1544 4844; x_wconf 85' lang='lat' dir='ltr'><strong>ut</strong></span> <span class='ocrx_word' id='word_1_626' title='bbox 1567 4771 1828 4826; x_wconf 84' lang='lat' dir='ltr'><strong>obedien-</strong></span> 
     </span>
    </p>
   </div>
   <div class='ocr_carea' id='block_1_84' title="bbox 251 4843 1827 4913">
    <p class='ocr_par' dir='ltr' id='par_1_84' title="bbox 251 4843 1827 4913">
     <span class='ocr_line' id='line_1_84' title="bbox 251 4843 1827 4913; baseline -0.003 -15"><span class='ocrx_word' id='word_1_627' title='bbox 251 4843 344 4898; x_wconf 79' lang='lat' dir='ltr'><strong>tia:</strong></span> <span class='ocrx_word' id='word_1_628' title='bbox 397 4844 542 4904; x_wconf 84' lang='lat' dir='ltr'><strong>illius</strong></span> <span class='ocrx_word' id='word_1_629' title='bbox 590 4846 872 4912; x_wconf 69' lang='lat' dir='ltr'><strong>praemium</strong></span> <span class='ocrx_word' id='word_1_630' title='bbox 931 4844 1086 4896; x_wconf 88' lang='lat' dir='ltr'><strong>foret.</strong></span> <span class='ocrx_word' id='word_1_631' title='bbox 1127 4845 1201 4897; x_wconf 57' lang='grc' dir='ltr'><strong>Ε(</strong></span> <span class='ocrx_word' id='word_1_632' title='bbox 1235 4859 1345 4913; x_wconf 91' lang='lat' dir='ltr'><strong>quo</strong></span> <span class='ocrx_word' id='word_1_633' title='bbox 1388 4843 1706 4896; x_wconf 80' lang='lat' dir='ltr'><strong>confutatur</strong></span> <span class='ocrx_word' id='word_1_634' title='bbox 1737 4859 1827 4895; x_wconf 88' lang='lat' dir='ltr'><strong>ve-</strong></span> 
     </span>
    </p>
   </div>
   <div class='ocr_carea' id='block_1_85' title="bbox 251 4913 1825 4982">
    <p class='ocr_par' dir='ltr' id='par_1_85' title="bbox 251 4913 1825 4982">
     <span class='ocr_line' id='line_1_85' title="bbox 251 4913 1825 4982; baseline -0.002 -14"><span class='ocrx_word' id='word_1_635' title='bbox 251 4923 439 4969; x_wconf 85' lang='lat' dir='ltr'><strong>tustus</strong></span> <span class='ocrx_word' id='word_1_636' title='bbox 474 4923 687 4976; x_wconf 84' lang='lat' dir='ltr'><strong>auctor,</strong></span> <span class='ocrx_word' id='word_1_637' title='bbox 719 4915 808 4980; x_wconf 80' lang='lat' dir='ltr'><strong>qui</strong></span> <span class='ocrx_word' id='word_1_638' title='bbox 861 4915 1093 4966; x_wconf 68' lang='lat' dir='ltr'><strong>asseruit</strong></span> <span class='ocrx_word' id='word_1_639' title='bbox 1142 4916 1649 4982; x_wconf 84' lang='lat' dir='ltr'><strong>primosparentes</strong></span> <span class='ocrx_word' id='word_1_640' title='bbox 1692 4913 1825 4965; x_wconf 89' lang='lat' dir='ltr'><strong>solis</strong></span> 
     </span>
    </p>
   </div>
   <div class='ocr_carea' id='block_1_86' title="bbox 250 4982 1825 5050">
    <p class='ocr_par' dir='ltr' id='par_1_86' title="bbox 250 4982 1825 5050">
     <span class='ocr_line' id='line_1_86' title="bbox 250 4982 1825 5050; baseline -0.001 -14"><span class='ocrx_word' id='word_1_641' title='bbox 250 4985 408 5037; x_wconf 85' lang='lat' dir='ltr'><strong>auris</strong></span> <span class='ocrx_word' id='word_1_642' title='bbox 436 4992 562 5036; x_wconf 85' lang='lat' dir='ltr'><strong>ante</strong></span> <span class='ocrx_word' id='word_1_643' title='bbox 595 4997 872 5050; x_wconf 61' lang='lat' dir='ltr'><strong>pes-catum</strong></span> <span class='ocrx_word' id='word_1_644' title='bbox 899 4985 1210 5036; x_wconf 74' lang='lat' dir='ltr'><strong>victitasse:</strong></span> <span class='ocrx_word' id='word_1_645' title='bbox 1238 4983 1448 5036; x_wconf 87' lang='lat' dir='ltr'><strong>futuros</strong></span> <span class='ocrx_word' id='word_1_646' title='bbox 1481 4983 1624 5037; x_wconf 88' lang='lat' dir='ltr'><strong>enim</strong></span> <span class='ocrx_word' id='word_1_647' title='bbox 1656 4982 1825 5035; x_wconf 66' lang='lat' dir='ltr'><strong>fuisw</strong></span> 
     </span>
    </p>
   </div>
   <div class='ocr_carea' id='block_1_87' title="bbox 252 5051 1823 5109">
    <p class='ocr_par' dir='ltr' id='par_1_87' title="bbox 252 5051 1823 5109">
     <span class='ocr_line' id='line_1_87' title="bbox 252 5051 1823 5109; baseline -0.001 -3"><span class='ocrx_word' id='word_1_648' title='bbox 252 5053 500 5106; x_wconf 84' lang='lat' dir='ltr'><strong>interitni</strong></span> <span class='ocrx_word' id='word_1_649' title='bbox 550 5053 842 5109; x_wconf 78' lang='lat' dir='ltr'><strong>obnoxios.</strong></span> <span class='ocrx_word' id='word_1_650' title='bbox 872 5053 915 5106; x_wconf 89' lang='lat' dir='ltr'><strong>si</strong></span> <span class='ocrx_word' id='word_1_651' title='bbox 961 5053 1273 5105; x_wconf 78' lang='lat' dir='ltr'><strong>sensibilem</strong></span> <span class='ocrx_word' id='word_1_652' title='bbox 1322 5053 1504 5105; x_wconf 87' lang='lat' dir='ltr'><strong>cibum</strong></span> <span class='ocrx_word' id='word_1_653' title='bbox 1553 5051 1823 5105; x_wconf 73' lang='lat' dir='ltr'><strong>odissent.-</strong></span> 
     </span>
    </p>
   </div>
   <div class='ocr_carea' id='block_1_88' title="bbox 251 5121 1826 5188">
    <p class='ocr_par' dir='ltr' id='par_1_88' title="bbox 251 5121 1826 5188">
     <span class='ocr_line' id='line_1_88' title="bbox 251 5121 1826 5188; baseline -0.001 -14"><span class='ocrx_word' id='word_1_654' title='bbox 251 5124 525 5188; x_wconf 81' lang='lat' dir='ltr'><strong>Quocirca</strong></span> <span class='ocrx_word' id='word_1_655' title='bbox 560 5123 842 5175; x_wconf 68' lang='lat' dir='ltr'><strong>Neuwsius</strong></span> <span class='ocrx_word' id='word_1_656' title='bbox 871 5139 932 5174; x_wconf 81' lang='lat' dir='ltr'><strong>ex</strong></span> <span class='ocrx_word' id='word_1_657' title='bbox 978 5121 1357 5184; x_wconf 66' lang='lat' dir='ltr'><strong>ili-brmorum,</strong></span> <span class='ocrx_word' id='word_1_658' title='bbox 1391 5129 1444 5174; x_wconf 90' lang='grc' dir='ltr'><strong>ιιι</strong></span> <span class='ocrx_word' id='word_1_659' title='bbox 1477 5121 1572 5183; x_wconf 83' lang='lat' dir='ltr'><strong>ait,</strong></span> <span class='ocrx_word' id='word_1_660' title='bbox 1604 5130 1826 5174; x_wconf 80' lang='lat' dir='ltr'><strong>senten—</strong></span> 
     </span>
    </p>
   </div>
   <div class='ocr_carea' id='block_1_89' title="bbox 252 5189 1826 5255">
    <p class='ocr_par' dir='ltr' id='par_1_89' title="bbox 252 5189 1826 5255">
     <span class='ocr_line' id='line_1_89' title="bbox 252 5189 1826 5255; baseline -0.003 -9"><span class='ocrx_word' id='word_1_661' title='bbox 252 5203 326 5246; x_wconf 84' lang='lat' dir='ltr'><strong>tia</strong></span> <span class='ocrx_word' id='word_1_662' title='bbox 349 5195 531 5255; x_wconf 87' lang='lat' dir='ltr'><strong>docet,</strong></span> <span class='ocrx_word' id='word_1_663' title='bbox 571 5193 846 5243; x_wconf 87' lang='lat' dir='ltr'><strong>hominem</strong></span> <span class='ocrx_word' id='word_1_664' title='bbox 875 5195 946 5243; x_wconf 86' lang='lat' dir='ltr'><strong>ita</strong></span> <span class='ocrx_word' id='word_1_665' title='bbox 978 5193 1260 5245; x_wconf 81' lang='lat' dir='ltr'><strong>conditum</strong></span> <span class='ocrx_word' id='word_1_666' title='bbox 1293 5206 1415 5244; x_wconf 89' lang='lat' dir='ltr'><strong>esse</strong></span> <span class='ocrx_word' id='word_1_667' title='bbox 1444 5205 1471 5242; x_wconf 91' lang='lat' dir='ltr'><strong>a</strong></span> <span class='ocrx_word' id='word_1_668' title='bbox 1497 5189 1624 5253; x_wconf 88' lang='lat' dir='ltr'><strong>Deo,</strong></span> <span class='ocrx_word' id='word_1_669' title='bbox 1654 5201 1708 5243; x_wconf 88' lang='lat' dir='ltr'><strong>ut</strong></span> <span class='ocrx_word' id='word_1_670' title='bbox 1737 5207 1826 5242; x_wconf 72' lang='lat' dir='ltr'><strong>nec</strong></span> 
     </span>
    </p>
   </div>
   <div class='ocr_carea' id='block_1_90' title="bbox 251 5260 1827 5328">
    <p class='ocr_par' dir='ltr' id='par_1_90' title="bbox 251 5260 1827 5328">
     <span class='ocr_line' id='line_1_90' title="bbox 251 5260 1827 5328; baseline -0.002 -15"><span class='ocrx_word' id='word_1_671' title='bbox 251 5263 412 5328; x_wconf 83' lang='lat' dir='ltr'><strong>plane</strong></span> <span class='ocrx_word' id='word_1_672' title='bbox 448 5261 726 5324; x_wconf 86' lang='lat' dir='ltr'><strong>mortalis,</strong></span> <span class='ocrx_word' id='word_1_673' title='bbox 766 5277 855 5313; x_wconf 85' lang='lat' dir='ltr'><strong>nec</strong></span> <span class='ocrx_word' id='word_1_674' title='bbox 909 5263 1070 5315; x_wconf 86' lang='lat' dir='ltr'><strong>etiam</strong></span> <span class='ocrx_word' id='word_1_675' title='bbox 1117 5260 1436 5314; x_wconf 84' lang='lat' dir='ltr'><strong>inmtortalis</strong></span> <span class='ocrx_word' id='word_1_676' title='bbox 1483 5270 1658 5322; x_wconf 87' lang='lat' dir='ltr'><strong>esset,</strong></span> <span class='ocrx_word' id='word_1_677' title='bbox 1704 5260 1827 5311; x_wconf 74' lang='grc' dir='ltr'>οὔτε</span> 
     </span>
    </p>
   </div>
   <div class='ocr_carea' id='block_1_91' title="bbox 253 5331 1831 5399">
    <p class='ocr_par' dir='ltr' id='par_1_91' title="bbox 253 5331 1831 5399">
     <span class='ocr_line' id='line_1_91' title="bbox 253 5331 1831 5399; baseline -0.001 -16"><span class='ocrx_word' id='word_1_678' title='bbox 253 5331 449 5399; x_wconf 69' lang='grc' dir='ltr'>θνητὸν</span> <span class='ocrx_word' id='word_1_679' title='bbox 475 5331 939 5399; x_wconf 74' lang='grc' dir='ltr'>ὁμολογουμένως,</span> <span class='ocrx_word' id='word_1_680' title='bbox 972 5331 1096 5383; x_wconf 77' lang='grc' dir='ltr'>ούτε</span> <span class='ocrx_word' id='word_1_681' title='bbox 1125 5332 1408 5394; x_wconf 80' lang='grc' dir='ltr'>ἀθάνατον,</span> <span class='ocrx_word' id='word_1_682' title='bbox 1440 5331 1529 5384; x_wconf 83' lang='lat' dir='ltr'><strong>sed</strong></span> <span class='ocrx_word' id='word_1_683' title='bbox 1553 5332 1604 5382; x_wconf 86' lang='lat' dir='ltr'><strong>in</strong></span> <span class='ocrx_word' id='word_1_684' title='bbox 1633 5331 1831 5382; x_wconf 83' lang='lat' dir='ltr'><strong>utrius-</strong></span> 
     </span>
    </p>
   </div>
   <div class='ocr_carea' id='block_1_92' title="bbox 248 5401 1830 5472">
    <p class='ocr_par' dir='ltr' id='par_1_92' title="bbox 248 5401 1830 5472">
     <span class='ocr_line' id='line_1_92' title="bbox 248 5401 1830 5472; baseline -0.001 -20"><span class='ocrx_word' id='word_1_685' title='bbox 248 5417 352 5472; x_wconf 82' lang='lat' dir='ltr'><strong>que</strong></span> <span class='ocrx_word' id='word_1_686' title='bbox 382 5411 587 5453; x_wconf 73' lang='lat' dir='ltr'><strong>natura:</strong></span> <span class='ocrx_word' id='word_1_687' title='bbox 619 5403 868 5472; x_wconf 79' lang='lat' dir='ltr'><strong>conﬁnio,</strong></span> <span class='ocrx_word' id='word_1_688' title='bbox 905 5411 960 5452; x_wconf 88' lang='lat' dir='ltr'><strong>ut</strong></span> <span class='ocrx_word' id='word_1_689' title='bbox 1000 5402 1046 5454; x_wconf 84' lang='lat' dir='ltr'><strong>si</strong></span> <span class='ocrx_word' id='word_1_690' title='bbox 1093 5401 1456 5469; x_wconf 75' lang='lat' dir='ltr'><strong>affectionibus</strong></span> <span class='ocrx_word' id='word_1_691' title='bbox 1504 5402 1739 5472; x_wconf 70' lang='lat' dir='ltr'><strong>corporis</strong></span> <span class='ocrx_word' id='word_1_692' title='bbox 1783 5409 1830 5451; x_wconf 79' lang='lat' dir='ltr'><strong>et</strong></span> 
     </span>
    </p>
   </div>
   <div class='ocr_carea' id='block_1_93' title="bbox 251 5470 1831 5539">
    <p class='ocr_par' dir='ltr' id='par_1_93' title="bbox 251 5470 1831 5539">
     <span class='ocr_line' id='line_1_93' title="bbox 251 5470 1831 5539; baseline -0.003 -15"><span class='ocrx_word' id='word_1_693' title='bbox 251 5470 382 5524; x_wconf 76' lang='lat' dir='ltr'><strong>t-itio</strong></span> <span class='ocrx_word' id='word_1_694' title='bbox 413 5487 466 5522; x_wconf 78' lang='lat' dir='ltr'><strong>se</strong></span> <span class='ocrx_word' id='word_1_695' title='bbox 496 5470 801 5534; x_wconf 74' lang='lat' dir='ltr'><strong>dedidisset,</strong></span> <span class='ocrx_word' id='word_1_696' title='bbox 824 5487 1102 5539; x_wconf 82' lang='lat' dir='ltr'><strong>corporum</strong></span> <span class='ocrx_word' id='word_1_697' title='bbox 1135 5472 1448 5522; x_wconf 79' lang='lat' dir='ltr'><strong>mutationes</strong></span> <span class='ocrx_word' id='word_1_698' title='bbox 1478 5471 1831 5536; x_wconf 67' lang='lat' dir='ltr'><strong>experiretur;</strong></span> 
     </span>
    </p>
   </div>
   <div class='ocr_carea' id='block_1_94' title="bbox 250 5539 1824 5604">
    <p class='ocr_par' dir='ltr' id='par_1_94' title="bbox 250 5539 1824 5604">
     <span class='ocr_line' id='line_1_94' title="bbox 250 5539 1824 5604; baseline -0.003 -10"><span class='ocrx_word' id='word_1_699' title='bbox 250 5543 338 5594; x_wconf 81' lang='lat' dir='ltr'><strong>sm</strong></span> <span class='ocrx_word' id='word_1_700' title='bbox 379 5549 551 5592; x_wconf 84' lang='lat' dir='ltr'><strong>autem</strong></span> <span class='ocrx_word' id='word_1_701' title='bbox 590 5542 754 5593; x_wconf 87' lang='lat' dir='ltr'><strong>animi</strong></span> <span class='ocrx_word' id='word_1_702' title='bbox 784 5543 916 5593; x_wconf 86' lang='lat' dir='ltr'><strong>bona</strong></span> <span class='ocrx_word' id='word_1_703' title='bbox 948 5541 1172 5604; x_wconf 86' lang='lat' dir='ltr'><strong>coleret,</strong></span> <span class='ocrx_word' id='word_1_704' title='bbox 1210 5539 1575 5592; x_wconf 83' lang='lat' dir='ltr'><strong>traduceretur</strong></span> <span class='ocrx_word' id='word_1_705' title='bbox 1616 5540 1685 5591; x_wconf 85' lang='lat' dir='ltr'><strong>ad</strong></span> <span class='ocrx_word' id='word_1_706' title='bbox 1724 5541 1824 5592; x_wconf 89' lang='lat' dir='ltr'><strong>im-</strong></span> 
     </span>
    </p>
   </div>
   <div class='ocr_carea' id='block_1_95' title="bbox 252 5610 1824 5680">
    <p class='ocr_par' dir='ltr' id='par_1_95' title="bbox 252 5610 1824 5680">
     <span class='ocr_line' id='line_1_95' title="bbox 252 5610 1824 5680; baseline 0 -18"><span class='ocrx_word' id='word_1_707' title='bbox 252 5610 666 5671; x_wconf 84' lang='lat' dir='ltr'><strong>mortalitatem;</strong></span> <span class='ocrx_word' id='word_1_708' title='bbox 696 5627 790 5679; x_wconf 89' lang='lat' dir='ltr'><strong>per</strong></span> <span class='ocrx_word' id='word_1_709' title='bbox 824 5613 1027 5680; x_wconf 77' lang='lat' dir='ltr'><strong>lignum</strong></span> <span class='ocrx_word' id='word_1_710' title='bbox 1065 5611 1182 5663; x_wconf 73' lang='lat' dir='ltr'><strong>vitae</strong></span> <span class='ocrx_word' id='word_1_711' title='bbox 1220 5611 1452 5670; x_wconf 85' lang='lat' dir='ltr'><strong>scilicet,</strong></span> <span class='ocrx_word' id='word_1_712' title='bbox 1481 5610 1534 5662; x_wconf 91' lang='lat' dir='ltr'><strong>in</strong></span> <span class='ocrx_word' id='word_1_713' title='bbox 1592 5626 1701 5679; x_wconf 93' lang='lat' dir='ltr'><strong>quo</strong></span> <span class='ocrx_word' id='word_1_714' title='bbox 1741 5610 1824 5662; x_wconf 91' lang='lat' dir='ltr'><strong>hic</strong></span> 
     </span>
    </p>
   </div>
   <div class='ocr_carea' id='block_1_96' title="bbox 252 5679 1827 5748">
    <p class='ocr_par' dir='ltr' id='par_1_96' title="bbox 252 5679 1827 5748">
     <span class='ocr_line' id='line_1_96' title="bbox 252 5679 1827 5748; baseline 0.001 -18"><span class='ocrx_word' id='word_1_715' title='bbox 252 5689 448 5733; x_wconf 86' lang='lat' dir='ltr'><strong>auctor</strong></span> <span class='ocrx_word' id='word_1_716' title='bbox 473 5680 727 5734; x_wconf 78' lang='lat' dir='ltr'><strong>eximiam</strong></span> <span class='ocrx_word' id='word_1_717' title='bbox 764 5679 1032 5748; x_wconf 80' lang='lat' dir='ltr'><strong>ejusmodi</strong></span> <span class='ocrx_word' id='word_1_718' title='bbox 1065 5681 1317 5732; x_wconf 77' lang='lat' dir='ltr'><strong>virtutem</strong></span> <span class='ocrx_word' id='word_1_719' title='bbox 1351 5679 1632 5733; x_wconf 76' lang='lat' dir='ltr'><strong>exstitisse</strong></span> <span class='ocrx_word' id='word_1_720' title='bbox 1658 5695 1827 5748; x_wconf 71' lang='lat' dir='ltr'><strong>agno~</strong></span> 
     </span>
    </p>
   </div>
   <div class='ocr_carea' id='block_1_97' title="bbox 252 5748 1824 5819">
    <p class='ocr_par' dir='ltr' id='par_1_97' title="bbox 252 5748 1824 5819">
     <span class='ocr_line' id='line_1_97' title="bbox 252 5748 1824 5819; baseline -0.003 -16"><span class='ocrx_word' id='word_1_721' title='bbox 252 5752 381 5804; x_wconf 83' lang='lat' dir='ltr'><strong>scit.</strong></span> <span class='ocrx_word' id='word_1_722' title='bbox 410 5749 531 5804; x_wconf 69' lang='lat' dir='ltr'><strong>llaec</strong></span> <span class='ocrx_word' id='word_1_723' title='bbox 571 5751 785 5819; x_wconf 84' lang='lat' dir='ltr'><strong>aliaque</strong></span> <span class='ocrx_word' id='word_1_724' title='bbox 816 5752 970 5803; x_wconf 76' lang='lat' dir='ltr'><strong>atl&#39;ert</strong></span> <span class='ocrx_word' id='word_1_725' title='bbox 1004 5748 1314 5814; x_wconf 69' lang='lat' dir='ltr'><strong>Nemesim,</strong></span> <span class='ocrx_word' id='word_1_726' title='bbox 1345 5765 1463 5815; x_wconf 72' lang='lat' dir='ltr'><strong>qtae</strong></span> <span class='ocrx_word' id='word_1_727' title='bbox 1510 5764 1632 5803; x_wconf 89' lang='lat' dir='ltr'><strong>cum</strong></span> <span class='ocrx_word' id='word_1_728' title='bbox 1656 5766 1824 5818; x_wconf 73' lang='lat' dir='ltr'><strong>expu-</strong></span> 
     </span>
    </p>
   </div>
   <div class='ocr_carea' id='block_1_98' title="bbox 1940 3729 3512 3800">
    <p class='ocr_par' dir='ltr' id='par_1_98' title="bbox 1940 3729 3512 3800">
     <span class='ocr_line' id='line_1_98' title="bbox 1940 3729 3512 3800; baseline -0.001 -16"><span class='ocrx_word' id='word_1_729' title='bbox 1940 3733 2088 3799; x_wconf 73' lang='lat' dir='ltr'><strong>ligno</strong></span> <span class='ocrx_word' id='word_1_730' title='bbox 2145 3731 2390 3786; x_wconf 68' lang='lat' dir='ltr'><strong>scientia:</strong></span> <span class='ocrx_word' id='word_1_731' title='bbox 2440 3730 2786 3800; x_wconf 78' lang='lat' dir='ltr'><strong>congcnitatn</strong></span> <span class='ocrx_word' id='word_1_732' title='bbox 2819 3729 3107 3800; x_wconf 50' lang='lat' dir='ltr'><strong>ejusmodi</strong></span> <span class='ocrx_word' id='word_1_733' title='bbox 3169 3729 3340 3782; x_wconf 86' lang='lat' dir='ltr'><strong>fuisse</strong></span> <span class='ocrx_word' id='word_1_734' title='bbox 3387 3744 3512 3798; x_wconf 85' lang='lat' dir='ltr'><strong>pro-</strong></span> 
     </span>
    </p>
   </div>
   <div class='ocr_carea' id='block_1_99' title="bbox 1938 3797 3506 3870">
    <p class='ocr_par' dir='ltr' id='par_1_99' title="bbox 1938 3797 3506 3870">
     <span class='ocr_line' id='line_1_99' title="bbox 1938 3797 3506 3870; baseline 0.001 -20"><span class='ocrx_word' id='word_1_735' title='bbox 1938 3797 2222 3870; x_wconf 81' lang='lat' dir='ltr'><strong>prietatent</strong></span> <span class='ocrx_word' id='word_1_736' title='bbox 2249 3800 2522 3870; x_wconf 80' lang='lat' dir='ltr'><strong>concedit,</strong></span> <span class='ocrx_word' id='word_1_737' title='bbox 2551 3797 2617 3870; x_wconf 63' lang='lat' dir='ltr'><strong>tit</strong></span> <span class='ocrx_word' id='word_1_738' title='bbox 2658 3799 2750 3868; x_wconf 82' lang='lat' dir='ltr'><strong>qui</strong></span> <span class='ocrx_word' id='word_1_739' title='bbox 2782 3797 2902 3870; x_wconf 77' lang='lat' dir='ltr'><strong>ejus</strong></span> <span class='ocrx_word' id='word_1_740' title='bbox 2937 3797 3112 3870; x_wconf 79' lang='lat' dir='ltr'><strong>frticttl</strong></span> <span class='ocrx_word' id='word_1_741' title='bbox 3150 3797 3506 3870; x_wconf 74' lang='lat' dir='ltr'><strong>vescerentur</strong></span> 
     </span>
    </p>
   </div>
   <div class='ocr_carea' id='block_1_100' title="bbox 1940 3867 3506 3938">
    <p class='ocr_par' dir='ltr' id='par_1_100' title="bbox 1940 3867 3506 3938">
     <span class='ocr_line' id='line_1_100' title="bbox 1940 3867 3506 3938; baseline -0.001 -14"><span class='ocrx_word' id='word_1_742' title='bbox 1940 3867 2236 3938; x_wconf 80' lang='lat' dir='ltr'><strong>perfectam</strong></span> <span class='ocrx_word' id='word_1_743' title='bbox 2285 3870 2411 3923; x_wconf 87' lang='lat' dir='ltr'><strong>boni</strong></span> <span class='ocrx_word' id='word_1_744' title='bbox 2443 3867 2687 3938; x_wconf 82' lang='lat' dir='ltr'><strong>malique</strong></span> <span class='ocrx_word' id='word_1_745' title='bbox 2730 3869 3117 3938; x_wconf 86' lang='lat' dir='ltr'><strong>perfectionem</strong></span> <span class='ocrx_word' id='word_1_746' title='bbox 3155 3869 3506 3924; x_wconf 90' lang='lat' dir='ltr'><strong>obtinerent:</strong></span> 
     </span>
    </p>
   </div>
   <div class='ocr_carea' id='block_1_101' title="bbox 1936 3937 3510 4007">
    <p class='ocr_par' dir='ltr' id='par_1_101' title="bbox 1936 3937 3510 4007">
     <span class='ocr_line' id='line_1_101' title="bbox 1936 3937 3510 4007; baseline 0.002 -17"><span class='ocrx_word' id='word_1_747' title='bbox 1936 3937 2054 3993; x_wconf 76' lang='lat' dir='ltr'><strong>eam</strong></span> <span class='ocrx_word' id='word_1_748' title='bbox 2087 3957 2218 3993; x_wconf 85' lang='lat' dir='ltr'><strong>vero</strong></span> <span class='ocrx_word' id='word_1_749' title='bbox 2247 3940 2456 3993; x_wconf 76' lang='lat' dir='ltr'><strong>Adamo</strong></span> <span class='ocrx_word' id='word_1_750' title='bbox 2497 3937 2606 3992; x_wconf 86' lang='lat' dir='ltr'><strong>non</strong></span> <span class='ocrx_word' id='word_1_751' title='bbox 2660 3939 2974 3998; x_wconf 79' lang='lat' dir='ltr'><strong>obvenisse,</strong></span> <span class='ocrx_word' id='word_1_752' title='bbox 3003 3937 3096 4006; x_wconf 89' lang='lat' dir='ltr'><strong>qui</strong></span> <span class='ocrx_word' id='word_1_753' title='bbox 3137 3946 3328 3992; x_wconf 73' lang='lat' dir='ltr'><strong>contra</strong></span> <span class='ocrx_word' id='word_1_754' title='bbox 3374 3955 3510 4007; x_wconf 75' lang='lat' dir='ltr'><strong>pra:-</strong></span> 
     </span>
    </p>
   </div>
   <div class='ocr_carea' id='block_1_102' title="bbox 1937 4007 3506 4078">
    <p class='ocr_par' dir='ltr' id='par_1_102' title="bbox 1937 4007 3506 4078">
     <span class='ocr_line' id='line_1_102' title="bbox 1937 4007 3506 4078; baseline 0.001 -15"><span class='ocrx_word' id='word_1_755' title='bbox 1937 4018 2156 4078; x_wconf 81' lang='lat' dir='ltr'><strong>coptum</strong></span> <span class='ocrx_word' id='word_1_756' title='bbox 2213 4009 2303 4062; x_wconf 89' lang='lat' dir='ltr'><strong>Dei</strong></span> <span class='ocrx_word' id='word_1_757' title='bbox 2343 4017 2474 4063; x_wconf 88' lang='lat' dir='ltr'><strong>ante</strong></span> <span class='ocrx_word' id='word_1_758' title='bbox 2507 4018 2710 4062; x_wconf 89' lang='lat' dir='ltr'><strong>statum</strong></span> <span class='ocrx_word' id='word_1_759' title='bbox 2750 4015 2978 4078; x_wconf 12' lang='lat' dir='ltr'><strong>tempus,</strong></span> <span class='ocrx_word' id='word_1_760' title='bbox 3003 4007 3377 4078; x_wconf 17' lang='lat' dir='ltr'><strong>cibnmihunc</strong></span> <span class='ocrx_word' id='word_1_761' title='bbox 3416 4024 3506 4064; x_wconf 89' lang='lat' dir='ltr'><strong>co-</strong></span> 
     </span>
    </p>
   </div>
   <div class='ocr_carea' id='block_1_103' title="bbox 1936 4077 3508 4144">
    <p class='ocr_par' dir='ltr' id='par_1_103' title="bbox 1936 4077 3508 4144">
     <span class='ocr_line' id='line_1_103' title="bbox 1936 4077 3508 4144; baseline 0 -12"><span class='ocrx_word' id='word_1_762' title='bbox 1936 4077 2197 4136; x_wconf 87' lang='lat' dir='ltr'><strong>mederat.</strong></span> <span class='ocrx_word' id='word_1_763' title='bbox 2244 4078 2394 4133; x_wconf 83' lang='lat' dir='ltr'><strong>llanc</strong></span> <span class='ocrx_word' id='word_1_764' title='bbox 2449 4088 2631 4132; x_wconf 86' lang='lat' dir='ltr'><strong>tamen</strong></span> <span class='ocrx_word' id='word_1_765' title='bbox 2689 4077 3145 4144; x_wconf 81' lang='lat' dir='ltr'><strong>conjectatioucm</strong></span> <span class='ocrx_word' id='word_1_766' title='bbox 3198 4077 3508 4133; x_wconf 82' lang='lat' dir='ltr'><strong>Methodius</strong></span> 
     </span>
    </p>
   </div>
   <div class='ocr_carea' id='block_1_104' title="bbox 1935 4145 3508 4218">
    <p class='ocr_par' dir='ltr' id='par_1_104' title="bbox 1935 4145 3508 4218">
     <span class='ocr_line' id='line_1_104' title="bbox 1935 4145 3508 4218; baseline 0.001 -16"><span class='ocrx_word' id='word_1_767' title='bbox 1935 4149 2335 4218; x_wconf 84' lang='lat' dir='ltr'><strong>improbaverat</strong></span> <span class='ocrx_word' id='word_1_768' title='bbox 2358 4150 2410 4202; x_wconf 95' lang='lat' dir='ltr'><strong>in</strong></span> <span class='ocrx_word' id='word_1_769' title='bbox 2440 4148 2594 4202; x_wconf 90' lang='lat' dir='ltr'><strong>libris</strong></span> <span class='ocrx_word' id='word_1_770' title='bbox 2626 4148 2887 4202; x_wconf 85' lang='lat' dir='ltr'><strong>adversus</strong></span> <span class='ocrx_word' id='word_1_771' title='bbox 2909 4145 3217 4218; x_wconf 71' lang='lat' dir='ltr'><strong>Origencm,</strong></span> <span class='ocrx_word' id='word_1_772' title='bbox 3241 4157 3298 4199; x_wconf 92' lang='lat' dir='ltr'><strong>nt</strong></span> <span class='ocrx_word' id='word_1_773' title='bbox 3328 4149 3508 4202; x_wconf 88' lang='lat' dir='ltr'><strong>videre</strong></span> 
     </span>
    </p>
   </div>
   <div class='ocr_carea' id='block_1_105' title="bbox 1933 4216 3507 4289">
    <p class='ocr_par' dir='ltr' id='par_1_105' title="bbox 1933 4216 3507 4289">
     <span class='ocr_line' id='line_1_105' title="bbox 1933 4216 3507 4289; baseline -0.001 -18"><span class='ocrx_word' id='word_1_774' title='bbox 1933 4216 2026 4274; x_wconf 77' lang='lat' dir='ltr'><strong>est</strong></span> <span class='ocrx_word' id='word_1_775' title='bbox 2065 4220 2206 4289; x_wconf 89' lang='lat' dir='ltr'><strong>apud</strong></span> <span class='ocrx_word' id='word_1_776' title='bbox 2254 4217 2616 4289; x_wconf 71' lang='lat' dir='ltr'><strong>Epiphaniinn</strong></span> <span class='ocrx_word' id='word_1_777' title='bbox 2650 4258 2666 4282; x_wconf 91' lang='lat'><strong>,</strong></span> <span class='ocrx_word' id='word_1_778' title='bbox 2697 4219 2890 4289; x_wconf 57' lang='lat' dir='ltr'><strong>lucri-5.</strong></span> <span class='ocrx_word' id='word_1_779' title='bbox 2936 4216 3022 4289; x_wconf 68' lang='grc'><strong>64.</strong></span> <span class='ocrx_word' id='word_1_780' title='bbox 3077 4216 3507 4289; x_wconf 72' lang='lat' dir='ltr'><strong>Clirysostoruus</strong></span> 
     </span>
    </p>
   </div>
   <div class='ocr_carea' id='block_1_106' title="bbox 1933 4286 3503 4358">
    <p class='ocr_par' dir='ltr' id='par_1_106' title="bbox 1933 4286 3503 4358">
     <span class='ocr_line' id='line_1_106' title="bbox 1933 4286 3503 4358; baseline -0.001 -18"><span class='ocrx_word' id='word_1_781' title='bbox 1933 4286 2139 4358; x_wconf 78' lang='lat' dir='ltr'><strong>itaque.</strong></span> <span class='ocrx_word' id='word_1_782' title='bbox 2173 4286 2320 4340; x_wconf 66' lang='lat' dir='ltr'><strong>hom.</strong></span> <span class='ocrx_word' id='word_1_783' title='bbox 2353 4286 2416 4342; x_wconf 71' lang='grc'><strong>16</strong></span> <span class='ocrx_word' id='word_1_784' title='bbox 2451 4288 2504 4340; x_wconf 91' lang='lat' dir='ltr'><strong>in</strong></span> <span class='ocrx_word' id='word_1_785' title='bbox 2537 4287 2673 4358; x_wconf 64' lang='lat' dir='ltr'><strong>Gen.</strong></span> <span class='ocrx_word' id='word_1_786' title='bbox 2707 4303 2722 4351; x_wconf 91' lang='lat'><strong>;</strong></span> <span class='ocrx_word' id='word_1_787' title='bbox 2757 4286 3162 4358; x_wconf 80' lang='lat' dir='ltr'><strong>&#39;l&#39;heodoretns.</strong></span> <span class='ocrx_word' id='word_1_788' title='bbox 3194 4295 3390 4355; x_wconf 65' lang='lat' dir='ltr'><strong>quiest.</strong></span> <span class='ocrx_word' id='word_1_789' title='bbox 3413 4287 3503 4349; x_wconf 70' lang='lat'><strong>2&#39;7,</strong></span> 
     </span>
    </p>
   </div>
   <div class='ocr_carea' id='block_1_107' title="bbox 1932 4356 3505 4426">
    <p class='ocr_par' dir='ltr' id='par_1_107' title="bbox 1932 4356 3505 4426">
     <span class='ocr_line' id='line_1_107' title="bbox 1932 4356 3505 4426; baseline -0.001 -15"><span class='ocrx_word' id='word_1_790' title='bbox 1932 4368 1985 4411; x_wconf 87' lang='lat' dir='ltr'><strong>et</strong></span> <span class='ocrx_word' id='word_1_791' title='bbox 2016 4356 2104 4412; x_wconf 83' lang='lat' dir='ltr'><strong>alii</strong></span> <span class='ocrx_word' id='word_1_792' title='bbox 2140 4359 2302 4426; x_wconf 80' lang='lat' dir='ltr'><strong>vulgo</strong></span> <span class='ocrx_word' id='word_1_793' title='bbox 2333 4358 2533 4411; x_wconf 86' lang='lat' dir='ltr'><strong>docent</strong></span> <span class='ocrx_word' id='word_1_794' title='bbox 2579 4357 2684 4410; x_wconf 89' lang='lat' dir='ltr'><strong>hoc</strong></span> <span class='ocrx_word' id='word_1_795' title='bbox 2735 4372 2933 4409; x_wconf 86' lang='lat' dir='ltr'><strong>nomen</strong></span> <span class='ocrx_word' id='word_1_796' title='bbox 2989 4356 3220 4408; x_wconf 89' lang='lat' dir='ltr'><strong>inditmn</strong></span> <span class='ocrx_word' id='word_1_797' title='bbox 3261 4371 3384 4410; x_wconf 89' lang='lat' dir='ltr'><strong>esse</strong></span> <span class='ocrx_word' id='word_1_798' title='bbox 3418 4372 3505 4409; x_wconf 81' lang='lat' dir='ltr'><strong>ar-</strong></span> 
     </span>
    </p>
   </div>
   <div class='ocr_carea' id='block_1_108' title="bbox 1933 4426 3502 4496">
    <p class='ocr_par' dir='ltr' id='par_1_108' title="bbox 1933 4426 3502 4496">
     <span class='ocr_line' id='line_1_108' title="bbox 1933 4426 3502 4496; baseline -0.001 -16"><span class='ocrx_word' id='word_1_799' title='bbox 1933 4427 2074 4489; x_wconf 87' lang='lat' dir='ltr'><strong>bori.</strong></span> <span class='ocrx_word' id='word_1_800' title='bbox 2100 4444 2208 4482; x_wconf 90' lang='lat' dir='ltr'><strong>non</strong></span> <span class='ocrx_word' id='word_1_801' title='bbox 2243 4428 2387 4496; x_wconf 91' lang='lat' dir='ltr'><strong>quod</strong></span> <span class='ocrx_word' id='word_1_802' title='bbox 2420 4427 2545 4481; x_wconf 90' lang='lat' dir='ltr'><strong>boni</strong></span> <span class='ocrx_word' id='word_1_803' title='bbox 2577 4435 2629 4481; x_wconf 92' lang='lat' dir='ltr'><strong>ct</strong></span> <span class='ocrx_word' id='word_1_804' title='bbox 2657 4428 2782 4480; x_wconf 86' lang='lat' dir='ltr'><strong>mali</strong></span> <span class='ocrx_word' id='word_1_805' title='bbox 2817 4426 3102 4479; x_wconf 72' lang='lat' dir='ltr'><strong>scientiam</strong></span> <span class='ocrx_word' id='word_1_806' title='bbox 3141 4436 3321 4492; x_wconf 86' lang='lat' dir='ltr'><strong>posset</strong></span> <span class='ocrx_word' id='word_1_807' title='bbox 3357 4429 3502 4493; x_wconf 78' lang='lat' dir='ltr'><strong>inge-</strong></span> 
     </span>
    </p>
   </div>
   <div class='ocr_carea' id='block_1_109' title="bbox 1932 4496 3504 4565">
    <p class='ocr_par' dir='ltr' id='par_1_109' title="bbox 1932 4496 3504 4565">
     <span class='ocr_line' id='line_1_109' title="bbox 1932 4496 3504 4565; baseline -0.001 -15"><span class='ocrx_word' id='word_1_808' title='bbox 1932 4513 2149 4560; x_wconf 89' lang='lat' dir='ltr'><strong>nerare,</strong></span> <span class='ocrx_word' id='word_1_809' title='bbox 2183 4497 2277 4552; x_wconf 88' lang='lat' dir='ltr'><strong>sed</strong></span> <span class='ocrx_word' id='word_1_810' title='bbox 2311 4497 2438 4565; x_wconf 89' lang='lat' dir='ltr'><strong>quia</strong></span> <span class='ocrx_word' id='word_1_811' title='bbox 2473 4497 2714 4549; x_wconf 87' lang='lat' dir='ltr'><strong>futurum</strong></span> <span class='ocrx_word' id='word_1_812' title='bbox 2748 4502 2886 4556; x_wconf 87' lang='lat' dir='ltr'><strong>erat,</strong></span> <span class='ocrx_word' id='word_1_813' title='bbox 2922 4505 2978 4548; x_wconf 91' lang='lat' dir='ltr'><strong>ut</strong></span> <span class='ocrx_word' id='word_1_814' title='bbox 3015 4496 3106 4565; x_wconf 83' lang='lat' dir='ltr'><strong>qui</strong></span> <span class='ocrx_word' id='word_1_815' title='bbox 3131 4498 3312 4565; x_wconf 78' lang='lat' dir='ltr'><strong>fructu</strong></span> <span class='ocrx_word' id='word_1_816' title='bbox 3357 4496 3504 4548; x_wconf 66' lang='lat' dir='ltr'><strong>illius</strong></span> 
     </span>
    </p>
   </div>
   <div class='ocr_carea' id='block_1_110' title="bbox 1931 4564 3503 4635">
    <p class='ocr_par' dir='ltr' id='par_1_110' title="bbox 1931 4564 3503 4635">
     <span class='ocr_line' id='line_1_110' title="bbox 1931 4564 3503 4635; baseline -0.001 -15"><span class='ocrx_word' id='word_1_817' title='bbox 1931 4576 2269 4630; x_wconf 84' lang='lat' dir='ltr'><strong>vesceretur,</strong></span> <span class='ocrx_word' id='word_1_818' title='bbox 2314 4564 2672 4635; x_wconf 79' lang='lat' dir='ltr'><strong>cognosceret</strong></span> <span class='ocrx_word' id='word_1_819' title='bbox 2702 4565 2943 4628; x_wconf 88' lang='lat' dir='ltr'><strong>tandem,</strong></span> <span class='ocrx_word' id='word_1_820' title='bbox 2967 4564 3130 4633; x_wconf 87' lang='lat' dir='ltr'><strong>quam</strong></span> <span class='ocrx_word' id='word_1_821' title='bbox 3173 4564 3399 4618; x_wconf 88' lang='lat' dir='ltr'><strong>distaret</strong></span> <span class='ocrx_word' id='word_1_822' title='bbox 3427 4566 3503 4619; x_wconf 82' lang='lat' dir='ltr'><strong>fe-</strong></span> 
     </span>
    </p>
   </div>
   <div class='ocr_carea' id='block_1_111' title="bbox 1930 4635 3503 4702">
    <p class='ocr_par' dir='ltr' id='par_1_111' title="bbox 1930 4635 3503 4702">
     <span class='ocr_line' id='line_1_111' title="bbox 1930 4635 3503 4702; baseline -0.001 -14"><span class='ocrx_word' id='word_1_823' title='bbox 1930 4636 2005 4689; x_wconf 80' lang='lat' dir='ltr'><strong>lix</strong></span> <span class='ocrx_word' id='word_1_824' title='bbox 2040 4637 2372 4690; x_wconf 77' lang='lat' dir='ltr'><strong>innocentiae</strong></span> <span class='ocrx_word' id='word_1_825' title='bbox 2407 4645 2583 4688; x_wconf 85' lang='lat' dir='ltr'><strong>status</strong></span> <span class='ocrx_word' id='word_1_826' title='bbox 2620 4653 2648 4688; x_wconf 89' lang='lat' dir='ltr'><strong>a</strong></span> <span class='ocrx_word' id='word_1_827' title='bbox 2695 4635 2931 4688; x_wconf 89' lang='lat' dir='ltr'><strong>miseriis</strong></span> <span class='ocrx_word' id='word_1_828' title='bbox 2983 4647 3192 4688; x_wconf 72' lang='lat' dir='ltr'><strong>natura:</strong></span> <span class='ocrx_word' id='word_1_829' title='bbox 3230 4636 3282 4687; x_wconf 92' lang='lat' dir='ltr'><strong>in</strong></span> <span class='ocrx_word' id='word_1_830' title='bbox 3312 4650 3503 4702; x_wconf 84' lang='lat' dir='ltr'><strong>pecca-</strong></span> 
     </span>
    </p>
   </div>
   <div class='ocr_carea' id='block_1_112' title="bbox 1931 4703 3498 4774">
    <p class='ocr_par' dir='ltr' id='par_1_112' title="bbox 1931 4703 3498 4774">
     <span class='ocr_line' id='line_1_112' title="bbox 1931 4703 3498 4774; baseline -0.001 -17"><span class='ocrx_word' id='word_1_831' title='bbox 1931 4713 2042 4758; x_wconf 89' lang='lat' dir='ltr'><strong>tum</strong></span> <span class='ocrx_word' id='word_1_832' title='bbox 2088 4708 2273 4774; x_wconf 72' lang='lat' dir='ltr'><strong>lapsm;</strong></span> <span class='ocrx_word' id='word_1_833' title='bbox 2305 4705 2663 4773; x_wconf 87' lang='lat' dir='ltr'><strong>Disputarnnt</strong></span> <span class='ocrx_word' id='word_1_834' title='bbox 2722 4706 2852 4774; x_wconf 61' lang='lat' dir='ltr'><strong>olim</strong></span> <span class='ocrx_word' id='word_1_835' title='bbox 2894 4703 3054 4774; x_wconf 86' lang='lat' dir='ltr'><strong>cujus</strong></span> <span class='ocrx_word' id='word_1_836' title='bbox 3106 4706 3324 4774; x_wconf 77' lang='lat' dir='ltr'><strong>generis</strong></span> <span class='ocrx_word' id='word_1_837' title='bbox 3357 4713 3498 4758; x_wconf 84' lang='lat' dir='ltr'><strong>esset</strong></span> 
     </span>
    </p>
   </div>
   <div class='ocr_carea' id='block_1_113' title="bbox 1930 4772 3500 4838">
    <p class='ocr_par' dir='ltr' id='par_1_113' title="bbox 1930 4772 3500 4838">
     <span class='ocr_line' id='line_1_113' title="bbox 1930 4772 3500 4838; baseline -0.001 -10"><span class='ocrx_word' id='word_1_838' title='bbox 1930 4775 2019 4828; x_wconf 89' lang='lat' dir='ltr'><strong>illa</strong></span> <span class='ocrx_word' id='word_1_839' title='bbox 2060 4772 2248 4838; x_wconf 84' lang='lat' dir='ltr'><strong>arbor,</strong></span> <span class='ocrx_word' id='word_1_840' title='bbox 2279 4772 2683 4832; x_wconf 84' lang='lat' dir='ltr'><strong>Theodorctus.</strong></span> <span class='ocrx_word' id='word_1_841' title='bbox 2725 4772 3051 4826; x_wconf 81' lang='lat' dir='ltr'><strong>Theodorus</strong></span> <span class='ocrx_word' id='word_1_842' title='bbox 3101 4773 3500 4833; x_wconf 73' lang='lat' dir='ltr'><strong>Antiochenus.</strong></span> 
     </span>
    </p>
   </div>
   <div class='ocr_carea' id='block_1_114' title="bbox 1929 4843 3502 4914">
    <p class='ocr_par' dir='ltr' id='par_1_114' title="bbox 1929 4843 3502 4914">
     <span class='ocr_line' id='line_1_114' title="bbox 1929 4843 3502 4914; baseline -0.001 -17"><span class='ocrx_word' id='word_1_843' title='bbox 1929 4861 2021 4897; x_wconf 90' lang='lat' dir='ltr'><strong>seu</strong></span> <span class='ocrx_word' id='word_1_844' title='bbox 2072 4845 2490 4914; x_wconf 78' lang='lat' dir='ltr'><strong>Mupsuestenus</strong></span> <span class='ocrx_word' id='word_1_845' title='bbox 2511 4887 2524 4906; x_wconf 87' lang='lat'><strong>,</strong></span> <span class='ocrx_word' id='word_1_846' title='bbox 2557 4854 2608 4897; x_wconf 90' lang='lat' dir='ltr'><strong>et</strong></span> <span class='ocrx_word' id='word_1_847' title='bbox 2639 4852 2837 4914; x_wconf 7' lang='lat' dir='ltr'><strong>auctori</strong></span> <span class='ocrx_word' id='word_1_848' title='bbox 2883 4843 3245 4914; x_wconf 60' lang='lat' dir='ltr'><strong>(pnes-tinuum</strong></span> <span class='ocrx_word' id='word_1_849' title='bbox 3286 4843 3362 4914; x_wconf 67' lang='lat' dir='ltr'><strong>ad</strong></span> <span class='ocrx_word' id='word_1_850' title='bbox 3391 4845 3502 4896; x_wconf 82' lang='lat' dir='ltr'><strong>An-</strong></span> 
     </span>
    </p>
   </div>
   <div class='ocr_carea' id='block_1_115' title="bbox 1927 4909 3502 4985">
    <p class='ocr_par' dir='ltr' id='par_1_115' title="bbox 1927 4909 3502 4985">
     <span class='ocr_line' id='line_1_115' title="bbox 1927 4909 3502 4985; baseline 0 -19"><span class='ocrx_word' id='word_1_851' title='bbox 1927 4909 2189 4977; x_wconf 55' lang='lat' dir='ltr'><strong>tio&#39;chum&#39;,</strong></span> <span class='ocrx_word' id='word_1_852' title='bbox 2225 4923 2415 4985; x_wconf 67' lang='lat' dir='ltr'><strong>quaast.</strong></span> <span class='ocrx_word' id='word_1_853' title='bbox 2447 4915 2533 4974; x_wconf 69' lang='grc' dir='ltr'>ιε),</span> <span class='ocrx_word' id='word_1_854' title='bbox 2567 4914 2722 4985; x_wconf 74' lang='lat' dir='ltr'><strong>ficum</strong></span> <span class='ocrx_word' id='word_1_855' title='bbox 2769 4909 2938 4967; x_wconf 78' lang='lat' dir='ltr'><strong>fuisse</strong></span> <span class='ocrx_word' id='word_1_856' title='bbox 2963 4913 3246 4985; x_wconf 70' lang='lat' dir='ltr'><strong>dcliniunt.</strong></span> <span class='ocrx_word' id='word_1_857' title='bbox 3276 4909 3502 4985; x_wconf 79' lang='lat' dir='ltr'><strong>Opinio-</strong></span> 
     </span>
    </p>
   </div>
   <div class='ocr_carea' id='block_1_116' title="bbox 1929 4981 3498 5052">
    <p class='ocr_par' dir='ltr' id='par_1_116' title="bbox 1929 4981 3498 5052">
     <span class='ocr_line' id='line_1_116' title="bbox 1929 4981 3498 5052; baseline -0.001 -16"><span class='ocrx_word' id='word_1_858' title='bbox 1929 5001 2048 5036; x_wconf 81' lang='lat' dir='ltr'><strong>nem</strong></span> <span class='ocrx_word' id='word_1_859' title='bbox 2085 4981 2343 5038; x_wconf 46' lang='lat' dir='ltr'><strong>hanc&#39;sie</strong></span> <span class='ocrx_word' id='word_1_860' title='bbox 2373 4987 2615 5051; x_wconf 66' lang='lat' dir='ltr'><strong>explodit</strong></span> <span class='ocrx_word' id='word_1_861' title='bbox 2668 4983 2946 5052; x_wconf 74' lang='lat' dir='ltr'><strong>Nyssenus</strong></span> <span class='ocrx_word' id='word_1_862' title='bbox 2996 4983 3045 5034; x_wconf 92' lang='lat' dir='ltr'><strong>in</strong></span> <span class='ocrx_word' id='word_1_863' title='bbox 3081 4981 3401 5036; x_wconf 68' lang='lat' dir='ltr'><strong>[&quot;raai&#39;atione</strong></span> <span class='ocrx_word' id='word_1_864' title='bbox 3446 4983 3498 5035; x_wconf 85' lang='lat' dir='ltr'><strong>lu</strong></span> 
     </span>
    </p>
   </div>
   <div class='ocr_carea' id='block_1_117' title="bbox 1930 5052 3498 5122">
    <p class='ocr_par' dir='ltr' id='par_1_117' title="bbox 1930 5052 3498 5122">
     <span class='ocr_line' id='line_1_117' title="bbox 1930 5052 3498 5122; baseline -0.003 -15"><span class='ocrx_word' id='word_1_865' title='bbox 1930 5055 2087 5108; x_wconf 80' lang='lat' dir='ltr'><strong>Cant.</strong></span> <span class='ocrx_word' id='word_1_866' title='bbox 2117 5055 2312 5108; x_wconf 87' lang='lat' dir='ltr'><strong>cantic.</strong></span> <span class='ocrx_word' id='word_1_867' title='bbox 2335 5063 2393 5108; x_wconf 85' lang='lat' dir='ltr'><strong>ut</strong></span> <span class='ocrx_word' id='word_1_868' title='bbox 2427 5070 2646 5108; x_wconf 79' lang='lat' dir='ltr'><strong>sensum</strong></span> <span class='ocrx_word' id='word_1_869' title='bbox 2679 5055 3027 5122; x_wconf 71' lang='lat' dir='ltr'><strong>allegorientn</strong></span> <span class='ocrx_word' id='word_1_870' title='bbox 3053 5052 3332 5114; x_wconf 84' lang='lat' dir='ltr'><strong>obtrtltlat,</strong></span> <span class='ocrx_word' id='word_1_871' title='bbox 3365 5067 3428 5105; x_wconf 80' lang='lat' dir='ltr'><strong>ac</strong></span> <span class='ocrx_word' id='word_1_872' title='bbox 3455 5057 3498 5105; x_wconf 82' lang='lat' dir='ltr'><strong>si</strong></span> 
     </span>
    </p>
   </div>
   <div class='ocr_carea' id='block_1_118' title="bbox 1933 5123 3497 5191">
    <p class='ocr_par' dir='ltr' id='par_1_118' title="bbox 1933 5123 3497 5191">
     <span class='ocr_line' id='line_1_118' title="bbox 1933 5123 3497 5191; baseline -0.002 -15"><span class='ocrx_word' id='word_1_873' title='bbox 1933 5126 2230 5179; x_wconf 75' lang='lat' dir='ltr'><strong>verisimile</strong></span> <span class='ocrx_word' id='word_1_874' title='bbox 2276 5140 2382 5178; x_wconf 91' lang='lat' dir='ltr'><strong>non</strong></span> <span class='ocrx_word' id='word_1_875' title='bbox 2433 5127 2504 5176; x_wconf 91' lang='lat' dir='ltr'><strong>sit</strong></span> <span class='ocrx_word' id='word_1_876' title='bbox 2539 5123 2812 5176; x_wconf 77' lang='lat' dir='ltr'><strong>hominem</strong></span> <span class='ocrx_word' id='word_1_877' title='bbox 2875 5132 3096 5191; x_wconf 86' lang='lat' dir='ltr'><strong>propter</strong></span> <span class='ocrx_word' id='word_1_878' title='bbox 3148 5123 3295 5174; x_wconf 89' lang='lat' dir='ltr'><strong>illius</strong></span> <span class='ocrx_word' id='word_1_879' title='bbox 3339 5137 3497 5191; x_wconf 80' lang='lat' dir='ltr'><strong>csum</strong></span> 
     </span>
    </p>
   </div>
   <div class='ocr_carea' id='block_1_119' title="bbox 1935 5190 3498 5261">
    <p class='ocr_par' dir='ltr' id='par_1_119' title="bbox 1935 5190 3498 5261">
     <span class='ocr_line' id='line_1_119' title="bbox 1935 5190 3498 5261; baseline -0.002 -15"><span class='ocrx_word' id='word_1_880' title='bbox 1935 5194 2106 5249; x_wconf 87' lang='lat' dir='ltr'><strong>fuisse</strong></span> <span class='ocrx_word' id='word_1_881' title='bbox 2145 5195 2516 5261; x_wconf 72' lang='lat' dir='ltr'><strong>adiudicatum</strong></span> <span class='ocrx_word' id='word_1_882' title='bbox 2576 5193 2734 5246; x_wconf 89' lang='lat' dir='ltr'><strong>morti</strong></span> <span class='ocrx_word' id='word_1_883' title='bbox 2766 5230 2780 5250; x_wconf 87' lang='lat'><strong>,</strong></span> <span class='ocrx_word' id='word_1_884' title='bbox 2814 5208 2935 5245; x_wconf 87' lang='lat' dir='ltr'><strong>cum</strong></span> <span class='ocrx_word' id='word_1_885' title='bbox 2982 5190 3262 5244; x_wconf 70' lang='lat' dir='ltr'><strong>lhnninus</strong></span> <span class='ocrx_word' id='word_1_886' title='bbox 3318 5190 3498 5248; x_wconf 85' lang='lat' dir='ltr'><strong>dicat.</strong></span> 
     </span>
    </p>
   </div>
   <div class='ocr_carea' id='block_1_120' title="bbox 1934 5261 3498 5332">
    <p class='ocr_par' dir='ltr' id='par_1_120' title="bbox 1934 5261 3498 5332">
     <span class='ocr_line' id='line_1_120' title="bbox 1934 5261 3498 5332; baseline -0.003 -17"><span class='ocrx_word' id='word_1_887' title='bbox 1934 5281 2084 5318; x_wconf 86' lang='lat' dir='ltr'><strong>omne</strong></span> <span class='ocrx_word' id='word_1_888' title='bbox 2127 5267 2263 5332; x_wconf 86' lang='lat' dir='ltr'><strong>quod</strong></span> <span class='ocrx_word' id='word_1_889' title='bbox 2296 5265 2461 5316; x_wconf 85' lang='lat' dir='ltr'><strong>intrat</strong></span> <span class='ocrx_word' id='word_1_890' title='bbox 2513 5264 2566 5315; x_wconf 88' lang='lat' dir='ltr'><strong>in</strong></span> <span class='ocrx_word' id='word_1_891' title='bbox 2608 5279 2822 5332; x_wconf 84' lang='lat' dir='ltr'><strong>os,_non</strong></span> <span class='ocrx_word' id='word_1_892' title='bbox 2871 5263 3172 5331; x_wconf 84' lang='lat' dir='ltr'><strong>coinquinat</strong></span> <span class='ocrx_word' id='word_1_893' title='bbox 3216 5261 3498 5332; x_wconf 74' lang='lat' dir='ltr'><strong>hominem,</strong></span> 
     </span>
    </p>
   </div>
   <div class='ocr_carea' id='block_1_121' title="bbox 1936 5329 3496 5403">
    <p class='ocr_par' dir='ltr' id='par_1_121' title="bbox 1936 5329 3496 5403">
     <span class='ocr_line' id='line_1_121' title="bbox 1936 5329 3496 5403; baseline -0.002 -16"><span class='ocrx_word' id='word_1_894' title='bbox 1936 5344 2100 5403; x_wconf 83' lang='lat' dir='ltr'><strong>atque</strong></span> <span class='ocrx_word' id='word_1_895' title='bbox 2126 5329 2380 5388; x_wconf 84' lang='lat' dir='ltr'><strong>universa</strong></span> <span class='ocrx_word' id='word_1_896' title='bbox 2417 5349 2538 5402; x_wconf 75' lang='lat' dir='ltr'><strong>qua:</strong></span> <span class='ocrx_word' id='word_1_897' title='bbox 2567 5329 2705 5403; x_wconf 71' lang='lat' dir='ltr'><strong>Deus</strong></span> <span class='ocrx_word' id='word_1_898' title='bbox 2737 5333 2883 5403; x_wconf 80' lang='lat' dir='ltr'><strong>fecit,</strong></span> <span class='ocrx_word' id='word_1_899' title='bbox 2917 5329 3086 5385; x_wconf 70' lang='lat' dir='ltr'><strong>fuisse</strong></span> <span class='ocrx_word' id='word_1_900' title='bbox 3116 5331 3268 5383; x_wconf 87' lang='lat' dir='ltr'><strong>valde</strong></span> <span class='ocrx_word' id='word_1_901' title='bbox 3305 5331 3496 5403; x_wconf 79' lang='lat' dir='ltr'><strong>bona:</strong></span> 
     </span>
    </p>
   </div>
   <div class='ocr_carea' id='block_1_122' title="bbox 1938 5400 3498 5470">
    <p class='ocr_par' dir='ltr' id='par_1_122' title="bbox 1938 5400 3498 5470">
     <span class='ocr_line' id='line_1_122' title="bbox 1938 5400 3498 5470; baseline -0.003 -14"><span class='ocrx_word' id='word_1_902' title='bbox 1938 5400 2206 5456; x_wconf 70' lang='lat' dir='ltr'><strong>Maximus</strong></span> <span class='ocrx_word' id='word_1_903' title='bbox 2255 5400 2546 5470; x_wconf 78' lang='lat' dir='ltr'><strong>utrumque</strong></span> <span class='ocrx_word' id='word_1_904' title='bbox 2593 5402 2796 5466; x_wconf 72' lang='lat' dir='ltr'><strong>lignum</strong></span> <span class='ocrx_word' id='word_1_905' title='bbox 2839 5401 3068 5466; x_wconf 69' lang='lat' dir='ltr'><strong>figurato</strong></span> <span class='ocrx_word' id='word_1_906' title='bbox 3098 5416 3262 5454; x_wconf 77' lang='lat' dir='ltr'><strong>sensu</strong></span> <span class='ocrx_word' id='word_1_907' title='bbox 3305 5400 3498 5452; x_wconf 61' lang='lat' dir='ltr'><strong>intelli-</strong></span> 
     </span>
    </p>
   </div>
   <div class='ocr_carea' id='block_1_123' title="bbox 1940 5471 3500 5543">
    <p class='ocr_par' dir='ltr' id='par_1_123' title="bbox 1940 5471 3500 5543">
     <span class='ocr_line' id='line_1_123' title="bbox 1940 5471 3500 5543; baseline 0 -21"><span class='ocrx_word' id='word_1_908' title='bbox 1940 5477 2042 5541; x_wconf 73' lang='lat' dir='ltr'><strong>git,</strong></span> <span class='ocrx_word' id='word_1_909' title='bbox 2073 5481 2292 5543; x_wconf 77' lang='lat' dir='ltr'><strong>propter</strong></span> <span class='ocrx_word' id='word_1_910' title='bbox 2322 5472 2684 5543; x_wconf 74' lang='lat' dir='ltr'><strong>difﬁcultates</strong></span> <span class='ocrx_word' id='word_1_911' title='bbox 2707 5485 2825 5536; x_wconf 67' lang='lat' dir='ltr'><strong>(pne</strong></span> <span class='ocrx_word' id='word_1_912' title='bbox 2863 5486 2925 5522; x_wconf 72' lang='lat' dir='ltr'><strong>cx</strong></span> <span class='ocrx_word' id='word_1_913' title='bbox 2987 5471 3500 5543; x_wconf 72' lang='lat' dir='ltr'><strong>scripturaelitteta</strong></span> 
     </span>
    </p>
   </div>
   <div class='ocr_carea' id='block_1_124' title="bbox 1933 5538 3498 5608">
    <p class='ocr_par' dir='ltr' id='par_1_124' title="bbox 1933 5538 3498 5608">
     <span class='ocr_line' id='line_1_124' title="bbox 1933 5538 3498 5608; baseline -0.006 -10"><span class='ocrx_word' id='word_1_914' title='bbox 1933 5538 2194 5608; x_wconf 71' lang='lat' dir='ltr'><strong>consequi</strong></span> <span class='ocrx_word' id='word_1_915' title='bbox 2230 5544 2498 5596; x_wconf 85' lang='lat' dir='ltr'><strong>videntur.</strong></span> <span class='ocrx_word' id='word_1_916' title='bbox 2535 5541 2727 5591; x_wconf 60' lang='lat' dir='ltr'><strong>[Noster</strong></span> <span class='ocrx_word' id='word_1_917' title='bbox 2746 5554 2892 5599; x_wconf 79' lang='lat' dir='ltr'><strong>vero,</strong></span> <span class='ocrx_word' id='word_1_918' title='bbox 2931 5541 3256 5591; x_wconf 86' lang='lat' dir='ltr'><strong>utdiversas</strong></span> <span class='ocrx_word' id='word_1_919' title='bbox 3280 5538 3498 5591; x_wconf 74' lang='lat' dir='ltr'><strong>l‘atrnm</strong></span> 
     </span>
    </p>
   </div>
   <div class='ocr_carea' id='block_1_125' title="bbox 1934 5608 3500 5674">
    <p class='ocr_par' dir='ltr' id='par_1_125' title="bbox 1934 5608 3500 5674">
     <span class='ocr_line' id='line_1_125' title="bbox 1934 5608 3500 5674; baseline -0.008 -7"><span class='ocrx_word' id='word_1_920' title='bbox 1934 5614 2235 5667; x_wconf 77' lang='lat' dir='ltr'><strong>Setitentias</strong></span> <span class='ocrx_word' id='word_1_921' title='bbox 2274 5614 2696 5668; x_wconf 58' lang='lat' dir='ltr'><strong>conciliet,tam</strong></span> <span class='ocrx_word' id='word_1_922' title='bbox 2761 5608 3095 5674; x_wconf 74' lang='lat' dir='ltr'><strong>parmltsum,</strong></span> <span class='ocrx_word' id='word_1_923' title='bbox 3147 5623 3309 5674; x_wconf 89' lang='lat' dir='ltr'><strong>qualn</strong></span> <span class='ocrx_word' id='word_1_924' title='bbox 3360 5609 3500 5674; x_wconf 71' lang='lat' dir='ltr'><strong>ligna</strong></span> 
     </span>
    </p>
   </div>
   <div class='ocr_carea' id='block_1_126' title="bbox 1937 5676 3506 5752">
    <p class='ocr_par' dir='ltr' id='par_1_126' title="bbox 1937 5676 3506 5752">
     <span class='ocr_line' id='line_1_126' title="bbox 1937 5676 3506 5752; baseline 0 -20"><span class='ocrx_word' id='word_1_925' title='bbox 1937 5683 2202 5752; x_wconf 70' lang='lat' dir='ltr'><strong>paradisi,</strong></span> <span class='ocrx_word' id='word_1_926' title='bbox 2237 5683 2536 5734; x_wconf 74' lang='lat' dir='ltr'><strong>secundum</strong></span> <span class='ocrx_word' id='word_1_927' title='bbox 2573 5679 2824 5732; x_wconf 78' lang='lat' dir='ltr'><strong>lilii-ram.</strong></span> <span class='ocrx_word' id='word_1_928' title='bbox 2861 5686 2912 5729; x_wconf 89' lang='lat' dir='ltr'><strong>et</strong></span> <span class='ocrx_word' id='word_1_929' title='bbox 2951 5676 3255 5730; x_wconf 82' lang='lat' dir='ltr'><strong>secundum</strong></span> <span class='ocrx_word' id='word_1_930' title='bbox 3305 5679 3506 5746; x_wconf 64' lang='lat' dir='ltr'><strong>allego-</strong></span> 
     </span>
    </p>
   </div>
   <div class='ocr_carea' id='block_1_127' title="bbox 1936 5754 2532 5821">
    <p class='ocr_par' dir='ltr' id='par_1_127' title="bbox 1936 5754 2532 5821">
     <span class='ocr_line' id='line_1_127' title="bbox 1936 5754 2532 5821; baseline -0.002 -16"><span class='ocrx_word' id='word_1_931' title='bbox 1936 5756 2070 5805; x_wconf 83' lang='lat' dir='ltr'><strong>riam</strong></span> <span class='ocrx_word' id='word_1_932' title='bbox 2122 5754 2532 5821; x_wconf 75' lang='lat' dir='ltr'><strong>interpretatur.</strong></span> 
     </span>
    </p>
   </div>
  </div>
