3962 6300
409 313 514 385 915

1612 309 1670 368 S.
1707 302 2031 368 JOANNIS
2073 295 2504 360 DAMASCENI

3559 283 3664 349 9Ῑῦ

406 430 674 486 contexit.
699 426 859 492 Nam,
886 427 980 481 illo
997 423 1230 480 necdum
1263 423 1574 494 degustato,
1599 420 1765 474 Ambo
1784 418 1977 490 (Adam

2091 413 2242 482 ἔργον
2271 408 2514 479 ἔχοντας,
2537 405 2598 459 τὸ
2641 404 2749 459 τῶν
2779 401 3048 472 ἀγγέλων,
3079 399 3268 469 ὑμνεῖν
3298 395 3548 467 ἀλήκτως
3574 393 3668 448 καὶ

408 523 624 577 scilicet
667 531 720 575 et
765 517 898 587 Eva)
939 516 1068 571 nudi
1101 524 1287 581 erant,
1342 531 1435 569 nec
1483 523 1658 566 tamen
1711 509 1982 566 erubesce-

407 618 534 665 bant
566 611 633 666 “.
675 609 838 664 Tales
873 616 1058 662 autem
1085 622 1186 662 nos
1213 607 1357 660 Deus
1388 618 1512 662 esse
1538 602 1778 664 volebat,
1813 598 1983 653 omni-

407 718 516 774 que
550 701 960 772 perturbatione
993 713 1192 754 vacare
1224 715 1237 751 :
1271 697 1476 768 quippe
1515 692 1663 764 q’uod
1707 689 1879 745 animi
1910 690 1983 743 ab

405 793 555 848 omni
590 791 834 847 libidinis
857 789 1052 845 an‘ectu
1083 786 1433 843 remotissimi
1456 791 1836 854 argumentum
1861 786 1979 844 est;

406 901 469 938 ac
486 887 768 954 praeterea,
793 889 857 936 ut
874 879 1248 936 sollicitudine
1273 877 1420 931 omni
1450 883 1724 940 carentes,
1751 872 1804 926 in
1834 869 1979 924 aliud

405 989 545 1044 opus
577 987 687 1027 non
716 969 1183 1031 incumberemus,
1214 966 1322 1021 nisi
1352 963 1498 1035 quod
1523 963 1840 1034 angelorum
1874 967 1985 1025 est;

407 1081 602 1137 nempe
642 1073 702 1118 ut
735 1071 1039 1119 creatorem
1076 1059 1352 1130 perpetuis
1387 1057 1648 1113 laudibus
1673 1054 1982 1111 celebrare-

409 1174 550 1222 mus,
577 1157 743 1227 inque
767 1155 888 1224 ejus
909 1151 1373 1220 contemplatione
1395 1150 1822 1212 oblectaremur,
1847 1159 1982 1202 cura

407 1249 558 1302 «ιιιιηί
614 1262 780 1318 super
825 1262 949 1301 eum
1001 1245 1243 1314 iactata;
1305 1243 1455 1297 velut
1509 1256 1605 1311 per
1657 1239 1981 1310 prophetam

410 1336 576 1392 David
612 1337 698 1392 his
729 1335 914 1392 verbis
953 1335 1256 1390 declaravit
1286 1350 1301 1386 :
1329 1330 1488 1385 Jacta
1513 1346 1670 1399 super
1702 1329 1982 1383 Dominum

409 1443 593 1482 curam
636 1436 801 1490 tuam,
843 1434 893 1479 et
935 1425 1046 1493 ipse
1096 1434 1144 1477 te
1188 1422 1416 1477 enutriet
1447 1421 1513 1474 “.
1548 1419 1608 1474 In
1668 1418 1982 1489 Evangeliis

409 1531 630 1590 quoque
685 1517 993 1588 discipulos
1041 1531 1176 1571 suos
1218 1515 1453 1578 docens,
1486 1513 1606 1567 ait:
1645 1511 1727 1566 Ne
1763 1511 1982 1566 solliciti

410 1611 526 1666 sitis
557 1611 752 1664 anima:
795 1618 982 1664 vestra:
1019 1609 1147 1677 quid
1183 1605 1533 1661 manducetis.
1574 1620 1735 1674 neque
1774 1603 1985 1673 corpori

411 1713 581 1758 vestro
621 1701 747 1772 quid
781 1701 1080 1754 induamini
1105 1699 1172 1752 ”.
1211 1699 1291 1752 Ac
1328 1713 1566 1752 rursus:
1601 1696 1834 1763 Quwrite
1869 1696 1981 1764 pri-

2085 505 2446 566 ἀδιαλείπτως
2469 501 2559 554 τὸν
2599 498 2880 560 κτίσαντα,
2919 495 3012 547 καὶ
3044 493 3142 564 τῆς
3176 490 3342 545 αὑτοῦ
3388 505 3666 558 κατατρυ-

2084 600 2190 670 φᾷν
2214 596 2470 668 θεωρίας,
2493 593 2586 648 καὶ
2615 590 2764 660 αὐτῷ
2806 588 3154 660 ὲπιρῤίπτειν
3202 585 3302 656 τὴν
3332 581 3541 636 ἑαυτῶν
3568 581 3668 652 μέ.

2085 705 2323 763 ριμναν’
2364 689 2502 759 ὅπερ
2545 686 2638 740 καὶ
2685 682 2771 736 διὰ
2824 681 3106 752 προφήτου
3137 675 3300 730 Δαϐἰδ
3343 674 3480 744 πρὸς
3521 674 3669 745 ἡμᾶς

2085 780 2470 852 ἀπεφθέγξατο
2508 795 2522 810 ο
2555 777 2912 845 Ἐπίρῤιψον
2951 772 3050 826 ἐπὶ
3098 770 3320 838 Κύριον
3345 767 3461 835 τὴν
3502 768 3670 836 μέρι-

2077 873 2242 944 μνάν
2270 890 2408 936 σου,
2441 871 2634 938 λέγων,
2665 866 2764 920 καὶ
2786 865 2970 930 αὑτός
3007 879 3081 917 σε
3119 857 3444 928 διαθρέψει.
3471 857 3578 910 Καὶ
3609 858 3671 908 ὲν

2083 968 2194 1030 τοῖς
2242 962 2602 1032 Εὐαγγε).ίοις
2653 959 2780 1021 τοὺς
2814 956 3050 1018 οἰκείους
3106 951 3354 1023 μαθητάς
3401 949 3671 1002 διδάσκων

2085 1057 2250 1128 φησί·
2269 1059 2325 1110 Μ
2335 1055 2367 1123 ὴ
2383 1053 2793 1125 μεριμνήσητε
2822 1047 2896 1117 τῇ
2923 1046 3100 1116 ψυχῇ
3129 1044 3315 1116 ὑμῶν,
3339 1043 3398 1097 τί
3420 1041 3669 1111 φάγητε,

2077 1145 2234 1218 μηδὲ
2271 1145 2349 1212 τῷ
2378 1143 2604 1214 σώματι
2639 1141 2824 1211 ὑμῶν,
2851 1141 2908 1194 τί
2939 1138 3306 1204 ἐνδύσησθε.
3327 1135 3437 1187 Καὶ
3469 1131 3629 1185 πάλιν
3655 1146 3669 1160 ·

2075 1238 2300 1294 Αἰτεῖτε
2333 1236 2448 1305 τὴν
2472 1234 2803 1302 ,ϐασιλείαν
2831 1230 2939 1285 τοῦ
2965 1229 3137 1291 Θεοῦ,
3165 1227 3263 1281 καί
3309 1225 3424 1292 τὴν
3451 1223 3674 1277 δικαίου

2084 1332 2288 1398 σύν-ην
2325 1328 2538 1392 αὐτοῦ,
2571 1326 2670 1380 καὶ
2719 1323 2910 1378 ταῦτα
2955 1319 3154 1374 πάντα
3191 1314 3670 1386 προστεθήσεται

2083 1423 2246 1492 ὑμῖν.
2289 1421 2400 1476 Καὶ
2442 1420 2580 1489 πρὸς
2611 1419 2710 1489 τὴν
2739 1415 2972 1487 Μάρθαν
2995 1431 3011 1447 ·
3053 1411 3280 1480 Μάρθα,
3311 1408 3542 1477 Μάρθα,
3567 1423 3672 1475 με-

2076 1514 2320 1585 ριμνᾷς,
2350 1513 2450 1568 καί
2503 1509 2756 1581 τυρϐάζῃ
2788 1507 2921 1576 περί
2962 1503 3197 1561 πολλὰ·
3237 1501 3377 1567 ἐνὸς
3421 1497 3490 1552 δέ
3539 1498 3674 1551 ἐστι

2088 1606 2280 1674 χρεία.
2311 1605 2508 1672 Μαρία
2535 1602 2644 1672 γὰρ
2678 1599 2792 1666 τὴν
2835 1595 3070 1666 ἀγαθὴν
3090 1592 3305 1664 μερίδα
3326 1588 3672 1654 ἐξελέξατο,

2087 1695 2221 1764 ἣτις
2255 1697 2366 1750 οὐκ
2422 1691 2884 1764 ἀφαιρεθήσεται
2915 1689 3017 1743 ἀπ’
3053 1683 3276 1753 αὐτῆς·
3309 1683 3371 1737 τὸ
3401 1680 3674 1751 καθῆσθαι

411 1807 552 1845 mum
572 1806 785 1861 regnum
833 1788 949 1855 Dei,
991 1799 1039 1843 et
1062 1788 1334 1858 justitiam
1381 1787 1519 1856 ejus,
1560 1796 1611 1840 et
1661 1787 1771 1840 [nec
1808 1785 1985 1839 omnia

2091 1760 2330 1860 δηλονότι
2385 1760 2539 1862 παρά
2565 1760 2707 1852 *τοὺς
2757 1785 2925 1846 πόδας
2961 1781 3150 1848 αὑτοῦ,
3181 1781 3276 1834 καὶ
3314 1778 3534 1833 ἀκούειν
3562 1776 3676 1829 τῶν

410 1883 728 1952 adjiciantur
751 1881 896 1936 vobis
929 1880 996 1933 “.
1028 1881 1096 1934 Et
1127 1880 1192 1934 ad
1225 1878 1496 1939 Martinam
1537 1878 1705 1934 verba
1737 1877 1983 1934 faciens:

2096 1882 2272 1952 λόγων
2292 1883 2481 1938 αὑτοῦ.

411 1975 649 2043 Martha,
687 1975 929 2041 Martha,
956 1974 1190 2029 sollicita
1217 1989 1292 2039 es,
1339 1984 1389 2029 et
1445 1973 1678 2026 turbaris
1708 1989 1835 2042 erga
1858 1973 2130 2042 plurima:
2165 1993 2330 2046 porro
2374 1994 2538 2032 unum
2589 1987 2670 2032 est
2737 1974 3115 2030 necessarium.
3183 1969 3364 2024 Maria
3416 1968 3672 2036 optimam

409 2081 613 2139 partem
644 2070 825 2140 elegit,
862 2084 980 2140 quis
1011 2085 1114 2124 non
1141 2068 1412 2138 auferetur
1437 2067 1502 2122 ab
1541 2084 1605 2124 ea
1632 2066 1706 2136 ως
1746 2067 1848 2124 hoc
1881 2078 1989 2136 est,
2030 2081 2090 2126 ut
2140 2073 2358 2130 Domini
2404 2073 2638 2145 pedibus
2683 2072 2950 2138 assideat,
3023 2068 3313 2141 ipsiusque
3390 2076 3677 2120 sermones

409 2159 616 2214 audiat.

484 2254 656 2308 Arbor
684 2254 803 2309 vita:
829 2292 845 2318 ,
877 2253 1014 2308 unde
1045 2253 1208 2308 dicta.
1263 2253 1552 2309 Paradisus
1600 2255 1860 2311 sensibilis
1886 2295 1902 2320 ,
1933 2265 1985 2311 et

409 2345 693 2416 spiritalis.
730 2343 956 2414 Lignum
987 2344 1107 2398 uitta
1135 2360 1198 2397 ac
1233 2344 1434 2414 lignum
1470 2360 1641 2399 omne.
1666 2375 1736 2385 —
1758 2346 1826 2400 At
1856 2359 1986 2400 vero

411 2437 579 2492 arbor
612 2436 773 2501 vita,
811 2443 907 2488 aut
936 2433 1210 2505 ejusmodi
1245 2443 1403 2496 erat,
1448 2441 1507 2488 ut
1549 2435 1714 2489 vitam
1759 2433 1985 2490 confer-

411 2537 530 2596 rct,
559 2536 656 2582 aut
701 2543 812 2598 qua
863 2527 942 2582 illi
989 2528 1083 2596 qui
1117 2525 1265 2598 digiti
1294 2535 1480 2582 essent
1504 2567 1520 2592 ,
1556 2543 1655 2582 nec
1688 2528 1847 2582 morti
1883 2529 1985 2583 ob-

412 2619 601 2684 noxii,
635 2618 782 2674 vesci
819 2624 1066 2688 possent.
1117 2615 1381 2672 Nonnulli
1439 2632 1605 2687 porro
1665 2618 1984 2688 paradisum

410 2710 729 2767 sensibilem
767 2709 938 2765 fuisse
972 2709 1179 2779 opinati
1213 2717 1344 2764 sunt
1365 2708 1410 2740 “
1436 2726 1458 2776 ;.
1478 2709 1569 2762 alii
1592 2718 1786 2763 contra
1819 2709 1990 2780 Spiri-

411 2805 575 2859 talem
597 2843 612 2869 ,
649 2810 703 2859 et
733 2802 828 2873 qui
861 2802 980 2857 sola
1016 2808 1200 2854 mente
1233 2801 1656 2870 perciperetur:
1695 2816 1814 2856 mea
1863 2803 1991 2872 qui-

410 2896 534 2952 dem
569 2897 683 2951 hazc
718 2895 995 2950 sententia
1027 2903 1146 2954 est,
1177 2892 1320 2960 quod
1357 2892 1500 2947 sicut
1538 2893 1700 2949 homo
1736 2894 1988 2949 sensibili

409 2997 464 3042 et
499 2986 774 3057 spirituali
809 2994 1007 3039 natura
1045 2993 1308 3040 constans
1337 2985 1591 3041 conditus
1625 2996 1778 3050 erat,
1825 2987 1906 3040 sic
1933 2995 1991 3042 et

2164 2252 2238 2306 Τδ
2288 2253 2346 2308 δὲ
2381 2253 2484 2324 τῆς
2527 2253 2673 2324 ζωῆς
2702 2250 2889 2320 ξύλον,
2927 2246 2996 2323 ἦν
3031 2249 3190 2316 ξύλον.
3233 2247 3356 2318 ἔχον
3389 2245 3676 2318 ἐνέργειαν

2094 2344 2237 2414 ζωῆς
2279 2343 2644 2416 παρεκτικὴν,
2687 2342 2720 2415 ἢ
2749 2345 2862 2406 τοῖς
2908 2343 3008 2413 τῆς
3041 2341 3187 2410 ζωῆς
3237 2339 3406 2406 ἀξίοις
3430 2379 3444 2399 ,
3471 2337 3567 2390 καὶ
3596 2335 3676 2406 τῷ

2094 2437 2309 2507 θανάτῳ
2330 2438 2430 2508 οὐχ
2449 2436 2834 2508 ὑποκειμένοις
2866 2434 3050 2506 μόνοις
3075 2431 3355 2502 ἐδώδιμον.
3381 2428 3539 2492 Τινὲς
3574 2429 3676 2498 μὲν

2093 2525 2188 2584 οὖν
2217 2528 2473 2600 αἰσθητὸν
2517 2527 2611 2582 τὸν
2664 2527 2996 2598 παράδεισον
3026 2523 3466 2594 ἐφαντάσθησαν,
3497 2523 3676 2592 Ξτεροι

2093 2619 2175 2686 δὲ,
2201 2620 2413 2691 νοητόν.
2442 2618 2584 2691 Πλὴν
2631 2618 2818 2689 ἔμοιγε
2857 2618 3028 2681 δοκεῖ,
3063 2617 3146 2669 ὅτι
3180 2613 3369 2683 ὥσπερ
3412 2616 3439 2666 ό
3469 2613 3676 2684 ἂνθρω-

2094 2732 2195 2775 πος
2227 2715 2482 2786 αἰσθητὸς
2536 2715 2653 2785 ἅμα
2695 2714 2787 2768 καὶ
2821 2714 3008 2783 νοητὸς
3035 2711 3498 2782 δεδημιούργητο,
3533 2709 3676 2762 οὓτω

2095 2811 2189 2864 καὶ
2221 2811 2280 2864 τὸ
2301 2810 2491 2864 τούτου
2523 2809 2812 2881 ἱερώτατον
2841 2810 3094 2878 τέμενος,
3142 2804 3401 2876 αἰσθητὸν
3431 2803 3546 2873 ἅμα
3580 2804 3676 2856 καὶ

2095 2902 2317 2972 νοητὸν,
2353 2903 2448 2956 κατ¹
2499 2901 2695 2971 διπλῆν
2745 2900 2869 2972 ἔχον
2922 2901 3019 2971 τὴν
3070 2896 3519 2969 έμφασινιηοτῷ
3568 2894 3676 2964 γάρ

2098 2993 2308 3065 σώματι
2341 2997 2396 3048 ὲν
2427 2994 2505 3065 τῷ
2526 2993 2788 3064 θειοτάτῳ
2829 2992 2993 3064 χώρῳ
3047 2992 3140 3044 καὶ
3176 2989 3530 3061 ύπερκαλλεῖ,
3562 3006 3664 3041 κα-

409 3079 533 3149 ejns
583 3076 1026 3134 sacratissimum
1088 3075 1351 3145 templum
1399 3076 1663 3132 sensibile
1717 3078 1881 3132 simul
1935 3086 1985 3133 et

2094 3087 2199 3150 θὼς
2233 3087 2619 3159 ἱστορήσαμεν,
2643 3086 2997 3158 αὐλιζόμενος
3019 3101 3030 3114 ·
3064 3086 3130 3154 τῇ
3159 3083 3215 3138 δὲ
3237 3082 3382 3152 ψυχῇ
3421 3082 3478 3134 ὲν
3505 3081 3678 3150 ὑπερ-

411 3169 665 3242 spiritale
715 3176 874 3233 erat,
932 3165 1324 3237 duplicemque
1373 3168 1670 3223 exhibebat
1728 3170 1990 3239 speciem.

411 3262 658 3330 Corpore
699 3257 971 3328 siquidem
1015 3257 1070 3310 in
1121 3257 1477 3313 divinissima
1519 3268 1573 3313 et
1620 3260 1992 3328 pulcherrima

411 3354 668 3425 regione,
699 3351 776 3406 uti
817 3351 1141 3415 retulimus,
1177 3352 1470 3407 habitabat
1502 3371 1514 3406 :
1573 3355 1761 3409 animo
1806 3365 1989 3412 autem

412 3447 466 3500 in
502 3443 812 3500 sublimiori
834 3483 847 3506 ,
880 3444 1147 3514 omnique
1180 3449 1595 3514 comparatione
1621 3450 1990 3516 praestantiori

412 3553 477 3592 ac
530 3537 832 3607 pulcliriori
901 3537 1021 3592 loco
1078 3537 1422 3602 morabatur,
1480 3537 1761 3607 hospitem
1821 3557 1982 3596 suum

411 3629 579 3685 Deum
613 3629 826 3684 habens
858 3643 954 3698 pro
983 3627 1146 3684 domo
1169 3670 1182 3693 ,
1216 3629 1324 3684 imo
1355 3639 1407 3682 et
1445 3645 1542 3700 pro
1579 3632 1778 3687 illustri
1819 3634 1987 3688 vesti-

412 3729 596 3776 mento
618 3760 632 3783 ,
658 3720 820 3788 cujus
848 3721 1020 3788 gratia
1047 3722 1502 3776 circumvcstitus
1532 3731 1712 3789 esset,
1743 3733 1796 3778 et
1825 3726 1988 3794 cujus

410 3812 910 3882 contemplatione,
935 3828 1057 3882 qua:
1089 3813 1204 3868 sola
1232 3813 1594 3869 dulcissimus
1625 3813 1840 3870 fructus
1868 3827 1950 3870 est
1971 3857 1986 3880 ,

413 3903 562 3958 velut
589 3905 730 3958 alius
757 3903 1032 3974 quispiam
1069 3905 1320 3974 angelus,
1351 3905 1521 3959 multa
1549 3922 1673 3960 cum
1706 3908 1987 3978 voluptate

413 3993 714 4061 frueretur,
747 4009 933 4066 caque.
963 4002 1327 4066 pasceretur:
1371 3995 1425 4050 id
1465 3997 1612 4067 quod
1654 3998 1879 4068 quidem
1923 3999 1990 4053 li~

411 4099 580 4158 gnum
615 4087 740 4140 vita:
790 4087 986 4142 merito
1037 4086 1372 4157 appellatum
1427 4097 1536 4144 est.
1585 4087 1791 4143 Divina:
1843 4091 1990 4146 enim

415 4177 858 4248 participationis
894 4179 1144 4234 suavitas
1182 4179 1352 4234 vitam
1391 4179 1542 4232 nulla
1597 4188 1776 4234 morte
1823 4181 1990 4237 inter-

2089 3181 2232 3251 τέρῳ
2281 3181 2377 3234 καὶ
2427 3178 2911 3251 περικαλλεστέρῳ
2951 3186 2981 3216 ιι
3014 3176 3164 3245 τόπῳ
3227 3172 3460 3244 διέτριϐε
3486 3211 3501 3235 ,
3541 3170 3678 3223 Θεὸν

2090 3274 2230 3344 ἔχων
2259 3268 2408 3326 οἷκον
2437 3272 2528 3325 τὸν
2548 3271 2774 3337 ἐνοικον,
2795 3271 2887 3324 καί
2915 3269 3076 3326 αὐτὸν
3100 3268 3242 3338 ἔχων
3271 3265 3494 3328 εὐκλεὲς
3518 3281 3675 3335 περι-

2090 3367 2306 3420 ϐόλαιον
2327 3407 2340 3432 ,
2367 3366 2460 3418 καὶ
2503 3365 2601 3436 τὴν
2639 3363 2805 3418 αὑτοῦ
2856 3359 3324 3434 περιϐεϐλημένος
3357 3358 3552 3428 χάριν,
3580 3357 3675 3410 καὶ

2088 3457 2183 3512 τοῦ
2227 3459 2390 3529 μόνου
2439 3458 2781 3527 γλυκυτάτου
2834 3453 3052 3526 καρποῦ
3095 3453 3195 3522 τῆς
3239 3449 3404 3505 αὐτοῦ
3441 3449 3675 3520 θεωρίας

2094 3549 2478 3621 κατατρυφῶν,
2504 3545 2595 3603 οἷά
2620 3566 2708 3612 τις
2738 3548 2971 3615 ἄγγελος
3013 3545 3192 3610 ἄλλος,
3226 3543 3321 3596 καὶ
3349 3541 3524 3613 ταύτῃ
3546 3557 3676 3610 τρε-

2095 3643 2361 3712 φόμενοςο
2386 3642 2522 3713 ὅπερ
2545 3641 2610 3710 δὴ
2639 3642 2734 3694 καὶ
2762 3639 2917 3704 ξύλον
2958 3637 3104 3708 ζωῆς
3133 3635 3299 3701 ἀξίως
3331 3633 3671 3704 ὠνόμασται.

2095 3735 2248 3804 Ζωῆς
2273 3734 2382 3806 γάρ
2400 3734 2612 3801 θανάτῳ
2633 3733 2709 3803 μὴ
2741 3729 3196 3799 διακοπτομένης,
3217 3728 3250 3797 ἠ
3281 3724 3556 3794 γλυκύτης
3574 3726 3678 3792 τῆς

2095 3823 2244 3888 θείας
2269 3823 2538 3895 μεθέξεως
2562 3825 2672 3886 τοῖς
2714 3820 3192 3892 μεταλαμϐάνουσι
3235 3816 3619 3888 μεταδίδωσι-ι’
3647 3813 3679 3866 ὃ

2093 3914 2160 3986 δὴ
2185 3915 2282 3969 καὶ
2325 3917 2434 3970 πᾶν
2466 3914 2619 3980 ξύλον
2644 3923 2669 3952 ο
2691 3917 2718 3968 ὁ
2744 3913 2876 3976 Θεὸς
2901 3911 3161 3966 ἐκάλεσεν
3191 3949 3206 3974 ,
3251 3907 3398 3962 Ἀπὸ
3446 3904 3677 3971 παντὸς

2098 4004 2310 4072 ξύλου,
2331 4007 2531 4078 φήσας,
2583 4006 2690 4060 τοῦ
2717 4006 2786 4059 ἐν
2820 4003 2902 4069 τῷ
2931 4001 3274 4071 παραδείσῳ
3304 3998 3529 4068 βρώσει
3561 3996 3677 4066 φά-

2098 4100 2296 4166 γεσθε.
2330 4098 2503 4162 Αὐτὸς
2547 4099 2657 4168 γάρ
2689 4097 2806 4150 ἐστι
2859 4094 2921 4148 τὸ
2970 4095 3103 4158 πᾶν,
3125 4096 3183 4148 ὲν
3209 4086 3252 4162 ᾧ
3295 4093 3389 4146 καί
3426 4089 3496 4143 δι’
3525 4080 3589 4142 οὗ
3614 4086 3678 4140 τὺ

2085 4189 2196 4242 πᾶν
2221 4189 2547 4261 συνέστηκε.

415 4277 626 4338 ruptam
664 4271 768 4334 iis,
805 4286 834 4322 a
865 4270 1072 4339 quibus
1117 4269 1442 4339 percipitur,
1495 4269 1762 4338 impertit.
1812 4272 1992 4342 Atque
2023 4277 2183 4350 176
2210 4280 2346 4336 illud
2376 4290 2462 4336 est
2487 4280 2636 4351 quod
2668 4279 2813 4334 Deus
2873 4293 3037 4334 omne
3091 4277 3297 4348 lignum
3355 4271 3676 4344 appellavit,

419 4355 503 4416 Et
528 4364 670 4416 οηιηὲ
693 4401 708 4426 ι
741 4362 1033 4431 immicus,
1067 4362 1207 4433 ligno
1227 4403 1244 4430 ,
1275 4362 1414 4433 Quod
1470 4374 1547 4418 est
1597 4365 1652 4418 in
1700 4365 1957 4434 paradiso
1978 4407 1994 4435 ,
2033 4383 2292 4428 vescentes
2320 4373 2601 4429 comedetis
2630 4373 2696 4426 ν’.
2727 4371 2845 4443 Ipse
2870 4372 3018 4427 enim
3047 4383 3210 4426 ornne
3242 4365 3379 4422 illud
3424 4373 3546 4430 est,
3618 4365 3675 4418 in

414 4470 525 4527 quo
545 4495 560 4520 ,
594 4467 644 4510 et
675 4471 774 4524 per
803 4470 963 4524 quem
997 4455 1186 4510 omnia
1219 4463 1499 4511 constant.

483 4548 708 4619 Lignum
738 4547 994 4603 scientiaz.
1021 4577 1092 4586 —
1115 4548 1284 4618 Atqui
1317 4549 1527 4618 lignum
1568 4550 1818 4606 scientiae
1861 4553 1985 4605 boui

2164 4553 2238 4606 Τὸ
2263 4552 2320 4606 δὲ
2344 4552 2444 4622 τῆς
2470 4551 2566 4606 τοῦ
2593 4549 2761 4604 καλοῦ
2790 4569 2851 4604 τε
2893 4550 2986 4604 καὶ
3012 4546 3186 4602 κακοῦ
3213 4544 3466 4614 γνώσεως
3497 4545 3675 4609 ξύλον,

411 4650 466 4698 et
502 4639 632 4694 mali
662 4639 987 4709 multiplicis
1027 4647 1117 4694 est
1159 4639 1561 4708 speculationis
1597 4641 1849 4712 dignotio
1873 4685 1886 4707 ,
1929 4643 1982 4697 id

412 4740 497 4786 σιει
546 4730 783 4800 [ποριοίω
834 4739 1046 4786 natura:
1093 4731 1344 4800 agnitio:
1397 4749 1553 4802 quae,
1595 4748 1722 4788 eum
1760 4734 1987 4805 Opiﬁcis

415 4823 882 4892 magnificentiam
910 4838 978 4878 ex
1011 4838 1133 4878 sese
1162 4823 1464 4893 praedicet,
1495 4824 1699 4881 adultis
1725 4826 1946 4895 quidem
1970 4869 1985 4892 ,

413 4922 466 4966 et
497 4913 551 4966 in
583 4912 767 4968 divina
799 4913 1270 4984 contemplatione
1323 4915 1604 4984 provectis
1658 4917 1801 4972 bona
1853 4927 1940 4973 est
1971 4957 1986 4983 ,

414 5005 561 5076 quod
601 5005 738 5075 ipsis
776 5005 1081 5060 verendum
1125 5021 1234 5060 non
1275 5006 1381 5072 sit,
1423 5023 1491 5062 ne
1529 5008 1585 5062 in
1621 5007 1868 5065 deterius
1906 5011 1987 5062 la-

485 5185 526 5214 “
564 5184 701 5239 Gen.
739 5198 818 5244 Ill,
858 5183 910 5240 7.
987 5184 1030 5215 δ’
1059 5182 1201 5237 Psul.
1242 5199 1349 5250 LIV,
1380 5183 1470 5237 25.

417 5253 492 5306 De
515 5266 626 5309 nat.
660 5255 801 5308 liam.
839 5253 884 5285 ‘i
909 5254 1044 5309 Gen.
1080 5268 1139 5318 ll,
1172 5254 1257 5307 16.

1547 5184 1792 5239 “Matth.
1830 5185 2017 5251 vt,?.5.
2092 5183 2137 5216 “
2165 5182 2299 5238 Ibid.
2340 5183 2430 5238 55.

2094 4646 2128 4716 ἡ
2160 4645 2254 4714 τῆς
2281 4642 2633 4713 πολυσχιδοῧς
2669 4641 2902 4712 θεωρίας
2920 4641 3234 4708 διάγνωσις,
3263 4635 3404 4707 αὕτη
3438 4636 3497 4688 δέ
3520 4637 3676 4688 ἐστιν

2093 4739 2126 4806 ὴ
2159 4736 2257 4806 τῆς
2289 4735 2495 4797 οἰκείας
2526 4733 2822 4800 ἐπίγνωσις
2844 4731 3078 4800 φύσεως,
3105 4730 3226 4799 ῆτις
3255 4727 3393 4797 καλὴ
3439 4727 3533 4797 μὲν
3562 4730 3675 4787 τοῖς

2094 4826 2344 4889 τελείοις,
2375 4825 2470 4878 καὶ
2490 4824 2548 4877 ὲν
2578 4827 2644 4895 τῇ
2671 4823 2790 4894 θεία
2816 4823 3019 4894 θεωρίᾳ
3053 4819 3364 4891 βεϐηκόσιν,
3389 4819 3445 4885 ἐξ
3475 4817 3676 4886 ἑαυτῆς

2097 4917 2195 4988 τὴν
2254 4917 2348 4971 τοῦ
2382 4915 2727 4986 Δημιουργοῦ
2779 4912 3178 4984 μεγαλουργίαν
3228 4909 3628 4980 δημοσιεύουσα
3657 4950 3676 4974 ,

2095 5013 2208 5073 τοῖς
2264 5011 2340 5080 μὴ
2369 5008 2565 5063 δεδιόσι
2595 5007 2972 5078 μετάπτωσιν,
3000 5003 3090 5058 διὰ
3137 5003 3197 5056 τὸ
3224 5003 3287 5055 ὲκ
3337 4999 3434 5054 τοῦ
3480 5002 3676 5070 χρόνον

2527 5181 2574 5212 ⁸⁵
2604 5179 2736 5235 Luc.
2766 5196 2819 5244 ς,
2854 5177 2939 5240 Η,
2977 5177 3057 5230 15.
3164 5176 3208 5208 ⁸⁸
3237 5175 3456 5231 Nemes.
3489 5188 3613 5241 cap.
3643 5173 3666 5225 i

1676 5346 1908 5401 VARI/ﬁ
1949 5344 2356 5400 LECTIONES.

484 5435 793 5507 mAluCOlb.
849 5435 1011 5507 4750,
1066 5449 1170 5488 vox
1202 5425 1474 5504 'Epeaatv
1533 5438 1826 5507 exponitur
1880 5453 1975 5504 per
2023 5437 2313 5507 évvéqctv,_
2349 5429 3048 5507 quodconsiderationem
3104 5427 3421 5507 significat;
3461 5437 3502 5507 _
3539 5425 3671 5507 Reg.

416 5505 467 5563 8.
503 5504 659 5576 Coll).
690 5520 832 5576 unus
855 5515 917 5576 et
945 5505 1158 5568 Noster,
1183 5507 1241 5576 ὲν
1268 5497 1561 5576 ’ὑπερτέρῳ
1593 5497 1687 5560 καὶ
1721 5497 2066 5576 ἀσυγκρίτως
2098 5497 2485 5576 περικαλδίια
2520 5505 2764 5576 legerunt
2819 5509 2976 5576 vetus
3002 5569 3013 5576 ἡ
3035 5501 3262 5576 interpr.
3282 5507 3349 5576 ft
3382 5497 3674 5575 [iuben-lu

417 5575 661 5644 margine
683 5575 817 5647 cod.
843 5575 998 5647 Colb‘.
1026 5566 1318 5647 exponitur
1345 5566 1663 5647 adverbium
1721 5566 2088 5647 ἀσυγκρίτως,
2122 5566 2218 5644 per
2253 5566 2649 5647 ύπερεχίντως.
2693 5570 2844 5647 Quod
2887 5569 3103 5647 quidem
3142 5566 3676 5647 Scholion‘ncca'sio-

413 5636 1152 5717 nctnvprmlntitfastigium-ri
1181 5646 1306 5700 cod.
1347 5644 1403 5700 S.
1439 5647 1541 5701 Hil.
1592 5655 1650 5701 ut
1680 5636 1963 5717 lugendum
2011 5636 2226 5717 putaret
2263 5636 2578 5712 ἀσυγκρίτῳ
2625 5643 2718 5696 καὶ
2749 5636 3120 5709 ὑπερεχόντως
3169 5636 3669 5709 περικαλλεστέρῳ.

411 5718 433 5746 ο
456 5712 618 5768 Edita
657 5716 761 5767 πᾶν
802 5711 955 5770 ξύλον
978 5712 1139 5782 ζωῆς.
