3962 6300
191 361 301 426 917

1250 368 1348 427 DE
1384 367 1562 427 FIDE
1601 366 2063 430 ORTHODOXA
2100 371 2246 431 LIB.
2289 369 2368 429 II.

3348 362 3455 426 018

187 478 270 538 εἰς
297 473 410 541 ἕξιν
448 472 573 528 τινὰ
608 474 708 544 τῆς
735 473 993 546 τοιαύτης
1041 475 1363 548 ἐληλακέναι
1408 480 1640 552 θεωρίας
1664 498 1678 512 ’
1713 478 1767 533 ού

1881 483 2082 538 bantur
2128 483 2214 547 ";
2267 482 2470 551 quippe
2504 494 2627 533 cum
2659 495 2724 534 ex
2759 479 3019 534 diuturna
3055 476 3456 532 exercitationi.

188 565 332 637 καλὴ
356 565 414 619 δὲ
443 567 556 630 τοῖς
601 565 742 630 νέοις
770 565 872 632 ἔτι,
901 569 995 621 καὶ
1037 568 1137 640 τὴν
1187 569 1372 639 ἔφεσιν
1423 571 1772 642 λιχνοτέροις,

184 659 284 723 οὓς
305 659 394 712 διὰ
422 659 482 712 τὺ
514 659 769 714 ἀϐέϐαιον
810 661 908 732 τῆς
963 663 1020 715 ὲν
1067 660 1145 733 τῷ
1188 663 1460 733 κρείττονι
1493 663 1772 734 διαμονῆς,

184 751 286 803 καὶ
318 750 488 822 μήπω
518 751 732 820 παγίως
766 752 1154 824 ἐνεδρασθῆναι
1177 757 1244 825 τῇ
1279 753 1373 807 τοῦ
1410 753 1572 824 μόνου
1606 753 1773 808 καλοῦ

189 839 510 912 προσεδρίᾳ,
546 842 579 912 ἡ
633 842 728 896 τοῦ
758 844 961 898 οίκείου
1013 845 1308 916 κηδεμονία
1352 845 1604 917 σώματος
1637 845 1775 918 πρὸς

189 930 391 1003 ἑαυτὴν
423 931 728 1001 ἀνθέλκειν,
770 937 866 988 καὶ⁹
909 938 1186 1008 περισπᾷν
1223 937 1490 1007 πέφυκεν.

1874 572 1938 628 ad
1973 572 2204 644 hujusce
2223 569 2706 639 contemplationis
2736 569 2980 623 habitum
3007 567 3300 636 quemdam
3330 581 3450 636 per-

1873 662 2125 718 venerint
2155 679 2170 716 :
2205 659 2632 729 haudquaquam
2664 673 2798 712 vero
2834 657 2977 711 bona
3020 665 3102 711 est
3137 655 3452 724 junioribus

1873 753 2086 815 adhuc,
2118 759 2173 806 et
2208 750 2439 805 avidiori
2465 790 2480 814 ,
2522 763 2682 819 quam
2717 764 2817 818 par
2863 748 2970 814 sit,
3022 748 3268 817 appetitu
3309 762 3455 816 prat—

1872 843 2003 898 ditis
2033 859 2048 907 ;
2082 855 2224 912 quos
2259 841 2562 904 nimirum,
2598 839 2731 910 quia
2761 854 2867 893 non
2907 839 3139 893 lirmiler
3175 839 3314 892 satis
3346 837 3457 890 ha:-

1872 943 1994 990 rent
2036 934 2093 988 in
2137 949 2202 988 eo
2242 933 2388 1004 quod
2425 932 2780 1002 praestantius
2811 938 2930 999 est,
2965 947 3068 985 nec
3108 938 3458 990 constanter,

189 1022 372 1077 adhuc
406 1024 460 1078 in
493 1024 645 1080 unici
680 1026 810 1081 boui
863 1027 1344 1099 contemplatione
1391 1029 1555 1083 (ιείὶιὶ
1607 1041 1732 1085 sunt
1761 1071 1776 1096 ,
1814 1025 2069 1097 corporis
2103 1026 2189 1081 sui
2229 1039 2364 1080 cura
2406 1024 2474 1079 ad
2509 1039 2570 1082 se
2627 1030 2953 1093 retorquere
3015 1031 3070 1078 et
3146 1023 3460 1079 distrahere

187 1113 504 1169 consuevit.

261 1205 424 1259 Οὕτω
457 1207 679 1263 διπλοῦν
732 1207 886 1281 οἶμαι
938 1210 1032 1264 τὸν
1088 1211 1231 1264 θεῖον
1286 1211 1633 1284 παράδεισον,
1675 1212 1770 1266 καὶ

185 1291 408 1362 άληθῶς
445 1296 495 1348 οἱ
533 1295 782 1368 θεοφόροι
839 1301 1084 1372 Πατέρες
1135 1301 1479 1372 παρέδωκαν,
1507 1303 1650 1355 οἵτε
1676 1301 1769 1354 οὖ-

183 1401 319 1450 τως,
357 1387 412 1439 οἵ
460 1404 521 1440 τε
556 1389 780 1454 ἐκείνως
833 1391 1162 1458 διδάξαντες.
1211 1394 1443 1448 Δυνατὺν
1483 1394 1541 1447 δὲ
1579 1395 1769 1464 νοῆσαι

188 1475 300 1528 πᾶν
327 1475 506 1542 ξύλον,
545 1476 645 1549 τὴν
686 1479 753 1533 ἐκ
779 1479 889 1534 τῶν
927 1482 1246 1552 κτισμάτων
1285 1483 1384 1552 τῆς
1417 1481 1569 1547 θείας
1604 1483 1766 1536 δυνά-

190 1585 340 1639 μεως
371 1569 667 1641 γινομένην
714 1571 1032 1642 ἐπίγνωσιν,
1066 1573 1142 1639 ὣς
1173 1591 1340 1646 φησιν
1377 1577 1404 1629 ὁ
1433 1574 1574 1639 θεῖος
1603 1575 1764 1629 Ἀπό‹

188 1661 414 1727 στολοςο
454 1663 531 1717 Τὰ
561 1663 671 1734 γὰρ
717 1666 944 1734 ἀόρατα
993 1667 1180 1722 αὐτοῦ
1225 1667 1342 1724 ἀπὸ
1375 1668 1628 1734 κτίσεως
1667 1668 1766 1722 κό-

1939 1202 2105 1260 Omne
2134 1203 2370 1273 lignum,
2399 1200 2501 1255 Dei
2527 1217 2592 1254 ea:
2620 1199 2811 1254 creatis
2840 1198 3092 1269 cognitio.
3113 1230 3170 1243 ι-
3201 1199 3279 1253 Ad
3310 1199 3457 1255 hunc

1867 1298 2091 1353 modum
2115 1339 2130 1364 ,
2163 1295 2440 1366 duplicem
2479 1293 2652 1349 fuisse
2689 1293 3005 1363 paradisum
3045 1292 3263 1361 opinor,
3302 1309 3458 1350 vere-

1866 1406 1974 1460 que
2025 1388 2216 1444 Patres
2249 1387 2522 1442 divinitus
2568 1385 2733 1438 alllati
2786 1382 3177 1450 tradiderunt;
3211 1391 3320 1454 tam
3362 1384 3457 1454 qui

1866 1481 1991 1544 hoc,
2018 1495 2182 1550 quam
2213 1479 2306 1548 qui
2340 1478 2434 1532 illo
2463 1477 2627 1532 modo
2657 1476 2990 1530 docuerunt.
3019 1472 3346 1545 Quanquam
3376 1477 3459 1532 sic

1871 1575 2037 1628 etiam
2073 1571 2308 1641 intelligi
2345 1576 2530 1639 potest
2563 1584 2725 1622 omne
2751 1567 2960 1636 lignum
2982 1608 2996 1632 ,
3033 1566 3234 1621 divina:
3267 1569 3460 1638 utique

1872 1662 2133 1734 potentia;
2159 1677 2224 1717 ex
2260 1661 2427 1716 rebus
2457 1660 2696 1714 conditis
2737 1666 2895 1727 parta
2923 1656 3168 1727 cognitio
3195 1697 3210 1722 ,
3262 1673 3454 1728 quem-

187 1769 372 1821 σμου,
398 1753 523 1822 τοῖς
542 1755 832 1824 ποιήμασι
864 1759 1162 1829 νοούμενα
1188 1758 1536 1828 καθορᾶται.
1569 1760 1767 1813 Πασῶν

1877 1751 2174 1806 admodum
2210 1750 2290 1804 ait
2339 1749 2676 1820 Apostolus:
2733 1746 3032 1800 Invisibilia
3074 1748 3216 1800 enim
3265 1748 3380 1817 ejus
3426 1765 3458 1800 (ι

185 1845 245 1897 δὲ
297 1844 406 1900 τῶν
457 1847 680 1902 ἐννοιῶν
725 1851 820 1903 καὶ
850 1847 958 1904 τῶν
1001 1851 1248 1922 θεωριῶν
1301 1851 1586 1923 τούτων,ἡ
1640 1852 1762 1906 καθ’

189 1937 339 2006 ἡμᾶς
391 1937 698 2010 ὑψηλοτέρα
751 1943 1082 2012 πέφυκεν,ὴ
1145 1942 1250 2012 τῆς
1296 1943 1568 2014 ἡμετέρας
1623 1945 1768 2014 φημὶ

190 2029 505 2093 συστάσεως
537 2071 553 2095 ,
589 2029 665 2095 ὥς
720 2049 885 2101 φησιν
941 2033 969 2085 ὁ
1023 2034 1166 2098 θεῖος
1215 2035 1380 2088 Δαόίδ
1410 2051 1424 2065 ο
1479 2036 1768 2105 Ἐθαυμα-

187 2122 389 2190 σ’τώοη
445 2123 484 2190 ἡ
540 2121 764 2192 γνῶσίς
813 2139 932 2179 σου
987 2126 1059 2190 ἐξ
1092 2127 1272 2195 ἐμοῦ,
1305 2127 1624 2193 τουτέστιν,
1669 2130 1766 2182 Ἐκ

184 2214 290 2284 τῆς
335 2213 458 2287 (74)
509 2215 652 2285 ὲμῆς
711 2218 1075 2288 κατασκευῆς.
1135 2219 1470 2291 Ἐπισφαλὴς
1523 2219 1579 2274 δὲ
1628 2221 1768 2292 αὕτη

189 2307 270 2378 τῷ
320 2306 488 2380 Ἀδάμ
522 2307 737 2380 ὑπῆρχε
767 2315 1022 2380 νεοπαγεῖ
1061 2311 1194 2374 ὄντι,
1219 2311 1284 2364 δι’
1319 2311 1383 2376 ἃς
1415 2313 1643 2382 εἴπομεν
1683 2315 1769 2368 αί-

189 2398 339 2464 τίας.

266 2667 340 2721 Ἢ
371 2667 528 2732 ξύλον
577 2669 675 2740 μὲν
715 2669 896 2740 ζωῆς,
931 2670 1026 2741 τὴν
1069 2673 1134 2724 ὲκ
1180 2671 1396 2726 πάντων
1439 2673 1547 2727 τῶν
1577 2673 1771 2743 αἰσθη-

194 2759 307 2814 τῶν
338 2760 700 2833 ὲγγινομένην
739 2761 1016 2833 θειοτέραν
1057 2763 1298 2830 ἔννοιαν,
1325 2764 1418 2818 καὶ
1449 2763 1547 2836 τὴν
1577 2764 1644 2818 δι’
1675 2765 1774 2819 αύ-

193 2851 305 2906 τῶν
334 2853 427 2907 ἐπὶ
449 2853 540 2907 τὸν
568 2854 822 2908 ἁπάντων
844 2856 1227 2926 γενεσιουργόν
1258 2873 1317 2908 τε
1342 2895 1356 2917 ,
1382 2856 1474 2909 καὶ
1507 2855 1771 2927 δημιουρ-

193 2945 292 3015 γὸν
330 2946 503 3000 αἴτιον
533 2947 829 3018 ἀναγωγήν
853 2965 866 2978 ·
893 2948 1032 3018 ὅπερ
1060 2949 1150 3002 καὶ
1179 2949 1288 3001 πᾶν
1313 2949 1467 3013 ξύλον
1495 2949 1770 3018 ὠνόμασε,

191 3037 255 3091 τὺ
291 3037 498 3108 πλῆρες
518 3039 613 3092 καὶ
647 3037 970 3108 ἀδιαίρετον,
997 3041 1164 3110 μονήν
1187 3057 1247 3092 τε
1273 3039 1368 3092 τοῦ
1392 3040 1557 3093 καλοῦ
1589 3041 1772 3111 φέρων

191 3128 296 3200 τὴν
323 3106 559 3200 μέθεξιν,
592 3130 749 3197 ξύλον
787 3106 843 3184 δὲ
896 3106 1151 3200 γνώσεως
1185 3133 1353 3186 καλοῦ
1371 3134 1467 3188 καὶ
1505 3106 1765 3203 πονηροῦ,
1801 3106 1844 3164 C

189 3220 294 3291 τὴν
323 3219 586 3292 αἰσθητὴν
621 3222 716 3276 κα.)⁸
759 3223 1010 3293 ἐνήδονον
1055 3222 1260 3293 βρῶσιν
1279 3263 1293 3286 ,
1322 3223 1422 3296 τὴν
1443 3264 1458 3288 ,
1488 3223 1565 3293 τῷ
1592 3223 1769 3278 δοκεῖν

194 3313 296 3383 μὲν
330 3314 756 3382 γλυκαίνουσαν,
801 3315 878 3386 τῷ
918 3316 1032 3369 δντι
1088 3315 1145 3368 δὲ
1197 3317 1256 3369 ὲν
1297 3315 1558 3386 μετουσίᾳ
1583 3316 1769 3370 κακῶν

191 3405 284 3458 τὸν
310 3406 607 3477 μετέχοντα
633 3408 1003 3466 καθιστῶσαν.
1033 3409 1187 3475 Φησὶ
1215 3410 1327 3478 γὰρ
1361 3409 1397 3462 ὀ
1425 3408 1568 3476 Θεός
1589 3425 1602 3439 ·
1636 3408 1768 3464 Ἀπὸ

190 3498 422 3564 παντὸς
479 3499 668 3563 ξύλου
724 3500 831 3555 τοῦ
883 3501 954 3555 ἐν
1015 3500 1094 3568 τῷ
1150 3499 1493 3571 παραδείσῳ
1542 3501 1771 3569 βρώσει

189 3589 388 3661 φυγῇ·
414 3591 512 3646 Διὰ
551 3592 792 3659 πάντων,
826 3589 1130 3665 οἷμαι,τῶν
1166 3593 1483 3663 κτισμάτων
1532 3593 1620 3646 ἐπ’
1669 3591 1769 3662 ἐμὲ

188 3685 284 3737 τὸν
316 3685 546 3756 ποιητὴν
579 3686 996 3756 άναϐιϐάσθητι.
1049 3685 1223 3755 λέγων
1246 3725 1262 3751 ,
1296 3685 1392 3738 καὶ
1432 3685 1529 3738 ἕνα
1558 3684 1768 3756 καρπὸν

189 3775 256 3828 ὲκ
289 3774 508 3828 πάντων
533 3775 820 3846 κάρπωσαι
840 3815 855 3840 ,
886 3776 986 3846 ἐμὲ
1018 3777 1118 3848 τὴν
1145 3776 1314 3839 ὅντως
1371 3774 1518 3846 ζωήν
1548 3792 1563 3806 ·
1593 3775 1770 3829 πάντα

191 3882 274 3920 σοι
307 3863 452 3936 ζωὴν
504 3866 1046 3938 καρποφορείτωσαν,
1075 3869 1168 3920 καὶ
1209 3866 1307 3937 τὴν
1355 3865 1494 3938 ἐμὴν
1528 3865 1766 3937 μέθεξιν,

189 3956 350 4010 ποιοῦ
401 3959 500 4028 τῆς
537 3959 744 4022 οἰκείας
780 3959 1066 4030 ὑπάρξεως
1124 3958 1402 4011 σύστασιν.
1451 3959 1608 4014 Οὕτω
1659 3957 1768 4028 γάρ

188 4046 290 4121 ἔσῃ
316 4048 607 4112 ἀθάνατος.
660 4050 804 4104 Ἀπὸ
831 4049 900 4103 δὲ
943 4049 1048 4104 τοῦ
1085 4049 1279 4114 ξύλου
1307 4049 1416 4104 τοῦ
1453 4049 1770 4118 γινώσκειν

187 4138 384 4195 καλὸν
407 4139 506 4193 καὶ
559 4139 844 4209 πονηρὸν,
881 4143 953 4195 οὺ
994 4141 1256 4212 φάγεσθε
1303 4141 1405 4194 ἀπ’
1446 4140 1657 4195 αὑτοῦ.
1689 4133 1772 4212 ⁷ῌ

187 4230 240 4283 δ’
263 4229 341 4286 ἂν
369 4231 558 4300 ἡμέρᾳ
607 4231 836 4302 φάγητε
886 4232 985 4287 ἀπ’
1021 4233 1206 4288 αὐτοῦ
1226 4273 1239 4298 ,
1265 4230 1500 4297 θανάτῳ
1543 4233 1769 4287 ἀποθα-

187 4324 413 4378 νεῖσθε.
446 4323 702 4386 Φυσικῶς
738 4324 848 4395 γὰρ
899 4326 932 4395 ἡ
979 4325 1213 4395 αἰσθητὴ
1267 4323 1472 4396 βρῶσις
1523 4324 1618 4378 τοῦ
1668 4324 1770 4377 ὐπ-

187 4415 552 4484 εκρεύσαντὸς
601 4417 750 4469 ἐστιν
798 4416 1204 4488 ἀναπλήρωσις,
1241 4417 1332 4468 καὶ
1360 4416 1440 4478 εἰς
1480 4415 1767 4487 ἀφεδρῶνα

185 4509 378 4576 χωρεῖ,
426 4505 522 4560 καὶ
574 4504 779 4576 φθοράν
809 4521 822 4534 ·
854 4506 947 4560 καὶ
999 4507 1280 4576 ἀμήχανον
1326 4505 1603 4576 ἄφθαρτον
1653 4505 1766 4558 δια-

188 4596 396 4667 μένειν,
421 4595 513 4648 τὸν
547 4595 648 4666 τῆς
692 4595 957 4667 αἰσθητῆς
997 4593 1259 4667 βρώσεως
1291 4595 1350 4649 ὲν
1381 4594 1645 4667 μετουσίᾳ
1677 4611 1764 4663 γι⁸

183 4688 434 4758 νόμενον.

1867 1852 2113 1898 creatura
2149 1841 2366 1906 mundi,
2397 1858 2488 1912 per
2517 1857 2579 1896 ea
2623 1855 2740 1910 qum
2787 1838 2932 1908 facta
2975 1848 3097 1892 sunt
3123 1877 3138 1903 ,
3192 1839 3461 1893 intellecta

1867 1935 2268 2002 conspiciuntur
2298 1931 2370 1986 ⁸ο.
2402 1930 2663 1985 Omnium
2705 1943 2872 2000 porro
2912 1929 3314 2000 cogitatiOnum
3355 1930 3458 1983 ha-

1869 2039 1992 2078 rum
2027 2032 2195 2094 atque
2229 2022 2761 2092 contemplationum
2805 2023 3157 2090 pra‘stantior
3202 2021 3296 2075 illa
3333 2029 3419 2076 est.
3443 2061 3456 2085 ,

1870 2133 1993 2188 quae
2023 2117 2077 2170 in
2108 2115 2328 2180 nostri,
2361 2115 2476 2169 sive
2513 2109 2948 2182 compositionis
2979 2109 3220 2175 nostrze',
3265 2111 3456 2168 consi-

1871 2208 2156 2262 deratione
2193 2213 2470 2268 versatur,
2505 2213 2563 2259 ut
2591 2204 2811 2258 divinus
2838 2202 3007 2256 Dav-id
3045 2203 3159 2257 ait:
3186 2201 3460 2256 Ilirabilis

1873 2301 2015 2371 facta
2064 2307 2143 2353 est
2194 2297 2416 2352 scientia
2451 2305 2540 2348 tua
2571 2309 2637 2348 ex
2683 2311 2764 2348 me
2792 2295 2860 2359 ³ο,
2917 2293 3020 2348 hoc
3067 2302 3188 2359 est,
3244 2309 3308 2348 ex
3353 2293 3457 2347 mei

1873 2400 2179 2448 structura.
2245 2389 2520 2444 Caeterum
2577 2384 2852 2454 eiusmodi
2909 2384 3157 2454 cognitio
3209 2383 3458 2444 Adamo.

1874 2497 2070 2538 recens
2117 2481 2344 2536 condito
2399 2496 2464 2535 ac
2512 2489 2741 2542 tenero,
2795 2483 2870 2532 ob
2906 2479 3005 2534 has
3045 2492 3184 2547 quas
3216 2477 3458 2532 diximus

1877 2575 2159 2642 rationes,
2199 2573 2448 2645 periculo
2482 2588 2592 2628 non
2627 2572 2852 2627 carebat
2884 2570 2953 2624 ⁸⁸.

1944 2666 2172 2739 Lignum
2200 2667 2320 2722 vitae
2346 2667 2539 2720 iterum
2562 2704 2576 2727 ,
2609 2681 2672 2718 ac
2700 2662 2974 2719 sententia:
3001 2662 3143 2716 boni.
3177 2658 3460 2716 Sensibilis

1874 2759 2019 2813 cibus
2049 2758 2210 2812 morti
2243 2755 2434 2822 affinis.
2461 2786 2528 2797 —
2550 2755 2696 2820 Quin
2731 2768 2826 2823 per
2862 2753 3067 2823 lignum
3095 2749 3220 2804 vitae
3251 2748 3457 2802 intelli-

1875 2867 2002 2922 gere
2027 2849 2192 2906 etiam
2227 2850 2393 2915 licet,
2423 2826 2760 2901 divinioreni
2792 2843 2943 2897 illam
2978 2841 3412 2909 speculationem
3440 2879 3454 2899 ,

1875 2962 1998 3017 quae
2030 2961 2096 3000 ex
2131 2945 2296 2999 rebus
2336 2940 2696 2998 sensibilibus
2739 2939 3008 3002 nascitur,
3051 2943 3218 3004 atque
3258 2947 3456 2987 asccu-

1880 3053 2002 3096 sum
2033 3037 2225 3103 illum,
2265 3049 2374 3106 quo
2418 3049 2518 3104 per
2566 3047 2662 3087 cas
2711 3031 2777 3085 ad
2833 3031 3080 3083 omnium
3133 3033 3454 3095 parentem,

1877 3131 2223 3186 conditorem
2261 3137 2316 3184 et
2350 3135 2632 3182 auctorem
2683 3123 3076 3193 assurgimus:
3127 3117 3272 3190 quod
3328 3116 3455 3186 qui-

1876 3225 1999 3280 dem
2031 3225 2196 3280 etiam
2229 3238 2391 3278 omne
2421 3222 2630 3296 lignum
2662 3216 3039 3289 nuncupavit,
3064 3215 3168 3269 hoc
3197 3221 3314 3277 est,
3341 3211 3455 3281 plc-

1877 3333 2008 3372 num
2036 3331 2101 3373 ac
2130 3315 2428 3370 indivisum
2453 3355 2467 3378 ,
2498 3314 2785 3383 solamque
2812 3309 2939 3365 boni
2970 3305 3453 3377 participationem

1878 3410 2081 3464 ferens.
2116 3406 2222 3462 Per
2253 3407 2462 3477 lignum
2492 3414 2676 3460 autem
2705 3401 2954 3459 scientia:
3001 3397 3132 3453 boni
3185 3405 3238 3451 et
3285 3393 3452 3458 mali,

1876 3501 2061 3556 cibum
2116 3498 2433 3556 sensibilem
2473 3504 2526 3550 et
2575 3491 2996 3553 delectabilem,
3031 3490 3162 3559 qui.
3199 3485 3453 3557 quamvis

1878 3591 2170 3648 suavitatis
2213 3589 2455 3660 speciem
2501 3600 2616 3656 prae
2664 3599 2727 3642 se
2785 3583 2958 3647 ferat,
3009 3596 3199 3636 revera
3271 3588 3450 3632 tamen

1876 3698 2002 3740 eum
2057 3696 2087 3736 a
2138 3696 2248 3752 quo
2303 3678 2631 3750 percipitur,
2681 3677 2736 3731 in
2785 3674 2928 3729 mala
2991 3671 3246 3741 coniicit.
3303 3668 3454 3722 Dixit

1877 3792 2102 3845 namque
2131 3773 2272 3828 Deus
2297 3787 2314 3826 :
2343 3771 2425 3826 Ea:
2452 3773 2592 3824 omni
2625 3770 2787 3840 ligno,
2815 3767 2955 3838 quod
2986 3776 3061 3821 est
3093 3766 3145 3818 in
3171 3762 3450 3833 paradiso,

1876 3866 2127 3924 vescendo
2155 3865 2392 3920 comedas
2421 3865 2468 3896 "
2497 3882 2510 3918 :
2541 3861 2701 3932 quasi
2739 3861 2924 3923 dicat,
2957 3859 3014 3913 ni
3048 3857 3232 3920 fallor,
3270 3855 3358 3910 fac
3393 3863 3454 3908 ut

1875 3977 1974 4034 per
2002 3968 2292 4016 creaturas
2319 3971 2516 4013 omnes
2551 3954 2618 4010 ad
2653 3969 2740 4008 me
2771 3951 3116 4009 conditorem
3149 3962 3416 4017 assurgas
3437 3986 3451 4007 .

1876 4067 2154 4124 unumque
2177 4067 2242 4106 ex
2265 4048 2520 4106 omnibus
2545 4047 2785 4102 fructum
2809 4045 3092 4114 decerpas,
3117 4055 3202 4095 me
3221 4040 3452 4102 scilicet,

1875 4145 1969 4216 qui
1998 4158 2126 4200 vera
2169 4142 2280 4196 vita
2315 4156 2460 4197 sum.
2497 4138 2573 4194 Da
2602 4151 2860 4209 operam,
2892 4141 2952 4189 ut
2981 4133 3169 4188 omnia
3201 4133 3322 4186 vita:
3354 4131 3453 4184 tibi

1877 4236 2116 4290 fructum
2149 4232 2374 4288 ferant:
2411 4238 2579 4301 atque
2612 4229 2666 4284 id
2708 4242 2840 4298 age,
2893 4235 2952 4280 ut
3003 4223 3111 4279 mei
3162 4220 3453 4292 participa-

1875 4329 2024 4383 tione
2059 4327 2115 4381 in
2147 4339 2332 4380 rerum
2364 4331 2561 4379 natura
2589 4321 2885 4376 consistas.
2919 4317 3034 4372 llac
3063 4316 3208 4372 enim
3241 4315 3454 4370 ratione

1877 4415 2210 4472 immortalis
2245 4414 2394 4470 eris:
2432 4413 2506 4468 De
2539 4413 2684 4483 ligno
2731 4420 2907 4465 autem
2942 4409 3178 4464 scientia:
3223 4406 3344 4461 boni
3403 4412 3453 4458 ει

1875 4508 2004 4561 mali
2035 4523 2097 4561 ne
2125 4505 2414 4560 comedatis
2440 4519 2504 4558 ea:
2535 4519 2616 4558 eo.
2651 4503 2974 4569 Quacunque
3003 4501 3139 4554 enim
3172 4497 3256 4552 die
3311 4511 3454 4550 com-

1870 4600 2086 4654 ederitis
2103 4614 2168 4652 ea:
2197 4615 2280 4664 eo,
2314 4607 2481 4651 morte
2511 4596 2806 4650 moriemini
2837 4595 2904 4648 ⁵³.
2935 4591 3006 4647 Ea
3038 4591 3185 4646 enim
3215 4597 3294 4646 est
3326 4603 3454 4644 sen-

1871 4691 2052 4746 sibilis
2083 4689 2194 4744 cibi
2224 4694 2423 4742 natura
2448 4729 2463 4753 ,
2499 4696 2560 4740 ut
2595 4686 2646 4741 id
2675 4684 2825 4756 quod
2851 4683 3171 4739 subellluxit
3207 4679 3414 4749 repleat
3435 4716 3450 4741 .

185 4787 356 4848 atque
411 4778 466 4831 iu
523 4791 806 4834 secessum
855 4783 910 4832 et
959 4775 1376 4848 corruptionem
1435 4775 1596 4831 abeat
1661 4773 1770 4833 Nec
1811 4778 1938 4834 lieri-
1964 4785 2180 4850 potest,
2217 4788 2277 4834 ut
2313 4778 2678 4848 incorruptus
2729 4783 2982 4840 maneat,
3049 4773 3148 4843 qui
3201 4767 3449 4827 sensibili

182 4872 315 4927 cibo
339 4869 610 4927 vescitur.

676 4961 925 5016 ΚΕΦΑΔ.
981 4959 1057 5014 ω’
1089 4958 1287 5032 [Kq'].

715 5054 854 5122 Περὶ
898 5053 1236 5123 ἀνθρωπου.

253 5148 414 5201 υῦτω
444 5147 544 5218 μὲν
565 5141 660 5201 οὖν
708 5145 808 5217 τὴν
868 5147 1068 5217 νοητὴν
1101 5145 1292 5200 οὐσίαν
1344 5145 1690 5216 ὑπεστήσατο
1739 5145 1767 5197 ὀ

176 5239 318 5303 Θεός
341 5255 354 5270 ·
389 5237 654 5308 ἀγγέλους
702 5238 868 5307 φημὶ,
918 5239 1013 5292 καὶ
1041 5237 1221 5292 πάντα
1269 5236 1338 5290 τά
1370 5238 1494 5290 κατ’
1537 5234 1768 5310 οὐρανὸν

251 5384 304 5465 δέ
334 5394 494 5465 Greg.
524 5393 659 5452 Νη.
693 5403 832 5451 orat.
893 5395 965 5450 58
1004 5401 1058 5448 et
1096 5393 1185 5447 ιε.
1252 5392 1294 5425 ⁸³
1327 5390 1480 5445 Rom.
1537 5406 1575 5456 ι,
1613 5389 1699 5446 10.

178 5465 226 5497 ⁸⁸
265 5464 600 5530 ιὶειι.ιι,16.
694 5467 741 5499 ⁸³
778 5465 913 5521 Gen.
943 5481 1008 5527 lt,
1038 5465 1124 5517 l7.

2366 4957 2524 5028 177
2567 4953 2798 5012 eaeor
2839 4953 2958 5008 xu.

2479 5048 2552 5103 De
2590 5049 2829 5102 homine.

1946 5141 2060 5199 lloc
2115 5149 2280 5214 pacto
2333 5140 2526 5209 itaque
2561 5138 2707 5195 Deus
2740 5137 3140 5206 intelligentem
3188 5133 3450 5189 substan-

1875 5235 2008 5290 tiam
2030 5275 2045 5300 ,
2091 5243 2222 5305 puta
2251 5233 2476 5303 angelos
2501 5275 2515 5291 .
2549 5230 2924 5298 caelestesque
2974 5243 3168 5284 omnes
3223 5225 3450 5280 ordines

1787 5390 1836 5422 ⁵ο
1871 5387 2018 5445 Psal.
2067 5404 2334 5456 cxxxvm,
2373 5387 2427 5442 6.
2488 5383 2784 5440 “Maximi
2835 5384 2888 5437 in
2929 5383 3130 5452 Script.
3190 5398 3312 5453 pag.
3361 5383 3447 5438 10.

1700 5527 1931 5585 NOTAE.

252 5630 367 5701 (7i)
409 5628 688 5685 Τουτέστι
725 5629 794 5684 ἐκ
817 5628 944 5697 τῆς.
977 5631 1090 5686 Hoc
1119 5637 1195 5701 est
1232 5643 1300 5701 ea;
1319 5643 1433 5701 mea
1459 5635 1750 5701 structura.

181 5697 276 5758 Sic
301 5697 912 5768 Basilius,'l‘lieologus.
931 5700 1255 5754 Anastasius
1289 5698 1326 5750 ll
1355 5697 1752 5768 Antio_clicnus.

176 5782 232 5828 ct
260 5771 354 5826 alii
389 5771 556 5826 verba
582 5771 694 5824 lucc
729 5766 1200 5840 psalmicxxxvm,
1224 5771 1254 5821 ὕ
1281 5787 1291 5821 :
1315 5766 1576 5821 Mimbilis
1609 5767 1754 5833 facta

1862 5633 1936 5678 est
1962 5625 2181 5678 scientia
2219 5633 2312 5676 tua
2337 5637 2401 5675 ex
2429 5637 2530 5685 me,
2563 5619 2842 5689 accipiunt
2877 5634 2889 5670 :
2925 5626 2980 5670 at
3016 5617 3198 5689 potior
3217 5624 3300 5687 est
3327 5631 3454 5671 seu.

1863 5709 1959 5752 sus
1997 5711 2058 5747 ex
2105 5694 2330 5746 llehrzeo
2352 5711 2363 5746 :
2387 5690 2653 5745 Mirabilis
2690 5688 2834 5756 [uela
2863 5697 2939 5743 est
2969 5688 3189 5742 scicntia
3225 5696 3315 5739 tua
3343 5701 3451 5754 prta

1865 5780 1972 5818 nte:
2000 5765 2048 5818 id
2081 5774 2183 5829 est,
2217 5764 2424 5834 ingenii.
2461 5761 2565 5817 mei
2598 5777 2829 5814 acumen
2873 5761 3029 5828 longe
3058 5758 3292 5815 excedit.
