3962 6300
328 384 435 448 99.3

1522 385 1582 444 S.
1621 383 1940 448 JOANNIS
1979 387 2431 448 DAMASCENI.

3488 388 3595 454 924

327 497 420 552 lud
456 505 514 552 ut
547 504 900 568 permaneat,
935 513 1174 570 eumque
1207 499 1432 564 laudet,
1481 500 1645 571 cujus
1696 502 1880 556 hcneli

2037 519 2203 568 ιενον,
2246 502 2525 556 τουτέστιν
2577 503 2636 555 ὲν
2678 502 2755 574 τῷ
2803 504 3031 576 παρόντι
3075 503 3194 576 βίῳ,
3228 505 3320 558 καὶ
3350 503 3589 577 ἀλλαχοῦ

327 589 432 645 ciis
466 595 698 643 ornatus
746 588 895 657 fuit;
951 590 1056 645 hoc
1083 632 1097 653 ,
1143 599 1202 644 ut
1230 593 1500 662 patiatur,
1551 600 1623 646 et‘
1655 593 1916 663 patiendo

329 681 712 746 admoneatur,
739 697 978 752 eumque
1009 683 1412 753 magnitudinis
1440 698 1609 738 causa
1646 699 1706 740 se
1732 687 1913 740 extol-

329 772 426 837 lit,
459 775 824 829 emendetur:
862 775 1068 842 animal
1101 775 1222 839 hic,
1258 775 1376 830 sive
1406 776 1459 828 in
1491 777 1747 844 praesenti
1782 777 1914 839 vita,

328 872 483 920 certo
517 865 757 920 consilio
793 866 1158 935 gubernatum
1188 884 1200 928 ;
1247 874 1412 935 atque
1455 867 1564 920 alio
1589 905 1604 930 ,
1654 867 1754 921 hoc
1789 876 1913 932 est,

330 955 398 1009 ad
459 954 710 1011 futurum
767 972 943 1012 navum
997 958 1289 1027 migrans;
1341 957 1603 1027 quodque
1664 958 1919 1028 mysterii

2019 592 2439 664 μεθιστάμενον,
2488 592 2788 665 [τουτέστιν
2815 595 2860 667 ι’]
2928 599 2986 649 ἐν
3026 595 3102 667 τῷ
3128 596 3285 650 αἰῶνι
3338 597 3418 667 τῷ
3465 599 3599 668 μέλ-

2018 683 2197 737 λοντι·
2253 683 2350 738 καὶ
2409 685 2582 756 πέρας
2630 685 2725 738 τοῦ
2785 688 3116 760 μυστηρίου,
3157 692 3225 760 τῇ
3274 691 3413 761 πρὸς
3465 689 3603 744 Θεὸν

2017 773 2200 827 νεύσει
2227 773 2552 846 θεούμενον*
2599 775 2894 849 θεούμενον
2935 779 3012 841 δὲ,
3059 783 3260 851 μετοχῇ
3297 781 3396 852 τῆς
3447 781 3604 844 θείας

2020 865 2364 937 ὲλλάμψεως,
2394 866 2487 919 καὶ
2511 868 2612 921 ούκ
2647 869 2726 931 είς
2769 867 2866 941 τὴν
2903 868 3055 924 θείαν
3083 869 3480 942 μεθιστάμενον
3512 873 3606 924 οὺ-

2021 975 2162 1012 σιαν.

332 1047 459 1104 finis
492 1057 614 1112 est,
649 1065 747 1116 per
781 1051 983 1132 mentis
1018 1049 1085 1103 ad
1132 1049 1302 1104 Deum
1350 1049 1778 1106 conversionem
1833 1049 2129 1103 divinitate
2164 1049 2455 1116 dolatum;
2493 1065 2607 1105 non
2667 1058 2728 1106 ut
2790 1051 2845 1106 in
2913 1051 3160 1108 divinam
3226 1053 3605 1111 substantiam

331 1142 559 1211 migret,
587 1142 684 1197 sed
710 1151 770 1196 ut
797 1141 1040 1197 divinam
1072 1143 1500 1198 illustrationem
1536 1143 1828 1213 partieipet
1852 1143 1917 1197 "°.

403 1239 574 1290 Homo
601 1246 658 1289 ut
687 1247 898 1290 creatus
919 1276 934 1301 ,
963 1238 1373 1308 ἀναμάρτητος.
1400 1237 1627 1290 Arbitrii
1675 1237 1916 1300 libertas,

331 1357 402 1367 —
424 1327 566 1393 Quin
597 1329 763 1382 etiam
799 1328 942 1384 Deus
970 1329 1126 1382 illum
1160 1337 1362 1383 natura
1398 1344 1428 1383 a
1462 1335 1694 1399 peccato
1727 1329 1926 1382 immu-

335 1435 456 1474 nem
487 1420 699 1474 creavit
719 1463 734 1486 ,
765 1421 1063 1490 liberaeque
1091 1421 1419 1476 voluntatis.
1452 1419 1760 1474 Immunem
1785 1461 1800 1484 ,
1840 1420 1926 1472 in-

333 1527 499 1581 quam
525 1553 538 1577 ,
570 1526 600 1564 a
635 1523 887 1584 peccato,
916 1528 1025 1568 non
1066 1513 1212 1584 quod
1242 1511 1462 1583 peccati
1495 1511 1724 1566 minime
1755 1525 1928 1580 capax

334 1614 482 1657 esset
521 1602 723 1673 (nemo
757 1606 900 1658 enim
933 1613 1133 1675 praeter
1165 1605 1338 1659 Deum
1369 1613 1490 1670 est,
1526 1603 1619 1673 qui
1652 1618 1763 1656 non
1798 1617 1929 1673 pec-

336 1710 469 1750 care
504 1697 720 1766 queat),
766 1696 860 1751 sed
887 1697 1031 1766 quod
1063 1697 1274 1768 peccati
1304 1697 1792 1767 perpetrationem,
1820 1711 1930 1749 non

337 1786 393 1840 in
431 1796 663 1853 natura,
700 1789 796 1843 sed
824 1787 878 1841 in
915 1789 1222 1846 voluntatis
1255 1791 1528 1845 electione
1581 1789 1930 1843 admissurus

335 1887 484 1932 esset
511 1896 526 1945 ;
576 1879 626 1933 id
657 1887 742 1934 est
765 1919 778 1940 ,
813 1895 938 1932 cum
971 1878 1172 1935 divinze
1212 1881 1406 1951 gratiae
1449 1880 1770 1950 adiumento
1797 1896 1924 1950 per-

338 1985 594 2026 severare
621 1977 675 2025 et
705 1972 759 2026 in
791 1972 936 2026 bono
961 1972 1235 2042 prolicere
1260 1981 1486 2042 posset,
1513 1989 1577 2027 ac
1605 1988 1801 2027 rursus
1829 1987 1926 2040 per

337 2059 555 2113 arbitrii
588 2061 900 2116 libertatem
931 2076 962 2115 a
993 2062 1200 2118 virtute
1229 2062 1490 2118 recedere
1512 2105 1524 2127 ,
1559 2063 1766 2132 Deique
1799 2077 1924 2132 per-

340 2150 609 2206 missione
643 2152 698 2206 in
733 2152 927 2207 vitium
973 2154 1109 2209 labi.
1147 2153 1305 2209 llaud
1339 2155 1486 2208 enim
1523 2155 1712 2210 virtuti
1745 2157 1920 2225 depu-

339 2241 604 2308 tandum,
638 2242 789 2319 quod
825 2244 1020 2301 invitis
1051 2247 1216 2300 nobis
1253 2247 1434 2316 agitur
1463 2249 1536 2304 ⁸⁷.

410 2353 488 2407 De
517 2355 718 2408 anima.
740 2385 811 2395 ——
835 2354 957 2410 Jam
991 2371 1123 2412 vero
1157 2357 1350 2411 anima
1386 2365 1473 2413 est
1515 2358 1750 2426 vivens,
1789 2359 1926 2413 sitn-

338 2444 502 2512 plex,
554 2453 608 2498 et
660 2443 992 2516 incorporea
1047 2447 1212 2518 1'79
1259 2447 1620 2513 substantia,
1669 2451 1927 2520 corporis

339 2534 628 2590 oculorum
660 2544 861 2606 suapte
891 2549 1095 2592 natura
1130 2554 1356 2594 sensum
1404 2538 1660 2610 fugiens,
1696 2540 1926 2596 immor-

339 2627 500 2691 talis,
537 2628 779 2684 rationis
825 2639 880 2685 et
929 2630 1310 2702 intelligentiae
1346 2635 1662 2704 particeps,
1706 2633 1928 2704 organis

341 2718 620 2774 instructo
647 2727 811 2777 utens
834 2736 1096 2792 corpore.
1123 2724 1215 2778 cui
1249 2724 1417 2778 vitam
1441 2765 1456 2788 ,
1479 2725 1891 2779 incrementum
1912 2764 1928 2789 ,

343 2827 604 2875 sensum,
637 2821 691 2867 et
726 2813 992 2884 gignendi
1029 2815 1137 2869 vim
1171 2815 1382 2870 tribuat
1413 2815 1484 2884 ⁸³,
1534 2832 1643 2871 non
1690 2817 1852 2870 aliam
1896 2831 1926 2869 a

342 2919 402 2957 se
425 2905 730 2972 seiunctam
784 2914 1022 2961 mentem
1073 2908 1287 2962 habens
1323 2908 1522 2975 (mens
1552 2909 1757 2978 quippe
1791 2908 1928 2961 nihil

345 2993 495 3048 aliud
547 3003 633 3048 est
683 3009 849 3065 quam
905 2996 1282 3052 subtilissima
1337 2998 1516 3067 ipsius
1566 3012 1734 3068 pars:
1781 2995 1930 3066 quod

315 3087 491 3140 enim
524 3087 704 3142 oculis
735 3087 789 3140 in
825 3103 1096 3158 corpore,
1131 3088 1236 3143 hoc
1267 3103 1425 3144 mens
1467 3088 1523 3142 in
1571 3088 1756 3142 anima
1801 3092 1930 3154 est)

347 3178 560 3234 arbitrii
591 3179 878 3246 libertate,
911 3180 1279 3252 volendique,
1323 3188 1380 3236 et
1425 3180 1623 3252 agendi
1667 3179 1933 3237 facultate

439 3357 485 3389 ⁵⁸
519 3357 681 3431 Greg.
715 3357 848 3415 Naz.
883 3368 1028 3417 orat.
1057 3360 1127 3416 58
1159 3366 1216 3416 et
1272 3360 1360 3414 42.

1463 3360 1509 3394 ⁵⁷
1566 3359 1770 3417 Athan.
1805 3359 1902 3414 lib.
1934 3358 2182 3415 De-inob.
2225 3366 2397 3412 contr.
2427 3355 2598 3426 Apoll.

2111 1235 2366 1307 Ἐποίησε
2399 1236 2456 1290 δὲ
2485 1236 2647 1291 αὑτὸν
2679 1235 2840 1308 φύσει
2864 1237 3275 1310 ἀναμάρτητον,
3321 1241 3418 1294 καὶ
3446 1242 3574 1313 θελὴ
3596 1273 3611 1284 -

2027 1346 2113 1382 σει
2137 1327 2505 1393 αὐτεξούσιον.
2562 1327 2977 1400 Ἀναμάρτητον
3008 1329 3066 1383 δέ
3099 1348 3262 1402 φημι,
3285 1331 3384 1403 οὐχ
3428 1335 3504 1397 ὡς
3532 1334 3614 1406 μὴ

2027 1419 2412 1490 ἐπιδεχόμενον
2441 1420 2715 1492 ἁμαρτίαν
2739 1437 2752 1450 ·
2793 1421 2957 1491 μόνον
2995 1421 3104 1493 γὰρ
3144 1423 3204 1474 τὸ
3235 1423 3392 1477 Θεῖον
3423 1425 3613 1495 apag-

2028 1511 2146 1576 τίσις
2179 1513 2329 1565 ἐστὶν
2351 1511 2700 1566 ἀνεπίδεκτον
2725 1529 2739 1543 ·
2783 1512 2898 1567 ἀλλ’
2934 1513 3033 1584 οὐχ
3086 1513 3162 1578 ὡς
3207 1515 3266 1567 ὲν
3300 1519 3364 1588 τῇ
3405 1516 3428 1545 ³
3453 1517 3614 1585 φύσει

2031 1603 2093 1656 τὸ
2133 1603 2471 1674 ἁμαρτάνειν
2493 1601 2706 1673 ἔχοντα,
2750 1603 2808 1655 ἐν
2837 1605 2904 1675 τῇ
2930 1605 3248 1675 προαιρέσει
3275 1605 3332 1658 δὲ
3369 1605 3568 1676 μᾶλλον
3597 1625 3610 1639 ο

2033 1695 2154 1765 ἦτοι
2175 1694 2444 1758 ἐξουσίαν’
2466 1693 2657 1763 ἔχοντα
2691 1693 2894 1765 μένειν,
2959 1695 3050 1752 καὶ
3077 1695 3415 1766 προκύπτειν
3454 1697 3512 1750 ἐν
3535 1698 3616 1768 τῷ

2034 1786 2245 1858 ἀγαθῷ,
2277 1789 2345 1858 τῇ
2373 1786 2494 1858 θείᾳ.
2531 1786 2964 1858 συνεργούμενον
3003 1786 3189 1858 χάριτι
3227 1788 3492 1853 ὡσαύτως
3520 1791 3615 1844 καὶ

2032 1879 2333 1952 τρέπεσθαι
2373 1882 2437 1933 ὲκ
2462 1878 2556 1933 τοῦ
2606 1878 2798 1944 καλοῦ,
2846 1879 2940 1933 καὶ
2979 1881 3037 1932 ὲν
3054 1880 3132 1952 τῷ
3156 1881 3313 1952 κακῷ
3341 1881 3611 1950 γίνεσθαι,

2033 1973 2126 2028 τοῦ
2151 1972 2285 2027 Θεοῦ
2341 1970 2801 2044 παραχωροῦντος
2843 1970 2935 2024 διὰ
2982 1971 3044 2025 τὸ
3076 1971 3448 2037 αὐτεξούσιον.
3498 1974 3616 2028 Οὐκ

2035 2067 2203 2138 ἀρετὴ
2233 2065 2338 2136 γὰρ
2368 2065 2428 2118 τὸ
2459 2064 2551 2136 βίᾳ
2580 2063 2884 2134 γινόμενον.

2105 2353 2266 2426 Ψυχὴ
2289 2354 2471 2408 τοίνυν
2501 2353 2613 2424 (78)
2674 2355 2843 2420 ἐστὶν,
2906 2355 3064 2408 οὐσία
3100 2355 3272 2422 ζῶσα,
3328 2355 3477 2426 ἁπλῆ
3520 2357 3620 2412 καὶ

2034 2444 2346 2516 ἀσώματος,
2387 2449 2724 2516 σωματικοῖς
2748 2445 3052 2518 ὀφθαλμοῖς
3093 2447 3214 2502 κατ’
3253 2447 3460 2502 οἰκείαν
3514 2448 3617 2516 φύ-

2037 2554 2122 2591 σιν
2147 2537 2400 2608 ὰόρατος,
2428 2537 2713 2603 ἀθάνατος,
2735 2539 2927 2609 λογική
2954 2556 3012 2592 τε
3037 2539 3132 2592 καὶ
3151 2539 3334 2610 νοερὰ,
3361 2539 3621 2609 ἀσχημά-

2035 2645 2236 2693 τιστος,
2291 2627 2571 2700 ὀργανικῷ
2637 2629 2952 2700 κεχρημένη
3007 2628 3242 2700 σώματι,
3297 2630 3391 2684 καὶ
3443 2629 3624 2702 τούτῳ

2037 2719 2209 2792 ζωῆς,
2234 2720 2518 2792 αὑξὴσεώς
2575 2739 2654 2785 τε,
2685 2722 2781 2775 καὶ
2826 2720 3157 2792 αίσθήσεως,
3187 2721 3284 2776 καὶ
3311 2722 3620 2792 γεννήσεως

2038 2829 2112 2864 πα
2125 2811 2371 2882 ρεκτικὴ,
2405 2811 2504 2881 οὐχ
2536 2811 2732 2882 ἓτερον.
2754 2809 2951 2881 ἔχουσα
2987 2811 3098 2880 (79)
3128 2811 3259 2882 παρ’
3287 2811 3490 2880 ἑαυτὴν
3525 2811 3620 2864 τὸν

2037 2903 2184 2966 νοῦν,
2235 2903 2371 2958 ἀλλὰ
2412 2903 2578 2974 μέρος
2633 2903 2804 2973 αὐτῆς
2850 2907 2911 2956 τὸ
2951 2902 3376 2972 καθαρώτατον·
3426 2902 3624 2974 ὥσπερ

2039 2995 2144 3064 γὰρ
2176 2993 2451 3065 ὀφθαλμὸς
2477 2996 2534 3046 ἐν
2566 2993 2804 3066 σώματι,
2832 2993 3006 3058 οὕτως
3037 2995 3095 3047 ἐν
3124 2995 3269 3065 ψυχῇ
3300 2993 3455 3058 νοῦςο
3487 2993 3624 3048 αὐτ-ο

2039 3087 2304 3152 εξούσιος,
2361 3087 2619 3159 θελητική
2676 3104 2758 3151 τε,
2824 3087 2920 3140 καὶ
2995 3087 3344 3158 ὲνεργητικὴ,
3391 3085 3623 3157 τρεπτὴ,

2038 3180 2161 3249 ἤτοι
2207 3178 2612 3250 ἐθελὸτρεπτος,
2675 3180 2756 3231 ὅτι
2788 3178 2884 3232 καὶ
2928 3179 3142 3249 κτιστή.
3204 3179 3389 3234 Πάντα
3447 3177 3626 3231 ταῦτα

2676 3360 2721 3391 ⁸⁸
2749 3358 2968 3415 Maxim.
2998 3374 3138 3429 opus
3164 3359 3240 3417 De
3269 3363 3470 3417 anima.

1677 3515 1916 3573 VARIE
1955 3514 2360 3572 LECTIONES.

426 3661 451 3692 ι·
482 3653 561 3708 lta
599 3651 736 3723 Reg.
771 3651 933 3718 5451,
967 3659 1021 3708 et
1057 3653 1296 3724 postulat
1329 3654 1526 3709 oratio.

1604 3664 1626 3692 ³
1660 3652 1753 3708 Sic
1792 3653 1926 3723 Reg.
1959 3651 2102 3707 536?.
2128 3662 2182 3708 et
2206 3653 2367 3709 5451.
2401 3652 2546 3708 Edit.
2581 3661 2633 3708 et
2663 3653 2752 3708 alii
2783 3653 2899 3707 ἀλλ’
2931 3655 3032 3708 οὐκ
3069 3655 3128 3708 ἐν
3155 3657 3243 3726 τῇ.

1883 3785 2119 3843 NOTA'I.

425 3900 562 3968 (78).
601 3899 779 3968 Ψυχὴ
816 3899 1047 3956 τοίνυν.
1079 3900 1207 3955 lam
1242 3918 1360 3957 vero
1408 3901 1589 3955 anima
1626 3910 1706 3956 est
1736 3902 1934 3964 vivens,
1966 3903 2006 3959 C
2040 3900 2178 3969 phos
2211 3899 2350 3955 alios
2405 3900 2682 3963 docuisse,
2731 3891 2882 3954 aliud
2937 3901 3176 3955 animam
3215 3916 3349 3965 esse,
3379 3910 3430 3955 et
3475 3900 3628 3954 aliud

353 3980 461 4026 etc.
493 3970 688 4025 Patres
737 3986 880 4041 aegre
924 3973 1172 4026 tulerunt
1238 3972 1308 4027 ab
1361 3973 1655 4027 Aristotele
1695 3972 1936 4026 animam

354 4041 580 4113 deliniri
617 4041 959 4111 ἐντελέχειαν
1003 4042 1232 4113 πρώτην
1285 4042 1538 4113 σώματος
1590 4041 1820 4111 φυσικοῦ
1851 4041 1942 4113 ὀρ-

353 4109 605 4181 γανικοῦ,
652 4109 835 4164 actum
861 4109 1088 4181 primum
1129 4109 1612 4182 co'rporis'organis
1665 4109 1938 4182 instructi,

358 4198 422 4235 ac.
453 4183 497 4236 si
528 4198 593 4236 ex
629 4182 732 4236 hac
771 4183 1090 4237 delinitione
1114 4181 1491 4250 subsequatur
1521 4183 1760 4235 animam
1793 4181 1847 4235 in
1881 4196 1943 4236 se

359 4267 466 4306 non
509 4253 843 4322 consistere,
893 4253 989 4308 sed
1041 4267 1166 4306 cum
1223 4267 1460 4322 corpore
1509 4252 1744 4322 dissolvi
1771 4259 1824 4304 et
1861 4250 1944 4304 in-

358 4324 544 4377 terire.
587 4321 802 4377 Tullius
843 4337 993 4384 vero,
1029 4323 1122 4376 lih.
1158 4337 1171 4375 ι
1217 4321 1373 4376 Tusc.
1425 4331 1640 4390 (ματη,
1691 4321 1943 4375 Philoso-

359 4394 449 4462 phi
500 4401 740 4447 mentem
799 4393 882 4462 sic
934 4393 1192 4461 explicat.
1233 4402 1390 4446 utea
1442 4391 1578 4445 nihil
1611 4392 1942 4462 animorum

360 4461 765 4519 immortalitati
788 4461 1002 4516 detrahi
1036 4462 1288 4516 videatur
1316 4481 1328 4516 :
1361 4461 1694 4525 Aristoteles,
1736 4462 1936 4531 inquit,

361 4535 512 4602 longe
547 4531 788 4603 omnibus
818 4531 1130 4603 (Platonem
1177 4549 1380 4603 semper
1406 4533 1644 4601 excipio)
1676 4542 1940 4602 prwstnns

359 4612 408 4657 et
439 4602 645 4674 ingenio
705 4611 754 4655 et
803 4602 1126 4674 diligentia,
1165 4602 1294 4657 cum
1337 4612 1567 4674 quatuor
1597 4603 1694 4657 illa
1755 4619 1945 4674 genera

359 4671 742 4742 principiorum
789 4671 923 4728 esset
955 4673 1284 4742 complexus,
1319 4671 1563 4742 e'quibns
1609 4671 1788 4728 omnia
1835 4673 1945 4728 ori-

362 4753 566 4807 rentur,
613 4745 851 4812 quintam
897 4745 1181 4812 quamdam
1227 4753 1476 4799 naturam
1516 4753 1687 4799 censet
1713 4760 1847 4809 esse,
1880 4758 1946 4798 ea:

359 4831 465 4884 qua
490 4815 564 4884 sit
591 4830 755 4868 mens.
784 4814 1031 4884 Cogitare
1059 4817 1222 4877 enim,
1252 4825 1298 4869 et
1319 4813 1609 4884 providere,
1639 4824 1690 4870 et
1719 4814 1942 4878 discere,

362 4883 410 4936 et
463 4883 668 4951 docere,
709 4895 758 4939 et
807 4883 1035 4940 inuenire
1084 4883 1324 4952 aliquid,
1369 4885 1528 4940 etiam
1584 4885 1751 4938 multa
1809 4885 1945 4951 alia,

368 4955 686 5018 meminisse,
725 4971 928 5019 amare,
973 4956 1116 5025 angi,
1165 4953 1363 5019 tartari;
1403 4958 1514 5009 [nec
1549 4965 1598 5010 et
1633 4955 1834 5010 similia
1857 4971 1946 5008 eo-

366 5040 484 5077 rum
521 5025 576 5078 in
603 5025 790 5080 horum
819 5037 1051 5095 quatuor
1088 5041 1334 5095 generum
1382 5025 1530 5080 mtllo
1576 5027 1742 5080 inesse
1771 5035 1945 5094 putat.

368 5095 627 5160 Quintum
653 5096 1053 5166 genusadliibet
1087 5111 1278 5151 vacans
1309 5097 1539 5160 nomine,
1584 5106 1633 5150 et
1666 5097 1742 5151 sic
1774 5097 1976 5165 ipsum-

368 5165 607 5219 animum
657 5165 998 5236 ἐντελέχειαν
1028 5183 1157 5221 novo
1214 5169 1446 5234 appellat
1497 5167 1724 5230 nomine,
1791 5167 1949 5231 quasi

2044 3980 2288 4036 mentem,
2320 3977 2380 4024 ut
2404 3971 2569 4026 homo
2615 3985 2870 4040 corpore,
2905 3971 3087 4025 anima
3135 3973 3443 4041 (sentiente
3476 3972 3628 4027 scili-

2042 4041 2172 4111 cet)
2228 4051 2283 4096 et
2333 4048 2537 4106 mente,
2584 4056 2683 4095 ceu
2729 4041 2905 4096 tribus
2952 4041 3278 4111 substantiis
3324 4051 3625 4097 constaret.

2048 4109 2162 4165 llos
2217 4118 2427 4166 secutus
2458 4122 2534 4165 est
2586 4111 2952 4178 Apollinarius
3010 4109 3368 4176 Laodicenus,
3426 4112 3625 4178 inquit,

2042 4183 2136 4235 καὶ
2169 4182 2330 4235 τοῦτο
2350 4181 2681 4263 ςπηξᾲμενος
2705 4181 2766 4262 τιὸ
2795 4181 3046 4252 θεμέλιον
3069 4182 3170 4250 τῆς
3193 4183 3402 4244 οἰκείας
3447 4181 3626 4303 5652;,

2043 4251 2241 4303 hocaue
2277 4268 2541 4303 ontntoms
2568 4267 2681 4303 sua!
2723 4261 2862 4303 iacto
2905 4251 3268 4303 fundamento.
3306 4253 3510 4303 reliaua
3571 4269 3626 4303 o-

2043 4251 2241 4321 Itocque
2277 4251 2541 4319 opinionis
2568 4267 2681 4306 sua!
2712 4252 2862 4320 jacto
2903 4251 3268 4320 fundamento,
3306 4253 3510 4322 reliqua
3533 4251 3627 4305 do-

2045 4323 2212 4388 gmati
2263 4337 2356 4374 suo
2389 4323 2752 4376 convenientia
2799 4323 3070 4387 astruxit,
3140 4323 3191 4377 id
3237 4331 3341 4385 est,
3382 4334 3623 4376 mentem

2047 4392 2338 4445 humanam
2363 4393 2587 4446 Christo
2609 4393 2831 4454 ademit,
2869 4393 3028 4461 cujus
3061 4394 3206 4447 vices
3229 4391 3464 4448 Verbum
3496 4393 3628 4447 sub-

2045 4463 2172 4516 iret.
2217 4461 2403 4516 Patres
2453 4477 2584 4518 vero
2629 4463 2732 4516 hoc
2775 4463 3072 4524 inculcant,
3118 4463 3233 4517 ﬁeri
3299 4479 3408 4517 non
3463 4477 3626 4524 posse

2048 4542 2106 4585 ut
2141 4532 2311 4605 homo
2361 4542 2796 4605 mente_careat,
2851 4533 3052 4605 quippe
3087 4548 3191 4602 qua
3243 4534 3420 4605 solum
3466 4532 3629 4588 habet

2048 4610 2108 4656 ut
2141 4601 2305 4656 homo
2344 4602 2438 4658 sit.
2497 4601 2711 4672 Alioqui
2762 4601 2962 4672 species
2988 4601 3281 4657 duntaxat
3318 4604 3554 4657 humana
3580 4614 3628 4658 et

2049 4673 2200 4727 larva
2229 4673 2348 4737 erit,
2398 4672 2580 4742 inquit
2620 4672 2952 4744 Theologus,
3006 4674 3220 4744 epist.l
3278 4673 3345 4727 ad
3379 4675 3627 4737 Cledon.,

2048 4744 2230 4798 anima
2257 4751 2433 4796 autem
2465 4745 2603 4812 equi,
2651 4755 2744 4798 ant
2785 4742 2949 4808 bovis,
2983 4752 3074 4797 aut
3127 4743 3357 4812 cujusvis
3385 4743 3626 4808 alterius,

2047 4814 2185 4884 quod
2211 4813 2561 4884 intelligentia
2588 4822 2791 4884 careat.
2833 4814 2915 4868 Ad
2949 4816 3063 4870 haec
3085 4815 3215 4882 quia
3259 4813 3494 4884 Photius
3521 4814 3628 4867 Ma-

2049 4882 2304 4940 niehaico
2361 4882 2577 4938 necnon
2643 4882 3030 4940 Massalianico
3090 4899 3280 4939 errore
3352 4883 3628 4939 eﬂutierat

2049 4955 2187 5010 duas
2223 4954 2279 5007 in
2311 4953 2532 5008 homine
2577 4955 2790 5010 animas
2834 4970 2978 5020 esse,
3027 4963 3223 5008 octava
3257 4956 3505 5025 synodus
3531 4955 3627 5009 de-

2053 5025 2230 5080 linivit
2263 5025 2483 5078 unicam
2531 5039 2656 5079 esse
2698 5025 2936 5079 hominis
2964 5025 3228 5089 animam,
3269 5041 3377 5094 qua
3439 5039 3630 5093 nempe

2052 5098 2250 5166 vigeat,
2284 5095 2490 5166 sentiat
2551 5103 2605 5147 et
2663 5095 2953 5166 intelligat.
2986 5094 3271 5166 Nyssenus
3307 5095 3382 5148 De
3414 5095 3625 5164 opiﬁcio

2052 5165 2192 5220 hom.
2227 5165 2328 5220 soli
2359 5165 2614 5218 humanae
2646 5166 2813 5219 menti
2846 5165 3099 5220 concedit
3147 5175 3207 5220 ut
3239 5167 3422 5219 anima
3478 5168 3550 5218 sit
3580 5174 3632 5219 et

369 5237 737 5307 continuatam
762 5237 1049 5307 quamdam
1079 5239 1361 5293 motionem
1391 5246 1751 5305 etperennem.
1788 5236 1944 5302 Quod
1981 5253 2022 5306 ι)
2054 5237 2392 5302 nominetur,
2443 5241 2678 5307 caeteras
2734 5250 2842 5289 non
2918 5236 3137 5304 proprie
3198 5237 3305 5290 dici
3369 5235 3627 5307 animas:

371 5306 414 5378 si
459 5321 647 5362 verum
701 5306 786 5378 est
843 5308 947 5362 hoc
994 5307 1244 5362 Platonis
1297 5310 1731 5378 pronuntiatum,
1799 5307 1945 5376 quod

370 5375 566 5432 Patres
595 5380 733 5432 tanti
769 5377 1040 5443 fecerunt,
1071 5388 1128 5432 ut
1158 5375 1624 5432 imlc'animorum
1663 5375 1948 5432 immorta-

373 5448 580 5519 titatem
607 5448 956 5519 colligerent,
984 5465 1134 5504 onme
1161 5449 1296 5517 quod
1323 5449 1536 5517 perenni
1573 5457 1715 5503 motu
1747 5449 1945 5519 agitur,

371 5517 615 5570 interilui
645 5535 750 5570 non
784 5519 1026 5582 subesse,
1051 5536 1139 5586 cn,
1175 5519 1438 5574 Cicerone
1463 5527 1622 5586 teste,
1678 5517 1948 5573 Aristotc-

373 5587 458 5658 les
513 5588 890 5658 continuatam
945 5599 1001 5643 et
1063 5606 1358 5658 perennem
1405 5591 1708 5644 motionem
1763 5589 1948 5643 animo

375 5656 586 5728 tribuit,
615 5671 680 5711 eo
703 5659 849 5728 quod
874 5660 946 5712 sit
970 5656 1296 5728 ἐντελέχεια,
1329 5669 1498 5714 actus.

445 5725 579 5794 (79).
617 5725 739 5797 Οὐχ
801 5725 1286 5797 sapor-exonera.
1325 5728 1446 5782 Non
1485 5730 1649 5784 aliam
1679 5748 1711 5783 a
1738 5747 1812 5792 se,
1843 5742 1951 5783 etc.

373 5794 842 5866 Nemcsius,'cap.
883 5794 928 5865 ι’,
973 5794 1224 5852 οϋέιίῐνιιι
1279 5797 1552 5853 Plotinum
1602 5810 1653 5853 ct
1690 5802 1933 5869 philoso-

2053 5315 2292 5360 tnentem
2331 5319 2460 5360 vero
2493 5303 2562 5358 ab
2593 5305 2774 5358 anima
2803 5303 3222 5362 ratione’utente
3251 5322 3358 5360 non
3395 5305 3627 5360 secerni.

2050 5375 2320 5430 Maximus
2363 5377 2454 5430 lib.
2481 5373 2558 5428 De
2588 5375 2787 5439 anima,
2836 5383 3074 5430 mentem
3114 5393 3241 5430 cum
3293 5375 3630 5430 Damasceuo

2053 5455 2209 5502 vocat
2237 5446 2579 5512 purissimam
2608 5445 2800 5500 anima:
2831 5455 3055 5510 partem,
3103 5447 3266 5516 μέρος
3306 5445 3631 5517 καθαρώτατ

2050 5535 2161 5581 τον,
2195 5533 2313 5585 qua:
2359 5532 2461 5570 non
2499 5518 2825 5570 extrinsecus
2878 5517 3069 5570 anima:
3107 5515 3405 5580 adveniat,
3461 5515 3630 5570 veluti

2056 5601 2248 5653 nempe
2296 5587 2643 5642 Aristotelem
2680 5587 3026 5642 existimasse
3086 5585 3372 5642 Nemcsius
3423 5587 3631 5651 tradit;

2055 5674 2118 5712 ac
2159 5657 2204 5712 si
2261 5657 2326 5710 ad
2375 5658 2668 5712 essentiam
2722 5656 2957 5713 hominis
3008 5673 3115 5711 non
3174 5658 3488 5716 conferret,
3538 5658 3635 5709 sed

2064 5729 2141 5789 εἰς
2173 5726 2452 5797 προκοπὴν
2501 5727 2599 5798 τῆς
2627 5726 2902 5796 γνώσεως,
2960 5728 3027 5781 ad
3075 5743 3406 5799 progressum
3452 5727 3632 5796 cogni-

2050 5799 2224 5851 ιίυηὶε.
