3962 6300
244 295 353 358 925

1293 287 1392 347 DE
1426 285 1606 347 FIDE
1647 283 2114 346 ORTHODOXA
2151 285 2294 343 LIB.
2338 286 2418 345 II.

3409 293 3514 359 9‘36

245 401 389 458 κατά
413 399 576 471 φύσιν
605 399 717 472 (80)
749 399 814 452 ὲκ
855 401 953 470 τῆς
987 399 1081 452 τοῦ
1127 399 1634 468 δημιουργήσαντος
1673 396 1822 467 χάρι-

1937 395 2208 465 praedita:
2247 396 2561 463 mutabilis,
2621 398 2723 452 hoc
2758 407 2843 454 cst
2893 399 3205 469 ejusmodi,
3251 417 3374 472 quae
3421 417 3522 458 vo-

240 511 333 559 τος
359 493 632 564 εἰληφυῖα,
657 495 716 559 ἐξ
741 486 830 562 ἦς,
868 491 963 545 καὶ
1010 491 1094 544 τὸ’
1117 487 1278 558 εἶναι,
1325 490 1419 543 καὶ
1465 490 1622 557 φύσει
1661 489 1830 552 οὓτως

241 583 384 643 εἶναι
419 587 660 657 εἴληφεν.

313 875 485 946 Marg.
528 871 806 943 Ὀσαχῶς
836 870 906 926 τὸ
937 868 1278 940 ἀσώματον.
1304 898 1375 908 -
1423 867 1720 937 Ἀσῶματα
1748 867 1826 932 δὲ,

241 969 339 1022 καὶ
363 966 595 1036 ἀόρατα,
653 964 749 1019 καὶ
802 962 1212 1034 ἀσχημάτιστα,
1267 959 1409 1014 κατά
1460 958 1556 1014 δύο
1590 958 1827 1031 τρόπους

241 1060 495 1132 νοοῦμεν.
525 1058 610 1112 Τά
640 1058 760 1130 μὲν,
794 1055 917 1111 κατ’
951 1054 1165 1118 οὐσίαν,
1219 1053 1288 1107 τὰ
1331 1052 1408 1120 δὲ,
1440 1051 1584 1107 κατά
1614 1051 1776 1122 χάριν
1807 1067 1821 1082 ·

240 1155 339 1210 καὶ
369 1155 441 1209 τά
469 1153 570 1226 μὲν
618 1153 780 1223 φύσει
831 1151 982 1217 ὄντα,
1015 1149 1084 1204 τά
1129 1149 1209 1216 δὲ,
1251 1142 1388 1220 πρὸς
1425 1147 1523 1219 τὴν
1550 1147 1651 1217 τῆς
1695 1145 1827 1216 ὕλης

238 1246 530 1318 παχύτητα
548 1261 564 1279 ⁸
593 1244 687 1299 ἐπὶ
708 1243 844 1298 Θεοῦ
883 1243 982 1314 μὲν
1009 1237 1104 1296 οῦν
1125 1239 1288 1311 φύσει
1307 1257 1323 1273 ο
1352 1239 1444 1293 ἐπὶ
1468 1239 1526 1292 δὲ
1553 1237 1825 1308 ἀγγέλων,

237 1341 336 1395 καὶ
358 1341 651 1410 δαιμόνων,
685 1339 779 1392 καὶ
809 1335 1019 1407 ψυχῶν,
1072 1335 1278 1406 χάριτι,
1310 1330 1407 1386 καὶ
1442 1329 1518 1394 ὡς
1546 1329 1681 1400 πρὸς
1725 1328 1824 1400 τὴν

235 1434 338 1504 τῆς
378 1433 513 1504 ὕλης
535 1430 844 1502 παχύτητα,
870 1428 1102 1498 λέγεται,
1129 1424 1443 1496 ἀσώματον.

307 1614 554 1685 Σῶμαδέ
573 1615 716 1678 ἐστι,
743 1613 807 1666 τὸ
837 1613 999 1684 τριχῇ
1036 1609 1352 1673 διαστατὺν,
1383 1607 1556 1679 ὴγουν
1593 1605 1655 1659 τὸ
1700 1604 1823 1676 ἔχον

240 1708 441 1780 μῆκος,
464 1707 561 1763 καὶ
600 1706 828 1772 πλάτος,
866 1705 962 1760 καὶ
1003 1703 1189 1775 βάθος,
1228 1703 1349 1773 ἦτοι
1378 1701 1576 1799 ττὰχος.
1612 1700 1728 1799 Πᾶν
1855 1744 1894 1799 Β

237 1799 404 1869 σῶμα
433 1801 498 1852 ὲκ
522 1796 634 1850 τῶν
654 1795 936 1868 τεσσάρων
971 1792 1252 1865 στοιχείων
1283 1791 1634 1846 συνίσταται·
1663 1789 1733 1843 τὰ
1763 1788 1821 1842 δὲ

233 1889 349 1946 τῶν
380 1889 535 1955 ζώων
564 1887 814 1959 σώματα,
845 1890 909 1940 ὲκ
939 1887 1050 1939 τῶν
1064 1885 1348 1954 τεσσάρων
1371 1882 1581 1954 χυμῶν.

309 2159 432 2233 Χρὴ
489 2159 545 2214 δὲ
599 2157 797 2212 εἰδέναι
826 2156 908 2210 ὄτι
935 2152 1181 2222 τέσσαρά
1216 2152 1371 2204 ἐστι·
1411 2149 1505 2220 γῆ,
1551 2147 1689 2218 ξηρά
1729 2147 1822 2200 καὶ

231 2253 460 2326 ψυχράο
489 2249 654 2322 ὕδωρ,
704 2247 913 2319 ψυχρὸν
954 2244 1050 2299 καὶ
1107 2244 1302 2313 ὑγρόν·
1359 2241 1488 2312 ἀὴρ,
1532 2238 1696 2308 ὑγρὸς
1727 2237 1823 2290 καὶ

234 2343 443 2416 θερμός
467 2360 483 2374 ·
511 2341 644 2414 πῦρ,
672 2340 874 2413 0;ρμὸν
909 2337 1005 2392 καὶ
1045 2335 1229 2407 ξηρόν.
1270 2332 1507 2404 Ὁμοίως
1530 2331 1625 2384 καὶ
1655 2329 1823 2401 χυμοὶ

231 2435 523 2507 τέσσαρες,
579 2429 970 2500 ἀναλογοῦ-ντες
1017 2429 1130 2507 τοῖς
1192 2425 1451 2495 τέσσαρσι
1501 2421 1818 2492 στοιχείοις·

235 2505 472 2602 μέλαινα
497 2525 648 2597 χολὴ,
683 2522 1026 2591 ἀναλογοῦσα
1049 2505 1118 2592 τῇ
1147 2521 1242 2590 γῇ.
1284 2517 1424 2589 ξηρά
1449 2515 1558 2587 γάρ
1586 2517 1702 2570 ἐστι
1726 2514 1822 2568 καὶ

232 2621 447 2695 ψυχρά·
478 2620 722 2690 φλέγμα,
783 2615 1083 2684 ἀναλογοῦν
1111 2611 1213 2686 [τῷ
1245 2611 1419 2673 ὕδατι.
1451 2609 1664 2681 ψυχρὸν
1714 2608 1822 2678 γάρ

232 2730 355 2769 εστι
391 2712 489 2765 καὶ
529 2711 730 2782 ύγρὸνο
796 2705 960 2779 αἷμα,
1011 2702 1336 2774 άναλογοῦνῖ
1380 2701 1515 2774 (80')
1554 2699 1632 2771 τῷ
1673 2699 1818 2769 ἀέρι,

234 2805 406 2876 ὑγρὸν
437 2803 548 2875 γάρ
601 2806 720 2856 ἐστι
769 2802 864 2856 καὶ
920 2797 1164 2870 θερμόν·
1207 2795 1374 2865 ξανθὴ
1431 2791 1583 2864 χολὴ,
1628 2791 1823 2846 ἀναλο-

231 2897 412 2968 γοῦσα
437 2895 518 2965 τῷ
551 2895 706 2966 πυρὶ,
738 2892 918 2964 θερμὴ
964 2891 1074 2963 γάρ
1120 2892 1238 2943 ἐστι
1292 2887 1387 2942 καὶ
1431 2884 1594 2956 ξηρά.
1626 2885 1690 2936 Oi
1722 2881 1822 2953 μὲν

233 2985 333 3045 οὖν
369 2987 599 3060 καρποὶ,
636 2988 702 3040 ὲκ
729 2986 838 3040 τῶν
893 2982 1176 3054 στοιχείων
1231 2978 1606 3038 συνίστανται,
1669 2975 1719 3027 oi
1763 2972 1821 3026 δὲ

232 3082 424 3156 χυμοὶ,
453 3083 516 3136 ὲκ
545 3080 654 3136 τῶν
687 3079 939 3151 καρπῶν,
991 3075 1061 3130 τά
1111 3074 1169 3128 δὲ
1219 3074 1330 3127 τῶν
1369 3071 1526 3137 ζώων
1568 3067 1817 3140 σώματα,
1846 3096 1888 3153 C

233 3177 302 3229 ὲκ
323 3172 434 3228 τῶν
475 3171 687 3244 χυμῶν,
719 3169 816 3224 καὶ
860 3170 942 3232 είς
989 3165 1132 3220 αὐτά
1177 3162 1488 3219 ἀναλύεται.
1543 3161 1660 3214 Πᾶν
1710 3158 1820 3229 γὰρ

233 3262 644 3335 συντιθέμενον,
683 3263 762 3324 είς
788 3259 931 3314 αύτά
980 3255 1298 3313 ἀναλύεται.

304 3521 478 3593 Mans.
525 3521 656 3576 ὀτι
682 3523 715 3575 ὁ
742 3520 1055 3589 ἄνθρωπος
1096 3518 1480 3573 κανων-εἶκαὶ
1521 3517 1817 3586 ἀψύχοις,

236 3615 336 3669 καὶ
362 3614 628 3683 ἀλόγοις,
682 3613 783 3668 καὶ
818 3612 1107 3682 λογικοῖς.
1127 3642 1198 3653 -
1229 3610 1350 3682 Χρὴ
1381 3609 1694 3680 γινώσκειν,
1734 3609 1819 3663 ὅτι

239 3712 272 3765 6
301 3706 608 3778 ἄνθρωπος,
635 3705 729 3760 καὶ
754 3706 865 3769 τοῖς
892 3703 1122 3775 ἀψύχοις
1151 3704 1419 3767 κοινωνεῖ,
1451 3701 1548 3756 καὶ
1585 3701 1686 3771 τῆς
1709 3700 1819 3754 τῶν

232 3796 447 3864 ἀλόγων
475 3797 693 3867 μετέχει
726 3795 891 3866 ζωῆς,
931 3795 1153 3866 καὶτῆς
1200 3793 1310 3846 τῶν
1353 3791 1588 3861 λογικῶν
1635 3789 1819 3861 μετεί-

233 3891 373 3962 ληφε
402 3890 657 3960 νοήσεως.
689 3889 955 3944 Κοινωνεῖ
974 3888 1101 3958 γὰρ,
1127 3888 1239 3949 τοῖς
1273 3884 1372 3956 μὲν
1395 3883 1646 3953 ἀψύχοις,
1671 3882 1818 3936 κατά

231 3981 297 4035 τὸ
325 3980 486 4050 σῶμα
522 3981 618 4035 καὶ
645 3979 742 4050 τὴν
773 3981 883 4034 ἀπὸ
908 3979 1014 4033 τῶν
1041 3977 1324 4049 τεσσάρων
1372 3976 1653 4045 στοιχείων
1679 3975 1817 4046 κρᾶ-

235 4091 323 4127 σιν
343 4088 358 4104 ·
382 4075 495 4136 τοῖς
508 4071 565 4126 δὲ
597 4075 784 4141 φυτοῖς
817 4071 959 4125 κατά
1007 4087 1066 4124 τε
1096 4068 1291 4134 ταῦτα,
1326 4067 1422 4122 καὶ
1461 4067 1559 4138 τὴν
1592 4066 1818 4136 Θρεπτιη

235 4165 360 4237 κὴν,
391 4165 488 4219 καὶ
516 4164 836 4234 αὐξητικὴν,
868 4162 961 4216 καὶ
993 4158 1397 4232 σπερματικὴν,
1432 4158 1601 4228 ὴγουν
1626 4173 1818 4227 γεννη-

234 4260 396 4329 τικὴν
423 4256 652 4327 δύναμιν
671 4271 684 4286 ·
714 4257 825 4318 τοῖς
855 4254 910 4307 δὲ
946 4254 1165 4320 ἀλόγοις
1212 4249 1310 4304 καὶ
1353 4252 1412 4303 ὲν
1451 4249 1664 4312 τούτοις
1693 4247 1815 4319 μὲν,

235 4349 296 4416 ἑξ
333 4348 636 4420 ὲπιμὲτρου
669 4347 726 4400 δὲ
751 4346 894 4399 κατὰ
950 4345 1050 4414 τὴν
1077 4342 1283 4414 ὄρεξιν,
1325 4341 1495 4412 ἦγουν
1523 4339 1697 4411 θυμὸν
1723 4338 1818 4392 καὶ

1937 488 2169 543 lttntatis
2209 490 2569 544 mutationem
2605 491 2793 545 subire
2821 503 3022 561 queat,
3054 502 3346 564 propterea
3375 494 3521 564 quod

1933 589 2121 633 errata
2155 582 2249 634 sit.
2283 580 2449 650 Atqui
2483 581 2596 635 iure
2623 584 2806 636 omnia
2832 584 3114 639 Creatoris
3147 585 3416 639 beneﬁcio
3439 602 3526 639 se-

1933 671 2175 724 cundum
2208 683 2463 725 naturam
2509 685 2811 729 consecuta
2854 685 2975 741 est,
3022 692 3051 729 a
3099 693 3208 746 quo
3255 678 3520 730 nimirum

1933 764 2151 834 accepit
2174 805 2188 828 ,
2221 772 2278 818 et
2312 773 2370 819 ut
2401 773 2588 829 esset,
2631 774 2684 819 ct
2713 775 2770 819 ut
2803 767 2968 835 huius
3001 779 3211 823 natura:
3246 780 3413 824 esset.

2001 853 2374 924 lncorporeum
2391 866 2514 926 quot
2534 857 2703 911 modis
2717 857 3335 931 dicitur.—lncorporea
3357 877 3524 931 porro

1931 954 1986 998 et
2033 944 2352 1010 invisibilia,
2389 955 2443 1001 et
2473 947 2659 1018 ﬁgura:
2685 952 2932 1019 expertia
2968 951 3186 1006 duobus
3219 952 3397 1006 modis
3436 953 3522 1006 in—

1933 1037 2254 1106 tclligitnus.
2305 1038 2420 1091 Alia
2474 1039 2622 1094 enim
2669 1052 2880 1095 suamet
2945 1042 3184 1096 essentia
3245 1042 3520 1110 ejusmodi

1932 1138 2082 1192 sunt,
2123 1129 2231 1182 alia
2259 1129 2457 1199 gratia.
2488 1129 2736 1200 Itemque
2764 1131 2870 1184 alia
2929 1139 3124 1200 suapte
3148 1141 3366 1197 natura,
3391 1132 3518 1198 alia,

1931 1219 1974 1272 si
2002 1235 2126 1274 cum
2157 1222 2401 1276 materia:
2418 1222 2675 1278 crassitie
2697 1231 3112 1293 comparentur.
3133 1222 3518 1292 incorporeum

1934 1312 2100 1381 igitur
2146 1328 2290 1380 esse,
2340 1314 2447 1367 Deo
2483 1315 2740 1368 convenit
2767 1314 3065 1370 secundum
3103 1326 3388 1375 naturam:
3431 1331 3522 1368 att-

1929 1401 2065 1468 gelis
2116 1413 2323 1466 autem,
2358 1411 2412 1456 et
2446 1402 2811 1466 daemonibus,
2845 1411 2898 1458 et
2949 1404 3171 1469 animis,
3219 1405 3520 1458 secundum

1929 1490 2182 1559 gratiam,
2233 1491 2532 1561 habitaque
2571 1493 2782 1546 ratione
2820 1491 2885 1546 ad
2919 1493 3157 1546 materia:
3187 1491 3516 1547 erassitiem.

2001 1584 2075 1637 De
2125 1596 2362 1651 corpore.
2392 1615 2462 1624 —
2491 1585 2560 1636 At
2615 1599 2742 1638 vero
2776 1599 2980 1654 corpus
3009 1594 3116 1647 est,
3161 1585 3212 1638 id
3240 1584 3389 1654 qttod
3417 1585 3518 1637 tri-

1930 1673 2058 1743 plici
2093 1674 2438 1729 dimensione
2471 1684 2726 1738 constat,
2762 1675 2865 1729 hoc
2913 1687 3016 1733 est.
3051 1677 3220 1745 quod,
3242 1686 3295 1731 et
3344 1678 3519 1746 longi-

1924 1765 2191 1830 tudinem,
2209 1772 2262 1820 et
2289 1765 2653 1828 latitudinem,
2681 1774 2734 1820 et
2757 1765 3339 1834 profunditatetn,sire
3367 1783 3517 1823 eras-

1923 1858 2104 1912 sitiem
2184 1859 2368 1914 habet.
2425 1859 2643 1929 Corpus
2703 1869 2886 1913 autem
2949 1875 3111 1914 omne
3165 1875 3230 1914 ex
3283 1870 3518 1930 quatuor

1923 1948 2208 2004 elementis
2223 1959 2570 2020 compactum
2591 1959 2676 2006 est
2705 1966 2718 2003 :
2751 1934 3116 2006 animantium
3139 1966 3265 2006 vero
3283 1968 3516 2023 corpora

1922 2056 1989 2095 ex
2019 2049 2259 2109 quatuor
2282 2041 2633 2096 humoribus.

1993 2129 2257 2187 Humores
2286 2143 2514 2203 quatuor
2553 2133 2824 2188 elementis
2871 2135 3047 2204 afﬁnes
3081 2136 3193 2189 suis
3230 2136 3512 2207 qualitati-

1923 2219 2040 2274 bus.
2074 2251 2138 2260 —
2170 2220 2236 2275 Et
2270 2223 2490 2292 quidem
2515 2222 2799 2279 sciendum
2844 2232 2952 2289 est,
2984 2235 3225 2294 quatuor
3245 2227 3513 2280 elementa

1921 2329 2076 2381 esse;
2113 2325 2315 2370 terram
2360 2317 2646 2381 nimirum,
2701 2333 2823 2386 quae
2879 2319 3024 2374 sicca
3059 2328 3114 2373 et
3165 2319 3357 2389 frigida
3390 2325 3512 2383 est;

1923 2422 2148 2476 aquam,
2183 2423 2305 2474 quze
2353 2409 2551 2479 frigida
2580 2419 2634 2464 et
2669 2409 2933 2476 humida;
2963 2425 3168 2473 aerem,
3202 2410 3292 2480 qui
3332 2409 3516 2462 humi-

1921 2501 2026 2555 dus
2075 2509 2126 2555 ct
2166 2501 2419 2570 calidus;
2447 2502 2648 2573 ignem,
2702 2505 2794 2572 qui
2857 2503 3069 2557 calidus
3103 2510 3156 2557 et
3193 2502 3395 2557 siccus.
3433 2500 3511 2554 Ad

1921 2591 2175 2646 eumdem
2221 2592 2464 2655 modum,
2497 2600 2738 2662 quatuor
2785 2594 3046 2647 humores
3077 2593 3372 2652 exsistere,
3419 2592 3513 2659 qui

1921 2682 2210 2736 elementis
2242 2690 2481 2752 quatuor
2509 2683 2695 2736 nativa
2728 2684 2993 2753 qualitate
3014 2679 3361 2750 respondent.
3381 2681 3514 2733 Atra

1922 2774 2127 2844 quippe
2154 2774 2301 2838 bilis,
2339 2782 2530 2844 utpote
2555 2775 2704 2830 sicca
2735 2785 2789 2830 et
2831 2773 3052 2844 frigida,
3086 2782 3248 2827 terra:
3282 2787 3511 2841 respon-

1926 2862 2059 2916 det:
2099 2863 2321 2932 pituita,
2358 2878 2547 2932 aquze;
2601 2871 2686 2918 est
2725 2863 2870 2916 enim
2926 2861 3119 2933 frigida
3150 2868 3202 2914 et
3235 2860 3457 2915 humida
3499 2878 3510 2913 :

1923 2952 2172 3021 sanguis,
2207 2952 2320 3006 acri
2349 2968 2362 3017 ;
2394 2951 2614 3006 calidus
2651 2951 2796 3007 enim
2841 2959 2896 3004 et
2929 2950 3187 3006 humidus
3217 2959 3299 3005 est
3329 2968 3342 3004 :
3377 2949 3516 3003 ﬂava

1923 3041 2163 3114 denique
2195 3041 2347 3105 bilis,
2380 3041 2512 3110 igni,
2552 3052 2613 3096 ut
2645 3056 2765 3110 qua:
2789 3041 2967 3094 calida
2992 3040 3065 3096 sit
3107 3046 3160 3094 et
3194 3040 3361 3094 sicea.
3393 3036 3512 3092 Jam

1924 3132 2142 3187 fruetus
2170 3148 2237 3188 ex
2269 3133 2560 3188 elementis
2601 3131 2916 3186 conﬂantur
2946 3150 2960 3186 :
2995 3131 3279 3196 humores,
3315 3146 3378 3185 ex
3403 3129 3516 3184 fru-

1922 3225 2104 3280 ctibus
2136 3242 2149 3278 :
2187 3224 2553 3278 animantium
2591 3239 2722 3279 vero
2757 3239 3016 3294 corpora,
3053 3239 3119 3278 ex
3147 3222 3509 3276 humoribus:

1914 3320 2087 3386 atque
2113 3319 2166 3368 in
2198 3315 2388 3370 eadem
2419 3316 2535 3386 ipsa
2569 3318 2914 3370 relabuntur.
2967 3315 3245 3384 Quidquid
3269 3314 3412 3370 enim
3447 3329 3512 3368 ex

1923 3409 2200 3474 aliquibus
2229 3416 2550 3462 concretum
2587 3419 2692 3472 est,
2755 3408 2858 3462 hoc
2891 3408 2944 3461 in
2975 3405 3166 3461 eadem
3197 3407 3509 3462 resolvitur.

1991 3499 2394 3556 Communicare
2423 3499 2685 3554 hominem
2724 3516 2845 3552 cum
2878 3500 3032 3552 rebus
3069 3498 3323 3551 inanimis
3357 3513 3506 3550 cum-

1919 3612 2020 3666 que
2053 3595 2225 3647 brutis
2261 3594 2648 3658 animautibus,
2686 3604 2735 3648 et
2767 3609 2885 3645 cum
2918 3591 3127 3645 ratione
3159 3590 3420 3659 pra’ditis.
3448 3622 3513 3631 —

1920 3686 2059 3741 Illud
2092 3688 2318 3757 insuper
2348 3702 2516 3741 nosse
2545 3693 2764 3757 oportet
2817 3683 3118 3746 hominem,
3167 3694 3220 3738 et
3243 3697 3363 3736 cutn
3389 3683 3511 3737 ina-

1924 3779 2090 3834 nimis
2111 3779 2554 3843 communicare,
2590 3787 2644 3832 et
2669 3778 2957 3832 brutorum
2992 3775 3360 3830 animantium
3391 3772 3514 3829 vitae

1920 3873 2240 3944 participem
2267 3887 2410 3936 esse,
2433 3878 2488 3926 et
2519 3886 2644 3925 cum
2675 3869 2782 3925 illis
2817 3868 3078 3939 denique,
3131 3883 3254 3938 qua:
3299 3866 3513 3922 ratione

1921 3964 2146 4034 praedita
2180 3970 2330 4029 sunt,
2362 3962 2684 4033 intelligere.
2711 3959 2845 4014 Nam
2879 3976 3002 4014 cum
3038 3959 3204 4014 rebus
3234 3959 3512 4024 inanimis,

1921 4065 2033 4111 tum
2058 4056 2273 4110 ratione
2305 4054 2561 4125 corporis
2593 4053 2996 4118 communicat,
3044 4053 3206 4122 180
3242 4060 3356 4106 tum
3385 4052 3514 4122 quia

1922 4166 1987 4206 ex
2020 4158 2263 4220 quatuor
2289 4147 2581 4204 elementis
2615 4153 2912 4200 concretus
2961 4154 3047 4200 est
3078 4160 3090 4195 :
3124 4158 3250 4198 cum
3285 4143 3512 4213 plantis,

1922 4251 2038 4297 tum
2073 4250 2297 4312 propter
2332 4242 2460 4305 ista,
2503 4248 2616 4293 tum
2663 4245 2886 4307 propter
2918 4251 3038 4290 eam
3075 4224 3181 4289 vim
3215 4250 3322 4304 qua
3355 4234 3506 4287 alun-

1922 4341 2031 4397 tur,
2067 4340 2395 4402 augescunt,
2453 4339 2507 4386 et
2566 4327 3038 4390 sctninant,4sive
3083 4326 3314 4397 gignunt
3346 4343 3358 4377 :
3388 4341 3511 4381 cum

232 4419 555 4511 ὲπιῦυμίαν,
574 4440 667 4494 καὶ
692 4439 834 4494 κατά
867 4437 966 4509 τὴν
985 4435 1260 4508 αἴσθησιν,
1279 4433 1375 4488 καὶ
1404 4431 1548 4487 κατά
1572 4431 1672 4503 τὴν
1697 4431 1819 4484 καθ’

1933 4424 2127 4489 brutis,
2181 4435 2295 4478 tum
2336 4429 2603 4493 qttantum
2637 4421 2704 4474 ad
2739 4421 2852 4474 haec
2882 4419 3088 4486 omnia,
3136 4430 3250 4473 tum
3291 4425 3491 4487 prmter

228 4533 416 4607 ὁρμὴν
446 4531 682 4604 κίνησιν.

303 4781 602 4853 Αίσθήσεις
662 4782 760 4852 μὲν
823 4779 917 4836 οὖν
971 4783 1076 4836 εἰσι
1122 4781 1323 4843 πέντε,
1383 4779 1594 4849 ὅρασις,
1659 4777 1820 4847 ἀκοὴ,

231 4877 530 4947 ὄσφρησις,
553 4875 760 4946 γεῦσις,
789 4876 902 4948 ἁφὴ
930 4891 944 4907 ’
986 4877 1083 4948 τῆς
1113 4876 1169 4930 δὲ
1211 4873 1332 4930 καθ’
1355 4871 1531 4947 ὁρμὴν
1549 4875 1815 4946 κινήσεώς

1930 4532 1993 4571 ea
2036 4526 2306 4586 quantum
2362 4513 2430 4568 ad
2489 4514 2818 4584 appetitum,
2855 4512 2958 4565 hoc
2993 4520 3099 4577 est,
3139 4511 3274 4564 iram
3324 4517 3380 4564 et
3420 4523 3515 4562 cu-

1931 4609 2257 4679 piditatem;
2296 4609 2539 4676 itemque
2585 4620 2810 4661 sensum
2849 4613 2905 4659 et
2957 4611 3166 4657 motum
3225 4598 3508 4671 impulsio-

1929 4715 2039 4752 IIIS.

2004 4787 2216 4843 Sensus
2282 4801 2448 4856 porro
2481 4794 2611 4840 sunt
2641 4784 2910 4855 quinque,
2943 4783 3120 4845 visus,
3153 4783 3399 4848 auditus,
3436 4784 3515 4838 ol-

1927 4882 2126 4942 l'actus,
2163 4891 2381 4951 gustus,
2420 4885 2628 4934 tactus.
2670 4875 2749 4930 Ad
2808 4883 3018 4929 motum
3049 4872 3399 4944 itnpulsionis
3431 4875 3516 4931 vis

1756 5033 1987 5090 NOTAE.

313 5191 427 5262 (80)
457 5190 657 5244 Πάντα
696 5189 1062 5263 ταῦτιιᾳκατὰ
1077 5192 1484 5263 aderuntque
1526 5192 1828 5250 lurconmia

231 5258 514 5315 Creatoris
545 5262 818 5331 beneﬁcio.
870 5260 970 5315 llic
1011 5258 1227 5334 tandem
1272 5258 1432 5334 docet
1485 5265 1664 5318 omnia
1700 5267 1826 5334 qui-

241 5335 346 5386 bus
389 5343 596 5385 natura:
625 5340 823 5386 creata:
869 5341 1145 5394 constant,
1197 5331 1290 5386 Dei
1343 5333 1492 5387 dono
1542 5343 1595 5386 et
1641 5331 1828 5400 gratia:

241 5403 448 5454 ascribi
484 5402 715 5467 debere;
745 5402 948 5471 quippe
985 5418 1109 5455 cum
1159 5401 1302 5457 Deus
1343 5404 1395 5457 in
1451 5404 1828 5471 praelinitioni-

242 5475 348 5525 bus
395 5472 617 5527 aeternis
661 5473 930 5527 csseutias
971 5472 1216 5540 singulas
1249 5474 1520 5540 sapientia
1549 5483 1603 5528 et
1632 5479 1825 5528 volun-

241 5551 356 5614 tate
391 5542 970 5614 suaconcinnarerit:
1005 5542 1150 5596 unde
1171 5542 1473 5614 stthjungit.
1511 5542 1828 5614 lucorporea

238 5623 291 5664 et
325 5613 616 5664 invisibilia
666 5613 776 5665 alia
810 5629 923 5666 esse
970 5614 1089 5665 κατ’
1134 5612 1343 5676 οὐσίαν,
1386 5612 1580 5682 suapte
1607 5612 1824 5680 natura,

239 5683 357 5736 alia
399 5683 538 5734 κατὰ
563 5683 743 5751 χάριν,
779 5683 1138 5751 pcryrutiant.
1174 5682 1547 5751 Iucorporeum
1593 5685 1700 5740 Deo
1740 5703 1824 5739 sc-

240 5752 490 5806 tundum.
521 5763 767 5807 naturam
811 5755 1122 5818 convenire;
1163 5752 1362 5824 angelis
1393 5763 1587 5822 autem,
1627 5756 1822 5811 diruto-

1938 5196 2113 5277 nibus,
2139 5204 2189 5250 et
2221 5195 2416 5277 animis
2465 5209 2567 5277 per:
2605 5194 2858 5277 gratiam.
2896 5190 3055 5277 Qupd
3111 5188 3432 5277 siLattgclus
3470 5200 3520 5241 ct

1937 5258 2120 5320 anima
2175 5266 2397 5321 nonnisi
2446 5258 2474 5318 a
2528 5258 2624 5319 Dei
2653 5265 2938 5317 voluntate
2987 5261 3088 5314 hoc
3132 5258 3420 5312 obtinuere
3464 5270 3520 5313 ut

1937 5336 2159 5390 tninime
2193 5335 2440 5403 corporei
2473 5343 2679 5398 essent,
2713 5349 2819 5386 non
2871 5332 3108 5403 aliunde
3131 5328 3374 5403 profecto
3423 5332 3521 5382 im-

1936 5397 2323 5459 mortalitatem
2366 5397 2676 5468 habuerint,
2709 5418 2872 5469 quam
2912 5401 3146 5455 subinde
3178 5398 3268 5451 Dei
3299 5397 3452 5468 dono
3469 5409 3515 5452 ct

1935 5477 2125 5544 gratia:
2173 5476 2363 5529 Patres
2423 5475 2701 5544 ascribere
2743 5488 2853 5544 non
2906 5471 3179 5544 dubitant.
3234 5469 3383 5522 'l'rita
3423 5474 3520 5521 hac

1936 5542 2178 5600 veterum
2224 5544 2474 5599 doctrina
2508 5543 2756 5612 Pelagius
2791 5542 3157 5612 abutebatur,
3217 5549 3294 5612 ut,
3331 5555 3427 5612 pro
3457 5557 3520 5592 ca

1933 5632 2040 5683 qua
2074 5617 2311 5684 pollebat
2339 5613 2564 5676 astutia,
2608 5608 2757 5668 solas
2809 5623 3016 5684 natura}
3055 5611 3211 5664 dotes
3243 5608 3519 5680 intellige—

1935 5682 2036 5743 ret.
2074 5682 2296 5752 quando
2327 5684 2416 5737 Dei
2453 5685 2684 5755 gratiam
2713 5682 2960 5738 conliteti
2999 5682 3181 5755 iussus
3215 5690 3317 5733 est.

2006 5750 2138 5827 (80⁷⁸)
2179 5755 2407 5814 chinis
2446 5750 2661 5818 inclusa
2694 5755 3036 5824 Sill'piL‘ltilll'.
3079 5750 3230 5804 liurr.
