3962 6300
429 378 534 443 927

1591 381 1649 441 S.
1683 373 2003 440 JOANNIS
2042 376 2469 439 DAMASCENI

3595 373 3694 437 928

431 502 496 541 ea
535 495 768 558 spectat,
803 503 910 558 qua
944 503 974 544 e
1002 489 1122 544 loco
1151 489 1216 545 ad
1245 491 1424 546 locum
1455 491 2013 562 migramus,totum-

2134 509 2231 545 ιστι
2283 491 2344 544 τὸ
2401 490 2509 544 ἀπὸ
2540 490 2705 544 τόπου
2751 490 2829 553 εἰς
2863 487 3024 542 τόπον
3067 485 3452 557 μεταϐατικὸν,
3490 483 3583 538 καὶ
3637 484 3698 538 τδ

435 593 541 646 que
567 591 769 648 corpus
807 593 1251 650 movemus,.qua
1293 581 1423 636 item
1457 595 1646 636 vocent
1686 581 2012 644 emittimus,

436 678 490 722 et
521 685 628 739 qua
673 671 1032 740 respiramus.
1070 671 1196 729 llaec
1220 674 1394 740 enim,
1441 673 1524 728 vel
1554 673 1758 739 facere,
1785 673 1868 728 vel
1907 686 2012 726 non

438 759 623 815 facere
654 760 706 815 in
739 761 903 818 nobis
939 763 1108 817 situm
1136 773 1239 819 est.

507 849 795 907 Postremo
843 869 948 924 per.
995 855 1291 919 rationem,
1348 855 1692 926 incorporeis
1725 854 1936 909 naturis
1963 862 2016 908 et

436 945 807 1002 rationalibus
821 947 1135 1015 cepulatur,
1155 947 1537 1002 ratiocinande
1555 945 1832 1009 videlicet,
1853 955 2018 1014 atque

438 1037 814 1108 intelligendo,
857 1037 1034 1106 deque
1063 1037 1642 1108 singulisjudieando,
1665 1043 1718 1092 et
1757 1037 2014 1101 virtutes,

436 1127 683 1196 adeoque
701 1127 982 1196 pietatem,
1011 1142 1132 1196 quae
1161 1129 1405 1182 omnium
1436 1128 1702 1182 virtutum
1737 1125 2014 1200 fastigium

436 1226 543 1281 cst,
585 1219 964 1273 consectando
1021 1237 1033 1274 :
1076 1233 1186 1290 quo
1217 1218 1275 1274 fit
1334 1226 1394 1272 ut
1425 1218 1590 1273 homo
1635 1217 2015 1274 mundusmi~

439 1325 542 1364 nor
571 1311 898 1380 appelletur.

513 1399 763 1467 Corporis
793 1403 1086 1471 animmque
1116 1401 1352 1470 propria.
1381 1432 1451 1444 ——
1473 1399 1769 1455 Sciendum
1798 1415 2017 1472 quoque

444 1498 560 1556 est,
593 1491 920 1557 sectionem,
975 1491 1270 1547 lluxiouem
1327 1498 1382 1546 et
1436 1491 1796 1547 mutationem
1841 1493 2031 1546 solius.

439 1581 691 1651 corporis
747 1583 966 1652 propria
1027 1598 1194 1639 esse:
1232 1582 1592 1638 mutationem
1655 1592 1838 1639 autem
1869 1583 2014 1638 illam

442 1671 718 1743 intelligo,
786 1689 908 1742 quae
961 1673 1268 1728 secundum
1332 1673 1658 1742 qualitatem
1721 1672 2014 1742 contingit,

441 1761 755 1830 cujusmodi
787 1767 870 1817 est
901 1760 1190 1816 calcfactio
1241 1772 1296 1817 et
1337 1762 1676 1834 frigefactio,
1705 1763 1932 1833 ali-.eque
1963 1763 2014 1816 id

2119 586 2399 654 κινητικὸν
2441 582 2565 639 ὅλου
2614 583 2708 640 τοῦ
2764 586 3048 657 σώματος,
3099 582 3158 636 τὺ
3209 577 3544 650 φωνητικὸν,
3603 576 3697 630 καὶ

2118 679 2545 733 ἀναπνευστικόν
2576 698 2589 713 ·
2642 676 2815 734 ταῦτα
2858 677 2965 749 γὰρ
2999 679 3056 730 ὲν
3081 676 3210 746 ἡμῖν
3233 673 3348 724 ἐστι
3371 670 3567 730 ποιεῖν,
3603 666 3697 719 καὶ

2121 771 2195 842 μὴ
2227 774 2417 825 ποιεῖν.

2189 863 2531 916 Συνάπτεται
2583 863 2671 916 διὰ
2721 863 2815 916 τοῦ
2847 858 3066 930 λογικοῦ
3087 861 3208 921 ταῖς
3235 854 3551 925 ἀσωμάτοις
3602 854 3693 905 καὶ

2119 956 2335 1023 νοεραῖς
2385 953 2602 1027 φῦσεσι,
2643 953 3016 1024 λογιζόμενος,
3048 951 3144 1004 καὶ
3176 947 3336 1010 νοῶν,
3379 947 3473 1000 καὶ
3493 943 3696 1014 κρίνων

2115 1045 2343 1110 ἕκαστα,
2369 1044 2465 1098 καὶ
2495 1043 2594 1108 τὰς
2615 1043 2815 1115 ἀρετὰς
2849 1027 3335 1112 μεταδιώκων,’καὶ
3357 1035 3464 1089 τῶν
3485 1033 3696 1104 ἀρετῶν

2117 1134 2528 1204 τὸνκολοφῶνα
2557 1135 2657 1207 τὴν
2698 1136 2982 1190 εὐσέϐειαν
3029 1133 3411 1202 ἀσπαζόμενος
3433 1147 3448 1160 ο
3486 1126 3566 1182 διδ
3596 1125 3695 1180 καὶ

2121 1227 2315 1316 ιέξὲἒρς
2330 1227 2532 1298 κόσμος
2558 1228 2705 1280 ἐστὶν
2731 1229 2766 1281 ὁ·
2786 1228 3091 1299 ἄνθρωπος.

2187 1405 2308 1476 Χρὴ
2341 1405 2397 1458 δὲ
2452 1405 2676 1469 εἰδέναι,
2718 1405 2793 1469 ὡς
2840 1405 2949 1458 [δια
2983 1403 3081 1474 μὲν
3107 1399 3216 1457 τοῦ
3243 1401 3495 1471 σώματος
3530 1401 3693 1470 μόνου

2116 1495 2280 1564 τομὴ,
2307 1495 2400 1547 καὶ
2430 1493 2638 1565 ῥεῦσις,
2690 1493 2784 1547 καὶ
2810 1491 3102 1563 μεταϐολή.
3146 1489 3439 1560 Μεταϐολὴ
3493 1489 3612 1560 μὲν,
3657 1491 3691 1558 ἡ

2119 1587 2258 1642 κατὰ
2292 1588 2573 1657 ποιότητα,
2602 1587 2770 1657 ἤγουν
2805 1585 3125 1657 Θέρμανσιν,
3160 1584 3254 1637 καὶ
3294 1582 3476 1653 ψύξιν,
3504 1581 3600 1636 καὶ
3627 1581 3694 1634 τὰ

2116 1681 2356 1736 τοιαῦτα.
2401 1678 2617 1743 Ῥεῦσις
2665 1677 2745 1744 δὲ,
2785 1680 2818 1748 ἡ
2881 1680 3024 1732 κατὰ
3081 1677 3351 1730 κένωσιν’
3407 1673 3695 1729 κενοῦνται

2116 1775 2224 1845 γὰρ
2257 1774 2351 1827 καὶ
2382 1772 2542 1844 ξηρὰ,
2598 1772 2690 1827 καὶ
2739 1770 2902 1843 ὑγρὰ,
2935 1770 3031 1823 καὶ
3076 1768 3316 1839 πνεῦμα,
3374 1761 3450 1822 ὧν
3501 1766 3697 1838 χρῄζει

441 1853 659 1923 generis
695 1871 708 1906 :
744 1853 863 1923 pari
890 1853 1057 1908 modo
1090 1853 1385 1909 ﬂuxionem
1408 1869 1526 1908 eam
1549 1869 1670 1923 qua:
1698 1856 2016 1910 evacuaudo

2134 1867 2216 1936 τῆς
2243 1865 2687 1938 ἀναπληρώσεως
2711 1885 2727 1901 ·
2787 1867 2928 1920 ὥστε
2983 1865 3191 1936 φυσικά
3231 1866 3337 1918 εἰσι
3373 1864 3538 1933 πάθη,
3566 1866 3602 1935 ἦ
3633 1882 3694 1916 τε

446 1943 506 1997 fit
540 1944 606 1998 ".
645 1943 995 2000 Evacuantur
1020 1944 1166 1999 enim
1210 1945 1356 2000 sicca
1392 1952 1446 2000 et
1471 1945 1716 2010 humida,
1751 1960 1815 1999 ac
1857 1946 2017 2016 spiri-

441 2044 554 2097 tus,
618 2045 673 2091 et
731 2037 1076 2106 suppletione
1113 2053 1254 2108 opus
1292 2038 1532 2094 habent:
1566 2039 1712 2095 unde
1765 2039 1938 2097 fames
1965 2049 2022 2095 et

441 2126 566 2181 sitis
598 2127 878 2182 naturales
923 2127 1242 2184 affectiones
1272 2137 1422 2183 sunt.
1457 2127 1642 2184 Sectio
1671 2139 1754 2185 est
1785 2131 2020 2186 secretio

441 2219 732 2272 humerum
767 2219 833 2272 ah
861 2219 1120 2286 invicem,
1151 2228 1207 2276 et
1252 2219 1450 2276 divisio
1475 2221 1536 2276 in
1569 2220 1801 2275 formam
1832 2229 1880 2278 et
1909 2237 2029 2276 ιιιας

442 2312 635 2366 teriam
665 2313 731 2364 ³ο.

513 2403 726 2458 Rursus
780 2402 861 2459 ad.
897 2403 1137 2458 animam
1190 2404 1417 2473 proprie
1476 2410 1728 2472 spectant
1757 2403 1934 2474 pietas
1967 2412 2032 2458 et-

439 2491 835 2547 cousideratio.
900 2493 1113 2546 Animae
1168 2508 1296 2546 vero
1330 2501 1384 2548 ct
1412 2493 1634 2563 corpori
1698 2507 2023 2546 communes

439 2592 568 2636 sunt
599 2583 830 2638 virtutes
864 2602 877 2638 :
917 2599 1040 2636 eum
1074 2593 1256 2638 tamen
1288 2583 1354 2638 ad
1413 2585 1650 2638 animam
1691 2583 2020 2648 refcrantur,

439 2681 628 2743 utpote
654 2675 834 2729 anima
858 2676 1112 2745 corporis
1151 2691 1370 2747 Operam
1408 2678 1739 2743 asciscente.

511 2763 666 2818 Ratio
711 2781 803 2834 per
865 2777 1115 2818 naturam
1180 2766 1396 2819 domina
1437 2767 1604 2832 partis
1665 2749 2020 2821 irrationalis.

438 2858 646 2912 Anima:
674 2857 809 2910 vires
842 2857 1044 2909 rationi
1086 2855 1420 2925 obsequentes
1452 2866 1499 2910 et
1528 2873 1631 2910 non
1661 2856 2020 2926 obsequentes.

441 2946 575 3002 Illud
633 2955 896 3016 praetcrea
938 2947 1264 3010 notandum,
1304 2947 1450 3014 quod
1506 2948 1648 3000 ratio
1707 2964 1772 3001 ex
1825 2959 2021 3016 suapte

440 3046 637 3093 natura
667 3038 1066 3092 irrationabilis
1112 3037 1286 3106 partis
1319 3037 1539 3091 domina
1573 3039 1656 3091 sit.
1696 3037 2022 3092 Dividuntur

2120 1961 2300 2020 πεῖνα,
2332 1959 2425 2012 καὶ
2454 1963 2487 2030 ὴ
2511 1959 2658 2029 δίψα.
2685 1961 2728 2012 Τ
2731 1960 2840 2030 ομὴ
2872 1960 2948 2024 δὲ,
2988 1961 3020 2030 ἡ
3051 1958 3156 2010 τῶν
3195 1956 3385 2026 χυμῶν
3407 1956 3502 2009 ἀπ’
3527 1953 3695 2024 ἀλλή-

2119 2053 2226 2105 λων
2259 2053 2618 2124 διαχώρησις,
2673 2053 2767 2106 καὶ
2815 2054 2858 2105 ὁ·
2901 2053 2982 2114 εἰς
3025 2046 3164 2113 εἶδος
3205 2049 3299 2103 καὶ
3352 2047 3490 2119 ὓλην
3541 2063 3694 2117 μερι-

2123 2145 2282 2214 σμός..

2197 2410 2331 2463 ’Ἱδια
2385 2408 2443 2462 δὲ
2491 2408 2590 2478 τῆς
2647 2407 2823 2479 ψυχῆς
2862 2409 2896 2478 ἡ
2941 2407 3211 2473 εὐσέϐεια,
3242 2407 3337 2460 καὶ
3394 2408 3428 2477 ἡ
3484 2407 3694 2477 νόησις

2123 2500 2291 2554 Κοινὰ
2328 2498 2384 2551 δὲ
2415 2497 2592 2569 ψυχῆς
2637 2499 2730 2552 καὶ
2786 2498 3036 2568 σώματος
3093 2499 3150 2552 αἱ
3209 2499 3424 2569 ἀρεταὶ,
3457 2499 3701 2568 ἐχουσῶν

2124 2591 2216 2644 καὶ
2251 2589 2462 2643 τούτων
2511 2590 2605 2644 ἐπὶ
2646 2589 2744 2660 τὴν
2783 2589 2962 2661 ψυχὴν
3012 2590 3313 2661 ἀναφορὰν,
3370 2583 3480 2642 οἷον
3518 2589 3697 2660 ψυχῆς

2123 2680 2557 2752 προσχρωμένης
2589 2681 2823 2751 σώματι.

2194 2772 2315 2842 Χρὴ
2335 2771 2653 2840 γινώσκειν,
2678 2773 2760 2826 ὅτι
2785 2771 2846 2825 τὸ
2879 2771 3096 2839 λογικὸν
3126 2771 3285 2840 φύσει
3312 2772 3575 2842 κατάρχει
3601 2771 3696 2824 τοῦ

2123 2865 2340 2934 ἀλόγου.
2373 2864 2719 2935 Διαιροῦνται
2749 2862 2855 2934 γὰρ
2887 2866 2943 2917 αἱ
2987 2864 3245 2934 δυνάμεις
3290 2864 3388 2930 τῆς
3414 2863 3592 2934 ψυχῆς
3617 2863 3695 2925 εἰς

2124 2957 2338 3022 λογικὸν
2367 2957 2700 3024 καὶᾶλογον.
2731 2954 2838 3008 Τοῦ
2887 2955 2943 3008 δὲ
2994 2956 3191 3022 ἀλόγου
3223 2955 3368 3026 μέρη
3419 2955 3528 3007 εἰσὶ
3565 2953 3694 3006 δύο·

2123 3048 2183 3100 τὸ
2220 3048 2318 3116 μὲν
2354 3048 2583 3116 ἀνήκοον
2607 3049 2722 3101 ἐστι
2764 3048 2927 3119 λόγῳ,
2957 3049 3125 3118 ἤγουν
3153 3048 3214 3100 οὐ
3243 3047 3486 3101 πείθεται
3511 3047 3654 3117 λόγῳ
3679 3062 3694 3077 ⁸

439 3129 646 3199 quippe
675 3129 873 3182 anima:
915 3126 1206 3182 facultates
1260 3128 1314 3181 in
1347 3144 1464 3183 eam
1494 3145 1616 3198 quzc
1639 3131 1866 3184 rationis
1896 3147 2020 3200 par-

2134 3135 2182 3188 cz.
2201 3135 2552 3207 δὲ’κατήκοόν
2584 3141 2721 3202 ἐστι,
2761 3139 2856 3191 καὶ
2891 3139 3178 3201 ἐπιπειϐὲς
3233 3137 3396 3207 λόγῳ.
3439 3137 3700 3208 Ἀνήκοον

441 3220 708 3289 ticeps,et
731 3234 862 3274 eam.
901 3235 1021 3289 quae
1055 3219 1288 3274 rationis
1335 3236 1532 3289 expers
1577 3229 1682 3276 est.
1716 3225 1793 3276 Ac
1823 3237 2022 3279 rursus

442 3309 531 3364 illa
582 3325 705 3380 quat
765 3310 1000 3366 rationis
1051 3321 1136 3365 est
1192 3325 1407 3378 expers,
1461 3313 1596 3367 duas
1624 3321 1806 3381 partes
1837 3314 2026 3381 habet,

439 3415 674 3470 quarum
739 3401 910 3455 altera
948 3401 1221 3456 rationem
1255 3417 1364 3455 non
1409 3401 1584 3464 audit,
1622 3403 1676 3456 id
1722 3414 1808 3458 cst
1841 3405 1888 3458 ei
1915 3419 2020 3458 non

439 3492 790 3562 obsequitur;
828 3491 998 3546 altera
1029 3492 1078 3547 ei
1129 3499 1283 3564 paret
1307 3501 1359 3546 et
1399 3493 1762 3562 obtemperat.
1825 3494 2012 3550 llatio-

441 3584 528 3638 uis
569 3583 843 3638 dictamen
883 3590 936 3637 et
961 3584 1246 3652 imperium
1307 3585 1518 3652 spernit
1545 3585 1730 3640 vitalis
1782 3587 2016 3643 facultas

440 3691 562 3745 qua:
612 3674 880 3746 pulsatrix
940 3675 1286 3746 appellatur,
1349 3676 1589 3746 itemque
1671 3678 2015 3741 seminatrix,

442 3781 536 3821 seu
568 3779 874 3836 generatis;
913 3775 1171 3835 vegetans
1221 3780 1474 3834 quoque,
1504 3782 1625 3835 qum
1654 3775 1709 3821 et
1738 3769 1818 3822 vis
1841 3769 2006 3824 altrix

443 3854 666 3919 dicitur,
701 3852 767 3907 ad
792 3868 954 3924 quam
1011 3854 1340 3923 augesceudi
1385 3853 1616 3910 facultas
1647 3866 1876 3926 spectat,
1902 3875 2022 3929 qua:

443 3953 496 4000 et
528 3959 758 4014 corpora
802 3945 1022 4007 format,
1069 3952 1123 3997 ct
1173 3945 1486 3998 concinnat.
1541 3944 1726 4015 Neque
1754 3949 1898 4002 enim
1942 3952 2022 4004 lite

446 4037 683 4100 ratione,
717 4036 810 4092 sed
862 4045 1060 4090 natura
1096 4044 1385 4105 reguntur.
1423 4037 1557 4092 Pars
1582 4047 1761 4092 autem
1794 4040 1884 4094 illa
1907 4059 2027 4111 qua:

2127 3225 2228 3296 μὲν
2260 3221 2373 3292 οῦν,
2406 3228 2500 3280 καὶ
2537 3227 2620 3299 μὴ
2643 3228 2964 3300 πειθόμενον
3003 3229 3166 3298 λόγῳ,
3201 3229 3320 3280 ἐστὶ
3351 3230 3412 3281 τὺ
3441 3225 3697 3291 ζωτικὸν,

2121 3318 2150 3372 ὃ
2202 3319 2296 3371 καὶ
2360 3320 2669 3389 σφυγμικὸν
2723 3322 2995 3378 καλεῖται,
3053 3321 3148 3374 καὶ
3193 3321 3257 3372 τδ
3300 3320 3696 3390 σπερματικὸν,

2123 3409 2291 3479 ἤγουν
2314 3411 2658 3478 γεννητικὸν,
2687 3411 2780 3463 καὶ
2837 3410 2896 3463 τὸ
2933 3410 3181 3478 φυτικὸν,
3217 3409 3245 3460 ὃ
3281 3409 3371 3462 καὶ
3405 3407 3698 3478 Θρεπτικδν

2124 3500 2398 3554 καλεῖται’
2433 3500 2623 3554 τούτου
2676 3501 2734 3554 δέ
2801 3504 2917 3554 ἐστι
2946 3501 3039 3554 καὶ
3072 3501 3132 3553 τὸ
3157 3499 3471 3570 αὐξητικὸν,
3515 3499 3577 3552 τὸ
3606 3498 3701 3552 καὶ

2119 3589 2450 3643 διαπλάσσον
2474 3589 2540 3643 τὰ
2575 3589 2821 3660 σώματα.
2854 3591 3039 3646 Ταῦτα
3083 3591 3192 3662 γὰρ
3227 3591 3286 3644 οὐ
3323 3590 3468 3661 λόγῳ
3497 3590 3700 3660 κυϐερ-

2122 3679 2340 3744 νῶνται,
2376 3680 2511 3734 ἀλλὰ
2538 3684 2603 3751 τῇ
2627 3681 2788 3750 φύσει
2808 3699 2819 3712 ο
2853 3681 2916 3734 τδ
2943 3682 3000 3734 δὲ
3023 3682 3293 3752 κατήκοον
3310 3682 3403 3734 καὶ
3419 3680 3698 3741 ὲπιπειθὲς

2122 3771 2283 3842 λόγῳ,
2315 3772 2600 3844 διαιρεῖται
2635 3775 2714 3836 εἰς
2747 3773 2927 3844 Ουμδν
2959 3775 3052 3828 καὶ
3083 3773 3404 3844 ἐπιθυμίαν,
3435 3773 3699 3826 Καλεῖται

2123 3863 2180 3916 δὲ
2203 3863 2399 3928 κοινῶς
2440 3865 2502 3916 τὸ
2531 3864 2722 3933 ἄλογον
2773 3865 2940 3936 μέρος
2977 3866 3078 3934 τῆς
3117 3864 3319 3935 ψυχῆς,
3375 3863 3701 3936 παθητικὸν,

2131 3955 2226 4007 καὶ
2251 3955 2554 4025 ὀρεκτικόν.
2582 3957 2624 4007 Χ
2635 3955 2703 4025 ρὴ
2733 3955 2789 4007 δὲ
2812 3957 3125 4024 γινώσκειν,
3152 3957 3234 4008 ὅτι
3263 3956 3357 4008 τοῦ
3384 3955 3704 4016 ἐπιπειθοῦς

2134 4046 2278 4116 λόγῳ
2311 4048 2450 4112 ἐστὶ,
2489 4047 2583 4100 κοιλ⁸
2611 4048 2645 4118 ή
2672 4045 2794 4100 καθ’
2827 4047 3004 4118 ὁρμὴν
3028 4046 3261 4118 κίνησις.

446 4130 712 4184 rationem
745 4128 921 4194 audit,
951 4129 1112 4198 eique
1138 4128 1494 4198 obsequitur,
1540 4129 1595 4183 iu
1624 4131 1760 4183 iram
1792 4139 1843 4185 et
1877 4135 2233 4203 cupiditatem
2270 4137 2645 4193 distribuitur.
2701 4137 2990 4192 Communi
3045 4145 3224 4192 autem
3297 4137 3517 4190 nomine
3577 4149 3704 4205 pars

447 4221 848 4276 irrationabilis
888 4228 1120 4273 vocatur
1155 4219 1268 4284 illa,
1299 4219 1353 4271 in
1399 4232 1506 4287 qua
1531 4219 1818 4288 passiones
1843 4229 1896 4276 et
1957 4227 2236 4294 appetitus
2291 4229 2593 4283 exsistunt.

444 4313 510 4367 ad
541 4327 661 4367 eam
701 4318 908 4380 partem
942 4325 1062 4378 qua:
1095 4309 1294 4362 rationi
1323 4309 1512 4364 subest
1542 4309 1835 4378 pertinere.

516 4407 584 4461 At
614 4421 746 4460 vero
807 4403 1042 4458 facultas
1095 4404 1279 4468 altrix,
1318 4417 1609 4472 generatis,
1643 4406 1862 4460 arteria:
1901 4407 2022 4476 pul-
2055 4409 2102 4468 D

445 4500 642 4562 satrix,
699 4496 768 4552 ad
817 4497 963 4550 illam
1024 4497 1220 4550 attinet
1268 4511 1390 4563 (ιιιιιι
1460 4496 2020 4566 rationisimperium

445 4591 675 4660 respuit.
729 4587 1000 4657 Vegctans
1028 4595 1209 4640 autem
1247 4585 1508 4647 facultas,
1556 4587 1758 4640 dicitur
1786 4589 1875 4642 illa
1915 4605 2022 4660 qua

444 4684 770 4746 crescimus,
807 4689 860 4734 et
913 4680 1232 4750 gignimus:
1285 4678 1466 4732 vitalis
1528 4681 1770 4747 tandem,
1826 4681 1886 4733 e'a
1918 4697 2024 4751 qua

445 4773 662 4828 arteriae
687 4781 1000 4826 moventur.

519 4865 690 4919 Porro
749 4863 986 4918 facultas
1042 4860 1324 4914 nutricndi
1387 4861 1823 4930 quadripartitas
1882 4863 2027 4918 vires

446 4958 632 5016 habet,
663 4956 925 5010 nimirum
965 4952 1302 5018 attrahendi,
1333 4968 1440 5022 qua
1480 4954 1637 5008 cibus
1675 4953 2016 5021 attrahitur;

451 5047 744 5110 retinendi,
807 5062 912 5114 qua
947 5045 1237 5108 retinetur,
1296 5060 1396 5097 nec
1451 5042 1748 5098 confestim
1797 5043 2021 5099 cxcerni

448 5138 688 5205 sinitur;
750 5135 1103 5200 immutaudi,
1156 5148 1261 5205 qua
1316 5135 1633 5188 alimentum
1674 5135 1726 5188 in
1771 5135 2028 5189 humores

485 5293 762 5350 ".T‘ientcs.
805 5309 856 5348 c.
893 5293 914 5346 1
968 5292 1040 5348 De
1069 5303 1182 5348 mit.
1217 5295 1358 5348 Itoni.
1467 5295 1510 5325 ⁶⁰
1540 5295 1753 5349 Nemea.
1813 5295 1945 5348 ihiil.

2678 4227 2832 4283 Scire
2885 4231 3114 4284 interest
3185 4229 3291 4281 vim
3360 4227 3702 4296 impulsivam

2207 4409 2222 4444 ί
2258 4406 2363 4460 Τοῦ
2393 4407 2450 4460 δὲ
2492 4409 2565 4480 μὴ
2594 4408 2917 4479 πειθομένου
2972 4410 3115 4480 λόγῳ
3141 4411 3256 4462 ἐστὶ
3293 4409 3353 4462 τὸ
3389 4409 3703 4481 θρεπτικὸν,

2125 4499 2218 4550 καὶ
2255 4500 2593 4574 γεννητικὸν,
2634 4502 2730 4553 καὶ
2777 4502 3085 4571 σφυγμικόν
3109 4518 3122 4532 ·
3153 4501 3396 4554 καλεῖται
3429 4501 3486 4554 δὲ
3520 4502 3702 4573 [φυτι-

2127 4588 2222 4641 κὸν
2254 4587 2305 4660 ιι]
2364 4589 2461 4658 μὲν
2493 4589 2554 4642 τὸ
2600 4589 2892 4660 αὐξητικὸν
2941 4591 3036 4644 καὶ
3081 4591 3139 4644 τὸ
3176 4591 3490 4661 θρεπτικὸν,
3520 4594 3615 4646 καὶ
3645 4595 3708 4647 τὸ

2127 4680 2444 4750 γεννητικόν
2475 4699 2489 4713 ·
2523 4680 2753 4745 ζωτικὸν
2779 4683 2856 4750 δὲ,
2881 4683 2942 4737 τδ
2968 4685 3306 4754 σφυγμικὸν.

2201 4859 2308 4914 Τοῦ
2346 4860 2443 4931 μὲν
2473 4856 2566 4914 οὖν
2597 4858 2896 4932 Θρεπτικοῦ
2947 4860 3216 4947 ρυνάμεις
3245 4861 3353 4914 εἰσὶ
3407 4862 3702 4931 τέσσαρες

2127 4951 2374 5017 ἑλκτικὴ,
2433 4953 2468 5022 ἡ
2494 4952 2728 5007 ἕλκουσα
2752 4954 2852 5024 τὴν
2881 4955 3089 5025 τροφήν
3109 4973 3122 4986 ·
3154 4953 3479 5026 καθεκτικὴ,
3509 4956 3542 5026 ἡ
3573 4973 3709 5009 κατ-

2132 5043 2328 5113 έχουσα
2355 5045 2454 5115 τὴν
2485 5044 2690 5115 τροφὴν
2735 5046 2831 5100 κοιλ⁵
2867 5045 2942 5116 μὴ
2983 5046 3130 5098 ἐῶσα
3185 5047 3356 5117 αὐτὴν
3387 5045 3592 5110 εὐθέως
3621 5049 3706 5099 ἐκ.

2133 5133 2422 5206 κριθῆναι·
2485 5135 2832 5206 ἀλλοιωτικὴ,
2877 5137 2910 5207 ή
2940 5135 3228 5191 ἀλλοιοῦσα
3252 5139 3354 5206 τὴν
3386 5137 3594 5208 τροφὴν
3630 5141 3681 5192 εἰ

2045 5295 2087 5326 ⁶¹
2123 5293 2339 5352 Nemes.
2367 5311 2488 5366 cap.
2523 5295 2612 5350 25.

1733 5445 1764 5500 ι
1781 5450 1817 5500 .-‘l
1832 5446 1968 5500 RL'E
2007 5443 2406 5501 LECTIONES.

536 5603 556 5640 ί
585 5604 713 5668 Qua:
745 5610 1052 5672 sequuntur
1083 5617 1258 5672 usque
1287 5601 1352 5656 ad
1402 5603 1492 5655 Δεῖ
1520 5601 1577 5654 δὲ
1601 5598 1914 5668 γινώσκειν,
1947 5601 2138 5664 etc.,in
2173 5617 2304 5656 mss.
2338 5609 2392 5656 et
2419 5601 2583 5656 veteri
2614 5601 2969 5657 translatione
3007 5599 3357 5669 reperiuntur
3396 5599 3464 5672 ad
3501 5598 3714 5652 cali-cm

458 5687 580 5751 cap.
711 5668 838 5751 napi
863 5671 1060 5751 Θυμοῦ,
1107 5668 1302 5751 deire.
1354 5675 1446 5727 sed
1488 5673 1738 5741 componi
1775 5688 1880 5728 nou
1915 5680 2142 5742 possunt
2179 5687 2304 5727 cum
2337 5673 2404 5727 iis
2453 5689 2572 5742 qum
2603 5672 2669 5729 dc
2707 5673 2788 5726 ira
2841 5668 3261 5742 prtemittuutur.
3342 5679 3366 5707 ιι
3396 5668 3512 5724 Vox
3575 5684 3714 5736 sup—-

454 5741 655 5812 pianda
690 5760 752 5798 ex
785 5741 1036 5798 NClllCSiU
1060 5757 1177 5812 cap.
1207 5744 1296 5794 ‘22.
