3962 6300
311 289 416 355 929
1374 295 1470 353 DE
1497 295 1686 354 "FIDE
1714 294 1887 352 ORT]

1997 294 2176 354 )OXA
2218 298 2361 357 LIB.
2403 299 2490 360 ἷΙ.
3455 293 3560 356 930

309 408 434 467 τοὺς
465 403 703 474 χυμούς·
756 403 1113 474 ἀποκριτικὴ,
1155 406 1187 474 ἡ
1234 405 1292 456 τὸ
1325 405 1647 475 περίττωμα
1679 405 1765 457 διὰ
1795 403 1887 455 τοῦ

1998 408 2228 461 vertitur
2259 426 2270 459 :
2303 408 2652 472 excerneudi,
2690 423 2795 478 qua
2862 407 3110 462 ciborum
3162 404 3435 476 supcrllua
3465 420 3562 475 per

305 495 616 565 ἀφεδρῶνος
650 493 1000 564 ἐκκρίνουσα,
1025 495 1120 546 καὶ
1151 492 1508 547 ἐκϐάλλουσαι.

379 586 498 656 Χρὴ
531 584 754 648 εἰδέναι,
788 584 873 636 ὅτι
906 583 1014 637 τῶν
1044 584 1184 637 κατὰ
1219 584 1280 636 τὸ
1313 584 1454 648 ζῶον
1489 584 1797 654 δυνάμεων,
1830 585 1888 637 αἱ

308 679 408 746 μὲν
438 678 548 730 εἰσὶ
574 677 831 749 ψυχικαῖ,
863 677 1000 731 αἰδὲ
1035 677 1282 746 φυτικαὶ,
1313 679 1370 730 αἱ
1400 677 1455 733 δὲ
1487 677 1738 741 ζωτικαί.
1776 679 1886 730 Καὶ

305 771 528 840 ψυχικαὶ
559 770 682 840 μὲν,
713 771 769 823 αἱ
795 769 938 823 κατὰ
966 767 1066 840 τὴν
1102 770 1451 840 προαίρεσιν,
1494 771 1663 839 ἤγουν
1692 771 1725 838 ἡ
1761 768 1885 822 καθ’

303 863 480 935 ὁρμὴν
514 863 732 932 κίνησις
783 861 878 915 καὶ
909 863 942 932 ἡ
991 860 1266 930 αἴσθησις.
1300 861 1414 931 Τῆς
1452 861 1511 914 δὲ
1557 861 1677 914 καθ’
1710 860 1886 930 ὁρμὴν

308 954 580 1026 κινήσεώς
610 956 749 1019 ἐστι,
785 954 846 1007 τό
878 971 937 1006 τε
985 954 1129 1007 κατὰ
1177 955 1342 1006 τόπον
1379 952 1762 1024 μεταϐατικὸν,
1791 955 1887 1006 καὶ

305 1047 586 1118 κινητικὸν
626 1046 749 1100 ὅλου
804 1045 898 1100 τοῦ
942 1045 1228 1116 σώματος,
1265 1046 1359 1098 καὶ
1415 1045 1742 1115 φωνητικὸν,
1791 1045 1885 1099 και

304 1138 772 1192 ἀναπνευστικόνο
806 1139 864 1191 ὲν
905 1137 1038 1207 ἡμῖν
1068 1137 1178 1208 γάρ
1226 1138 1344 1189 ἐστι
1382 1136 1444 1188 τὸ
1491 1138 1738 1206 ποιῆσαι,
1790 1136 1885 1189 καὶ

302 1232 364 1284 τὸ
395 1231 470 1302 μὴ
509 1231 738 1298 ποιῆσαι
765 1227 961 1282 ταῦτα.
989 1229 1222 1282 Φυτικαὶ
1269 1228 1349 1291 δὲ,
1397 1229 1492 1282 καὶ
1528 1226 1780 1292 ζωτικαὶ,
1830 1229 1884 1280 αἱ

303 1323 679 1393 ἁπροαῖρετοι.
714 1322 824 1375 Καὶ
853 1323 1079 1390 φυτικαὶ
1119 1322 1239 1391 μὲν,
1278 1322 1311 1391 ὴ
1349 1321 1639 1392 θρεπτικὴ,
1667 1321 1759 1372 καὶ
1787 1320 1886 1372 αὑ-

305 1411 518 1486 ξητικὴ,
546 1413 638 1464 καὶ
675 1411 1066 1483 σπερματικήο
1124 1411 1330 1481 ξωτικὴ
1379 1411 1457 1475 δὲ,
1490 1412 1524 1482 ὴ
1577 1411 1884 1480 σφυγμική.

303 1501 476 1560 Abeat
520 1505 653 1576 γὰρ,
685 1502 782 1557 καὶ
829 1502 1095 1558 θελόντων
1135 1501 1318 1574 ἡμῶν,
1353 1503 1448 1558 καὶ
1495 1502 1568 1574 μὴ
1597 1501 1886 1566 θελόντων,

302 1597 612 1670 ἐνεργοῦσι.

1981 513 2255 552 secessum
2294 508 2596 568 t-geruntur
2625 510 2678 554 et
2700 500 3070 569 expelluntur.

2055 591 2210 660 181
2251 589 2596 644 Facultarum
2623 593 2972 645 animantium
2996 585 3564 660 uaria-geucra.—-Nec

1983 683 2115 735 illud
2157 681 2378 752 quidem
2413 683 2856 751 praetereundum
2915 683 3083 745 est”,
3131 683 3278 735 vires
3309 695 3403 734 cas
3443 694 3566 750 qua:

1994 775 2262 828 anitnanti
2297 774 2504 837 insunt,
2529 775 2740 844 partim
2772 775 3058 838 animales,
3081 775 3289 843 partim
3312 779 3568 843 vegetan-

1997 876 2102 932 tes,
2135 868 2335 936 partim
2395 866 2586 922 vitales
2619 883 2763 922 esse.
2801 867 3080 922 Animales
3115 867 3357 935 quidem,
3385 878 3508 933 quae
3538 877 3566 913 a

1994 959 2275 1013 voluntate
2305 958 2762 1028 proﬁciscuntur,
2803 966 2862 1011 ut
2892 968 3073 1012 motus
3117 955 3466 1026 impulsionis
3515 960 3568 1004 ct

1993 1065 2212 1104 sensus.
2229 1050 2528 1103 Admotum
2550 1063 2679 1104 vero
2697 1053 2766 1102 im
2776 1049 3042 1118 pulsionis
3063 1051 3297 1119 pertinet
3313 1045 3568 1102 transitio

1991 1158 2022 1196 ε
2067 1144 2187 1196 loco
2221 1143 2274 1195 in
2311 1142 2512 1206 locum,
2561 1150 2615 1196 ct
2647 1143 2739 1196 illa
2769 1143 2959 1207 motio,
3015 1156 3120 1209 qua
3163 1150 3333 1193 totum
3363 1150 3567 1206 corpus

1996 1243 2268 1296 movetur,
2331 1249 2392 1288 ea
2430 1234 2558 1286 item
2616 1248 2724 1302 qua
2785 1248 2970 1287 vocem
3019 1231 3344 1292 emittimus,
3379 1238 3431 1282 ει
3455 1240 3564 1296 qua

1997 1327 2353 1395 respiramus.
2393 1323 2460 1378 Ut
2495 1325 2640 1379 enim
2703 1325 2814 1378 haec
2870 1323 3161 1385 faciamus,
3192 1331 3285 1375 aut
3327 1336 3435 1375 non
3482 1319 3566 1374 fa-

1957 1455 1960 1458 ν
1995 1419 2226 1481 ciamus,
2271 1418 2326 1472 in
2367 1428 2553 1472 nostra
2603 1425 2873 1487 potestate
2912 1417 3206 1472 situmeSt.
3241 1413 3564 1485 chctantes

1997 1518 2178 1561 autem
2237 1515 2292 1562 et
2321 1508 2540 1571 vitales,
2589 1507 2670 1560 hae
2727 1513 2877 1566 sunt,
2928 1521 3050 1576 qtae
3086 1521 3114 1557 a
3147 1505 3428 1559 voluntate
3455 1519 3566 1558 non

1991 1596 2255 1664 pendent.
2301 1597 2381 1650 Ae
2437 1605 2754 1667 vegetantes
2803 1596 3022 1665 quidem
3054 1605 3206 1657 sunt,
3262 1593 3564 1656 nutricndi,

303 1691 732 1763 augescendi,.et
757 1689 1063 1746 seminandi
1111 1687 1400 1746 facultates
1435 1707 1448 1744 :
1483 1687 1668 1742 vitalis
1696 1693 1881 1742 autem
1921 1697 2004 1743 cst
2061 1690 2316 1758 pulsuutn
2344 1690 2566 1742 moti-ix.
2612 1687 2704 1743 lla:
2736 1703 2993 1757 namque,
3043 1687 3274 1740 velimus
3304 1685 3563 1751 nolimus,

305 1803 506 1841 munus
543 1802 704 1842 suum
745 1792 1148 1855 exsequuntur.

373 1881 466 1932 Δεῖ
491 1880 548 1932 δὲ
578 1877 890 1946 γινώσκειν,
943 1879 1026 1930 ὅτι
1087 1877 1200 1930 τῶν
1244 1877 1609 1948 πραγμάτων,
1659 1877 1730 1928 τὰ
1785 1875 1886 1946 μὲν

2063 1871 2267 1926 Bonum
2292 1881 2340 1925 et
2362 1871 2562 1925 malum
2580 1887 2712 1940 quos
2726 1881 2876 1924 actus
2912 1879 3148 1924 causam.
3178 1897 3248 1912 -ε-
3279 1871 3567 1928 Postremo

307 1970 457 2023 ἔστιν
491 1969 694 2038 ἀγαθὰ,
724 1969 794 2022 τὰ
819 1969 876 2021 δὲ
929 1968 1128 2038 φαῦλα.
1163 1968 1618 2038 Προσδοκώμενον
1651 1968 1748 2037 μὲν
1786 1963 1880 2020 οὖν

303 2063 528 2130 ἀγαθὸν,
588 2061 886 2128 ἐπιθυμίαν
954 2062 1214 2130 συνιστᾷ·
1273 2061 1449 2131 παρὸν
1506 2060 1602 2124 δὲ,
1652 2059 1879 2129 ἡδονήν

302 2155 504 2224 ὁμοίως
553 2152 611 2207 δὲ
663 2152 828 2207 πάλιν
864 2161 888 2189 ν
937 2151 1390 2222 προσδοκώμενον
1437 2151 1630 2214 κακὸν,
1681 2149 1880 2218 φόϐον

306 2246 481 2317 παρὸν
509 2245 592 2308 δὲ,
625 2243 824 2314 λύπην.
859 2245 950 2296 Δεῖ
972 2243 1029 2296 δὲ
1061 2241 1280 2309 εἰδέναι,
1307 2243 1390 2294 ὅτι
1416 2240 1620 2310 ἀγαθὸν
1655 2238 1886 2292 ἐνταῦθα

302 2339 572 2402 εἰπόντες,
611 2337 646 2408 ἢ
679 2337 742 2390 τὸ
777 2336 947 2401 ὅντως
999 2336 1228 2406 ἀγαθὸν,
1261 2337 1295 2407 ἢ
1342 2338 1404 2388 τὸ
1444 2334 1637 2389 δοκοῦν
1679 2331 1885 2404 ἀγαθὸν

303 2431 562 2501 εἴπομεν
601 2430 804 2500 ὁμοίως
831 2430 889 2483 δὲ
923 2430 1019 2483 καὶ
1047 2431 1240 2484 κακόν.

1983 1962 2376 2018 advertendum
2431 1971 2548 2028 est,
2584 1978 2766 2017 rerum
2832 1962 2970 2016 alias
3021 1963 3191 2018 bonas
3240 1979 3382 2027 esse,
3428 1964 3568 2020 alias

1985 2055 2157 2110 malas
2191 2075 2204 2108 ι
2243 2063 2298 2110 et
2345 2054 2565 2123 quidem
2609 2054 2808 2108 bonum
2851 2061 3253 2122 exspectatura,
3291 2055 3567 2125 cupiditao

1985 2159 2093 2202 tem
2129 2148 2386 2216 gignere;
2423 2161 2671 2216 praesens
2707 2154 2912 2210 autem,
2961 2147 3296 2216 voluptatem
3327 2165 3341 2200 :
3374 2147 3564 2202 eodem

1992 2255 2190 2296 rursus
2220 2238 2383 2294 modo
2442 2239 2674 2304 malum,
2705 2240 2834 2293 dum
2875 2249 3254 2308 exspectatur,
3311 2241 3567 2296 timorem

1993 2330 2229 2394 all‘erre;
2263 2345 2390 2383 cum
2425 2330 2604 2394 adest,
2645 2344 2962 2384 numerem.
2999 2330 3056 2382 In
3082 2345 3194 2398 quo
3229 2330 3364 2384 illud
3404 2330 3569 2384 etiam

1993 2421 2308 2482 sciendum,
2344 2436 2440 2490 per
2497 2421 2727 2486 bonmn,
2787 2421 2891 2474 hoc
2926 2420 3049 2475 loco
3081 2430 3186 2475 tam
3222 2422 3271 2475 id
3306 2422 3450 2490 quod
3486 2437 3573 2474 rc—

307 2543 430 2584 vera
461 2527 667 2582 bonum
699 2534 805 2594 est,
829 2542 860 2581 a
891 2525 1055 2583 nobis
1086 2525 1338 2599 intelligi,
1373 2540 1540 2597 quam
1567 2524 1701 2580 illud
1731 2523 1878 2594 quod
1921 2521 2047 2576 boni
2080 2520 2351 2574 duntaxat
2389 2517 2627 2587 speciem
2665 2517 2870 2573 habet:
2908 2518 3244 2588 perindeque
3305 2519 3376 2571 de
3431 2516 3573 2571 malo

305 2618 644 2676 censendum
691 2627 795 2675 est.

797 2710 1049 2764 ΚΕΦΑΛ.
1090 2709 1166 2762 II"
1187 2708 1377 2782 ’[KZ'].

870 2800 1012 2869 Περὶ
1056 2800 1312 2868 ἡδονῶν.

375 2891 500 2946 Τῶν
540 2892 768 2964 ἡδονῶν,
795 2893 852 2946 αἱ
887 2894 987 2964 μὲν
1016 2893 1124 2946 εἰσὶ
1167 2893 1420 2963 ψυχικαὶ,
1449 2894 1507 2946 αἱ
1543 2892 1600 2946 δὲ
1640 2908 1882 2961 σωματι-

305 2983 422 3038 καί.
453 2984 564 3038 Καὶ
593 2983 822 3055 ψυχικαὶ
874 2984 995 3054 μὲν,
1026 2985 1149 3037 ὅσαι
1187 2984 1356 3055 μόνης
1405 2985 1513 3037 εἰσὶ
1557 2984 1659 3052 τῆς
1703 2983 1882 3053 ψυχῆς

305 3075 479 3147 αὐτῆς
509 3077 635 3130 καθ’
679 3076 900 3147 ἑαυτὴν,
940 3076 1017 3139 ὡς
1047 3077 1102 3128 αἱ
1143 3076 1271 3146 περὶ
1316 3076 1385 3129 τὰ
1426 3075 1748 3146 μαθήματα,
1792 3073 1886 3126 καὶ

307 3169 406 3239 τὴν
433 3160 685 3238 θεωρίαν.
713 3168 1034 3238 Σωματικαὶ
1073 3167 1152 3232 δὲ,
1187 3168 1246 3221 αἱ
1289 3168 1430 3236 μετὰ
1459 3167 1746 3230 κοινωνίας
1785 3167 1885 3235 τῆς

306 3257 487 3328 ψυχῆς
517 3256 615 3309 καὶ
667 3255 764 3310 τοῦ
815 3255 1068 3327 σώματος
1100 3257 1405 3327 γινόμεναι,
1456 3259 1550 3310 καὶ
1589 3256 1680 3310 διὰ
1727 3256 1887 3310 τοῦτο

2599 2695 2751 2750 CAP.
2799 2696 2934 2752 Xlll.

2554 2790 2625 2844 lle
2655 2790 3035 2859 voluptatibus.

2069 2880 2417 2950 Voluptatum
2477 2881 2778 2935 distinctio.
2836 2913 2907 2924 —
2987 2881 3380 2952 Voluptatltm,
3454 2885 3577 2940 alia:

1991 2974 2184 3039 animi,
2221 2974 2340 3028 aliae
2380 2976 2634 3044 corporis
2675 2983 2828 3030 sunt.
2880 2974 3203 3045 Voluptates
3237 2976 3405 3030 animi
3447 2986 3578 3032 sunt

1992 3080 2069 3120 eae
2095 3081 2313 3148 omnes,
2348 3065 2554 3134 quibus
2581 3066 2801 3120 animus
2830 3066 3065 3120 seorsim
3109 3081 3138 3118 a
3181 3083 3413 3135 corpore
3440 3063 3576 3122 fr'ui-

1991 3165 2082 3212 tur
2117 3175 2131 3212 :
2168 3158 2364 3227 quales
2400 3165 2532 3211 sunt
2563 3173 2685 3227 qua:
2710 3173 2774 3212 ex
2831 3159 3118 3229 diciplinis
3142 3168 3194 3214 et
3230 3161 3578 3230 contempla-

1991 3243 2143 3299 tione
2197 3245 2540 3298 sentiuntur.
2584 3243 2908 3314 Voluptates
2974 3248 3228 3317 corporis
3283 3255 3414 3302 sunt
3450 3247 3576 3312 illae,

310 3321 525 3419 οώματι
554 3350 649 3402 καὶ
680 3321 1040 3420 καλούμεναι,
1067 3321 1192 3404 ὄοαι
1221 3321 1350 3421 inept
1370 3350 1598 3420 τροφὰς,
1633 3351 1728 3404 καὶ
1759 3367 1886 3403 συν-

1997 3349 2223 3402 quarum
2262 3347 2466 3402 corpus
2498 3347 2604 3386 una
2638 3349 2761 3388 cum
2813 3335 2996 3388 anima
3053 3337 3335 3406 particeps
3374 3344 3481 3404 est,
3509 3337 3580 3391 ob

308 3438 518 3502 ουσιας,
543 3437 732 3490 καὶτὰ
777 3437 1024 3492 τοιαῦτα.
1075 3438 1253 3492 Μόνον
1287 3438 1344 3492 δὲ
1375 3437 1471 3492 τοῦ
1507 3437 1757 3510 σώματος
1784 3438 1885 3491 οὐκ

306 3528 377 3583 ἂν
403 3527 556 3600 εὕροι
582 3544 665 3593 τις
701 3527 837 3591 ιδίας
865 3540 889 3568 ι
924 3527 1143 3598 ἡδονάς.

385 3788 555 3842 Πάλιν
595 3787 702 3844 τῶν
730 3787 958 3859 ἡδονῶν,
1009 3787 1068 3839 αἱ
1125 3786 1224 3856 μὲν
1262 3787 1400 3839 εἰσὶν
1451 3783 1696 3854 ἀληθεῖς,
1737 3787 1792 3838 αἱ
1834 3786 1895 3839 δὲ

309 3881 564 3952 ψευδεῖς·
601 3881 694 3934 και
720 3881 778 3933 αἱ
831 3878 932 3950 μὲν
962 3879 1062 3949 τῆς
1106 3876 1348 3938 διανοίας
1397 3876 1586 3947 μόνης,
1623 3875 1742 3928 κατ’
1772 3877 1894 3928 ἐπι-

315 3974 554 4044 στήμην,
583 3972 674 4026 καὶ
697 3970 932 4043 θεωρίαν
953 3984 966 4000 ⁸
1001 3971 1058 4022 αἱ
1085 3968 1144 4022 δὲ
1179 3969 1317 4040 μετὰ
1348 3967 1622 4037 σώματος,
1662 3969 1782 4022 κατ’
1811 3968 1897 4021 αῖ-

317 4065 534 4134 σθησιν.
573 4064 681 4118 Καὶ¹
706 4063 816 4117 τῶν
851 4062 990 4134 μετὰ
1019 4059 1274 4131 σώματος
1301 4059 1414 4129 (8|)
1445 4058 1668 4128 ἡδονῶν,
1705 4059 1763 4113 αἱ
1799 4059 1897 4130 μὲν

317 4160 426 4212 εἰσι
471 4159 736 4230 φυσικαὶ,
775 4158 892 4230 ἅμα
942 4157 1038 4212 καὶ
1091 4157 1408 4225 ἀναγκαῖαι,
1459 4148 1534 4208 ὧν
1583 4156 1751 4226 χωρὶς
1797 4155 1896 4226 ζῇν

317 4248 600 4312 ἀδύνατον,
625 4248 701 4312 ὼς
731 4249 789 4300 αἱ
814 4246 1032 4318 τροφαὶ,
1061 4247 1116 4298 αἱ
1147 4248 1245 4316 τῆς
1277 4243 1484 4306 ἐνδείας
1511 4244 1896 4312 ἁναπληρωτι--

327 4343 436 4408 καὶ,
450 4342 544 4395 καὶ
561 4341 628 4395 τὰ
645 4340 918 4410 ἐνδύματα
935 4339 1002 4392 τὰ
1021 4338 1314 4406 ἀναγκαῖα’
1335 4337 1394 4389 αἱ
1421 4336 1497 4399 δὲ,
1517 4336 1744 4406 φυσικαὶ
1772 4337 1892 4406 μὲν,

1988 3425 2158 3493 idque
2189 3424 2508 3493 corporales
2561 3425 2824 3479 dicunt-ur
2857 3444 2871 3479 :
2901 3426 3215 3495 cujusmodi
3271 3437 3424 3494 sunt,
3459 3444 3580 3498 qua:

1993 3531 2064 3570 ex
2095 3516 2239 3571 cibis
2270 3524 2324 3570 et
2350 3517 2609 3571 venereis
2637 3518 2832 3581 rebus,
2863 3519 3099 3586 aliisque
3140 3518 3194 3573 id
3234 3533 3412 3589 genus
3457 3523 3578 3592 capi

1994 3609 2198 3663 solent.
2232 3605 2372 3660 Nam
2429 3624 2552 3677 quze
2592 3609 2771 3664 solius
2799 3611 3052 3680 corporis
3089 3611 3222 3678 sint,
3259 3612 3424 3667 nulla:
3463 3627 3581 3668 om-

1992 3698 2124 3753 nino
2151 3698 2468 3768 voluptates
2505 3699 2740 3768 reperiri
2767 3701 3070 3768 queunt“.

2064 3790 2402 3858 Voluptatum
2479 3791 2592 3844 alia
2654 3809 2867 3860 genera.
2925 3794 3073 3859 Quas
3132 3797 3427 3863 voluptates
3495 3797 3579 3851 vir

1989 3881 2112 3950 pius
2179 3883 2480 3936 consectari
2533 3881 2760 3938 debeat.
2809 3913 2879 3922 —
2937 3883 3154 3942 Rursus
3234 3887 3578 3956 voluptatum

1993 3973 2115 4026 alite
2153 3988 2297 4027 vera‘
2330 3979 2480 4038 sunt,
2517 3973 2640 4027 alite
2690 3971 2864 4029 falsa).
2907 3975 3090 4044 Atque
3117 3991 3196 4032 ea:
3250 3993 3372 4048 quae
3409 3979 3578 4032 animi

1995 4064 2382 4118 tantummodo
2441 4073 2590 4130 sunt,
2659 4064 2714 4118 in
2751 4081 2934 4120 rerum
2996 4068 3315 4136 cognitione
3350 4079 3405 4124 et
3441 4087 3580 4126 con-

2002 4155 2358 4225 templatione
2401 4157 2720 4211 consistunt
2761 4175 2774 4212 ε
2831 4174 2954 4226 quae
3011 4173 3194 4214 autem
3230 4177 3293 4215 ex
3327 4165 3582 4231 corporis

2001 4247 2357 4311 commercio,
2404 4246 2487 4300 lue
2527 4248 2788 4302 sensibus
2843 4249 3199 4305 hauriuntur.
3237 4250 3355 4304 Jam
3391 4269 3580 4306 earum

2003 4339 2371 4409 voluptatum,
2402 4339 2469 4394 ad
2499 4355 2638 4410 quas
2665 4355 2868 4410 corpus
2923 4343 3235 4413 asciscitur,
3263 4345 3382 4399 alia:
3423 4351 3575 4399 natu-

391 4480 436 4512 “
471 4478 684 4536 Nemea.
714 4494 834 4549 cap.
867 4478 954 4535 25.
1033 4477 1076 4509 ⁸³
1111 4477 1323 4533 Nemes.
1357 4491 1478 4548 cap.
1518 4477 1617 4544 18;
1650 4477 2000 4550 Chryshom.
2025 4479 2112 4548 7i,
2153 4480 2208 4534 in
2231 4459 2388 4535 Joan.

1609 4621 1842 4678 VARIIE
1887 4623 2294 4682 LECTIONES.

393 4767 421 4796 ν
458 4761 616 4837 Deest
648 4760 809 4814 πάλιν
859 4763 910 4815 in
945 4763 1129 4837 inultis
1180 4760 1340 4815 codd.
1383 4759 1620 4837 Legitur
1657 4763 1797 4837 apud
1835 4761 2142 4837 Neniesiutn
2187 4765 2238 4816 in
2263 4767 2394 4837 eod.
2430 4765 2564 4837 llcg.
2622 4769 2782 4823 2879.
2860 4777 2886 4804 ι
2917 4769 3116 4824 Vocem
3169 4769 3326 4832 ἰδίας,
3389 4767 3589 4836 adjecit

321 4831 684 4886 (lombelisius
709 4839 830 4902 post
870 4835 1262 4902 recognitorem
1296 4831 1416 4885 eod.
1452 4831 1510 4884 S.
1537 4831 1645 4885 llil.
1677 4842 1731 4886 et
1759 4833 2064 4886 {\etnesiutu
2091 4851 2211 4903 cap.
2253 4835 2338 4888 18.
2514 4831 2536 4837 ⁷
2729 4855 2768 4902 ν

1847 4920 2080 4976 ΝΟἸΥΕ.

397 5010 508 5080 (8|)
562 5008 844 5089 KaLeéi-r
891 5009 1042 5089 μετίι
1096 5009 1392 5089 σώματος.
1450 5009 1518 5064 Et
1580 5007 1903 5089 voluptatem
1939 5015 1984 5072 ι)
2012 5030 2135 5089 nem
2161 5031 2262 5089 cru
2304 5015 2488 5070 minus
2541 5026 2860 5089 accuratam
2894 5017 3114 5075 Tullius
3139 5020 3340 5089 carpit;
3369 5018 3462 5073 lib.
3497 5034 3535 5072 tt
3571 5037 3584 5072 :

323 5097 463 5152 aute,
496 5090 602 5134 etc.
653 5080 988 5152 Divisionum
1024 5083 1165 5152 hanc
1205 5082 1552 5152 voluptatum
1597 5080 1905 5152 tradiderat

324 5149 785 5220 Chrysostomus.
835 5150 984 5203 ιιοιιι.
1033 5151 1099 5204 Ἠ
1153 5152 1206 5203 ἱιι
1253 5149 1455 5216 Joau.;
1509 5158 1681 5218 atque
1739 5149 1906 5218 hujus

327 5222 562 5292 primum
592 5228 874 5292 auctorem
907 5220 1080 5276 fuisse
1116 5220 1417 5292 Epicurum
1455 5221 1649 5274 Cicero
1694 5227 1904 5292 narrat,

328 5289 471 5345 iih.l
527 5290 606 5343 De
652 5290 746 5358 ﬁn.
779 5290 899 5343 bon.
936 5300 984 5342 et
1018 5293 1148 5345 mal.
1200 5291 1290 5344 ubi
1340 5289 1656 5359 Torquatus
1708 5290 1790 5359 sic
1822 5291 1905 5342 lo-

328 5376 506 5429 quens
540 5361 826 5414 inducitur
861 5376 875 5416 :
932 5361 1064 5425 Qua:
1097 5363 1238 5414 enim
1277 5358 1482 5422 utilior,
1521 5369 1615 5412 aut
1669 5358 1738 5411 ad
1783 5359 1908 5414 bene

328 5431 599 5486 vivendum
650 5431 828 5499 aptior
877 5431 1118 5496 partitio,
1152 5447 1313 5499 quam
1359 5430 1455 5482 illa
1500 5446 1605 5499 qua
1649 5445 1776 5488 nus
1832 5437 1910 5483 est

331 5501 639 5568 Epicurus?
677 5502 766 5571 qui
799 5516 958 5552 unum
1002 5518 1163 5570 genus
1203 5504 1375 5568 posuit
1415 5516 1602 5571 earum
1641 5501 1909 5567 cupidita-

331 5583 466 5633 tum,
487 5587 602 5640 qua:
631 5569 804 5624 essent
832 5579 880 5623 et
917 5569 1190 5624 naturales
1221 5581 1268 5624 et
1296 5569 1610 5624 necessaria:
1636 5587 1653 5633 ;
1685 5570 1909 5622 alterum

329 5656 447 5710 qua:
472 5642 744 5694 naturales
775 5649 966 5704 essent,
997 5658 1088 5694 nec
1113 5651 1286 5694 tamen
1317 5641 1663 5702 necessariw;
1698 5640 1911 5692 tertium

332 5725 450 5781 quw
481 5727 584 5765 non
621 5711 916 5777 naturales,
950 5728 1041 5766 nec
1096 5712 1426 5768 necessariw.
1466 5711 1640 5775 Quam
1689 5710 1912 5766 divisio-

2015 5084 2293 5160 Quanrodo
2333 5093 2507 5160 autem
2560 5087 2916 5160 Philosophus
2969 5092 3201 5160 loquitur
3242 5084 3350 5142 tria
3399 5104 3590 5159 genera

2016 5155 2391 5219 cupiditatum,
2420 5155 2620 5226 inquit,
2650 5161 2922 5213 naturales
2955 5171 3005 5214 et
3033 5155 3591 5221 'neressariasfnatu-

2016 5226 2182 5291 rales,
2210 5242 2313 5279 non
2345 5229 2710 5292 necessarias;
2743 5245 2836 5281 nec
2880 5231 3174 5291 naturales,
3220 5245 3313 5283 nec
3349 5245 3592 5282 necessa-
3684 5239 3692 5249 '

2018 5296 2172 5351 rias.’
2195 5297 2424 5369 primunt
2461 5296 2640 5369 divisit
2682 5298 3025 5369 ineleganter.
3064 5299 3180 5352 Duo
3213 5300 3351 5352 enim
3401 5314 3592 5369 genera

2018 5381 2145 5432 qua:
2177 5377 2351 5429 erant,
2391 5367 2514 5435 fecit
2565 5368 2691 5420 tria.
2751 5366 2868 5422 Hoc
2921 5378 2998 5421 est
3037 5385 3139 5422 non
3178 5366 3448 5430 dividere,
3502 5368 3592 5421 sed

2013 5438 2260 5505 frangere
2284 5453 2413 5490 rem.
2441 5437 2547 5502 Qui
2568 5439 2612 5489 si
2627 5436 2822 5490 diceret
2849 5439 3198 5506 cupiditatum
3227 5456 3338 5493 esse
3365 5438 3470 5492 duo
3501 5453 3594 5507 ge-

2014 5523 2159 5580 nera,
2201 5508 2475 5580 naturales
2503 5518 2552 5561 et
2601 5508 2785 5561 inanes
2814 5523 2833 5560 :
2865 5510 3198 5562 naturalium
3239 5525 3440 5580 quoque
3467 5508 3594 5562 item

2013 5575 2140 5638 duo,
2193 5579 2522 5632 necessarias
2569 5587 2616 5632 et
2666 5593 2768 5631 non
2817 5581 3172 5649 necessarias,
3207 5575 3448 5650 confecta
3506 5589 3588 5630 res

2016 5656 2170 5700 (3880!.

3869 291 3894 348 οὶ
