3962 6300
288 344 395 408 933
1354 338 1450 398 DE
1484 335 1660 396 FIDE
1697 331 1906 394 ORTH

1997 331 2162 392 lOXA
2195 335 2341 395 LIB.
2368 334 2450 394 ΙΙ.
3462 328 3572 390 θ34

290 457 322 527 ἦ
365 453 681 524 νομίζοντες
717 449 1022 505 ἀδικεῖσθαι
1051 489 1065 514 ,
1120 446 1475 518 λυπούμεθα·
1516 445 1612 500 καὶ
1673 443 1884 514 γίνεται

1997 443 2058 497 ob
2092 443 2282 512 aliquo
2312 444 2583 507 laedimur,
2639 451 2731 496 aut
2763 440 2883 496 laedi
2921 454 3024 494 nos
3058 435 3450 500 existimanus,
3485 437 3567 490 ira

288 546 408 599 τότε
445 543 640 614 μικτὸν
670 542 732 595 τὸ
772 541 941 605 πάθος
974 540 1036 605 ἐξ
1057 539 1355 610 ἐπιθυμίας
1381 540 1477 592 καὶ
1505 536 1700 608 θυμοῦ.

1997 549 2404 590 :ommovcumr
2438 556 2450 590 :
2485 551 2550 592 ac
2578 547 2707 591 tunc
2758 535 2964 589 mistus
2995 531 3052 586 lit
3083 531 3171 584 hic
3213 530 3447 584 allectus
3501 545 3568 584 cx

1986 627 2292 696 cupiditate
2319 639 2371 683 ct
2403 629 2482 682 ira
2500 669 2514 683 .

362 719 491 792 Εἵδη
520 719 578 772 δὲ
601 718 692 772 τοῦ
721 717 900 789 θυμοῦ
927 718 1057 789 τρία
1080 737 1092 750 ο
1120 717 1284 790 ὀργὴ,
1303 718 1428 790 ήτις
1453 717 1700 771 καλεῖται
1723 715 1876 786 χολὴ,

2055 717 2183 772 Tres
2216 719 2312 772 ira:
2339 721 2630 787 species.——
2661 713 2798 772 Tres
2832 730 2996 786 porro
3031 714 3126 768 irae
3157 722 3286 769 sunt
3321 711 3573 784 species:

291 813 388 866 xci.
418 811 596 882 χόλος,
637 809 734 862 καὶ
787 809 975 879 μῆνις,
1025 809 1122 862 καὶ
1177 811 1359 873 κότος,
1390 809 1575 880 Θυμὸς
1617 809 1716 880 μὲν
1772 808 1880 878 γὰρ

1997 810 2483 874 Exeandescentia,
2549 823 2671 879 quae
2726 815 2780 863 ct
2820 808 2972 879 χολὴ,
3044 817 3100 864 et
3137 807 3294 878 χο).ος
3327 808 3574 872 dicitur;

292 903 468 973 ἀρχὴν
496 901 594 955 καὶ
626 901 843 972 κίνησιν
885 900 1046 970 ἔχων,
1087 901 1246 972 ὀργὴ,
1273 901 1367 955 καὶ
1400 901 1551 972 χολὴ,
1585 901 1680 954 καὶ
1727 901 1881 970 χόλος

1997 895 2165 971 μῆνις,
2195 901 2421 966 item,et
2444 901 2620 964 κότος.
2661 899 2796 954 Nam
2827 915 2952 956 cum
2985 901 3067 956 ira
3101 901 3368 965 exoritur,
3396 915 3581 954 move-

292 996 534 1062 λέγεται.
569 993 750 1063 Μῆνις
781 992 859 1058 δὲ,
911 991 1042 1062 χολὴ
1091 993 1447 1062 ἐπιμένουσα,
1476 993 1646 1062 ήγουν
1691 1009 1882 1063 μνησι-

1997 993 2148 1062 rique
2183 993 2559 1064 ineipit,hilis
2605 1001 2983 1064 nuncupatur.
3040 993 3202 1064 μῆνις
3258 1000 3444 1048 autem
3493 1000 3580 1046 est

295 1087 496 1141 κακίαο
531 1085 752 1157 εἴρηται
792 1085 849 1138 δὲ
885 1087 1037 1157 παρὰ
1064 1086 1126 1140 τὸ
1169 1087 1374 1157 μένειν,
1421 1086 1517 1138 καὶ
1561 1087 1626 1156 τῇ
1691 1085 1883 1157 μνήμῃ

1997 1086 2115 1140 bilis
2150 1086 2496 1150 diuturnior,
2554 1087 2670 1142 sive
2718 1094 2962 1155 accepta:
3021 1085 3242 1154 injuriae
3290 1085 3578 1140 memoria.

297 1178 711 1253 παραδίδοσθαι.
745 1177 917 1240 Κότος
942 1179 1019 1243 δὲ,
1047 1179 1186 1250 ὀργὴ
1213 1178 1551 1250 ἐπιτηροῦσα
1585 1178 1775 1248 καιρὸν
1802 1179 1883 1241 εἰς

1997 1178 2146 1235 Unde
2181 1181 2349 1236 etiam
2382 1181 2486 1235 hoc
2515 1196 2717 1236 nomen
2749 1187 2909 1234 nacta
2967 1188 3052 1235 est
3082 1179 3190 1233 ἀπὸ
3220 1179 3316 1232 τοῦ
3375 1179 3580 1249 μένειν,

297 1269 570 1342 τιμωρίαν
597 1284 610 1296 ·
649 1267 870 1341 εἴρηται
899 1269 958 1322 δὲ
991 1261 1150 1334 οὗτος
1183 1271 1336 1341 παρά
1360 1268 1423 1323 τὸ
1457 1268 1691 1324 κεῖσθαι.

1997 1273 2037 1328 id
2057 1281 2140 1328 est
2171 1274 2315 1343 quod
2346 1281 2566 1328 maneat
2597 1280 2652 1328 et
2679 1273 2955 1328 memoriae
2983 1272 3256 1326 tradatur.
3287 1271 3460 1334 Κδτος
3495 1271 3588 1325 de-

1989 1364 2157 1434 uique
2188 1363 2376 1419 estira
2415 1362 2718 1418 ulciscendi
2743 1363 3099 1418 occasionem
3141 1362 3300 1432 183
3329 1369 3582 1432 captans.

1988 1455 2133 1512 unde
2161 1464 2215 1512 et
2236 1471 2433 1513 nomen
2462 1456 2749 1510 traxittmb
2771 1457 2866 1510 τοῦ
2888 1455 3121 1522 κεῖσθαι,
3155 1455 3207 1510 id
3232 1466 3335 1520 est,
3351 1470 3416 1510 eo
3440 1452 3584 1525 quod

2023 1549 2172 1603 nima
2210 1549 2451 1603 reposita
2478 1549 2572 1603 sit.

380 1621 537 1673 Ἔστι
581 1620 638 1674 δὲ
677 1621 706 1674 ὁ
739 1620 909 1691 θυμὸς
957 1622 1018 1676 τὸ
1066 1622 1428 1694 δορυφορικὸν
1455 1621 1550 1676 τοῦ
1594 1621 1882 1692 λογισμοῦ,

1997 1564 2172 1603 antnia
2210 1564 2451 1619 reposua
2478 1564 2572 1603 su.

2043 1634 2160 1700 Ira,
2189 1637 2416 1690 rationis
2441 1636 2677 1701 satelles,
2708 1636 2898 1692 vindex
2921 1637 3462 1706 concupiscentiw.——
3492 1639 3589 1692 Est

304 1709 517 1774 ἔκδικος
555 1711 656 1782 τῆς
710 1711 1031 1782 ἐπιθυμίας.
1071 1713 1240 1767 Ὅταν
1289 1711 1397 1784 γάρ
1454 1713 1885 1784 ἐπιθυμήσωμεν

1999 1743 2167 1798 porro
2193 1729 2276 1782 ira
2309 1729 2546 1784 rationis
2575 1729 2818 1795 satelles,
2851 1729 3049 1784 vindex
3078 1729 3420 1799 cupiditatis.
3449 1727 3586 1782 Nam

307 1802 650 1872 πράγματος,
697 1804 790 1856 καὶ
836 1803 1172 1874 κωλυθῶμεν
1209 1805 1315 1858 ὑπό
1353 1821 1519 1869 τινος,
1569 1803 1888 1875 θυμούμεθα

1997 1835 2125 1875 cum
2155 1820 2236 1874 rei
2300 1820 2542 1891 alicujus
2564 1819 2841 1876 desiderio
2871 1828 3145 1884 tenemur,
3207 1831 3372 1891 atque
3395 1821 3463 1876 ab
3492 1820 3594 1872 ali-

307 1892 432 1946 κατ’
470 1893 665 1962 αὐτοῦ,
689 1894 764 1958 ὡς
793 1895 1148 1964 ἀδικηθέντες
1170 1912 1182 1926 ·
1215 1896 1310 1950 τοῦ
1352 1895 1619 1967 λογισμοῦ
1644 1895 1889 1968 δηλονότι

1997 1925 2109 1979 quo
2143 1911 2498 1977 eohibemur,
2533 1919 2668 1966 tunc
2701 1910 2862 1981 quasi
2894 1910 3097 1980 injuria
3117 1919 3367 1981 accepta,
3394 1911 3589 1966 adrer-

308 1985 599 2058 κρίναντος
640 1987 812 2052 ἇξιον·
845 1988 1277 2059 ἀγανακτήσεως
1323 1988 1383 2042 τὸ
1431 1988 1748 2059 γενόμενον,
1799 1989 1893 2042 ἐπὶ

1997 2019 2095 2059 sus
2149 2003 2304 2056 illum
2360 2005 2856 2072 excandescimus;
2909 2005 3123 2058 ratione
3167 2003 3421 2058 videlicet
3467 2018 3588 2058 eam

308 2076 418 2128 τῶν
451 2076 828 2158 φυλαττόντων
860 2078 1005 2132 κατὰ
1033 2079 1194 2147 φύσιν
1218 2081 1316 2152 τὴν
1341 2079 1551 2134 οἰκείαν
1573 2078 1749 2144 τάξιν.

1999 2109 2118 2149 rem
2176 2093 2462 2149 iracundia
2489 2095 3030 2166 dignamjudicante,
3064 2093 3116 2148 in
3164 2094 3475 2162 illisutique
3496 2093 3589 2162 qui

1996 2185 2248 2242 ordinem
2305 2201 2468 2242 suum
2506 2193 2756 2251 tuentur,
2791 2194 2854 2241 ut
2885 2195 3098 2242 naturm
3141 2186 3283 2242 ratio
3328 2185 3589 2256 postulat.

801 2256 1053 2310 ΚΕΦΑΛ.
1099 2257 1176 2309 ΙΖ’
1220 2254 1396 2328 [AA'].

2617 2277 2768 2333 CAP.
2804 2275 2967 2331 XVII.

792 2343 934 2412 Περί
965 2347 1405 2415 φανταστικοῦ.

2491 2371 2570 2424 De
2613 2373 2661 2424 υἱ
2711 2370 3102 2439 imaginatrice.

380 2436 747 2492 Φανταστικόν
778 2440 896 2491 ἐστι
923 2438 1156 2510 δύναμις
1193 2440 1292 2510 τῆς
1329 2439 1525 2509 ἀλόγου
1559 2440 1759 2512 ψυχῆς,
1807 2440 1896 2494 διὰ

2070 2468 2213 2533 Quid
2229 2469 2296 2522 sit
2312 2436 3595 2537 imaginatio.-—Visintaginandi,irrationaliilis

309 2532 422 2585 τῶν
452 2531 826 2603 αἰσθητηρίων
859 2532 1182 2605 ὲνεργοῦσα,
1209 2533 1332 2604 ἥτις
1362 2533 1585 2602 λέγεται
1617 2533 1893 2604 αἴσθησις.

2007 2555 2206 2611 animae
2225 2557 2395 2626 partis
2425 2555 2658 2609 facultas
2681 2561 2787 2616 est,
2810 2567 2909 2622 per
2928 2567 3192 2607 sensuum
3217 2568 3421 2624 organa
3463 2569 3593 2625 ope-

311 2625 619 2678 Φανταστὸν
646 2624 722 2690 δὲ,
751 2624 846 2678 καὶ
887 2624 1168 2696 αἰσθητὸν,
1191 2625 1252 2678 τὸ
1282 2627 1350 2696 τῇ
1373 2627 1670 2696 φαντασίᾳ,
1695 2626 1789 2678 καὶ
1827 2627 1894 2697 τῇ

2001 2662 2131 2702 rans
2161 2664 2331 2718 ulnae
2353 2656 2408 2702 et
2437 2661 2637 2702 sensus
2679 2645 2904 2700 dicitur.
2939 2645 3249 2700 Φανταστὸν
3301 2655 3505 2714 autem,
3543 2656 3596 2702 et

315 2714 568 2784 αἰσθήσει
599 2715 940 2768 ῦποπίπτοψ
979 2715 1055 2778 ὡς
1089 2715 1282 2784 ὅρασις
1315 2713 1435 2784 μὲν,
1468 2715 1663 2786 αὐτὴή
1696 2717 1898 2786 ὀπτικὴ

1999 2713 2260 2792 sensibile
2303 2737 2439 2792 illud
2499 2735 2826 2806 appellatur,
2873 2734 3021 2804 quod
3071 2735 3176 2790 sub
3209 2735 3316 2790 vim
3357 2713 3505 2790 illam
3541 2745 3597 2790 et

315 2806 580 2875 δύναμις⁸
624 2804 820 2875 ὁρατὸν
851 2805 934 2868 δὲ,
959 2804 1022 2857 τὸ
1056 2805 1369 2859 ῦποπῖπτον
1399 2810 1466 2878 τῇ
1511 2808 1721 2879 ὁράσει,
1751 2807 1897 2871 λίθος

1999 2843 2225 2884 sensum
2255 2830 2424 2896 cadit,
2488 2844 2542 2882 ν.
2591 2844 2676 2898 gr.
2728 2827 2883 2882 visus
2925 2828 3044 2898 ipsa
3075 2828 3158 2883 vis
3179 2837 3260 2882 est
3292 2827 3594 2894 cernendi;

317 2897 498 2968 τυχὸν,
525 2898 559 2968 ή
605 2913 658 2950 τι
698 2897 806 2951 τῶν
849 2896 1131 2952 τοιούτων.
1161 2898 1438 2953 Φαντασία
1480 2899 1536 2952 δέ
1579 2902 1698 2953 ἐστι
1726 2901 1897 2964 πάθος

1999 2919 2240 2982 visibile,
2275 2921 2420 2989 quod
2462 2896 2612 2974 visui
2633 2896 2970 2986 subjicitur;
3000 2926 3151 2989 puta,
3186 2919 3346 2988 lapis,
3377 2929 3472 2974 aut
3500 2921 3600 2974 ali-

316 2991 416 3060 τῆς
441 2990 638 3058 ἀλόγου
671 2988 868 3060 ψυχῆς,
899 2989 1005 3043 ὑπὸ
1055 2990 1364 3059 φανταστοῦ
1397 3008 1542 3055 τινος
1588 2991 1895 3060 γινόμενον.

2000 3011 2130 3082 quid
2174 3011 2512 3080 hujusmodi.
2543 3011 2868 3079 ltnaginatio
2898 3025 3065 3080 porro
3095 3018 3183 3066 est
3213 3011 3433 3066 allectio
3462 3013 3602 3066 irra-

317 3080 621 3151 Φάντασμά
653 3079 763 3153 (82)
798 3081 877 3146 δὲ,
905 3080 1078 3145 πάθος
1134 3081 1382 3136 διάκενον
1415 3083 1476 3137 ὲν
1522 3085 1636 3146 τοῖς
1679 3084 1899 3154 ἀλόγοις

317 3172 418 3202 ..ζμ
447 3171 628 3202 ,ιηηητυ
659 3171 752 3202 ,ιη-ρ
781 3171 992 3202 ...ἧκε-ιλι-
1032 3173 1338 3202 ..κ..----λπ
1367 3174 1652 3202 .,....ζ..........
1692 3177 1866 3202 vn“...

2003 3105 2284 3160 tionabilis
2323 3106 2516 3159 animae
2543 3119 2610 3159 ex
2657 3105 2842 3174 aliqua
2886 3119 2969 3168 re,
3004 3117 3126 3174 quae
3173 3104 3230 3157 in
3265 3103 3601 3174 imaginandi

2004 3203 2110 3254 vim
2131 3201 2319 3264 cadat,
2349 3211 2564 3256 exorta.
2607 3197 2945 3254 Phantasma
2967 3198 3228 3268 denique,
3264 3212 3362 3254 seu
3397 3198 3599 3265 visum,

2003 3303 2088 3347 est
2145 3292 2326 3347 inanis
2371 3291 2588 3347 all'ectio
2637 3291 2692 3346 in
2750 3299 2904 3360 parte
2961 3290 3158 3345 animae
3213 3287 3600 3350 irrationabili.

317 3172 418 3243 τῆς
447 3171 628 3243 ψυχῆς
657 3171 752 3226 ἀπ’
781 3171 992 3236 οὐδενὸς
1032 3173 1338 3242 φανταστοῦ
1367 3174 1674 3245 γινόμενον.
1692 3177 1899 3248 Ὄργα-

308 3266 410 3315 ’νον
437 3262 495 3314 δὲ
547 3259 642 3314 τοῦ
682 3262 1080 3332 φανταστικοῦ,
1115 3263 1150 3333 ἡ
1210 3263 1548 3335 ὲμπρόσθιος
1587 3264 1765 3319 κοιλία
1805 3265 1900 3318 τοῦ

323 3352 652 3423 ἐγκεφάλου·
2005 3398 2167 3452 quam
2201 3383 2346 3436 nttlla
2382 3397 2494 3446 res,
2527 3398 2650 3452 qua:
2678 3352 3060 3448 imaginationi
3099 3380 3447 3450 subjiciatur,
3486 3379 3604 3436 elli-

2005 3475 2136 3527 ciat.
2171 3473 2342 3528 Sedes
2372 3489 2536 3542 porro
2587 3474 2808 3530 virtutis
2857 3471 3210 3544 imaginandi
3239 3480 3325 3528 est
3363 3473 3604 3528 anterior

2011 3566 2218 3621 cerebri
2263 3566 2627 3621 ventriculus.

819 3678 1074 3734 ΚΕΦΑΛ.
1115 3680 1201 3732 nr
1243 3678 1420 3752 [ΑΜ.

2605 3675 2757 3730 CAP.
2806 3675 2998 3731 XVIII.

844 3771 985 3840 Περί
1019 3771 1382 3841 αἰσθήσεως.

2664 3769 2740 3822 De
2777 3785 2951 3826 sensu.

399 3862 663 3933 Αἴσθησις
684 3862 800 3916 ἐστι
821 3862 1052 3934 δύναμις
1074 3866 1172 3934 τῆς
1202 3865 1381 3934 ψυχῆς
1413 3864 1777 3935 ἀντιληπτικὴ
1803 3865 1908 3918 τῶν

2085 3859 2298 3916 Sensus
2325 3867 2488 3915 estea
2533 3860 2732 3914 animae
2753 3860 2858 3926 vis,
2891 3874 3015 3930 quae
3032 3876 3122 3915 res
3142 3860 3454 3917 materiales
3479 3875 3604 3932 per-

333 3954 498 4019 ὑλῶν,
529 3954 698 4023 ήγουν
730 3952 1126 4023 διαγνωστικὴ.
1153 3953 1492 4025 Αἰσθητήρια
1537 3954 1613 4017 δὲ,
1643 3953 1714 4006 τὰ
1741 3954 1908 4024 ὀργα-

2014 3953 2168 4022 cipit,
2201 3968 2298 4007 seu
2327 3951 2612 4022 dijudicat.
2650 3952 2910 4008 Sensoria
2948 3959 3158 4018 autem,
3196 3966 3402 4022 organa
3452 3962 3603 4016 sunt,

331 4060 421 4107 να,
448 4043 618 4113 ήγουν
648 4043 715 4096 τὰ
745 4042 886 4114 μέλη
915 4043 981 4095 δι’
1014 4036 1089 4096 ὧν
1133 4043 1502 4114 αἰσθανόμεθα
1529 4061 1542 4075 ο
1569 4045 1803 4114 αἰσθητὰ
1829 4045 1908 4110 δὲ,

2016 4047 2133 4102 sive
2160 4045 2412 4101 membra
2447 4059 2683 4115 quorum
2717 4043 2986 4100 beneﬁcio
3024 4054 3078 4099 et
3103 4059 3269 4114 opera
3313 4045 3601 4100 sentimus.

335 4136 403 4188 τά
429 4136 498 4204 τῇ
531 4132 783 4205 αἰσθήσει
813 4133 1186 4188 ὑποπίπτοντα
1206 4151 1219 4164 ο
1246 4135 1562 4207 αἰσθητικὸν
1583 4136 1661 4203 δὲ,
1691 4137 1752 4190 τὸ
1773 4136 1908 4201 ζῶον

2019 4137 2316 4194 Sensibilia
2346 4153 2500 4203 vero,
2542 4152 2606 4192 ea
2633 4151 2756 4206 quae
2782 4136 2885 4191 sub
2923 4151 3148 4191 sensum
3187 4136 3416 4190 cadunt.
3463 4137 3608 4191 Sen-

333 4231 397 4286 τὺ
445 4231 566 4300 ἔχον
614 4231 712 4300 τὴν
769 4230 1044 4300 αἴσθησιν.
1086 4230 1211 4283 Εἰσὶ
1274 4231 1332 4284 δὲ
1385 4231 1673 4304 αἰσθήσεις
1727 4232 1908 4298 πέντε,

2017 4231 2186 4287 tiendi
2211 4246 2408 4302 capax,
2443 4230 2706 4300 denique,
2743 4229 2944 4283 animal
2975 4236 3060 4284 est
3091 4244 3257 4284 sensu
3298 4227 3603 4298 praeditum.

337 4323 540 4394 ὁμοίως
566 4324 663 4376 καὶ
691 4323 1021 4394 αἰσθητήρια
1056 4323 1242 4378 πέντε.
1397 4335 1416 4352 ‘

2023 4324 2238 4380 Sensus
2265 4332 2448 4379 autem
2494 4325 2738 4394 quinque
2777 4329 2927 4387 sunt,
2960 4321 3297 4390 totidemque
3345 4334 3608 4375 sensuum

2018 4431 2249 4486 organa.

415 4502 612 4574 Πρώτη
665 4503 959 4574 αἴσθησις,
1015 4504 1225 4573 ὅρασις.
1275 4502 1616 4576 Αἰσθητήρια
1670 4506 1760 4574 δὲ,
1825 4507 1908 4561 καλ

2100 4509 2320 4564 Primus
2353 4523 2547 4563 sensus
2571 4515 2656 4563 est
2695 4508 2868 4562 visus.
2900 4504 3156 4561 Senseria
3188 4503 3326 4572 ejus,
3378 4517 3474 4559 seu
3515 4515 3611 4554 or-

336 4596 550 4663 ὖργανα
575 4593 676 4664 τῆς
722 4593 986 4665 ὁράσεως,
1025 4594 1096 4648 τὰ
1142 4594 1202 4660 ἐξ
1241 4595 1548 4665 ἐγκεφάλου
1593 4596 1782 4669 νεῦρα,
1827 4599 1908 4652 καπ

2028 4614 2168 4670 gaua
2211 4599 2506 4664 sentiendi,
2556 4599 2708 4652 nervi
2741 4607 2926 4653 sunte
2970 4597 3197 4652 cerebro
3254 4592 3505 4658 derivati,
3559 4602 3612 4646 et

343 4689 394 4740 οἰ
427 4685 732 4756 ὀφθαλμοί⁹
768 4685 1087 4741 αἰσθάνεται
1119 4687 1176 4740 δὲ
1236 4689 1270 4759 ἡ
1323 4687 1466 4756 δψις,
1513 4688 1658 4742 κατά
1705 4689 1908 4760 πρῶτοι

2028 4690 2197 4745 oculi.
2230 4690 2309 4745 Ac
2346 4692 2500 4745 visus
2531 4689 2749 4759 quidem
2791 4689 3056 4758 primarie
3089 4687 3327 4742 colorem
3358 4683 3611 4756 percipit,

344 4779 446 4849 μὲν
476 4777 653 4845 λόγον,
706 4776 803 4830 τοῦ
857 4776 1180 4848 χρώματος·
1238 4778 1692 4846 συνδιαγινώσκει
1736 4779 1792 4833 δὲ
1842 4780 1908 4852 τᾷ

2030 4792 2084 4839 et
2126 4798 2232 4838 una
2277 4800 2402 4839 eum
2459 4783 2649 4838 colore
2711 4797 2915 4852 corpus
2965 4781 3274 4835 coloratum
3336 4777 3613 4848 dignoseit

339 4868 614 4942 χρώματι,
642 4869 736 4922 καὶ
765 4867 826 4920 τὸ
858 4870 1244 4942 κεχρωσμένον
1278 4870 1459 4942 σῶμα,
1495 4871 1594 4926 καὶ
1639 4871 1701 4925 τὺ
1740 4871 1906 4943 μέγε-

2022 4877 2309 4947 ipsinsque
2342 4874 2798 4948 magnitudinem,
2841 4873 3092 4944 ﬁgurant,
3148 4873 3330 4928 locum
3389 4871 3445 4925 in
3501 4876 3615 4940 quo

413 5045 460 5076 ⁸⁸
489 5041 706 5098 thnes.
739 5058 868 5113 cap.
901 5043 934 5098 6

1855 5195 2084 5256 NOTJE.

421 5290 533 5361 (8‘2)
573 5291 920 5370 Φᾴκτασμα.
964 5290 1317 5370 Phantasma,
1347 5289 1757 5370 elc.Accurata
1810 5305 1920 5370 non
2034 5297 2256 5370 natione
2289 5301 2495 5367 percipi
2549 5309 2809 5367 possunt,
2857 5309 3000 5357 sumi
3053 5300 3425 5356 certissimum
3483 5310 3608 5358 est:

345 5359 452 5422 est,
473 5359 740 5440 ekpositio
765 5359 940 5430 eaque
961 5361 1231 5440 duntaxat
1253 5359 1478 5440 exponit
1510 5359 1920 5440 pll_antfl§nlala,
2030 5359 2380 5440 imorabsquc
2409 5359 2686 5437 ejusmodi
2723 5359 3206 5438 phantasmatibus
3241 5371 3448 5425 nullam
3496 5373 3612 5428 ﬁeri

346 5429 1374 5512 «lineamentibus.Velumelancholicis
1411 5429 1925 5512 dormientibusquc
2033 5429 2464 5512 intellecti-enen}
2495 5448 2549 5494 et
2592 5429 3196 5512 cogitationenlidocet
3242 5440 3617 5512 Philosophus

346 5499 698 5582 contingunt,
728 5501 1052 5582 ut_explicat
1077 5500 1394 5555 Nemesius.
1434 5499 1721 5582 Alianvero
1747 5503 1925 5568 phan-
2033 5508 2129 5582 tib.
2161 5509 2327 5582 mne
2366 5510 2570 5574 anima,
2603 5499 2726 5578 cap.
2766 5512 2818 5571 7,
2845 5513 2926 5582 th.
2964 5510 3032 5564 50
3078 5519 3132 5565 et
3177 5526 3328 5582 seqq.
3374 5499 3617 5580 Aliquod

352 5580 589 5625 ιειδῐιιίιῑὶι
619 5571 907 5648 (ΔιίθυηιυΓο
943 5587 1066 5639 il“ie
1119 5584 1370 5648 lenm!“
1419 5570 1680 5648 δθηδξιηιβ
1737 5585 1922 5638 PCI‘CO'
2035 5579 2208 5645 igitur
2265 5570 2591 5648 phantasma
2642 5570 2749 5642 cst,
2786 5570 2929 5648 quod
2976 5595 3064 5634 res
3095 5589 3156 5635 ut
3198 5570 3328 5636 sunt
3368 5570 3617 5646 exhibet,

351 5651 585 5725 PlaI‘Ull}_
631 5642 896 5725 im?$_i_l|es
945 5649 1109 5725 διξιιιν
1153 5641 1232 5693 ιιιὶ
1291 5639 1421 5725 dum
1476 5640 1750 5725 quispiam
1803 5656 1926 5721 res,
2036 5639 2213 5725 neque
2248 5639 2571 5725 semperest
2601 5639 2836 5704 vacuum
2878 5650 3155 5716 quoddam
3181 5661 3235 5708 et
3255 5652 3442 5720 inane,
3468 5639 3616 5725 quod

349 5709 494 5777 quas
517 5711 644 5764 olim
675 5711 814 5792 vidit
845 5719 1334 5792 quantumcunque
1351 5709 1621 5791 dissitas,
1650 5711 1908 5791 imagina-

2037 5709 2320 5791 olij'cctum
2353 5709 2513 5776 aliter
2539 5735 2603 5776 ac
2635 5729 2716 5775 est
2752 5709 3132 5792 reprtcscnlet.

351 5791 501 5838 tione
534 5788 738 5836 versat.
775 5779 897 5838 ίιωι
949 5789 1132 5838 autem
1175 5782 1246 5837 ab
1274 5781 1534 5852 objectis,
1579 5796 1700 5851 qua:
1729 5779 1926 5851 imagi-
