3962 6300
57 189 66 274 ἓ

57 281 62 324 ι

53 331 64 420 ἐ

468 261 572 319 9:35
921 255 927 262 '
1656 260 1714 317 s.
1749 250 2068 317 JUANNIS
2105 253 2534 324 DAMASCENI
3632 265 3726 328 aus

467 370 942 439 cst,interjcctum
994 370 1254 439 spatium,
1289 377 1342 424 ct
1404 384 1692 422 numerum
1715 370 1794 433 ‘7;
1847 376 2048 422 motum

2165 368 2255 433 θος
2286 370 2476 437 αὐτοῦ,
2511 373 2604 424 καὶ
2635 374 2692 425 τι»
2723 374 2929 445 σχῆμα,
2965 376 3058 426 καὶ
3106 376 3195 427 τὸν
3235 377 3397 429 τόπον
3430 376 3559 428 ἔνθα
3600 381 3736 435 ἐστὶν

465 481 685 536 quoque
715 473 769 518 et
797 465 1074 534 quietem;
1113 479 1462 534 aspcrumne,
1505 478 1573 516 an
1605 464 1731 517 Leve
1762 479 1776 527 ;
1816 462 2060 532 planum,

465 574 532 610 an
579 556 841 626 inaequale
871 572 886 620 ;
913 563 1132 608 acutum
1167 598 1183 621 ,
1221 571 1288 608 an
1346 555 1607 610 obtusum
1648 567 1662 616 ;
1697 566 1760 606 ac
1815 552 2057 621 denique

466 649 638 719 ipsius
669 662 990 717 compagem
1025 655 1080 702 et
1107 647 1553 711 consistentiam,
1583 658 1712 698 num
1743 658 1918 714 aquca
1963 644 2059 710 sit,

463 753 530 790 an
582 744 783 803 terrea,
823 735 928 790 hoc
959 743 1044 790 est
1073 733 1316 800 humida,
1347 733 1631 790 autsicca.

533 915 691 971 δοίης
723 917 878 969 homo
899 925 949 968 ει
991 915 1152 968 simia
1186 931 1338 968 aures
1377 930 1479 967 non
1509 923 1730 968 movent.
1768 945 1833 954 —
1856 913 2061 967 SCCHH'

462 1007 564 1063 dus
596 1021 800 1062 sensus
861 1015 945 1060 cst
990 1005 1238 1072 auditus,
1267 1020 1378 1076 quo
1413 1019 1581 1060 voces
1628 1018 1692 1059 ac
1727 1004 1850 1060 soni
1882 1004 2060 1073 perci-

462 1102 712 1171 piuntur.
742 1099 841 1154 llic
865 1109 1047 1153 autem
1073 1115 1272 1155 sensus
1291 1099 1566 1170 dignescit
1585 1113 1776 1153 eorum
1804 1111 2057 1160 acumen,

461 1198 514 1244 et
548 1189 896 1259 gravitatem,
942 1190 1258 1252 laevitatem,
1295 1197 1349 1243 et
1380 1189 1755 1258 asperitatem,
1788 1196 1842 1242 et
1871 1187 2058 1240 altitu-

461 1282 670 1336 dinem.
703 1281 878 1351 Ipsius
930 1296 1136 1348 organa
1183 1291 1315 1335 sunt
1350 1281 1499 1334 nervi
1546 1280 1742 1334 molles
1767 1294 1798 1334 e
1829 1277 2058 1333 cerebro

460 1373 635 1438 ducti,
667 1382 831 1442 atque
875 1374 1089 1424 aurium
1129 1379 1433 1425 structura.
1491 1369 1666 1424 Porro
1695 1384 1760 1424 ex
1799 1368 2056 1422 omnibus

461 1462 853 1529 animantibus,
889 1460 1042 1515 solus
1073 1460 1262 1528 homo,
1295 1469 1349 1516 et
1381 1459 1542 1514 simia
1575 1473 1741 1514 aures
1789 1472 1901 1512 non
1939 1470 2057 1510 mo-

460 1566 610 1611 vent.

529 1647 746 1704 Tertius
765 1661 962 1702 sensus
992 1655 1078 1701 est
1104 1644 1341 1700 olfactus
1371 1661 1386 1710 ;
1419 1644 1513 1714 qui
1557 1643 1783 1713 quidem
1818 1642 2048 1699 naribus

2169 462 2261 515 καὶ
2289 461 2564 534 διάστημα
2607 465 2670 516 τὸ
2709 465 2937 534 μεταξὺ,
2969 465 3062 519 καὶ
3111 467 3204 520 τὸν
3243 467 3497 537 ἀριθμὸν,
3531 468 3730 539 κίνησίν

2165 570 2247 617 τε,
2271 555 2363 606 καὶ
2398 556 2614 619 στάσιν,
2651 557 2830 610 καὶτὸ
2850 557 3048 628 τραχὺ,
3082 559 3177 611 καὶ
3206 558 3366 623 λεῖον,
3401 559 3496 611 καὶ
3519 559 3729 630 ὁμαλὸν,

2165 647 2260 700 καὶ
2292 648 2599 718 ἀνώμαλον.
2639 651 2735 704 καὶ
2781 651 2842 703 τὸ
2887 651 3002 716 ὀξὺ,
3035 652 3127 705 καὶ
3161 652 3224 704 τὸ
3253 651 3460 722 ἀμϐλὺ,
3501 654 3596 707 καὶ
3643 654 3730 723 τὴν

2166 731 2448 795 σύστασιν,
2499 736 2609 786 εἴτε
2653 734 2928 806 ὑδατώδης
2979 736 3146 803 ἐστὶν,
3200 737 3232 808 ἢ
3280 736 3527 808 γεώδης,
3577 739 3732 809 ἥγουν

2167 823 2330 894 ὑγρὰ,
2354 824 2385 892 ἦ
2413 825 2575 895 ξηρά.

2233 917 2474 986 Δευτέρα
2507 917 2761 988 αἴσθησίς
2819 921 2968 971 ἐστιν
3004 920 3163 988 ἀκοὴ,
3221 919 3332 972 τῶν
3382 919 3596 987 φωνῶν,
3646 920 3732 972 καὶ

2160 1009 2269 1062 τῶν
2297 1009 2484 1077 ψόφων
2517 1005 2656 1065 οὖσα
2695 1011 3011 1083 αἰσθητικὴ.
3059 1011 3426 1080 Διαγινώσκει
3461 1012 3520 1064 δὲ
3563 1011 3733 1065 αὐτῶν

2159 1098 2258 1166 τὴν
2289 1095 2546 1168 ὀξύτητα,
2588 1100 2683 1153 καὶ
2733 1101 2834 1170 τὴν
2867 1101 3172 1172 βαρύτητα,
3217 1101 3474 1171 λειότ-ητὰ
3517 1118 3598 1166 τε,
3647 1104 3734 1155 καὶ

2164 1189 2416 1259 μέγεθος.
2446 1191 2691 1262 Ὄργανα
2719 1191 2775 1244 δὲ
2795 1192 2985 1262 αὐτῆς,
3019 1194 3085 1247 τὰ
3116 1193 3287 1263 νεῦρα
3320 1194 3415 1246 τοῦ
3440 1193 3734 1264 ἐγκεφάλου

2159 1280 2228 1332 τὰ
2280 1281 2519 1350 μαλακὰ,
2553 1283 2648 1336 κα)⁵
2679 1283 2786 1336 τῶν
2816 1282 2971 1336 ὢτων
3018 1286 3051 1354 ἠ
3102 1286 3453 1354 κατασκευή·
3493 1285 3651 1357 μόνος
3680 1286 3734 1341 δὲ

2155 1369 2444 1444 ἄνθρωπος
2471 1375 2567 1426 καὶ
2597 1374 2829 1448 πίθηκος
2863 1378 2924 1430 οὐ
2949 1374 3160 1430 κινοῦσι
3189 1381 3255 1431 τὰ
3279 1367 3419 1436 ὦτα,
3577 1387 3636 1430 0'-

2227 1647 2397 1720 Τρίτη
2435 1639 2712 1714 αἴσθησις,
2761 1639 3061 1715 ὄσφρησις·
3113 1639 3236 1714 ἥτις
3281 1643 3490 1712 γίνεται
3527 1644 3624 1714 μὲν
3653 1641 3735 1698 διὰ

464 1737 624 1810 184
663 1751 894 1808 vapores
937 1736 1004 1791 ad
1035 1735 1328 1790 cerebrum
1379 1733 1758 1788 deferentibus
1797 1731 2048 1800 edicitur,

2161 1738 2261 1792 τῶν
2276 1715 2455 1809 ρινῶν
2490 1737 2934 1806 ἀναπεμπουσῶν
2961 1739 3086 1800 τοὺς
3103 1735 3312 1807 ἀτμοὺς
3340 1737 3434 1789 ἐπὶ
3462 1735 3554 1789 τὸν
3585 1737 3740 1806 ἐγκέ-

459 1840 515 1887 et
551 1831 621 1885 ad
667 1838 947 1887 extremas
980 1829 1319 1882 anteriorum
1369 1825 1583 1881 cerebri
1621 1825 2051 1880 ventriculorum

460 1931 634 1976 metas
671 1921 1014 1974 terminatur.
1061 1915 1306 1986 Vapores
1340 1923 1523 1970 autem
1572 1915 1759 1981 sentit,
1788 1923 1844 1970 et
1874 1914 2053 1985 perci-

460 2012 538 2082 pit
576 2010 834 2066 olfactus.
889 2007 1165 2078 Vaporum
1207 2022 1372 2078 porro
1430 2007 1536 2061 hoc
1573 2007 2051 2076 generalissimum

458 2103 759 2160 discrimen
797 2111 903 2168 est,
929 2111 988 2156 ut
1033 2101 1173 2157 alios
1209 2115 1429 2165 suaves,
1469 2099 1608 2154 alios
1650 2099 1872 2163 fetidos,
1914 2097 2052 2152 alios

458 2196 696 2266 denique
723 2209 826 2250 nec
851 2208 1196 2260 suaves,‘nec
1223 2192 1481 2247 insuaves
1503 2207 1627 2246 esse
1656 2189 2048 2260 intelligamus.

457 2287 546 2346 Fit
575 2297 756 2342 autem
782 2287 918 2341 odor
945 2287 1155 2350 suavis,
1175 2299 1298 2340 cum
1322 2283 1582 2338 humores
1607 2283 1698 2353 qui
1727 2280 2052 2350 corporibus

458 2382 669 2443 insunt,
706 2379 876 2450 probe
903 2377 1112 2434 fuerint
1145 2378 1378 2432 excocti.
1409 2374 1568 2442 Quod
1599 2376 1648 2430 si
1697 2371 2052 2428 mediocriter

457 2475 728 2528 duntaxat
759 2473 901 2526 cocti
926 2473 1061 2539 sint,
1093 2470 1272 2525 media
1306 2483 1528 2540 quoque
1567 2467 1673 2522 erit
1697 2481 1887 2522 eorum
1931 2465 2050 2520 dis—

457 2568 683 2638 positio.
733 2567 829 2620 Sin
868 2578 1048 2620 autetn
1113 2562 1258 2618 infra
1311 2561 1774 2622 mediocritatem,
1809 2569 1905 2612 aut
1941 2559 2051 2612 ulla

457 2659 684 2713 omnino
706 2657 888 2712 coctio
927 2655 1226 2720 exstiterit,
1261 2652 1460 2709 fetidus
1485 2653 1623 2707 odor
1650 2649 1942 2704 amabitur.

527 2748 774 2814 Quartus
810 2761 1006 2803 sensus
1054 2753 1140 2801 est
1171 2752 1386 2816 gustus,
1427 2758 1538 2812 quo
1593 2755 1822 2811 sapores
1880 2739 2052 2809 perci-

459 2840 708 2908 piuntur,
741 2840 857 2893 sive
894 2837 1228 2892 sentiuntur.
1265 2833 1439 2904 llujns
1479 2848 1686 2904 organa
1749 2839 1903 2893 sunt,
1947 2832 2049 2884 lin-

457 2945 584 2998 gua,
621 2937 677 2984 et
719 2931 1020 2998 praascrtim
1055 2936 1300 2983 extrema
1329 2927 1501 2995 ipsius
1539 2940 1667 2995 pars
1701 2925 1818 2979 sive
1840 2925 2046 2992 cuspis,

2156 1823 2353 1894 φαλον·
2392 1824 2713 1894 περαίνεται
2741 1823 2798 1877 δὲ
2823 1825 2902 1888 εἰς
2927 1824 2995 1878 τὰ
3016 1824 3231 1904 πέρατα
3260 1824 3367 1877 τῶν
3392 1825 3737 1896 ἐμπροσθίων

2158 1914 2377 1968 κοιλιῶν
2407 1916 2501 1968 τοῦ
2529 1915 2856 1983 ἐγκεφάλου.
2880 1916 3036 1968 Ἔστι
3071 1915 3129 1968 δὲ
3160 1913 3482 1986 αἰσθητικὴ,
3523 1916 3737 1983 ἀντιλη-

2155 2007 2324 2077 πτικὴ
2348 2006 2458 2059 τῶν
2486 2006 2677 2077 ἀτμῶν
2701 2023 2717 2039 ·
2743 2006 2854 2059 τῶν
2881 2007 2939 2060 δὲ
2970 2007 3163 2077 ἀτμῶν
3187 2008 3221 2078 ἠ
3255 2008 3595 2078 γενικωτὰτη
3625 2007 3740 2062 δια-

2153 2099 2297 2170 φορά
2325 2100 2476 2152 ἐστιν
2501 2099 2702 2152 εὐωδία
2725 2099 2820 2153 καὶ
2846 2099 3102 2162 δυσωδία,
3125 2099 3222 2152 καὶ
3237 2098 3298 2151 τὸ
3329 2099 3495 2168 μέσον
3514 2100 3736 2168 τούτων,

2152 2189 2182 2244 ὃ
2213 2191 2351 2262 μήτε
2379 2190 2582 2254 εὐῶδές
2608 2191 2745 2256 ἐστι,
2770 2192 2910 2261 μήτε
2936 2189 3198 2254 δυσῶδες.
3218 2190 3437 2243 Γίνεται
3458 2190 3514 2243 δὲ
3544 2191 3738 2244 εὐωδία

2151 2283 2261 2336 τῶν
2288 2283 2473 2355 ὑγρῶν
2517 2283 2626 2337 τῶν
2664 2285 2722 2336 ἐν
2774 2284 2889 2346 τοῖς
2926 2283 3176 2353 σώμασιν
3219 2283 3468 2354 ἀκριϐῶς
3506 2283 3739 2351 πεφθέν-

2153 2393 2280 2429 των.
2313 2377 2514 2439 Iit-56m;
2543 2375 2602 2429 δὲ
2636 2376 2779 2446 μέση
2823 2375 3086 2440 διάθεσις.
3123 2376 3571 2449 Καταδεέστερον
3595 2377 3672 2446 δὲ,
3703 2375 3740 2448 ἦ

2156 2468 2294 2540 μηδὲ
2327 2469 2464 2533 ὅλως
2491 2470 2834 2539 πεφθέντων,
2861 2471 2895 2541 ἠ
2923 2469 3160 2523 δυσωδία
3186 2470 3420 2539 γίνεται.

2223 2745 2474 2815 Τετάρτη
2519 2741 2796 2813 αἴσθησις,
2834 2741 2867 2812 ἠ
2903 2739 3126 2810 γεῦσις·
3159 2739 3277 2793 ἑστι
3310 2738 3367 2792 δὲ
3399 2738 3511 2793 τῶν
3550 2739 3743 2810 χυμῶν

2152 2836 2540 2908 ἀντιληπτικὴ,
2571 2833 2739 2905 ἦγουν
2792 2833 3110 2903 αἰσθητικὴ.
3143 2829 3398 2904 Ὄργανα
3444 2832 3503 2885 δὲ
3546 2833 3740 2903 αὐτῆς,

2151 2930 2184 3000 ὴ
2243 2928 2486 2997 γλῶσσα,
2544 2927 2660 2980 καῖ
2701 2925 2909 2996 ταύτης
2971 2924 3133 2977 πλέον
3184 2923 3246 2976 τὸ
3303 2923 3506 2994 ἄκρον,
3563 2927 3658 2978 καὶ
3707 2927 3742 2997 ἠ

456 3031 511 3078 ct
551 3022 793 3091 palatum
816 3020 983 3091 (quod
1005 3019 1253 3074 nonnulli
1273 3018 1464 3075 Graece
1483 3026 1679 3074 vocant
1700 3019 2044 3090 οὐράνίσκον,

2161 3019 2400 3091 ὓπερῲα,
2429 3019 2495 3090 ἢν
2534 3017 2762 3072 καλοῦσί
2813 3035 2958 3081 τινες
3004 3017 3366 3089 οὐρανίσκον·
3403 3019 3462 3069 ὲν
3510 3013 3592 3082 οἷς
3625 3020 3743 3071 ἐστι

456 3113 624 3170 veluti
658 3112 1002 3174 cwliculum)
1050 3111 1108 3165 in
1155 3111 1356 3180 quibus
1393 3109 1548 3165 nervi
1597 3110 1677 3163 illi
1735 3111 2044 3179 exporrecti

455 3209 608 3265 sunt,
641 3198 733 3268 qui
785 3213 815 3252 a
847 3199 1078 3253 cerebro
1111 3197 1460 3261 deteruntur,
1499 3198 1751 3267 partique
1785 3197 1866 3250 illi
1923 3197 2045 3250 ani-

457 3307 579 3357 ma,
613 3305 734 3361 qua:
756 3291 1316 3362 principatumtenet,
1349 3290 1478 3360 quid
1503 3299 1822 3360 perceptum
1853 3291 2044 3354 fuerit,

454 3385 653 3454 quisve
679 3397 882 3438 sensus
907 3382 1208 3449 exstiterit,
1247 3380 1493 3436 referunt
1526 3382 1595 3437 ".
1642 3380 1762 3436 Jam
1791 3397 1923 3436 vero
1955 3398 2046 3438 sa-

455 3488 651 3547 porum
699 3475 1021 3547 qualitates,
1069 3490 1192 3544 quae
1221 3474 1526 3544 gustabiles
1559 3474 1927 3544 appellantur,
1968 3475 2048 3527 Ine

454 3575 584 3625 sunt
625 3567 882 3633 dulcedo,
926 3567 1256 3632 acrimonia,
1306 3565 1569 3630 aciditas,
1617 3567 1912 3630 acerbitas,
1951 3583 2048 3621 au-

455 3664 701 3721 steritas.
745 3661 1082 3726 amaritudo,
1119 3659 1362 3729 salsedo,
1389 3659 1690 3730 pinguedo,
1729 3661 2042 3713 visi-ositas.

455 3755 581 3810 Istae
610 3754 881 3824 siquidem
921 3754 1227 3824 qualitates
1279 3761 1444 3821 gustu
1479 3753 1904 3822 dignoscuntur.
1951 3753 2048 3805 Ast

455 3861 616 3918 aqua,
636 3843 991 3916 quantum'ad
1025 3845 1146 3900 illas
1174 3844 1491 3914 qualitates,
1521 3842 1736 3912 saporis
1758 3842 1937 3896 omnis
1956 3858 2050 3895 ex-

458 3953 583 4008 pers
605 3945 690 3992 est
716 3955 732 3991 :
762 3936 965 3990 nullam
1003 3937 1150 3990 enim
1183 3935 1508 4006 qualitatum
1539 3934 1724 3989 habet.
1765 3933 2047 3988 Acerbitas

457 4035 638 4083 autem
681 4027 820 4082 nihil
868 4025 1016 4082 aliud
1067 4036 1175 4091 est,
1237 4026 1344 4081 nisi
1378 4025 1647 4079 intensior
1697 4021 1949 4094 qua-dam
1995 4029 2048 4077 et

457 4119 772 4177 redundans
802 4119 1096 4174 acerbitas.

527 4214 764 4279 Quintus
792 4227 992 4266 sensus
1017 4219 1197 4262 tactus
1225 4214 1332 4267 est,
1365 4205 1460 4276 qui
1484 4206 1652 4261 etiam
1681 4207 1900 4262 cunctis
1928 4207 2049 4260 ani-

459 4306 738 4360 mantibus
783 4301 1098 4355 communis
1157 4309 1240 4352 est
1299 4298 1368 4351 ⁸⁸.
1435 4296 1667 4353 Exsistit
1709 4311 1892 4354 autem
1934 4299 2048 4363 ille,

2149 3114 2218 3166 τὰ
2247 3112 2305 3178 ἐξ
2353 3111 2662 3180 ἐγκεφάλου
2713 3109 2996 3181 φερόμενα
3045 3108 3237 3179 νεῦρα,
3279 3107 3739 3179 πεπλατυσμένα,

2152 3205 2246 3258 καὶ
2297 3202 2712 3272 ἀπαγγέλλοντα
2777 3201 2856 3271 τῷ
2908 3200 3224 3271 ἡγεμονικῷ
3273 3201 3372 3272 τὴν
3436 3199 3742 3272 γενομένην

2149 3293 2460 3363 ἀντίληψιν,
2495 3293 2662 3362 ἧγουν
2705 3291 2980 3362 αἴσθησιν.
3013 3291 3078 3343 Δί
3120 3290 3178 3344 δὲ
3225 3287 3557 3362 καλούμεναι
3611 3307 3744 3359 γευο

2151 3385 2334 3438 στικαὶ
2361 3385 2649 3455 ποιότητες
2670 3382 2778 3435 τῶν
2807 3381 3022 3453 χυμῶν,
3047 3382 3188 3436 είσὶν
3217 3376 3405 3436 αὗται·
3435 3381 3738 3452 γλυκύτης,

2147 3475 2435 3548 δριμύτης,
2471 3474 2694 3545 ὀξύτης,
2734 3473 3102 3545 στρυφνότης,
3139 3473 3507 3544 αὐστηρότης,
3542 3475 3744 3544 πικρό-

2147 3586 2268 3640 της,
2290 3569 2629 3638 ἁλμυρότης,
2648 3566 2976 3637 λιπαρότης,
3012 3565 3362 3637 γλισχρότης.
3393 3564 3744 3637 Τούτωνζγάρ

2149 3661 2352 3730 ἐστινὴ
2383 3659 2574 3728 γεῦσις
2607 3659 3008 3728 διαγνωστικὴ⁹
3043 3657 3104 3710 τὸ
3138 3657 3196 3711 δὲ
3225 3657 3370 3727 ὕδωρ
3400 3656 3593 3712 ἄποιόν
3624 3659 3744 3710 ἐστι

2150 3752 2290 3805 κατὰ
2318 3750 2523 3814 ταύτας
2573 3749 2673 3814 τὰς
2723 3751 3057 3821 ποιότητας·
3109 3749 3368 3820 οὐδεμίαν
3402 3749 3511 3819 γὰρ
3555 3749 3744 3803 αὐτῶν

2149 3843 2286 3914 ἔχει.
2324 3843 2389 3896 Ἡ
2435 3843 2494 3896 δὲ
2546 3844 2912 3913 στρυφνότης,
2958 3841 3213 3904 ἐπίτασις
3252 3841 3348 3896 καὶ
3395 3840 3744 3912 πλεονασμός

2149 3943 2266 3996 ἐστι
2295 3942 2394 4013 τῆς
2423 3940 2853 4012 αὐστηρότητος.

2226 4207 2459 4277 [Ιέμπτη
2487 4204 2740 4274 αἴσθησίς
2767 4206 2914 4257 ἐστιν
2946 4205 2980 4275 ἡ
3012 4203 3144 4275 ἁφὴ,
3169 4204 3292 4274 ἥτις
3323 4203 3418 4256 καὶ
3441 4205 3600 4274 κοινή
3621 4205 3746 4258 ἐστι

2151 4299 2370 4351 πάντων
2402 4297 2512 4350 τῶν
2558 4297 2749 4360 ζώων·
2783 4297 2904 4366 ἥτις
2939 4296 3150 4364 γίνεται
3187 4296 3251 4349 ὲκ
3282 4295 3378 4348 τοῦ
3426 4297 3746 4363 ἐγκεφάλου

457 4413 622 4469 opera
673 4409 967 4448 nervorum
1000 4408 1031 4448 e
1063 4392 1292 4448 cerebro
1343 4389 1399 4444 in
1459 4389 1776 4445 universum
1838 4405 2043 4460 corpus

2161 4389 2520 4460 πεμπομένων
2565 4388 2674 4441 τῶν
2727 4388 2934 4456 νεύρων
2981 4391 3062 4452 εἰς
3116 4387 3238 4442 ὅλον
3281 4388 3342 4441 τὸ
3395 4387 3580 4458 σῶμα.
3650 4389 3750 4441 Διὸ

457 4491 779 4546 etrusorum.
813 4486 891 4541 Ex
923 4501 1033 4554 quo
1069 4483 1126 4537 lit
1174 4493 1232 4537 ut
1261 4491 1432 4537 totum
1462 4496 1688 4550 corpus,
1724 4489 1888 4550 atque
1904 4480 2043 4535 adeo

461 4581 669 4652 reliqua
718 4576 991 4634 sentiendi
1025 4590 1255 4646 organa,
1307 4590 1530 4629 sensum
1563 4581 1746 4648 tactus
1784 4574 2040 4629 habeant.

460 4671 646 4727 Tactui
679 4683 845 4738 porro
891 4668 1130 4723 subsunt
1175 4665 1416 4720 calidum
1479 4671 1536 4719 et
1567 4662 1849 4734 frigidum,
1883 4665 2047 4719 molle

459 4772 516 4819 et
568 4763 791 4824 durum,
849 4770 1038 4824 tenax,
1083 4755 1345 4825 rigidum,
1417 4770 1580 4826 grave
1631 4764 1689 4809 et
1732 4756 1868 4812 leve.
1919 4754 2049 4809 llaec

457 4852 603 4908 enim
646 4853 766 4907 solo
795 4856 940 4904 tactu
983 4854 1420 4917 cognoscuntur.
1478 4843 1618 4899 Sunt
1649 4855 1832 4901 autem
1880 4845 2054 4900 tactui

457 4950 513 4997 et
529 4942 668 4998 visui
689 4939 1025 5003 communia,
1051 4951 1306 5007 asperum
1334 4943 1390 4990 et
1426 4935 1593 5002 keve;
1624 4937 1831 4991 sierum
1865 4947 1920 4992 et
1950 4937 2050 4992 hu-

461 5033 667 5090 midum
698 5051 710 5094 ;
748 5045 998 5086 crassum
1030 5036 1087 5084 et
1127 5039 1314 5093 tenue,
1373 5043 1597 5084 sursum
1635 5043 1698 5082 ac
1749 5029 2046 5095 deorsum;

461 5128 612 5184 locus
645 5139 864 5197 quoque
897 5139 962 5178 ac
995 5119 1308 5192 magnitudo
1352 5119 1445 5192 (si
1482 5119 1699 5190 quidem
1755 5129 1908 5176 tanta
1953 5121 2046 5187 sit,

2147 4483 2240 4538 καὶ
2296 4481 2416 4536 ὅλον
2473 4481 2535 4534 τὸ
2595 4480 2777 4550 σῶμα,
2837 4479 2972 4533 ἀλλὰ
2999 4480 3136 4549 ξκαὶ
3169 4479 3278 4538 ,τὰ
3347 4478 3484 4532 ἄλλα
3550 4478 3752 4549 αἰσθη-

2145 4579 2333 4649 τήρια,
2367 4575 2466 4647 τὴν
2502 4575 2601 4646 τῆς
2627 4575 2772 4644 ἁφῆς
2797 4573 3014 4646 ἔχουσιν
3043 4574 3296 4643 αἴσθησιν
3317 4590 3330 4604 ·
3367 4571 3693 4625 ὑπόκεινται
3719 4572 3750 4611 ιι

2145 4670 2202 4722 δὲ
2233 4670 2298 4738 τῇ
2339 4669 2450 4738 ἁφῇ
2475 4666 2537 4719 τὺ
2567 4665 2769 4736 θερμὸν
2797 4665 2895 4719 κα1⁵
2921 4665 3160 4737 ψυχρόν·
3186 4665 3248 4718 τό
3276 4681 3335 4716 τε
3365 4663 3617 4734 μαλακὸν
3648 4666 3754 4718 καὶ

2154 4757 2413 4828 σκληρὸν,
2445 4755 2540 4808 καὶ
2568 4755 2827 4826 γλισχρὸν
2855 4755 2952 4809 καὶ
2999 4756 3241 4826 κραυρδν
3267 4766 3316 4820 α,
3364 4755 3505 4826 βαρύ
3549 4772 3614 4808 τε
3651 4757 3756 4808 καὶ

2156 4848 2393 4916 κοῦφον·
2453 4847 2542 4900 διὰ
2589 4847 2759 4918 μόνης
2808 4847 2918 4919 γὰρ
2969 4849 3113 4918 ἁφῆς
3151 4848 3328 4902 ταῦτα
3373 4846 3754 4919 γνωρίζεται·

2161 4941 2315 4994 κοινὰ
2347 4939 2404 4993 δὲ
2430 4939 2575 5010 ἁφῆς
2615 4942 2708 4994 καὶ
2726 4941 2922 5010 ὅψεως,
2948 4941 3009 4993 τό
3033 4958 3093 4994 τε
3133 4941 3331 5011 τραχὺ,
3360 4939 3456 4993 καὶ
3488 4939 3659 5004 λεῖον,
3693 4943 3760 4994 τό

2155 5049 2213 5084 τε
2246 5031 2410 5104 ξηρὸν
2434 5033 2529 5085 καὶ
2569 5033 2756 5102 ὑγρὸν,
2784 5033 2933 5103 παχύ
2960 5049 3016 5086 τε
3043 5035 3137 5085 καὶ
3158 5031 3379 5096 λεπτὸν,
3414 5030 3530 5084 ἄνω
3560 5048 3624 5084 τε
3651 5033 3762 5084 καὶ

2158 5123 2331 5189 κάτω,
2370 5125 2464 5178 καὶ
2495 5127 2524 5179 ό
2563 5127 2747 5190 τόπος,
2782 5125 2876 5180 καὶ
2903 5126 2962 5180 τὸ
2996 5123 3248 5196 μέγεθος,
3275 5125 3406 5179 ὅταν
3443 5122 3532 5194 εἴη
3561 5123 3760 5176 τοιυῦο

528 5263 568 5294 τ’
613 5261 830 5319 Nemes.
861 5275 980 5332 cap.
1017 5261 1104 5318 71.
1181 5257 1226 5291 ⁸⁸
1257 5257 1475 5314 Nemes.
1507 5275 1629 5330 cap.
1661 5258 1714 5314 9.
1791 5261 1836 5292 ‘°
1865 5258 2083 5316 Nemes.
2143 5277 2267 5332 cap.
2316 5263 2368 5316 8.

1766 5421 2000 5477 νΑΙιιιΕ
2044 5422 2452 5479 LECTIONES.

536 5561 563 5604 δ
601 5559 709 5640 Reg
731 5561 1036 5640 __5,___Colb.
1160 5561 1464 5640 ὑπόκειται.
1509 5569 1553 5640 ’ἐ
1592 5557 1749 5612 Edita
1785 5559 1878 5612 καὶ
1907 5558 2072 5640 Eappa:
2097 5560 2484 5639 za‘rxpaﬁpov.
2512 5558 2587 5640 Ita
2621 5557 2776 5640 Regii
2814 5561 2967 5640 multi
2993 5568 3047 5614 ct
3079 5562 3319 5640 (Iolbcct.
3357 5563 3524 5640 abest
3551 5561 3762 5640 gap-53,

461 5636 519 5693 in
551 5628 702 5688 cod:
729 5633 789 5686 S.
832 5635 938 5687 Ilil.
992 5643 1047 5687 et
1073 5633 1256 5702 Itegiis
1292 5634 1455 5697 aliis;
1509 5631 1753 5704 itemque
1798 5631 1940 5699 apud
1980 5628 2314 5684 'Nemesiuin
2342 5647 2354 5680 ι
2381 5642 2433 5684 ct
2461 5639 2630 5704 recte.
2666 5628 2765 5685 llic
2789 5633 2937 5704 enim
2970 5647 3152 5687 sermo
3181 5643 3264 5689 cst
3285 5634 3352 5689 de
3375 5628 3767 5704 qualitatibus

451 5706 532 5769 is,
559 5716 684 5770 qua:
711 5705 828 5759 solo
857 5709 1006 5758 tactu
1034 5699 1448 5773 percipiuntur:
1476 5705 1553 5760 ait
1583 5703 1770 5755 siccum
1812 5708 1928 5757 visu
1962 5715 2179 5771 quoque
2215 5702 2590 5771 cognosritur,
2631 5709 2688 5754 ut
2723 5699 2862 5755 infra
2901 5705 3140 5758 notatur.
