3962 6300
324 437 424 502 9&1

1406 429 1505 489 DE
1542 426 1724 488 FIDE
1750 417 2225 483 ORI‘HODOXA
2266 419 2414 478 LIB.
2446 418 2529 478 II.

3495 391 3603 474 942

325 548 745 626 κίνησιςϋογος
755 545 856 616 τῆς
876 544 1075 618 ψυχῆς,
1090 545 1154 600 δι’
1179 542 1446 615 ὑπόληψιν
1464 541 1634 597 καλοῦ
1656 540 1690 611 ἢ
1716 535 1910 592 κακοῦ.

2037 550 2115 608 Vel
2138 550 2244 604 alio
2270 550 2438 605 modo
2465 567 2478 604 :
2503 548 2695 605 Passio
2727 554 2810 603 est
2836 544 3234 601 irrationabilis
3277 555 3458 600 motus
3490 545 3609 599 ani-

334 645 405 698 Ἥ
431 643 531 715 μὲν
554 634 648 695 οὖν
680 638 953 710 ὑπόληψις
981 637 1077 691 τοῦ
1107 637 1275 692 καλοῦ
1301 635 1397 707 τὴν
1422 633 1718 703 ἐπιθυμίαν
1747 630 1907 683 κινεῖ’

325 738 361 807 ἡ
388 735 446 790 δὲ
483 732 579 788 τοῦ
609 731 782 786 κακοῦ
820 729 1088 801 ὑπόληψις
1117 730 1209 783 τὸν
1259 727 1451 798 θυμόν.
1489 726 1564 778 Τὸ
1595 724 1652 778 δὲ
1676 721 1910 792 γενικὺν,

324 828 495 897 ἤγουν
519 823 698 877 κοινὸν
721 820 913 887 πάθος,
944 820 1119 884 οὕτως
1146 820 1387 892 ὁρίζεται
1406 835 1419 849 ·
1468 816 1641 880 πάθος
1680 813 1800 869 ἐστὶ
1824 811 1911 865 κί-

324 917 570 987 νησιςὲν
598 913 773 985 ἑτέρῳ
803 912 863 980 ἐξ
896 912 1111 984 ἑτέρου.
1156 911 1435 983 Ἐνέργεια
1470 909 1527 962 δέ
1546 910 1668 961 ,ἐστι
1697 905 1913 976 κίνησις

325 1008 615 1079 δραστική.
639 1004 941 1075 Δραστικὸν
996 1005 1054 1058 δὲ
1085 1004 1302 1073 λέγεται
1333 1002 1394 1056 τὸ
1418 1001 1479 1068 ἐξ
1506 998 1704 1077 ἑαυτοῦ
1730 994 1912 1051 κινού-

331 1116 493 1173 μενον
516 1116 532 1131 ο
566 1098 737 1161 οὕτως
786 1098 886 1151 xui.
924 1098 954 1150 ὁ
1006 1096 1177 1168 θυμὸς
1237 1096 1485 1167 ἐνέργεια
1532 1094 1639 1165 μέν
1672 1094 1789 1145 ἐστι
1818 1088 1914 1143 τοῦ

330 1189 668 1261 θυμοειδοῦς,
698 1188 873 1254 πάθος
898 1189 977 1256 δὲ,
1004 1188 1113 1242 τῶν
1144 1189 1238 1242 δύο
1259 1188 1441 1259 μερῶν
1466 1188 1565 1259 τῆς
1586 1184 1788 1257 ψυχῆς,
1820 1184 1915 1237 καὶ

332 1283 556 1353 προσέτι
580 1281 782 1345 παντὸς
809 1279 903 1335 τοῦ
934 1280 1208 1352 σώματος,
1238 1282 1365 1334 ὅταν
1390 1280 1496 1333 ὑπὸ
1521 1277 1695 1349 θυμοῦ
1726 1276 1915 1346 βιαίως

324 1376 531 1446 ἄγηται
579 1376 718 1446 πρὸς
740 1374 840 1437 τὰς
881 1372 1126 1444 πράξεις.
1164 1371 1254 1436 Ἐξ
1296 1371 1481 1441 ἐτέρου
1515 1370 1624 1440 γὰρ
1657 1370 1715 1423 ὲν
1740 1368 1915 1438 ἑτέρῳ

331 1469 554 1538 γέγονεν
573 1469 607 1537 ἡ
630 1466 864 1537 κίνησις,
886 1465 1024 1534 ὅπερ
1048 1463 1271 1532 λέγεται
1309 1460 1502 1524 πάθος.

403 1559 514 1612 Καὶ
541 1558 663 1611 καθ’
692 1558 879 1625 ἕτερον
905 1557 963 1609 δὲ
1004 1556 1205 1626 τρόπον
1257 1555 1291 1624 ἡ
1331 1552 1585 1624 ἐνέργεια
1629 1550 1800 1614 πάθος
1827 1548 1917 1602 λέ-

334 1666 511 1718 γεται.
564 1649 843 1717 Ἐνέργεια
876 1648 977 1717 μὲν
1004 1647 1112 1717 γάρ
1144 1646 1262 1698 ἐστι
1321 1643 1466 1699 κατὰ
1486 1641 1657 1713 φύσιν
1678 1641 1912 1712 κίνησις,

338 1741 508 1805 πάθος
534 1741 611 1808 δὲ,
644 1742 794 1811 παρὰ
822 1739 983 1810 φύσιν
1010 1756 1023 1769 ·
1050 1738 1193 1793 κατὰ
1229 1736 1417 1791 τοῦτον
1450 1736 1548 1807 μὲν
1596 1730 1688 1788 οὖν
1711 1734 1801 1786 τὸν
1827 1732 1916 1785 λό-

335 1851 435 1905 γον
467 1835 501 1904 ἡ
529 1834 780 1903 ἐνέργεια
812 1831 984 1895 πάθος
1024 1830 1276 1900 λέγεται,
1309 1830 1439 1883 ὅταν
1465 1829 1540 1899 μὴ
1577 1825 1917 1894 κατὰφύσιν

2012 656 2122 695 mae
2150 640 2221 693 ob
2252 639 2380 693 boni
2421 639 2506 693 vel
2565 637 2694 692 mali
2760 636 3101 707 opinionem.
3139 632 3439 688 Enimvero
3482 632 3610 698 boni

2018 730 2207 800 Opinio
2227 729 2585 799 cupiditatem
2611 737 2827 794 movet,
2856 728 2983 783 mali
3004 735 3188 783 autem
3216 727 3423 798 opinio,
3449 728 3611 782 iram.

2019 827 2089 876 At
2127 837 2259 878 vero
2282 821 2337 876 in
2377 834 2577 893 genere
2605 828 2661 875 et
2686 821 3055 876 communiter
3086 820 3274 888 passio
3304 821 3386 874 sic
3415 819 3609 874 delini-

2012 922 2110 970 tur
2144 931 2159 969 :
2190 913 2383 970 Passio
2421 922 2507 968 est
2530 919 2720 968 motus
2746 928 2812 968 ex
2845 913 2954 967 alio
2988 912 3042 966 in
3239 912 3399 967 Actio
3431 920 3610 966 autem

2018 1013 2104 1062 est
2132 1016 2315 1062 motus
2344 1004 2553 1061 emeax.
2578 1002 2785 1059 Etlieax
2814 1019 2979 1075 porro
2998 1005 3224 1072 dicitur,
3252 1005 3398 1076 quod
3433 1020 3499 1059 ex
3524 1019 3615 1059 se—

2012 1098 2139 1169 ?ipso
2164 1108 2434 1154 movetur.
2472 1096 2571 1152 Sic
2602 1096 2861 1152 nimirum
2906 1098 3009 1163 ira,
3060 1098 3203 1154 actio
3232 1097 3489 1168 quaedam
3529 1104 3617 1151 est

2019 1190 2193 1261 partis
2214 1189 2541 1254 irascentis,
2580 1189 2768 1261 passio
2808 1198 2989 1246 autem
3022 1201 3127 1257 est,
3168 1192 3458 1260 utriusque
3491 1191 3614 1243 ani-

2022 1297 2125 1339 mm
2163 1283 2355 1353 partis,
2413 1284 2694 1355 totiusque
2734 1286 3008 1356 corporis,
3036 1300 3162 1339 cum
3222 1284 3289 1339 ad
3345 1285 3613 1355 agendum

2022 1376 2091 1431 ab
2116 1376 2198 1430 ira
2234 1390 2332 1446 per
2360 1374 2469 1431 vim
2499 1376 2756 1432 trahitur.
2790 1376 2945 1431 Tunc
2975 1377 3119 1431 enim
3150 1390 3217 1431 ex
3268 1375 3377 1430 alio
3411 1376 3467 1429 in
3510 1376 3617 1430 alio

2023 1472 2208 1519 motus
2248 1465 2346 1529 lit;
2379 1464 2432 1518 id
2465 1464 2613 1535 quod
2645 1467 2830 1535 passio
2854 1475 3234 1535 nuncupatur.

2130 1556 2286 1611 Idem
2316 1566 2492 1611 motus
2514 1566 2582 1609 ut
2607 1557 2788 1627 passio
2815 1566 2864 1611 et
2892 1560 3054 1611 actio.
3079 1558 3311 1623 -ιρυίη
3348 1557 3453 1612 alio
3483 1573 3620 1627 quo-

2022 1661 2130 1716 que
2152 1646 2315 1701 modo
2346 1647 2495 1702 actio
2513 1647 2718 1701 dicitur
2742 1648 2953 1718 passio.
2979 1648 3140 1703 Aetio
3160 1648 3308 1702 enim
3333 1658 3514 1701 motus
3538 1657 3621 1702 cst

2024 1750 2234 1797 naturae
2278 1747 2717 1805 consentaneus;
2751 1742 2958 1809 passio,
3006 1747 3189 1795 motus
3228 1748 3425 1809 praeter
3459 1750 3618 1793 natu-

2022 1845 2163 1884 ram.
2204 1828 2331 1884 Haec
2360 1830 2528 1901 igitur
2562 1831 2774 1885 ratione
2796 1830 2943 1886 actio
2987 1830 3261 1901 passionis
3291 1846 3497 1885 nomen
3524 1831 3622 1884 ob-

335 1926 576 1998 κινῆται,
600 1924 711 1978 εἴτε
737 1925 797 1989 ἐξ
820 1923 1038 1989 ἑαυτοῦ,
1066 1923 1177 1977 εἴτε
1208 1924 1267 1990 ἐξ
1292 1922 1505 1993 ἑτέρου.
1532 1921 1645 1990 Τῆς
1667 1917 1763 1973 οὖν
1789 1935 1917 1989 καρ‹

2043 1924 2176 1988 inet,
2224 1940 2349 1979 eum
2384 1933 2546 1998 motu
2600 1932 2811 1979 naturae
2858 1926 3220 1995 repugnantis
3265 1925 3461 1988 cietur,
3503 1925 3621 1977 sive

339 2019 458 2083 δίας
501 2022 534 2091 ή
578 2020 676 2089 μὲν
720 2019 863 2073 κατὰ
902 2018 1194 2087 σφυγμοὺς
1242 2016 1457 2085 κίνησις
1512 2008 1717 2085 φυσικὴ
1759 2008 1915 2077 οὖσα,

339 2108 591 2179 ινέργειά
617 2110 767 2161 ἐστιν
793 2122 808 2137 ⁸
844 2108 878 2177 ἡ
908 2106 966 2159 δὲ
994 2106 1140 2162 κατὰ
1181 2105 1309 2166 τοὺς
1351 2105 1621 2175 παλμοὺς,
1679 2104 1920 2173 ἄμετρος

337 2197 493 2268 οὖσα,
519 2201 704 2254 καὶού
734 2199 876 2254 κατά
912 2198 1073 2270 φύσιν
1142 2197 1313 2261 πάθος
1347 2199 1482 2263 ἐστὶ,
1512 2196 1607 2251 καὶ
1632 2196 1732 2249 οὐκ
1765 2195 1919 2265 ἐνέρ⁴

338 2312 484 2366 rcta.

412 2560 489 2614 οὐ
515 2562 665 2614 πᾶσα
686 2560 742 2614 δὲ
768 2559 982 2631 κίνησις
1020 2558 1114 2613 τοῦ
1162 2558 1490 2630 παθητικοῦ,
1525 2557 1698 2622 πάθος
1740 2557 1922 2611 καλεῖ-

339 2669 453 2717 ται,
478 2651 592 2706 ἀλλ’
621 2653 677 2705 αἱ
709 2652 1092 2723 σφοδρότεραι,
1127 2653 1221 2706 καὶ
1268 2655 1350 2716 είς
1402 2652 1656 2724 αἴσθησιν
1696 2652 1924 2721 προϐαί-

343 2759 569 2797 νουσαι’
605 2745 660 2797 αί
711 2742 821 2816 γὰρ
866 2742 1082 2814 μικραὶ,
1114 2745 1210 2797 καὶ
1250 2743 1663 2813 ἀνεπαίσθητοι,
1711 2743 1923 2795 οὐδέπω

346 2832 496 2905 πάθη
528 2834 634 2887 είσί
654 2848 669 2864 ·
696 2834 777 2887 δεῖ
829 2833 940 2905 γὰρ
964 2833 1110 2905 ἔχειν
1161 2834 1221 2887 τὸ
1262 2834 1456 2900 πάθος,
1479 2834 1659 2888 καὶτὸ
1694 2834 1925 2905 μέγεθος

344 2926 641 2995 ἀξιόλογον·
665 2928 748 2981 διὸ
772 2928 1094 2999 πρόσκειται
1115 2927 1194 2998 τῷ
1229 2928 1341 2999 ὅρῳ
1370 2927 1469 2981 τοῦ
1504 2927 1733 2991 πάθους,
1767 2928 1924 2998 κίνηο

347 3035 433 3081 σις
459 3018 690 3089 αἰσθητή
710 3034 723 3049 ’
760 3019 832 3071 .αί
860 3019 972 3089 γὰρ
1003 3019 1201 3091 μικραὶ
1253 3021 1519 3089 κινήσιος,
1561 3019 1933 3074 λανθάνουσαι

344 3109 447 3179 τὴν
468 3108 741 3180 αἴσθησιν,
775 3109 835 3162 οὐ
870 3110 1086 3163 ποιοῦσι
1106 3110 1169 3162 τὸ
1201 3109 1393 3174 πάθος.

416 3372 541 3442 Χρὴ
571 3371 880 3441 γινώσκειν,
910 3373 990 3428 ὃτι
1041 3374 1075 3445 ἡ
1121 3374 1365 3451 ἡμετέρα
1404 3378 1548 3449 ψυχὴ
1580 3377 1780 3442 ,διττὰς
1806 3379 1927 3450 ἔχει

348 3466 449 3527 τὰς
476 3466 754 3537 δυνάμιις,
806 3467 907 3530 τὰς
932 3468 1033 3539 μὲν
1082 3473 1410 3539 γνωστικνάς,
1456 3473 1556 3534 τὰς
1581 3473 1639 3527 δὲ
1670 3475 1927 3538 ζωτικάς.

351 3555 463 3609 Καὶ
492 3556 788 3622 γνωστικαὶ
810 3558 1057 3626 ,μένείσι
1113 3559 1260 3628 νοῦς,
1286 3562 1522 3625 διάνοια,
1551 3562 1694 3629 δόξα,
1726 3581 1931 3631 φαντα-

354 3647 469 3711 σία,
505 3645 791 3718 αἴσθησιςο
818 3648 1049 3714 curaui
1071 3651 1152 3717 δὲ,
1172 3653 1354 3726 ,ἦγουν
1376 3656 1697 3725 apsumi,
1735 3655 1931 3727 βούλη-

355 3754 440 3800 σις
486 3739 581 3792 καὶ
627 3740 965 3814 προαίρεσις.
1004 3744 1118 3807 Ὶνα
1155 3743 1212 3799 δὲ
1244 3750 1576 3817 σαφέστερον
1619 3749 1841 3818 γένηται
1868 3747 1935 3802 τὸ

354 3828 670 3900 λεγόμενον,
722 3831 1210 3906 λεπτολογήσωμεν
1245 3838 1317 3891 τὰ
1369 3840 1496 3909 περὶ
1543 3841 1748 3894 τούτων
1772 3852 1788 3869 ⁸
1837 3840 1935 3893 καὶ

356 3919 575 3992 πρῶτον
595 3924 733 3994 »περὶ
758 3924 868 3976 τῶν
896 3927 1212 3994 γνωστικῶν
1236 3930 1504 4000 εἴπωμεν.

429 4203 565 4273 Περὶ
612 4205 711 4273 μὲν
756 4200 851 4258 οὖν
909 4212 1212 4274 φαντασίας
1245 4211 1331 4266 καὶ
1374 4211 1681 4283 αἰσθήσεως
1736 4214 1937 4279 ἱκανῶς

358 4288 459 4361 ἥδη
487 4291 545 4342 ὲν
582 4293 692 4356 τοῖς
737 4293 1188 4367 προλελεγμένοις
1218 4299 1457 4369 εἴρηται.
1486 4302 1590 4357 Διὰ
1621 4303 1938 4373 τῆςαίσθή-

360 4395 502 4443 σεως
528 4382 706 4436 τοίνυν
727 4386 786 4437 ὲν
809 4388 876 4457 τῇ
904 4386 1051 4458 ψυχῇ
1072 4388 1387 4443 συνίσταται
1413 4392 1603 4458 πάθος,
1639 4392 1667 4445 ὃ
1691 4394 1938 4451 καλεῖται

359 4472 667 4540 φαντασία*
701 4477 765 4529 ὲκ
816 4477 874 4530 δὲ
937 4480 1236 4547 φαντασίας
1289 4482 1499 4550 γίνεται
1546 4484 1691 4549 δόξα.
1729 4482 1862 4539 Εἶτα
1904 4489 1939 4557 ἡ

356 4568 566 4665 διάνοια
605 4572 942 4643 άνακρίνασα
974 4575 1072 4647 τὴν
1120 4577 1279 4644 δόξαν
1302 4619 1317 4642 ,
1368 4580 1479 4632 εἴτε
1514 4580 1719 4665 άληθής
1762 4582 1923 4647 ἐστιν1

2042 4574 2263 4628 nionem
2314 4572 2652 4643 expendens,
2708 4585 2908 4626 verane
2961 4571 3052 4635 sit,
3107 4585 3175 4624 an
3244 4569 3382 4625 falsa
3438 4586 3453 4623 :

356 4660 471 4713 εἴτε
499 4660 717 4733 ψευδὴς,
756 4664 929 4734 κρίνει
962 4666 1028 4718 τὸ
1071 4667 1270 4738 ἀληθές
1293 4685 1306 4700 ο
1342 4669 1463 4723 ὅθεν
1487 4660 1582 4723 καὶ
1616 4672 1822 4726 διάνοια
1849 4674 1937 4726 λέ-

357 4768 516 4818 γεται
569 4754 678 4806 ἀπὸ
708 4754 805 4808 τοῦ
844 4756 1073 4811 διανοεῖν
1111 4761 1204 4813 καὶ
1232 4761 1549 4834 διακρίνειν.
1585 4762 1659 4815 Τὸ
1687 4759 1777 4815 οὖν
1816 4780 1940 4835 κρι-

356 4843 451 4896 θὲν
486 4844 620 4914 (85),
652 4846 743 4899 καὶ
774 4848 988 4918 ὁρισθὲν
1016 4850 1234 4921 ἀληθὲς,
1278 4853 1401 4915 νοῦς
1429 4853 1666 4922 λέγεται.

440 5105 735 5173 arma:
766 5111 782 5151 ί
808 5127 822 5144 ο
848 5111 973 5182 Χρὴ
1007 5111 1317 5180 γινώσκειν,
1338 5113 1421 5167 ὅτι
1443 5114 1477 5184 ἠ
1507 5115 1606 5185 μὲν
1628 5115 1821 5186 πρώτη
1850 5116 1945 5169 τοῦ

432 5288 478 5319 ⁷³
504 5286 643 5342 Max.
664 5287 832 5361 epist.
862 5287 885 5341 1
933 5288 1002 5366 ας
1032 5287 1237 5345 Mariti.

2020 2016 2146 2087 quis
2172 2030 2238 2071 ex
2283 2016 2467 2086 seipse
2495 1996 2805 2085 moveatur,
2864 2019 2981 2075 sire
3021 2026 3173 2072 motu
3224 2017 3494 2087 impresso
3551 2015 3621 2069 ab

2021 2109 2243 2169 aliorAt
2266 2108 2498 2179 proinde
2523 2110 2707 2167 cordis
2741 2117 2944 2174 motus,
2975 2123 3087 2179 quo
3130 2110 3345 2163 arteriae
3389 2108 3621 2178 pulsan-

2024 2208 2135 2264 tur,
2166 2199 2437 2255 naturalis
2457 2214 2582 2253 cum
2615 2200 2706 2268 sit,
2740 2201 2886 2255 actio
2915 2200 3082 2255 etiam
3114 2206 3199 2255 est
3231 2218 3243 2253 :
3274 2199 3367 2269 qni
3403 2212 3532 2254 vero
3554 2213 3622 2253 ex

2023 2288 2474 2360 palpitationibus
2498 2289 2696 2356 oritur,
2721 2290 2850 2359 quia
2882 2291 3105 2344 modum
3136 2290 3372 2354 excedit,
3410 2304 3509 2344 nec
3540 2295 3623 2343 est

2025 2390 2233 2436 natura:
2278 2391 2723 2445 consentaneus,
2791 2383 2974 2452 passio
3087 2383 3277 2453 utique
3330 2390 3467 2447 est,
3512 2396 3621 2433 non

2023 2477 2187 2531 actio.

2092 2565 2203 2621 Nec
2217 2581 2349 2623 vero
2374 2574 2553 2623 motus
2583 2580 2796 2633 omnes,
2814 2565 2982 2636 quiin
3013 2565 3224 2636 patibili
3249 2566 3447 2619 anima:
3470 2574 3625 2635 parte

2022 2661 2349 2724 excitantur,
2368 2660 2657 2731 passiones
2671 2668 2963 2713 vocantur:
2982 2672 3167 2713 verum
3183 2657 3621 2727 iidnntaxat,qui

2026 2751 2471 2805 vehementiores
2498 2761 2651 2812 sunt,
2674 2758 2845 2819 atque
2868 2749 2936 2804 ad
2966 2764 3191 2804 sensum
3227 2764 3400 2818 usque
3428 2764 3622 2818 perve-

2027 2842 2209 2895 niunt.
2242 2840 2411 2901 Leves
2438 2842 2585 2895 enim
2629 2841 3033 2910 motus,etqui
3084 2855 3249 2895 sensu
3293 2855 3401 2895 non
3445 2839 3624 2910 perci-

2027 2931 2276 2999 piuntur,
2308 2930 2593 2999 passiones
2616 2943 2729 2995 non
2752 2937 2901 2986 sunt.
2925 2930 3177 3000 Alicujus
3193 2930 3340 2984 enim
3372 2940 3622 2984 momen-

2026 3022 2065 3075 ti
2100 3020 2532 3091 magnitudinem
2566 3020 2771 3076 libere
2797 3023 2980 3091 passio
3009 3021 3189 3076 debet.
3226 3021 3381 3077 Unde
3411 3021 3465 3075 in
3495 3037 3621 3089 pns-

2027 3113 2203 3169 sionis
2246 3112 2577 3168 deﬁnitione
2628 3112 2875 3167 additum
2914 3123 3019 3178 est,
3068 3122 3245 3167 motus
3304 3112 3571 3167 sensibilis
3601 3130 3620 3167 :

1940 3203 2158 3274 ’,σοῖο
2203 3202 2354 3274 parvi
2390 3209 2571 3258 motus
2596 3216 2697 3257 nec
2722 3201 3014 3259 sensibiles
3050 3203 3358 3271 passionem
3389 3215 3497 3254 non
3539 3201 3623 3254 fa-

2033 3296 2207 3350 ciunt.

2109 3387 2269 3458 187
2324 3386 2572 3454 Dupliees
2602 3385 2808 3440 anime
2838 3384 3145 3454 facultates,
3178 3382 3532 3452 cognoscendi
3573 3389 3625 3435 et

2032 3478 2415 3547 appetendi.—
2452 3476 2589 3533 Illud
2648 3491 2820 3547 porro
2869 3474 3173 3529 notandum
3212 3474 3463 3541 duplices
3501 3487 3626 3527 esse

2031 3569 2229 3623 animm
2278 3576 2482 3623 nostra:
2509 3568 2655 3623 vires
2685 3609 2700 3635 ,
2730 3568 2872 3622 alias
2922 3568 2975 3620 in
3020 3565 3341 3636 cognitione
3386 3564 3623 3633 positas,

2008 3660 2241 3716 alteras
2275 3659 2493 3716 vitales.
2528 3659 2687 3716 Vires
2725 3661 2779 3715 in
2833 3658 3157 3735 cognitione
3206 3656 3421 3726 positae,
3484 3668 3625 3712 sunt

2033 3765 2212 3816 mens,
2242 3750 2531 3822 cogitatio,
2581 3750 2794 3822 opinio,
2843 3749 3187 3821 imagina‘tio,
3220 3764 3441 3805 sensus.
3474 3746 3626 3802 Vita-

2033 3842 2137 3905 les,
2169 3857 2266 3896 seu
2296 3849 2639 3912 appetentes,
2689 3842 2942 3896 voluntas
2970 3849 3026 3896 et
3077 3840 3293 3896 electio.
3340 3839 3410 3895 Ut
3444 3850 3627 3895 autem

2016 3931 2332 3987 dilucidius
2373 3931 2471 3986 ﬁat
2496 3931 2641 4002 quod
2669 3932 2929 3996 dicimus,
2976 3946 3077 4001 age
3109 3929 3177 3985 de
3220 3930 3309 3985 his
3348 3929 3629 3984 facultati-

2034 4024 2138 4079 bus
2182 4022 2501 4081 accuratius
2540 4021 2927 4077 disseramus:
2958 4034 3029 4074 ac
3072 4019 3247 4090 primo
3286 4020 3405 4075 loco
3450 4018 3515 4075 de
3559 4020 3630 4075 iis
3706 4038 3709 4041 ·

2037 4129 2159 4185 ουκ
2192 4115 2246 4169 in
2273 4112 2593 4185 cognitione
2623 4120 2936 4174 versantur,
2978 4124 3168 4165 sermo
3206 4111 3302 4166 sit.

2109 4205 2173 4261 Et
2209 4204 2433 4276 quidem
2469 4204 2539 4259 de
2586 4203 2984 4274 imaginatione
3025 4210 3082 4257 et
3118 4216 3290 4256 sensu
3340 4202 3477 4256 satis
3518 4201 3629 4268 iam

2046 4297 2311 4368 superius
2369 4294 2577 4350 dictum
2607 4301 2713 4349 est.
2744 4292 2850 4348 Per
2883 4307 3107 4349 sensum
3140 4294 3325 4362 itaque
3354 4292 3410 4347 in
3446 4292 3633 4345 animo

2040 4388 2312 4446 conﬂatur
2344 4402 2403 4442 ea
2431 4387 2642 4457 passio,
2667 4401 2789 4455 qua:
2825 4384 3150 4455 imaginatio
3176 4384 3519 4439 nominatur.
3554 4381 3633 4435 Ex

2043 4482 2439 4553 imaginatione
2500 4479 2684 4534 oritur
2722 4479 2960 4550 opinio:
2997 4485 3116 4533 tum
3165 4477 3449 4549 cogitatio,
3516 4476 3636 4545 Opi-

3518 4575 3635 4620 ιυιιι

2048 4668 2267 4721 demum
2298 4662 2445 4733 quod
2491 4678 2679 4717 verum
2719 4670 2804 4717 est
2854 4661 3104 4731 judicat,
3146 4661 3218 4715 ob
3256 4661 3423 4730 idque
3468 4658 3637 4711 etiam

2049 4757 2237 4812 Grmcc
2267 4755 2502 4819 διάνοια,
2545 4754 2785 4820 dicitur,
2834 4753 2944 4806 ἀπὸ
2986 4751 3081 4805 τοῦ
3113 4752 3381 4812 διανοεῖν,
3426 4748 3479 4803 id
3529 4757 3637 4811 est,

2052 4847 2122 4907 ab
2159 4861 2225 4901 eo
2267 4845 2417 4917 quod
2445 4842 2761 4901 considerat
2802 4850 2857 4898 et
2894 4840 3181 4896 discernit.
3233 4840 3457 4905 uernum
3490 4837 3638 4908 quod

2030 4934 2366 4996 decretum.
2407 4946 2712 5002 verumque
2736 4930 3029 4993 deﬁnitum
3059 4938 3165 4996 est,
3196 4930 3513 4987 intellectus
3537 4942 3639 4981 no-

2058 5026 2301 5080 minatur
2322 5024 2394 5077 ".
3030 5032 3031 5035 ‘

2128 5112 2224 5171 Vel
2258 5116 2369 5172 alio
2400 5112 2583 5169 modo.
2620 5110 2921 5168 Sciendum
2955 5119 3041 5167 est
3074 5108 3433 5189 quodprima
3488 5121 3639 5164 meu-

1632 5396 1864 5451 VARIAS
1905 5393 2314 5452 LECTIONES.

359 5568 496 5636 χρή·

443 5498 459 5536 ί
497 5493 655 5552 Deest
704 5497 760 5551 δὲ
818 5498 874 5553 in
900 5498 1083 5554 editis.
1114 5496 1289 5553 Faber
1342 5495 1507 5552 vertit
1545 5513 1557 5547 :
1591 5491 1772 5548 Sedet
1804 5493 1858 5546 id
1886 5509 2040 5547 nosse
2069 5499 2285 5560 oportet.
2321 5487 2412 5545 Sic
2449 5488 2666 5545 videtur
2696 5490 2893 5560 legisse
2950 5498 3010 5545 ut
3067 5490 3123 5545 in
3174 5462 3255 5543 ιιι.
3289 5489 3467 5556 3451,
3499 5488 3640 5544 ἀλλὰ

1884 5651 2115 5718 ΝΟΤὶΕ.

437 5742 550 5817 (85)
578 5746 649 5802 Τὸ
670 5743 787 5803 οὖν
811 5746 1031 5817 κριθέν.
1086 5746 1321 5817 Denique
1370 5746 1423 5799 id
1462 5746 1600 5817 quod
1649 5746 1938 5809 decretum,

360 5818 684 5886 etc._A|tera
710 5821 827 5873 haec
856 5827 941 5873 est
969 5818 1109 5881 νοὸς,
1152 5818 1364 5878 mentis,
1391 5817 1659 5886 acceptio,
1692 5831 1799 5885 qua
1831 5817 1943 5869 uti-

343 5898 436 5944 tur
471 5884 678 5945 Paulus
722 5888 834 5943 lad
881 5888 1133 5944 Corinth.
1178 5904 1214 5953 I,
1256 5886 1355 5967 ubi
1378 5902 1473 5943 eos
1516 5884 1854 5941 adhortatur
1882 5891 1942 5939 ut

2052 5747 2165 5818 sint
2190 5744 2436 5817 perfecti,
2480 5745 2538 5800 ὲν
2569 5745 2647 5817 τῷ
2679 5738 2831 5817 αὐτῷ
2862 5743 2965 5818 νοῒ,
2996 5745 3052 5802 in
3085 5744 3257 5802 eodem
3288 5759 3442 5801 sensu
3468 5750 3519 5799 ει
3551 5759 3647 5797 ¢a<

2052 5817 2168 5872 dem
2193 5818 2477 5874 sententia.
