3962 6300
269 381 376 446 953

1332 381 1429 441 DE
1468 382 1650 442 FIDE
1685 382 2152 445 ORTIIODOXA
2190 389 2337 447 LIB.
2379 389 2459 449 II.

3431 358 3534 451 954

268 490 622 563 νομιζόμενον
651 490 708 544 δὲ
729 488 1009 555 ἀκούσιον,
1039 489 1097 542 ὲν
1130 488 1327 561 πράξει
1356 491 1462 545 τινί
1492 491 1637 556 ἐστι,
1662 488 1843 544 πολλοὶ

1950 494 2074 546 dam
2116 503 2357 565 posrtum
2408 504 2519 562 est,
2556 506 2611 553 et
2662 497 2797 553 illud
2829 501 2977 571 quod
3019 498 3390 556 voluntarium
3423 512 3533 552 non

194 616 197 619 ‹
266 584 327 638 δέ
366 599 527 649 τινες,
570 581 668 636 καὶ
714 580 775 633 τὸ
816 580 990 643 ὅντως
1028 581 1286 635 ἀκούσιον
1311 621 1326 645 ,
1376 582 1439 634 οὐ
1487 582 1647 651 μόνον
1676 584 1736 636 ὲν
1765 583 1848 653 τῷ

269 675 542 744 πάοχειν,
572 672 710 726 ἀλλὰ
742 672 840 726 καὶ
900 672 961 726 ὲν
1010 672 1090 743 τῷ
1140 674 1402 743 πράττειν
1446 674 1723 741 τίθενται,
1770 676 1852 729 δεῖ

268 767 326 820 δὲ
358 764 579 829 είδέναι,
610 765 694 817 ὅτι
738 761 939 834 πρᾶξίς
976 763 1125 818 ἐστιν
1168 764 1424 836 ἐνέργεια
1468 765 1684 837 λογική.
1717 768 1851 831 Ταῖς

268 858 327 911 δὲ
353 855 620 926 πράξεσιν
660 854 852 909 ἕπεται
883 854 1106 919 ἔπαινος
1128 894 1144 921 ,
1186 854 1220 925 ἢ
1255 854 1422 925 ψόγος
1446 873 1461 888 °
1515 858 1609 911 καὶ
1653 859 1710 911 al
1746 858 1849 929 μὲν

270 948 452 1002 αὐτῶν
478 948 600 1017 μεθ’
629 946 846 1017 ἡδονῆς,
884 947 943 1001 αί
990 946 1047 1001 δὲ
1088 946 1229 1017 μετὰ
1262 948 1438 1019 λύπης
1469 949 1804 1020 πράττονται
1829 968 1845 983 ⁶

270 1039 369 1092 καὶ
395 1039 453 1093 αἱ
481 1037 580 1109 μὲν
602 1044 629 1083 ρ
664 1036 846 1091 αὐτῶν
876 1039 1014 1093 εἰσιν
1051 1039 1272 1108 αἱρεταὶ
1308 1038 1389 1110 τῷ
1434 1041 1749 1111 πράττοντι,
1789 1044 1848 1096 αί

268 1129 329 1182 δὲ
360 1126 595 1197 φευκταί
618 1143 634 1158 ο
662 1126 774 1181 τῶν
801 1127 861 1181 δὲ
893 1126 1148 1200 αίρετῶν,
1175 1130 1231 1182 αί
1264 1128 1365 1199 μὲν
1406 1130 1492 1183 ἀεὶ
1522 1132 1760 1201 αίρεταὶ,
1791 1133 1847 1187 at

268 1219 330 1273 δὲ
375 1218 519 1274 κατά
572 1235 698 1273 τινα
745 1218 955 1289 χρόνον.
1003 1219 1234 1291 Ὁμοίως
1283 1220 1380 1275 καὶ
1419 1220 1531 1276 τῶν
1573 1221 1843 1291 φευκτῶν.

270 1309 384 1364 Καὶ
436 1309 601 1364 πάλιν
628 1348 644 1376 ,
694 1308 754 1363 al
787 1307 888 1378 μιν
923 1309 1034 1362 τῶν
1083 1308 1340 1380 πράξεων
1394 1309 1709 1376 ὲλεοῦνται,
1750 1311 1848 1365 κοιλ⁹

272 1399 606 1471 συγγνώμης
651 1396 930 1465 ἀξιοῦνται
955 1442 971 1467 ,
1010 1400 1068 1453 ai
1111 1398 1171 1453 δὲ
1204 1399 1523 1471 μισοῦνται,
1556 1401 1652 1455 καὶ
1684 1401 1848 1456 κολά-

201 1534 209 1539 .
270 1490 477 1555 ζονται.
509 1489 601 1562 Τῷ
641 1490 742 1560 μὲν
793 1484 887 1544 οῦν
920 1489 1153 1561 ἑκουσίῳ
1211 1490 1433 1552 πάντως
1489 1490 1849 1545 ἐπακολουθεῖ
1890 1522 1897 1525 -

270 1582 511 1646 ἔπαινος,
551 1582 587 1653 ἢ
621 1581 815 1652 ψόγος,
849 1580 947 1636 καὶ
972 1582 1035 1635 τὸ
1086 1579 1206 1651 μεθ’
1232 1580 1430 1651 ἡδονῆς
1479 1581 1841 1653 πράττεσθαι,

160 1747 166 1751 ν
272 1673 452 1731 καὶτὸ
477 1672 703 1742 αἱρετὰς
776 1669 920 1729 εἶναι
943 1672 1045 1736 τὰς
1076 1672 1307 1741 πράξεις
1336 1674 1450 1735 τοῖς
1488 1672 1843 1743 πράττουσιν,

270 1766 305 1835 ἢ
332 1766 441 1830 ἀεὶ,
469 1765 503 1837 ἢ
529 1765 673 1833 τότε,
720 1767 811 1821 ὅτε
839 1765 1194 1836 πράττονται.
1223 1764 1316 1835 Τῷ
1358 1764 1416 1818 δὲ
1459 1765 1701 1838 ἀκουσίῳ
1719 1805 1737 1835 ,
1783 1767 1846 1822 τὸ

1953 599 2077 640 esse
2113 597 2394 651 censetur,
2424 588 2479 642 in
2513 591 2748 659 quadam
2790 592 2954 647 etiam
2985 593 3207 647 actione
3244 589 3533 655 consistit;

1954 677 2112 732 multi
2139 693 2274 732 vero
2305 679 2439 733 illud
2471 695 2695 749 quoque
2739 683 2887 754 quod
2928 699 3124 757 reapse
3152 697 3266 738 non
3308 690 3392 737 est
3438 695 3534 734 vo-

1951 768 2272 832 luntarium,
2314 785 2424 824 non
2465 770 2521 825 in
2572 773 2831 842 patiendo
2865 776 3069 839 solum,
3118 774 3214 829 sed
3259 773 3424 829 etiam
3478 773 3531 825 in

1952 860 2163 929 agendo
2191 863 2538 916 constituunt
2575 882 2587 917 :
2624 866 2851 919 omnino
2898 867 3043 921 scire
3080 874 3321 936 Oportet,
3356 865 3532 918 actio‘

1950 966 2077 1006 nem
2117 966 2239 1007 esse
2268 953 2645 1021 operationem
2681 969 2808 1008 cum
2842 957 3059 1010 ratione
3088 956 3316 1010 editam.
3350 954 3533 1010 Actio-

1950 1055 2052 1098 nes
2095 1056 2262 1111 porro
2316 1044 2436 1100 laus
2496 1045 2748 1114 sequitur
2806 1055 2901 1099 aut
2951 1047 3318 1123 vitupcrium;
3366 1056 3533 1119 atque

1950 1133 2198 1188 actiones
2234 1132 2389 1203 ipsa),
2422 1136 2620 1203 partim
2653 1149 2778 1189 cum
2806 1135 3112 1204 voluptate,
3155 1136 3352 1205 partim
3403 1152 3529 1191 cum

1950 1236 2188 1278 mmrore
2245 1223 2416 1292 liunt;
2476 1226 2789 1295 partimque
2850 1225 2980 1280 item
3040 1226 3218 1295 agenti
3270 1235 3530 1295 acceptae,

1948 1312 2152 1382 partim
2197 1312 2389 1370 invisae
2438 1325 2567 1370 sunt
2600 1332 2615 1370 :
2648 1314 2899 1385 quinimo
2931 1330 2998 1371 ex
3027 1314 3095 1371 iis
3125 1330 3246 1389 quae
3293 1324 3533 1386 accepta:

1950 1412 2101 1469 sunt,
2147 1404 2268 1461 alia:
2309 1420 2526 1476 semper
2554 1406 2821 1471 arrident,
2856 1407 2979 1463 alia;
3019 1407 3351 1477 quandoque
3387 1408 3531 1461 dun-

1949 1502 2101 1549 taxat
2132 1513 2146 1551 :
2184 1496 2237 1550 id
2271 1498 2416 1567 quod
2452 1496 2520 1552 de
2555 1498 2664 1552 illis
2693 1500 2859 1554 etiam
2891 1514 3014 1569 qum
3058 1507 3190 1554 sunt
3239 1498 3530 1570 fugiendae,

1948 1586 2110 1643 debet
2163 1588 2415 1659 intelligi.
2478 1588 2697 1645 llursus
2748 1590 3029 1645 actionum
3090 1590 3212 1645 alia:
3259 1590 3531 1660 ejusmodi

1948 1685 2100 1743 sunt,
2148 1678 2203 1733 in
2239 1680 2440 1749 quibus
2469 1681 2640 1736 venia":
2684 1693 2740 1738 et
2775 1682 3167 1737 misericordiae
3222 1683 3377 1737 locus
3418 1681 3529 1747 sit;

1948 1769 2071 1824 alite
2113 1769 2242 1824 odio
2274 1778 2427 1834 sunt,
2476 1780 2532 1826 et
2583 1772 2856 1841 supplicio
2895 1771 3272 1826 vindicantur.
3308 1771 3371 1824 Et
3406 1772 3531 1841 qui-

271 1836 638 1928 συγγνὼμης,
693 1857 726 1929 ἢ
798 1857 982 1921 ὲλέους
1039 1856 1365 1922 ἀξιοῦσθαι,
1430 1857 1528 1911 καὶ
1575 1857 1637 1911 τὺ
1674 1836 1845 1929 ἡμετά

1948 1857 2077 1915 dem
2108 1859 2258 1929 quod
2302 1836 2834 1930 voluntarium'est,
2884 1864 3112 1919 omnino
3150 1862 3235 1918 vel
3290 1836 3530 1927 laudem,

270 1949 447 2019 λύπης
493 1949 869 2020 πράττεσθαι,
915 1949 1099 2004 καὶτὸ
1127 1949 1201 2020 μὴ
1233 1944 1375 2003 εἶναι
1413 1947 1671 2017 αίρετάς,
1709 1952 1844 2022 μηδὲ

267 2039 338 2092 δι’
388 2040 586 2095 ἑαυτοῦ
638 2038 815 2095 τελεῖν
859 2039 921 2099 τὸ
984 2039 1362 2111 πραττόμενον
1385 2077 1402 2104 ,
1456 2041 1505 2094 εί
1577 2040 1675 2093 καὶ
1723 2039 1844 2111 βιά-

268 2131 439 2196 Cotto.

1947 1952 2037 2009 vel
2067 1953 2401 2025 vituperium
2435 1962 2699 2020 meretur,
2735 1955 3025 2026 agiturque
3054 1970 3179 2011 cum
3208 1955 3489 2024 voluptate
3515 1972 3527 2006 :

1951 2045 2183 2117 insuper
2231 2045 2501 2111 actiones,
2546 2046 2660 2103 illis
2682 2048 2778 2118 qui
2814 2055 3006 2120 agunt,
3047 2046 3134 2101 vel
3168 2060 3383 2115 semper
3436 2058 3530 2098 ac-

1951 2143 2132 2205 ceptae
2179 2145 2332 2203 sunt,
2363 2137 2452 2194 vel
2490 2147 2608 2193 tum
2654 2139 2849 2195 saltem
2885 2137 3106 2208 quando
3139 2136 3297 2191 ﬁunt.
3324 2135 3530 2191 Contra

268 2220 325 2275 id
358 2220 506 2291 quod
541 2220 911 2278 voluntarium
957 2235 1068 2275 non
1103 2229 1215 2286 est,
1259 2227 1356 2276 aut
1388 2220 1571 2285 venia,
1601 2227 1697 2275 aut
1740 2220 2103 2281 miseratione
2137 2224 2369 2298 dignum
2408 2235 2516 2291 est,
2582 2242 2685 2283 nec
2753 2228 2875 2283 sine
2948 2242 3189 2283 moerere
3242 2232 3525 2297 patratur:

226 2318 231 2321 '
265 2326 527 2387 praeterea
555 2316 738 2388 agenti
767 2323 994 2387 accepta
1024 2329 1138 2371 non
1159 2324 1247 2373 est
1275 2316 1442 2382 actio,
1475 2322 1665 2388 utpote
1683 2331 1850 2389 quam
1889 2333 1999 2376 non
2029 2335 2060 2378 a
2094 2322 2280 2393 seipse
2316 2322 2587 2394 perﬁciat,
2632 2324 2849 2380 tametsi
2892 2338 2990 2394 per
3020 2322 3127 2378 vim
3166 2321 3233 2377 ab
3295 2337 3362 2378 eo
3433 2335 3530 2375 ex-

267 2418 613 2480 torqueatur.

337 2502 446 2557 Τοῦ
475 2500 533 2553 δὲ
556 2500 809 2557 ἀκουσίου
844 2500 905 2554 τδ
946 2499 1046 2570 μέν
1082 2500 1199 2553 ὲστι
1261 2499 1404 2554 κατά
1436 2499 1581 2571 βίαν,
1607 2500 1669 2553 τὸ
1692 2500 1749 2555 δὲ
1773 2500 1844 2555 δι’

265 2599 525 2666 ἄγνοιαν*
578 2591 721 2647 κατά
756 2591 878 2663 βίαν
922 2590 1059 2662 μὲν,
1100 2592 1231 2657 ὅταν
1267 2592 1300 2662 ἡ
1362 2591 1622 2661 ποιητικὴ
1672 2591 1841 2663 ἀρχὴ,

264 2691 435 2760 ἤγουν
468 2684 619 2739 αἰτία
638 2723 653 2749 ,
696 2680 894 2749 ἔξωθέν
924 2683 1075 2736 ἐστιν
1101 2720 1115 2747 ,
1157 2683 1325 2753 ἤγουν
1355 2682 1485 2735 ὅταν
1530 2682 1621 2751 ὑφ’
1652 2683 1843 2754 ἐτέρου

268 2776 606 2850 βιαζὼμεθα,
645 2774 767 2846 μηδ’
789 2774 924 2837 ὅλως
968 2773 1306 2844 πειθόμενοι,
1350 2774 1487 2845 μηδὲ
1521 2773 1846 2844 συμϐαλλώ-

268 2874 413 2946 μεθα
441 2871 560 2926 κατ’
579 2868 789 2923 οἰκείαν
816 2868 1014 2939 ὁρμὴν,
1039 2867 1173 2939 μηδὲ
1200 2867 1340 2931 ὅλως
1370 2867 1840 2938 συμπράττωμεν,

212 3017 217 3021 .
262 2965 300 3035 ἢ
328 2964 396 3017 δι’
438 2960 647 3015 ἑαυτῶν
682 2960 744 3014 τὸ
783 2958 1005 3029 βιασθὲν
1030 2958 1272 3029 ποιῶμεν
1294 2976 1310 2992 ο
1348 2958 1377 3012 ὃ
1408 2958 1504 3013 καὶ
1534 2956 1844 3032 ὁριζόμενοι

260 3071 487 3126 φαμεν⁹
531 3049 789 3106 ἀκούσιόν
830 3052 1002 3115 ἐστιν,
1051 3043 1179 3122 ubi]
1220 3050 1364 3121 ἀρχὴ
1403 3048 1627 3114 ἔξωθεν,
1677 3049 1845 3121 μηδὲν

262 3142 713 3216 συμϐαλλομένου
760 3140 881 3195 κατ’
907 3139 1116 3194 οἰκείαν
1145 3140 1324 3212 ὁρμὴν
1370 3139 1467 3194 τοῦ
1499 3139 1840 3209 βιασθέντος.

275 3234 477 3310 ’Λρχὴν
521 3232 579 3285 δὲ
613 3229 795 3300 φαμὲν
819 3271 836 3294 ,
885 3228 983 3300 τὴν
1013 3227 1307 3299 ποιητικὴν
1333 3228 1534 3283 αἰτίαν.
1573 3228 1647 3281 Τὸ
1672 3228 1729 3282 δὲ
1776 3226 1846 3280 δι’

2022 2496 2070 2551 Ν
2076 2515 2143 2553 οη
2164 2498 2523 2553 voluntarium
2538 2514 2632 2568 per
2645 2500 2768 2567 vim,
2792 2515 2883 2568 per
2900 2499 3530 2569 ignorantiam—Porro

1943 2602 2057 2644 non
2068 2588 2462 2654 voluntarium,
2483 2590 2566 2643 vel
2583 2605 2679 2660 per
2694 2588 2801 2643 vim
2824 2588 2903 2655 iit,
2921 2590 3005 2643 vel
3025 2604 3123 2658 per
3139 2589 3527 2659 ignorantiam.

1942 2677 2047 2734 Per
2059 2679 2166 2734 vim
2179 2679 2424 2749 quidem,
2443 2680 2572 2733 dum
2589 2679 2917 2749 principium
2935 2693 3190 2748 operans,
3209 2687 3530 2736 extraneum

1943 2779 2062 2839 est;
2091 2778 2151 2826 ut
2178 2786 2305 2826 cum
2356 2772 2425 2827 ab
2459 2770 2591 2837 alio,
2620 2771 2759 2825 nihil
2794 2771 2917 2840 ejus
2949 2771 3307 2826 suasionibus
3334 2771 3528 2837 illecti,

1942 2874 2043 2930 per
2078 2860 2185 2915 vim
2228 2861 2545 2932 adigimur:
2583 2876 2686 2917 nec
2734 2875 2836 2915 nos
2878 2868 3136 2915 conatum
3188 2861 3384 2927 ullum,
3433 2870 3531 2916 aut

1942 2951 2228 3021 quidpiam
2254 2952 2560 3021 adjumcnti
2593 2951 2898 3016 atl'erimus,
2933 2960 2993 3005 ut
3022 2967 3121 3023 per
3155 2953 3438 3021 nosipsos,
3473 2951 3531 3007 id

1942 3042 2092 3112 quod
2127 3042 2181 3096 vi
2209 3043 2561 3112 exprimitur,
2594 3041 2865 3098 faciamus
2885 3043 2952 3098 ⁸⁸.
2986 3041 3101 3097 lloc
3131 3050 3317 3098 autem
3354 3058 3531 3114 genus

1943 3133 2024 3187 sic
2084 3133 2419 3189 deﬁnimus:
2452 3150 2562 3189 non
2618 3134 2993 3189 voluntarium
3039 3133 3175 3189 illud
3213 3141 3320 3199 est,
3369 3134 3530 3205 cujus

1944 3223 2281 3294 principium
2316 3225 2666 3281 extrinsecus
2709 3232 2816 3289 est,
2858 3224 2999 3279 nihil
3030 3233 3229 3295 suapte
3273 3230 3425 3279 motu
3461 3224 3531 3279 ad

259 3327 485 3394 ἄγνοιαν
523 3321 782 3377 ἀκούσιον
839 3320 1010 3383 ἐστὶν,
1042 3319 1172 3372 ὅταν
1207 3318 1282 3391 μὴ
1322 3318 1478 3373 αὐτοὶ
1516 3318 1846 3390 παρέχωμεν

1949 3317 2220 3371 actionem
2260 3314 2579 3372 conferente
2628 3316 2746 3384 illo,
2800 3315 2959 3386 192
3006 3317 3096 3371 cui
3146 3316 3230 3372 vis
3280 3314 3528 3371 aﬂ‘ertur.

256 3419 444 3481 αἰτίαν
487 3415 588 3485 τῆς
631 3412 878 3482 ἀγνοίας,
924 3410 1041 3464 ἀλλ’
1087 3410 1230 3464 οὕτω
1264 3410 1470 3481 συμὸῇ.
1507 3410 1573 3463 Εἰ
1598 3411 1708 3481 γὰρ
1741 3427 1839 3481 με-

1942 3406 2048 3464 Ρει·
2082 3407 2419 3478 principium
2454 3415 2661 3475 autem,
2706 3424 2931 3465 causam
2981 3407 3307 3464 eilicientem
3356 3405 3531 3477 signi-

258 3509 408 3563 οὑων
447 3523 535 3570 τις
575 3504 735 3576 φόνον
777 3502 1015 3573 ποιήσει,
1046 3500 1259 3569 ἀγνοῶν
1290 3502 1390 3571 μὲν
1431 3500 1744 3570 ἐφόνευσεν,
1777 3500 1840 3553 οὐ

1948 3499 2194 3553 ticamus.
2220 3498 2293 3552 At
2321 3512 2450 3553 vero
2480 3513 2591 3553 non
2632 3499 3004 3553 voluntarium
3045 3498 3106 3553 iit
3131 3513 3230 3569 per
3265 3498 3528 3565 ignoran-

260 3599 373 3671 μὴν
396 3596 667 3661 ἀκουσίως
693 3610 708 3624 ο
759 3593 860 3666 τὴν
898 3592 1008 3663 γὰρ
1053 3591 1237 3645 αἰτίαν
1265 3591 1365 3660 τῆς
1393 3590 1641 3659 ἀγνοίας,
1675 3591 1843 3661 ἤγουν

1948 3590 2098 3656 tiam,
2139 3604 2267 3645 cum
2306 3605 2410 3646 nos
2446 3590 2772 3661 ignorantiae
2800 3604 3026 3647 causam
3059 3604 3169 3645 non
3199 3589 3529 3659 praebemus,

253 3690 361 3760 τὴν
391 3687 602 3759 μέθην,
634 3684 799 3747 αὐτὸς
836 3680 1096 3753 ἔπραξεν.
1138 3681 1203 3733 Et
1248 3680 1304 3734 δέ
1350 3697 1435 3743 τις
1480 3680 1539 3733 ὲν
1576 3678 1655 3750 τῷ
1711 3696 1842 3733 συν-

1948 3680 2042 3736 sed
2095 3694 2233 3735 casu
2281 3696 2372 3736 res
2407 3681 2486 3736 ita
2535 3681 2831 3752 contingit.
2881 3681 3098 3738 Etenim
3153 3681 3200 3737 si
3250 3679 3530 3751 quispiam

255 3780 383 3849 ήθει
437 3778 592 3847 τόπῳ
644 3772 919 3842 τοξεύων,
951 3783 954 3786 ’
988 3771 1080 3825 τὸν
1151 3771 1367 3842 πατέρα
1416 3770 1690 3840 παριόντα
1742 3770 1845 3824 ἀπ-

1948 3773 2130 3830 ebrius
2156 3773 2359 3829 caedem
2392 3775 2748 3845 perpetrarit,
2781 3777 2994 3832 inscius
3019 3775 3243 3846 quidem
3279 3789 3400 3830 eam
3430 3773 3531 3827 ad-

254 3874 492 3939 ἐκτεινε,
522 3867 590 3923 δι’
611 3866 835 3939 ἄγνοιαν
856 3863 1075 3934 λέγεται
1109 3861 1382 3926 ἀκουσίως
1416 3860 1577 3921 τοῦτο
1605 3875 1840 3934 πεποιη-

1948 3863 2111 3931 misit,
2144 3873 2201 3920 at
2230 3880 2340 3920 non
2372 3881 2606 3936 prorsus
2641 3868 2812 3922 invite
2843 3868 2912 3922 ⁸³.
2946 3867 3275 3938 Ignorantia:
3324 3865 3532 3937 quippe

254 3938 442 4021 κέναι.
714 3938 723 3949 ’
816 3970 819 3971 ⁷
1938 3971 2186 4023 causam,
2239 3957 2562 4013 ebrietatem
2622 3958 2857 4020 scilicet.
2913 3958 3033 4029 ipse
3080 3957 3394 4013 accersivit.
3433 3954 3531 4015 Sin

259 4053 536 4125 quispiam
559 4048 614 4105 in
639 4063 762 4105 eum
800 4061 961 4119 quem
996 4052 1360 4102 consueverat
1386 4045 1569 4100 locum
1602 4045 1834 4115 sagittas
1865 4048 2113 4117 mittens,
2146 4059 2570 4122 praetereuntem
2606 4059 2819 4123 patrem
2888 4051 3202 4123 peremerit,
3236 4051 3307 4107 ob
3356 4049 3524 4106 insci-

220 4200 227 4207 ,
251 4147 391 4202 tiam
420 4142 636 4198 facinus
661 4140 768 4195 hoc
789 4139 958 4194 invite
988 4146 1242 4209 patrasse
1272 4136 1495 4197 dicitur.
3176 4182 3181 4185 ,

328 4233 439 4287 Τοῦ
481 4227 577 4286 οὖν
625 4229 884 4285 ἀκουσίου
943 4226 1124 4283 διττοῦ
1172 4226 1325 4291 θντος
1347 4266 1363 4293 ,
1420 4227 1517 4282 τοῦ
1554 4225 1654 4299 μὲν
1688 4227 1830 4282 κατά

2016 4222 2605 4281 Voluntarium.-—Non
2621 4226 2991 4281 voluntarium
3013 4228 3529 4298 igiturdnplex-cum

256 4326 422 4399 βίαν,
460 4322 553 4377 τοῦ
588 4322 646 4376 δὲ
694 4322 762 4376 δι’
790 4321 1017 4391 ἄγνοιαν
1041 4358 1057 4385 ,
1103 4320 1166 4373 τὸ
1199 4319 1450 4374 ἑκούσιον
1498 4320 1834 4392 ἀμφοτέροις

1948 4315 2036 4378 sit,
2087 4315 2322 4370 alterum
2346 4326 2572 4387 propter
2596 4318 2730 4383 vim,
2753 4317 2984 4373 alterum
3016 4327 3242 4391 propter
3272 4319 3530 4388 ignoran-

253 4417 585 4474 ἀντίκειται.
622 4412 783 4467 Ἔστι
807 4413 917 4484 γὰρ
951 4411 1223 4476 ἑκούσιον,
1253 4411 1315 4464 τὸ
1347 4412 1485 4483 μήτε
1518 4411 1661 4465 κατά
1688 4411 1834 4483 βίαν,

257 4492 402 4582 μήτε
430 4508 495 4561 δι’
543 4506 767 4575 ἄγνοιαν
804 4504 1110 4575 γινόμενον.
1152 4502 1434 4556 Ἔκοὺσιον
1460 4502 1641 4558 τοίνυν
1665 4504 1836 4568 ἐστὶν,

224 4594 323 4657 νοῦ
358 4602 395 4670 ἡ
434 4598 615 4671 ἀρχὴ,
646 4596 928 4651 τουτέστιν
971 4597 1005 4665 ἡ
1038 4594 1223 4657 αἰτία,
1255 4594 1315 4647 ἐν
1357 4594 1539 4664 ἑαυτῷ
1579 4594 1748 4647 εἰδότι
1769 4593 1841 4647 τὰ

252 4694 389 4753 καθ’
432 4692 679 4753 ἕκαστα,
715 4688 782 4742 δι’
824 4681 937 4753 ὧν,
987 4688 1083 4741 καὶ
1122 4688 1180 4740 ὲν
1227 4681 1310 4751 οἷς
1363 4687 1398 4758 ἡ
1432 4685 1650 4758 πρᾶξις.
1702 4684 1840 4741 Καθ’

216 4773 469 4841 ’ἕκαστα
513 4784 572 4839 δέ
620 4784 767 4837 ἐστιν
793 4820 809 4846 ,
853 4779 890 4834 ἂ
930 4780 1180 4835 καλεῖται
1228 4778 1380 4850 παρὰ
1431 4782 1545 4843 τοῖς
1576 4779 1835 4851 ῥήτορσιν

253 4875 630 4950 περιστατικά
690 4874 854 4945 μόρια
878 4888 894 4905 ο
948 4865 1061 4925 οἷον
1087 4914 1101 4937 ,
1146 4870 1266 4935 τίς,
1317 4872 1486 4942 ἤγουν
1526 4873 1554 4924 ὁ
1588 4871 1807 4942 πράξας
1831 4886 1847 4901 ο

250 4969 406 5033 τίνα,
433 4969 601 5040 ἤγουν
621 4967 712 5020 τὸν
742 4963 1002 5039 παθόντω
1034 4960 1109 5026 τί,
1135 4962 1303 5033 ἤγουν
1324 4961 1458 5016 αὐτὸ
1480 4961 1543 5015 τὸ
1569 4963 1839 5034 πραχθὲν,

248 5060 422 5131 τυχὸν
451 5058 742 5129 ἐφόνευσε’
793 5055 937 5120 τίνι,
970 5057 1140 5127 ἤγουν
1189 5054 1442 5125 ὀργάνῳ’
1478 5052 1582 5106 ποῦ
1608 5098 1624 5121 ,
1677 5054 1848 5125 ἤγουν

250 5157 415 5225 τόπῳ
436 5171 452 5189 ο
490 5154 643 5219 πότε,
687 5152 856 5222 ἤγουν
894 5151 953 5205 ὲν
985 5151 1124 5221 ποίῳ
1162 5149 1342 5219 χρόνῳ
1363 5164 1379 5181 ’
1408 5148 1547 5214 πῶς,
1587 5149 1616 5202 ὀ
1642 5147 1845 5219 τρόπος

252 5251 361 5321 τῆς
392 5247 673 5317 πράξεωςο
705 5245 795 5299 διὰ
832 5243 907 5311 τί,
933 5244 1099 5323 ἤγουν
1144 5242 1233 5296 διὰ
1264 5240 1428 5294 ποίαν
1462 5240 1664 5295 αἰτίαν.

1944 4410 2097 4475 tiam,
2126 4409 2347 4482 utrique
2376 4410 2751 4466 voluntarium
2776 4410 3092 4482 opponitur.
3112 4407 3248 4465 lllud
3264 4413 3409 4465 enim
3435 4426 3528 4466 vo-

1943 4501 2246 4559 luntarium
2263 4512 2369 4570 est,
2385 4503 2531 4575 quod
2551 4519 2654 4559 nec
2671 4519 2767 4575 per
2780 4506 2912 4569 vim,
2931 4519 3031 4559 nec
3053 4505 3527 4575 perignorantiam

1945 4594 2180 4650 efﬁcitur
2210 4594 2281 4650 '°.
2314 4596 2684 4661 Quamobrem
2712 4594 3084 4649 voluntarium
3115 4596 3340 4663 dicitur,
3368 4596 3528 4666 cujus

1945 4683 2299 4754 principium,
2330 4683 2448 4741 sive
2475 4698 2667 4751 causa,
2694 4682 2748 4737 in
2783 4683 2905 4753 ipso
2934 4691 3018 4738 est
3043 4683 3135 4753 qui
3159 4684 3291 4755 agit,
3326 4692 3384 4737 ut
3411 4683 3529 4752 ipse

1942 4780 2141 4830 noscat
2169 4774 2352 4830 omnia
2404 4774 2767 4845 singulatim,
2813 4788 2909 4843 per
2947 4788 3069 4843 qua:
3116 4774 3263 4828 actio
3293 4772 3525 4843 geritur,

1941 4877 1995 4924 et
2020 4868 2076 4923 in
2120 4866 2325 4938 quibus
2368 4873 2661 4923 versatur:
2704 4882 2827 4936 qua:
2853 4864 3075 4937 quidem
3125 4864 3359 4934 singula,
3400 4863 3527 4919 rhe-

1940 4969 2090 5013 tores
2118 4957 2576 5014 circumstantias
2597 4960 2911 5029 appellant;
2939 4965 3093 5028 puta,
3115 4955 3262 5025 quis,
3286 4955 3389 5011 hoc
3415 4962 3524 5022 est,

1942 5049 2036 5105 ille
2065 5049 2162 5121 qui
2191 5049 2325 5106 fecit
2360 5069 2374 5107 :
2411 5065 2596 5126 quem,
2639 5066 2736 5106 seu
2789 5066 2914 5105 eum
2955 5048 3051 5121 qui
3083 5062 3378 5120 perpessus
3403 5054 3523 5111 est;

1949 5143 2105 5213 quid,
2138 5143 2191 5198 id
2225 5150 2333 5211 est,
2366 5142 2474 5199 hoc
2524 5143 2669 5214 quod
2706 5142 2911 5199 factum
2958 5150 3066 5207 est,
3111 5148 3303 5211 utputa
3355 5139 3524 5193 inter-

1950 5236 2120 5305 fecit;
2158 5251 2289 5310 quo,
2340 5236 2553 5293 scilicet
2606 5236 3017 5301 instrumento;
3074 5233 3188 5297 ubi,
3245 5231 3363 5287 sive
3412 5242 3525 5301 quo

252 5343 504 5408 inloco;
552 5338 793 5409 quando.
842 5336 897 5391 id
934 5322 1021 5393 est
1078 5348 1185 5409 quo
1230 5342 1512 5403 tempore;
1544 5331 1847 5404 quomodo,
1886 5345 2066 5401 quove
2113 5340 2279 5401 pacto
2325 5326 2462 5387 illud
2517 5328 2666 5399 egit;
2701 5338 2899 5398 quare,
2948 5339 3044 5382 seu
3118 5338 3227 5396 qua
3309 5322 3523 5378 illectus

252 5447 452 5491 causa.
476 5480 483 5487 .

334 5545 381 5578 ⁸⁸
405 5541 621 5603 Nemes.
644 5561 694 5602 c.
721 5542 811 5600 50.
887 5544 932 5577 ⁸³
960 5541 1182 5599 Nemcs.
1219 5554 1270 5599 c.
1295 5539 1387 5597 '51.
1463 5539 1508 5571 ⁸⁸
1534 5536 1753 5593 Nemcs.
1778 5552 1827 5592 c.
1850 5534 1940 5591 52.

1526 5668 1611 5723 VA
1623 5669 1761 5725 [HAS
1804 5664 2209 5725 LECTIONES.

332 5798 362 5827 σ
398 5786 542 5843 Edit.
570 5786 697 5858 γὰρ,
724 5785 777 5842 in
812 5794 1043 5858 utroque
1074 5790 1208 5847 loco.
1233 5786 1363 5844 Mss.
1393 5796 1444 5842 et
1475 5785 1693 5842 Nemee.
1726 5783 1846 5854 μέν.
