3950 6304
564 330 671 393 959

1719 320 1777 380 S.
1810 316 2132 380 JOANNIS
2164 311 2596 377 DAMASCENI
3720 300 3805 363 960

564 444 672 499 sita
703 444 853 500 sunt,
883 450 1005 507 quae
1048 436 1283 492 liberum
1338 434 1500 492 nobis
1548 440 1633 489 est
1681 432 1895 500 facere,
1924 432 2008 488 vel
2039 446 2150 486 non

2255 424 2474 492 ἐλέγετο
2521 418 2886 507 πράττεσθαι,
2934 416 3035 507 τῆς
3093 411 3347 507 πράξεως
3392 411 3494 507 οὐκ
3536 412 3702 481 οὔσης
3738 415 3806 507 ὲφέ

565 531 780 592 facere;
812 526 917 582 hoc
945 535 1048 591 est,
1084 541 1149 581 ea
1177 525 1364 581 omnia
1393 539 1520 595 qua:
1540 524 1691 579 ultro
1710 532 1767 578 et
1791 531 1991 593 sponte
2021 521 2141 591 agi-

456 644 460 648 σ
563 636 686 674 mus
712 619 914 688 (neque
941 618 1088 672 enim
1120 631 1182 672 ea
1219 622 1417 687 sponte
1452 630 1482 668 a
1528 614 1690 669 nobis
1725 613 1843 669 lieri
1892 612 2144 668 diceren-

561 720 672 773 tur,
699 710 745 763 si
772 708 919 763 actio
950 707 1004 762 in
1029 715 1223 761 nostro
1239 705 1470 761 arbitrio
1499 704 1725 758 minime
1751 703 1927 773 posita
1951 700 2139 769 esset):

563 815 676 855 uno
706 799 894 864 verbo,
918 813 984 854 ea
1012 798 1199 854 omnia
1227 813 1373 866 quin,
1418 796 1506 850 vel
1539 794 1778 856 laudem,
1811 794 1899 848 vel
1927 792 2144 860 vitupe-

562 888 834 945 rationem
893 886 1172 953 aﬂ‘erunt,
1225 893 1279 941 et
1316 884 1387 939 ob
1436 898 1559 953 qua:
1612 882 1759 951 leges
1808 890 1863 936 et
1909 877 2145 935 consilia

565 981 790 1034 dantur.
822 978 1052 1048 Proprie
1100 984 1283 1031 autem
1322 975 1377 1029 in
1429 981 1624 1029 nostra
1668 979 1942 1044 potestate
1992 976 2142 1029 sunt.

564 1085 907 1140 quaecunque
957 1068 1025 1124 ad
1081 1067 1323 1123 animam
1374 1065 1679 1135 pertinent,
1730 1071 1786 1118 et
1828 1061 1897 1117 de
1944 1060 2145 1131 quibus

566 1163 973 1217 consultamus.
1008 1159 1316 1215 Consilium
1353 1171 1519 1227 porro
1567 1155 1719 1210 circa
1755 1169 1820 1209 ea
1868 1162 2142 1217 versatur,

565 1267 686 1322 quae.
713 1264 965 1319 peraeque
1002 1250 1058 1303 in
1088 1256 1380 1316 utramque
1425 1253 1635 1315 partem
1666 1248 1988 1314 contingere
2019 1258 2147 1314 pos-

566 1348 717 1395 sunt.
769 1337 1028 1407 Peraaque
1061 1344 1243 1391 autem
1278 1335 1607 1405 contingens
1655 1334 1793 1388 illud
1839 1341 1945 1399 est,
1999 1334 2145 1404 quod

565 1439 621 1484 et
666 1431 845 1499 ipsum
900 1442 1221 1498 possumus,
1256 1432 1313 1483 et
1352 1425 1501 1497 quod
1545 1425 1597 1480 ei
1649 1424 1946 1495 opponitur
1979 1443 1994 1478 :
2025 1422 2148 1493 ejus

565 1536 699 1576 vero
720 1520 917 1576 electio
948 1533 1117 1588 penes
1145 1526 1383 1574 mentem
1414 1524 1661 1573 nostram
1694 1522 1779 1571 est
1804 1534 1820 1583 ;
1849 1515 1967 1570 inec
1999 1514 2147 1569 enim

568 1611 799 1666 actionis
832 1609 1167 1679 principium
1205 1616 1310 1665 est.
1360 1606 1417 1663 In
1462 1607 1622 1663 nobis
1670 1606 1841 1677 igitur
1890 1605 2007 1661 haec
2042 1605 2149 1661 sita

568 1709 719 1765 sunt,
752 1716 874 1771 qua:
923 1699 1192 1754 alterutro
1227 1700 1391 1755 modo
1420 1707 1653 1770 possunt
1700 1698 1944 1760 evenire,
1976 1697 2146 1763 velut,

2245 514 2379 582 ἡμῖν
2400 528 2413 542 ·
2449 510 2544 565 καλ⁴
2576 508 2788 571 ἁπλῶς,
2814 503 2895 570 οἷς
2937 506 3133 559 ἕπεται
3176 501 3421 573 ψόγοςοῆ
3449 502 3692 567 ἔπαινος,
3731 506 3807 556 καὶ

2245 604 2329 672 ἐφ’
2353 597 2435 665 οἷς
2465 602 2582 654 ἐστι
2616 598 2903 669 προτροπὴ
2931 597 3026 650 καὶ
3050 596 3237 665 νόμος.
3256 594 3478 665 κυρίως
3502 594 3557 647 δὲ
3584 595 3669 662 ἐφ’
3696 598 3807 665 ἡμῖν

2245 696 2365 747 εστι
2393 692 2463 746 τὰ
2494 690 2753 762 ψυχικὰιι
2792 689 2994 755 πάντα,
3031 687 3127 741 καὶ
3157 685 3287 756 περὶ
3312 678 3388 741 ὧν
3418 684 3804 755 βουλευόμεθα·

2245 788 2279 857 ἠ
2318 787 2377 839 δὲ
2413 784 2577 854 βουλὴ
2622 783 2741 838 τῶν
2766 781 2963 850 ὲπίσης
2996 777 3365 848 ἐνδεχομένων
3393 776 3564 831 ἐστίν.
3604 778 3806 847 Ἐπίσης

2244 880 2303 933 δὲ
2337 877 2689 948 ἐνδεχόμενόν
2734 877 2905 941 ἐστιν,
2946 873 2973 925 ὃ
3020 872 3155 925 αὐτό
3185 889 3245 924 τε
3280 871 3586 941 δυνάμεθα,
3630 872 3720 925 καὶΙ
3757 876 3806 926 τὺ

2247 970 2630 1039 ἀντικείμενον
2659 967 2809 1036 αὐτῷ
2832 983 2847 996 ο
2875 966 3118 1019 ποιεῖται
3159 963 3217 1017 δὲ
3257 962 3452 1015 τούτου
3479 962 3579 1033 τὴν
3620 962 3806 1033 αἵρεσιν

2245 1064 2274 1115 ὁ
2304 1061 2429 1126 νοῦς
2458 1063 2487 1115 ὁ
2527 1060 2799 1131 ἡμέτερος
2818 1074 2831 1086 '
2870 1056 2965 1111 καὶ
3011 1046 3171 1119 οὗτός
3196 1054 3346 1107 ἐστιν
3386 1053 3529 1123 ἀρχὴ

2248 1154 2433 1208 Ταῦτα
2462 1152 2646 1206 τοίνυν
2692 1150 2812 1203 ἐστὶ
2834 1147 2903 1203 τὰ
2935 1148 3019 1217 ἐφ’
3055 1148 3209 1218 ἡμῖν,
3261 1144 3335 1200 τὰ
3389 1144 3587 1215 ἐπίσης
3624 1143 3807 1213 ενδεχόι

2251 1263 2391 1317 μενα
2409 1263 2423 1276 ·
2464 1239 2577 1300 οἷον
2610 1243 2675 1296 τὸ
2704 1241 2979 1296 κινεῖσθαι
3008 1239 3104 1294 καὶ
3131 1239 3194 1292 τὸ
3226 1240 3302 1310 μὴ
3338 1238 3629 1303 κινεῖσθαι,
3656 1239 3807 1307 ὀρμᾷν

2201 1389 2208 1395 ,
2249 1338 2344 1391 καὶ
2379 1336 2454 1406 μὴ
2481 1336 2682 1407 ὁρμᾷν,
2720 1331 3014 1405 ὀρέγεσθαι
3039 1329 3148 1384 τῶν
3186 1330 3263 1400 μὴ
3282 1326 3611 1396 ἀναγκαίων,
3632 1328 3721 1380 καὶ
3747 1326 3807 1396 μὴ

2248 1425 2561 1497 ὀρέγεσθαι,
2591 1422 2888 1494 ψεύδεσθαι
2918 1420 3014 1474 καὶ
3046 1420 3124 1491 μὴ
3150 1418 3468 1489 ψεύδεσθαι,
3504 1417 3699 1471 διδόναι
3729 1418 3806 1467 καὶ

2253 1517 2328 1587 μὴ
2388 1516 2614 1580 διδόναι,
2665 1515 2884 1585 χαίρειν
2934 1510 3022 1581 ἐφ’
3076 1505 3158 1574 οἷς
3220 1508 3428 1563 δεῖκαὶ
3487 1508 3563 1579 μὴ
3615 1508 3802 1576 χαίρειν

2248 1609 2474 1679 ὁμοίως,
2512 1607 2608 1661 καὶ
2632 1606 2717 1675 ἐφ’
2751 1602 2834 1669 οἷς
2872 1605 2935 1657 οὐ
2965 1604 3066 1670 δεῖ,
3102 1603 3198 1657 καὶ
3227 1602 3329 1655 ὅσα
3375 1600 3626 1667 τοιαῦτα,
3656 1602 3711 1653 ἐν
3735 1594 3801 1662 οἷς

2251 1702 2369 1755 ἐστι
2401 1700 2471 1754 τὰ
2494 1700 2597 1771 τῆς
2630 1697 2856 1769 ἀρετῆς,
2887 1695 2984 1750 καὶ
3019 1695 3089 1750 τὰ
3121 1695 3223 1765 τῆς
3254 1695 3457 1757 κακίας
3497 1691 3653 1765 ἔργα.
3688 1692 3805 1744 Τού-

568 1792 799 1857 moveri,
828 1798 885 1845 et
916 1805 1024 1845 non
1060 1790 1309 1857 moveri;
1365 1790 1612 1853 incitari,
1649 1798 1706 1845 et
1755 1804 1865 1844 non
1899 1790 2143 1857 incitari;

2255 1810 2356 1846 των
2388 1792 2495 1862 γάρ
2528 1793 2700 1861 ἐσμεν
2730 1786 3096 1859 αὐτεξούσιοι.
3134 1785 3259 1839 Τῶν
3287 1786 3342 1839 δὲ
3376 1785 3581 1855 ἐπίσης
3625 1784 3806 1853 ἐνδεχο-

567 1891 823 1950 appetere
864 1897 988 1952 quas
1033 1882 1346 1938 necessaria
1395 1898 1508 1937 non
1567 1888 1720 1947 sunt,
1760 1892 1815 1937 et
1848 1896 1958 1936 non
1985 1896 2156 1951 appe-

568 1981 722 2037 tere;
754 1972 995 2037 mentiri,
1024 1980 1080 2026 et
1111 1988 1220 2027 non
1247 1972 1506 2039 mentiri;
1540 1972 1810 2035 tribuere,
1832 1982 1888 2027 et
1910 1986 2023 2027 non
2053 1971 2154 2026 tri-

2257 1883 2434 1955 μένων
2480 1882 2589 1936 εἰσὶ
2616 1881 2709 1936 καὶ
2736 1881 2796 1935 αἱ
2830 1877 3018 1950 τέχναι
3044 1892 3060 1909 ⁶
3091 1878 3180 1948 ἐφ’
3205 1878 3339 1949 ἡμῖν
3363 1876 3476 1948 γάρ
3500 1877 3620 1929 ἔστι
3649 1874 3806 1945 μετελ-

2254 1974 2372 2028 θεῖν
2402 1974 2473 2045 ἥν
2504 1972 2573 2028 ἂν
2602 1972 2945 2043 θελήσωμεν,
2971 1971 3069 2026 καὶ
3101 1969 3179 2041 μὴ
3215 1969 3518 2040 μετελθεῖν.

567 2062 768 2131 buere;
796 2063 1038 2133 gaudere
1062 2062 1191 2118 dum
1221 2063 1496 2129 convenit,
1525 2071 1581 2119 et
1595 2063 1849 2119 similiter
1877 2078 1991 2118 non
2018 2062 2283 2135 gaudere,
2316 2074 2374 2121 et
2403 2064 2496 2121 ubi
2528 2079 2640 2120 non
2672 2063 2956 2128 convenit,
3025 2069 3340 2130 ceteraque
3405 2058 3701 2127 ejusmodi,
3762 2056 3804 2109 in

570 2154 771 2223 quibus
805 2154 1029 2209 virtutis
1058 2163 1113 2210 et
1152 2152 1269 2209 vitii
1314 2150 1544 2210 munera
1575 2164 1891 2211 versantur.
1936 2154 2147 2211 Horum
2172 2157 2318 2213 enim
2372 2172 2543 2229 penes
2582 2170 2686 2212 nos
2708 2157 2881 2213 libera
2911 2163 2998 2210 est
3060 2162 3328 2224 potestas.
3365 2151 3519 2207 inter
3582 2165 3645 2206 ea
3708 2163 3805 2220 qua:

569 2260 827 2316 peraeque
856 2244 912 2299 in
943 2253 1234 2315 utramque
1274 2252 1485 2316 partem
1534 2247 1860 2317 contingere
1905 2256 2163 2318 possunt,
2202 2256 2353 2308 artes
2387 2255 2773 2306 numerantur.
2817 2246 2990 2304 Penes
3023 2260 3128 2303 nos
3153 2244 3300 2301 enim
3331 2251 3419 2300 est
3473 2258 3571 2300 eas
3627 2241 3803 2304 colere.

570 2343 625 2392 et
653 2352 763 2391 non
794 2337 998 2393 colere.
1058 2368 1065 2375 -

570 2480 587 2501 ρ
641 2424 1061 2483 Observandum
1093 2437 1276 2484 autem
1300 2438 1408 2496 est,
1446 2443 1641 2486 eorum
1676 2444 1801 2500 qua:
1839 2430 1943 2487 sub
1977 2431 2155 2487 actio-

571 2530 696 2570 nem
732 2513 956 2582 cadunt,
981 2517 1304 2573 electionem
1334 2517 1558 2589 quidem
1594 2534 1814 2591 semper
1851 2521 1909 2576 in
1961 2530 2155 2577 nostra

2324 2428 2448 2499 Χρὴ
2476 2426 2534 2481 δὲ
2567 2424 2884 2495 γινώσκειν,
2920 2423 2998 2487 ὡς
3035 2424 3069 2495 ἡ
3121 2423 3224 2494 μὲν
3262 2424 3476 2495 αἵρεσις
3525 2421 3631 2475 τῶν
3678 2437 3797 2489 πρα-

2254 2518 2402 2575 κτῶν
2424 2528 2451 2558 ν
2479 2518 2568 2574 ἀεὶ
2602 2517 2688 2586 ἐφ’
2719 2516 2856 2586 ἡμῖν
2897 2515 3051 2568 ἐστιν
3074 2531 3088 2545 ·
3125 2514 3159 2584 ἡ
3205 2514 3263 2566 δὲ
3320 2512 3529 2583 πρᾶξις
3577 2512 3805 2576 πολλάκις

572 2607 843 2670 potestate
889 2616 1013 2657 esse
1040 2619 1055 2656 :
1084 2611 1344 2660 caeterum
1392 2606 1664 2662 actionem
1711 2622 1856 2679 saepe
1902 2607 2152 2680 impediri

2255 2611 2545 2677 κωλύεται,
2574 2607 2717 2664 κατά
2735 2624 2861 2663 τινα
2892 2612 3099 2679 τρόπον
3132 2605 3234 2676 τῆς
3264 2605 3417 2668 Θείας
3448 2606 3716 2675 προνοίας.

573 2703 725 2751 certa
756 2694 988 2763 quadam
1017 2694 1387 2751 Providentiae
1424 2697 1640 2754 ratione
1666 2698 1733 2753 ’°.

1162 2782 1313 2838 CAP.
1348 2782 1561 2844 XXVII.

644 2873 820 2937 Onam
848 2873 912 2928 ob
942 2889 1161 2930 causam
1186 2874 1354 2930 libero
1386 2877 1613 2932 arbitrio
1640 2878 1857 2948 prazditi
1889 2879 2078 2936 simus.

646 3027 862 3092 Creata,
893 3038 1080 3097 suapte
1113 3040 1309 3085 natura
1340 3031 1644 3087 mutabilia.
1674 3033 1918 3089 Libertas
1943 3034 2155 3091 arbitrii

577 3119 777 3172 rationi
814 3135 1042 3175 annexa.
1082 3118 1254 3175 Nulla
1281 3122 1336 3175 in
1367 3122 1538 3177 brutis
1562 3124 1776 3179 arbitrii
1810 3124 2049 3181 libertas.
2084 3155 2153 3169 ~—

574 3209 947 3287 Qnamobrem
982 3226 1093 3265 una
1128 3226 1254 3266 cum
1292 3213 1526 3279 ratione,
1574 3214 1790 3270 arbitrii
1830 3232 2049 3287 quoque
2085 3218 2154 3272 li-

2730 2778 2984 2832 ΚΕΦΔΛ.
3030 2778 3134 2830 KZ'
3171 2775 3358 2849 [MA'].

2258 2873 2400 2944 Περὶ
2427 2872 2556 2939 τοῦ,
2581 2871 2681 2927 διὰ
2707 2870 2892 2925 ποίαν
2927 2871 3130 2925 αἰτίαν
3168 2868 3557 2933 αὐτεξούσια
3597 2869 3801 2940 reg-ora-

3003 2957 3096 2995 εν.

3003 2959 3096 2995 εν.

2293 3035 2513 3113 ,Φαμὲν
2542 2996 2724 3089 τοίνυν
2764 2959 3001 3097 εὐθέωέι
3018 3032 3096 3103 τῷ
3133 3029 3337 3101 λογικῷ
3391 3029 3799 3102 συνεισέρχεσθαι

2262 3126 2325 3180 τὸ
2354 3124 2701 3190 αὐτεξούσιον
2723 3139 2771 3192 ι,
2803 3124 2900 3178 καὶ
2942 3125 3054 3187 τοῖς
3106 3122 3390 3192 γεννητοῖς
3424 3120 3800 3190 συμπεφυκέναι

2263 3214 2571 3290 μεταϐολὴν
2624 3217 2719 3272 καὶ
2771 3216 3003 3289 τροπήν.
3058 3215 3175 3268 Πᾶν
3230 3214 3343 3285 γὰρ
3382 3212 3677 3285 γεννητὸν,
3727 3216 3800 3264 καὶ

573 3300 842 3356 bertatem
878 3302 1139 3360 accedere
1165 3302 1405 3360 dicimus
1441 3302 1530 3377 [ac
1560 3307 1761 3362 creatis
1784 3307 1949 3364 rebus
1979 3319 2152 3364 muta-

2259 3310 2492 3381 τρεπτόν
2519 3311 2688 3365 ἐστιν.
2718 3302 2822 3363 Ὧν
2859 3309 2969 3379 γάρ
3003 3309 3038 3379 ὴ
3075 3305 3219 3379 άρχὴ
3265 3305 3365 3374 τῆς
3413 3306 3676 3373 γενέσεως
3716 3300 3799 3357 ἀπὸ

575 3391 780 3446 tionem
815 3392 1043 3448 omnino
1080 3394 1432 3465 congenitam
1474 3394 1646 3468 esse].
1695 3396 1973 3468 Quidquid
2012 3399 2157 3455 enim

574 3490 817 3535 creatum
857 3488 962 3545 est,
1021 3484 1315 3539 mutationi
1367 3501 1588 3557 quoque
1643 3488 1936 3557 subjicitur
1964 3491 2030 3543 ".
2074 3488 2155 3545 Si-

573 3572 796 3643 quidem
854 3590 1090 3645 quorum
1152 3579 1437 3648 generatio
1485 3595 1516 3633 a
1581 3581 1884 3638 mutatione
1943 3582 2157 3637 initium

574 3666 751 3732 duxit,
793 3681 857 3722 ea
894 3683 1115 3740 quoque
1167 3671 1453 3726 mutabilia
1487 3687 1609 3729 esse
1637 3675 2015 3731 necessarium
2050 3684 2155 3732 est.

576 3754 673 3809 Est
701 3764 882 3811 autem
914 3758 1168 3825 mutatio,
1202 3775 1329 3814 cum
1357 3762 1489 3832 quid
1517 3778 1583 3817 ex
1607 3764 1780 3819 nihilo
1806 3765 2149 3835 producitur,

576 3854 741 3915 atque
779 3864 843 3903 ex
873 3848 1120 3927 subjecta
1152 3852 1383 3907 materia
1415 3853 1696 3924 quidpiam
1730 3854 1878 3917 aliud
1903 3856 2156 3912 efficitur.

575 3934 645 3990 Et
691 3937 909 4008 quidem
955 3954 1018 4019 ea
1053 3955 1175 4010 qua:
1221 3943 1402 3998 anima
1451 3953 1665 4013 carent,
1717 3946 1961 4019 itemque
1998 3949 2159 4003 bruta

576 4028 877 4084 animantia
904 4030 1062 4101 juxta
1106 4047 1405 4104 corporeus
1456 4036 1599 4102 illos,
1643 4053 1783 4107 quos
1831 4039 2160 4095 memoravi-

578 4133 723 4185 mus,
759 4121 953 4178 modos
982 4122 1351 4180 immutantur
1382 4145 1396 4184 :
1430 4129 1781 4184 rationabilia
1810 4139 2012 4197 autem,
2069 4146 2160 4185 ra-

576 4211 725 4266 tione
748 4212 1075 4269 electionis:
1104 4230 1228 4271 nam
1265 4217 1500 4274 facultas
1541 4220 1828 4275 rationalis
1864 4222 2065 4291 partim
2103 4222 2158 4277 in

576 4303 1063 4372 contemplatione,
1107 4307 1310 4375 partim
1360 4309 1417 4362 in
1470 4310 1688 4365 actione
1720 4321 1991 4367 versatur.
2028 4313 2160 4379 Quae

578 4394 632 4447 in
663 4395 1131 4464 contemplatione
1167 4398 1452 4464 consistit,
1478 4415 1567 4455 res
1597 4409 1655 4455 ut
1683 4416 1742 4457 se
1768 4401 1990 4469 habent,
2020 4417 2157 4458 con-

576 4482 804 4538 siderat.
837 4482 930 4538 Illa
960 4500 1091 4541 vero
1118 4487 1172 4542 in
1204 4489 1422 4545 actione
1448 4492 1626 4562 posita
1658 4501 1764 4557 est,
1791 4509 1912 4564 quae
1942 4496 2160 4552 consul-

574 4582 678 4639 tat,
706 4581 762 4631 et
791 4576 957 4634 rebus
995 4579 1223 4650 agendis
1276 4590 1482 4637 rectam
1518 4584 1787 4639 rationem
1826 4588 2155 4656 praescribit.

2259 3400 2466 3469 τροπῆς
2498 3395 2723 3469 ἤρξατο,
2759 3397 2975 3468 ἀνάγκη
3003 3395 3177 3451 ταῦτα
3201 3392 3417 3465 τρεπτὰ
3447 3389 3610 3449 εἶναι.
3640 3390 3797 3462 Τροπὴ

2258 3487 2315 3540 δέ
2337 3489 2476 3553 ἐστι,
2515 3488 2576 3542 τὸ
2612 3491 2676 3542 ἐκ
2712 3488 2788 3561 μὴ
2817 3488 2988 3543 ὄντων
3030 3489 3113 3551 εἰς
3166 3486 3228 3540 τὺ
3272 3482 3414 3541 εἶναι
3464 3485 3795 3561 παραχθῆναι,

2260 3579 2359 3631 καὶ
2383 3579 2444 3632 τὸ
2476 3578 2537 3644 ἐξ
2566 3579 2940 3650 ὑποκειμένης
2970 3576 3105 3649 ὕλης
3148 3577 3338 3647 ἕτερόν
3368 3594 3421 3630 τι
3459 3577 3719 3646 γενέσθαι.
3739 3573 3797 3625 Τὰ

2263 3671 2363 3741 μὲν
2395 3666 2487 3725 οὖν
2517 3673 2700 3743 ἄψυχα
2728 3673 2826 3726 καὶ
2860 3671 3032 3739 ἄλογα
3065 3672 3363 3741 τρέπονται
3404 3671 3549 3725 κατὰ
3572 3669 3664 3732 τὰς
3694 3682 3797 3736 προ·

2259 3763 2561 3835 ειρημὲνας
2612 3763 2936 3835 σωματικὰς
2983 3760 3333 3827 ἀλλοιώσεις,
3385 3763 3457 3816 τὰ
3515 3762 3572 3816 δὲ
3619 3757 3795 3829 λογικὰ,

2262 3855 2408 3909 κατὰ
2469 3857 2811 3928 προαίρεσιν.
2858 3857 2967 3910 Τοῦ
3020 3856 3129 3926 γὰρ
3184 3854 3405 3923 λογικοῦ
3465 3856 3529 3907 τὸ
3574 3853 3665 3923 μέν
3707 3853 3795 3903 ἐστι

2261 3942 2616 4014 θεωρητικὸν,
2648 3943 2709 3998 τὸ
2748 3945 2804 3998 δὲ
2850 3944 3178 4018 πρακτικόν.
3220 3943 3568 4014 Θεωρητικὺν
3620 3942 3724 4013 μὲν,
3753 3937 3797 3988 τὸ

2260 4035 2558 4089 κατανοοῦν
2590 4035 2667 4102 ᾡς
2700 4035 2815 4106 ἔχει
2867 4035 2936 4089 τὰ
2969 4035 3130 4089 ὄνταο
3168 4035 3476 4108 πρακτικὸν
3508 4036 3585 4099 δὲ,
3618 4034 3672 4087 τὸ
3698 4032 3795 4102 βου-

2257 4126 2529 4194 λευτικὸν,
2551 4126 2613 4181 τδ
2640 4127 2823 4199 ὁρίζον
2846 4130 2961 4192 τοῖς
2987 4130 3254 4199 πρακτοῖς
3279 4136 3309 4176 γ
3331 4128 3423 4180 τὸν
3446 4127 3605 4198 ὀρθὸν
3644 4125 3792 4192 λόγον’

2260 4220 2356 4274 καὶ
2384 4218 2613 4273 καλοῦσι
2642 4219 2705 4273 τὸ
2736 4221 2831 4291 μὲν
2858 4218 3211 4292 θεωρητικὸν,
3247 4218 3394 4285 νοῦν,
3426 4219 3489 4273 τὸ
3517 4220 3570 4272 δὲ
3604 4232 3793 4288 πρακτιο

2259 4310 2375 4378 κον,
2411 4309 2601 4379 λόγον’
2640 4310 2734 4364 καὶ
2772 4310 2833 4364 τὸ
2884 4309 2985 4381 μὲν
3019 4310 3377 4381 θεωρητικὸν,
3427 4310 3639 4379 σοφίαν,
3666 4307 3719 4359 τὸ
3748 4303 3792 4356 δὲ

2260 4401 2588 4472 πρακτικὸν,
2617 4401 2903 4471 φρόνησιν.
2948 4402 3063 4464 Πᾶς
3111 4397 3207 4455 οὖν
3238 4403 3267 4455 ὁ
3310 4401 3707 4471 βουλευόμενος,
3738 4394 3795 4455 ὡς

2259 4494 2346 4546 ἐπ’
2387 4492 2536 4562 αὐτῷ
2568 4492 2666 4561 τῆς
2696 4492 2969 4563 αἱρέσεως
3012 4486 3183 4562 οὔσης
3206 4491 3326 4545 ’τῶν
3364 4490 3669 4569 πρακτέων,
3697 4488 3793 4557 βου-

2261 4583 2500 4650 λεύεται,
2539 4584 2627 4637 ἵνα
2673 4583 2736 4637 τὸ
2773 4581 3076 4654 προκριθὲν
3134 4583 3197 4635 ὲκ
3229 4581 3329 4651 τῆς
3377 4582 3573 4652 βουλῆς
3619 4580 3792 4647 ἕληται,

575 4666 745 4737 Atqui
796 4676 1009 4738 partem
1081 4670 1229 4725 illam
1290 4688 1413 4742 qua:
1466 4677 1916 4746 contemplationi
1974 4689 2152 4746 vacat,

2262 4677 2358 4732 καὶ
2386 4676 2643 4745 ἑλόμενος
2676 4675 2895 4748 πράξῃ·
2930 4677 2980 4729 εἰ
3024 4675 3081 4729 δὲ
3104 4673 3284 4741 τοῦτο,
3316 4674 3378 4739 ἐξ
3420 4676 3661 4744 ἀνάγκης
3685 4685 3794 4739 παρ·

576 4765 815 4813 mentem
844 4770 1198 4831 nuncupant;
1228 4777 1351 4833 qua:
1392 4779 1524 4820 vero
1584 4767 1810 4832 actioni,
1862 4770 2153 4827 rationem.

575 4848 655 4901 Ac
708 4864 924 4917 rursus,
990 4852 1141 4906 illam
1194 4855 1543 4924 sapientiam,
1598 4856 1760 4913 istam
1809 4860 2156 4929 prudentiam

577 4938 878 5007 appellant.
930 4938 1204 5006 Quocirca
1260 4944 1519 5015 quisquis
1571 4949 1871 5015 consultat,
1929 4952 2163 5021 perinde

577 5028 878 5096 consultat,
920 5038 1181 5101 tanquam
1207 5048 1390 5089 rerum
1425 5036 1758 5105 agendarum
1779 5055 1946 5110 penes
1974 5043 2156 5113 ipsum

579 5123 826 5185 potestas
864 5117 959 5184 sit,
995 5127 1056 5173 ut
1104 5120 1265 5192 195
1308 5122 1457 5192 quod
1484 5139 1553 5179 ex
1590 5126 1998 5185 consultatiOne
2041 5146 2160 5187 me-

550 5207 687 5269 ,tius
746 5209 926 5268 visum
986 5209 1177 5277 fuerit,
1230 5212 1338 5269 hoc
1384 5214 1589 5285 eligat;
1623 5224 1680 5272 et
1735 5233 1860 5275 cum
1912 5221 2162 5294 elegerit,

655 5389 699 5421 ⁸ο
722 5386 940 5445 Nemes.
973 5403 1024 5447 c.
1056 5391 1149 5446 '57.
1222 5392 1267 5424 ἰ
1300 5391 1524 5450 Nemes.
1544 5410 1595 5452 c.
1624 5396 1715 5451 41.

2265 4768 2560 4838 υφίσταται
2590 4768 2669 4839 τῷ
2697 4767 2904 4839 λογικῷ
2946 4768 3009 4823 τὸ
3058 4766 3409 4831 αὐτεξούσιον
3440 4784 3456 4797 ο
3494 4767 3529 4838 ἢ
3586 4767 3683 4837 γὰρ
3721 4761 3793 4813 οὐκ

2262 4858 2417 4912 ἔσται
2446 4858 2687 4927 λογικὸν,
2719 4860 2753 4931 ἢ
2786 4860 3008 4928 λογικὸν
3038 4860 3121 4925 ὃν,
3157 4859 3349 4937 κύριον
3378 4859 3534 4913 ἐσται
3565 4856 3792 4929 πράξεων.

2262 4951 2360 5005 καλ⁸
2390 4951 2760 5019 αὐτεξούσιον.
2782 4953 2946 5006 Ὅθεν
2979 4952 3073 5006 καὶ
3103 4952 3173 5006 τά
3201 4951 3373 5020 ἄλογα
3404 4952 3507 5005 οὐκ
3534 4949 3663 5003 εἰσὶν
3690 4946 3792 4999 αὐτο

2267 5041 2518 5110 egetis-tan
2545 5043 2772 5112 ἄγονται
2794 5044 2905 5115 γάρ
2935 5043 3137 5114 μᾶλλον
3184 5043 3291 5097 ὑπὸ
3315 5044 3417 5113 τῆς
3433 5041 3659 5113 φύσεως,
3684 5040 3793 5106 ἥπερ

2259 5134 2494 5203 ἄγουσι·
2545 5135 2629 5189 διὸ
2680 5135 2803 5189 οὐδὲ
2862 5134 3211 5204 ἀντιλέγουσι
3258 5138 3326 5206 τῇ
3382 5136 3585 5203 φυσικῇ
3632 5127 3791 5198 ὀρέξει,
3838 5168 3845 5179 .

2262 5222 2379 5277 ἀλλ’
2401 5222 2521 5293 ἅμα
2561 5224 2835 5297 ὀρεχθῶσί
2858 5241 3028 5293 τινος,
3059 5222 3274 5294 ὁρμῶσι
3306 5222 3444 5293 πρὸς
3475 5222 3574 5293 τὴν
3610 5214 3790 5289 πρᾶξιν·

1855 5482 2093 5538 VARle
2134 5483 2544 5542 LECTIONES.

650 5581 681 5663 ξι
711 5568 778 5663 [ᾗ.
808 5571 938 5663 τά
964 5573 1063 5663 τῆξ
1094 5573 1289 5663 ιξυχῆς.
1318 5574 1513 5663 Melius
1545 5552 1772 5663 ψυχικὸι,
1793 5591 1914 5663 qum
1953 5584 2149 5663 contra
2176 5579 2405 5663 φυσικὰ,
2434 5587 2596 5634 antea
2620 5579 2900 5663 distinxit.
2974 5591 3001 5617 ν
3026 5581 3241 5663 Nemes.
3278 5567 3791 5663 π-ρακτροξνοηξζξξξ

580 5642 857 5722 supplevit
887 5641 1254 5722 Combet‘isiii's
1284 5662 1348 5701 ex
1378 5641 1656 5713 Nemcsio;
1692 5641 1765 5703 ut
1809 5641 1947 5702 ratio
1981 5641 2288 5720 assignetur
2352 5641 2455 5705 cur
2489 5659 2742 5707 creatura
2796 5650 3013 5711 ratione
3046 5650 3273 5722 praedita
3313 5641 3466 5708 l'ibcri
3496 5646 3567 5701 sit
3595 5641 3787 5698 arbitrii.
3872 5670 3873 5722 ξ

577 5719 608 5759 y
654 5707 807 5763 Multi
842 5712 1002 5767 codd.
1042 5713 1353 5779 πρακτέοις.
