  <div class='ocr_page' id='page_1' title='image "/cluster/home/n/w/nwhite01/storage/ocr_20150623/94/hvd.32044052838174/578.png"; bbox 0 0 3950 6304; ppageno 0'>
   <div class='ocr_carea' id='block_1_1' title="bbox 130 411 3409 483">
    <p class='ocr_par' dir='ltr' id='par_1_1' title="bbox 130 411 3409 483">
     <span class='ocr_line' id='line_1_1' title="bbox 130 411 3409 483; baseline -0.004 -3"><span class='ocrx_word' id='word_1_1' title='bbox 130 414 238 480; x_wconf 79' lang='lat' dir='ltr'><strong>9m</strong></span> <span class='ocrx_word' id='word_1_2' title='bbox 1170 413 1268 472; x_wconf 90' lang='lat' dir='ltr'><strong>DE</strong></span> <span class='ocrx_word' id='word_1_3' title='bbox 1301 412 1479 471; x_wconf 83' lang='lat' dir='ltr'><strong>FIDE</strong></span> <span class='ocrx_word' id='word_1_4' title='bbox 1514 411 1979 472; x_wconf 65' lang='lat' dir='ltr'><strong>onmonoxa</strong></span> <span class='ocrx_word' id='word_1_5' title='bbox 2012 412 2158 473; x_wconf 87' lang='lat' dir='ltr'><strong>LIB.</strong></span> <span class='ocrx_word' id='word_1_6' title='bbox 2202 414 2283 474; x_wconf 93' lang='lat' dir='ltr'><strong>I[.</strong></span> <span class='ocrx_word' id='word_1_7' title='bbox 3304 420 3409 483; x_wconf 63' lang='lat' dir='ltr'><strong>96g</strong></span> 
     </span>
    </p>
   </div>
   <div class='ocr_carea' id='block_1_2' title="bbox 140 518 1710 596">
    <p class='ocr_par' dir='ltr' id='par_1_2' title="bbox 140 519 1710 596">
     <span class='ocr_line' id='line_1_2' title="bbox 140 519 1710 596; baseline -0.004 -19"><span class='ocrx_word' id='word_1_8' title='bbox 140 526 202 577; x_wconf 82' lang='grc' dir='ltr'>ὐ</span> <span class='ocrx_word' id='word_1_9' title='bbox 227 528 284 580; x_wconf 80' lang='grc' dir='ltr'><strong>δὲ</strong></span> <span class='ocrx_word' id='word_1_10' title='bbox 302 524 612 596; x_wconf 85' lang='grc' dir='ltr'>ἄνθρωπος,</span> <span class='ocrx_word' id='word_1_11' title='bbox 648 523 865 591; x_wconf 78' lang='grc' dir='ltr'>λογικὸς</span> <span class='ocrx_word' id='word_1_12' title='bbox 906 521 1001 587; x_wconf 87' lang='grc' dir='ltr'><strong>ῶν,</strong></span> <span class='ocrx_word' id='word_1_13' title='bbox 1028 522 1154 588; x_wconf 75' lang='grc' dir='ltr'>ἄγει</span> <span class='ocrx_word' id='word_1_14' title='bbox 1192 522 1396 591; x_wconf 79' lang='grc' dir='ltr'>μᾶλλον</span> <span class='ocrx_word' id='word_1_15' title='bbox 1414 519 1513 590; x_wconf 83' lang='grc' dir='ltr'>τὴν</span> <span class='ocrx_word' id='word_1_16' title='bbox 1533 519 1710 587; x_wconf 60' lang='grc' dir='ltr'>φύσιν,</span> 
     </span>
    </p>
   </div>
   <div class='ocr_carea' id='block_1_3' title="bbox 1818 518 3407 596">
    <p class='ocr_par' dir='ltr' id='par_1_3' title="bbox 1825 518 3407 593">
     <span class='ocr_line' id='line_1_3' title="bbox 1825 518 3407 593; baseline 0.007 -20"><span class='ocrx_word' id='word_1_17' title='bbox 1825 526 2185 589; x_wconf 77' lang='lat' dir='ltr'><strong>exsequatur.</strong></span> <span class='ocrx_word' id='word_1_18' title='bbox 2226 518 2382 585; x_wconf 83' lang='lat' dir='ltr'><strong>Quod</strong></span> <span class='ocrx_word' id='word_1_19' title='bbox 2413 534 2537 575; x_wconf 89' lang='lat' dir='ltr'><strong>cum</strong></span> <span class='ocrx_word' id='word_1_20' title='bbox 2571 522 2644 577; x_wconf 88' lang='lat' dir='ltr'><strong>ita</strong></span> <span class='ocrx_word' id='word_1_21' title='bbox 2683 524 2777 593; x_wconf 91' lang='lat' dir='ltr'><strong>sit,</strong></span> <span class='ocrx_word' id='word_1_22' title='bbox 2808 525 3019 581; x_wconf 83' lang='lat' dir='ltr'><strong>arbitrii</strong></span> <span class='ocrx_word' id='word_1_23' title='bbox 3059 526 3284 583; x_wconf 88' lang='lat' dir='ltr'><strong>libertas</strong></span> <span class='ocrx_word' id='word_1_24' title='bbox 3316 547 3407 584; x_wconf 87' lang='lat' dir='ltr'><strong>ra-</strong></span> 
     </span>
    </p>
   </div>
   <div class='ocr_carea' id='block_1_4' title="bbox 125 608 1710 690">
    <p class='ocr_par' dir='ltr' id='par_1_4' title="bbox 125 611 1710 690">
     <span class='ocr_line' id='line_1_4' title="bbox 125 611 1710 690; baseline -0.006 -18"><span class='ocrx_word' id='word_1_25' title='bbox 125 623 278 690; x_wconf 70' lang='grc' dir='ltr'>ἢπερ</span> <span class='ocrx_word' id='word_1_26' title='bbox 303 619 501 685; x_wconf 76' lang='grc' dir='ltr'>ἄγεται</span> <span class='ocrx_word' id='word_1_27' title='bbox 523 632 535 645; x_wconf 90' lang='grc'><strong>·</strong></span> <span class='ocrx_word' id='word_1_28' title='bbox 578 615 661 669; x_wconf 83' lang='grc' dir='ltr'><strong>διὸ</strong></span> <span class='ocrx_word' id='word_1_29' title='bbox 688 616 785 668; x_wconf 76' lang='grc' dir='ltr'><strong>καὶ</strong></span> <span class='ocrx_word' id='word_1_30' title='bbox 825 615 1179 684; x_wconf 83' lang='grc' dir='ltr'><strong>ὀρεγόμενος,</strong></span> <span class='ocrx_word' id='word_1_31' title='bbox 1216 612 1377 683; x_wconf 76' lang='grc' dir='ltr'>εἴπερ</span> <span class='ocrx_word' id='word_1_32' title='bbox 1406 611 1604 674; x_wconf 75' lang='grc' dir='ltr'>ἐθέλοι,</span> <span class='ocrx_word' id='word_1_33' title='bbox 1630 612 1710 675; x_wconf 80' lang='grc' dir='ltr'><strong>ἐξ·</strong></span> 
     </span>
    </p>
   </div>
   <div class='ocr_carea' id='block_1_5' title="bbox 1818 608 3409 690">
    <p class='ocr_par' dir='ltr' id='par_1_5' title="bbox 1821 608 3409 675">
     <span class='ocr_line' id='line_1_5' title="bbox 1821 608 3409 675; baseline 0.008 -14"><span class='ocrx_word' id='word_1_34' title='bbox 1821 608 1959 663; x_wconf 90' lang='lat' dir='ltr'><strong>tioni</strong></span> <span class='ocrx_word' id='word_1_35' title='bbox 2002 610 2213 663; x_wconf 83' lang='lat' dir='ltr'><strong>adnexa</strong></span> <span class='ocrx_word' id='word_1_36' title='bbox 2264 610 2341 665; x_wconf 93' lang='lat' dir='ltr'><strong>sit</strong></span> <span class='ocrx_word' id='word_1_37' title='bbox 2386 625 2614 667; x_wconf 72' lang='lat' dir='ltr'><strong>necesse</strong></span> <span class='ocrx_word' id='word_1_38' title='bbox 2641 622 2747 669; x_wconf 86' lang='lat' dir='ltr'><strong>est.</strong></span> <span class='ocrx_word' id='word_1_39' title='bbox 2779 616 2888 669; x_wconf 83' lang='lat' dir='ltr'><strong>Aut</strong></span> <span class='ocrx_word' id='word_1_40' title='bbox 2927 617 3072 670; x_wconf 83' lang='lat' dir='ltr'><strong>enim</strong></span> <span class='ocrx_word' id='word_1_41' title='bbox 3124 619 3409 675; x_wconf 70' lang='lat' dir='ltr'><strong>rationalis</strong></span> 
     </span>
    </p>
   </div>
   <div class='ocr_carea' id='block_1_6' title="bbox 125 701 1710 778">
    <p class='ocr_par' dir='ltr' id='par_1_6' title="bbox 125 703 1710 778">
     <span class='ocr_line' id='line_1_6' title="bbox 125 703 1710 778; baseline -0.004 -16"><span class='ocrx_word' id='word_1_42' title='bbox 125 710 321 763; x_wconf 87' lang='grc' dir='ltr'>ουσίαν</span> <span class='ocrx_word' id='word_1_43' title='bbox 363 708 479 778; x_wconf 74' lang='grc' dir='ltr'>ἔχει</span> <span class='ocrx_word' id='word_1_44' title='bbox 511 706 863 777; x_wconf 71' lang='grc' dir='ltr'><strong>ἀναχαιτίσαι</strong></span> <span class='ocrx_word' id='word_1_45' title='bbox 902 705 1005 775; x_wconf 87' lang='grc' dir='ltr'>τὴν</span> <span class='ocrx_word' id='word_1_46' title='bbox 1032 704 1236 776; x_wconf 77' lang='grc' dir='ltr'>δρεξιν,</span> <span class='ocrx_word' id='word_1_47' title='bbox 1267 705 1300 774; x_wconf 89' lang='grc' dir='ltr'>ἢ</span> <span class='ocrx_word' id='word_1_48' title='bbox 1354 703 1710 773; x_wconf 77' lang='grc' dir='ltr'>ἀκολουθῆσαι</span> 
     </span>
    </p>
   </div>
   <div class='ocr_carea' id='block_1_7' title="bbox 1818 701 3406 778">
    <p class='ocr_par' dir='ltr' id='par_1_7' title="bbox 1821 701 3406 771">
     <span class='ocr_line' id='line_1_7' title="bbox 1821 701 3406 771; baseline 0.006 -16"><span class='ocrx_word' id='word_1_49' title='bbox 1821 716 1929 755; x_wconf 87' lang='lat' dir='ltr'><strong>non</strong></span> <span class='ocrx_word' id='word_1_50' title='bbox 1959 702 2065 756; x_wconf 86' lang='lat' dir='ltr'><strong>erit</strong></span> <span class='ocrx_word' id='word_1_51' title='bbox 2092 701 2280 769; x_wconf 83' lang='lat' dir='ltr'><strong>homo,</strong></span> <span class='ocrx_word' id='word_1_52' title='bbox 2305 711 2401 756; x_wconf 88' lang='lat' dir='ltr'><strong>aut</strong></span> <span class='ocrx_word' id='word_1_53' title='bbox 2434 703 2480 757; x_wconf 89' lang='lat' dir='ltr'><strong>si</strong></span> <span class='ocrx_word' id='word_1_54' title='bbox 2508 704 2820 771; x_wconf 80' lang='lat' dir='ltr'><strong>rationalis,</strong></span> <span class='ocrx_word' id='word_1_55' title='bbox 2840 708 3139 763; x_wconf 79' lang='lat' dir='ltr'><strong>‘actionum</strong></span> <span class='ocrx_word' id='word_1_56' title='bbox 3181 725 3406 765; x_wconf 89' lang='lat' dir='ltr'><strong>suarum</strong></span> 
     </span>
    </p>
   </div>
   <div class='ocr_carea' id='block_1_8' title="bbox 125 791 1710 870">
    <p class='ocr_par' dir='ltr' id='par_1_8' title="bbox 125 792 1710 870">
     <span class='ocr_line' id='line_1_8' title="bbox 125 792 1710 870; baseline -0.006 -16"><span class='ocrx_word' id='word_1_57' title='bbox 125 802 292 870; x_wconf 80' lang='grc' dir='ltr'>αὐτῇ.</span> <span class='ocrx_word' id='word_1_58' title='bbox 324 800 488 853; x_wconf 83' lang='grc' dir='ltr'><strong>Ὅθεν</strong></span> <span class='ocrx_word' id='word_1_59' title='bbox 537 797 607 850; x_wconf 89' lang='grc' dir='ltr'><strong>τά</strong></span> <span class='ocrx_word' id='word_1_60' title='bbox 646 796 748 865; x_wconf 83' lang='grc' dir='ltr'>μὲν</span> <span class='ocrx_word' id='word_1_61' title='bbox 798 795 992 863; x_wconf 81' lang='grc' dir='ltr'>ἄλογα,</span> <span class='ocrx_word' id='word_1_62' title='bbox 1044 795 1165 848; x_wconf 80' lang='grc' dir='ltr'><strong>οὐδὲ</strong></span> <span class='ocrx_word' id='word_1_63' title='bbox 1211 793 1550 857; x_wconf 81' lang='grc' dir='ltr'>ἐπαινεῖται,</span> <span class='ocrx_word' id='word_1_64' title='bbox 1594 792 1710 845; x_wconf 77' lang='grc' dir='ltr'><strong>οὐδὲ</strong></span> 
     </span>
    </p>
   </div>
   <div class='ocr_carea' id='block_1_9' title="bbox 1818 791 3409 870">
    <p class='ocr_par' dir='ltr' id='par_1_9' title="bbox 1818 791 3409 857">
     <span class='ocr_line' id='line_1_9' title="bbox 1818 791 3409 857; baseline 0.005 -9"><span class='ocrx_word' id='word_1_65' title='bbox 1818 794 2079 849; x_wconf 87' lang='lat' dir='ltr'><strong>dominus</strong></span> <span class='ocrx_word' id='word_1_66' title='bbox 2123 793 2249 848; x_wconf 89' lang='lat' dir='ltr'><strong>erit.</strong></span> <span class='ocrx_word' id='word_1_67' title='bbox 2291 791 2451 849; x_wconf 85' lang='lat' dir='ltr'><strong>Unde</strong></span> <span class='ocrx_word' id='word_1_68' title='bbox 2478 794 2643 849; x_wconf 88' lang='lat' dir='ltr'><strong>etiam</strong></span> <span class='ocrx_word' id='word_1_69' title='bbox 2698 796 2860 852; x_wconf 87' lang='lat' dir='ltr'><strong>bruta</strong></span> <span class='ocrx_word' id='word_1_70' title='bbox 2907 800 3118 855; x_wconf 84' lang='lat' dir='ltr'><strong>arbitrii</strong></span> <span class='ocrx_word' id='word_1_71' title='bbox 3152 802 3409 857; x_wconf 87' lang='lat' dir='ltr'><strong>libertate</strong></span> 
     </span>
    </p>
   </div>
   <div class='ocr_carea' id='block_1_10' title="bbox 124 882 1710 965">
    <p class='ocr_par' dir='ltr' id='par_1_10' title="bbox 124 882 1710 962">
     <span class='ocr_line' id='line_1_10' title="bbox 124 882 1710 962; baseline -0.007 -16"><span class='ocrx_word' id='word_1_72' title='bbox 124 892 363 962; x_wconf 76' lang='grc' dir='ltr'><strong>ψέγεται</strong></span> <span class='ocrx_word' id='word_1_73' title='bbox 384 906 398 921; x_wconf 80' lang='grc'><strong><em>⁸</em></strong></span> <span class='ocrx_word' id='word_1_74' title='bbox 430 891 460 943; x_wconf 86' lang='grc' dir='ltr'><strong>ὁ</strong></span> <span class='ocrx_word' id='word_1_75' title='bbox 488 889 545 943; x_wconf 87' lang='grc' dir='ltr'><strong>δὲ</strong></span> <span class='ocrx_word' id='word_1_76' title='bbox 574 888 886 958; x_wconf 80' lang='grc' dir='ltr'>ἄνθρωπος,</span> <span class='ocrx_word' id='word_1_77' title='bbox 917 887 1013 941; x_wconf 72' lang='grc' dir='ltr'><strong>καὶ</strong></span> <span class='ocrx_word' id='word_1_78' title='bbox 1047 888 1377 948; x_wconf 82' lang='grc' dir='ltr'>ἐπαινεῖται,</span> <span class='ocrx_word' id='word_1_79' title='bbox 1422 883 1521 937; x_wconf 76' lang='grc' dir='ltr'><strong>καὶ</strong></span> <span class='ocrx_word' id='word_1_80' title='bbox 1553 882 1710 952; x_wconf 75' lang='grc' dir='ltr'>ψέγε·</span> 
     </span>
    </p>
   </div>
   <div class='ocr_carea' id='block_1_11' title="bbox 1818 882 3404 965">
    <p class='ocr_par' dir='ltr' id='par_1_11' title="bbox 1818 884 3404 965">
     <span class='ocr_line' id='line_1_11' title="bbox 1818 884 3404 965; baseline 0.006 -27"><span class='ocrx_word' id='word_1_81' title='bbox 1818 892 2027 938; x_wconf 77' lang='lat' dir='ltr'><strong>carent.</strong></span> <span class='ocrx_word' id='word_1_82' title='bbox 2059 884 2105 937; x_wconf 78' lang='grc' dir='ltr'><strong>Α</strong></span> <span class='ocrx_word' id='word_1_83' title='bbox 2137 892 2333 939; x_wconf 85' lang='lat' dir='ltr'><strong>natura</strong></span> <span class='ocrx_word' id='word_1_84' title='bbox 2359 884 2504 939; x_wconf 89' lang='lat' dir='ltr'><strong>enim</strong></span> <span class='ocrx_word' id='word_1_85' title='bbox 2532 894 2770 956; x_wconf 87' lang='lat' dir='ltr'><strong>aguntur</strong></span> <span class='ocrx_word' id='word_1_86' title='bbox 2793 890 2988 959; x_wconf 83' lang='lat' dir='ltr'><strong>magis,</strong></span> <span class='ocrx_word' id='word_1_87' title='bbox 3017 904 3179 961; x_wconf 89' lang='lat' dir='ltr'><strong>quam</strong></span> <span class='ocrx_word' id='word_1_88' title='bbox 3216 905 3404 965; x_wconf 88' lang='lat' dir='ltr'><strong>agant:</strong></span> 
     </span>
    </p>
   </div>
   <div class='ocr_carea' id='block_1_12' title="bbox 123 976 3405 1057">
    <p class='ocr_par' dir='ltr' id='par_1_12' title="bbox 123 976 3405 1057">
     <span class='ocr_line' id='line_1_12' title="bbox 123 976 3405 1057; baseline 0.003 -29"><span class='ocrx_word' id='word_1_89' title='bbox 123 1002 218 1038; x_wconf 75' lang='grc' dir='ltr'>ται</span> <span class='ocrx_word' id='word_1_90' title='bbox 246 994 293 1037; x_wconf 82' lang='grc' dir='ltr'><strong>ι,</strong></span> <span class='ocrx_word' id='word_1_91' title='bbox 1819 989 1882 1029; x_wconf 86' lang='lat' dir='ltr'><strong>ac</strong></span> <span class='ocrx_word' id='word_1_92' title='bbox 1895 976 2124 1046; x_wconf 84' lang='lat' dir='ltr'><strong>proinde</strong></span> <span class='ocrx_word' id='word_1_93' title='bbox 2153 990 2255 1031; x_wconf 89' lang='lat' dir='ltr'><strong>nec</strong></span> <span class='ocrx_word' id='word_1_94' title='bbox 2280 976 2516 1031; x_wconf 85' lang='lat' dir='ltr'><strong>naturali</strong></span> <span class='ocrx_word' id='word_1_95' title='bbox 2541 978 2763 1047; x_wconf 83' lang='lat' dir='ltr'><strong>quidem</strong></span> <span class='ocrx_word' id='word_1_96' title='bbox 2791 983 3053 1050; x_wconf 82' lang='lat' dir='ltr'><strong>appetitui</strong></span> <span class='ocrx_word' id='word_1_97' title='bbox 3077 997 3405 1057; x_wconf 83' lang='lat' dir='ltr'><strong>repugnant,</strong></span> 
     </span>
    </p>
   </div>
   <div class='ocr_carea' id='block_1_13' title="bbox 126 1068 3404 1152">
    <p class='ocr_par' dir='ltr' id='par_1_13' title="bbox 126 1068 3404 1152">
     <span class='ocr_line' id='line_1_13' title="bbox 126 1068 3404 1152; baseline 0 -17"><span class='ocrx_word' id='word_1_98' title='bbox 126 1082 223 1138; x_wconf 87' lang='lat' dir='ltr'><strong>sed</strong></span> <span class='ocrx_word' id='word_1_99' title='bbox 255 1077 659 1150; x_wconf 87' lang='lat' dir='ltr'><strong>quamprimum</strong></span> <span class='ocrx_word' id='word_1_100' title='bbox 692 1072 901 1144; x_wconf 90' lang='lat' dir='ltr'><strong>aliquid</strong></span> <span class='ocrx_word' id='word_1_101' title='bbox 936 1071 1319 1143; x_wconf 88' lang='lat' dir='ltr'><strong>appetiverint,</strong></span> <span class='ocrx_word' id='word_1_102' title='bbox 1355 1072 1409 1124; x_wconf 93' lang='lat' dir='ltr'><strong>in</strong></span> <span class='ocrx_word' id='word_1_103' title='bbox 1441 1070 1715 1124; x_wconf 81' lang='lat' dir='ltr'><strong>actionem</strong></span> <span class='ocrx_word' id='word_1_104' title='bbox 1758 1079 1947 1125; x_wconf 91' lang='lat' dir='ltr'><strong>ruunt.</strong></span> <span class='ocrx_word' id='word_1_105' title='bbox 2004 1068 2181 1125; x_wconf 87' lang='lat' dir='ltr'><strong>Homo</strong></span> <span class='ocrx_word' id='word_1_106' title='bbox 2224 1077 2438 1135; x_wconf 88' lang='lat' dir='ltr'><strong>contra,</strong></span> <span class='ocrx_word' id='word_1_107' title='bbox 2490 1084 2615 1125; x_wconf 90' lang='lat' dir='ltr'><strong>cum</strong></span> <span class='ocrx_word' id='word_1_108' title='bbox 2662 1071 2737 1126; x_wconf 85' lang='lat' dir='ltr'><strong>sit</strong></span> <span class='ocrx_word' id='word_1_109' title='bbox 2792 1074 3041 1131; x_wconf 76' lang='lat' dir='ltr'><strong>rationis</strong></span> <span class='ocrx_word' id='word_1_110' title='bbox 3109 1081 3404 1152; x_wconf 85' lang='lat' dir='ltr'><strong>particeps,</strong></span> 
     </span>
    </p>
   </div>
   <div class='ocr_carea' id='block_1_14' title="bbox 126 1164 3405 1242">
    <p class='ocr_par' dir='ltr' id='par_1_14' title="bbox 126 1164 3405 1242">
     <span class='ocr_line' id='line_1_14' title="bbox 126 1164 3405 1242; baseline -0.002 -14"><span class='ocrx_word' id='word_1_111' title='bbox 126 1186 383 1229; x_wconf 86' lang='lat' dir='ltr'><strong>naturam</strong></span> <span class='ocrx_word' id='word_1_112' title='bbox 422 1171 604 1242; x_wconf 83' lang='lat' dir='ltr'><strong>potius</strong></span> <span class='ocrx_word' id='word_1_113' title='bbox 657 1168 833 1228; x_wconf 85' lang='lat' dir='ltr'><strong>ducit.</strong></span> <span class='ocrx_word' id='word_1_114' title='bbox 870 1181 1034 1238; x_wconf 89' lang='lat' dir='ltr'><strong>quam</strong></span> <span class='ocrx_word' id='word_1_115' title='bbox 1072 1166 1257 1242; x_wconf 88' lang='lat' dir='ltr'><strong>ab_ea</strong></span> <span class='ocrx_word' id='word_1_116' title='bbox 1306 1167 1560 1221; x_wconf 86' lang='lat' dir='ltr'><strong>ducatur.</strong></span> <span class='ocrx_word' id='word_1_117' title='bbox 1594 1164 1718 1230; x_wconf 83' lang='lat' dir='ltr'><strong>Quo</strong></span> <span class='ocrx_word' id='word_1_118' title='bbox 1773 1164 1855 1229; x_wconf 82' lang='lat' dir='ltr'><strong>ﬁt,</strong></span> <span class='ocrx_word' id='word_1_119' title='bbox 1891 1174 1950 1219; x_wconf 93' lang='lat' dir='ltr'><strong>ut</strong></span> <span class='ocrx_word' id='word_1_120' title='bbox 1979 1166 2144 1221; x_wconf 89' lang='lat' dir='ltr'><strong>etiam</strong></span> <span class='ocrx_word' id='word_1_121' title='bbox 2195 1181 2319 1220; x_wconf 92' lang='lat' dir='ltr'><strong>cum</strong></span> <span class='ocrx_word' id='word_1_122' title='bbox 2374 1166 2582 1238; x_wconf 88' lang='lat' dir='ltr'><strong>aliquid</strong></span> <span class='ocrx_word' id='word_1_123' title='bbox 2659 1168 2884 1238; x_wconf 83' lang='lat' dir='ltr'><strong>appetit,</strong></span> <span class='ocrx_word' id='word_1_124' title='bbox 2935 1170 3021 1225; x_wconf 89' lang='lat' dir='ltr'><strong>vel</strong></span> <span class='ocrx_word' id='word_1_125' title='bbox 3103 1175 3405 1242; x_wconf 81' lang='lat' dir='ltr'><strong>appetitum</strong></span> 
     </span>
    </p>
   </div>
   <div class='ocr_carea' id='block_1_15' title="bbox 123 1239 3405 1337">
    <p class='ocr_par' dir='ltr' id='par_1_15' title="bbox 123 1239 3405 1337">
     <span class='ocr_line' id='line_1_15' title="bbox 123 1239 3405 1337; baseline 0.001 -17"><span class='ocrx_word' id='word_1_126' title='bbox 123 1239 498 1337; x_wconf 76' lang='lat' dir='ltr'><strong>comprimere</strong></span> <span class='ocrx_word' id='word_1_127' title='bbox 525 1273 714 1335; x_wconf 87' lang='lat' dir='ltr'><strong>queat,</strong></span> <span class='ocrx_word' id='word_1_128' title='bbox 760 1263 805 1318; x_wconf 90' lang='lat' dir='ltr'><strong>si</strong></span> <span class='ocrx_word' id='word_1_129' title='bbox 843 1262 1001 1327; x_wconf 82' lang='lat' dir='ltr'><strong>velit,</strong></span> <span class='ocrx_word' id='word_1_130' title='bbox 1050 1239 1239 1319; x_wconf 73' lang='lat' dir='ltr'><strong>velilli</strong></span> <span class='ocrx_word' id='word_1_131' title='bbox 1285 1263 1536 1333; x_wconf 90' lang='lat' dir='ltr'><strong>obsequi.</strong></span> <span class='ocrx_word' id='word_1_132' title='bbox 1574 1261 1732 1328; x_wconf 88' lang='lat' dir='ltr'><strong>Quod</strong></span> <span class='ocrx_word' id='word_1_133' title='bbox 1773 1262 1937 1317; x_wconf 87' lang='lat' dir='ltr'><strong>etiam</strong></span> <span class='ocrx_word' id='word_1_134' title='bbox 1965 1262 2021 1316; x_wconf 91' lang='lat' dir='ltr'><strong>in</strong></span> <span class='ocrx_word' id='word_1_135' title='bbox 2054 1276 2225 1318; x_wconf 87' lang='lat' dir='ltr'><strong>causa</strong></span> <span class='ocrx_word' id='word_1_136' title='bbox 2265 1271 2352 1318; x_wconf 88' lang='lat' dir='ltr'><strong>est</strong></span> <span class='ocrx_word' id='word_1_137' title='bbox 2393 1278 2496 1318; x_wconf 88' lang='lat' dir='ltr'><strong>cur</strong></span> <span class='ocrx_word' id='word_1_138' title='bbox 2520 1262 2680 1319; x_wconf 89' lang='lat' dir='ltr'><strong>bruta</strong></span> <span class='ocrx_word' id='word_1_139' title='bbox 2705 1264 3005 1321; x_wconf 87' lang='lat' dir='ltr'><strong>animantia</strong></span> <span class='ocrx_word' id='word_1_140' title='bbox 3035 1282 3137 1324; x_wconf 90' lang='lat' dir='ltr'><strong>nec</strong></span> <span class='ocrx_word' id='word_1_141' title='bbox 3180 1269 3405 1325; x_wconf 81' lang='lat' dir='ltr'><strong>lauden-</strong></span> 
     </span>
    </p>
   </div>
   <div class='ocr_carea' id='block_1_16' title="bbox 125 1356 2296 1427">
    <p class='ocr_par' dir='ltr' id='par_1_16' title="bbox 125 1356 2296 1427">
     <span class='ocr_line' id='line_1_16' title="bbox 125 1356 2296 1427; baseline 0 -15"><span class='ocrx_word' id='word_1_142' title='bbox 125 1367 240 1423; x_wconf 89' lang='lat' dir='ltr'><strong>tur,</strong></span> <span class='ocrx_word' id='word_1_143' title='bbox 278 1373 379 1412; x_wconf 88' lang='lat' dir='ltr'><strong>nee</strong></span> <span class='ocrx_word' id='word_1_144' title='bbox 414 1358 838 1426; x_wconf 83' lang='lat' dir='ltr'><strong>vituperemur;</strong></span> <span class='ocrx_word' id='word_1_145' title='bbox 876 1356 1040 1410; x_wconf 87' lang='lat' dir='ltr'><strong>homo</strong></span> <span class='ocrx_word' id='word_1_146' title='bbox 1073 1366 1267 1411; x_wconf 87' lang='lat' dir='ltr'><strong>contra</strong></span> <span class='ocrx_word' id='word_1_147' title='bbox 1306 1366 1360 1412; x_wconf 89' lang='lat' dir='ltr'><strong>et</strong></span> <span class='ocrx_word' id='word_1_148' title='bbox 1387 1357 1549 1414; x_wconf 87' lang='lat' dir='ltr'><strong>laude</strong></span> <span class='ocrx_word' id='word_1_149' title='bbox 1598 1356 1888 1422; x_wconf 78' lang='lat' dir='ltr'><strong>afﬁciatur,</strong></span> <span class='ocrx_word' id='word_1_150' title='bbox 1918 1364 1972 1412; x_wconf 88' lang='lat' dir='ltr'><strong>et</strong></span> <span class='ocrx_word' id='word_1_151' title='bbox 2001 1356 2296 1427; x_wconf 90' lang='lat' dir='ltr'><strong>vituperio.</strong></span> 
     </span>
    </p>
   </div>
   <div class='ocr_carea' id='block_1_17' title="bbox 200 1450 1769 1523">
    <p class='ocr_par' dir='ltr' id='par_1_17' title="bbox 200 1450 1769 1523">
     <span class='ocr_line' id='line_1_17' title="bbox 200 1450 1769 1523; baseline 0 -17"><span class='ocrx_word' id='word_1_152' title='bbox 200 1452 324 1523; x_wconf 83' lang='grc' dir='ltr'><strong>Χρὴ</strong></span> <span class='ocrx_word' id='word_1_153' title='bbox 351 1452 669 1520; x_wconf 84' lang='grc' dir='ltr'><strong>γινώσκειν,</strong></span> <span class='ocrx_word' id='word_1_154' title='bbox 699 1452 783 1505; x_wconf 82' lang='grc' dir='ltr'>ὅτι</span> <span class='ocrx_word' id='word_1_155' title='bbox 807 1452 856 1504; x_wconf 87' lang='grc' dir='ltr'><strong>οἰ</strong></span> <span class='ocrx_word' id='word_1_156' title='bbox 877 1450 1120 1519; x_wconf 76' lang='grc' dir='ltr'>ἄγγελοι,</span> <span class='ocrx_word' id='word_1_157' title='bbox 1152 1451 1361 1521; x_wconf 84' lang='grc' dir='ltr'>λογικοί</span> <span class='ocrx_word' id='word_1_158' title='bbox 1388 1454 1563 1519; x_wconf 76' lang='grc' dir='ltr'>ὄντες,</span> <span class='ocrx_word' id='word_1_159' title='bbox 1589 1454 1721 1507; x_wconf 75' lang='grc' dir='ltr'>αὐτ·</span> <span class='ocrx_word' id='word_1_160' title='bbox 1768 1478 1769 1481; x_wconf 54' lang='grc' dir='ltr'><strong>η</strong></span> 
     </span>
    </p>
   </div>
   <div class='ocr_carea' id='block_1_18' title="bbox 126 1542 1712 1615">
    <p class='ocr_par' dir='ltr' id='par_1_18' title="bbox 126 1542 1712 1615">
     <span class='ocr_line' id='line_1_18' title="bbox 126 1542 1712 1615; baseline 0 -17"><span class='ocrx_word' id='word_1_161' title='bbox 126 1545 366 1611; x_wconf 82' lang='grc' dir='ltr'>εξούσιοι</span> <span class='ocrx_word' id='word_1_162' title='bbox 399 1544 728 1614; x_wconf 81' lang='grc' dir='ltr'>ὑπάρχουσι,</span> <span class='ocrx_word' id='word_1_163' title='bbox 790 1542 887 1595; x_wconf 75' lang='grc' dir='ltr'>καὶ</span> <span class='ocrx_word' id='word_1_164' title='bbox 935 1542 1009 1606; x_wconf 83' lang='grc' dir='ltr'>ὡς</span> <span class='ocrx_word' id='word_1_165' title='bbox 1061 1544 1294 1609; x_wconf 75' lang='grc' dir='ltr'>κτιστοί,</span> <span class='ocrx_word' id='word_1_166' title='bbox 1327 1547 1423 1598; x_wconf 75' lang='grc' dir='ltr'><strong>καὶ</strong></span> <span class='ocrx_word' id='word_1_167' title='bbox 1466 1545 1712 1615; x_wconf 88' lang='grc' dir='ltr'>τρεπτοί.</span> 
     </span>
    </p>
   </div>
   <div class='ocr_carea' id='block_1_19' title="bbox 128 1634 1712 1709">
    <p class='ocr_par' dir='ltr' id='par_1_19' title="bbox 128 1634 1712 1709">
     <span class='ocr_line' id='line_1_19' title="bbox 128 1634 1712 1709; baseline 0 -19"><span class='ocrx_word' id='word_1_168' title='bbox 128 1638 247 1691; x_wconf 75' lang='grc' dir='ltr'>Καὶ</span> <span class='ocrx_word' id='word_1_169' title='bbox 279 1636 481 1702; x_wconf 77' lang='grc' dir='ltr'>ἔδειξεν</span> <span class='ocrx_word' id='word_1_170' title='bbox 513 1638 541 1688; x_wconf 83' lang='grc' dir='ltr'><strong>ό</strong></span> <span class='ocrx_word' id='word_1_171' title='bbox 590 1636 689 1705; x_wconf 85' lang='grc' dir='ltr'>μὲν</span> <span class='ocrx_word' id='word_1_172' title='bbox 734 1634 1002 1699; x_wconf 80' lang='grc' dir='ltr'>διάϐολος,</span> <span class='ocrx_word' id='word_1_173' title='bbox 1054 1634 1262 1703; x_wconf 82' lang='grc' dir='ltr'>ἀγαθὸς</span> <span class='ocrx_word' id='word_1_174' title='bbox 1306 1636 1413 1689; x_wconf 82' lang='grc' dir='ltr'><strong>ὑπὸ</strong></span> <span class='ocrx_word' id='word_1_175' title='bbox 1458 1636 1556 1689; x_wconf 83' lang='grc' dir='ltr'>τοῦ</span> <span class='ocrx_word' id='word_1_176' title='bbox 1606 1640 1712 1709; x_wconf 86' lang='grc' dir='ltr'><strong>Δη-</strong></span> 
     </span>
    </p>
   </div>
   <div class='ocr_carea' id='block_1_20' title="bbox 132 1726 1714 1799">
    <p class='ocr_par' dir='ltr' id='par_1_20' title="bbox 132 1726 1714 1799">
     <span class='ocr_line' id='line_1_20' title="bbox 132 1726 1714 1799; baseline 0.003 -20"><span class='ocrx_word' id='word_1_177' title='bbox 132 1727 402 1799; x_wconf 83' lang='grc' dir='ltr'>μιουργοῦ</span> <span class='ocrx_word' id='word_1_178' title='bbox 457 1727 770 1798; x_wconf 85' lang='grc' dir='ltr'>γενόμενος,</span> <span class='ocrx_word' id='word_1_179' title='bbox 827 1726 1194 1791; x_wconf 78' lang='grc' dir='ltr'><strong>αὐτεξουσίως</strong></span> <span class='ocrx_word' id='word_1_180' title='bbox 1249 1728 1307 1781; x_wconf 85' lang='grc' dir='ltr'><strong>δὲ</strong></span> <span class='ocrx_word' id='word_1_181' title='bbox 1351 1728 1454 1799; x_wconf 81' lang='grc' dir='ltr'>τῆς</span> <span class='ocrx_word' id='word_1_182' title='bbox 1509 1728 1714 1793; x_wconf 68' lang='grc' dir='ltr'>κακίας</span> 
     </span>
    </p>
   </div>
   <div class='ocr_carea' id='block_1_21' title="bbox 127 1817 1711 1893">
    <p class='ocr_par' dir='ltr' id='par_1_21' title="bbox 127 1817 1711 1893">
     <span class='ocr_line' id='line_1_21' title="bbox 127 1817 1711 1893; baseline 0.001 -19"><span class='ocrx_word' id='word_1_183' title='bbox 127 1821 363 1893; x_wconf 75' lang='grc' dir='ltr'>εὑρετὴς</span> <span class='ocrx_word' id='word_1_184' title='bbox 393 1817 667 1889; x_wconf 85' lang='grc' dir='ltr'>γεγονὼς,</span> <span class='ocrx_word' id='word_1_185' title='bbox 702 1819 798 1872; x_wconf 78' lang='grc' dir='ltr'><strong>καὶ</strong></span> <span class='ocrx_word' id='word_1_186' title='bbox 837 1821 895 1873; x_wconf 91' lang='grc' dir='ltr'><strong>αἰ</strong></span> <span class='ocrx_word' id='word_1_187' title='bbox 926 1821 1022 1873; x_wconf 75' lang='grc' dir='ltr'>σὺν</span> <span class='ocrx_word' id='word_1_188' title='bbox 1060 1819 1211 1890; x_wconf 82' lang='grc' dir='ltr'>αὐτῷ</span> <span class='ocrx_word' id='word_1_189' title='bbox 1236 1819 1347 1891; x_wconf 72' lang='lat'><strong>(92)</strong></span> <span class='ocrx_word' id='word_1_190' title='bbox 1389 1822 1711 1893; x_wconf 78' lang='grc' dir='ltr'>ἀποστατή-</span> 
     </span>
    </p>
   </div>
   <div class='ocr_carea' id='block_1_22' title="bbox 127 1909 1712 1981">
    <p class='ocr_par' dir='ltr' id='par_1_22' title="bbox 127 1909 1712 1981">
     <span class='ocr_line' id='line_1_22' title="bbox 127 1909 1712 1981; baseline 0.002 -17"><span class='ocrx_word' id='word_1_191' title='bbox 127 1929 299 1966; x_wconf 69' lang='lat' dir='ltr'><strong>uasat</strong></span> <span class='ocrx_word' id='word_1_192' title='bbox 328 1922 353 1951; x_wconf 72' lang='grc'>⁸</span> <span class='ocrx_word' id='word_1_193' title='bbox 393 1909 680 1979; x_wconf 83' lang='grc' dir='ltr'>δυνάμεις,</span> <span class='ocrx_word' id='word_1_194' title='bbox 707 1909 876 1980; x_wconf 70' lang='grc' dir='ltr'>ἤγουν</span> <span class='ocrx_word' id='word_1_195' title='bbox 934 1910 984 1963; x_wconf 87' lang='grc' dir='ltr'><strong>οἰ</strong></span> <span class='ocrx_word' id='word_1_196' title='bbox 1039 1910 1317 1981; x_wconf 83' lang='grc' dir='ltr'>δαίμονες,</span> <span class='ocrx_word' id='word_1_197' title='bbox 1350 1912 1417 1966; x_wconf 87' lang='grc' dir='ltr'><strong>τά</strong></span> <span class='ocrx_word' id='word_1_198' title='bbox 1456 1912 1513 1965; x_wconf 84' lang='grc' dir='ltr'><strong>δὲ</strong></span> <span class='ocrx_word' id='word_1_199' title='bbox 1547 1914 1712 1968; x_wconf 84' lang='grc' dir='ltr'>λοιπά</span> 
     </span>
    </p>
   </div>
   <div class='ocr_carea' id='block_1_23' title="bbox 124 1994 1640 2072">
    <p class='ocr_par' dir='ltr' id='par_1_23' title="bbox 124 1994 1640 2072">
     <span class='ocr_line' id='line_1_23' title="bbox 124 1994 1640 2072; baseline 0.001 -18"><span class='ocrx_word' id='word_1_200' title='bbox 124 2002 391 2070; x_wconf 79' lang='grc' dir='ltr'>τάγματα</span> <span class='ocrx_word' id='word_1_201' title='bbox 418 1999 529 2053; x_wconf 85' lang='grc' dir='ltr'><strong>τῶν</strong></span> <span class='ocrx_word' id='word_1_202' title='bbox 554 1994 824 2069; x_wconf 81' lang='grc' dir='ltr'>ἀγγέλων,</span> <span class='ocrx_word' id='word_1_203' title='bbox 859 2000 917 2052; x_wconf 81' lang='grc' dir='ltr'>ὲν</span> <span class='ocrx_word' id='word_1_204' title='bbox 942 1998 1019 2069; x_wconf 85' lang='grc' dir='ltr'>τῷ</span> <span class='ocrx_word' id='word_1_205' title='bbox 1050 1998 1242 2070; x_wconf 82' lang='grc' dir='ltr'>ἀγαθῷ</span> <span class='ocrx_word' id='word_1_206' title='bbox 1261 2000 1640 2072; x_wconf 84' lang='grc' dir='ltr'>διαμείναντα.</span> 
     </span>
    </p>
   </div>
   <div class='ocr_carea' id='block_1_24' title="bbox 608 2302 1243 2379">
    <p class='ocr_par' dir='ltr' id='par_1_24' title="bbox 608 2302 1243 2379">
     <span class='ocr_line' id='line_1_24' title="bbox 608 2302 1243 2379; baseline 0.002 -22"><span class='ocrx_word' id='word_1_207' title='bbox 608 2302 860 2358; x_wconf 64' lang='lat' dir='ltr'><strong>nassa.</strong></span> <span class='ocrx_word' id='word_1_208' title='bbox 904 2305 1019 2359; x_wconf 78' lang='lat' dir='ltr'><strong>xn&#39;</strong></span> <span class='ocrx_word' id='word_1_209' title='bbox 1059 2304 1243 2379; x_wconf 85' lang='lat' dir='ltr'><strong>[MB&#39;].</strong></span> 
     </span>
    </p>
   </div>
   <div class='ocr_carea' id='block_1_25' title="bbox 543 2419 1292 2491">
    <p class='ocr_par' dir='ltr' id='par_1_25' title="bbox 543 2419 1292 2491">
     <span class='ocr_line' id='line_1_25' title="bbox 543 2419 1292 2491; baseline 0.005 -19"><span class='ocrx_word' id='word_1_210' title='bbox 543 2419 683 2488; x_wconf 86' lang='grc' dir='ltr'>Περί</span> <span class='ocrx_word' id='word_1_211' title='bbox 714 2419 833 2475; x_wconf 77' lang='grc' dir='ltr'>τῶν</span> <span class='ocrx_word' id='word_1_212' title='bbox 863 2422 975 2475; x_wconf 83' lang='grc' dir='ltr'><strong>οὐκ</strong></span> <span class='ocrx_word' id='word_1_213' title='bbox 1002 2420 1095 2490; x_wconf 67' lang='grc' dir='ltr'><strong>ἐφ’</strong></span> <span class='ocrx_word' id='word_1_214' title='bbox 1125 2422 1292 2491; x_wconf 74' lang='grc' dir='ltr'><strong>ἡμῖν.</strong></span> 
     </span>
    </p>
   </div>
   <div class='ocr_carea' id='block_1_26' title="bbox 197 2534 1712 2612">
    <p class='ocr_par' dir='ltr' id='par_1_26' title="bbox 197 2534 1712 2612">
     <span class='ocr_line' id='line_1_26' title="bbox 197 2534 1712 2612; baseline 0.003 -24"><span class='ocrx_word' id='word_1_215' title='bbox 197 2535 325 2589; x_wconf 85' lang='grc' dir='ltr'>Τῶν</span> <span class='ocrx_word' id='word_1_216' title='bbox 368 2534 426 2589; x_wconf 78' lang='grc' dir='ltr'><strong>δὲ</strong></span> <span class='ocrx_word' id='word_1_217' title='bbox 464 2534 565 2589; x_wconf 77' lang='grc' dir='ltr'><strong>οὐκ</strong></span> <span class='ocrx_word' id='word_1_218' title='bbox 602 2536 692 2605; x_wconf 75' lang='grc' dir='ltr'><strong>ἐφ’</strong></span> <span class='ocrx_word' id='word_1_219' title='bbox 744 2539 902 2608; x_wconf 85' lang='grc' dir='ltr'>ἡμῖν,</span> <span class='ocrx_word' id='word_1_220' title='bbox 938 2537 1019 2605; x_wconf 18' lang='grc' dir='ltr'>τάν</span> <span class='ocrx_word' id='word_1_221' title='bbox 1060 2538 1161 2607; x_wconf 84' lang='grc' dir='ltr'>μὲν</span> <span class='ocrx_word' id='word_1_222' title='bbox 1204 2541 1269 2592; x_wconf 79' lang='grc' dir='ltr'><strong>ὲκ</strong></span> <span class='ocrx_word' id='word_1_223' title='bbox 1312 2538 1420 2592; x_wconf 85' lang='grc' dir='ltr'><strong>τῶν</strong></span> <span class='ocrx_word' id='word_1_224' title='bbox 1463 2539 1547 2607; x_wconf 67' lang='grc' dir='ltr'><strong>ἐφ’</strong></span> <span class='ocrx_word' id='word_1_225' title='bbox 1580 2541 1712 2612; x_wconf 76' lang='grc' dir='ltr'>ἡμῖν</span> 
     </span>
    </p>
   </div>
   <div class='ocr_carea' id='block_1_27' title="bbox 123 2627 1711 2702">
    <p class='ocr_par' dir='ltr' id='par_1_27' title="bbox 123 2627 1711 2702">
     <span class='ocr_line' id='line_1_27' title="bbox 123 2627 1711 2702; baseline 0.003 -22"><span class='ocrx_word' id='word_1_226' title='bbox 123 2628 243 2697; x_wconf 72' lang='grc' dir='ltr'>ἔχει</span> <span class='ocrx_word' id='word_1_227' title='bbox 278 2627 378 2690; x_wconf 83' lang='grc' dir='ltr'><strong>τὰς</strong></span> <span class='ocrx_word' id='word_1_228' title='bbox 411 2627 609 2697; x_wconf 79' lang='grc' dir='ltr'>ἀρχὰς,</span> <span class='ocrx_word' id='word_1_229' title='bbox 641 2627 760 2697; x_wconf 79' lang='grc' dir='ltr'>ἦτοι</span> <span class='ocrx_word' id='word_1_230' title='bbox 792 2629 891 2692; x_wconf 90' lang='grc' dir='ltr'><strong>τάς</strong></span> <span class='ocrx_word' id='word_1_231' title='bbox 920 2630 1124 2695; x_wconf 78' lang='grc' dir='ltr'>αἰτίας,</span> <span class='ocrx_word' id='word_1_232' title='bbox 1153 2630 1437 2682; x_wconf 83' lang='grc' dir='ltr'>τουτέστιν</span> <span class='ocrx_word' id='word_1_233' title='bbox 1466 2632 1523 2684; x_wconf 90' lang='grc' dir='ltr'><strong>αἰ</strong></span> <span class='ocrx_word' id='word_1_234' title='bbox 1550 2631 1711 2702; x_wconf 85' lang='grc' dir='ltr'>ἀμοι-</span> 
     </span>
    </p>
   </div>
   <div class='ocr_carea' id='block_1_28' title="bbox 121 2718 1712 2795">
    <p class='ocr_par' dir='ltr' id='par_1_28' title="bbox 121 2718 1712 2795">
     <span class='ocr_line' id='line_1_28' title="bbox 121 2718 1712 2795; baseline 0.005 -24"><span class='ocrx_word' id='word_1_235' title='bbox 121 2720 222 2773; x_wconf 76' lang='grc' dir='ltr'><strong>6αἰ</strong></span> <span class='ocrx_word' id='word_1_236' title='bbox 255 2718 367 2772; x_wconf 82' lang='grc' dir='ltr'><strong>τῶν</strong></span> <span class='ocrx_word' id='word_1_237' title='bbox 392 2718 646 2789; x_wconf 77' lang='grc' dir='ltr'>πράξεων</span> <span class='ocrx_word' id='word_1_238' title='bbox 677 2719 860 2791; x_wconf 82' lang='grc' dir='ltr'>ἡμῶν,</span> <span class='ocrx_word' id='word_1_239' title='bbox 898 2722 959 2775; x_wconf 78' lang='grc' dir='ltr'>ὲν</span> <span class='ocrx_word' id='word_1_240' title='bbox 999 2738 1061 2775; x_wconf 87' lang='grc' dir='ltr'><strong>τε</strong></span> <span class='ocrx_word' id='word_1_241' title='bbox 1116 2719 1198 2793; x_wconf 82' lang='grc' dir='ltr'>τῷ</span> <span class='ocrx_word' id='word_1_242' title='bbox 1234 2723 1492 2795; x_wconf 83' lang='grc' dir='ltr'>παρόντι,</span> <span class='ocrx_word' id='word_1_243' title='bbox 1530 2723 1627 2779; x_wconf 76' lang='grc' dir='ltr'><strong>καὶ</strong></span> <span class='ocrx_word' id='word_1_244' title='bbox 1654 2726 1712 2779; x_wconf 77' lang='grc' dir='ltr'>ἐν</span> 
     </span>
    </p>
   </div>
   <div class='ocr_carea' id='block_1_29' title="bbox 119 2810 1713 2885">
    <p class='ocr_par' dir='ltr' id='par_1_29' title="bbox 119 2810 1713 2885">
     <span class='ocr_line' id='line_1_29' title="bbox 119 2810 1713 2885; baseline 0.004 -21"><span class='ocrx_word' id='word_1_245' title='bbox 119 2810 207 2879; x_wconf 85' lang='grc' dir='ltr'><strong>τῷ</strong></span> <span class='ocrx_word' id='word_1_246' title='bbox 242 2810 496 2880; x_wconf 82' lang='grc' dir='ltr'>μέλλοντι</span> <span class='ocrx_word' id='word_1_247' title='bbox 542 2811 729 2877; x_wconf 83' lang='grc' dir='ltr'>αἰῶνι,</span> <span class='ocrx_word' id='word_1_248' title='bbox 767 2811 837 2865; x_wconf 92' lang='grc' dir='ltr'><strong>τά</strong></span> <span class='ocrx_word' id='word_1_249' title='bbox 868 2812 927 2867; x_wconf 80' lang='grc' dir='ltr'><strong>δὲ</strong></span> <span class='ocrx_word' id='word_1_250' title='bbox 980 2812 1143 2867; x_wconf 86' lang='grc' dir='ltr'>λοιπὰ</span> <span class='ocrx_word' id='word_1_251' title='bbox 1192 2814 1373 2869; x_wconf 82' lang='grc' dir='ltr'>πάντα</span> <span class='ocrx_word' id='word_1_252' title='bbox 1414 2815 1515 2885; x_wconf 83' lang='grc' dir='ltr'>τῆς</span> <span class='ocrx_word' id='word_1_253' title='bbox 1559 2816 1713 2881; x_wconf 85' lang='grc' dir='ltr'>Θείας</span> 
     </span>
    </p>
   </div>
   <div class='ocr_carea' id='block_1_30' title="bbox 124 2901 1712 2976">
    <p class='ocr_par' dir='ltr' id='par_1_30' title="bbox 124 2901 1712 2976">
     <span class='ocr_line' id='line_1_30' title="bbox 124 2901 1712 2976; baseline 0.006 -23"><span class='ocrx_word' id='word_1_254' title='bbox 124 2901 329 2972; x_wconf 83' lang='grc' dir='ltr'>βουλῆς</span> <span class='ocrx_word' id='word_1_255' title='bbox 372 2901 693 2972; x_wconf 80' lang='grc' dir='ltr'>ἐξήρτηται.</span> <span class='ocrx_word' id='word_1_256' title='bbox 733 2903 800 2957; x_wconf 86' lang='grc' dir='ltr'><strong><em>Ἦ</em></strong></span> <span class='ocrx_word' id='word_1_257' title='bbox 839 2903 939 2975; x_wconf 82' lang='grc' dir='ltr'>μὲν</span> <span class='ocrx_word' id='word_1_258' title='bbox 968 2905 1080 2976; x_wconf 87' lang='grc' dir='ltr'>γὰρ</span> <span class='ocrx_word' id='word_1_259' title='bbox 1113 2907 1329 2974; x_wconf 81' lang='grc' dir='ltr'>γένεσις</span> <span class='ocrx_word' id='word_1_260' title='bbox 1360 2906 1604 2975; x_wconf 83' lang='grc' dir='ltr'>πάντων,</span> <span class='ocrx_word' id='word_1_261' title='bbox 1646 2910 1712 2963; x_wconf 87' lang='grc' dir='ltr'><strong>ὲκ</strong></span> 
     </span>
    </p>
   </div>
   <div class='ocr_carea' id='block_1_31' title="bbox 120 2994 1710 3070">
    <p class='ocr_par' dir='ltr' id='par_1_31' title="bbox 120 2994 1710 3070">
     <span class='ocr_line' id='line_1_31' title="bbox 120 2994 1710 3070; baseline 0.004 -23"><span class='ocrx_word' id='word_1_262' title='bbox 120 2995 223 3048; x_wconf 79' lang='grc' dir='ltr'>τοῦ</span> <span class='ocrx_word' id='word_1_263' title='bbox 268 2994 425 3057; x_wconf 74' lang='grc' dir='ltr'>Θεοῦ,</span> <span class='ocrx_word' id='word_1_264' title='bbox 472 2996 507 3066; x_wconf 85' lang='grc' dir='ltr'>ή</span> <span class='ocrx_word' id='word_1_265' title='bbox 540 2995 597 3049; x_wconf 79' lang='grc' dir='ltr'><strong>δὲ</strong></span> <span class='ocrx_word' id='word_1_266' title='bbox 641 2994 837 3067; x_wconf 82' lang='grc' dir='ltr'>φθορά,</span> <span class='ocrx_word' id='word_1_267' title='bbox 891 2995 980 3050; x_wconf 79' lang='grc' dir='ltr'><strong>διά</strong></span> <span class='ocrx_word' id='word_1_268' title='bbox 1018 2996 1120 3069; x_wconf 78' lang='grc' dir='ltr'>τὴν</span> <span class='ocrx_word' id='word_1_269' title='bbox 1170 2997 1451 3070; x_wconf 82' lang='grc' dir='ltr'>ἡμετέραν</span> <span class='ocrx_word' id='word_1_270' title='bbox 1508 3001 1710 3054; x_wconf 83' lang='grc' dir='ltr'>κακίαν</span> 
     </span>
    </p>
   </div>
   <div class='ocr_carea' id='block_1_32' title="bbox 121 3087 1709 3164">
    <p class='ocr_par' dir='ltr' id='par_1_32' title="bbox 121 3087 1709 3164">
     <span class='ocr_line' id='line_1_32' title="bbox 121 3087 1709 3164; baseline 0.004 -25"><span class='ocrx_word' id='word_1_271' title='bbox 121 3087 430 3159; x_wconf 78' lang='grc' dir='ltr'>ἑπεισήχθη</span> <span class='ocrx_word' id='word_1_272' title='bbox 463 3088 602 3159; x_wconf 71' lang='grc' dir='ltr'>πρὸς</span> <span class='ocrx_word' id='word_1_273' title='bbox 634 3088 911 3159; x_wconf 84' lang='grc' dir='ltr'>τιμωρίαν</span> <span class='ocrx_word' id='word_1_274' title='bbox 957 3089 1055 3143; x_wconf 73' lang='grc' dir='ltr'><strong>καὶ</strong></span> <span class='ocrx_word' id='word_1_275' title='bbox 1093 3089 1397 3159; x_wconf 78' lang='grc' dir='ltr'>ὠφέλειαν·</span> <span class='ocrx_word' id='word_1_276' title='bbox 1429 3091 1562 3156; x_wconf 80' lang='grc' dir='ltr'>Θεὸς</span> <span class='ocrx_word' id='word_1_277' title='bbox 1600 3092 1709 3164; x_wconf 83' lang='grc' dir='ltr'><strong>γὰρ</strong></span> 
     </span>
    </p>
   </div>
   <div class='ocr_carea' id='block_1_33' title="bbox 117 3178 1712 3256">
    <p class='ocr_par' dir='ltr' id='par_1_33' title="bbox 117 3178 1712 3256">
     <span class='ocr_line' id='line_1_33' title="bbox 117 3178 1712 3256; baseline 0.003 -24"><span class='ocrx_word' id='word_1_278' title='bbox 117 3178 359 3233; x_wconf 79' lang='grc' dir='ltr'>Θάνατον</span> <span class='ocrx_word' id='word_1_279' title='bbox 396 3180 495 3233; x_wconf 80' lang='grc' dir='ltr'><strong>οὐκ</strong></span> <span class='ocrx_word' id='word_1_280' title='bbox 543 3179 825 3250; x_wconf 72' lang='grc' dir='ltr'>ἐποίησεν,</span> <span class='ocrx_word' id='word_1_281' title='bbox 858 3180 983 3233; x_wconf 78' lang='grc' dir='ltr'>οὐδὲ</span> <span class='ocrx_word' id='word_1_282' title='bbox 1026 3180 1292 3253; x_wconf 84' lang='grc' dir='ltr'>τέρπεται</span> <span class='ocrx_word' id='word_1_283' title='bbox 1340 3183 1427 3235; x_wconf 72' lang='grc' dir='ltr'><strong>ἐπ’</strong></span> <span class='ocrx_word' id='word_1_284' title='bbox 1463 3182 1712 3256; x_wconf 76' lang='grc' dir='ltr'>ἀπωλείᾳ</span> 
     </span>
    </p>
   </div>
   <div class='ocr_carea' id='block_1_34' title="bbox 116 3268 1711 3343">
    <p class='ocr_par' dir='ltr' id='par_1_34' title="bbox 116 3268 1711 3343">
     <span class='ocr_line' id='line_1_34' title="bbox 116 3268 1711 3343; baseline 0.004 -21"><span class='ocrx_word' id='word_1_285' title='bbox 116 3268 384 3334; x_wconf 75' lang='grc' dir='ltr'>ζώντωνο</span> <span class='ocrx_word' id='word_1_286' title='bbox 422 3269 490 3323; x_wconf 80' lang='grc' dir='ltr'><strong>δι’</strong></span> <span class='ocrx_word' id='word_1_287' title='bbox 517 3270 810 3341; x_wconf 84' lang='grc' dir='ltr'>ἀνθρώπου</span> <span class='ocrx_word' id='word_1_288' title='bbox 857 3271 915 3325; x_wconf 84' lang='grc' dir='ltr'><strong>δὲ</strong></span> <span class='ocrx_word' id='word_1_289' title='bbox 961 3272 1169 3343; x_wconf 79' lang='grc' dir='ltr'>μᾶλλον</span> <span class='ocrx_word' id='word_1_290' title='bbox 1197 3275 1226 3327; x_wconf 86' lang='grc' dir='ltr'><strong>ὁ</strong></span> <span class='ocrx_word' id='word_1_291' title='bbox 1269 3272 1521 3341; x_wconf 79' lang='grc' dir='ltr'>θάνατος,</span> <span class='ocrx_word' id='word_1_292' title='bbox 1550 3292 1711 3329; x_wconf 76' lang='grc' dir='ltr'>τουτ-</span> 
     </span>
    </p>
   </div>
   <div class='ocr_carea' id='block_1_35' title="bbox 114 3359 1713 3433">
    <p class='ocr_par' dir='ltr' id='par_1_35' title="bbox 114 3359 1713 3433">
     <span class='ocr_line' id='line_1_35' title="bbox 114 3359 1713 3433; baseline 0.003 -18"><span class='ocrx_word' id='word_1_293' title='bbox 114 3362 246 3415; x_wconf 83' lang='grc' dir='ltr'>ἐστι</span> <span class='ocrx_word' id='word_1_294' title='bbox 271 3360 373 3431; x_wconf 81' lang='grc' dir='ltr'>τῆς</span> <span class='ocrx_word' id='word_1_295' title='bbox 417 3359 591 3432; x_wconf 81' lang='grc' dir='ltr'>Ἀδὰμ</span> <span class='ocrx_word' id='word_1_296' title='bbox 630 3360 1023 3433; x_wconf 78' lang='grc' dir='ltr'>παραϐάσεως,</span> <span class='ocrx_word' id='word_1_297' title='bbox 1057 3362 1262 3433; x_wconf 81' lang='grc' dir='ltr'>ὁμοίως</span> <span class='ocrx_word' id='word_1_298' title='bbox 1288 3364 1384 3417; x_wconf 78' lang='grc' dir='ltr'><strong>καὶ</strong></span> <span class='ocrx_word' id='word_1_299' title='bbox 1433 3365 1491 3417; x_wconf 88' lang='grc' dir='ltr'><strong>αί</strong></span> <span class='ocrx_word' id='word_1_300' title='bbox 1525 3363 1713 3419; x_wconf 82' lang='grc' dir='ltr'>λοιπαὶ</span> 
     </span>
    </p>
   </div>
   <div class='ocr_carea' id='block_1_36' title="bbox 111 3451 1712 3526">
    <p class='ocr_par' dir='ltr' id='par_1_36' title="bbox 111 3451 1712 3526">
     <span class='ocr_line' id='line_1_36' title="bbox 111 3451 1712 3526; baseline 0.003 -20"><span class='ocrx_word' id='word_1_301' title='bbox 111 3451 414 3523; x_wconf 80' lang='grc' dir='ltr'>τιμωρίαι.</span> <span class='ocrx_word' id='word_1_302' title='bbox 438 3451 521 3505; x_wconf 92' lang='grc' dir='ltr'><strong>Τά</strong></span> <span class='ocrx_word' id='word_1_303' title='bbox 548 3452 606 3505; x_wconf 81' lang='grc' dir='ltr'><strong>δὲ</strong></span> <span class='ocrx_word' id='word_1_304' title='bbox 634 3451 800 3507; x_wconf 87' lang='grc' dir='ltr'>λοιπά</span> <span class='ocrx_word' id='word_1_305' title='bbox 830 3454 1009 3508; x_wconf 90' lang='grc' dir='ltr'>πάντα</span> <span class='ocrx_word' id='word_1_306' title='bbox 1042 3454 1121 3525; x_wconf 80' lang='grc' dir='ltr'>τῷ</span> <span class='ocrx_word' id='word_1_307' title='bbox 1147 3454 1267 3526; x_wconf 82' lang='grc' dir='ltr'><strong>Θεῷ</strong></span> <span class='ocrx_word' id='word_1_308' title='bbox 1287 3454 1606 3513; x_wconf 81' lang='grc' dir='ltr'>ἀναθετέον.</span> <span class='ocrx_word' id='word_1_309' title='bbox 1637 3457 1712 3511; x_wconf 83' lang='grc' dir='ltr'><strong>’Ἠ</strong></span> 
     </span>
    </p>
   </div>
   <div class='ocr_carea' id='block_1_37' title="bbox 109 3543 1710 3619">
    <p class='ocr_par' dir='ltr' id='par_1_37' title="bbox 109 3543 1710 3619">
     <span class='ocr_line' id='line_1_37' title="bbox 109 3543 1710 3619; baseline 0.003 -21"><span class='ocrx_word' id='word_1_310' title='bbox 109 3561 182 3598; x_wconf 82' lang='grc' dir='ltr'><strong>τε</strong></span> <span class='ocrx_word' id='word_1_311' title='bbox 218 3544 331 3616; x_wconf 88' lang='grc' dir='ltr'><strong>γάρ</strong></span> <span class='ocrx_word' id='word_1_312' title='bbox 364 3543 581 3613; x_wconf 78' lang='grc' dir='ltr'>γένεσις</span> <span class='ocrx_word' id='word_1_313' title='bbox 643 3545 805 3616; x_wconf 83' lang='grc' dir='ltr'>ήμῶν</span> <span class='ocrx_word' id='word_1_314' title='bbox 836 3545 940 3617; x_wconf 82' lang='grc' dir='ltr'>τῆς</span> <span class='ocrx_word' id='word_1_315' title='bbox 983 3545 1385 3619; x_wconf 81' lang='grc' dir='ltr'>δημιουργικῆς</span> <span class='ocrx_word' id='word_1_316' title='bbox 1412 3547 1580 3603; x_wconf 82' lang='grc' dir='ltr'>αὑτοῦ</span> <span class='ocrx_word' id='word_1_317' title='bbox 1617 3549 1710 3603; x_wconf 83' lang='grc' dir='ltr'><strong>δυ-</strong></span> 
     </span>
    </p>
   </div>
   <div class='ocr_carea' id='block_1_38' title="bbox 108 3635 1711 3711">
    <p class='ocr_par' dir='ltr' id='par_1_38' title="bbox 108 3635 1711 3711">
     <span class='ocr_line' id='line_1_38' title="bbox 108 3635 1711 3711; baseline 0.002 -19"><span class='ocrx_word' id='word_1_318' title='bbox 108 3635 350 3708; x_wconf 69' lang='grc' dir='ltr'>νάμεώς</span> <span class='ocrx_word' id='word_1_319' title='bbox 379 3639 526 3691; x_wconf 81' lang='grc' dir='ltr'>ἐστι’</span> <span class='ocrx_word' id='word_1_320' title='bbox 557 3637 652 3691; x_wconf 80' lang='grc' dir='ltr'><strong>καί</strong></span> <span class='ocrx_word' id='word_1_321' title='bbox 680 3639 713 3709; x_wconf 84' lang='grc' dir='ltr'><strong>ή</strong></span> <span class='ocrx_word' id='word_1_322' title='bbox 760 3637 1015 3710; x_wconf 80' lang='grc' dir='ltr'>διαμονὴ,</span> <span class='ocrx_word' id='word_1_323' title='bbox 1042 3637 1143 3711; x_wconf 71' lang='grc' dir='ltr'>τῆς</span> <span class='ocrx_word' id='word_1_324' title='bbox 1184 3641 1516 3711; x_wconf 72' lang='grc' dir='ltr'>ωνεκτικῆς</span> <span class='ocrx_word' id='word_1_325' title='bbox 1544 3639 1711 3695; x_wconf 82' lang='grc' dir='ltr'>δυνά-</span> 
     </span>
    </p>
   </div>
   <div class='ocr_carea' id='block_1_39' title="bbox 113 3726 1712 3802">
    <p class='ocr_par' dir='ltr' id='par_1_39' title="bbox 113 3726 1712 3802">
     <span class='ocr_line' id='line_1_39' title="bbox 113 3726 1712 3802; baseline 0.003 -21"><span class='ocrx_word' id='word_1_326' title='bbox 113 3746 278 3799; x_wconf 84' lang='grc' dir='ltr'>μεως</span> <span class='ocrx_word' id='word_1_327' title='bbox 308 3726 475 3781; x_wconf 83' lang='grc' dir='ltr'>αὐτοῦ</span> <span class='ocrx_word' id='word_1_328' title='bbox 497 3743 513 3759; x_wconf 76' lang='grc' dir='ltr'><strong>ο</strong></span> <span class='ocrx_word' id='word_1_329' title='bbox 558 3728 654 3783; x_wconf 76' lang='grc' dir='ltr'><strong>καὶ</strong></span> <span class='ocrx_word' id='word_1_330' title='bbox 691 3728 1107 3802; x_wconf 82' lang='grc' dir='ltr'>ἡκυσέρνησις,</span> <span class='ocrx_word' id='word_1_331' title='bbox 1142 3726 1247 3784; x_wconf 64' lang='grc' dir='ltr'><strong>καί</strong></span> <span class='ocrx_word' id='word_1_332' title='bbox 1287 3731 1559 3802; x_wconf 84' lang='grc' dir='ltr'>σωτηρία,</span> <span class='ocrx_word' id='word_1_333' title='bbox 1608 3732 1712 3801; x_wconf 82' lang='grc' dir='ltr'>τῆς</span> 
     </span>
    </p>
   </div>
   <div class='ocr_carea' id='block_1_40' title="bbox 109 3817 1712 3891">
    <p class='ocr_par' dir='ltr' id='par_1_40' title="bbox 109 3817 1712 3891">
     <span class='ocr_line' id='line_1_40' title="bbox 109 3817 1712 3891; baseline 0.002 -20"><span class='ocrx_word' id='word_1_334' title='bbox 109 3817 504 3890; x_wconf 80' lang='grc' dir='ltr'>προνοητικῆς</span> <span class='ocrx_word' id='word_1_335' title='bbox 550 3819 716 3872; x_wconf 80' lang='grc' dir='ltr'>αὐτοῦ</span> <span class='ocrx_word' id='word_1_336' title='bbox 766 3819 1051 3889; x_wconf 81' lang='grc' dir='ltr'>δυνάμεως</span> <span class='ocrx_word' id='word_1_337' title='bbox 1074 3835 1091 3852; x_wconf 89' lang='grc'><strong>·</strong></span> <span class='ocrx_word' id='word_1_338' title='bbox 1131 3821 1225 3874; x_wconf 81' lang='grc' dir='ltr'><strong>καί</strong></span> <span class='ocrx_word' id='word_1_339' title='bbox 1270 3821 1304 3891; x_wconf 76' lang='grc' dir='ltr'><strong>ἡ</strong></span> <span class='ocrx_word' id='word_1_340' title='bbox 1348 3820 1458 3874; x_wconf 90' lang='grc' dir='ltr'><strong>τῶν</strong></span> <span class='ocrx_word' id='word_1_341' title='bbox 1486 3820 1712 3890; x_wconf 82' lang='grc' dir='ltr'>ἀγαθῶν</span> 
     </span>
    </p>
   </div>
   <div class='ocr_carea' id='block_1_41' title="bbox 108 3907 1712 3980">
    <p class='ocr_par' dir='ltr' id='par_1_41' title="bbox 108 3907 1712 3980">
     <span class='ocr_line' id='line_1_41' title="bbox 108 3907 1712 3980; baseline -0.002 -16"><span class='ocrx_word' id='word_1_342' title='bbox 108 3908 318 3964; x_wconf 85' lang='grc' dir='ltr'>αἰωνία</span> <span class='ocrx_word' id='word_1_343' title='bbox 351 3907 677 3974; x_wconf 84' lang='grc' dir='ltr'>ἀπόλαυσις,</span> <span class='ocrx_word' id='word_1_344' title='bbox 721 3909 822 3980; x_wconf 86' lang='grc' dir='ltr'><strong>τῆς</strong></span> <span class='ocrx_word' id='word_1_345' title='bbox 853 3907 1202 3980; x_wconf 80' lang='grc' dir='ltr'>ἀγαθότητος</span> <span class='ocrx_word' id='word_1_346' title='bbox 1231 3908 1423 3976; x_wconf 80' lang='grc' dir='ltr'>αὐτοῦ,</span> <span class='ocrx_word' id='word_1_347' title='bbox 1466 3911 1581 3973; x_wconf 78' lang='grc' dir='ltr'>τοῖς</span> <span class='ocrx_word' id='word_1_348' title='bbox 1609 3926 1712 3979; x_wconf 73' lang='grc' dir='ltr'>φυο</span> 
     </span>
    </p>
   </div>
   <div class='ocr_carea' id='block_1_42' title="bbox 108 3993 1708 4070">
    <p class='ocr_par' dir='ltr' id='par_1_42' title="bbox 108 3993 1708 4070">
     <span class='ocr_line' id='line_1_42' title="bbox 108 3993 1708 4070; baseline -0.001 -15"><span class='ocrx_word' id='word_1_349' title='bbox 108 3999 507 4055; x_wconf 78' lang='grc' dir='ltr'>λάσσουσιτδ</span> <span class='ocrx_word' id='word_1_350' title='bbox 563 3999 710 4054; x_wconf 83' lang='grc' dir='ltr'>κατά</span> <span class='ocrx_word' id='word_1_351' title='bbox 762 3998 947 4068; x_wconf 86' lang='grc' dir='ltr'>φύσιν,</span> <span class='ocrx_word' id='word_1_352' title='bbox 974 3999 1061 4068; x_wconf 78' lang='grc' dir='ltr'><strong>ἐφ’</strong></span> <span class='ocrx_word' id='word_1_353' title='bbox 1101 3993 1146 4068; x_wconf 80' lang='grc' dir='ltr'><strong>ᾧ</strong></span> <span class='ocrx_word' id='word_1_354' title='bbox 1192 4000 1288 4054; x_wconf 74' lang='grc' dir='ltr'><strong>καὶ</strong></span> <span class='ocrx_word' id='word_1_355' title='bbox 1333 3998 1708 4070; x_wconf 75' lang='grc' dir='ltr'>ὲπλάσθημεν.</span> 
     </span>
    </p>
   </div>
   <div class='ocr_carea' id='block_1_43' title="bbox 120 4088 1711 4161">
    <p class='ocr_par' dir='ltr' id='par_1_43' title="bbox 120 4088 1711 4161">
     <span class='ocr_line' id='line_1_43' title="bbox 120 4088 1711 4161; baseline -0.001 -16"><span class='ocrx_word' id='word_1_356' title='bbox 120 4088 359 4160; x_wconf 82' lang='grc' dir='ltr'>Ἐπειδὴ</span> <span class='ocrx_word' id='word_1_357' title='bbox 388 4089 447 4142; x_wconf 82' lang='grc' dir='ltr'>δέ</span> <span class='ocrx_word' id='word_1_358' title='bbox 480 4105 630 4153; x_wconf 88' lang='grc' dir='ltr'>τινες</span> <span class='ocrx_word' id='word_1_359' title='bbox 675 4088 1022 4157; x_wconf 81' lang='grc' dir='ltr'>ἀντιλέγουσι</span> <span class='ocrx_word' id='word_1_360' title='bbox 1074 4091 1143 4161; x_wconf 77' lang='grc' dir='ltr'>τῇ</span> <span class='ocrx_word' id='word_1_361' title='bbox 1174 4089 1429 4161; x_wconf 82' lang='grc' dir='ltr'>προνοίᾳ,</span> <span class='ocrx_word' id='word_1_362' title='bbox 1462 4088 1711 4159; x_wconf 82' lang='grc' dir='ltr'>είπωμεν</span> 
     </span>
    </p>
   </div>
   <div class='ocr_carea' id='block_1_44' title="bbox 107 4179 1162 4250">
    <p class='ocr_par' dir='ltr' id='par_1_44' title="bbox 107 4179 1162 4250">
     <span class='ocr_line' id='line_1_44' title="bbox 107 4179 1162 4250; baseline -0.002 -15"><span class='ocrx_word' id='word_1_363' title='bbox 107 4179 312 4235; x_wconf 76' lang='grc' dir='ltr'>λοιπὸν</span> <span class='ocrx_word' id='word_1_364' title='bbox 346 4179 505 4248; x_wconf 82' lang='grc' dir='ltr'>ὀλίγα</span> <span class='ocrx_word' id='word_1_365' title='bbox 529 4179 560 4219; x_wconf 73' lang='grc' dir='ltr'><strong>ι’</strong></span> <span class='ocrx_word' id='word_1_366' title='bbox 590 4179 687 4235; x_wconf 77' lang='grc' dir='ltr'>καὶ</span> <span class='ocrx_word' id='word_1_367' title='bbox 716 4179 849 4250; x_wconf 80' lang='grc' dir='ltr'><strong>περί¹</strong></span> <span class='ocrx_word' id='word_1_368' title='bbox 877 4179 1162 4250; x_wconf 84' lang='grc' dir='ltr'>προνοίας.</span> 
     </span>
    </p>
   </div>
   <div class='ocr_carea' id='block_1_45' title="bbox 1898 1451 3408 1525">
    <p class='ocr_par' dir='ltr' id='par_1_45' title="bbox 1898 1451 3408 1525">
     <span class='ocr_line' id='line_1_45' title="bbox 1898 1451 3408 1525; baseline 0.005 -19"><span class='ocrx_word' id='word_1_369' title='bbox 1898 1452 2088 1522; x_wconf 83' lang='lat' dir='ltr'><strong>Angcli</strong></span> <span class='ocrx_word' id='word_1_370' title='bbox 2127 1451 2301 1516; x_wconf 80' lang='lat' dir='ltr'><strong>liberi,</strong></span> <span class='ocrx_word' id='word_1_371' title='bbox 2332 1459 2384 1507; x_wconf 88' lang='lat' dir='ltr'><strong>et</strong></span> <span class='ocrx_word' id='word_1_372' title='bbox 2428 1455 2731 1519; x_wconf 82' lang='lat' dir='ltr'><strong>mutabiles,</strong></span> <span class='ocrx_word' id='word_1_373' title='bbox 2766 1474 2872 1525; x_wconf 85' lang='lat' dir='ltr'><strong>qua</strong></span> <span class='ocrx_word' id='word_1_374' title='bbox 2912 1457 3097 1511; x_wconf 76' lang='lat' dir='ltr'><strong>creati.</strong></span> <span class='ocrx_word' id='word_1_375' title='bbox 3126 1488 3194 1497; x_wconf 90' lang='lat'><strong>——</strong></span> <span class='ocrx_word' id='word_1_376' title='bbox 3220 1458 3408 1514; x_wconf 86' lang='lat' dir='ltr'><strong>Scien-</strong></span> 
     </span>
    </p>
   </div>
   <div class='ocr_carea' id='block_1_46' title="bbox 1823 1542 3405 1617">
    <p class='ocr_par' dir='ltr' id='par_1_46' title="bbox 1823 1542 3405 1617">
     <span class='ocr_line' id='line_1_46' title="bbox 1823 1542 3405 1617; baseline 0.005 -21"><span class='ocrx_word' id='word_1_377' title='bbox 1823 1542 1953 1596; x_wconf 91' lang='lat' dir='ltr'><strong>dum</strong></span> <span class='ocrx_word' id='word_1_378' title='bbox 2008 1550 2115 1607; x_wconf 88' lang='lat' dir='ltr'><strong>est,</strong></span> <span class='ocrx_word' id='word_1_379' title='bbox 2156 1543 2405 1613; x_wconf 77' lang='lat' dir='ltr'><strong>angelos,</strong></span> <span class='ocrx_word' id='word_1_380' title='bbox 2439 1552 2631 1614; x_wconf 90' lang='lat' dir='ltr'><strong>utpote</strong></span> <span class='ocrx_word' id='word_1_381' title='bbox 2668 1546 2881 1601; x_wconf 89' lang='lat' dir='ltr'><strong>ratione</strong></span> <span class='ocrx_word' id='word_1_382' title='bbox 2923 1548 3206 1617; x_wconf 78' lang='lat' dir='ltr'><strong>praeditos,</strong></span> <span class='ocrx_word' id='word_1_383' title='bbox 3250 1542 3405 1604; x_wconf 79' lang='lat' dir='ltr'><strong>liberi</strong></span> 
     </span>
    </p>
   </div>
   <div class='ocr_carea' id='block_1_47' title="bbox 1822 1631 3404 1703">
    <p class='ocr_par' dir='ltr' id='par_1_47' title="bbox 1822 1631 3404 1703">
     <span class='ocr_line' id='line_1_47' title="bbox 1822 1631 3404 1703; baseline 0.004 -19"><span class='ocrx_word' id='word_1_384' title='bbox 1822 1631 2038 1687; x_wconf 88' lang='lat' dir='ltr'><strong>arbitrii</strong></span> <span class='ocrx_word' id='word_1_385' title='bbox 2093 1646 2238 1698; x_wconf 79' lang='lat' dir='ltr'><strong>esse.</strong></span> <span class='ocrx_word' id='word_1_386' title='bbox 2289 1646 2354 1686; x_wconf 88' lang='lat' dir='ltr'><strong>ac</strong></span> <span class='ocrx_word' id='word_1_387' title='bbox 2405 1647 2514 1703; x_wconf 88' lang='lat' dir='ltr'><strong>qua</strong></span> <span class='ocrx_word' id='word_1_388' title='bbox 2574 1635 2790 1690; x_wconf 88' lang='lat' dir='ltr'><strong>ratione</strong></span> <span class='ocrx_word' id='word_1_389' title='bbox 2827 1637 2993 1691; x_wconf 87' lang='lat' dir='ltr'><strong>creati</strong></span> <span class='ocrx_word' id='word_1_390' title='bbox 3043 1645 3192 1701; x_wconf 88' lang='lat' dir='ltr'><strong>sunt,</strong></span> <span class='ocrx_word' id='word_1_391' title='bbox 3226 1647 3404 1691; x_wconf 80' lang='lat' dir='ltr'><strong>mula-</strong></span> 
     </span>
    </p>
   </div>
   <div class='ocr_carea' id='block_1_48' title="bbox 1821 1722 3403 1797">
    <p class='ocr_par' dir='ltr' id='par_1_48' title="bbox 1821 1722 3403 1797">
     <span class='ocr_line' id='line_1_48' title="bbox 1821 1722 3403 1797; baseline 0.004 -21"><span class='ocrx_word' id='word_1_392' title='bbox 1821 1723 1957 1777; x_wconf 88' lang='lat' dir='ltr'><strong>tioni</strong></span> <span class='ocrx_word' id='word_1_393' title='bbox 1999 1738 2223 1794; x_wconf 88' lang='lat' dir='ltr'><strong>quoque</strong></span> <span class='ocrx_word' id='word_1_394' title='bbox 2254 1722 2524 1780; x_wconf 73' lang='lat' dir='ltr'><strong>obnoxios</strong></span> <span class='ocrx_word' id='word_1_395' title='bbox 2579 1740 2727 1780; x_wconf 88' lang='lat' dir='ltr'><strong>esse.</strong></span> <span class='ocrx_word' id='word_1_396' title='bbox 2780 1727 2949 1795; x_wconf 83' lang='lat' dir='ltr'><strong>quue</strong></span> <span class='ocrx_word' id='word_1_397' title='bbox 2998 1727 3211 1797; x_wconf 87' lang='lat' dir='ltr'><strong>liquido</strong></span> <span class='ocrx_word' id='word_1_398' title='bbox 3247 1745 3403 1785; x_wconf 91' lang='lat' dir='ltr'><strong>mon-</strong></span> 
     </span>
    </p>
   </div>
   <div class='ocr_carea' id='block_1_49' title="bbox 1817 1814 3404 1886">
    <p class='ocr_par' dir='ltr' id='par_1_49' title="bbox 1817 1814 3404 1886">
     <span class='ocr_line' id='line_1_49' title="bbox 1817 1814 3404 1886; baseline 0.004 -17"><span class='ocrx_word' id='word_1_399' title='bbox 1817 1814 2017 1869; x_wconf 79' lang='lat' dir='ltr'><strong>stravit</strong></span> <span class='ocrx_word' id='word_1_400' title='bbox 2046 1814 2326 1879; x_wconf 87' lang='lat' dir='ltr'><strong>diabolus,</strong></span> <span class='ocrx_word' id='word_1_401' title='bbox 2368 1815 2485 1886; x_wconf 88' lang='lat' dir='ltr'><strong>qui,</strong></span> <span class='ocrx_word' id='word_1_402' title='bbox 2520 1831 2645 1871; x_wconf 90' lang='lat' dir='ltr'><strong>cum</strong></span> <span class='ocrx_word' id='word_1_403' title='bbox 2695 1830 2726 1870; x_wconf 86' lang='lat' dir='ltr'><strong>a</strong></span> <span class='ocrx_word' id='word_1_404' title='bbox 2767 1817 3028 1873; x_wconf 84' lang='lat' dir='ltr'><strong>Creatore</strong></span> <span class='ocrx_word' id='word_1_405' title='bbox 3060 1819 3237 1876; x_wconf 89' lang='lat' dir='ltr'><strong>bonus</strong></span> <span class='ocrx_word' id='word_1_406' title='bbox 3270 1836 3404 1876; x_wconf 89' lang='lat' dir='ltr'><strong>con-</strong></span> 
     </span>
    </p>
   </div>
   <div class='ocr_carea' id='block_1_50' title="bbox 1814 1906 3402 1977">
    <p class='ocr_par' dir='ltr' id='par_1_50' title="bbox 1814 1906 3402 1977">
     <span class='ocr_line' id='line_1_50' title="bbox 1814 1906 3402 1977; baseline 0.005 -16"><span class='ocrx_word' id='word_1_407' title='bbox 1814 1907 1966 1961; x_wconf 87' lang='lat' dir='ltr'><strong>ditus</strong></span> <span class='ocrx_word' id='word_1_408' title='bbox 2001 1914 2170 1971; x_wconf 87' lang='lat' dir='ltr'><strong>esset,</strong></span> <span class='ocrx_word' id='word_1_409' title='bbox 2205 1906 2378 1962; x_wconf 87' lang='lat' dir='ltr'><strong>libera</strong></span> <span class='ocrx_word' id='word_1_410' title='bbox 2411 1916 2686 1977; x_wconf 84' lang='lat' dir='ltr'><strong>potestate</strong></span> <span class='ocrx_word' id='word_1_411' title='bbox 2713 1908 2843 1962; x_wconf 87' lang='lat' dir='ltr'><strong>mali</strong></span> <span class='ocrx_word' id='word_1_412' title='bbox 2876 1907 3133 1965; x_wconf 77' lang='lat' dir='ltr'><strong>inventor</strong></span> <span class='ocrx_word' id='word_1_413' title='bbox 3164 1913 3402 1975; x_wconf 81' lang='lat' dir='ltr'><strong>exstitit.</strong></span> 
     </span>
    </p>
   </div>
   <div class='ocr_carea' id='block_1_51' title="bbox 1817 1996 3405 2071">
    <p class='ocr_par' dir='ltr' id='par_1_51' title="bbox 1817 1996 3405 2071">
     <span class='ocr_line' id='line_1_51' title="bbox 1817 1996 3405 2071; baseline 0.006 -22"><span class='ocrx_word' id='word_1_414' title='bbox 1817 1996 2166 2066; x_wconf 81' lang='lat' dir='ltr'><strong>virtutesque</strong></span> <span class='ocrx_word' id='word_1_415' title='bbox 2201 1997 2430 2068; x_wconf 88' lang='lat' dir='ltr'><strong>insuper</strong></span> <span class='ocrx_word' id='word_1_416' title='bbox 2460 1997 2586 2065; x_wconf 66' lang='lat' dir='ltr'><strong>illae,</strong></span> <span class='ocrx_word' id='word_1_417' title='bbox 2618 2014 2741 2069; x_wconf 84' lang='lat' dir='ltr'><strong>quae</strong></span> <span class='ocrx_word' id='word_1_418' title='bbox 2768 2012 2875 2053; x_wconf 91' lang='lat' dir='ltr'><strong>una</strong></span> <span class='ocrx_word' id='word_1_419' title='bbox 2911 2016 3034 2055; x_wconf 89' lang='lat' dir='ltr'><strong>cum</strong></span> <span class='ocrx_word' id='word_1_420' title='bbox 3074 2001 3194 2071; x_wconf 90' lang='lat' dir='ltr'><strong>ipso</strong></span> <span class='ocrx_word' id='word_1_421' title='bbox 3226 2018 3255 2056; x_wconf 90' lang='lat' dir='ltr'><strong>a</strong></span> <span class='ocrx_word' id='word_1_422' title='bbox 3295 2005 3405 2059; x_wconf 79' lang='lat' dir='ltr'><strong>Deo</strong></span> 
     </span>
    </p>
   </div>
   <div class='ocr_carea' id='block_1_52' title="bbox 1816 2090 3401 2171">
    <p class='ocr_par' dir='ltr' id='par_1_52' title="bbox 1816 2090 3401 2171">
     <span class='ocr_line' id='line_1_52' title="bbox 1816 2090 3401 2171; baseline 0.006 -26"><span class='ocrx_word' id='word_1_423' title='bbox 1816 2090 2158 2158; x_wconf 84' lang='lat' dir='ltr'><strong>defecerunt,</strong></span> <span class='ocrx_word' id='word_1_424' title='bbox 2213 2104 2344 2163; x_wconf 87' lang='lat' dir='ltr'><strong>puta</strong></span> <span class='ocrx_word' id='word_1_425' title='bbox 2383 2093 2685 2157; x_wconf 71' lang='lat' dir='ltr'><strong>daemones,</strong></span> <span class='ocrx_word' id='word_1_426' title='bbox 2746 2109 2871 2149; x_wconf 87' lang='lat' dir='ltr'><strong>cum</strong></span> <span class='ocrx_word' id='word_1_427' title='bbox 2921 2096 3129 2168; x_wconf 77' lang='lat' dir='ltr'><strong>reliqua</strong></span> <span class='ocrx_word' id='word_1_428' title='bbox 3179 2097 3401 2171; x_wconf 85' lang='lat' dir='ltr'><strong>angelo-</strong></span> 
     </span>
    </p>
   </div>
   <div class='ocr_carea' id='block_1_53' title="bbox 1818 2184 2873 2257">
    <p class='ocr_par' dir='ltr' id='par_1_53' title="bbox 1818 2184 2873 2257">
     <span class='ocr_line' id='line_1_53' title="bbox 1818 2184 2873 2257; baseline 0.006 -21"><span class='ocrx_word' id='word_1_429' title='bbox 1818 2197 1936 2238; x_wconf 87' lang='lat' dir='ltr'><strong>rum</strong></span> <span class='ocrx_word' id='word_1_430' title='bbox 1976 2186 2191 2255; x_wconf 80' lang='lat' dir='ltr'><strong>agmina</strong></span> <span class='ocrx_word' id='word_1_431' title='bbox 2235 2185 2290 2238; x_wconf 89' lang='lat' dir='ltr'><strong>in</strong></span> <span class='ocrx_word' id='word_1_432' title='bbox 2324 2184 2469 2241; x_wconf 89' lang='lat' dir='ltr'><strong>bono</strong></span> <span class='ocrx_word' id='word_1_433' title='bbox 2505 2186 2873 2257; x_wconf 89' lang='lat' dir='ltr'><strong>perstiteriut.</strong></span> 
     </span>
    </p>
   </div>
   <div class='ocr_carea' id='block_1_54' title="bbox 2393 2314 2835 2371">
    <p class='ocr_par' dir='ltr' id='par_1_54' title="bbox 2393 2314 2835 2371">
     <span class='ocr_line' id='line_1_54' title="bbox 2393 2314 2835 2371; baseline 0.002 -1"><span class='ocrx_word' id='word_1_434' title='bbox 2393 2314 2550 2371; x_wconf 82' lang='lat' dir='ltr'><strong>CAP.</strong></span> <span class='ocrx_word' id='word_1_435' title='bbox 2594 2315 2835 2371; x_wconf 71' lang='lat' dir='ltr'><strong>XXVIII.</strong></span> 
     </span>
    </p>
   </div>
   <div class='ocr_carea' id='block_1_55' title="bbox 1886 2422 3328 2494">
    <p class='ocr_par' dir='ltr' id='par_1_55' title="bbox 1886 2422 3328 2494">
     <span class='ocr_line' id='line_1_55' title="bbox 1886 2422 3328 2494; baseline 0.005 -18"><span class='ocrx_word' id='word_1_436' title='bbox 1886 2422 1964 2478; x_wconf 87' lang='lat' dir='ltr'><strong>De</strong></span> <span class='ocrx_word' id='word_1_437' title='bbox 1986 2423 2052 2477; x_wconf 81' lang='lat' dir='ltr'><strong>iis</strong></span> <span class='ocrx_word' id='word_1_438' title='bbox 2081 2438 2199 2494; x_wconf 75' lang='lat' dir='ltr'><strong>qua:</strong></span> <span class='ocrx_word' id='word_1_439' title='bbox 2224 2424 2279 2477; x_wconf 88' lang='lat' dir='ltr'><strong>in</strong></span> <span class='ocrx_word' id='word_1_440' title='bbox 2325 2431 2512 2478; x_wconf 87' lang='lat' dir='ltr'><strong>nostra</strong></span> <span class='ocrx_word' id='word_1_441' title='bbox 2541 2432 2803 2492; x_wconf 73' lang='lat' dir='ltr'><strong>potestate</strong></span> <span class='ocrx_word' id='word_1_442' title='bbox 2833 2426 3013 2494; x_wconf 82' lang='lat' dir='ltr'><strong>posita</strong></span> <span class='ocrx_word' id='word_1_443' title='bbox 3042 2440 3148 2481; x_wconf 82' lang='lat' dir='ltr'><strong>non</strong></span> <span class='ocrx_word' id='word_1_444' title='bbox 3182 2438 3328 2483; x_wconf 84' lang='lat' dir='ltr'><strong>sunt.</strong></span> 
     </span>
    </p>
   </div>
   <div class='ocr_carea' id='block_1_56' title="bbox 1885 2534 3400 2607">
    <p class='ocr_par' dir='ltr' id='par_1_56' title="bbox 1885 2534 3400 2607">
     <span class='ocr_line' id='line_1_56' title="bbox 1885 2534 3400 2607; baseline 0.005 -20"><span class='ocrx_word' id='word_1_445' title='bbox 1885 2536 1931 2587; x_wconf 84' lang='lat' dir='ltr'><strong><em>A</em></strong></span> <span class='ocrx_word' id='word_1_446' title='bbox 1965 2534 2069 2590; x_wconf 87' lang='lat' dir='ltr'><strong>Deo</strong></span> <span class='ocrx_word' id='word_1_447' title='bbox 2102 2536 2218 2591; x_wconf 90' lang='lat' dir='ltr'><strong>solo</strong></span> <span class='ocrx_word' id='word_1_448' title='bbox 2262 2536 2488 2605; x_wconf 78' lang='lat' dir='ltr'><strong>pendent</strong></span> <span class='ocrx_word' id='word_1_449' title='bbox 2562 2551 2680 2607; x_wconf 80' lang='lat' dir='ltr'><strong>qua:</strong></span> <span class='ocrx_word' id='word_1_450' title='bbox 2715 2539 2994 2605; x_wconf 82' lang='lat' dir='ltr'><strong>potestatis</strong></span> <span class='ocrx_word' id='word_1_451' title='bbox 3046 2549 3244 2594; x_wconf 61' lang='lat' dir='ltr'><strong>nostra</strong></span> <span class='ocrx_word' id='word_1_452' title='bbox 3298 2555 3400 2595; x_wconf 83' lang='lat' dir='ltr'><strong>non</strong></span> 
     </span>
    </p>
   </div>
   <div class='ocr_carea' id='block_1_57' title="bbox 1815 2626 3401 2698">
    <p class='ocr_par' dir='ltr' id='par_1_57' title="bbox 1815 2626 3401 2698">
     <span class='ocr_line' id='line_1_57' title="bbox 1815 2626 3401 2698; baseline 0.003 -16"><span class='ocrx_word' id='word_1_453' title='bbox 1815 2626 2281 2682; x_wconf 88' lang='lat' dir='ltr'><strong>sunt.—Eorum</strong></span> <span class='ocrx_word' id='word_1_454' title='bbox 2345 2636 2551 2691; x_wconf 85' lang='lat' dir='ltr'><strong>autem,</strong></span> <span class='ocrx_word' id='word_1_455' title='bbox 2611 2642 2734 2698; x_wconf 68' lang='lat' dir='ltr'><strong>qua:</strong></span> <span class='ocrx_word' id='word_1_456' title='bbox 2804 2628 2857 2682; x_wconf 91' lang='lat' dir='ltr'><strong>in</strong></span> <span class='ocrx_word' id='word_1_457' title='bbox 2922 2637 3114 2685; x_wconf 91' lang='lat' dir='ltr'><strong>nostro</strong></span> <span class='ocrx_word' id='word_1_458' title='bbox 3169 2632 3401 2686; x_wconf 86' lang='lat' dir='ltr'><strong>arbitrio</strong></span> 
     </span>
    </p>
   </div>
   <div class='ocr_carea' id='block_1_58' title="bbox 1815 2716 3399 2787">
    <p class='ocr_par' dir='ltr' id='par_1_58' title="bbox 1815 2716 3399 2787">
     <span class='ocr_line' id='line_1_58' title="bbox 1815 2716 3399 2787; baseline 0.001 -16"><span class='ocrx_word' id='word_1_459' title='bbox 1815 2716 2042 2773; x_wconf 89' lang='lat' dir='ltr'><strong>minime</strong></span> <span class='ocrx_word' id='word_1_460' title='bbox 2082 2716 2197 2773; x_wconf 45' lang='lat' dir='ltr'><strong>‘sita</strong></span> <span class='ocrx_word' id='word_1_461' title='bbox 2245 2725 2398 2781; x_wconf 90' lang='lat' dir='ltr'><strong>sunt,</strong></span> <span class='ocrx_word' id='word_1_462' title='bbox 2450 2717 2555 2771; x_wconf 88' lang='lat' dir='ltr'><strong>alia</strong></span> <span class='ocrx_word' id='word_1_463' title='bbox 2596 2731 2663 2772; x_wconf 82' lang='lat' dir='ltr'><strong>ex</strong></span> <span class='ocrx_word' id='word_1_464' title='bbox 2698 2718 2766 2772; x_wconf 90' lang='lat' dir='ltr'><strong>iis</strong></span> <span class='ocrx_word' id='word_1_465' title='bbox 2814 2732 2937 2787; x_wconf 67' lang='lat' dir='ltr'><strong>quae</strong></span> <span class='ocrx_word' id='word_1_466' title='bbox 2972 2718 3187 2774; x_wconf 89' lang='lat' dir='ltr'><strong>arbitrii</strong></span> <span class='ocrx_word' id='word_1_467' title='bbox 3221 2721 3399 2776; x_wconf 89' lang='lat' dir='ltr'><strong>nostri</strong></span> 
     </span>
    </p>
   </div>
   <div class='ocr_carea' id='block_1_59' title="bbox 1814 2809 3399 2881">
    <p class='ocr_par' dir='ltr' id='par_1_59' title="bbox 1814 2809 3399 2881">
     <span class='ocr_line' id='line_1_59' title="bbox 1814 2809 3399 2881; baseline 0.001 -17"><span class='ocrx_word' id='word_1_468' title='bbox 1814 2818 1983 2873; x_wconf 91' lang='lat' dir='ltr'><strong>sunt,</strong></span> <span class='ocrx_word' id='word_1_469' title='bbox 2035 2809 2305 2880; x_wconf 76' lang='lat' dir='ltr'><strong>originem</strong></span> <span class='ocrx_word' id='word_1_470' title='bbox 2347 2825 2444 2865; x_wconf 89' lang='lat' dir='ltr'><strong>seu</strong></span> <span class='ocrx_word' id='word_1_471' title='bbox 2493 2824 2719 2865; x_wconf 84' lang='lat' dir='ltr'><strong>causam</strong></span> <span class='ocrx_word' id='word_1_472' title='bbox 2769 2809 2993 2875; x_wconf 85' lang='lat' dir='ltr'><strong>habent,</strong></span> <span class='ocrx_word' id='word_1_473' title='bbox 3036 2812 3228 2881; x_wconf 86' lang='lat' dir='ltr'><strong>quales</strong></span> <span class='ocrx_word' id='word_1_474' title='bbox 3268 2821 3399 2867; x_wconf 87' lang='lat' dir='ltr'><strong>sunt</strong></span> 
     </span>
    </p>
   </div>
   <div class='ocr_carea' id='block_1_60' title="bbox 1814 2900 3397 2971">
    <p class='ocr_par' dir='ltr' id='par_1_60' title="bbox 1814 2900 3397 2971">
     <span class='ocr_line' id='line_1_60' title="bbox 1814 2900 3397 2971; baseline 0.001 -17"><span class='ocrx_word' id='word_1_475' title='bbox 1814 2901 2096 2955; x_wconf 86' lang='lat' dir='ltr'><strong>actionum</strong></span> <span class='ocrx_word' id='word_1_476' title='bbox 2154 2911 2474 2957; x_wconf 88' lang='lat' dir='ltr'><strong>nostrarum</strong></span> <span class='ocrx_word' id='word_1_477' title='bbox 2532 2900 2952 2965; x_wconf 88' lang='lat' dir='ltr'><strong>retributiones,</strong></span> <span class='ocrx_word' id='word_1_478' title='bbox 2990 2912 3105 2955; x_wconf 90' lang='lat' dir='ltr'><strong>tum</strong></span> <span class='ocrx_word' id='word_1_479' title='bbox 3166 2902 3221 2955; x_wconf 92' lang='lat' dir='ltr'><strong>in</strong></span> <span class='ocrx_word' id='word_1_480' title='bbox 3257 2917 3397 2971; x_wconf 66' lang='lat' dir='ltr'><strong>prae-</strong></span> 
     </span>
    </p>
   </div>
   <div class='ocr_carea' id='block_1_61' title="bbox 1815 2991 3400 3055">
    <p class='ocr_par' dir='ltr' id='par_1_61' title="bbox 1815 2991 3400 3055">
     <span class='ocr_line' id='line_1_61' title="bbox 1815 2991 3400 3055; baseline 0.001 -8"><span class='ocrx_word' id='word_1_481' title='bbox 1815 2991 1978 3055; x_wconf 87' lang='lat' dir='ltr'><strong>senti.</strong></span> <span class='ocrx_word' id='word_1_482' title='bbox 2011 2999 2129 3046; x_wconf 89' lang='lat' dir='ltr'><strong>tum</strong></span> <span class='ocrx_word' id='word_1_483' title='bbox 2159 2992 2216 3047; x_wconf 90' lang='lat' dir='ltr'><strong>in</strong></span> <span class='ocrx_word' id='word_1_484' title='bbox 2243 2991 2432 3047; x_wconf 81' lang='lat' dir='ltr'><strong>futuro</strong></span> <span class='ocrx_word' id='word_1_485' title='bbox 2467 3004 2584 3046; x_wconf 72' lang='lat' dir='ltr'><strong>arvo</strong></span> <span class='ocrx_word' id='word_1_486' title='bbox 2617 3009 2631 3045; x_wconf 92' lang='lat'><strong>:</strong></span> <span class='ocrx_word' id='word_1_487' title='bbox 2688 2991 2793 3045; x_wconf 90' lang='lat' dir='ltr'><strong>alia</strong></span> <span class='ocrx_word' id='word_1_488' title='bbox 2820 3005 2955 3047; x_wconf 75' lang='lat' dir='ltr'><strong>vero</strong></span> <span class='ocrx_word' id='word_1_489' title='bbox 2989 2992 3175 3046; x_wconf 89' lang='lat' dir='ltr'><strong>omnia</strong></span> <span class='ocrx_word' id='word_1_490' title='bbox 3204 3007 3270 3047; x_wconf 81' lang='lat' dir='ltr'><strong>ex</strong></span> <span class='ocrx_word' id='word_1_491' title='bbox 3306 2993 3400 3049; x_wconf 86' lang='lat' dir='ltr'><strong>Dei</strong></span> 
     </span>
    </p>
   </div>
   <div class='ocr_carea' id='block_1_62' title="bbox 1814 3079 3401 3153">
    <p class='ocr_par' dir='ltr' id='par_1_62' title="bbox 1814 3079 3401 3153">
     <span class='ocr_line' id='line_1_62' title="bbox 1814 3079 3401 3153; baseline 0.002 -17"><span class='ocrx_word' id='word_1_492' title='bbox 1814 3082 2098 3139; x_wconf 81' lang='lat' dir='ltr'><strong>voluntate</strong></span> <span class='ocrx_word' id='word_1_493' title='bbox 2142 3082 2407 3153; x_wconf 88' lang='lat' dir='ltr'><strong>pendent.</strong></span> <span class='ocrx_word' id='word_1_494' title='bbox 2458 3079 2676 3137; x_wconf 88' lang='lat' dir='ltr'><strong>Etenim</strong></span> <span class='ocrx_word' id='word_1_495' title='bbox 2735 3096 2922 3137; x_wconf 86' lang='lat' dir='ltr'><strong>rerum</strong></span> <span class='ocrx_word' id='word_1_496' title='bbox 2958 3082 3203 3137; x_wconf 89' lang='lat' dir='ltr'><strong>omnium</strong></span> <span class='ocrx_word' id='word_1_497' title='bbox 3244 3091 3401 3139; x_wconf 87' lang='lat' dir='ltr'><strong>ortus</strong></span> 
     </span>
    </p>
   </div>
   <div class='ocr_carea' id='block_1_63' title="bbox 1814 3171 3400 3241">
    <p class='ocr_par' dir='ltr' id='par_1_63' title="bbox 1814 3171 3400 3241">
     <span class='ocr_line' id='line_1_63' title="bbox 1814 3171 3400 3241; baseline 0.003 -15"><span class='ocrx_word' id='word_1_498' title='bbox 1814 3185 1846 3226; x_wconf 90' lang='lat' dir='ltr'><strong>a</strong></span> <span class='ocrx_word' id='word_1_499' title='bbox 1886 3171 1998 3228; x_wconf 81' lang='lat' dir='ltr'><strong>Deo</strong></span> <span class='ocrx_word' id='word_1_500' title='bbox 2026 3178 2150 3240; x_wconf 88' lang='lat' dir='ltr'><strong>est;</strong></span> <span class='ocrx_word' id='word_1_501' title='bbox 2202 3181 2260 3226; x_wconf 89' lang='lat' dir='ltr'><strong>at</strong></span> <span class='ocrx_word' id='word_1_502' title='bbox 2297 3171 2585 3241; x_wconf 90' lang='lat' dir='ltr'><strong>corruptio</strong></span> <span class='ocrx_word' id='word_1_503' title='bbox 2617 3171 2691 3227; x_wconf 92' lang='lat' dir='ltr'><strong>ob</strong></span> <span class='ocrx_word' id='word_1_504' title='bbox 2736 3180 2985 3227; x_wconf 87' lang='lat' dir='ltr'><strong>nostram</strong></span> <span class='ocrx_word' id='word_1_505' title='bbox 3034 3171 3298 3228; x_wconf 83' lang='lat' dir='ltr'><strong>malitiam</strong></span> <span class='ocrx_word' id='word_1_506' title='bbox 3332 3175 3400 3230; x_wconf 87' lang='lat' dir='ltr'><strong>ad</strong></span> 
     </span>
    </p>
   </div>
   <div class='ocr_carea' id='block_1_64' title="bbox 1737 3239 3399 3330">
    <p class='ocr_par' dir='ltr' id='par_1_64' title="bbox 1737 3239 3399 3330">
     <span class='ocr_line' id='line_1_64' title="bbox 1737 3239 3399 3330; baseline 0.001 -12"><span class='ocrx_word' id='word_1_507' title='bbox 1737 3239 1779 3299; x_wconf 58' lang='grc' dir='ltr'><strong>(ἶ</strong></span> <span class='ocrx_word' id='word_1_508' title='bbox 1812 3273 2061 3321; x_wconf 86' lang='lat' dir='ltr'><strong>nostram</strong></span> <span class='ocrx_word' id='word_1_509' title='bbox 2086 3239 3052 3330; x_wconf 43' lang='lat' dir='ltr'><strong>pinnamsimul—etutilitateminvecta</strong></span> <span class='ocrx_word' id='word_1_510' title='bbox 3064 3264 3190 3321; x_wconf 80' lang='lat' dir='ltr'><strong>fuit.</strong></span> <span class='ocrx_word' id='word_1_511' title='bbox 3255 3265 3399 3321; x_wconf 80' lang='lat' dir='ltr'><strong>Deus</strong></span> 
     </span>
    </p>
   </div>
   <div class='ocr_carea' id='block_1_65' title="bbox 1810 3352 3403 3429">
    <p class='ocr_par' dir='ltr' id='par_1_65' title="bbox 1810 3352 3403 3429">
     <span class='ocr_line' id='line_1_65' title="bbox 1810 3352 3403 3429; baseline 0.003 -23"><span class='ocrx_word' id='word_1_512' title='bbox 1810 3352 2015 3424; x_wconf 87' lang='lat' dir='ltr'><strong>quippe</strong></span> <span class='ocrx_word' id='word_1_513' title='bbox 2051 3362 2276 3408; x_wconf 81' lang='lat' dir='ltr'><strong>mortem</strong></span> <span class='ocrx_word' id='word_1_514' title='bbox 2329 3368 2433 3407; x_wconf 89' lang='lat' dir='ltr'><strong>non</strong></span> <span class='ocrx_word' id='word_1_515' title='bbox 2479 3352 2628 3422; x_wconf 81' lang='lat' dir='ltr'><strong>fecit,</strong></span> <span class='ocrx_word' id='word_1_516' title='bbox 2676 3368 2769 3407; x_wconf 86' lang='lat' dir='ltr'><strong>nec</strong></span> <span class='ocrx_word' id='word_1_517' title='bbox 2806 3354 3105 3409; x_wconf 77' lang='lat' dir='ltr'><strong>delectatur</strong></span> <span class='ocrx_word' id='word_1_518' title='bbox 3132 3357 3186 3411; x_wconf 84' lang='lat' dir='ltr'><strong>in</strong></span> <span class='ocrx_word' id='word_1_519' title='bbox 3222 3360 3403 3429; x_wconf 82' lang='lat' dir='ltr'><strong>perdi-</strong></span> 
     </span>
    </p>
   </div>
   <div class='ocr_carea' id='block_1_66' title="bbox 1811 3444 3398 3515">
    <p class='ocr_par' dir='ltr' id='par_1_66' title="bbox 1811 3444 3398 3515">
     <span class='ocr_line' id='line_1_66' title="bbox 1811 3444 3398 3515; baseline 0.003 -16"><span class='ocrx_word' id='word_1_520' title='bbox 1811 3445 1950 3500; x_wconf 83' lang='lat' dir='ltr'><strong>tione</strong></span> <span class='ocrx_word' id='word_1_521' title='bbox 1985 3445 2268 3499; x_wconf 78' lang='lat' dir='ltr'><strong>aiventium</strong></span> <span class='ocrx_word' id='word_1_522' title='bbox 2295 3444 2341 3477; x_wconf 81' lang='lat'><strong>&quot;</strong></span> <span class='ocrx_word' id='word_1_523' title='bbox 2376 3460 2391 3497; x_wconf 92' lang='lat'><strong>:</strong></span> <span class='ocrx_word' id='word_1_524' title='bbox 2425 3445 2560 3514; x_wconf 91' lang='lat' dir='ltr'><strong>quin</strong></span> <span class='ocrx_word' id='word_1_525' title='bbox 2614 3444 2802 3514; x_wconf 88' lang='lat' dir='ltr'><strong>potius</strong></span> <span class='ocrx_word' id='word_1_526' title='bbox 2858 3460 2958 3515; x_wconf 88' lang='lat' dir='ltr'><strong>per</strong></span> <span class='ocrx_word' id='word_1_527' title='bbox 3012 3446 3314 3515; x_wconf 86' lang='lat' dir='ltr'><strong>hominem,</strong></span> <span class='ocrx_word' id='word_1_528' title='bbox 3344 3450 3398 3504; x_wconf 85' lang='lat' dir='ltr'><strong>id</strong></span> 
     </span>
    </p>
   </div>
   <div class='ocr_carea' id='block_1_67' title="bbox 1807 3536 3398 3609">
    <p class='ocr_par' dir='ltr' id='par_1_67' title="bbox 1807 3536 3398 3609">
     <span class='ocr_line' id='line_1_67' title="bbox 1807 3536 3398 3609; baseline 0.001 -17"><span class='ocrx_word' id='word_1_529' title='bbox 1807 3546 1892 3592; x_wconf 90' lang='lat' dir='ltr'><strong>est</strong></span> <span class='ocrx_word' id='word_1_530' title='bbox 1941 3551 2039 3607; x_wconf 82' lang='lat' dir='ltr'><strong>per</strong></span> <span class='ocrx_word' id='word_1_531' title='bbox 2082 3536 2279 3591; x_wconf 82' lang='lat' dir='ltr'><strong>Adami</strong></span> <span class='ocrx_word' id='word_1_532' title='bbox 2334 3536 2861 3607; x_wconf 88' lang='lat' dir='ltr'><strong>transgressionem,</strong></span> <span class='ocrx_word' id='word_1_533' title='bbox 2894 3551 3068 3603; x_wconf 87' lang='lat' dir='ltr'><strong>mors,</strong></span> <span class='ocrx_word' id='word_1_534' title='bbox 3096 3545 3151 3592; x_wconf 90' lang='lat' dir='ltr'><strong>et</strong></span> <span class='ocrx_word' id='word_1_535' title='bbox 3186 3540 3398 3609; x_wconf 87' lang='lat' dir='ltr'><strong>reliqua</strong></span> 
     </span>
    </p>
   </div>
   <div class='ocr_carea' id='block_1_68' title="bbox 1808 3626 3395 3699">
    <p class='ocr_par' dir='ltr' id='par_1_68' title="bbox 1808 3626 3395 3699">
     <span class='ocr_line' id='line_1_68' title="bbox 1808 3626 3395 3699; baseline 0 -15"><span class='ocrx_word' id='word_1_536' title='bbox 1808 3630 1939 3685; x_wconf 89' lang='lat' dir='ltr'><strong>item</strong></span> <span class='ocrx_word' id='word_1_537' title='bbox 1975 3627 2249 3699; x_wconf 78' lang='lat' dir='ltr'><strong>supplicia</strong></span> <span class='ocrx_word' id='word_1_538' title='bbox 2304 3626 2516 3682; x_wconf 83' lang='lat' dir='ltr'><strong>inﬂicta</strong></span> <span class='ocrx_word' id='word_1_539' title='bbox 2550 3634 2703 3685; x_wconf 90' lang='lat' dir='ltr'><strong>sunt.</strong></span> <span class='ocrx_word' id='word_1_540' title='bbox 2735 3628 2947 3682; x_wconf 74' lang='lat' dir='ltr'><strong>Caetera</strong></span> <span class='ocrx_word' id='word_1_541' title='bbox 2991 3636 3176 3683; x_wconf 91' lang='lat' dir='ltr'><strong>autem</strong></span> <span class='ocrx_word' id='word_1_542' title='bbox 3210 3630 3395 3685; x_wconf 89' lang='lat' dir='ltr'><strong>omnia</strong></span> 
     </span>
    </p>
   </div>
   <div class='ocr_carea' id='block_1_69' title="bbox 1807 3714 3395 3775">
    <p class='ocr_par' dir='ltr' id='par_1_69' title="bbox 1807 3714 3395 3775">
     <span class='ocr_line' id='line_1_69' title="bbox 1807 3714 3395 3775; baseline 0 0"><span class='ocrx_word' id='word_1_543' title='bbox 1807 3720 1863 3775; x_wconf 91' lang='lat' dir='ltr'><strong>in</strong></span> <span class='ocrx_word' id='word_1_544' title='bbox 1894 3718 2064 3773; x_wconf 87' lang='lat' dir='ltr'><strong>Deum</strong></span> <span class='ocrx_word' id='word_1_545' title='bbox 2116 3716 2315 3773; x_wconf 77' lang='lat' dir='ltr'><strong>referri</strong></span> <span class='ocrx_word' id='word_1_546' title='bbox 2353 3716 2577 3772; x_wconf 91' lang='lat' dir='ltr'><strong>debent.</strong></span> <span class='ocrx_word' id='word_1_547' title='bbox 2632 3714 2769 3770; x_wconf 76' lang='lat' dir='ltr'><strong>Nam</strong></span> <span class='ocrx_word' id='word_1_548' title='bbox 2801 3724 2857 3771; x_wconf 91' lang='lat' dir='ltr'><strong>et</strong></span> <span class='ocrx_word' id='word_1_549' title='bbox 2895 3727 3055 3773; x_wconf 89' lang='lat' dir='ltr'><strong>ortus</strong></span> <span class='ocrx_word' id='word_1_550' title='bbox 3108 3725 3299 3775; x_wconf 90' lang='lat' dir='ltr'><strong>noster</strong></span> <span class='ocrx_word' id='word_1_551' title='bbox 3326 3720 3395 3775; x_wconf 86' lang='lat' dir='ltr'><strong>ad</strong></span> 
     </span>
    </p>
   </div>
   <div class='ocr_carea' id='block_1_70' title="bbox 1805 3808 3393 3880">
    <p class='ocr_par' dir='ltr' id='par_1_70' title="bbox 1805 3808 3393 3880">
     <span class='ocr_line' id='line_1_70' title="bbox 1805 3808 3393 3880; baseline -0.001 -14"><span class='ocrx_word' id='word_1_552' title='bbox 1805 3810 2132 3866; x_wconf 89' lang='lat' dir='ltr'><strong>creatricem</strong></span> <span class='ocrx_word' id='word_1_553' title='bbox 2166 3808 2291 3880; x_wconf 83' lang='lat' dir='ltr'><strong>ejus</strong></span> <span class='ocrx_word' id='word_1_554' title='bbox 2335 3808 2636 3879; x_wconf 88' lang='lat' dir='ltr'><strong>potentiam</strong></span> <span class='ocrx_word' id='word_1_555' title='bbox 2693 3814 2950 3877; x_wconf 86' lang='lat' dir='ltr'><strong>spectat;</strong></span> <span class='ocrx_word' id='word_1_556' title='bbox 3012 3808 3393 3872; x_wconf 88' lang='lat' dir='ltr'><strong>incolumitas.</strong></span> 
     </span>
    </p>
   </div>
   <div class='ocr_carea' id='block_1_71' title="bbox 1804 3899 3394 3969">
    <p class='ocr_par' dir='ltr' id='par_1_71' title="bbox 1804 3899 3394 3969">
     <span class='ocr_line' id='line_1_71' title="bbox 1804 3899 3394 3969; baseline 0.001 -14"><span class='ocrx_word' id='word_1_557' title='bbox 1804 3901 1871 3957; x_wconf 84' lang='lat' dir='ltr'><strong>ad</strong></span> <span class='ocrx_word' id='word_1_558' title='bbox 1908 3899 2415 3965; x_wconf 77' lang='lat' dir='ltr'><strong>conservatricem;</strong></span> <span class='ocrx_word' id='word_1_559' title='bbox 2461 3899 2791 3969; x_wconf 87' lang='lat' dir='ltr'><strong>gubernatio</strong></span> <span class='ocrx_word' id='word_1_560' title='bbox 2820 3909 2874 3954; x_wconf 91' lang='lat' dir='ltr'><strong>et</strong></span> <span class='ocrx_word' id='word_1_561' title='bbox 2904 3900 3079 3967; x_wconf 88' lang='lat' dir='ltr'><strong>salus,</strong></span> <span class='ocrx_word' id='word_1_562' title='bbox 3118 3901 3188 3955; x_wconf 92' lang='lat' dir='ltr'><strong>ad</strong></span> <span class='ocrx_word' id='word_1_563' title='bbox 3220 3902 3394 3957; x_wconf 79' lang='lat' dir='ltr'><strong>virtu-</strong></span> 
     </span>
    </p>
   </div>
   <div class='ocr_carea' id='block_1_72' title="bbox 1804 3990 3390 4065">
    <p class='ocr_par' dir='ltr' id='par_1_72' title="bbox 1804 3990 3390 4065">
     <span class='ocr_line' id='line_1_72' title="bbox 1804 3990 3390 4065; baseline 0.002 -18"><span class='ocrx_word' id='word_1_564' title='bbox 1804 4000 1912 4048; x_wconf 90' lang='lat' dir='ltr'><strong>tem</strong></span> <span class='ocrx_word' id='word_1_565' title='bbox 1943 3991 2202 4047; x_wconf 90' lang='lat' dir='ltr'><strong>omnibus</strong></span> <span class='ocrx_word' id='word_1_566' title='bbox 2231 3990 2555 4062; x_wconf 78' lang='lat' dir='ltr'><strong>providendi</strong></span> <span class='ocrx_word' id='word_1_567' title='bbox 2580 4006 2595 4057; x_wconf 91' lang='lat'><strong>;</strong></span> <span class='ocrx_word' id='word_1_568' title='bbox 2627 3991 2746 4061; x_wconf 85' lang='lat' dir='ltr'><strong>ipsa</strong></span> <span class='ocrx_word' id='word_1_569' title='bbox 2765 3991 3003 4062; x_wconf 89' lang='lat' dir='ltr'><strong>denique</strong></span> <span class='ocrx_word' id='word_1_570' title='bbox 3025 3995 3390 4065; x_wconf 81' lang='lat' dir='ltr'><strong>sempiterno-</strong></span> 
     </span>
    </p>
   </div>
   <div class='ocr_carea' id='block_1_73' title="bbox 1804 4083 3385 4156">
    <p class='ocr_par' dir='ltr' id='par_1_73' title="bbox 1804 4083 3385 4156">
     <span class='ocr_line' id='line_1_73' title="bbox 1804 4083 3385 4156; baseline 0 -17"><span class='ocrx_word' id='word_1_571' title='bbox 1804 4099 1928 4140; x_wconf 88' lang='lat' dir='ltr'><strong>rum</strong></span> <span class='ocrx_word' id='word_1_572' title='bbox 1977 4085 2099 4156; x_wconf 87' lang='lat' dir='ltr'><strong>ipsa</strong></span> <span class='ocrx_word' id='word_1_573' title='bbox 2130 4084 2404 4139; x_wconf 89' lang='lat' dir='ltr'><strong>bonorum</strong></span> <span class='ocrx_word' id='word_1_574' title='bbox 2463 4083 2768 4153; x_wconf 84' lang='lat' dir='ltr'><strong>possessio,</strong></span> <span class='ocrx_word' id='word_1_575' title='bbox 2804 4097 2928 4153; x_wconf 63' lang='lat' dir='ltr'><strong>quae</strong></span> <span class='ocrx_word' id='word_1_576' title='bbox 2990 4084 3118 4140; x_wconf 92' lang='lat' dir='ltr'><strong>illos</strong></span> <span class='ocrx_word' id='word_1_577' title='bbox 3174 4094 3385 4150; x_wconf 87' lang='lat' dir='ltr'><strong>manet,</strong></span> 
     </span>
    </p>
   </div>
   <div class='ocr_carea' id='block_1_74' title="bbox 1805 4175 3385 4248">
    <p class='ocr_par' dir='ltr' id='par_1_74' title="bbox 1805 4175 3385 4248">
     <span class='ocr_line' id='line_1_74' title="bbox 1805 4175 3385 4248; baseline 0.001 -16"><span class='ocrx_word' id='word_1_578' title='bbox 1805 4177 1902 4248; x_wconf 89' lang='lat' dir='ltr'><strong>qui</strong></span> <span class='ocrx_word' id='word_1_579' title='bbox 1968 4175 2025 4232; x_wconf 89' lang='lat' dir='ltr'><strong>id</strong></span> <span class='ocrx_word' id='word_1_580' title='bbox 2080 4175 2230 4246; x_wconf 87' lang='lat' dir='ltr'><strong>quod</strong></span> <span class='ocrx_word' id='word_1_581' title='bbox 2281 4181 2493 4229; x_wconf 69' lang='lat' dir='ltr'><strong>natura:</strong></span> <span class='ocrx_word' id='word_1_582' title='bbox 2544 4183 2981 4230; x_wconf 80' lang='lat' dir='ltr'><strong>consentaneum</strong></span> <span class='ocrx_word' id='word_1_583' title='bbox 3048 4185 3136 4232; x_wconf 88' lang='lat' dir='ltr'><strong>est</strong></span> <span class='ocrx_word' id='word_1_584' title='bbox 3186 4177 3385 4246; x_wconf 86' lang='lat' dir='ltr'><strong>(cujus</strong></span> 
     </span>
    </p>
   </div>
   <div class='ocr_carea' id='block_1_75' title="bbox 108 4265 3389 4344">
    <p class='ocr_par' dir='ltr' id='par_1_75' title="bbox 108 4265 3389 4344">
     <span class='ocr_line' id='line_1_75' title="bbox 108 4265 3389 4344; baseline -0.002 -13"><span class='ocrx_word' id='word_1_585' title='bbox 108 4290 324 4344; x_wconf 87' lang='lat' dir='ltr'><strong>nempe</strong></span> <span class='ocrx_word' id='word_1_586' title='bbox 352 4288 523 4329; x_wconf 90' lang='lat' dir='ltr'><strong>causa</strong></span> <span class='ocrx_word' id='word_1_587' title='bbox 587 4274 795 4329; x_wconf 87' lang='lat' dir='ltr'><strong>conditi</strong></span> <span class='ocrx_word' id='word_1_588' title='bbox 850 4272 1080 4343; x_wconf 88' lang='lat' dir='ltr'><strong>sumus)</strong></span> <span class='ocrx_word' id='word_1_589' title='bbox 1121 4280 1336 4330; x_wconf 87' lang='lat' dir='ltr'><strong>sartum</strong></span> <span class='ocrx_word' id='word_1_590' title='bbox 1391 4278 1713 4343; x_wconf 85' lang='lat' dir='ltr'><strong>tectumque</strong></span> <span class='ocrx_word' id='word_1_591' title='bbox 1747 4269 2140 4337; x_wconf 88' lang='lat' dir='ltr'><strong>custodierint,</strong></span> <span class='ocrx_word' id='word_1_592' title='bbox 2173 4268 2353 4339; x_wconf 82' lang='lat' dir='ltr'><strong>ipsius</strong></span> <span class='ocrx_word' id='word_1_593' title='bbox 2402 4265 2637 4322; x_wconf 85' lang='lat' dir='ltr'><strong>bonitati</strong></span> <span class='ocrx_word' id='word_1_594' title='bbox 2691 4267 3020 4325; x_wconf 76' lang='lat' dir='ltr'><strong>ascribenda</strong></span> <span class='ocrx_word' id='word_1_595' title='bbox 3081 4274 3189 4325; x_wconf 84' lang='lat' dir='ltr'><strong>est.</strong></span> <span class='ocrx_word' id='word_1_596' title='bbox 3239 4267 3389 4334; x_wconf 77' lang='lat' dir='ltr'><strong>Quo-</strong></span> 
     </span>
    </p>
   </div>
   <div class='ocr_carea' id='block_1_76' title="bbox 108 4362 2521 4438">
    <p class='ocr_par' dir='ltr' id='par_1_76' title="bbox 108 4362 2521 4438">
     <span class='ocr_line' id='line_1_76' title="bbox 108 4362 2521 4438; baseline -0.002 -15"><span class='ocrx_word' id='word_1_597' title='bbox 108 4368 272 4423; x_wconf 85' lang='lat' dir='ltr'><strong>niam</strong></span> <span class='ocrx_word' id='word_1_598' title='bbox 305 4381 436 4423; x_wconf 84' lang='lat' dir='ltr'><strong>vero</strong></span> <span class='ocrx_word' id='word_1_599' title='bbox 461 4367 711 4424; x_wconf 85' lang='lat' dir='ltr'><strong>nonnulli</strong></span> <span class='ocrx_word' id='word_1_600' title='bbox 736 4366 1145 4425; x_wconf 85' lang='lat' dir='ltr'><strong>Providentiam</strong></span> <span class='ocrx_word' id='word_1_601' title='bbox 1176 4375 1402 4438; x_wconf 90' lang='lat' dir='ltr'><strong>negant,</strong></span> <span class='ocrx_word' id='word_1_602' title='bbox 1431 4382 1531 4438; x_wconf 89' lang='lat' dir='ltr'><strong>age</strong></span> <span class='ocrx_word' id='word_1_603' title='bbox 1554 4382 1705 4423; x_wconf 90' lang='lat' dir='ltr'><strong>nunc</strong></span> <span class='ocrx_word' id='word_1_604' title='bbox 1742 4366 1812 4423; x_wconf 92' lang='lat' dir='ltr'><strong>de</strong></span> <span class='ocrx_word' id='word_1_605' title='bbox 1837 4380 1901 4423; x_wconf 88' lang='lat' dir='ltr'><strong>ea</strong></span> <span class='ocrx_word' id='word_1_606' title='bbox 1931 4365 2276 4423; x_wconf 89' lang='lat' dir='ltr'><strong>disseramus</strong></span> <span class='ocrx_word' id='word_1_607' title='bbox 2305 4362 2521 4435; x_wconf 86' lang='lat' dir='ltr'><strong>paucis.</strong></span> 
     </span>
    </p>
   </div>
   <div class='ocr_carea' id='block_1_77' title="bbox 186 4543 585 4614">
    <p class='ocr_par' dir='ltr' id='par_1_77' title="bbox 186 4543 585 4614">
     <span class='ocr_line' id='line_1_77' title="bbox 186 4543 585 4614; baseline 0.003 -15"><span class='ocrx_word' id='word_1_608' title='bbox 186 4545 239 4578; x_wconf 80' lang='grc'><strong><em>⁹²</em></strong></span> <span class='ocrx_word' id='word_1_609' title='bbox 284 4544 423 4614; x_wconf 88' lang='lat' dir='ltr'><strong>Sap.</strong></span> <span class='ocrx_word' id='word_1_610' title='bbox 450 4560 489 4609; x_wconf 88' lang='grc' dir='ltr'><strong>ι,</strong></span> <span class='ocrx_word' id='word_1_611' title='bbox 517 4543 585 4600; x_wconf 79' lang='grc'><strong>15</strong></span> 
     </span>
    </p>
   </div>
   <div class='ocr_carea' id='block_1_78' title="bbox 1420 4604 2095 4664">
    <p class='ocr_par' dir='ltr' id='par_1_78' title="bbox 1420 4604 2095 4664">
     <span class='ocr_line' id='line_1_78' title="bbox 1420 4604 2095 4664; baseline 0.001 -2"><span class='ocrx_word' id='word_1_612' title='bbox 1420 4606 1659 4663; x_wconf 75' lang='lat' dir='ltr'><strong>VABLE</strong></span> <span class='ocrx_word' id='word_1_613' title='bbox 1682 4604 2095 4664; x_wconf 83' lang='lat' dir='ltr'><strong>LECTIONES.</strong></span> 
     </span>
    </p>
   </div>
   <div class='ocr_carea' id='block_1_79' title="bbox 188 4697 3389 4777">
    <p class='ocr_par' dir='ltr' id='par_1_79' title="bbox 188 4697 3389 4777">
     <span class='ocr_line' id='line_1_79' title="bbox 188 4697 3389 4777; baseline 0.002 -21"><span class='ocrx_word' id='word_1_614' title='bbox 188 4702 384 4777; x_wconf 69' lang='lat' dir='ltr'><strong>1_Ha:c</strong></span> <span class='ocrx_word' id='word_1_615' title='bbox 427 4701 718 4777; x_wconf 76' lang='lat' dir='ltr'><strong>_in_lla§il.</strong></span> <span class='ocrx_word' id='word_1_616' title='bbox 758 4700 1335 4777; x_wconf 77' lang='lat' dir='ltr'><strong>et_guibus_dam__mss.</strong></span> <span class='ocrx_word' id='word_1_617' title='bbox 1364 4699 1577 4756; x_wconf 88' lang='lat' dir='ltr'><strong>omissa</strong></span> <span class='ocrx_word' id='word_1_618' title='bbox 1616 4705 1768 4755; x_wconf 87' lang='lat' dir='ltr'><strong>sunt.</strong></span> <span class='ocrx_word' id='word_1_619' title='bbox 1846 4709 1873 4738; x_wconf 81' lang='grc' dir='ltr'><strong>ιι</strong></span> <span class='ocrx_word' id='word_1_620' title='bbox 1911 4697 2081 4753; x_wconf 88' lang='lat' dir='ltr'><strong>Basil.</strong></span> <span class='ocrx_word' id='word_1_621' title='bbox 2108 4698 2512 4772; x_wconf 74' lang='grc' dir='ltr'>ἀποστήσασαι.</span> <span class='ocrx_word' id='word_1_622' title='bbox 2547 4702 2681 4762; x_wconf 75' lang='lat' dir='ltr'><strong>Mss.</strong></span> <span class='ocrx_word' id='word_1_623' title='bbox 2708 4703 3097 4760; x_wconf 83' lang='grc' dir='ltr'>ἁποστατικαί.</span> <span class='ocrx_word' id='word_1_624' title='bbox 3173 4704 3202 4744; x_wconf 70' lang='grc' dir='ltr'>ιι</span> <span class='ocrx_word' id='word_1_625' title='bbox 3237 4704 3389 4777; x_wconf 80' lang='lat' dir='ltr'><strong>Regii</strong></span> 
     </span>
    </p>
   </div>
   <div class='ocr_carea' id='block_1_80' title="bbox 105 4768 1335 4845">
    <p class='ocr_par' dir='ltr' id='par_1_80' title="bbox 105 4768 1335 4845">
     <span class='ocr_line' id='line_1_80' title="bbox 105 4768 1335 4845; baseline -0.004 -14"><span class='ocrx_word' id='word_1_626' title='bbox 105 4773 171 4845; x_wconf 86' lang='lat'><strong>9,</strong></span> <span class='ocrx_word' id='word_1_627' title='bbox 200 4772 370 4830; x_wconf 86' lang='lat' dir='ltr'><strong>Colb.</strong></span> <span class='ocrx_word' id='word_1_628' title='bbox 420 4773 473 4839; x_wconf 72' lang='grc'>1,</span> <span class='ocrx_word' id='word_1_629' title='bbox 512 4770 571 4827; x_wconf 84' lang='lat' dir='ltr'><strong>S.</strong></span> <span class='ocrx_word' id='word_1_630' title='bbox 605 4769 712 4827; x_wconf 84' lang='lat' dir='ltr'><strong>Hil.</strong></span> <span class='ocrx_word' id='word_1_631' title='bbox 733 4779 788 4828; x_wconf 90' lang='lat' dir='ltr'><strong>et</strong></span> <span class='ocrx_word' id='word_1_632' title='bbox 811 4768 965 4828; x_wconf 75' lang='lat' dir='ltr'><strong>Nem.</strong></span> <span class='ocrx_word' id='word_1_633' title='bbox 997 4769 1138 4824; x_wconf 71' lang='lat' dir='ltr'><strong>simu</strong></span> <span class='ocrx_word' id='word_1_634' title='bbox 1157 4768 1335 4839; x_wconf 77' lang='grc' dir='ltr'>ὀλίγα.</span> 
     </span>
    </p>
   </div>
   <div class='ocr_carea' id='block_1_81' title="bbox 1628 4942 1862 5001">
    <p class='ocr_par' dir='ltr' id='par_1_81' title="bbox 1628 4942 1862 5001">
     <span class='ocr_line' id='line_1_81' title="bbox 1628 4942 1862 5001; baseline -0.004 -1"><span class='ocrx_word' id='word_1_635' title='bbox 1628 4942 1862 5001; x_wconf 68' lang='lat' dir='ltr'><strong>NOTAE.</strong></span> 
     </span>
    </p>
   </div>
   <div class='ocr_carea' id='block_1_82' title="bbox 182 5036 2301 5113">
    <p class='ocr_par' dir='ltr' id='par_1_82' title="bbox 182 5036 2301 5113">
     <span class='ocr_line' id='line_1_82' title="bbox 182 5036 2301 5113; baseline -0.002 -15"><span class='ocrx_word' id='word_1_636' title='bbox 182 5041 311 5113; x_wconf 67' lang='lat'><strong>(92)</strong></span> <span class='ocrx_word' id='word_1_637' title='bbox 347 5041 459 5096; x_wconf 81' lang='lat' dir='ltr'><strong>Kal</strong></span> <span class='ocrx_word' id='word_1_638' title='bbox 490 5044 550 5095; x_wconf 78' lang='lat' dir='ltr'><strong>al</strong></span> <span class='ocrx_word' id='word_1_639' title='bbox 578 5036 693 5097; x_wconf 75' lang='grc' dir='ltr'>οὖν·</span> <span class='ocrx_word' id='word_1_640' title='bbox 724 5039 911 5113; x_wconf 46' lang='grc' dir='ltr'>αὐτῷ,</span> <span class='ocrx_word' id='word_1_641' title='bbox 948 5039 1292 5113; x_wconf 71' lang='lat' dir='ltr'><strong>Yirtutesque</strong></span> <span class='ocrx_word' id='word_1_642' title='bbox 1316 5041 1451 5113; x_wconf 63' lang='lat' dir='ltr'><strong>illis,</strong></span> <span class='ocrx_word' id='word_1_643' title='bbox 1481 5050 1598 5113; x_wconf 67' lang='lat' dir='ltr'><strong>etc.</strong></span> <span class='ocrx_word' id='word_1_644' title='bbox 1624 5038 1702 5095; x_wconf 87' lang='lat' dir='ltr'><strong>De</strong></span> <span class='ocrx_word' id='word_1_645' title='bbox 1732 5043 1779 5100; x_wconf 84' lang='lat' dir='ltr'><strong>D</strong></span> <span class='ocrx_word' id='word_1_646' title='bbox 1806 5037 2165 5113; x_wconf 59' lang='lat' dir='ltr'><strong>subducenda,</strong></span> <span class='ocrx_word' id='word_1_647' title='bbox 2200 5054 2301 5094; x_wconf 80' lang='lat' dir='ltr'><strong>con</strong></span> 
     </span>
    </p>
   </div>
   <div class='ocr_carea' id='block_1_83' title="bbox 103 5110 1701 5182">
    <p class='ocr_par' dir='ltr' id='par_1_83' title="bbox 103 5110 1701 5182">
     <span class='ocr_line' id='line_1_83' title="bbox 103 5110 1701 5182; baseline -0.005 -11"><span class='ocrx_word' id='word_1_648' title='bbox 103 5110 446 5182; x_wconf 59' lang='lat' dir='ltr'><strong>virtutibus</strong></span> <span class='ocrx_word' id='word_1_649' title='bbox 481 5127 606 5182; x_wconf 76' lang='lat' dir='ltr'><strong>quae</strong></span> <span class='ocrx_word' id='word_1_650' title='bbox 648 5126 678 5165; x_wconf 87' lang='lat' dir='ltr'><strong>a</strong></span> <span class='ocrx_word' id='word_1_651' title='bbox 721 5110 836 5166; x_wconf 85' lang='lat' dir='ltr'><strong>Deo</strong></span> <span class='ocrx_word' id='word_1_652' title='bbox 880 5110 1241 5182; x_wconf 71' lang='lat' dir='ltr'><strong>defecerunt,</strong></span> <span class='ocrx_word' id='word_1_653' title='bbox 1281 5110 1701 5181; x_wconf 89' lang='lat' dir='ltr'><strong>intelligendum</strong></span> 
     </span>
    </p>
   </div>
   <div class='ocr_carea' id='block_1_84' title="bbox 101 5179 1705 5251">
    <p class='ocr_par' dir='ltr' id='par_1_84' title="bbox 101 5179 1705 5251">
     <span class='ocr_line' id='line_1_84' title="bbox 101 5179 1705 5251; baseline -0.005 -10"><span class='ocrx_word' id='word_1_654' title='bbox 101 5184 366 5241; x_wconf 84' lang='lat' dir='ltr'><strong>arbitror</strong></span> <span class='ocrx_word' id='word_1_655' title='bbox 403 5179 737 5251; x_wconf 76' lang='lat' dir='ltr'><strong>Nemesimn,</strong></span> <span class='ocrx_word' id='word_1_656' title='bbox 780 5196 947 5251; x_wconf 86' lang='lat' dir='ltr'><strong>quem</strong></span> <span class='ocrx_word' id='word_1_657' title='bbox 1002 5182 1093 5236; x_wconf 86' lang='lat' dir='ltr'><strong>hic</strong></span> <span class='ocrx_word' id='word_1_658' title='bbox 1130 5179 1331 5237; x_wconf 84' lang='lat' dir='ltr'><strong>Noster</strong></span> <span class='ocrx_word' id='word_1_659' title='bbox 1370 5179 1576 5248; x_wconf 79' lang='lat' dir='ltr'><strong>passim</strong></span> <span class='ocrx_word' id='word_1_660' title='bbox 1609 5196 1705 5235; x_wconf 80' lang='lat' dir='ltr'><strong>cx-</strong></span> 
     </span>
    </p>
   </div>
   <div class='ocr_carea' id='block_1_85' title="bbox 103 5250 1704 5322">
    <p class='ocr_par' dir='ltr' id='par_1_85' title="bbox 103 5250 1704 5322">
     <span class='ocr_line' id='line_1_85' title="bbox 103 5250 1704 5322; baseline -0.006 -11"><span class='ocrx_word' id='word_1_661' title='bbox 103 5253 375 5322; x_wconf 85' lang='lat' dir='ltr'><strong>scripsit,</strong></span> <span class='ocrx_word' id='word_1_662' title='bbox 412 5253 499 5307; x_wconf 83' lang='lat' dir='ltr'><strong>ubi</strong></span> <span class='ocrx_word' id='word_1_663' title='bbox 528 5254 607 5307; x_wconf 85' lang='lat' dir='ltr'><strong>ait</strong></span> <span class='ocrx_word' id='word_1_664' title='bbox 635 5264 650 5304; x_wconf 86' lang='lat'><strong>:</strong></span> <span class='ocrx_word' id='word_1_665' title='bbox 700 5250 934 5305; x_wconf 79' lang='lat' dir='ltr'><strong>Rursum</strong></span> <span class='ocrx_word' id='word_1_666' title='bbox 968 5261 1285 5305; x_wconf 76' lang='lat' dir='ltr'><strong>naturarum</strong></span> <span class='ocrx_word' id='word_1_667' title='bbox 1319 5267 1436 5320; x_wconf 78' lang='lat' dir='ltr'><strong>qua:</strong></span> <span class='ocrx_word' id='word_1_668' title='bbox 1478 5251 1704 5303; x_wconf 86' lang='lat' dir='ltr'><strong>materia</strong></span> 
     </span>
    </p>
   </div>
   <div class='ocr_carea' id='block_1_86' title="bbox 104 5322 1703 5392">
    <p class='ocr_par' dir='ltr' id='par_1_86' title="bbox 104 5322 1703 5392">
     <span class='ocr_line' id='line_1_86' title="bbox 104 5322 1703 5392; baseline -0.006 -9"><span class='ocrx_word' id='word_1_669' title='bbox 104 5330 338 5385; x_wconf 75' lang='lat' dir='ltr'><strong>vacant,</strong></span> <span class='ocrx_word' id='word_1_670' title='bbox 369 5322 478 5376; x_wconf 66' lang='lat' dir='ltr'><strong>illa!</strong></span> <span class='ocrx_word' id='word_1_671' title='bbox 526 5338 643 5392; x_wconf 75' lang='lat' dir='ltr'><strong>qua:</strong></span> <span class='ocrx_word' id='word_1_672' title='bbox 685 5324 827 5375; x_wconf 79' lang='lat' dir='ltr'><strong>circa</strong></span> <span class='ocrx_word' id='word_1_673' title='bbox 875 5334 1073 5377; x_wconf 87' lang='lat' dir='ltr'><strong>terram</strong></span> <span class='ocrx_word' id='word_1_674' title='bbox 1128 5330 1430 5392; x_wconf 78' lang='lat' dir='ltr'><strong>versantur,</strong></span> <span class='ocrx_word' id='word_1_675' title='bbox 1477 5336 1596 5373; x_wconf 83' lang='lat' dir='ltr'><strong>cum</strong></span> <span class='ocrx_word' id='word_1_676' title='bbox 1640 5322 1703 5374; x_wconf 90' lang='lat' dir='ltr'><strong>ob</strong></span> 
     </span>
    </p>
   </div>
   <div class='ocr_carea' id='block_1_87' title="bbox 100 5391 1704 5461">
    <p class='ocr_par' dir='ltr' id='par_1_87' title="bbox 100 5391 1704 5461">
     <span class='ocr_line' id='line_1_87' title="bbox 100 5391 1704 5461; baseline -0.006 -9"><span class='ocrx_word' id='word_1_677' title='bbox 100 5395 428 5452; x_wconf 75' lang='lat' dir='ltr'><strong>societatem</strong></span> <span class='ocrx_word' id='word_1_678' title='bbox 452 5391 610 5461; x_wconf 85' lang='lat' dir='ltr'><strong>quam</strong></span> <span class='ocrx_word' id='word_1_679' title='bbox 642 5392 832 5446; x_wconf 83' lang='lat' dir='ltr'><strong>habent</strong></span> <span class='ocrx_word' id='word_1_680' title='bbox 864 5408 978 5445; x_wconf 85' lang='lat' dir='ltr'><strong>rum</strong></span> <span class='ocrx_word' id='word_1_681' title='bbox 1014 5392 1333 5453; x_wconf 79' lang='lat' dir='ltr'><strong>horninibus,</strong></span> <span class='ocrx_word' id='word_1_682' title='bbox 1357 5391 1512 5445; x_wconf 83' lang='lat' dir='ltr'><strong>rebus</strong></span> <span class='ocrx_word' id='word_1_683' title='bbox 1540 5405 1704 5461; x_wconf 86' lang='lat' dir='ltr'><strong>agen-</strong></span> 
     </span>
    </p>
   </div>
   <div class='ocr_carea' id='block_1_88' title="bbox 99 5460 1699 5533">
    <p class='ocr_par' dir='ltr' id='par_1_88' title="bbox 99 5460 1699 5533">
     <span class='ocr_line' id='line_1_88' title="bbox 99 5460 1699 5533; baseline -0.005 -13"><span class='ocrx_word' id='word_1_684' title='bbox 99 5469 193 5520; x_wconf 81' lang='lat' dir='ltr'><strong>dis</strong></span> <span class='ocrx_word' id='word_1_685' title='bbox 233 5460 610 5532; x_wconf 81' lang='lat' dir='ltr'><strong>applicantur,</strong></span> <span class='ocrx_word' id='word_1_686' title='bbox 658 5462 860 5533; x_wconf 80' lang='grc' dir='ltr'>μᾶλλόν</span> <span class='ocrx_word' id='word_1_687' title='bbox 904 5464 1021 5533; x_wconf 75' lang='grc' dir='ltr'>ἐστι</span> <span class='ocrx_word' id='word_1_688' title='bbox 1073 5462 1184 5533; x_wconf 78' lang='grc' dir='ltr'><strong>τῶν</strong></span> <span class='ocrx_word' id='word_1_689' title='bbox 1220 5461 1417 5533; x_wconf 72' lang='grc' dir='ltr'>ἄλλων</span> <span class='ocrx_word' id='word_1_690' title='bbox 1444 5460 1699 5533; x_wconf 83' lang='grc' dir='ltr'>τρεπταί,</span> 
     </span>
    </p>
   </div>
   <div class='ocr_carea' id='block_1_89' title="bbox 100 5531 1708 5601">
    <p class='ocr_par' dir='ltr' id='par_1_89' title="bbox 100 5531 1708 5601">
     <span class='ocr_line' id='line_1_89' title="bbox 100 5531 1708 5601; baseline -0.004 -11"><span class='ocrx_word' id='word_1_691' title='bbox 100 5531 331 5597; x_wconf 68' lang='lat' dir='ltr'><strong>ueteris</strong></span> <span class='ocrx_word' id='word_1_692' title='bbox 377 5543 497 5586; x_wconf 77' lang='lat' dir='ltr'><strong>sunt</strong></span> <span class='ocrx_word' id='word_1_693' title='bbox 528 5531 913 5587; x_wconf 82' lang='lat' dir='ltr'><strong>mutabiliores.</strong></span> <span class='ocrx_word' id='word_1_694' title='bbox 967 5531 1104 5586; x_wconf 81' lang='lat' dir='ltr'><strong>Nam</strong></span> <span class='ocrx_word' id='word_1_695' title='bbox 1137 5532 1205 5587; x_wconf 91' lang='lat' dir='ltr'><strong>de</strong></span> <span class='ocrx_word' id='word_1_696' title='bbox 1243 5531 1452 5587; x_wconf 89' lang='lat' dir='ltr'><strong>sanctis</strong></span> <span class='ocrx_word' id='word_1_697' title='bbox 1497 5531 1708 5601; x_wconf 82' lang='lat' dir='ltr'><strong>angelis</strong></span> 
     </span>
    </p>
   </div>
   <div class='ocr_carea' id='block_1_90' title="bbox 101 5600 1705 5674">
    <p class='ocr_par' dir='ltr' id='par_1_90' title="bbox 101 5600 1705 5674">
     <span class='ocr_line' id='line_1_90' title="bbox 101 5600 1705 5674; baseline -0.004 -14"><span class='ocrx_word' id='word_1_698' title='bbox 101 5602 457 5674; x_wconf 82' lang='lat' dir='ltr'><strong>subjungit:</strong></span> <span class='ocrx_word' id='word_1_699' title='bbox 496 5603 628 5669; x_wconf 67' lang='lat' dir='ltr'><strong>Qui:</strong></span> <span class='ocrx_word' id='word_1_700' title='bbox 679 5618 797 5674; x_wconf 77' lang='lat' dir='ltr'><strong>vero</strong></span> <span class='ocrx_word' id='word_1_701' title='bbox 844 5611 1055 5657; x_wconf 62' lang='lat' dir='ltr'><strong>natura</strong></span> <span class='ocrx_word' id='word_1_702' title='bbox 1102 5617 1214 5674; x_wconf 63' lang='lat' dir='ltr'><strong>suis</strong></span> <span class='ocrx_word' id='word_1_703' title='bbox 1252 5600 1589 5674; x_wconf 71' lang='lat' dir='ltr'><strong>excellentia,</strong></span> <span class='ocrx_word' id='word_1_704' title='bbox 1635 5600 1705 5654; x_wconf 80' lang='lat' dir='ltr'><strong>ad</strong></span> 
     </span>
    </p>
   </div>
   <div class='ocr_carea' id='block_1_91' title="bbox 100 5671 1706 5741">
    <p class='ocr_par' dir='ltr' id='par_1_91' title="bbox 100 5671 1706 5741">
     <span class='ocr_line' id='line_1_91' title="bbox 100 5671 1706 5741; baseline -0.003 -11"><span class='ocrx_word' id='word_1_705' title='bbox 100 5671 295 5730; x_wconf 71' lang='lat' dir='ltr'><strong>Desint</strong></span> <span class='ocrx_word' id='word_1_706' title='bbox 319 5687 575 5741; x_wconf 60' lang='lat' dir='ltr'><strong>propulso</strong></span> <span class='ocrx_word' id='word_1_707' title='bbox 600 5672 774 5726; x_wconf 80' lang='lat' dir='ltr'><strong>studio</strong></span> <span class='ocrx_word' id='word_1_708' title='bbox 802 5674 1016 5741; x_wconf 83' lang='lat' dir='ltr'><strong>propius</strong></span> <span class='ocrx_word' id='word_1_709' title='bbox 1047 5673 1325 5736; x_wconf 76' lang='lat' dir='ltr'><strong>accedunt,</strong></span> <span class='ocrx_word' id='word_1_710' title='bbox 1342 5671 1558 5740; x_wconf 76' lang='lat' dir='ltr'><strong>ejusque</strong></span> <span class='ocrx_word' id='word_1_711' title='bbox 1578 5688 1706 5725; x_wconf 78' lang='lat' dir='ltr'><strong>con-</strong></span> 
     </span>
    </p>
   </div>
   <div class='ocr_carea' id='block_1_92' title="bbox 100 5741 1701 5814">
    <p class='ocr_par' dir='ltr' id='par_1_92' title="bbox 100 5741 1701 5814">
     <span class='ocr_line' id='line_1_92' title="bbox 100 5741 1701 5814; baseline -0.002 -14"><span class='ocrx_word' id='word_1_712' title='bbox 100 5744 471 5814; x_wconf 82' lang='lat' dir='ltr'><strong>templatione</strong></span> <span class='ocrx_word' id='word_1_713' title='bbox 497 5743 675 5811; x_wconf 82' lang='lat' dir='ltr'><strong>[elices</strong></span> <span class='ocrx_word' id='word_1_714' title='bbox 709 5752 851 5814; x_wconf 86' lang='lat' dir='ltr'><strong>sunt,</strong></span> <span class='ocrx_word' id='word_1_715' title='bbox 883 5758 946 5796; x_wconf 76' lang='lat' dir='ltr'><strong>ac</strong></span> <span class='ocrx_word' id='word_1_716' title='bbox 985 5743 1039 5795; x_wconf 82' lang='lat' dir='ltr'><strong>in</strong></span> <span class='ocrx_word' id='word_1_717' title='bbox 1067 5744 1293 5814; x_wconf 69' lang='lat' dir='ltr'><strong>scipsas,</strong></span> <span class='ocrx_word' id='word_1_718' title='bbox 1315 5743 1421 5796; x_wconf 79' lang='lat' dir='ltr'><strong>into</strong></span> <span class='ocrx_word' id='word_1_719' title='bbox 1452 5743 1509 5795; x_wconf 78' lang='lat' dir='ltr'><strong>in</strong></span> <span class='ocrx_word' id='word_1_720' title='bbox 1532 5741 1701 5796; x_wconf 87' lang='lat' dir='ltr'><strong>Deum</strong></span> 
     </span>
    </p>
   </div>
   <div class='ocr_carea' id='block_1_93' title="bbox 99 5812 1704 5882">
    <p class='ocr_par' dir='ltr' id='par_1_93' title="bbox 99 5812 1704 5882">
     <span class='ocr_line' id='line_1_93' title="bbox 99 5812 1704 5882; baseline -0.002 -12"><span class='ocrx_word' id='word_1_721' title='bbox 99 5812 292 5871; x_wconf 75' lang='lat' dir='ltr'><strong>solum</strong></span> <span class='ocrx_word' id='word_1_722' title='bbox 341 5828 640 5879; x_wconf 65' lang='lat' dir='ltr'><strong>conversae,</strong></span> <span class='ocrx_word' id='word_1_723' title='bbox 677 5830 709 5866; x_wconf 88' lang='lat' dir='ltr'><strong>a</strong></span> <span class='ocrx_word' id='word_1_724' title='bbox 758 5813 911 5867; x_wconf 82' lang='lat' dir='ltr'><strong>rebus</strong></span> <span class='ocrx_word' id='word_1_725' title='bbox 953 5812 1171 5882; x_wconf 72' lang='lat' dir='ltr'><strong>agendis</strong></span> <span class='ocrx_word' id='word_1_726' title='bbox 1209 5821 1259 5868; x_wconf 87' lang='lat' dir='ltr'><strong>et</strong></span> <span class='ocrx_word' id='word_1_727' title='bbox 1301 5829 1333 5867; x_wconf 89' lang='lat' dir='ltr'><strong>a</strong></span> <span class='ocrx_word' id='word_1_728' title='bbox 1381 5814 1607 5867; x_wconf 78' lang='lat' dir='ltr'><strong>materia</strong></span> <span class='ocrx_word' id='word_1_729' title='bbox 1648 5828 1704 5867; x_wconf 81' lang='lat' dir='ltr'><strong>se</strong></span> 
     </span>
    </p>
   </div>
   <div class='ocr_carea' id='block_1_94' title="bbox 2303 5042 3392 5117">
    <p class='ocr_par' dir='ltr' id='par_1_94' title="bbox 2303 5042 3392 5117">
     <span class='ocr_line' id='line_1_94' title="bbox 2303 5042 3392 5117; baseline 0.008 -22"><span class='ocrx_word' id='word_1_730' title='bbox 2303 5042 2634 5117; x_wconf 66' lang='lat' dir='ltr'><strong>lernplgtioni</strong></span> <span class='ocrx_word' id='word_1_731' title='bbox 2672 5044 2877 5117; x_wconf 87' lang='lat' dir='ltr'><strong>Deoque</strong></span> <span class='ocrx_word' id='word_1_732' title='bbox 2916 5063 2972 5103; x_wconf 78' lang='lat' dir='ltr'><strong>se</strong></span> <span class='ocrx_word' id='word_1_733' title='bbox 3011 5046 3276 5112; x_wconf 86' lang='lat' dir='ltr'><strong>dedidere,</strong></span> <span class='ocrx_word' id='word_1_734' title='bbox 3310 5050 3392 5105; x_wconf 78' lang='lat' dir='ltr'><strong>lue</strong></span> 
     </span>
    </p>
   </div>
   <div class='ocr_carea' id='block_1_95' title="bbox 1806 5108 3386 5186">
    <p class='ocr_par' dir='ltr' id='par_1_95' title="bbox 1806 5108 3386 5186">
     <span class='ocr_line' id='line_1_95' title="bbox 1806 5108 3386 5186; baseline 0.008 -25"><span class='ocrx_word' id='word_1_735' title='bbox 1806 5108 2171 5186; x_wconf 69' lang='lat' dir='ltr'><strong>immutabile:</strong></span> <span class='ocrx_word' id='word_1_736' title='bbox 2196 5108 2431 5170; x_wconf 79' lang='lat' dir='ltr'><strong>manent.</strong></span> <span class='ocrx_word' id='word_1_737' title='bbox 2458 5112 2664 5186; x_wconf 75' lang='lat' dir='ltr'><strong>Libera!</strong></span> <span class='ocrx_word' id='word_1_738' title='bbox 2690 5108 2899 5186; x_wconf 67' lang='lat' dir='ltr'><strong>quidem</strong></span> <span class='ocrx_word' id='word_1_739' title='bbox 2930 5118 3216 5173; x_wconf 85' lang='lat' dir='ltr'><strong>voluntatis</strong></span> <span class='ocrx_word' id='word_1_740' title='bbox 3243 5108 3386 5185; x_wconf 76' lang='lat' dir='ltr'><strong>sunt,</strong></span> 
     </span>
    </p>
   </div>
   <div class='ocr_carea' id='block_1_96' title="bbox 1806 5181 3392 5259">
    <p class='ocr_par' dir='ltr' id='par_1_96' title="bbox 1806 5181 3392 5259">
     <span class='ocr_line' id='line_1_96' title="bbox 1806 5181 3392 5259; baseline 0.008 -29"><span class='ocrx_word' id='word_1_741' title='bbox 1806 5195 1913 5249; x_wconf 85' lang='lat' dir='ltr'><strong>qua</strong></span> <span class='ocrx_word' id='word_1_742' title='bbox 1966 5181 2173 5259; x_wconf 74' lang='lat' dir='ltr'><strong>ratione</strong></span> <span class='ocrx_word' id='word_1_743' title='bbox 2220 5190 2468 5259; x_wconf 63' lang='lat' dir='ltr'><strong>utuntur,</strong></span> <span class='ocrx_word' id='word_1_744' title='bbox 2519 5184 2581 5236; x_wconf 83' lang='grc' dir='ltr'>οὐ</span> <span class='ocrx_word' id='word_1_745' title='bbox 2619 5181 2722 5256; x_wconf 80' lang='grc' dir='ltr'>μὲν</span> <span class='ocrx_word' id='word_1_746' title='bbox 2775 5190 3113 5259; x_wconf 86' lang='grc' dir='ltr'>τρεπόμεναι</span> <span class='ocrx_word' id='word_1_747' title='bbox 3159 5189 3248 5242; x_wconf 76' lang='grc' dir='ltr'><strong>διὰ</strong></span> <span class='ocrx_word' id='word_1_748' title='bbox 3290 5181 3392 5255; x_wconf 80' lang='grc' dir='ltr'>τὰς</span> 
     </span>
    </p>
   </div>
   <div class='ocr_carea' id='block_1_97' title="bbox 1807 5251 3393 5320">
    <p class='ocr_par' dir='ltr' id='par_1_97' title="bbox 1807 5251 3393 5320">
     <span class='ocr_line' id='line_1_97' title="bbox 1807 5251 3393 5320; baseline 0.008 -20"><span class='ocrx_word' id='word_1_749' title='bbox 1807 5251 2216 5320; x_wconf 75' lang='grc' dir='ltr'>προειρημένας</span> <span class='ocrx_word' id='word_1_750' title='bbox 2246 5251 2450 5317; x_wconf 81' lang='grc' dir='ltr'>αίτίας,</span> <span class='ocrx_word' id='word_1_751' title='bbox 2484 5270 2588 5307; x_wconf 88' lang='lat' dir='ltr'><strong>non</strong></span> <span class='ocrx_word' id='word_1_752' title='bbox 2620 5251 2828 5311; x_wconf 59' lang='lat' dir='ltr'><strong>&#39;tamen&#39;</strong></span> <span class='ocrx_word' id='word_1_753' title='bbox 2853 5251 3130 5312; x_wconf 75' lang='lat' dir='ltr'><strong>muiantur</strong></span> <span class='ocrx_word' id='word_1_754' title='bbox 3154 5259 3217 5311; x_wconf 91' lang='lat' dir='ltr'><strong>ob</strong></span> <span class='ocrx_word' id='word_1_755' title='bbox 3263 5251 3393 5312; x_wconf 56' lang='lat' dir='ltr'><strong>tau;</strong></span> 
     </span>
    </p>
   </div>
   <div class='ocr_carea' id='block_1_98' title="bbox 1807 5320 3392 5397">
    <p class='ocr_par' dir='ltr' id='par_1_98' title="bbox 1807 5320 3392 5397">
     <span class='ocr_line' id='line_1_98' title="bbox 1807 5320 3392 5397; baseline 0.006 -25"><span class='ocrx_word' id='word_1_756' title='bbox 1807 5335 1897 5373; x_wconf 84' lang='lat' dir='ltr'><strong>sas</strong></span> <span class='ocrx_word' id='word_1_757' title='bbox 1926 5335 2059 5397; x_wconf 76' lang='lat' dir='ltr'><strong>quas</strong></span> <span class='ocrx_word' id='word_1_758' title='bbox 2090 5320 2436 5397; x_wconf 60' lang='lat' dir='ltr'><strong>adduximus.</strong></span> <span class='ocrx_word' id='word_1_759' title='bbox 2467 5321 2717 5397; x_wconf 76' lang='lat' dir='ltr'><strong>Denique</strong></span> <span class='ocrx_word' id='word_1_760' title='bbox 2760 5333 3125 5397; x_wconf 86' lang='lat' dir='ltr'><strong>utrorumque</strong></span> <span class='ocrx_word' id='word_1_761' title='bbox 3167 5330 3392 5397; x_wconf 90' lang='lat' dir='ltr'><strong>angelo-</strong></span> 
     </span>
    </p>
   </div>
   <div class='ocr_carea' id='block_1_99' title="bbox 1808 5390 3392 5468">
    <p class='ocr_par' dir='ltr' id='par_1_99' title="bbox 1808 5390 3392 5468">
     <span class='ocr_line' id='line_1_99' title="bbox 1808 5390 3392 5468; baseline 0.006 -26"><span class='ocrx_word' id='word_1_762' title='bbox 1808 5404 1931 5443; x_wconf 88' lang='lat' dir='ltr'><strong>rqu</strong></span> <span class='ocrx_word' id='word_1_763' title='bbox 1986 5390 2287 5446; x_wconf 88' lang='lat' dir='ltr'><strong>discrimen</strong></span> <span class='ocrx_word' id='word_1_764' title='bbox 2328 5390 2817 5468; x_wconf 57' lang='lat' dir='ltr'><strong>consimili&#39;modo</strong></span> <span class='ocrx_word' id='word_1_765' title='bbox 2850 5390 3111 5468; x_wconf 79' lang='lat' dir='ltr'><strong>explicat,</strong></span> <span class='ocrx_word' id='word_1_766' title='bbox 3156 5390 3392 5452; x_wconf 64' lang='lat' dir='ltr'><strong>dicéndo</strong></span> 
     </span>
    </p>
   </div>
   <div class='ocr_carea' id='block_1_100' title="bbox 1808 5463 3391 5532">
    <p class='ocr_par' dir='ltr' id='par_1_100' title="bbox 1808 5463 3391 5532">
     <span class='ocr_line' id='line_1_100' title="bbox 1808 5463 3391 5532; baseline 0.007 -19"><span class='ocrx_word' id='word_1_767' title='bbox 1808 5473 1919 5513; x_wconf 90' lang='lat' dir='ltr'><strong>non</strong></span> <span class='ocrx_word' id='word_1_768' title='bbox 1959 5473 2154 5532; x_wconf 85' lang='lat' dir='ltr'><strong>omnes</strong></span> <span class='ocrx_word' id='word_1_769' title='bbox 2199 5463 2426 5531; x_wconf 86' lang='lat' dir='ltr'><strong>angelos</strong></span> <span class='ocrx_word' id='word_1_770' title='bbox 2453 5465 2739 5519; x_wconf 86' lang='lat' dir='ltr'><strong>mutabilis</strong></span> <span class='ocrx_word' id='word_1_771' title='bbox 2766 5481 2889 5522; x_wconf 88' lang='lat' dir='ltr'><strong>esse</strong></span> <span class='ocrx_word' id='word_1_772' title='bbox 2920 5463 3266 5532; x_wconf 64' lang='lat' dir='ltr'><strong>&#39;voluntatis,</strong></span> <span class='ocrx_word' id='word_1_773' title='bbox 3295 5471 3391 5523; x_wconf 89' lang='lat' dir='ltr'><strong>sed</strong></span> 
     </span>
    </p>
   </div>
   <div class='ocr_carea' id='block_1_101' title="bbox 1808 5530 3393 5607">
    <p class='ocr_par' dir='ltr' id='par_1_101' title="bbox 1808 5530 3393 5607">
     <span class='ocr_line' id='line_1_101' title="bbox 1808 5530 3393 5607; baseline 0.004 -24"><span class='ocrx_word' id='word_1_774' title='bbox 1808 5543 1907 5583; x_wconf 88' lang='lat' dir='ltr'><strong>eos</strong></span> <span class='ocrx_word' id='word_1_775' title='bbox 1933 5530 2131 5607; x_wconf 72' lang='lat' dir='ltr'><strong>solum,</strong></span> <span class='ocrx_word' id='word_1_776' title='bbox 2169 5532 2261 5607; x_wconf 83' lang='lat' dir='ltr'><strong>qui</strong></span> <span class='ocrx_word' id='word_1_777' title='bbox 2282 5530 2392 5603; x_wconf 79' lang='grc' dir='ltr'>τῆς</span> <span class='ocrx_word' id='word_1_778' title='bbox 2425 5533 2563 5604; x_wconf 82' lang='grc' dir='ltr'>πρὸς</span> <span class='ocrx_word' id='word_1_779' title='bbox 2589 5533 2658 5587; x_wconf 87' lang='grc' dir='ltr'><strong>τά</strong></span> <span class='ocrx_word' id='word_1_780' title='bbox 2691 5535 2804 5589; x_wconf 82' lang='grc' dir='ltr'><strong>ἀνω</strong></span> <span class='ocrx_word' id='word_1_781' title='bbox 2856 5536 2951 5588; x_wconf 81' lang='grc' dir='ltr'><strong>καί</strong></span> <span class='ocrx_word' id='word_1_782' title='bbox 2989 5536 3079 5589; x_wconf 83' lang='grc' dir='ltr'>τὸν</span> <span class='ocrx_word' id='word_1_783' title='bbox 3115 5530 3393 5607; x_wconf 76' lang='grc' dir='ltr'>Θεδνσχέ-</span> 
     </span>
    </p>
   </div>
   <div class='ocr_carea' id='block_1_102' title="bbox 1808 5601 3461 5676">
    <p class='ocr_par' dir='ltr' id='par_1_102' title="bbox 1808 5601 3461 5676">
     <span class='ocr_line' id='line_1_102' title="bbox 1808 5601 3461 5676; baseline 0.005 -25"><span class='ocrx_word' id='word_1_784' title='bbox 1808 5614 1945 5661; x_wconf 83' lang='grc' dir='ltr'>σεως</span> <span class='ocrx_word' id='word_1_785' title='bbox 1977 5601 2609 5676; x_wconf 56' lang='grc' dir='ltr'>ἀπρχωρήσαντες.ξοιιηι</span> <span class='ocrx_word' id='word_1_786' title='bbox 2645 5618 2962 5676; x_wconf 79' lang='lat' dir='ltr'><strong>propensum</strong></span> <span class='ocrx_word' id='word_1_787' title='bbox 3012 5623 3138 5676; x_wconf 86' lang='lat' dir='ltr'><strong>erga</strong></span> <span class='ocrx_word' id='word_1_788' title='bbox 3168 5623 3250 5661; x_wconf 83' lang='lat' dir='ltr'><strong>res</strong></span> <span class='ocrx_word' id='word_1_789' title='bbox 3296 5601 3389 5661; x_wconf 73' lang='lat' dir='ltr'><strong>su-</strong></span> <span class='ocrx_word' id='word_1_790' title='bbox 3456 5636 3461 5641; x_wconf 97' lang='lat'><strong><em>-</em></strong></span> 
     </span>
    </p>
   </div>
   <div class='ocr_carea' id='block_1_103' title="bbox 1803 5669 3392 5747">
    <p class='ocr_par' dir='ltr' id='par_1_103' title="bbox 1803 5669 3392 5747">
     <span class='ocr_line' id='line_1_103' title="bbox 1803 5669 3392 5747; baseline 0.004 -26"><span class='ocrx_word' id='word_1_791' title='bbox 1803 5683 1997 5747; x_wconf 58' lang='lat' dir='ltr'><strong>pernae</strong></span> <span class='ocrx_word' id='word_1_792' title='bbox 2035 5669 2573 5747; x_wconf 19' lang='lat' dir='ltr'><strong>Deumq’ue‘stAudium</strong></span> <span class='ocrx_word' id='word_1_793' title='bbox 2606 5669 2914 5747; x_wconf 69' lang='lat' dir='ltr'><strong>objecerint,</strong></span> <span class='ocrx_word' id='word_1_794' title='bbox 2954 5669 3221 5747; x_wconf 80' lang='grc' dir='ltr'>ρέψᾶντες</span> <span class='ocrx_word' id='word_1_795' title='bbox 3253 5677 3392 5746; x_wconf 84' lang='grc' dir='ltr'>πρὸς</span> 
     </span>
    </p>
   </div>
   <div class='ocr_carea' id='block_1_104' title="bbox 1802 5740 3388 5814">
    <p class='ocr_par' dir='ltr' id='par_1_104' title="bbox 1802 5740 3388 5814">
     <span class='ocr_line' id='line_1_104' title="bbox 1802 5740 3388 5814; baseline 0.006 -23"><span class='ocrx_word' id='word_1_796' title='bbox 1802 5740 1874 5792; x_wconf 81' lang='grc' dir='ltr'>τὰ</span> <span class='ocrx_word' id='word_1_797' title='bbox 1917 5740 2088 5814; x_wconf 53' lang='lat' dir='ltr'><strong>uuam,</strong></span> <span class='ocrx_word' id='word_1_798' title='bbox 2124 5742 2193 5794; x_wconf 79' lang='lat' dir='ltr'><strong>ad</strong></span> <span class='ocrx_word' id='word_1_799' title='bbox 2234 5743 2493 5811; x_wconf 73' lang='lat' dir='ltr'><strong>inferiora</strong></span> <span class='ocrx_word' id='word_1_800' title='bbox 2540 5740 2795 5814; x_wconf 73' lang='lat' dir='ltr'><strong>vergentia</strong></span> <span class='ocrx_word' id='word_1_801' title='bbox 2833 5740 3011 5801; x_wconf 78' lang='lat' dir='ltr'><strong>rerum</strong></span> <span class='ocrx_word' id='word_1_802' title='bbox 3035 5740 3388 5802; x_wconf 48' lang='lat' dir='ltr'><strong>terrenarum</strong></span> 
     </span>
    </p>
   </div>
   <div class='ocr_carea' id='block_1_105' title="bbox 1808 5810 2347 5879">
    <p class='ocr_par' dir='ltr' id='par_1_105' title="bbox 1808 5810 2347 5879">
     <span class='ocr_line' id='line_1_105' title="bbox 1808 5810 2347 5879; baseline 0.009 -17"><span class='ocrx_word' id='word_1_803' title='bbox 1808 5810 2050 5879; x_wconf 84' lang='lat' dir='ltr'><strong>cupidine</strong></span> <span class='ocrx_word' id='word_1_804' title='bbox 2077 5822 2347 5869; x_wconf 83' lang='lat' dir='ltr'><strong>arserunt.</strong></span> 
     </span>
    </p>
   </div>
  </div>
