3950 6304
267 235 375 300 969

1330 226 1428 286 DE
1465 223 1642 285 FIDE
1682 222 2140 285 ORTHODOXA
2173 225 2318 285 LIB.
2362 224 2442 283 II.

3417 226 3522 290 970

268 342 347 394 λει
377 340 584 402 πάντας
616 338 876 408 σωθῆναι,
902 334 1113 406 καὶτῆς
1142 336 1424 406 βασιλείας
1445 335 1611 389 αὑτοῦ
1638 337 1841 404 τυχεῖν.

1961 333 2155 390 -Ηοο
2197 336 2385 391 itidem
2439 340 2605 391 nosse
2656 339 2890 405 oportet,
2942 332 3112 390 Deum
3170 334 3429 404 primaria
3472 347 3524 391 et

266 434 342 487 Οὐ
382 432 492 502 γὰρ
526 430 619 483 ἐπὶ
640 430 698 483 τὸ
732 429 958 483 κολάσαι
988 427 1227 481 ἔπλασεν
1255 430 1424 500 ἡμᾶς,
1466 428 1602 481 ἀλλὰ
1633 428 1766 499 πρὸς
1786 426 1847 479 τὸ

269 525 562 596 μετασχεῖν
583 522 681 590 τῆς
703 520 1037 591 ἀγαθότητος
1060 518 1245 582 αὐτοῦ,
1277 519 1353 581 ώς
1385 518 1606 587 ἁγαθός.
1643 518 1849 588 ’Δμαρα

265 617 529 677 τάνοντας
553 612 779 666 saetae;
811 610 1159 675 κολάζεσθαι,
1192 611 1266 675 ὡς
1297 611 1525 672 δίκαιος.

338 890 572 958 Λέγεται
603 882 718 955 οὖν,
748 886 811 941 τὸ
849 887 949 957 μὲν
976 884 1217 957 πρῶτον,
1253 882 1669 954 προηγούμενον
1694 881 1848 952 θέληο

271 998 369 1053 μα,
401 978 497 1033 καὶ
538 976 779 1042 εὐδοκία,
809 976 868 1043 ὲξ
913 974 1074 1030 αὑτοῦ
1108 974 1196 1028 ὅνο
1233 974 1294 1027 τὸ
1327 973 1387 1027 δὲ
1415 972 1669 1043 δεύτερον
1719 973 1849 1026 ἐποι-

270 1088 432 1142 μενον
466 1069 698 1139 θέλημα,
735 1068 831 1120 καὶ
867 1064 1289 1137 παραχώρησις,
1336 1064 1396 1130 ὲξ
1442 1063 1721 1134 ἡμετέρας
1759 1065 1847 1116 αἰ-

265 1163 409 1224 τίας.
438 1161 550 1215 Kal.
586 1158 724 1229 αὕτη
772 1157 945 1224 διττή·
982 1158 1015 1228 ἡ
1068 1157 1166 1227 μὲν
1209 1156 1550 1226 οἰκονομικὴ,
1596 1156 1689 1209 καὶ
1719 1173 1847 1208 παι·

265 1252 494 1323 δευτικὴ
539 1251 679 1322 πρὸς
729 1250 1027 1321 σωτηρίαν,
1075 1250 1108 1320 ἡ
1154 1248 1212 1301 δὲ
1267 1248 1657 1317 ἁπογνωστικὴ
1711 1247 1848 1317 πρὸς

266 1344 479 1398 τελείαν
513 1344 757 1405 κόλασιν,
784 1342 861 1405 ὡς
912 1343 1240 1412 εἰρήκαμεν.
1276 1340 1463 1393 Ταῦτα
1509 1340 1566 1392 δὲ
1608 1340 1699 1393 ἐπὶ
1740 1339 1848 1391 τῶν

267 1437 369 1489 οὐκ
395 1436 481 1505 ἐφ’
518 1436 650 1506 ἡμῖν
680 1435 728 1489 ιι.

1956 424 2322 481 antecedente
2363 425 2648 481 voluntate
2690 425 2830 481 velle
2865 439 3059 480 omnes
3084 427 3268 480 salvos
3299 441 3444 489 esse.
3475 437 3528 480 et

1953 516 2108 587 regni
2155 516 2243 571 sui
2294 524 2581 587 compotes
2631 516 2744 572 ﬁeri
2779 517 2821 570 ⁸.
2854 516 2975 570 Νοη
3012 516 3157 571 enim
3188 531 3290 572 nos
3334 526 3395 570 ut
3426 532 3526 588 pu-

1955 609 2123 673 niret,
2157 607 2445 674 condidit;
2486 608 2584 663 sed
2623 610 2751 678 quia
2798 609 2979 664 bonus
3036 619 3141 675 est,
3193 609 3259 663 ad
3318 610 3423 664 hoc
3473 621 3531 663 ut

1955 699 2219 754 bonitatis
2254 714 2366 753 suae
2402 699 2699 769 participes
2730 714 2999 754 essemus.
3028 698 3331 756 Peccantes
3363 715 3530 771 porro

1957 791 2139 859 puniri
2170 792 2310 857 vult,
2343 792 2470 860 quia
2495 791 2681 860 justus
2721 798 2824 845 est.

2028 883 2320 937 Permissio
2351 882 2566 952 duplex.
2590 911 2660 922 ——
2684 882 2871 953 Itaque
2907 883 3083 953 prima
3116 884 3208 937 illa
3244 884 3525 947 voluntas,

1956 977 2288 1031 antecedens
2346 976 2551 1031 dicitur
2605 982 2660 1030 et
2704 977 3138 1046 beneplacitum,
3189 980 3350 1049 cujus
3412 980 3531 1049 ipsc

1955 1081 2123 1123 causa
2158 1068 2269 1123 sit:
2296 1068 2539 1122 secunda
2570 1076 2774 1131 autem,
2805 1083 3151 1139 consequens
3193 1072 3447 1124 voluntas
3477 1082 3531 1124 et

1959 1159 2277 1229 permissio,
2315 1176 2378 1214 ex
2417 1170 2603 1216 nostra
2650 1176 2817 1216 causa
2846 1170 3028 1216 ortum
3076 1161 3320 1229 habens;
3354 1178 3532 1232 eaque

1957 1250 2161 1319 duplex
2189 1266 2203 1303 :
2227 1251 2402 1304 altera
2430 1251 2849 1321 dispensatione
2894 1252 3129 1321 quadam
3171 1251 3223 1305 lit
3253 1261 3306 1306 et
3338 1256 3406 1305 ad
3442 1269 3533 1308 sa-

1957 1342 2123 1397 lutent
2180 1344 2380 1407 erudit,
2453 1345 2628 1397 altera
2665 1358 2693 1396 a
2720 1345 3108 1413 reprobatione
3140 1343 3529 1414 proficiscitur,

1957 1436 2023 1487 ad
2064 1435 2391 1498 absolutam,
2438 1443 2495 1487 ut
2531 1436 2797 1500 diximus,
2829 1450 3047 1506 poenam
3092 1444 3401 1507 pertinens.
3433 1441 3531 1491 At-

1956 1542 2065 1595 que
2124 1528 2236 1580 litec
2293 1528 2345 1579 in
2406 1526 2518 1581 illis
2570 1541 2694 1596 qua:
2748 1528 2802 1580 in
2862 1538 3048 1583 nostra
3098 1539 3368 1598 potestate
3423 1546 3531 1585 non

1958 1627 2111 1671 sunt.

338 1714 459 1769 Τῶν
501 1713 560 1768 δὲ
613 1714 698 1783 ἐφ’
732 1715 887 1783 ἡμῖν,
929 1712 998 1765 τὰ
1038 1712 1135 1782 μὲν
1184 1714 1365 1781 ἀγαθὰ
1416 1715 1846 1783 προηγουμένως

2021 1708 2163 1763 Deus
2188 1709 2337 1762 nullo
2369 1707 2521 1761 modo
2549 1710 2694 1762 mala
2730 1709 2859 1775 vult,
2893 1710 2983 1763 sed
3009 1712 3126 1779 ﬁeri
3149 1713 3435 1779 permittit.
3460 1746 3526 1756 -—

269 1806 435 1871 θέλει,
460 1805 553 1858 καὶ
582 1804 814 1859 εὐδοκεῖ.
850 1803 932 1857 Τὰ
969 1803 1025 1856 δὲ
1057 1804 1290 1874 πονηρὰ,
1334 1805 1429 1857 καὶ
1457 1804 1628 1867 ὅντως
1672 1805 1841 1870 κακὰ,

269 1895 395 1949 οὔτε
422 1896 849 1966 προηγουμένως
871 1935 886 1958 ,
920 1893 1045 1947 οὔτε
1087 1895 1370 1965 ἑπομένως
1431 1895 1604 1949 θέλει·
1662 1912 1844 1966 παρα-

269 1988 438 2059 χωρεῖ
463 1986 521 2039 δὲ
568 1984 649 2055 τῷ
684 1984 1035 2054 αὑτεξουσίῳ.
1073 1984 1146 2036 Τὸ
1190 1986 1299 2056 γὰρ
1344 1988 1487 2039 κατὰ
1530 1986 1653 2055 βίαν
1700 1987 1847 2056 γινό-

271 2094 453 2149 μενον,
475 2077 535 2131 οὐ
552 2076 792 2145 λογικὸν,
814 2077 935 2129 οὐδὲ
969 2076 1161 2146 ἀρετή.
1202 2074 1221 2113 ι
1252 2077 1476 2147 Προνοεῖ
1501 2077 1529 2129 ὁ
1567 2076 1699 2142 Θεὸς
1732 2078 1842 2131 πά·-

270 2183 374 2239 an;
398 2168 500 2237 τῆς
527 2167 777 2233 κτίσεως,
816 2165 910 2219 καὶ
948 2165 1036 2219 διὰ
1076 2166 1257 2237 πάσης
1290 2168 1388 2237 τῆς
1427 2167 1657 2231 κτίσεως
1688 2169 1845 2238 εὐερ-

266 2261 470 2329 γετεῖν,
517 2261 611 2314 καὶ
648 2258 939 2323 παιδεύων,
967 2260 1061 2312 καὶ
1089 2259 1155 2311 δι’
1189 2259 1369 2313 αὐτῶν
1416 2259 1679 2324 πολλάκις
1730 2261 1843 2314 τῶν

265 2352 560 2424 δαιμόνων,
583 2353 661 2417 ὡς
685 2351 780 2404 ἐπὶ
811 2350 905 2404 τοῦ
940 2351 1082 2415 Ἰὼϐ,
1110 2352 1206 2405 καὶ
1232 2352 1342 2405 τῶν
1368 2352 1588 2424 χοίρων.

1950 1800 2154 1855 Eorum
2188 1816 2319 1854 vero
2346 1816 2467 1870 qua:
2502 1800 2556 1854 in
2596 1801 2758 1856 nobis
2794 1801 2895 1855 sita
2931 1810 3076 1867 sunt,
3128 1804 3269 1857 bona
3307 1804 3528 1874 quidem

1948 1894 2214 1966 primario
2259 1892 2407 1948 Deus
2450 1894 2590 1957 vult,
2620 1902 2677 1947 et
2722 1894 3027 1949 secundum
3083 1894 3527 1964 beneplacitum;

1942 1969 2095 2039 inata
2124 1993 2305 2039 autem
2335 1999 2460 2054 qua:
2504 1999 2694 2040 revera
2730 1985 2875 2038 mala
2929 1995 3079 2048 sunt,
3120 2000 3302 2056 neque
3330 1986 3532 2056 prima-

1949 2077 2054 2144 rio,
2089 2092 2267 2152 neque
2302 2086 2711 2147 consequenter
2749 2078 2890 2141 vult,
2933 2079 3027 2134 sed
3075 2078 3252 2133 libero
3294 2075 3530 2133 arbitrio

1952 2172 2242 2242 permittit.
2276 2171 2413 2226 Nam
2447 2172 2594 2242 quod
2628 2172 2679 2224 vi
2728 2172 2982 2235 eilicitur,
3015 2186 3116 2228 nec
3164 2170 3364 2226 rationi
3399 2186 3533 2225 con-

1953 2263 2121 2329 venit,
2158 2277 2261 2317 nec
2302 2263 2527 2318 virtutis
2576 2278 2778 2318 nomen
2818 2263 3073 2319 obtinere
3122 2272 3325 2333 potest.
3385 2263 3529 2316 Deus

1950 2355 2157 2409 creatis
2195 2354 2455 2410 omnibus
2511 2356 2785 2425 providet,
2826 2363 2881 2410 et
2923 2358 3018 2426 per
3070 2355 3255 2409 omnia
3301 2361 3529 2415 creata,
3591 2370 3596 2376 ·

265 2455 331 2500 ιιι
359 2454 413 2501 et
464 2447 581 2518 ipsa
627 2448 950 2519 plerumque
986 2446 1297 2502 dzcmonum
1344 2463 1508 2519 opera
1562 2448 1747 2519 (velut
1784 2449 1838 2502 in
1862 2445 1967 2503 Job
2008 2454 2062 2502 et
2100 2447 2285 2518 porcis
2315 2447 2337 2478 ⁹
2387 2447 2605 2517 liquet)
2655 2447 2940 2505 beneﬁciis
2998 2445 3199 2502 aﬂiciat
3279 2455 3333 2500 et
3405 2462 3534 2502 cru-

268 2538 405 2593 diat.

773 2632 1021 2684 ΚΕΦΛΛ.
1064 2632 1121 2684 A'
1163 2630 1339 2703 [MA'].

483 2723 621 2792 Περὶ
662 2721 1053 2791 προγνώσεως
1080 2722 1181 2775 καὶ
1209 2721 1597 2791 προορισμοῦ.

342 2815 464 2888 Χρὴ
489 2814 775 2885 γινώσκειν
805 2812 941 2884 (96),
971 2813 1046 2877 ώς
1078 2813 1258 2867 πάντα
1290 2814 1386 2882 μὲν
1419 2814 1786 2883 προγινώσκει
1817 2814 1845 2867 ὁ

344 2992 371 3029 ⁸
408 2990 428 3043 ι
476 2988 617 3046 Tim.
659 3007 721 3057 ιι,
755 2992 805 3045 ι.
881 2992 902 3022 ⁹
939 2990 1131 3046 Matth.
1177 3007 1296 3057 vm,
1332 2992 1400 3045 3O
1432 3006 1591 3062 seqq.

2557 2628 2708 2681 CAP.
2759 2627 2923 2683 XXX.

2230 2724 2302 2776 De
2332 2724 2673 2791 praascientia
2694 2732 2742 2775 et
2766 2720 3250 2790 pra'destinatione.

2031 2816 2166 2869 Deus
2212 2817 2394 2868 omnia
2434 2815 2671 2884 prwscit,
2705 2817 2796 2867 sed
2828 2831 2931 2867 non
2962 2816 3140 2868 omnia
3187 2813 3528 2883 pra'ﬁnit.--

1537 3126 1772 3182 VARUE
1811 3124 2215 3183 LECTIONES.

346 3219 374 3260 ιι
409 3222 623 3279 Desunt
646 3223 761 3277 haec
786 3222 841 3276 in
871 3219 932 3273 N.
961 3230 1015 3275 et
1051 3219 1118 3274 Β.
1150 3219 1311 3275 2950.

1398 3218 1413 3255 ι
1448 3220 1574 3275 ῐίωο
1601 3219 1802 3274 desunt
1832 3219 1887 3273 in
1915 3228 2108 3273 nostro
2138 3216 2262 3272 cod.
2297 3231 2470 3287 usque
2507 3214 2572 3269 ad
2606 3218 2765 3273 ﬁnem
2800 3217 3023 3288 capitis.

1779 3372 2010 3427 NOTrE.

274 3470 541 3544 Cyrillum
592 3468 885 3544 Alexandr.
915 3468 1021 3544 lib.
1066 3468 1140 3524 De
1169 3470 1479 3544 adoratione
1512 3470 1566 3522 in
1618 3468 1836 3544 spiritu.
1867 3470 1910 3527 (Γ.
1945 3464 2340 3544 tatisforsitan
2384 3479 2673 3544 usurpare,
2704 3473 2762 3517 ut
2796 3475 2980 3544 nostro
3028 3466 3276 3544 {aquatur
3307 3467 3525 3535 affectu,

274 3536 547 3607 Quocirca
594 3554 662 3594 ne
697 3540 1113 3612 Augustinianze
1158 3543 1225 3595 de
1268 3541 1456 3595 divina
1483 3541 1689 3612 “gratia
1744 3536 1838 3612 de-

274 3611 471 3674 ctringe
505 3618 739 3680 systema
774 3608 877 3665 hoc
898 3611 1080 3678 capite
1119 3625 1374 3664 mancum
1401 3609 1729 3680 quibusdam
1764 3608 1845 3660 vi-

275 3678 787 3741 deretur,‘sanctus
826 3682 1063 3750 Prosper
1094 3691 1157 3750 et
1190 3689 1384 3733 auctor
1412 3678 1536 3734 libri
1578 3678 1653 3732 De
1679 3694 1840 3750 voca-

278 3753 418 3805 tione
449 3751 700 3820 gentium,
730 3752 925 3804 bonam
964 3748 1103 3804 hanc
1136 3748 1229 3804 Dei
1273 3752 1608 3806 voluntatem
1652 3748 1841 3802 defen-

274 3822 512 3875 demtum
541 3829 923 3889 susceperunt.
1032 3888 1051 3889 ί
1300 3848 1310 3855 -

238 3884 255 3895 ’
353 3890 461 3961 (96)
495 3888 617 3961 Χρὴ
647 3884 1165 3961 γινώσκεινχδεὶνε
1200 3898 1434 3961 oportet;
1457 3888 1657 3961 Eodem
1681 3885 1843 3961 modo

274 3958 508 4016 sanctus
542 3959 807 4015 Maximus
831 3959 884 4012 iu
916 3959 1206 4014 collatione
1234 3975 1358 4013 cum
1392 3958 1703 4014 Theodosio
1728 3959 1843 4011 Cae-

272 4029 530 4090 sariensi,
574 4044 630 4082 n.
679 4030 733 4091 2,
781 4037 835 4083 et
870 4030 923 4082 in
963 4028 1080 4100 Vita
1130 4045 1250 4097 sua,
1285 4047 1341 4083 n.
1376 4029 1430 4093 8,
1478 4031 1673 4100 legitur
1715 4043 1844 4097 pro-

276 4102 601 4162 nuntiasse,
668 4098 1068 4167 praescientiam
1104 4114 1229 4155 esse
1283 4115 1465 4153 rerum
1506 4098 1629 4170 quae
1687 4105 1842 4169 pote-

273 4170 438 4225 statis
476 4175 680 4239 nostra:
732 4176 901 4233 sunt,
934 4184 1247 4224 sermonum
1286 4177 1435 4239 puta,
1472 4179 1526 4225 et
1577 4183 1839 4238 operum:

274 4238 695 4310 praeﬁnitionem
753 4253 917 4310 vero,
953 4254 1142 4293 earum
1196 4238 1317 4308 qua:
1362 4239 1472 4294 Deo
1519 4239 1845 4309 disponente

272 4309 622 4364 extrinsecus
649 4309 928 4369 accidunt,
960 4310 1167 4363 scilicet
1189 4324 1441 4369 casuum,
1470 4312 1841 4377 praemiorum,

273 4378 700 4448 suppliciorum,
726 4386 858 4440 etc.,
895 4394 1018 4444 quae
1045 4379 1266 4447 quidem
1290 4380 1621 4448 explicatius
1645 4379 1844 4432 Noster

273 4448 444 4502 tradit
474 4451 525 4501 in
564 4447 785 4518 Dialogo
816 4460 983 4501 contr.
1013 4448 1249 4501 Manich.
1282 4447 1510 4518 fus’eque
1537 4455 1845 4518 tractantur

274 4520 331 4573 in
364 4518 584 4571 humilia
617 4519 669 4571 in
694 4516 1051 4588 Chananteam
1079 4527 1127 4572 et
1168 4516 1526 4585 publicanum,
1558 4534 1719 4588 quam
1747 4517 1845 4570 Sa-

272 4589 445 4642 vilius
472 4588 663 4650 edidit,
702 4595 741 4640 t.
786 4587 819 4639 V
855 4587 1090 4657 Operum
1125 4589 1500 4658 Chrysost‘omi
1530 4587 1584 4643 et
1628 4588 1843 4658 placitis

270 4658 736 4728 Chryspstomicis
775 4656 1028 4712 refertam
1069 4656 1340 4728 agnoscit.
1380 4656 1503 4711 Uno
1537 4657 1711 4728 verbo
1743 4656 1844 4709 Pa-

273 4726 403 4782 tres
431 4726 625 4785 Graeci,
675 4742 798 4781 cum
851 4726 1125 4782 caverent
1171 4743 1240 4782 ne
1284 4728 1469 4781 divina
1526 4727 1840 4781 futurorum

273 4797 807 4877 cognitiolinmanae
838 4798 1073 4877 libertati
1119 4799 1311 4877 nociva
1348 4805 1655 4877 putaretur,
1684 4797 1843 4866 juxta
1874 4820 1921 4877 υ

272 4882 342 4922 ac
382 4866 628 4923 Guostici
657 4877 713 4922 et
751 4869 1031 4921 Mauichmi
1069 4866 1413 4931 asserebant,
1450 4868 1555 4922 hoc
1590 4868 1845 4937 frequen-

272 4947 365 5012 ter
402 4939 785 5012 inculcarunt,
828 4940 1074 5012 actiones
1130 4938 1412 5012 hocntiuum
1474 4940 1676 5012 liberas
1734 4950 1845 4991 non

272 5009 406 5061 ideo
438 5008 577 5072 lieri,
608 5009 739 5077 quia
783 5010 999 5063 noverit
1040 5008 1209 5067 Deus:
1242 5010 1336 5062 sed
1370 5023 1494 5063 esse
1534 5024 1563 5061 a
1609 5009 1718 5061 Deo
1747 5021 1845 5060 co-

272 5078 634 5148 gnitas,quia
683 5078 882 5132 futurae
931 5085 1107 5134 erant.
1137 5078 1304 5149 Deum
1330 5080 1530 5149 quippe
1573 5080 1844 5131 malarum

272 5147 558 5218 actionum
599 5162 825 5218 causam
863 5164 969 5203 n01
1005 5163 1149 5203 esse.
1185 5147 1281 5218 Sig
1315 5147 1444 5202 olim
1492 5148 1848 5218 diaputabant

271 5217 530 5271 Justinus
594 5217 821 5288 Martyr,
877 5219 1093 5287 Apolog.
1130 5219 1191 5288 i;
1244 5216 1529 5288 Tatianus,
1582 5215 1844 5288 Drat._ad

274 5288 477 5349 tinea;
523 5286 808 5358 Origenes,
856 5286 950 5343 lib.
989 5305 1003 5342 I
1040 5286 1094 5342 in
1147 5287 1321 5358 Epist.
1372 5288 1438 5341 ad
1480 5287 1635 5341 Rom.
1684 5286 1845 5355 cujus

269 5359 428 5412 dicta
478 5358 712 5412 Basilius
751 5367 805 5411 et
865 5360 1242 5427 Nazianzenus
1300 5361 1354 5413 in
1402 5358 1701 5411 Pliilocalia
1746 5371 1848 5412 sua

272 5430 461 5483 locum
487 5429 689 5482 habere
719 5430 1031 5489 voluerunt,
1072 5444 1192 5497 cap.
1231 5428 1321 5484 26.
1354 5429 1560 5483 Omitto
1595 5427 1852 5484 Theodo-

270 5508 492 5570 retum,
547 5499 600 5553 in
646 5512 769 5569 cap.
807 5515 934 5554 xxiv
981 5499 1175 5554 Ezeeh.
1234 5500 1599 5570 Hieronymus
1638 5500 1690 5553 in
1750 5498 1855 5552 hoo

269 5568 527 5636 ejusdem
571 5568 846 5638 prophetae
873 5580 1057 5639 caput,
1094 5570 1251 5637 juxta
1280 5568 1593 5624 Graecarum
1626 5570 1851 5623 Patrum

274 5639 796 5709 interpretationem
838 5641 1113 5703 observat,
1150 5639 1319 5694 Deum
1346 5655 1538 5697 vocem
1585 5640 1854 5711 ambigui-

610 5733 881 5795 PATROL.
909 5733 1023 5794 Gn.
1060 5732 1265 5793 XCIV.

1945 3544 2002 3588 ut
2040 3534 2267 3588 liberant
2309 3536 2535 3588 hominis
2572 3544 2808 3589 servetur
2848 3534 3155 3599 arbitrium,
3193 3552 3257 3589 ne
3285 3534 3363 3589 ex
3384 3534 3525 3602 pne;

1944 3606 2166 3677 scientia
2202 3604 2340 3673 ejus,
2384 3605 2540 3673 quasi
2570 3606 2900 3677 necessitate,
2939 3606 3018 3659 ite!
3053 3605 3228 3677 facere
3268 3608 3417 3677 quid,
3449 3610 3526 3664 vel

1945 3692 2049 3728 non
2091 3675 2271 3744 facere
2322 3686 2562 3743 cogatur.
2629 3674 2753 3745 Non
2808 3691 2874 3728 ea:
2921 3692 2980 3728 eo
3012 3676 3150 3745 quod
3210 3674 3349 3731 Deus
3389 3681 3524 3732 sciat

1945 3746 2143 3799 idcirco
2179 3746 2421 3814 futurum
2475 3754 2574 3808 est,
2607 3744 2694 3797 sed
2731 3746 2860 3814 quia
2918 3744 3158 3814 futurum
3222 3758 3322 3811 est,
3385 3749 3524 3806 Deus

1946 3817 2109 3880 nouit,
2143 3818 2295 3887 quasi
2324 3816 2466 3887 scius
2506 3816 2829 3887 futurorum.
2882 3816 2941 3870 Id
2979 3818 3120 3883 quod
3155 3826 3282 3872 ante
3308 3818 3525 3875 ditterat

1947 3887 2001 3941 iu
2041 3884 2164 3953 cap.
2194 3902 2345 3957 xxvii
2370 3885 2638 3957 Jeremiae.
2672 3884 2930 3957 Legenda
2964 3902 3094 3941 vero
3128 3887 3184 3942 in
3223 3890 3416 3957 primis
3440 3901 3524 3945 est

1944 3956 2192 4029 ejusdem
2224 3972 2288 4029 ea
2318 3956 2476 4029 dere
2503 3956 2740 4029 epistola
2784 3958 2850 4029 ad
2889 3955 3202 4029 Paulinum.
3225 3955 3357 4013 'Hoc
3387 3976 3524 4029 pra:—

1947 4028 2139 4081 stituto
2171 4026 2463 4097 principio,
2501 4027 2745 4094 ipsorqu
2774 4026 2841 4079 de
2875 4028 3360 4097 praedestinatlone
3388 4026 3520 4085 sen—

1947 4099 2114 4151 tentia
2157 4095 2262 4151 alia
2304 4112 2412 4150 non
2455 4105 2575 4150 erat
2605 4098 2675 4149 ab
2706 4111 2770 4150 ea
2814 4095 2980 4166 quam
3031 4095 3270 4166 Prosper
3309 4100 3522 4155 sincere

1946 4166 2116 4221 refert
2144 4167 2373 4237 epistola
2401 4168 2466 4237 ad
2498 4166 2899 4236 Augustinum:
2932 4166 3253 4222 Retractatis
3282 4168 3521 4230 priorum

1944 4236 2222 4290 doctorum
2255 4239 2352 4289 hac
2384 4236 2447 4290 de
2489 4252 2543 4289 re
2582 4238 2940 4302 opinionibus,
2986 4238 3188 4307 inquit,
3237 4251 3364 4307 pene
3402 4256 3518 4292 om-

1946 4310 2091 4360 nium
2121 4323 2222 4373 par
2256 4308 2539 4364 invenitur.
2576 4323 2787 4378 unaque
2822 4309 3114 4375 sententia,
3147 4322 3251 4378 qua
3285 4313 3521 4378 proposi-

1948 4388 2055 4430 tum
2081 4387 2128 4430 et
2158 4378 2671 4442 prwdestinationem
2695 4376 2790 4430 Dei
2814 4378 3101 4431 secundum
3127 4376 3517 4447 p‘rwsCientiam

1946 4456 2266 4514 receperunt,
2290 4457 2347 4499 ut
2376 4448 2436 4500 ob
2468 4450 2564 4500 hoc
2587 4448 2721 4501 Deus
2747 4463 2876 4501 vasa
2910 4449 3125 4501 honoris
3158 4458 3208 4503 et
3236 4465 3363 4503 vasa
3394 4467 3519 4503 con-

1947 4519 2177 4571 tumelia:
2215 4518 2419 4584 fecerit,
2469 4518 2595 4586 quia
2632 4519 2788 4585 ﬁnem
2817 4519 2975 4570 unius
3023 4518 3278 4587 cujusque
3326 4521 3519 4585 pra't‘i-

1945 4587 2103 4651 derit,
2139 4597 2186 4639 et
2219 4587 2313 4639 sub
2345 4587 2455 4653 ipso
2486 4588 2673 4656 gratia:
2727 4587 3021 4656 adjutorio,
3064 4590 3115 4641 in
3147 4605 3253 4657 qua
3300 4589 3515 4657 futurus

1944 4667 2099 4721 esset,
2140 4657 2405 4710 voluntate
2441 4668 2491 4710 et
2549 4658 2758 4728 actione
2812 4659 3135 4728 pi'reviderit.
3165 4660 3240 4711 Ita
3291 4660 3514 4728 quidem

1945 4734 2157 4781 veteres
2181 4728 2257 4798 illi
2290 4743 2389 4796 pro
2421 4728 2671 4781 libertate
2705 4727 2944 4798 hominis
2975 4727 3519 4798 vindicandadispu-

1947 4798 2153 4879 tabent.
2188 4796 2413 4879 Exque
2456 4812 2585 4879 vero
2621 4796 3516 4879 theologicis_ejusmodiplaeitis

1944 4865 2223 4937 Pelagiani
2255 4865 2414 4922 abusi
2462 4877 2611 4933 sunt,
2642 4876 2702 4922 ut
2730 4865 3130 4937 concluderent
3172 4865 3404 4937 gratiam
3444 4871 3517 4923 ob

1944 4936 2386 5008 merita,retiam
2441 4940 2772 5008 praecognita
2831 4938 2973 5001 dari,
3030 4936 3212 4992 Latini
3260 4938 3515 4994 doctores

1914 5008 2119 5063 'satius
2166 5007 2468 5072 duxerunt,
2503 5008 2644 5061 bona
2683 5022 2851 5076 opera
2903 5008 3103 5063 divina:
3157 5008 3512 5078 praeﬁnitioui

1944 5078 2240 5144 ascribere,
2273 5079 2415 5131 mala
2449 5092 2575 5132 vero
2610 5078 2855 5148 prtesciri
2887 5079 3156 5133 duntaxat
3186 5080 3512 5134 concedere.

1944 5148 2284 5219 Sententiam
2333 5150 2495 5213 hanc,
2545 5149 2776 5203 dimissa
2831 5150 3049 5218 priore,
3093 5149 3514 5219 amplexusiest

1944 5218 2308 5287 Augustinus.
2334 5221 2433 5288 hoc
2463 5220 2705 5288 Apostoli
2741 5220 3058 5273 testimonio
3083 5218 3263 5273 victus
3292 5233 3305 5271 :
3335 5236 3353 5270 ι
3379 5218 3511 5284 Quis

1946 5297 1993 5343 te
2020 5286 2317 5359 discernit:
2341 5304 2359 5339 ι
2396 5286 2648 5359 Ειιηιιήαε
2677 5288 2741 5341 de
2767 5303 2821 5341 re
2847 5288 3002 5342 aliter
3028 5301 3283 5356 saperem,
3310 5290 3510 5358 inquit.

1944 5375 2102 5429 quam
2125 5359 2254 5411 mihi
2284 5357 2423 5429 Deus
2454 5360 2507 5411 in
2520 5357 2628 5411 ihac
2657 5360 2946 5428 quwstione
2975 5359 3246 5420 solvenda,
3286 5357 3404 5412 cum
3441 5359 3510 5413 ad

1946 5428 2245 5498 episcopum
2274 5428 2686 5498 Simplicianum
2723 5429 3025 5491 scriberem,
3064 5429 3328 5484 reuelauit.
3364 5431 3512 5487 Inte-

1949 5497 2052 5554 rim
2100 5510 2255 5553 vetus
2309 5500 2498 5569 Opinio
2550 5500 2605 5552 in
2657 5497 2881 5569 Oriente
2928 5502 3333 5569 perseveravit,
3387 5516 3512 5556 cum

1951 5569 2132 5623 nullas
2164 5569 2276 5623 illic
2308 5567 2523 5625 radices
2546 5568 2753 5639 egisset
2787 5567 3113 5639 l‘elagianus
3135 5585 3291 5624 error
3311 5612 3325 5636 ,
3355 5572 3516 5638 cujus

1953 5639 2023 5694 de
2060 5639 2246 5695 divina
2272 5640 2448 5711 gratia
2485 5638 2660 5710 capita
2693 5638 2867 5694 ϐττιιαί
2908 5638 3017 5694 non
3049 5648 3347 5705 noverunt,
3378 5651 3517 5696 tam-

3010 5732 3081 5795 3i
