3950 6304
449 269 566 336 975

1665 267 1730 324 S.
1767 262 2090 325 JOANNIS
2121 264 2546 326 DAMASCENI

3635 273 3753 334 ξδ’ῖῦ

457 401 630 457 quam
661 392 764 448 est,
798 383 904 437 nisi
957 395 1208 437 recessus
1250 396 1279 435 a
1339 380 1507 448 bono,
1566 383 1728 437 veluti
1789 382 2024 438 tenebrae

2157 397 2247 443 τος
2277 380 2368 434 τοῦ
2397 383 2575 450 φωτός
2608 383 2755 436 ἐστιν
2780 383 3147 455 ἀναχώρησις.
3169 384 3440 450 Μένοντες
3464 379 3555 440 οὖν
3578 388 3636 440 ὲν
3657 389 3752 454 τῷ

456 491 706 533 recessus
727 490 756 528 a
787 475 926 529 luce.
952 473 1030 528 Ac
1048 473 1275 544 proinde
1309 475 1362 527 in
1398 481 1545 529 statu
1568 483 1782 530 natura:
1813 491 2046 530 consen-

467 578 630 622 taneo
665 575 975 630 manentes,
1033 566 1087 619 in
1137 565 1341 619 virtute
1379 581 1574 621 sumus
1608 585 1620 621 :
1657 568 1725 622 ab
1762 583 1828 622 eo
1867 575 2048 620 autem

456 667 626 722 statu,
651 658 754 712 hoc
786 665 872 712 est
899 671 927 710 a
951 657 1155 711 virtute
1174 655 1548 719 deﬂectentes,
1590 657 1644 712 in
1699 657 1752 713 id
1782 656 1926 728 quod
1951 671 2049 711 na-

455 758 593 804 tura:
619 757 887 820 repugnat
916 748 1223 818 vitiumque
1254 749 1514 806 labimur.

526 863 689 932 200
711 861 1042 917 Poenitentia
1082 869 1167 916 est
1205 862 1273 917 ab
1319 877 1387 918 eo
1413 863 1562 932 quod
1613 872 1825 919 natura:
1853 864 2048 920 adver-

455 965 631 1020 satur,
659 955 725 1008 ad
777 955 829 1008 id
889 953 1037 1023 quod
1083 953 1188 1023 ipsi
1249 955 1582 1009 conveniens
1631 963 1738 1019 est,
1803 965 1965 1026 atque
2017 971 2047 1021 ξι

455 1049 676 1103 diabolo
698 1046 766 1100 ad
799 1046 989 1111 Deum,
1020 1059 1118 1115 per
1155 1045 1257 1115 piae
1277 1047 1400 1100 vitae
1423 1045 1689 1112 studium,
1724 1047 2048 1117 laboresque

455 1154 752 1209 regressro.

532 1250 706 1304 Homo
752 1249 1020 1304 masculus
1052 1250 1319 1304 conditus.
1357 1280 1427 1288 ——
1449 1249 1609 1305 llunc
1648 1251 1836 1322 itaque
1869 1253 2049 1308 homi-

455 1357 576 1395 nem
603 1357 850 1396 summus
878 1342 967 1394 ille
995 1339 1191 1412 Opifex
1227 1343 1531 1396 masculum
1583 1343 1846 1406 condidit,
1901 1345 2046 1399 divi-

454 1448 580 1486 nam
616 1433 664 1488 ei
707 1435 938 1503 gratiam
971 1448 1127 1495 suam
1177 1434 1520 1503 impertiens,
1555 1450 1723 1504 seque
1775 1450 1872 1505 per
1925 1452 2043 1492 eam

461 1525 568 1594 ipsi
605 1525 1023 1581 comniunicans
1057 1542 1070 1578 :
1103 1541 1212 1594 quo
1263 1525 1466 1580 factum
1499 1536 1603 1590 est,
1647 1534 1706 1580 ut
1739 1527 1792 1580 in
1839 1543 2044 1583 morem

452 1616 750 1686 prophetae,
785 1617 1182 1680 animantibus,
1223 1618 1393 1672 veluti
1427 1619 1716 1688 mancipiis
1740 1619 1844 1672 sibi
1882 1620 2046 1686 datis,

2155 473 2296 526 κατὰ
2325 473 2509 541 φύσιν,
2539 476 2596 526 ὲν
2625 477 2690 545 τῇ
2727 477 2895 546 ἀρετῇ
2928 477 3096 547 ἐσμεν
3135 493 3147 506 '
3174 477 3518 542 ἐκκλίνοντες
3552 479 3611 532 δὲ
3637 481 3742 533 τοῦ

2153 562 2294 616 κατὰ
2323 562 2504 632 φύσιν,
2530 565 2698 635 ἤγουν
2720 565 2786 619 ἐκ
2809 567 2906 637 τῆς
2939 567 3162 639 ἀρετῆς,
3194 570 3276 633 είς
3295 569 3356 623 τὸ
3383 571 3537 640 παρὰ
3569 571 3746 640 φύσιν

2151 655 2449 725 ἐρχόμεθα,
2479 657 2571 710 καὶ
2618 659 2677 710 ἐν
2721 660 2786 729 τῇ
2829 660 2996 731 κακίᾳ
3025 659 3307 730 γινόμεθα.

2136 893 2142 899 -
2221 859 2497 934 Μετάνοιά
2520 862 2665 913 ἐστιν
2691 861 2756 913 ὲκ
2785 859 2880 913 τοῦ
2903 858 3056 932 παρὰ
3083 859 3245 930 φύσιν
3267 861 3348 923 εἰς
3375 860 3434 914 τὸ
3462 862 3604 915 κατὰ
3635 865 3744 932 cpti-

2152 969 2255 1016 σιν,
2287 953 2380 1005 καὶ
2401 953 2467 1006 ὲκ
2496 951 2588 1005 τοῦ
2615 952 2864 1006 διαϐόλου
2895 953 3034 1023 πρὸς
3062 953 3155 1006 τὸν
3181 952 3314 1007 Θεὸν
3353 954 3637 1016 ἐπάνοδος,
3664 956 3744 1008 δι’

2151 1045 2444 1115 ἀσκήσεως
2474 1045 2566 1098 καὶ
2595 1045 2798 1100 πόνων.

2221 1251 2423 1305 Τοῦτον
2444 1250 2625 1304 τοίνυν
2647 1249 2737 1304 τὸν
2771 1249 3058 1322 ἄνθρωπον
3081 1249 3110 1302 ὁ
3150 1249 3494 1320 Δημιουργδς
3523 1251 3742 1322 ἄρρενα

2149 1342 2544 1407 κατεσκεύασε,
2579 1342 2844 1413 μεταδοὺς
2872 1341 3024 1410 αὑτῷ
3051 1341 3152 1411 τῆς
3200 1341 3396 1395 ἑαυτοῦ
3433 1341 3585 1405 θείας
3625 1345 3739 1413 χά-

2153 1455 2319 1510 ριτος,
2349 1437 2444 1491 καὶ
2503 1439 2560 1490 ὲν
2607 1435 2864 1506 κοινωνίᾳ
2918 1435 3114 1490 ἑαυτοῦ
3168 1435 3257 1488 διὰ
3305 1433 3514 1504 ταύτης
3563 1437 3739 1489 αὑτὸν

2149 1529 2519 1600 ποιησάμενος
2559 1543 2572 1557 ·
2604 1527 2726 1581 ὅθεν
2773 1528 2867 1580 καὶ
2920 1527 3022 1596 τὴν
3074 1525 3182 1580 τῶν
3234 1525 3390 1590 ζώων
3430 1527 3739 1596 ὀνομασίαν

2149 1620 2526 1693 προφητικῶς,
2555 1620 2632 1683 ὡς
2663 1618 2863 1672 δούλων
2893 1616 3044 1687 αὐτῷ
3081 1616 3370 1680 δοθέντων,
3391 1615 3742 1679 δεσποτικῶς

451 1709 608 1765 herili
645 1710 876 1780 quadam
912 1711 1240 1765 auctoritate
1266 1711 1486 1764 nomina
1541 1712 1880 1780 imposuerit.
1915 1714 2024 1766 Nan

2151 1714 2467 1784 ἐποιήσατο.
2513 1712 2650 1766 Κατ’
2704 1711 2888 1764 εἰκόνα
2938 1710 3047 1780 γὰρ
3082 1707 3216 1762 Θεοῦ
3265 1707 3482 1776 λογικός
3516 1725 3597 1771 τε,
3632 1709 3742 1760 καὶ

449 1816 571 1854 cum
597 1800 663 1854 ad
710 1801 1000 1871 imaginem
1059 1800 1154 1855 Dei
1187 1802 1444 1856 conditus
1491 1810 1656 1864 esset,
1705 1810 1764 1855 ut
1800 1803 2036 1870 ratione,

455 1893 834 1962 intelligentia,
859 1904 911 1949 et
940 1893 1155 1948 arbitrii
1225 1894 1476 1948 libertate
1534 1893 1781 1963 polleret,
1843 1894 2040 1948 merito

451 1985 680 2052 proinde
713 1985 814 2054 ipsi
846 2001 1026 2039 rerum
1049 1986 1292 2040 omnium
1323 1992 1663 2039 terrenarum
1694 1985 2038 2054 principatus

449 2095 478 2129 ει
509 2078 786 2131 communi
819 2077 1064 2132 omnium
1104 2077 1311 2148 Opifiee
1333 2089 1387 2133 et
1422 2077 1651 2132 Domino
1679 2078 2034 2134 concreditus

449 2181 552 2224 est.

517 2279 923 2349 Creatofemina
957 2281 1028 2334 ad
1050 2281 1266 2335 humani
1317 2283 1522 2352 generis
1574 2292 1741 2337 morte
1787 2281 2033 2336 damnati

449 2371 686 2440 futuram
737 2375 1191 2448 propagationem.
1223 2402 1291 2413 --
1327 2371 1600 2440 Quoniam
1659 2383 1841 2432 autem
1895 2372 2040 2430 Deus

453 2464 797 2532 praescieutia
838 2480 939 2520 sua
987 2476 1236 2529 noverat,
1295 2465 1433 2530 fore,
1475 2473 1534 2520 ut
1593 2467 1684 2522 ille
1729 2467 2038 2536 impositam

454 2553 560 2608 sibi
585 2554 754 2626 legem
776 2555 1024 2624 violaret,
1042 2564 1207 2626 atque
1228 2558 1282 2610 in
1305 2557 1714 2628 corruptionem
1741 2559 2040 2616 laberetur.

452 2636 666 2700 idcirco
694 2647 949 2702 feminam
1001 2648 1102 2717 ipsi
1157 2649 1418 2715 similem,
1478 2649 1915 2720 adjutricemque
1971 2665 2038 2705 ex

449 2737 574 2808 ipso
642 2741 980 2810 procreavit:
1043 2739 1389 2809 adiutricem,
1445 2741 1706 2811 inquam,
1751 2751 1809 2795 ut
1863 2755 2036 2811 genus

449 2829 746 2883 humanum
788 2846 884 2900 per
916 2831 1324 2901 generationem
1361 2832 1517 2901 201
1548 2848 1614 2886 ex
1676 2833 2032 2888 successione

447 2929 892 2975 conservaretur.
946 2920 1155 2974 Etenim
1185 2921 1362 2990 prima
1393 2921 1651 2976 formatio
1683 2920 1897 2976 factura
1945 2922 2030 2977 di-

2149 1805 2354 1876 νοερδς,
2390 1803 2485 1856 καὶ
2519 1800 2867 1869 αὑτεξούσιος
2892 1802 3204 1871 γενόμενος,
3237 1800 3462 1863 εἰκότως
3492 1800 3592 1870 τὴν
3617 1799 3741 1852 τῶν

2147 1897 2410 1966 ἐπιγείων
2445 1895 2621 1967 ἀρχὴν
2653 1893 3020 1965 ἐνεχειρίζετο
3063 1891 3169 1946 ὑπὸ
3201 1889 3300 1944 τοῦ
3341 1889 3523 1944 κοινοῦ
3548 1892 3739 1944 ἁπάν-

2143 2009 2252 2045 των
2281 1986 2625 2062 Δημιουργοῦ
2654 2003 2715 2040 τε
2743 1987 2838 2041 καὶ
2864 1984 3160 2038 Δεσπότου.

2214 2277 2386 2342 Εἰδὼς
2416 2277 2472 2331 δὲ
2520 2277 2549 2330 δ
2591 2276 2949 2348 προγνὼστης
2982 2275 3092 2346 (99)
3119 2275 3253 2339 Θεὸς
3276 2314 3290 2340 ,
3323 2275 3401 2339 ὡς
3439 2277 3496 2330 ἐν
3539 2293 3740 2348 παρει-

2141 2371 2299 2426 σάσει
2331 2372 2639 2440 γενήσεται,
2671 2369 2766 2422 καὶ
2786 2371 2850 2440 τῇ
2881 2367 3057 2439 φθορᾷ
3079 2366 3743 2438 ὑποκείσεται,ὲποίησεν

2142 2463 2202 2528 ἐξ
2233 2462 2398 2516 αὑτοῦ
2431 2461 2588 2531 θῆλυ,
2617 2460 2811 2532 βοηθὸν
2839 2459 2986 2530 αὑτῷ
3018 2459 3140 2514 κατ’
3178 2459 3341 2512 αὐτόν
3371 2475 3386 2490 ·
3419 2459 3608 2529 βοηθὸν
3637 2459 3738 2524 δὲ,

2143 2547 2282 2626 πρὸς
2323 2553 2424 2624 τὴν
2463 2553 2552 2607 διὰ
2591 2555 2901 2624 γεννήσεως
2941 2551 3084 2622 μετὰ
3113 2551 3212 2623 τὴν
3267 2551 3577 2622 παράϐασιν
3621 2553 3742 2612 τοῦ

2144 2647 2335 2715 γένους
2368 2647 2430 2699 ὲκ
2479 2645 2732 2716 διαδοχῆς
2774 2643 3055 2700 σύστασιν.
3105 2646 3168 2699 Ἡ
3197 2643 3306 2717 γὰρ
3356 2647 3540 2718 πρώτη
3576 2647 3740 2703 πλά-

2144 2756 2248 2801 σις,
2279 2739 2493 2808 γένεσις
2541 2737 2758 2807 λέγεται
2785 2777 2798 2800 ,
2827 2737 2922 2790 καὶ.
2965 2738 3026 2790 οὐ
3070 2738 3346 2806 γέννησις.
3369 2739 3586 2801 Γένεσις
3619 2739 3742 2807 μὲν

2141 2832 2250 2903 γάρ
2280 2833 2448 2893 ἐστιν,
2476 2833 2509 2902 ἡ
2540 2833 2606 2884 ὲκ
2629 2830 2764 2884 Θεοῦ
2801 2830 2992 2901 πρώτη
3028 2829 3226 2894 num;
3254 2846 3268 2862 .
3299 2830 3547 2899 γέννησις
3569 2830 3650 2895 δὲ,
3695 2835 3738 2905 ἡ

2140 2923 2206 2975 ὲκ
2259 2921 2557 2993 καταδίκης
2600 2920 2692 2974 τοῦ
2728 2919 2992 2987 θανάτου,
3025 2922 3112 2976 διὰ
3159 2923 3258 2992 τὴν
3301 2920 3614 2993 παράϐασιν
3664 2927 3740 2991 ἐξ

447 3011 614 3074 citur,
647 3027 752 3065 non
782 3013 1086 3082 generatio.
1115 3011 1348 3067 Factura
1395 3013 1541 3066 enim
1595 3022 1683 3066 est
1717 3012 1890 3083 prima
1940 3027 2024 3079 ea,

2135 3013 2386 3084 ἀλλήλων
2414 3013 2659 3083 διαδοχή.

447 3118 568 3176 qua-
601 3100 708 3157 Deo
735 3110 960 3157 auctore
1000 3103 1235 3168 exstitit,
1277 3104 1514 3160 hominis
1567 3101 1845 3158 formatio.
1903 3102 2194 3162 Generatio
2233 3115 2438 3171 autem,
2475 3105 2762 3160 successio
2793 3113 2899 3170 est,
2930 3119 3038 3176 qua
3079 3105 3151 3160 ob
3172 3107 3367 3163 mortis
3395 3109 3736 3166 sententiam

447 3197 544 3251 alii
568 3212 635 3251 ex
658 3197 782 3251 aliis
799 3212 1186 3268 propagamur.

515 3309 675 3364 Hunc
708 3323 877 3378 porro
927 3308 1071 3364 Deus
1107 3309 1150 3340 ⁸³
1204 3310 1259 3364 in
1307 3311 1570 3380 paradiso
1612 3321 1720 3368 tam
1771 3315 2032 3388 spiritali,

515 3485 561 3518 ³⁸
588 3484 750 3556 Nyss.
778 3485 856 3540 De
909 3486 1039 3555 opif.
1082 3501 1204 3558 cap.
1237 3487 1330 3543 20.

2215 3311 2417 3366 Τοῦτον
2441 3311 2592 3365 ἔθετο
2613 3313 2672 3366 ὲν
2697 3285 2776 3383 τῷ
2811 3315 3150 3387 παραδείσῳ,
3204 3316 3283 3387 τῷ
3319 3335 3378 3372 τε
3415 3318 3589 3388 νοητῷ
3623 3323 3740 3373 καί

1950 3617 2188 3676 ΝΟΤΙΕ.

439 3720 692 3789 ignorans
745 3716 961 3789 fecerat.
1009 3716 1169 3774 Unde
1211 3715 1502 3781 Petavius,
1533 3716 1656 3789 lib.‘
1682 3729 1914 3789 rx,geap.
1952 3717 2004 3789 5,

447 3785 736 3858 postquam
785 3786 1141 3858 Vasquesium
1187 3797 1241 3842 et
1291 3789 1452 3851 alios,
1503 3788 1597 3858 qui
1645 3785 1904 3858 homines,
1943 3787 2008 3840 ad

439 3855 676 3922 trimam
731 3855 960 3928 gratiam
1023 3858 1092 3912 ob
1149 3873 1435 3912 assensum
1493 3855 1742 3928 futurum
1782 3855 1907 3928 eligi
1944 3872 2008 3911 ex

429 3926 836 3997 ‘Chrysostoino
879 3929 1198 3993 intulerant,
1227 3929 1348 3982 ideo
1377 3926 1698 3991 confutavit,
1725 3926 1853 3994 quia
1883 3941 2016 3997 san-

443 3996 569 4051 ctus
592 3997 788 4052 doctor
823 3999 874 4051 in
912 4014 1037 4068 cap.
1071 4013 1125 4050 ix
1160 4000 1226 4068 ad
1261 3997 1419 4051 Rom.
1459 3997 1704 4068 adnotet,
1726 4010 1883 4068 vasa_
1908 3996 2015 4068 ele-

443 4068 648 4121 ctionis
680 4069 963 4132 constitui,
984 4064 1054 4122 eo
1079 4067 1227 4136 quod
1257 4069 1396 4122 Deus
1421 4074 1531 4120 tam
1570 4065 1704 4120 illud
1735 4064 2017 4134 provideat

441 4136 588 4206 quod
643 4137 887 4207 ipsorum
931 4139 1213 4191 voluntate
1265 4136 1554 4192 confertur
1589 4148 1801 4207 ,_-quam
1861 4149 2014 4189 suam

429 4204 680 4277 gratiam
712 4223 818 4274 qua
856 4207 979 4262 illos
1009 4208 1256 4277 adjuvat,
1287 4215 1347 4259 ut
1381 4205 1738 4277 perpusillum
1772 4204 2015 4277 ipsorum

442 4274 705 4330 voluntati
737 4284 790 4329 et
813 4276 1188 4339 consensioni,
1219 4274 1394 4330 totum
1443 4275 1631 4344 gratiae
1665 4274 1976 4344 ascribatur
1997 4313 2012 4337 ,

2117 3717 2302 3800 ctione
2338 3715 2439 3800 viri
2490 3730 2615 3800 cum
2662 3729 2833 3797 uxore
2880 3719 3427 3800 pr0pagaretur;_lta
3479 3735 3730 3800 censent

2120 3787 2265 3862 inter
2303 3786 2442 3862 alios
2486 3785 2823 3862 Mhanasi‘us
2883 3785 2954 3862 in_
2985 3785 3134 3862 psal.
3159 3805 3243 3862 1._;
3282 3789 3727 3862 Chrysostomus

2122 3857 2272 3929 hom.
2310 3855 2379 3929 l8
2410 3859 2464 3929 in
2501 3854 2677 3923 Gem;
2711 3853 2872 3929 Nyss.
2917 3853 3000 3912 De
3023 3860 3150 3929 opif.
3199 3853 3338 3913 hom.
3391 3853 3526 3926 Quia
3573 3878 3726 3919 vero

2124 3925 2269 3980 Deus
2309 3926 2586 3981 hominem
2624 3925 2843 3982 nonnisi
2881 3925 3119 3984 muliere
3155 3925 3429 3986 suadente
3452 3929 3724 3988 defectu-

2125 4011 2245 4070 rmn
2293 3997 2585 4070 praescivit,
2623 3996 2866 4070 inquirat
2901 4000 3092 4061 lector,
3125 4001 3351 4070 quinam
3388 4001 3576 4056 isthrec
3607 4017 3724 4056 co-

2127 4066 2392 4138 haereant.
2419 4065 2584 4120 Planc
2607 4065 2865 4138 doctores
2914 4065 3292 4138 antiqui,cum
3349 4085 3380 4124 a
3415 4072 3572 4124 novis
3607 4072 3726 4128 do-

2123 4135 2320 4191 ctrinis
2354 4143 2633 4206 caverent,
2670 4135 3063 4206 majorumque’
3084 4141 3280 4206 placita
3328 4141 3722 4198 venerabundi

2123 4204 2783 4278 colligerent,dtsdara_r_a,
2809 4215 2862 4260 et
2893 4204 3410 4278 seetinrpugnantia
3451 4212 3724 4278 quando-

2125 4290 2232 4343 que
2266 4276 2645 4346 iscripserunt.
2689 4275 2756 4330 Ut
2785 4291 2934 4346 vero
2975 4277 3043 4332 de
3077 4275 3482 4346 conj'unctione'
3505 4279 3608 4332 viri
3651 4293 3720 4338 et

441 4346 758 4418 subjungit:
787 4344 888 4418 Sed
912 4361 1002 4418 nec
1023 4346 1091 4398 ad
1117 4361 1251 4418 eam,
1271 4362 1427 4412 quam
1452 4343 1644 4398 uocant
1672 4343 2015 4418 conditiona-
2047 4363 2090 4418 υ
2121 4343 2755 4418 uxorisitasentirent,
2779 4345 2834 4399 in
2870 4346 3065 4418 primis
3102 4343 3328 4402 adducti
3359 4356 3518 4408 sunt.
3549 4356 3716 4418 quod

439 4412 579 4486 tam,
609 4412 888 4469 scientiam
949 4417 1067 4486 licet
1102 4417 1692 4486 confugere,rtanquam
1731 4413 1874 4466 haud
1919 4412 2014 4467 ab-

437 4485 612 4539 solute
631 4486 872 4554 futurum
909 4485 1155 4553 affectum
1183 4485 1319 4538 hunc
1345 4485 1511 4538 animi
1555 4485 1843 4552 meritaque
1870 4498 2012 4554 prce-1

435 4552 819 4618 uiderit—Deus,
843 4555 933 4610 sed
961 4552 1048 4608 ita
1081 4556 1286 4609 demum
1312 4595 1326 4619 ,
1357 4557 1405 4608 si
1450 4555 1800 4608 necessariam
1854 4553 1923 4606 ad
1959 4552 2013 4605 id

437 4641 584 4695 opem
611 4625 844 4694 conferre
872 4627 1172 4680 decreverit.
1200 4624 1406 4678 Etenim
1452 4622 1860 4695 Chrysostomus
1881 4622 2014 4695 πρό-

435 4693 652 4765 γνωσιν,
685 4693 1068 4762 ρνίεδεὶεηιὶαηι
1088 4695 1369 4765 ejusmodi,
1394 4709 1458 4765 ea:
1480 4710 1583 4765 qua
1601 4694 1783 4765 oritur
1801 4693 2012 4756 electio,

437 4762 736 4818 absolutam
768 4781 878 4820 esse
917 4762 1206 4835 signiﬁcat,
1237 4781 1324 4835 ac,
1361 4764 1434 4817 rei
1469 4762 1640 4835 haud_
1655 4763 1813 4835 aliter
1853 4779 2010 4832 quam

429 4835 706 4905 praesentis
735 4830 1137 4905 exsisteuiisque
1171 4833 1438 4896 notitiam,
1468 4830 1844 4905 etc.ATand_em
1865 4830 2010 4905 con-

437 4900 642 4958 eludit:
679 4903 851 4973 Igitur
885 4900 1130 4958 absoluta
1155 4914 1230 4957 est
1260 4905 1364 4957 ista
1402 4903 1766 4973 cognitio,_cui
1793 4900 2012 4973 res__ab-

433 4973 606 5026 solute
631 4969 838 5043 latura,
865 4984 914 5029 et
952 4975 1112 5028 veluti
1144 4974 1265 5043 jam
1307 4969 1537 5041 prwséns
1581 4969 2010 5043 obiicitur-allatae

435 5039 721 5097 confirmat
745 5042 1116 5099 Damasceuus
1144 5039 1288 5098 infra
1309 5039 1414 5098 lib.
1453 5058 1527 5108 IV,
1559 5057 1610 5096 c.
1641 5041 1736 5104 22,
1767 5049 1822 5097 et
1859 5039 2006 5095 Dial.

435 5123 580 5166 cont.
629 5111 864 5167 Manich.
897 5111 1148 5170 Cahon'es
1194 5112 1583 5168 Africanorum
1625 5119 1820 5165 contra
1859 5109 2011 5166 Pela-

429 5183 625 5252 gianos
687 5181 1096 5254 amplectuntur
1161 5182 1469 5238 Orientales
1500 5221 1515 5246 ,
1549 5188 1607 5235 ut
1655 5181 1859 5254 _vi_dere
1923 5187 2008 5234 est

433 5250 561 5306 can.
587 5255 640 5324 2_
667 5250 860 5324 synodi
895 5252 1204 5324 Tgrullanm,
1236 5268 1337 5308 nec
1377 5267 1485 5324 non
1525 5250 1671 5322 apud
1724 5251 2007 5308 Balsamo-

431 5335 583 5387 nem,
605 5321 901 5389 Zonaram,
933 5322 1254 5386 Blastarem,
1288 5330 1342 5375 et
1371 5322 1530 5378 alios.

505 5391 615 5460 (99)
655 5391 844 5460 Εἰδὼς
890 5392 958 5446 δὲ
987 5397 1020 5448 ό
1053 5391 1464 5462 προγνώστῃς.
1510 5390 1775 5458 Quoniam
1823 5397 2002 5443 autem

430 5459 596 5523 Deus,
625 5472 734 5516 etc.
758 5459 1058 5518 Commune
1094 5459 1318 5518 hoc-est
1357 5460 1676 5522 Graecorum
1707 5469 2004 5524 assertum,

433 5530 601 5583 Deum
663 5531 872 5586 idcirco
924 5533 1206 5589 mulierem
1248 5531 1602 5598 condidisse,
1652 5532 1779 5600 quia
1831 5545 2006 5599 genus

429 5601 748 5672 humanum,
767 5601 968 5672 inflicta
1004 5615 1223 5672 propter
1247 5602 1454 5672 Adami
1483 5610 1766 5672 peccatum
1797 5608 2001 5672 morte,

424 5670 836 5738 quamprimum
870 5670 1118 5729 deletum
1150 5672 1216 5726 iri
1261 5670 1605 5737 prreviderat,
1637 5671 1741 5727 nisi
1770 5671 2005 5739 conjun-

2118 4415 2258 4467 citra
2307 4413 2629 4484 libidinem,
2671 4417 2832 4484 cujus
2872 4413 3042 4470 Adam
3093 4418 3358 4472 immunis
3407 4413 3715 4482 emneatu

2117 4499 2226 4536 non
2262 4498 2424 4552 posse
2455 4483 2572 4537 fieri
2606 4492 2866 4552 putarent
2895 4500 2909 4536 :
2934 4485 3184 4554 quinimo
3225 4495 3403 4541 ratum
3432 4489 3718 4545 haberent

2115 4553 2338 4606 nonnisi
2373 4562 2601 4622 peccato
2644 4569 2765 4608 eam
2793 4553 3088 4610 exarsisse.
3127 4554 3282 4610 Unde
3311 4557 3461 4611 inter
3488 4555 3716 4611 Massa-

2114 4623 2390 4695 lianorum
2430 4639 2654 4695 errores
2697 4625 2788 4695 hic
2821 4625 3107 4689 recitatur,
3141 4625 3279 4695 quod
3329 4626 3596 4680 Adamum
3645 4630 3714 4682 in

2111 4693 2365 4765 paradiso
2415 4693 2560 4765 nullo
2595 4693 2830 4749 libidinis
2870 4705 3004 4765 cestu
3051 4693 3386 4765 congressum
3425 4696 3712 4753 dicerent.

2111 4760 2382 4818 Οιειετιιιη
2439 4762 2720 4832 Nyssenus
2769 4774 2825 4820 et
2875 4763 3078 4819 Noster
3133 4760 3447 4821 concedunt
3503 4765 3715 4824 modos

2111 4832 2399 4904 alios/Deo
2437 4831 2547 4887 nan
2584 4831 2830 4904 defuisse
2883 4835 3136 4889 humanm
3181 4835 3385 4904 speciei
3413 4835 3714 4902 'multipli-

2111 4901 2320 4976 caudae,
2336 4905 2382 4955 si
2404 4903 2743 4976 innocentia:_
2756 4912 2942 4976 status
2967 4901 3262 4976 mansisset
3285 4920 3312 4976 ;_
3325 4906 3474 4976 velut
3497 4901 3713 4976 nempe

2110 4971 2430 5042 angelorum
2488 4972 2894 5042 multitudinem
2956 4975 3234 5042 produxit.
3297 4974 3377 5027 lta
3440 4971 3710 5030 futuru'm

2111 5038 2282 5113 fuisse
2311 5042 2648 5113 Athanasius
2686 5041 2863 5098 Minor
2911 5038 3124 5107 censet,
3156 5051 3354 5113 quaest.
3388 5044 3457 5099 50
3485 5045 3554 5098 ad
3588 5046 3713 5100 An-

2109 5110 2353 5183 tiochum
2375 5126 2389 5161 :
2411 5111 2697 5180 subiungit
2733 5123 2914 5168 tamen
2941 5110 3208 5183 quosdam
3231 5115 3522 5179 aestimare,
3555 5118 3711 5183 quod

2108 5195 2227 5233 cum
2261 5180 2400 5234 Deus
2456 5197 2657 5235 marem
2706 5180 3058 5252 feminamque
3107 5183 3436 5245 condiderit,
3468 5180 3590 5237 hinc
3635 5187 3712 5238 h-

2107 5259 2263 5318 queat
2313 5265 2430 5303 eum
2471 5251 2698 5321 uoluisse
2721 5252 2810 5305 διὰ
2864 5251 3336 5321 σπερματοποιῖας
3358 5293 3372 5316 ,
3399 5254 3710 5306 humanum

2105 5335 2268 5387 genus
2307 5319 2610 5385 constitui,
2651 5338 2810 5393 neque
2853 5322 2906 5393 id
2954 5319 3072 5391 ﬁeri
3110 5323 3215 5393 ora
3256 5323 3714 5393 napaxoﬁg,_per

2105 5399 2380 5457 peccatum
2408 5428 2424 5452 ,
2450 5406 2540 5443 seu
2570 5407 2688 5444 cum
2739 5391 2990 5456 libidine,
3023 5392 3117 5446 sed
3159 5408 3278 5446 cum
3315 5391 3530 5447 honore.
3577 5391 3708 5449 Hoc

2105 5461 2635 5532 approbatsanctus
2655 5459 2938 5517 Thomas!
2971 5471 3109 5530 part.
3144 5473 3343 5532 quaest.
3376 5461 3660 5532 98,art._2
3687 5478 3706 5528 ;

2109 5527 2220 5581 imo
2259 5527 2463 5583 Marius
2506 5529 2780 5585 Mercator
2835 5532 2890 5585 in
2930 5527 3420 5586 subnota'tionibus
3470 5531 3542 5584 ad
3589 5527 3709 5585 Ju+

2107 5597 2239 5651 liani
2274 5599 2536 5670 capitula,
2565 5608 2621 5655 et
2645 5600 3010 5670 Augustinus,
3042 5603 3138 5659 lib.
3172 5601 3249 5658 De
3291 5611 3437 5669 nupt.
3468 5610 3518 5655 et
3563 5617 3710 5656 con-

2106 5683 2226 5736 cup.
2261 5682 2384 5738 cap.
2427 5668 2515 5736 15,
2543 5677 2594 5724 et
2624 5668 2778 5726 alibi.
