3950 6304
271 393 381 459 911
1086 402 1093 409 ο
1336 390 1433 449 DE
1468 390 1641 448 FIDE
1671 387 2135 447 on'ruoooxa
2165 390 2311 450 LIB.
2338 392 2419 450 ιι.
3417 394 3523 456 9n

259 506 344 577 τῷ
366 504 610 575 αἰσθητῷ
635 521 647 534 ο
679 503 737 556 ὲν
768 503 867 572 μὲν
893 500 1001 571 γὰρ
1025 499 1104 570 τῷ
1144 499 1398 572 αἰσθητῷ·
1417 501 1509 553 ἐπὶ
1530 501 1633 570 γῆς
1661 510 1689 537 ιι
1726 516 1830 552 σω-

1956 514 2096 567 luam
2121 516 2388 571 corporeo
2409 507 2736 561 collocarat:
2759 506 3025 577 siquidem
3052 506 3104 559 in
3131 521 3415 576 corporeo,
3433 510 3525 576 qui

266 594 518 667 ματικῶς
573 592 951 662 διαιτώμενος,
982 590 1233 660 ψυχικῶς
1276 593 1388 654 τοῖς
1438 590 1696 659 ἀγγέλοις
1720 606 1849 642 συν-

1956 593 2008 646 in
2042 601 2185 648 terra
2211 604 2348 661 erat,
2405 606 2669 666 quantum
2707 599 2773 652 ad
2804 614 3002 667 corpus
3032 599 3255 667 degens,
3309 598 3531 667 spirita-

262 687 653 757 ἀνεστρέφετο,
716 684 867 746 θείας
895 683 1158 754 γεωργῶν
1200 682 1429 745 ἑννοίας,
1485 683 1580 734 καὶ⁸
1621 681 1851 744 ταύταις

1956 681 2077 735 liter
2114 698 2238 738 cum
2279 686 2486 756 angelis
2520 688 2867 753 versabatur,
2908 688 3122 744 divinas
3155 691 3521 759 cogitationes

265 776 602 848 τρεφόμενος
627 792 641 806 ·
671 773 875 845 γυμνὸς
898 776 963 844 τῇ
993 773 1275 843 ἁπλότητι,
1299 773 1392 825 καὶ
1409 772 1519 842 ζωῇ
1544 773 1609 843 τῇ
1631 772 1843 842 ἀτέχνῳ

266 868 407 940 πρὸς
432 867 592 937 μόνον
612 866 703 920 τὸν
729 865 1073 935 Δημιουργδν
1092 864 1189 917 διά
1235 864 1344 916 τῶν
1374 863 1694 932 κτισμάτων
1720 865 1853 917 ἀνα-

263 959 523 1029 γόμενος,
545 957 643 1012 καὶ
682 959 744 1025 τῇ
772 957 938 1010 αὐτοῦ
964 955 1169 1028 θεωρίᾳ
1196 954 1586 1026 ὲνηδυνόμενός
1620 970 1704 1019 τε,
1756 954 1850 1007 καὶ

267 1049 706 1121 εὐφραινόμενος
737 1065 780 1103 θ.

356 1140 577 1211 Ἐπειδὴ
600 1138 781 1193 τοίνυν
818 1138 981 1192 αὐτὸν
1012 1138 1346 1209 αύτεξουσίῳ
1390 1140 1658 1210 θελήματι
1694 1156 1850 1208 φυσι-

269 1232 384 1295 κῶς
409 1232 813 1301 κατεκόσμησε,
847 1229 1030 1283 δίδωσι
1062 1231 1224 1299 νόμον
1257 1231 1425 1301 αὐτῷ,
1453 1232 1526 1303 μὴ
1548 1231 1848 1300 γεύσασθαι

268 1321 368 1375 τοῦ
399 1322 558 1388 ξύλου
598 1321 698 1390 τῆς
736 1319 1013 1387 γνώσεως.
1060 1320 1197 1391 Περὶ
1224 1315 1283 1374 οῦ
1352 1320 1509 1384 ξύλου
1558 1320 1849 1390 αύταρκῶς

269 1416 334 1466 ὲν
348 1413 426 1483 τῷ
453 1413 581 1482 περὶ
606 1410 943 1483 παραδείσου
981 1410 1282 1480 κεφαλαίῳ,
1328 1410 1469 1463 κατά
1495 1426 1559 1477 γε
1590 1410 1688 1481 τὴν
1711 1412 1849 1479 ήμε-

269 1504 444 1575 τέραν
469 1504 773 1574 εἰρήκαμεν
795 1501 1046 1571 δύναμιν.
1081 1500 1298 1572 Ταύτην
1332 1500 1431 1570 τὴν
1456 1501 1674 1570 ἐντολὴν
1701 1502 1850 1573 αὐτῷ

271 1594 511 1654 δίδωσιν,
534 1592 1024 1661 ἐπαγγειλάμενος,
1075 1592 1152 1654 ὡς
1202 1593 1250 1644 εί
1288 1591 1387 1660 μὲν
1411 1591 1637 1661 φυλάξοι
1667 1592 1726 1644 τὸ
1752 1593 1850 1662 τῆς

272 1684 452 1754 ψυχῆς
501 1682 737 1753 ἀξίωμα,
802 1681 879 1752 τῷ
921 1681 1066 1752 λόγῳ
1124 1681 1221 1752 τήν
1263 1682 1421 1752 νίκην
1486 1682 1680 1744 διδοὺς,
1729 1683 1849 1733 ἐπι-

284 1772 574 1843 γινώσκων
635 1772 729 1827 τὸν
750 1773 1034 1837 κτίσαντα,
1089 1773 1184 1826 καὶ
1240 1773 1434 1826 τούτου
1468 1772 1757 1843 φυλάττων
1787 1773 1849 1825 τὸ

1952 774 2231 838 excolens,
2264 777 2467 846 quibus
2484 778 2768 834 alebatur:
2798 780 2978 835 nudus
3006 781 3075 835 ob
3098 781 3527 850 simplicitatem,

1950 864 2230 937 vitamque
2279 869 2507 924 minime
2536 870 2795 936 fucatam,
2834 879 2997 941 atque
3026 871 3091 924 ad
3152 872 3328 927 solum
3372 886 3531 925 crea-

1951 960 2122 1009 torem
2149 970 2247 1025 per
2269 972 2356 1013 res
2390 957 2460 1012 ab
2482 972 2547 1013 eo
2572 957 2823 1013 conditas
2844 974 3159 1028 assurgens,
3192 960 3366 1029 ipsius
3397 976 3530 1014 con-

1951 1044 2321 1113 templationis
2349 1047 2627 1117 voluptate
2651 1046 3051 1117 iucundissime
3079 1047 3387 1101 fruebatur.

2025 1135 2267 1193 Hominis
2292 1139 2344 1191 in
2376 1126 2631 1206 paradiso
2676 1149 2847 1194 status
2875 1148 2925 1193 et
2956 1142 3133 1194 ruina.
3162 1170 3232 1179 —
3263 1139 3530 1205 Quoniam

1952 1228 2133 1298 itaque
2162 1229 2306 1284 Deus
2336 1245 2482 1297 eum,
2515 1240 2783 1300 quantum
2814 1233 2881 1286 ad
2911 1241 3162 1286 naturam
3194 1231 3267 1284 ita
3298 1245 3533 1285 exorna~

1951 1332 2124 1387 verat,
2158 1330 2216 1375 ut
2265 1322 2437 1377 libera
2474 1323 2756 1378 volunlate
2809 1323 3069 1393 prmditus
3100 1332 3267 1387 esset,
3318 1322 3458 1376 hanc
3482 1322 3531 1375 ei

1953 1411 2121 1479 legem
2146 1412 2350 1474 sanxit,
2379 1428 2447 1467 ne
2473 1413 2542 1467 de
2579 1413 2827 1468 scientia:
2861 1414 3005 1483 ligno
3039 1420 3319 1479 gustaret:
3342 1412 3405 1466 de
3425 1427 3533 1482 quo

1951 1501 2175 1568 quidem
2235 1501 2386 1571 ligno
2416 1503 2471 1555 in
2516 1504 2695 1571 capite
2762 1503 2829 1556 de
2862 1502 3119 1572 paradiso
3171 1517 3266 1570 pro
3311 1501 3532 1555 modulo

1951 1601 2140 1645 nostro
2169 1594 2303 1646 satis
2340 1593 2614 1647 diximus:
2647 1594 2747 1646 hoc
2781 1607 2945 1661 porro
2971 1592 3286 1647 mandatum
3320 1591 3367 1646 ei
3394 1607 3534 1660 pra:-

1952 1683 2244 1738 scribendo
2276 1684 2552 1753 pollicitus
2581 1693 2667 1738 est
2690 1684 2823 1748 fore,
2845 1692 2903 1737 ut
2926 1684 2970 1737 si
2998 1687 3192 1737 anima:
3210 1683 3531 1751 dignitatem

1953 1776 2025 1829 ita
2076 1776 2424 1837 custodisset,
2460 1782 2519 1828 ut
2550 1775 2832 1829 victoriam
2870 1775 3071 1829 rationi
3108 1775 3454 1835 conciliaret,
3479 1781 3535 1827 et
3634 1772 3643 1775 ’

220 1938 241 1953 ο
276 1866 630 1937 πρόσταγμα,
661 1864 761 1935 τῆς
789 1865 958 1919 ἀϊδίου
998 1864 1213 1935 μεθέξει
1267 1867 1691 1936 μακαριότητος,
1746 1868 1840 1920 καὶ

1956 1867 2132 1938 agnito
2160 1866 2447 1931 Creatore,
2470 1874 2799 1937 praeceptum
2824 1866 2944 1934 ejus
2975 1867 3315 1931 observaret,
3332 1876 3551 1921 aeterna~

276 1956 505 2026 ζήσεται
534 1959 613 2020 είς
650 1956 743 2009 τὸν
770 1956 962 2019 αἰῶνα,
997 1956 1260 2026 κρείττων
1279 1957 1509 2012 θανάτου
1533 1960 1842 2030 γενόμενος’

278 2048 329 2099 εί
361 2046 418 2099 δέ
440 2064 502 2115 γε
527 2049 621 2101 καὶ
657 2048 756 2119 τὴν
782 2047 963 2117 ψυχὴν
994 2049 1253 2114 ὑποτάξει
1301 2048 1379 2119 τῷ
1409 2049 1646 2119 σώματι,
1672 2050 1852 2103 καὶτὰ

277 2137 375 2191 τοῦ
408 2137 659 2207 σώματος
690 2140 1024 2211 προτιμήσει
1049 2140 1282 2211 τερπνὰ,
1317 2140 1414 2211 τὴν
1446 2142 1656 2194 οίκείαν
1685 2141 1852 2213 τιμὴν

278 2228 578 2297 ἀγνοήσας,
611 2229 708 2281 καὶ
736 2232 847 2292 τοῖς
883 2230 1136 2300 ἀνοήτοις
1171 2232 1567 2301 παρεικασθεὶς
1606 2233 1848 2303 κτήνεσι,

277 2314 375 2369 τοῦ
407 2316 769 2395 πεποιηκότος
803 2318 901 2389 τὴν
926 2318 1159 2389 ζεύγλην
1187 2320 1641 2390 ἀποσεισάμενος,
1675 2322 1769 2375 καὶ
1791 2321 1852 2373 τὸ

279 2396 613 2460 θεῖονάὐτοῦ
646 2407 892 2477 παριδὼν
920 2408 1222 2479 ἐπίταγμα,
1262 2409 1478 2480 Θανάτῳ
1510 2410 1660 2464 ἔσται
1688 2412 1854 2465 ὑπεύ-

281 2498 460 2561 θυνος,
492 2499 585 2552 καὶ
611 2498 806 2570 φθορᾷ,
850 2500 947 2554 καὶ
978 2500 1126 2571 πόνῳ
1181 2500 1718 2573 καθυποὸληθήσεται
1761 2504 1853 2557 τὸν

280 2587 632 2655 ταλαίπωρον
658 2590 833 2645 ἕλκων
866 2590 1002 2661 βίον.
1046 2592 1120 2645 Ού
1156 2591 1263 2663 γάρ
1288 2588 1355 2663 ἦν
1399 2592 1668 2657 λυσιτελὲς
1694 2595 1851 2648 ἀπεί-

287 2697 483 2749 ραστον
522 2681 601 2733 ἔτι
634 2684 991 2752 τυγχάνοντα,
1017 2685 1111 2737 καὶ
1141 2684 1401 2754 ἀδόκιμον
1434 2696 1482 2750 P,
1506 2686 1607 2755 τῆς
1637 2686 1853 2757 ἀφθαρ-

288 2770 409 2832 σίας
444 2774 652 2841 τυχεῖν,
701 2772 788 2825 ῖνα
829 2773 903 2844 μὴ
928 2776 1008 2837 είς
1050 2772 1222 2843 τῦφον
1265 2777 1484 2849 ἐμπέσῃ
1538 2777 1633 2829 καὶ⁸
1677 2781 1851 2849 κρῖμα

282 2859 379 2912 τοῦ
425 2860 676 2915 διαϐόλου
698 2879 712 2893 ⁸
771 2865 981 2930 ἐκεῖνος
1011 2866 1119 2937 γάρ
1167 2866 1255 2921 διὰ
1278 2868 1339 2922 τὸ
1382 2867 1681 2938 ἄφθαρτον,
1712 2871 1852 2941 μετὰ

283 2952 382 3022 τήν
431 2955 495 3005 ἐκ
547 2955 916 3026 προαιρέσεως
969 2957 1263 3026 ἔκπτωσιν,
1324 2960 1427 3030 τὴν
1479 2963 1537 3015 έν
1582 2962 1660 3033 τῷ
1697 2962 1852 3032 κακῴ

285 3045 697 3115 ἀμεταμέλητον
718 3046 865 3117 ἔσχε,
897 3050 990 3102 καὶ
1009 3050 1276 3121 ἄτρεπτον
1294 3053 1597 3122 παγιότητα
1620 3071 1634 3085 ·
1663 3053 1849 3125 ὥσπερ

286 3130 353 3187 αὖ
387 3136 549 3190 πάλιν
566 3138 659 3191 καὶ⁸
686 3138 735 3191 οἱ
770 3138 1016 3207 ἄγγελοι,
1052 3142 1189 3211 μετὰ
1225 3144 1323 3213 τὴν
1374 3146 1438 3198 ἐκ
1477 3146 1849 3216 προαιρέσεως

1950 1958 2288 2015 beatitudine
2333 1958 2628 2021 frueretur,
2664 1968 2952 2027 morteque
2979 1958 3230 2027 superior
3274 1957 3531 2020 evadeus,

1948 2052 2004 2106 in
2034 2067 2196 2109 omne
2230 2066 2403 2105 aevum
2437 2051 2643 2106 viveret
2678 2066 2694 2104 :
2734 2050 2818 2105 sin
2853 2058 3035 2105 autem
3071 2049 3336 2103 honorem
3371 2062 3530 2101 suum

1952 2142 2133 2195 minus
2155 2142 2487 2211 intelligens,
2544 2155 2607 2194 ac
2642 2140 2907 2211 jumentis
2944 2139 3336 2209 insipientibus
3381 2152 3532 2192 com-

1951 2238 2175 2300 paratus
2199 2230 2263 2295 “,
2293 2243 2525 2286 excusso
2543 2228 2856 2284 Conditoris
2891 2229 3042 2298 jugo,
3072 2227 3534 2295 sanctissimoque

1952 2320 2325 2391 ipsiusedicto
2364 2322 2634 2391 neglecto,
2662 2320 2904 2373 animum
2977 2320 3199 2387 corpori
3252 2318 3532 2375 subderet.

1953 2413 2313 2482 corporisque
2334 2413 2643 2482 voluptates
2690 2410 2935 2480 potiores
2986 2409 3231 2474 haberet,
3284 2409 3450 2462 morti
3479 2416 3534 2461 et

1954 2503 2295 2573 corruptioni
2363 2503 2517 2557 ﬁeret
2577 2502 2888 2565 obnoxius,
2942 2501 3307 2569 miseramque
3365 2500 3532 2553 vitam

1954 2595 2198 2659 trahens,
2227 2594 2514 2650 laborandi
2534 2593 2845 2648 necessitati
2871 2591 3239 2661 subjiceretur
3260 2592 3324 2644 ³⁸.
3350 2590 3538 2661 Neque

1953 2686 2098 2740 enim
2151 2687 2226 2740 illi
2264 2694 2469 2741 tentato
2500 2686 2779 2750 nondum,
2812 2699 2911 2738 nec
2941 2683 3228 2753 explorato
3258 2683 3537 2737 immorta-

1954 2778 2160 2831 litatem
2193 2777 2423 2848 adipisci
2459 2775 2826 2840 conducebat,
2861 2790 2928 2830 ne
2958 2774 3014 2829 in
3068 2773 3410 2843 superbiam,
3448 2775 3536 2827 in-

1953 2884 2058 2940 que
2093 2868 2294 2924 diaboli
2321 2867 2586 2938 judicium
2635 2866 2924 2921 incideret.
2955 2865 3089 2918 Nam
3126 2864 3533 2924 immortalitas.

1954 2960 2172 3031 quaille
2210 2960 2474 3031 praeditus
2508 2967 2647 3024 erat,
2690 2957 2895 3022 eﬁ‘ecit,
2927 2964 2987 3010 ut
3033 2963 3330 3025 postquam
3360 2956 3551 3009 libera.

1954 3052 2237 3105 voluntate
2295 3052 2487 3121 lapsus
2535 3058 2618 3105 est
2647 3091 2660 3114 ,
2705 3048 3100 3105 immutabilem
3150 3045 3433 3115 deinceps.
3483 3054 3537 3099 et

1957 3142 2289 3212 ptenitentiae
2316 3151 2593 3211 expertem
2628 3141 2683 3195 iu
2716 3140 2858 3193 malo
2883 3137 3195 3193 ﬁrmitatem
3244 3135 3535 3198 habuerit;

286 3225 384 3295 τῆς
412 3228 613 3299 ἀρετῆς
643 3230 1035 3300 ἐκλογὴν,.τὴν
1062 3235 1121 3286 ὲν
1153 3232 1228 3303 τῷ
1261 3234 1410 3305 καλῷ
1437 3235 1526 3289 διά
1558 3237 1657 3307 τῆς
1686 3237 1844 3308 χάρι-

1956 3235 2414 3304 quemadmodum
2476 3247 2671 3288 rursus
2729 3231 2903 3300 angeli
2967 3238 3091 3300 post
3171 3230 3536 3285 voluntariam

286 3334 375 3382 τος
399 3319 795 3392 ἀμετακίνητον
827 3323 1059 3395 ἵδρυσιν.

363 3593 507 3646 Ἔδει
546 3596 725 3649 τοίνυν
754 3598 1019 3669 πρότερον
1075 3600 1474 3670 δοκιμασθέντα
1501 3602 1594 3655 τὸν
1646 3602 1856 3674 ἀνθρω-

291 3700 388 3735 των
410 3701 424 3715 ·
447 3685 588 3754 ἀνὴρ
614 3685 724 3755 γὰρ
758 3687 1110 3758 ἀπείραστος,
1136 3692 1415 3762 ἀδόκιμος,
1450 3692 1667 3757 οὐδενὸς
1691 3693 1852 3761 λόγου

290 3776 437 3840 ἄξιος
462 3786 520 3826 ιι·
557 3779 651 3830 καὶ
674 3780 739 3849 τῇ
767 3781 935 3852 πείρᾳ
982 3781 1068 3835 διὰ
1103 3782 1201 3852 τῆς
1233 3785 1518 3854 τηρήσεως
1562 3785 1663 3854 τῆς
1713 3787 1854 3838 ἐντος

290 3864 386 3935 λῆς
412 3867 790 3934 τελειωθέντα,
818 3871 961 3925 οὕτω
1004 3872 1103 3943 τὴν
1140 3873 1470 3945 ἀφθαρσίαν,
1527 3876 1726 3946 ἀρετῆς
1763 3894 1853 3930 κο-

295 3958 549 4027 μίσασθαι
575 3959 826 4016 ἔπαθλον.
881 3964 1060 4027 Μέσος
1090 3966 1199 4036 γὰρ
1228 3967 1360 4019 Θεοῦ
1417 3967 1513 4021 καὶ
1540 3968 1672 4040 ὕλης
1698 3970 1853 4038 γενό-

296 4065 471 4116 μενος,
498 4050 588 4104 διά
621 4052 720 4122 μὲν
742 4053 840 4123 τῆς
870 4056 1154 4126 τηρήσεως
1183 4058 1281 4128 τῆς
1306 4059 1551 4129 ἐντολῆς.
1590 4061 1729 4130 μετὰ
1753 4062 1853 4132 τὴν

291 4140 606 4212 ἀπαλλαγὴν
632 4142 730 4211 τῆς
759 4144 896 4214 πρὸς
916 4145 986 4197 τὰ
1015 4146 1142 4199 ὄντα
1164 4149 1398 4219 φυσικῆς
1423 4152 1682 4219 σχέσεως,
1716 4153 1853 4205 ένωο

292 4229 404 4293 θεὶς
430 4232 506 4301 τῷ
533 4232 651 4303 Θεῷ
672 4233 791 4286 καθ’
821 4233 956 4300 ἒξιν,
991 4237 1089 4307 τὴν
1106 4240 1232 4308 περὶ
1264 4238 1325 4291 τὸ
1356 4240 1519 4294 καλὸν
1548 4243 1851 4313 παγιότητα

292 4321 586 4390 λαμϐάνειν
623 4325 1023 4397 ἀμετακίνητον
1051 4328 1242 4398 ἔμελλε
1265 4346 1279 4361 ο
1312 4330 1399 4384 διὰ
1420 4332 1477 4385 δὲ
1517 4333 1615 4403 τῆς
1675 4352 1854 4404 παρα-

292 4411 502 4476 ϐάσεως
562 4415 698 4486 πρὸς
745 4419 843 4486 τὴν
902 4417 1035 4489 ὓλην
1090 4421 1293 4490 μᾶλλον
1333 4423 1598 4494 κινηθεὶς,
1625 4427 1719 4479 καὶ
1752 4428 1852 4497 τῆς

295 4504 453 4559 αὐτοῦ
522 4498 719 4573 αἰτίας,
749 4509 842 4564 τοῦ
870 4511 1004 4564 Θεοῦ
1038 4513 1202 4583 φημὶ,
1227 4515 1550 4580 ἀποσπάσας
1578 4518 1669 4570 τὸν
1706 4517 1849 4583 νοῦν,

295 4598 363 4666 τῇ
394 4596 565 4668 φθορᾷ
592 4602 1087 4669 προσοικειοῦσθαι,
1133 4606 1225 4660 καὶ
1264 4606 1507 4678 παθητὸς
1553 4609 1677 4663 ἀντὶ⁸
1706 4610 1854 4663 ἀπα-

297 4684 441 4750 θοῦς,
475 4690 570 4743 καὶ
591 4690 782 4763 θνητὸς
826 4694 947 4747 ἀντὶ
1000 4696 1269 4752 ἀθανάτου
1308 4699 1576 4768 γίνεσθαι,
1611 4702 1704 4754 καὶ
1730 4720 1856 4756 συν-

295 4777 554 4848 δυασμοῦ,
596 4783 691 4836 καὶ
742 4786 975 4855 ῥευστῆς
1024 4791 1331 4861 γεννήσεως
1383 4793 1715 4859 ἐπιδέεσθαι,
1762 4797 1856 4849 καὶ

296 4871 363 4940 τῇ
390 4870 566 4939 ἐφέσει
596 4875 696 4944 τῆς
736 4874 901 4946 ζωῆς,
938 4878 1045 4931 τῶν
1074 4882 1173 4950 μὲν
1197 4883 1388 4951 ἡδέων,
1430 4885 1506 4949 ὼς
1540 4885 1700 4956 δῆθεν
1723 4887 1853 4939 ταύ-

1954 3324 2174 3380 virtutis
2207 3323 2528 3379 electionem
2572 3321 2756 3377 divina
2799 3320 2972 3388 gratia
3014 3320 3070 3373 in
3120 3320 3267 3374 bono
3318 3318 3391 3372 ita
3443 3316 3533 3369 ﬁxi

1953 3414 2293 3483 stabilitique
2321 3419 2472 3480 sunt,
2509 3419 2568 3466 ut
2589 3412 2658 3467 ab
2685 3426 2751 3466 eo
2789 3410 3106 3466 nullatenus
3137 3409 3251 3479 jam
3274 3407 3534 3463 dimoveri

1954 3513 2176 3576 queant.

2024 3596 2262 3665 Injuncu'
2282 3595 2487 3648 Adamo
2507 3595 2751 3664 praecepti
2782 3610 2966 3647 causa.
2989 3621 3055 3632 -—
3076 3589 3225 3661 Opus
3242 3598 3360 3645 erat
3376 3588 3539 3657 igitur

1954 3697 2013 3744 ut
2039 3689 2200 3743 homo
2222 3689 2453 3758 primum
2476 3688 2872 3757 exploraretur,
2890 3686 3017 3755 quia
3044 3684 3128 3739 vir
3149 3699 3255 3737 non
3282 3682 3538 3752 probatus

1954 3796 2052 3838 nec
2080 3790 2340 3845 tentatus,
2379 3780 2583 3834 nullius
2620 3779 2882 3848 pretiiest
2933 3779 3020 3844 “;
3059 3790 3270 3848 suoque
3318 3775 3537 3845 experi-

1958 3881 2144 3929 mento
2187 3886 2285 3942 per
2328 3871 2583 3940 praecepti
2624 3869 3059 3925 observationem
3103 3865 3377 3937 perlectus
3408 3879 3544 3919 eva-

1952 3965 2107 4026 dens,
2141 3962 2220 4019 sic
2253 3963 2468 4017 demum
2512 3976 2611 4030 pro
2648 3960 2867 4014 virtutis
2903 3958 3124 4029 prtemio
3157 3953 3540 4010 immortalita-

1954 4062 2059 4110 tem
2091 4059 2536 4123 consequeretur.
2582 4048 2717 4104 Nam
2749 4064 2872 4104 cum
2930 4047 3099 4103 Deum
3160 4045 3322 4109 inter,
3371 4052 3539 4106 mate—

1954 4146 2200 4215 riamque
2240 4143 2416 4198 media
2450 4135 2944 4212 quadam'ratione
2989 4136 3320 4192 constitutus
3370 4144 3536 4193 esset,

1954 4240 2027 4294 ita
2050 4247 2397 4310 comparatus
2420 4245 2558 4302 erat,
2583 4248 2660 4301 ut,
2680 4236 2726 4293 si
2746 4235 2968 4306 quidem
2992 4232 3249 4288 mandato
3266 4228 3538 4300 paruisset

1954 4332 2141 4386 relicta
2175 4331 2410 4385 naturali
2460 4345 2557 4384 sua
2591 4343 2718 4399 erga
2747 4344 2835 4383 res
2867 4334 3082 4382 creatas
3110 4320 3534 4379 necessitudine,

1954 4422 2063 4478 Deo
2107 4422 2416 4478 arctissima
2448 4420 2731 4476 aﬂ‘ectione
2768 4419 3076 4489 copulatus,
3111 4412 3443 4470 immobilem
3484 4410 3538 4462 in

1957 4514 2101 4568 bono
2132 4513 2440 4566 ﬁrmitatem
2485 4519 2808 4580 accepturus
2840 4517 2984 4563 esset
3017 4526 3029 4561 :
3064 4508 3149 4563 sin
3204 4513 3408 4563 autem,
3455 4501 3539 4555 di-

1960 4604 2082 4657 vina
2106 4604 2222 4673 lege
2257 4603 2473 4665 violata,
2512 4603 2565 4658 in
2600 4618 2686 4656 res
2735 4600 2973 4657 materiae
3024 4582 3313 4652 irrimersas
3358 4591 3540 4661 prola-

1954 4709 2108 4766 psus,
2139 4703 2377 4750 mentem
2401 4710 2431 4750 a
2459 4694 2569 4747 Deo
2597 4702 2822 4747 auctore
2850 4707 2950 4745 suo
2968 4687 3346 4746 abstraxisset,
3376 4683 3537 4751 202

1952 4786 2358 4856 corruptionem
2424 4785 2528 4839 sibi
2582 4788 2911 4847 accerseret,
2974 4778 3261 4846 factusque
3304 4786 3402 4843 pro
3434 4771 3537 4824 iiii-

1953 4878 2195 4948 passibili
2236 4877 2537 4947 passibilis,
2565 4886 2618 4931 et
2646 4890 2745 4945 pro
2771 4870 3064 4928 immortali
3104 4865 3372 4928 mortalis,
3400 4878 3535 4917 con-

297 4975 396 5028 την
416 4963 803 5030 συνιστώντων,
846 4968 1165 5040 ἀντέχεσθαι
1184 4989 1197 5004 ·
1245 4975 1380 5041 πρὸς
1410 4974 1468 5027 δὲ
1499 4976 1625 5039 τοὺς
1646 4976 1851 5030 τούτων

1956 4970 2100 5041 iugio
2128 4969 2381 5040 ﬁuxaque
2407 4968 2755 5039 generatione
2778 4981 2915 5036 opus
2943 4963 3168 5018 haberet
3193 4977 3207 5023 ;
3231 4972 3339 5028 quo
3366 4955 3533 5016 ﬁeret,

300 5054 778 5125 προμηθουμένους
802 5058 899 5129 τὴν
925 5061 1181 5133 στέρησιν
1214 5064 1383 5129 ἀδεῶς
1412 5067 1815 5136 ἀπεχθάνεσθαι
1835 5085 1849 5098 ο

300 5142 394 5193 καὶ
418 5142 513 5214 τὴν
539 5145 638 5213 μὲν
685 5146 870 5217 ἔφεσιν
925 5151 988 5203 ἐκ
1013 5151 1149 5205 Θεοῦ
1181 5154 1319 5224 πρὸς
1369 5155 1468 5226 τὴν
1501 5157 1654 5228 ὓλην,
1687 5160 1779 5213 τὸν
1800 5159 1855 5213 δὲ

301 5228 483 5300 θυμὸν,
515 5234 578 5288 ἐκ
614 5234 709 5288 τοῦ
748 5239 847 5307 τῆς
875 5240 1149 5311 σωτηρίας
1182 5242 1351 5307 ὅντως
1382 5244 1576 5317 ἐχθροῦ
1610 5248 1847 5317 μεταφέ-

1958 5069 2014 5116 ut
2043 5062 2112 5116 ob
2153 5064 2275 5116 vitae
2308 5060 2659 5124 desiderium,
2719 5055 3059 5133 delectabilia
3118 5050 3357 5121 quidem,
3392 5045 3537 5100 velut

1957 5168 2075 5208 eam
2122 5152 2329 5209 tuentia
2363 5151 2788 5222 amplexaretur,
2828 5163 2923 5203 eos
2951 5160 3083 5201 vero
3138 5142 3229 5212 qui
3263 5140 3376 5193 hazc
3432 5135 3535 5190 sibi

1957 5247 2169 5317 eripere
2225 5245 2524 5308 studerent,
2590 5240 2855 5313 pertinaci
2907 5237 3034 5293 odio
3068 5233 3293 5289 haberet
3330 5247 3344 5295 ;
3376 5235 3538 5297 atque

374 5405 415 5436 η
442 5404 795 5476 Psal.n.vur,
842 5412 928 5468 l5.
1010 5415 1052 5447 ¹³
1086 5415 1102 5469 l
1133 5415 1273 5471 'l‘im.
1306 5433 1389 5483 ιιι,
1414 5420 1464 5473 8.
1548 5420 1591 5452 ¹⁶
1632 5422 1816 5477 Eccle.

1956 5439 2063 5489 χιν,
2102 5425 2189 5479 ll.

1563 5574 1797 5631 VARI/8
1839 5575 2247 5632 LECTIUNES.

372 5711 395 5738 η
427 5702 562 5782 ﬁdit.
597 5704 799 5782 γει-οη.
834 5707 1010 5782 ὂςὲπὶ
1041 5709 1164 5779 γῆς.
1216 5718 1269 5782 Αο
1294 5709 1490 5782 Noster
1510 5711 1924 5782 σεμνυνόμενος.

2006 5723 2031 5761 P
2059 5712 2123 5765 R.
2152 5713 2187 5765 9.
2218 5711 2600 5781 ἀδοκίμαστον.
2681 5706 3083 5765 ‘ll’arenthcsis
3126 5706 3226 5761 ista
3291 5703 3438 5756 abest
3482 5699 3541 5749 in

303 5775 548 5831 omnibus
594 5776 762 5835 ferme
795 5775 1112 5847 codicibus,
1134 5787 1187 5836 ct
1214 5780 1268 5836 iu
1300 5775 1758 5840 translationibus
1794 5775 2095 5854 Burgundii
2123 5791 2174 5838 et
2209 5775 2389 5836 Fabri.
