3950 6304
437 391 545 460 983

1623 400 1687 462 S.
1718 399 2054 462 JOANNIS.
2075 401 2506 464 DAMASCENI

3586 383 3704 451 εει

437 509 668 579 ipsoque
698 505 1020 578 magistrum
1053 507 1165 578 agit
1203 523 1388 580 opere.
1430 509 1507 564 Ac
1537 508 1797 579 quoniam
1840 508 2017 564 hostis

2129 511 2357 582 Bptonov,
2390 509 2594 582 σαρκὸς
2617 507 2824 581 προόλή
2837 521 2965 577 ματι
2995 501 3328 567 δελεάζεται,
3361 495 3454 552 καὶ
3478 496 3700 550 δείκνυ-

437 615 536 672 spe
577 599 884 657 divinitatis
927 601 1207 657 hominem
1263 602 1580 672 pellexerat,
1615 601 1735 672 ipse
1773 599 2020 656 vicissim

437 691 652 763 objecta
671 707 840 748 carne
874 695 1022 760 velut
1047 709 1175 750 esca
1213 695 1435 766 capitur
1468 710 1484 749 :
1514 693 1787 764 simulque
1803 691 2020 756 divinae,

437 797 562 840 cum
593 783 858 865 bonitatis
877 792 931 839 et
951 785 1255 856 sapientiae.
1283 793 1396 840 tum
1425 784 1656 855 justitia:
1681 793 1736 839 et
1769 781 2024 852 potentia:

436 872 715 943 specimen
749 872 952 930 editur.
979 873 1114 929 Nam
1153 875 1372 932 bonitas
1421 874 1643 946 quidem
1671 873 1800 928 hinc
1821 871 2022 938 elucet,

434 963 584 1034 quod
616 964 859 1036 ﬁgmenti
899 966 986 1021 sui
1015 965 1443 1023 imbecillitatem
1493 980 1602 1021 non
1631 963 1900 1035 despexit,
1927 963 2024 1019 sed

437 1053 575 1124 lapsi
600 1053 775 1110 vicem
809 1053 1003 1120 doluit,
1039 1056 1199 1126 eique
1224 1071 1444 1111 manum
1479 1056 1722 1127 porrexit
1757 1074 1770 1110 :
1801 1054 2025 1124 jnstitia

436 1146 592 1210 item,
627 1144 775 1216 quod
808 1147 956 1202 victo
1001 1147 1246 1214 homine,
1281 1163 1390 1204 non
1426 1164 1520 1219 per
1567 1149 1736 1204 alium
1791 1155 2026 1220 tyranno

434 1237 724 1293 victoriam
791 1245 1121 1310 extorquet,
1175 1253 1278 1296 nec
1327 1240 1380 1294 vi
1439 1239 1714 1296 hominem
1771 1254 1800 1293 a
1853 1248 2028 1298 morte

435 1330 638 1400 eripit;
668 1330 765 1386 sed
795 1347 956 1402 quem
981 1347 1126 1388 mors
1146 1333 1274 1387 olim
1307 1339 1530 1403 propter
1574 1343 1860 1403 peccatum
1911 1347 2028 1388 ser-

434 1419 595 1477 vituti
655 1435 768 1477 sua:
815 1422 1122 1485 addixerat.
1180 1425 1328 1478 hunc
1371 1423 1552 1480 bonus
1593 1425 1688 1480 ille
1731 1424 2029 1496 iustusque

436 1509 700 1568 victorem
735 1528 956 1570 rursum
1007 1515 1182 1582 fecit;
1217 1516 1476 1587 quodque
1535 1518 1684 1572 nulla
1741 1526 1862 1572 arte
1907 1513 2024 1572 ﬁeri

436 1614 604 1672 posse
658 1601 964 1669 videbatur,
1019 1603 1198 1660 simile
1249 1607 1447 1662 similis
1507 1621 1674 1677 opera
1729 1606 2024 1662 liberavit:

436 1693 708 1763 sapientia
737 1693 994 1765 denique,
1022 1695 1166 1766 quod
1195 1697 1271 1752 rei
1327 1712 1590 1767 perquam
1623 1696 1832 1754 difﬁcili
1891 1711 2026 1752 con-

437 1782 885 1851 gruentissimum
919 1784 1127 1842 exitum
1181 1786 1389 1842 invenit
1429 1786 1497 1843 ".
1539 1787 1751 1842 Etenim
1818 1785 1913 1841 Dei
1963 1801 2026 1842 ac

2125 621 2212 657 ται
2237 602 2352 673 ἅμα
2377 603 2439 656 τὸ
2468 601 2674 669 ἀγαθὸν
2725 601 2819 654 καὶ
2853 598 2912 651 τὸ
2954 595 3140 665 σοφὸν,
3175 593 3238 646 τὸ
3293 590 3502 644 δίκαιόν
3522 606 3579 642 τε
3606 589 3704 642 καὶ

2125 696 2185 748 τὸ
2206 693 2428 749 δυνατὸν
2451 693 2545 747 τοῦ
2568 690 2704 745 Θεοῦ
2731 707 2744 721 ο
2777 689 2838 742 τὸ
2865 689 2962 760 μὲν
2991 684 3214 755 ἀγαθὸν,
3231 684 3314 737 ὅτι
3339 682 3402 735 οὑ
3432 680 3702 752 παρεῖδεν

2123 785 2220 839 τοῦ
2253 784 2456 839 οἰκείου
2485 784 2804 854 πλάσματος
2842 781 2942 850 τὴν
2971 777 3276 840 ἀσθένειαν,
3317 772 3432 826 ἀλλ’
3464 769 3704 838 ἐσπλαγ-

2125 875 2318 947 χνίσθη
2355 875 2442 929 ἐπ’
2481 872 2629 943 αὑτῷ
2660 871 2900 934 πεσόντι,
2926 867 3020 922 καὶ
3046 869 3202 937 χεῖρα
3231 863 3431 934 ὧρεξε’
3476 861 3536 914 τδ
3583 860 3640 913 δὲ
3673 866 3704 896 ι

2125 967 2355 1031 δίκαιον,
2381 967 2465 1020 ὅτι
2489 962 2780 1034 ἀνθρώπου
2823 959 3167 1032 ἡττηθέντος,
3201 956 3301 1026 οὑχ
3329 955 3517 1026 ἕτερον
3555 952 3706 1004 ποιεῖ⁹

2124 1059 2346 1129 νικῆσαι
2370 1057 2463 1111 τὸν
2502 1055 2787 1126 τύραννον,
2830 1051 2951 1105 οὐδὲ
2983 1049 3074 1120 βίᾳ
3091 1044 3390 1118 ἐξαρπάζει
3413 1042 3508 1098 τοῦ
3534 1043 3700 1096 θανά.

2124 1169 2217 1206 του
2245 1151 2338 1204 τὸν
2370 1148 2678 1220 ἄνθρωπον,
2726 1144 2842 1199 ἀλλ’
2876 1143 2936 1197 ὃν
2982 1142 3153 1196 πάλαι
3175 1140 3262 1194 διὰ
3288 1139 3387 1204 τὰς
3421 1137 3704 1209 ἁμαρτίας

2125 1240 2554 1296 καταδουλοῦται
2601 1241 2630 1292 6
2667 1237 2918 1302 θάνατος,
2955 1233 3148 1288 τοῦτον
3173 1233 3201 1285 6
3247 1230 3474 1299 ἀγαθὸς,
3497 1227 3598 1283 καὶ
3623 1229 3707 1282 δί-

2125 1353 2302 1400 καιος,
2327 1319 2554 1406 νικητὴν
2606 1333 2768 1386 πάλιν
2816 1329 3106 1398 πεποίηκε,
3153 1326 3246 1380 καὶ
3276 1323 3354 1394 τῷ
3395 1323 3570 1393 ὁμοίῳ
3609 1321 3706 1374 τὸν

2125 1429 2308 1498 ὅμοιον
2329 1425 2660 1487 ἀνεσώσατο,
2695 1424 2830 1492 ὅπερ
2867 1420 3072 1488 ἄπορον
3093 1414 3184 1489 ἦν,
3211 1417 3273 1470 τὸ
3307 1415 3362 1469 δὲ
3396 1413 3580 1484 σοφὸν.
3617 1413 3705 1466 ὅτι

2125 1511 2252 1586 εὗρε
2275 1514 2370 1568 τοῦ
2395 1513 2600 1584 ἀπόρου
2639 1511 2796 1566 λύσιν
2823 1507 3306 1580 εὐπρεπεστάτην.
3333 1503 3567 1574 Εὑδοκίᾳ
3589 1504 3706 1570 γὰρ

2127 1607 2223 1662 τοῦ
2246 1605 2382 1660 Θεοῦ
2411 1607 2505 1660 καὶ
2539 1605 2774 1676 Πατρὸς,
2813 1606 2843 1658 6
2885 1601 3178 1675 μονογενὴς
3206 1600 3360 1664 Υίδς,
3397 1598 3491 1652 καὶ
3527 1597 3705 1664 Λόγος

2125 1697 2221 1753 τοῦ
2250 1698 2408 1762 Θεοῦ,
2433 1697 2527 1752 καὶ
2559 1697 2713 1765 Θεὸς,
2738 1699 2766 1750 6
2799 1695 2874 1749 ὢν
2895 1697 2975 1756 είς
2993 1693 3086 1748 τὸν
3115 1691 3316 1745 κόλπον
3338 1689 3433 1742 τοῦ
3452 1687 3588 1742 Θεοῦ
3605 1689 3707 1741 καὶ

2127 1787 2363 1860 Πατρὸς,
2395 1789 2422 1840 6
2441 1787 2723 1858 ὁμοοὺσιος
2770 1785 2847 1856 τῷ
2875 1785 3075 1864 nas-pi,
3103 1782 3198 1836 καὶ
3247 1779 3324 1850 τῷ
3357 1779 3498 1848 ἁγίῳ
3527 1778 3708 1832 Πνεῦ-

439 1873 617 1932 Patris
653 1876 1056 1951 benevolentia,
1083 1879 1399 1950 unigenitus
1422 1880 1596 1936 Filius
1626 1895 1691 1935 ac
1731 1879 1898 1947 Deus,
1929 1879 2024 1950 qui

2129 1854 2283 1951 ματί,
2309 1881 2338 1932 6
2381 1854 2728 1951 προαιώνιος,
2785 1854 2828 1930 6V
2860 1857 2961 1930 ἀνα
2977 1891 3126 1945 ρχος,
3155 1873 3182 1925 6
3211 1873 3270 1925 ὲν
3295 1871 3436 1941 ἀρχῇ
3466 1869 3564 1933 ὢν,
3606 1871 3710 1924 καὶ

438 1965 494 2021 in
523 1963 620 2022 Dei
651 1981 716 2021 ac
744 1965 926 2025 Patris
964 1969 1087 2024 sinu
1121 1977 1239 2025 erat
1277 1970 1364 2034 ";
1400 1969 1512 2036 ille,
1569 1969 1816 2039 inquam,
1877 1969 2027 2040 ejus-

438 2055 563 2112 dem
596 2071 661 2115 ac
687 2055 849 2114 Pater
877 2071 1214 2131 sanctusque
1243 2059 1482 2131 Spiritus
1533 2062 1858 2118 substantiae
1886 2079 1901 2128 ;
1936 2061 2027 2118 ille

436 2148 590 2204 omni
621 2163 738 2206 avo
775 2151 1074 2222 antiquior,
1117 2152 1510 2224 ille_principio
1547 2169 1744 2211 carens
1774 2171 1788 2220 ;
1823 2156 2028 2226 quique

438 2234 498 2292 in
529 2239 801 2312 principio
829 2253 970 2309 erat,
1019 2254 1069 2299 et
1126 2245 1269 2314 apud
1316 2243 1486 2300 Deum
1553 2257 1606 2302 et
1664 2249 1906 2314 Patrem,
1963 2261 2028 2301 ac

438 2322 586 2383 Deus
609 2335 726 2384 erat
756 2345 773 2396 ;
809 2329 898 2386 ille
928 2331 1166 2398 demum,
1202 2334 1293 2404 qui
1332 2335 1388 2389 in
1447 2334 1624 2390 forma
1674 2335 1766 2390 Dei
1815 2345 1932 2391 erat
1957 2338 2026 2404 ",

440 2416 714 2475 inclinans
740 2421 913 2478 caelos
965 2421 1248 2479 descendit
1278 2441 1296 2492 ;
1330 2425 1434 2481 hoc
1481 2434 1588 2494 est,
1629 2425 2027 2482 sublimitatem

437 2524 616 2577 suam,
655 2511 710 2566 in
744 2527 851 2583 qua
906 2516 1054 2570 nulla
1085 2517 1247 2572 cadat
1277 2517 1536 2587 abjectio,
1601 2519 1750 2574 nulla
1799 2519 2024 2590 depres-

361 2675 372 2682 γ
442 2603 602 2661 sione
633 2603 968 2674 deprimens,
999 2608 1054 2663 in
1077 2623 1362 2665 servorum
1409 2625 1636 2666 suorum
1658 2624 1818 2666 usum
1857 2626 1918 2667 se
1938 2610 2026 2665 in-

438 2693 628 2760 clinat,
666 2695 938 2764 ejusmodi
969 2698 1131 2768 plane
1170 2699 1550 2766 inclinatione,
1575 2714 1696 2770 qua
1728 2714 1829 2756 nec
1845 2699 2027 2756 verbis

345 2825 366 2844 ν
435 2782 695 2854 exprimi,
727 2799 827 2842 nec
865 2797 1052 2842 mente
1091 2773 1500 2858 “comprehendi
1552 2797 1716 2860 queat
1750 2790 1768 2860 (
1797 2789 1850 2844 id
1877 2789 2024 2845 enim

417 2872 718 2932 descensus
754 2877 1026 2933 vocabulo
1063 2879 1450 2950 signiﬁcatur),
1475 2879 1682 2950 quique
1708 2880 1850 2936 Deus
1889 2895 2017 2951 per-

439 2968 620 3026 fectus
647 2975 791 3034 erat,
828 2969 1107 3040 perfectus
1141 2970 1308 3026 homo
1363 2973 1444 3038 lit,
1483 2987 1750 3028 novorum
1781 2973 2027 3028 omnium

439 3059 677 3116 maxime
705 3075 909 3120 novum
941 3062 1012 3125 ".
1057 3062 1170 3117 imo
1217 3063 1362 3130 quod
1393 3079 1561 3118 unum
1591 3063 1753 3136 205
1780 3063 1885 3120 sub
1905 3064 2025 3120 sole

441 3164 642 3244 novum
683 3159 790 3244 est,
824 3151 1206 3244 inﬁnitamque
1263 3154 1357 3211 Dei
1411 3156 1708 3224 potentiam
1761 3155 2024 3212 declarat.
2054 3185 2097 3244 ε

2126 1972 2264 2042 πρὸς
2286 1971 2374 2024 τὸν
2407 1969 2538 2023 Θεδν
2565 1969 2656 2022 καὶ
2704 1967 2926 2037 Πατέρα
2975 1965 3072 2030 ὢν,
3125 1964 3223 2019 καὶ
3265 1964 3399 2026 Θεὸς
3439 1960 3536 2025 ὣν,
3573 1962 3602 2015 6
3639 1962 3706 2014 ὲν

2129 2065 2310 2135 μορφῇ
2339 2059 2474 2116 Θεοῦ
2503 2060 2784 2131 ὑπάρχων,
2812 2059 2998 2121 κλίνας
3027 2056 3290 2128 οὐρανοὺς
3333 2055 3665 2124 κατέρχεται
3693 2069 3705 2083 ·

2124 2153 2390 2218 τουτέστι,
2423 2153 2485 2206 τὸ
2529 2152 2898 2207 ἀταπείνωτον
2926 2149 3092 2204 αὑτοῦ
3135 2148 3268 2219 ῦῲος
3313 2145 3710 2209 ἀταπεινώτως

2125 2244 2490 2309 ταπεινώσας,
2545 2242 2974 2312 συγκαταϐαίνει
3020 2244 3135 2304 τοῖς
3200 2237 3394 2292 ἑαυτοῦ
3431 2237 3644 2300 δούλοις
3674 2245 3706 2284 Υ

2129 2335 2533 2406 συγκατάὁασιν
2553 2333 2830 2404 ἀφραστὸν
2860 2349 2920 2385 τε
2951 2330 3044 2384 καὶ
3093 2329 3473 2399 ἀκατάληπτον
3493 2341 3510 2360 ’
3539 2325 3714 2378 τοῦτο

2126 2430 2236 2502 γὰρ
2266 2429 2416 2500 δηλοῖ
2448 2429 2482 2499 ἡ
2513 2427 2818 2490 κατάϐασις
2840 2442 2854 2456 ο
2903 2426 2999 2478 καὶ
3040 2424 3170 2488 Θεὸς
3207 2423 3283 2476 ὢν
3337 2422 3566 2484 τέλειος,
3607 2419 3711 2473 άν-

2128 2523 2350 2594 θρωπυς
2377 2520 2578 2583 τέλειος
2605 2520 2837 2586 γίνεται,
2868 2517 2964 2571 καὶ
3019 2515 3348 2569 ἐπιτελεῖται
3381 2513 3441 2566 τὸ
3481 2513 3709 2566 πάντων

2127 2611 2330 2666 καινῶν
2355 2609 2689 2672 καινότατον,
2723 2608 2785 2662 τὸ
2835 2609 2994 2678 μόνον
3045 2605 3232 2660 καινδν
3285 2603 3389 2656 ὑπὸ
3432 2603 3494 2655 τὸ
3522 2601 3707 2672 ἥλιον,

2128 2707 2196 2760 δι’
2224 2699 2336 2774 οῦή
2364 2704 2592 2774 ἄπειρος
2629 2701 2722 2754 τοῦ
2748 2699 2881 2753 Θεοῦ
2923 2697 3285 2770 ἐμφανίζεται
3330 2695 3580 2764 δύναμις.
3633 2693 3708 2746 Τί

2127 2797 2238 2868 γὰρ
2261 2796 2446 2866 μεῖζον
2467 2791 2562 2846 τοῦ
2585 2790 2839 2861 γενέσθαι
2879 2791 2970 2843 τὸν
3009 2789 3142 2842 Θεὸν
3175 2787 3492 2858 ἀνθρωπον;
3533 2783 3647 2836 Ka‘t
3680 2786 3714 2836 6

2126 2891 2298 2957 Λόγος
2326 2885 2464 2958 σὰρξ
2495 2886 2780 2956 ἀτρέπτως
2805 2883 3045 2951 ἐγένετο,
3075 2883 3139 2934 ὲκ
3176 2879 3492 2948 Πνεὺματος
3543 2876 3709 2944 ἁγίου

2127 2980 2222 3036 καὶ
2258 2979 2478 3049 Μαρίας
2499 2977 2600 3047 τῆς
2633 2975 2794 3044 ἁγίας
2833 2972 3218 3045 Ἀειπαρθένου
3257 2971 3352 3025 καὶ
3403 2968 3708 3022 Θεοτόκουο

2126 3072 2222 3125 καὶ
2249 3068 2475 3141 μεσίτης
2505 3065 2642 3120 Θεοῦ
2673 3064 2770 3120 καὶ
2795 3062 3099 3134 ἀνθρώπων
3128 3058 3526 3133 χρηματίζει,ὁ
3543 3056 3710 3127 μόνος

2130 3163 2534 3234 φιλάνθρωπος,
2591 3159 2692 3211 οὑκ
2741 3159 2806 3211 ὲκ
2844 3156 3148 3226 θελήματος
3197 3154 3295 3224 (5),
3322 3153 3356 3222 ἢ
3386 3149 3712 3220 ἐπιθυμίας,

437 3238 578 3307 Quid
609 3239 756 3296 enim
809 3242 1016 3312 majus,
1067 3258 1230 3314 quam
1296 3243 1467 3300 Deum
1526 3245 1806 3301 hominem
1860 3245 2025 3302 ﬁeri?

2129 3258 2154 3329 ἢ
2211 3251 2505 3321 συναφείας
2545 3249 2755 3319 ἀνδρὸς,
2809 3248 2842 3318 ἢ
2895 3247 3201 3317 γεννήσεως
3235 3243 3507 3314 ἔνηδόνουν
3545 3242 3604 3294 έν
3635 3242 3711 3311 τῇ

436 3329 708 3403 Quocirca
749 3331 990 3392 Verbum
1028 3349 1162 3393 caro
1210 3337 1420 3407 absque
1458 3337 1569 3392 ulla
1621 3339 1928 3394 mutatione
1956 3339 2025 3394 de

2129 3345 2378 3418 ἀχράντῳ
2411 3344 2597 3414 μήτρᾳ⁵
2629 3341 2729 3411 τῆς
2791 3339 3070 3409 Παρθένου
3113 3337 3460 3407 συλληφθεὶς,
3495 3335 3613 3389 ἀλλ’
3641 3335 3714 3389 ἐκ

437 3421 648 3493 Spiritu
681 3432 898 3490 sancto,
935 3434 990 3482 et
1053 3434 1246 3484 sancta
1295 3426 1466 3487 Maria
1520 3443 1738 3500 semper
1802 3429 2028 3500 Virgine

438 3511 646 3585 Deique
665 3515 943 3573 Genitrice
996 3515 1204 3577 factum
1226 3527 1354 3586 est;
1413 3519 1620 3591 Deique
1670 3530 1723 3577 et
1746 3521 2026 3576 hominum

437 3603 704 3709 mediator
731 3612 978 3681 exsistit,
1008 3617 1160 3680 solus
1194 3619 1285 3675 ille
1323 3621 1379 3674 in
1427 3621 1678 3678 homines
1738 3621 2022 3693 benignis-

437 3707 638 3764 simus,
687 3715 796 3758 non
827 3719 893 3760 ex
933 3707 1240 3773 voluntate.
1281 3717 1376 3766 aut
1430 3727 1495 3766 ex
1551 3711 2019 3782 concupiscentia,

437 3796 532 3846 aut
563 3804 863 3865 congressu
887 3799 1012 3867 viri,
1049 3811 1142 3855 aut
1176 3803 1533 3873 generatione
1571 3818 1695 3858 cum
1735 3804 2018 3874 voluptate

2122 3437 2265 3492 ΙΙνεὺ
2276 3451 2445 3507 ματος
2485 3434 2664 3502 ἁγίου,
2691 3432 2786 3487 καὶ
2806 3431 2904 3502 τῆς
2930 3429 3155 3502 πρώτης
3209 3427 3304 3481 τοῦ
3347 3427 3519 3497 Ἀδάμ
3545 3426 3712 3496 γενὲο

2127 3546 2266 3592 σεως
2289 3542 2302 3558 ·
2329 3527 2426 3580 καὶ
2458 3526 2668 3594 γίνεται
2697 3523 2939 3593 ὑπήκοος
2957 3521 3035 3592 τῷ
3057 3520 3253 3592 Πατρὶ,
3275 3518 3354 3590 τῷ
3376 3518 3497 3572 καθ’
3526 3519 3712 3588 ἡμᾶς,

2126 3621 2222 3678 καὶ
2243 3621 2303 3687 ἐξ
2325 3618 2481 3691 ἡμῶν
2506 3615 2902 3687 προσλήμματι
2948 3615 3047 3684 τὴν
3097 3611 3372 3683 ἡμετέραν
3417 3610 3715 3680 παρακοὴυ

2129 3695 2385 3782 ἰώμενος,
2426 3709 2523 3763 καὶ
2547 3707 2914 3778 ὑπόγραμμος
2958 3705 3088 3776 ἡμῖν
3117 3703 3367 3772 ὑπακοῆς
3395 3699 3716 3771 γινόμενος,

2123 3799 2192 3876 ἧς
2220 3802 2379 3866 ἐκτὸς
2414 3802 2516 3854 οὑκ
2549 3800 2665 3854 ἐστι
2694 3797 2970 3870 σωτηρίας
2999 3799 3202 3867 τυχεῖν.

435 3886 755 3958 coniuncta,
784 3891 840 3947 in
871 3891 1197 3952 intemerato
1219 3895 1463 3968 Virginis
1489 3907 1648 3954 utero
1687 3907 2010 3970 conceptus,
2050 3897 2145 3953 sed
2173 3898 2241 3952 de
2271 3896 2482 3968 Spiritu
2519 3905 2711 3952 sancto
2739 3908 2804 3950 ac
2840 3894 3018 3964 prima
3101 3893 3192 3946 illa
3255 3891 3452 3947 Adami
3501 3890 3717 3962 produ—

437 3978 644 4049 Ctione,
673 3982 842 4054 ﬁtquc
871 3982 1022 4042 Patri
1053 3987 1341 4052 obedicns,
1373 3996 1433 4043 ut
1462 4004 1563 4060 per
1622 3989 1676 4046 id
1702 3989 1850 4062 quod
1917 3988 2095 4045 simile
2133 3989 2293 4046 nobis
2351 4004 2415 4044 ex
2470 3987 2632 4043 nobis
2687 3984 3010 4055 assumpsit,
3072 3983 3456 4039 inobedientia:
3505 3993 3721 4040 nostra

438 4075 790 4146 medicinam,
814 4080 1088 4154 nobisque
1117 4084 1468 4150 obedientiae,
1499 4087 1618 4142 sine
1647 4100 1759 4158 qua
1785 4083 2025 4141 obtineri
2065 4083 2213 4140 salus
2247 4099 2360 4140 non
2405 4089 2605 4154 potest,
2635 4080 2916 4150 exemplar
2947 4093 3070 4134 sese
3114 4076 3433 4148 praebeat".

1117 4178 1274 4234 CAP.
1306 4179 1373 4236 ll.

2645 4175 2899 4230 ΚΕΦΑΛ.
2925 4173 2979 4228 B’
3013 4173 3216 4246 [Mm]

440 4264 716 4334 Quomodo
768 4279 1074 4343 conceptum
1130 4271 1202 4328 sit
1255 4271 1507 4340 Verbum,
1534 4283 1586 4328 et
1615 4278 1679 4330 de
1722 4273 1898 4329 diuina
1923 4272 2025 4343 eju:

2136 4270 2275 4338 Περι
2309 4268 2415 4322 τοῦ
2442 4263 2799 4343 τρόθξουΑτῇς
2839 4263 3209 4343 συλλῄψεως
3255 4261 3364 4343 τοῦ
3408 4263 3608 4332 Λόγου
3665 4274 3716 4331 ι,

1044 4342 1434 4398 incarnatione.

509 4427 712 4488 Missus
741 4441 826 4492 est
869 4434 1016 4494 enim
1049 4435 1278 4506 angelus
1306 4435 1524 4494 Domini
1555 4437 1621 4492 ad
1661 4437 1889 4492 Mariam
1921 4435 2039 4492 Vir.

2388 4331 2487 4390 καί
2523 4335 2632 4404 τῆς
2656 4336 2819 4400 θείας
2846 4334 3033 4388 αὐτοῦ
3076 4331 3453 4400 σαρκώσεως.

2211 4430 2479 4501 Ἀγγελος
2497 4428 2605 4500 γὰρ
2635 4426 2842 4499 Κυρίου
2891 4425 3169 4496 ἀπεστάλη
3237 4425 3373 4498 πρὸς
3405 4425 3506 4497 τὴν
3550 4425 3720 4496 ἁγίαν

438 4520 650 4588 ginem.
673 4536 740 4578 ex
765 4521 1024 4582 Davidico
1050 4541 1250 4598 genere
1269 4529 1559 4584 oriundam
1582 4529 1648 4585 ³⁸.
1685 4529 2025 4600 Manifestum

2137 4524 2438 4598 Παρθένον,
2491 4525 2555 4576 ἐκ
2613 4520 2912 4589 Δαὸιτικῆς
2965 4519 3140 4589 φυλῆς
3207 4531 3234 4560 ι
3291 4519 3715 4590 καταγομένην·

436 4619 518 4670 est
543 4614 686 4672 enim
714 4614 854 4686 quod
879 4631 945 4672 ea:
976 4615 1123 4679 Iuda
1156 4629 1302 4676 ortus
1342 4621 1411 4676 sit
1448 4619 1700 4680 Dominus
1731 4631 1928 4688 noster,
1964 4637 2029 4676 ex

437 4720 544 4779 qua
568 4706 713 4762 tribu
744 4707 923 4764 nullus
965 4710 1130 4771 altari
1161 4722 1354 4780 pra’sto
1391 4712 1515 4782 fuit,
1566 4713 2026 4784 quemadmodum

441 4791 662 4851 divinus
712 4796 1012 4867 Apostolus
1051 4800 1280 4855 tradidit
1309 4801 1398 4856 "z
1441 4802 1509 4857 de
1552 4818 1657 4873 qua
1696 4817 1754 4858 re
1797 4818 2026 4858 accura-

2141 4619 2456 4688 Πρόδηλον
2478 4616 2588 4687 γὰρ
2609 4615 2691 4681 ὠς
2717 4614 2784 4680 ἐξ
2809 4614 3004 4670 Ἰούδα
3027 4614 3436 4669 ἀνατέταλκεν
3454 4618 3486 4669 ό
3502 4616 3724 4682 Κύριος

2138 4707 2329 4779 ἡμῶν,
2361 4707 2430 4773 ἐξ
2461 4703 2537 4776 ἧς
2570 4705 2776 4777 φυλῆς
2821 4704 3023 4772 οὐδεὶς
3077 4703 3468 4773 προσέσχηκε
3508 4704 3592 4769 τῷ
3617 4709 3724 4760 θυ-

2137 4801 2493 4869 σιαστηρίῳ,
2559 4799 2635 4862 ὼς
2681 4799 2710 4852 ὁ
2751 4797 2892 4860 θεῖος
2940 4797 3044 4868 ἔφη
3083 4796 3401 4857 ’Δπόστολος
3423 4810 3440 4824 ⁸
3493 4795 3624 4866 περὶ
3656 4789 3721 4849 οὗ

437 4884 552 4946 tius
591 4895 779 4959 postea
839 4891 1197 4947 disseremus.
1245 4894 1345 4948 Cui
1397 4895 1562 4950 etiam
1623 4896 1806 4950 laetum
1859 4895 2025 4952 ferent

2151 4894 2381 4967 ὕστερον
2404 4890 2637 4962 ἐροῦμεν
2682 4881 3178 4960 ἀκριϐέστερον.⁷ῌ
3197 4888 3225 4928 δ
3253 4886 3727 4956 καὶτὺαγγελιζό-

438 5071 486 5106 ..
513 5002 994 5106 .ῗῖ.91οε,;.Ν.ξτξ;.
1010 5005 1165 5106 0331-
1209 5009 1424 5106 sine;
1463 5025 1591 5106 car;
1620 5010 1733 5106 .99-
1747 5020 1802 5106 εξ
1851 5025 2015 5106 22W-

453 5072 486 5113 !'
507 5072 711 5130 Athan.
735 5072 824 5131 *ου
849 5072 1014 5131 salut.
1045 5077 1167 5133 adv.
1218 5078 1442 5136 Christi:

2121 5010 2170 5043 “
2201 5007 2362 5064 Joan.
2414 5021 2453 5068 ι,
2502 5004 2590 5060 18.
2665 5003 2713 5038 ³⁸
2752 5002 2992 5073 Philipp.
3030 5017 3092 5067 ll,
3127 5000 3182 5055 6.
3257 5002 3301 5034 "
3339 4999 3523 5056 Ecele.
3573 5017 3612 5064 ι,
3661 5002 3748 5057 10.

1545 5083 1591 5114 ²⁹
1619 5079 1753 5137 Luc.
1783 5097 1822 5142 ι,
1851 5077 1953 5136 ἳϐξ
1979 5077 1989 5081 ⁷
2019 5081 2067 5115 ³⁸
2086 5080 2249 5136 Hebr.
2281 5095 2377 5144 vn,
2406 5077 2494 5130 14.

1710 5191 1944 5249 VARIAB
1979 5189 2268 5248 LECTION
2279 5188 2380 5244 ES.

512 5289 538 5356 Ῑ
575 5282 810 5356 Quidam
839 5285 1058 5342 codices
1094 5287 1387 5356 περιεῖδεν.
1465 5303 1490 5334 ι
1523 5289 1680 5344 Deest
1715 5289 1772 5343 δὲ
1799 5289 1854 5342 in
1884 5287 2016 5343 edit.
2094 5295 2132 5356 γέ
2159 5283 2319 5356 Deest
2346 5282 2400 5356 in
2431 5280 2593 5356 edith
2641 5278 3086 5356 συγκαταϐαίνει.
3114 5278 3248 5356 τοῖς.
3283 5272 3458 5356 ,αὑτοῦ
3488 5273 3722 5356 δούλοις.

442 5360 465 5388 ³
586 5343 988 5428 τὸιίξιέξῑλοοά.
1020 5358 1081 5428 ,8.
1136 5343 1243 5411 ΙΪῙΙ.
1268 5357 1362 5411 τοῦ
1393 5359 1529 5412 Θεοῦ
1554 5343 1752 5428 Λόγου.
1777 5357 1870 5412 Sic
1897 5357 2072 5413 Faber
2105 5355 2202 5408 Dei
2241 5352 2413 5407 Verbi.
2489 5363 2514 5391 α
2545 5349 2681 5404 Cod.
2714 5343 2772 5402 S.
2804 5347 2910 5402 l-lil.
2941 5356 2993 5403 et
3017 5347 3110 5400 alit
3139 5346 3293 5399 multi
3323 5347 3385 5396 ὲκ
3412 5343 3712 5396 Δαυῖτικοῦ

443 5419 633 5489 φύλου.
698 5425 727 5465 1³
750 5424 904 5482 Multi
931 5427 1092 5484 codd.
1113 5427 1202 5498 ἦν.

1957 5517 2164 5574 ΝΟΤᾸΕ
2175 5557 2189 5572 .

514 5608 724 5679 (5)οὺκ
758 5611 829 5667 ἐκ
884 5614 1244 5685 θελήματος.
1305 5615 1427 5671 Non
1457 5634 1520 5672 ea:
1569 5618 1860 5671 voluntate.
1909 5612 2019 5669 Re-

442 5677 782 5746 demptorcm
808 5697 846 5755 a
877 5677 1104 5755 peccato
1135 5677 1435 5741 immunem
1483 5689 1658 5743 fuisse
1687 5685 1868 5755 docet,
1895 5685 2020 5752 quia

437 5764 500 5804 ex
529 5762 686 5804 mare
716 5761 770 5807 et
802 5751 1004 5824 [etnina
1041 5757 1264 5824 genitus
1293 5773 1400 5811 non
1431 5768 1534 5820 est,
1577 5758 1672 5814 sed
1707 5758 1774 5810 de
1810 5751 2019 5819 Spiritu

425 5825 672 5885 sancto;
709 5837 777 5880 co
801 5822 912 5882 fere
975 5822 1138 5883 modo
1193 5843 1303 5898 quo
1344 5827 1551 5899 primus
1595 5828 1762 5882 Adam
1807 5825 2022 5880 cllicms

2123 5611 2324 5664 fuerat.
2357 5605 2666 5678 Nygsenus,
2691 5603 2907 5678 Catech.
2931 5615 3059 5678 _cap_.
3113 5600 3199 5660 ιδ,
3245 5595 3556 5678 hominm}:
3591 5611 3728 5678 pro,

2121 5665 2610 5736 creationi’vitium
2654 5665 2963 5728 admisci‘ri-
3011 5665 3107 5736 ait,
3170 5669 3294 5738 quin
3339 5683 3447 5720 non
3507 5665 3562 5718 ﬁt
3595 5665 3728 5721 Sine

2123 5749 2370 5811 libidine,
2436 5761 2559 5815 qum
2611 5745 2828 5815 proprie
2861 5741 3052 5804 πάθος,
3110 5740 3290 5808 passio
3315 5738 3548 5815 dicitur,
3575 5739 3718 5810 ὅπερ

2121 5821 2290 5877 κακὲα
2315 5807 2484 5882 ἐστὶν,
2510 5807 2625 5885 qua;
2657 5807 2783 5868 nihil
2812 5815 2879 5868 sit
2904 5807 3255 5882 pra'terquam
3281 5810 3488 5862 uitiauit.
3697 5807 3700 5810 ’
