3950 6304
198 350 305 414 989

1226 360 1324 420 DE
1354 362 1532 423 FIDE
1560 364 2023 425 ORTIIODOXA
2062 367 2206 427 LIB.
2241 368 2358 427 III.

3334 370 3445 435 990

192 464 289 517 καὶ
313 461 733 535 ἀνθρωπότητος
787 466 927 540 αὕτη
980 470 1353 526 συντέθειται·
1401 474 1524 528 οὔτε
1568 476 1676 548 μὴν
1717 481 1768 531 ὲν

1877 488 2077 533 natura
2107 479 2159 534 in
2196 481 2561 551 compositam
2591 495 2787 537 versus
2813 486 2897 537 est
2925 481 2991 538 δ’.
3025 482 3103 536 Ita
3135 498 3236 538 nec
3263 481 3413 537 Patri
3434 524 3450 547 ,

193 555 410 625 Θεότητί
440 557 668 611 ἐστικαὶ
716 558 1097 631 ἀνθρωπότητι
1118 582 1131 594 ·
1175 564 1298 618 οὔτε
1322 564 1378 619 δὲ
1417 566 1549 632 Θεὸς
1570 569 1768 640 ὀνομα-

193 646 477 716 σθήσεται,
502 647 623 701 οὐδὲ
645 647 951 721 ἄνθρωπος,
986 652 1123 707 ἀλλὰ
1163 655 1397 725 Χριστὸς
1438 657 1601 726 μόνον
1625 675 1639 688 ·
1674 659 1769 712 καὶ

189 738 341 791 ἔσται
368 738 447 805 τὸ,
479 739 738 809 Χριστὸς,
786 742 848 794 οὐ
891 742 990 814 τῆς
1040 744 1394 809 ὑποστάσεως
1419 745 1608 817 ὄνομα,
1635 748 1773 802 ἀλλὰ

188 829 289 898 τῆς
318 831 451 899 μιᾶς
481 832 604 884 κατ’
638 831 835 895 αὐτοὺς
866 833 1099 902 φύσεως.

1874 572 2035 640 cujus
2068 572 2302 642 simplex
2359 581 2554 627 natura
2604 582 2722 639 est,
2772 573 3269 632 consubstantialis
3319 578 3451 639 erit,

1876 678 1977 718 uec
2008 664 2208 730 matri,
2244 664 2451 734 quippe
2482 680 2602 734 quae
2630 680 2697 720 ex
2741 666 2944 721 deita‘te
2997 674 3050 721 et
3101 665 3455 721 humanitate

1877 757 2185 825 composita
2211 771 2323 811 non
2352 765 2474 822 est;
2514 771 2614 811 nec
2647 757 2775 810 item
2805 758 2859 811 iu
2889 758 3089 812 deitate
3114 766 3167 812 et
3197 759 3452 811 humani-

1878 852 1988 899 tate
2021 846 2161 910 erit,
2198 861 2303 902 nec
2336 846 2481 901 Deus
2512 846 2948 915 nuncupabitur,
2983 862 3084 901 nec
3119 848 3283 901 homo
3306 887 3319 909 ,
3354 845 3453 900 sed

187 924 443 979 Christus
466 926 770 982 duntaxat:
804 928 1019 999 eritque
1050 928 1255 985 Christi
1280 931 1629 1000 vocabulum,
1654 948 1763 990 non
1802 952 2052 1008 persona:
2086 941 2265 1012 ipsius
2294 956 2496 997 nomen
2519 981 2534 1007 ,
2567 940 2664 998 sed
2692 942 2879 1011 unius,
2910 953 2971 1000 ut
3037 943 3119 998 illi
3186 948 3449 1007 censent,

189 1027 428 1075 naturas.

268 1114 462 1186 Ἡμεῖς
482 1114 560 1181 δὲ,
595 1116 853 1171 συνθέτου
889 1118 1104 1188 φύσεως
1127 1120 1219 1173 τὸν
1241 1097 1477 1192 Χριστὸν
1514 1124 1773 1194 δογματί-

188 1203 379 1276 ζομεν,
413 1208 535 1261 οὐδὲ
563 1208 623 1273 ἐξ
645 1209 846 1281 ἑτέρων
869 1210 1058 1280 ἕτερον
1089 1212 1135 1277 i,
1168 1214 1358 1283 ὥσπερ
1377 1215 1443 1266 ἐκ
1471 1214 1650 1285 ψυχῆς
1679 1215 1774 1267 καὶ

188 1299 443 1370 σώματος
472 1300 779 1372 ἄνθρωπον,
805 1303 837 1374 ἢ
871 1303 948 1367 ὡς
971 1306 1035 1358 ἐκ
1057 1305 1341 1377 τεσσάρων
1372 1308 1652 1377 στοιχείων
1676 1307 1772 1360 cili-

188 1407 289 1459 μα,
325 1389 445 1442 ἀλλ’
490 1391 548 1455 ἐξ
591 1392 797 1461 ἑτέρων
824 1394 899 1463 (8)
928 1394 997 1448 τὰ
1028 1396 1168 1449 αὐτά
1199 1394 1212 1445 i
1243 1410 1260 1428 ο
1290 1398 1355 1450 ἐκ
1378 1398 1634 1473 ρεότητος
1660 1399 1769 1471 γὰρ

186 1483 283 1534 καὶ
315 1480 733 1554 ἀνθρωπότητος
771 1484 903 1539 Θεὸν
940 1487 1171 1552 τέλειον,
1204 1488 1299 1545 τὸν
1345 1489 1535 1554 αὑτὸν,
1565 1491 1662 1544 καὶ
1685 1486 1767 1543 εἶ·

179 1584 301 1633 ναι,
332 1573 427 1625 καὶ
448 1572 721 1641 λέγεσθαι,
754 1576 818 1628 ἑκ
840 1575 936 1630 δύο
954 1594 1038 1642 τε,
1079 1579 1174 1632 καὶ
1200 1579 1259 1631 ὲν
1290 1579 1409 1632 δυσὶ
1435 1580 1665 1648 φύσεσιν
1691 1580 1767 1653 (9)

186 1662 581 1735 ὁμολογοῦμεν.
623 1665 694 1719 Τὸ
713 1665 789 1731 δὲ,
821 1668 1078 1737 Χριστός,
1110 1670 1280 1741 ὄνομα
1298 1672 1397 1741 τῆς
1420 1673 1771 1737 ὑποστάσεως

186 1750 444 1823 λέγομεν,
482 1756 542 1808 οὐ
595 1757 947 1827 μονοτρόπως
983 1759 1301 1831 λεγόμενον,
1340 1761 1477 1816 ἀλλὰ
1526 1763 1636 1816 τῶν
1674 1763 1769 1815 δύο

187 1842 411 1912 φύσεων
469 1846 717 1916 ὑπάρχον
785 1852 1138 1918 σημαντικόν.
1181 1854 1354 1917 Αὐτὸς
1416 1853 1525 1922 γὰρ
1578 1854 1769 1907 ἑαυτὸν

186 1934 375 2005 ἔχρισε
398 1951 411 1965 ·
442 1937 610 2008 χρίων
641 1938 739 2008 μὲν
772 1940 848 2004 ὡς
877 1940 1009 2005 Θεὸς
1037 1942 1100 1995 τὸ
1136 1943 1297 2013 σῶμα
1328 1947 1397 2015 τῇ
1429 1945 1644 2015 θεότητι
1674 1948 1769 2000 αὑ·
1799 1933 1841 1986 Β

182 2027 308 2093 τοῦ,
352 2027 639 2099 χριόμενος
684 2031 763 2097 δὲ,
822 2032 896 2097 ὡς
925 2034 1248 2107 ἄνθρωπος·
1301 2039 1464 2102 αὐτὸς
1492 2040 1601 2112 γάρ
1654 2042 1770 2096 ἐστι

183 2119 349 2173 τοῦτο
376 2123 619 2177 κάκεῖνο.
666 2125 866 2195 Χρίσις
892 2126 949 2179 δὲ
980 2129 1011 2197 ἠ
1063 2128 1258 2199 Θεότης
1282 2133 1383 2202 τῆς
1416 2131 1775 2203 ἀνθρωπότη-

181 2229 302 2275 τος.
339 2214 402 2267 El
428 2215 536 2287 γὰρ
599 2218 728 2286 μιᾶς
780 2218 995 2287 φύσεως
1047 2220 1299 2276 συνθέτου
1343 2222 1419 2276 ὢν
1456 2216 1771 2296 ὁΧριστὸς,

183 2305 470 2375 ὀμοούσιός
524 2310 638 2362 ἐστι
693 2309 772 2381 τῷ
802 2312 997 2382 Ila-cpi,
1041 2314 1193 2367 ἔσται
1240 2315 1349 2386 ἄρα
1393 2318 1485 2369 καί
1520 2319 1547 2370 ὁ
1580 2319 1773 2389 Πατὴρ

187 2395 468 2466 σύνθετος,
502 2401 595 2455 καὶ
622 2404 700 2473 τῇ.
722 2404 886 2474 σαρκὶ
922 2407 1206 2475 ὁμοούσιος
1227 2449 1243 2476 ,
1278 2409 1414 2481 ὅπερ
1434 2410 1651 2476 ἄτοπον,
1672 2412 1768 2463 καὶ

182 2489 371 2562 πάσης
411 2491 761 2565 βλασφημίας
787 2495 1080 2552 ἀνάπλεον.

260 2764 385 2829 Πῶς
410 2766 467 2819 δὲ
494 2766 589 2819 καὶ
621 2765 719 2837 μία
746 2766 910 2836 φύσις
933 2767 1043 2821 τῶν
1070 2768 1328 2822 ἐναντίων
1350 2769 1625 2823 οὑσιωδῶν
1654 2771 1769 2823 δια-

3476 1040 3498 1069 \

1940 1124 2049 1181 Nos
2088 1141 2217 1181 vero
2251 1126 2537 1183 Christum
2569 1126 2994 1196 haudquaquam
3027 1124 3191 1184 unius
3226 1142 3449 1200 compo-

1871 1217 1991 1273 sita:
2018 1227 2232 1274 naturae
2257 1234 2381 1276 esse
2407 1219 2792 1290 praedicamus,
2820 1235 2997 1290 neque
3022 1235 3087 1275 ex
3116 1222 3239 1277 aliis
3263 1224 3410 1279 aliud
3431 1266 3447 1288 ,

1870 1311 2332 1379 quemadmodum
2361 1328 2427 1367 ex
2456 1313 2641 1367 anima
2673 1321 2726 1366 et
2755 1326 2986 1383 corpore
3014 1313 3289 1368 hominem
3313 1356 3327 1379 ,
3358 1329 3451 1372 aut

1870 1413 1936 1452 ex
1975 1407 2216 1468 quatuor
2246 1400 2533 1455 elementis
2555 1439 2570 1463 ,
2603 1414 2842 1469 corpus;
2875 1414 3064 1454 verum
3101 1415 3166 1456 ex
3210 1402 3449 1457 diversis

1870 1490 2061 1545 eadem
2094 1490 2161 1544 “.
2197 1490 2481 1561 Siquidem
2512 1505 2577 1545 ex
2613 1490 2818 1545 deitate
2844 1500 2897 1544 et
2931 1490 3273 1547 humanitate
3303 1509 3454 1547 eum-

1869 1582 1991 1636 dem
2026 1581 2196 1637 Deum
2240 1582 2575 1652 perfectum,
2612 1591 2667 1637 et
2702 1582 2979 1637 hominem
3018 1584 3321 1653 perfectum
3350 1625 3363 1648 ,
3397 1598 3453 1641 et

1868 1688 2025 1738 esse,
2056 1682 2112 1731 et
2140 1676 2283 1741 dici,
2320 1682 2490 1744 atque
2519 1690 2585 1729 ex
2618 1674 2865 1738 duabus,
2899 1682 2954 1729 et
2995 1675 3049 1728 in
3091 1674 3306 1731 duabus
3343 1689 3445 1728 ua-

1870 1766 2014 1822 turis
2059 1782 2186 1823 esse
2232 1768 2585 1823 conﬁtemur.
2634 1764 2845 1820 Christi
2900 1780 3065 1836 porro
3116 1766 3449 1821 vocabulum

1870 1873 2119 1928 personae
2146 1874 2271 1914 esse
2302 1859 2542 1914 dicimus
2565 1897 2579 1921 ,
2613 1857 2762 1928 quod
2795 1872 2903 1911 non
2937 1859 3195 1913 unimode
3222 1857 3447 1923 dicitur,

1871 1949 1962 2003 sed
1992 1948 2265 2018 duplicem
2297 1959 2548 2002 naturam
2577 1947 2873 2017 signiﬁcat.
2907 1947 3027 2017 ipse
3060 1948 3332 2017 siquidem
3363 1965 3450 2004 se-

1870 2039 2052 2109 ipsum
2088 2039 2274 2102 unxit,
2308 2052 2510 2109 corpus
2540 2039 2795 2093 videlicet
2830 2054 2989 2093 suum
3020 2039 3309 2095 divinitate
3344 2056 3448 2095 sua

1869 2132 2157 2202 ungeudo,
2190 2140 2450 2201 tanquam
2484 2129 2668 2196 Deus,
2724 2140 2927 2185 unctus
2976 2139 3192 2196 autem,
3242 2138 3302 2186 ut
3355 2131 3452 2185 lm-

1870 2238 1996 2286 mo;
2028 2223 2475 2292 quandoquidem
2509 2223 2658 2291 ipse,
2689 2230 2745 2276 et
2770 2222 2874 2275 hoc
2896 2263 2910 2286 ,
2947 2231 3002 2276 et
3033 2222 3167 2276 illud
3202 2232 3306 2278 est.
3341 2220 3452 2277 Un-

1869 2317 1979 2370 ctio
2020 2329 2189 2383 porro
2230 2313 2591 2368 humanitatis
2632 2320 2718 2367 est
2756 2312 3038 2367 divinitas.
3080 2310 3370 2367 Enimvero
3401 2314 3451 2368 si

1872 2406 2131 2462 Christus
2165 2418 2269 2459 una
2310 2412 2524 2458 tantum
2565 2403 2872 2473 composita
2910 2413 3106 2457 natura
3148 2402 3448 2473 praeditus,

1874 2499 2021 2554 Patri
2054 2497 2549 2554 consubstantialis
2581 2505 2699 2559 est,
2732 2496 2838 2550 erit
2870 2506 2924 2551 et
2969 2495 3133 2550 Pater
3174 2498 3452 2567 composi-

1869 2598 1961 2646 tus
1982 2630 1997 2656 ,
2031 2600 2088 2645 et
2120 2590 2277 2645 carni
2306 2587 2803 2644 consubstantialis
2832 2605 2845 2653 ;
2880 2587 3033 2657 quod
3062 2587 3210 2642 dictu
3245 2588 3439 2643 absur-

1868 2682 1996 2736 dum
2028 2689 2148 2745 est,
2182 2690 2238 2735 et
2269 2680 2417 2733 omni
2454 2679 2734 2749 impietate
2762 2678 2984 2747 plenum
3017 2678 3081 2732 “.

1936 2774 2019 2828 Ad
2052 2776 2205 2837 haec,
2238 2786 2477 2841 quonam
2522 2780 2686 2839 pacto
2735 2786 2845 2824 una
2897 2768 3205 2839 eademque
3251 2778 3453 2825 natura

187 2856 373 2926 φορῶν
420 2856 641 2927 δεκτικὴ
697 2860 1019 2927 γενήσεται;
1074 2860 1197 2922 Πῶς
1234 2864 1341 2929 γὰρ
1392 2860 1616 2913 δυνατὸν
1669 2861 1768 2930 τὴν

1877 2865 2319 2922 substantialium
2370 2861 2807 2916 differentiarum
2859 2868 3052 2915 mutuo
3092 2862 3451 2931 pugnantium

126 2959 143 2969 ‘
185 2946 356 3017 αὐτὴν
385 2947 548 3016 φύσιν
580 2949 721 3001 κατὰ
747 2949 943 3002 ταύτὸν
967 2950 1193 3021 κτιστὴν
1210 2946 1348 3003 εἶναι
1370 2952 1464 3003 καὶ
1488 2952 1766 3017 ἄκτιστον,

184 3038 391 3111 θνητὴν
430 3040 524 3093 καὶ
578 3040 869 3109 ἀθάνατον,
923 3044 1306 3113 περιγραπτὴν
1331 3043 1426 3097 καὶ
1459 3044 1767 3113 ἀπερίγρα-

170 3140 323 3184 ⁸πτον
343 3147 357 3195 ;

253 3224 316 3276 Ei
344 3222 400 3276 δὲ
430 3225 559 3294 μιᾶς
597 3224 849 3293 λέγοντες
897 3225 988 3278 τὸν
1017 3226 1252 3296 Χριστὸν
1306 3226 1543 3296 φύσεως,
1580 3228 1760 3299 ἁπλῆν

175 3315 386 3385 ταύτην
413 3315 641 3379 εἴποιεν,
677 3317 709 3387 ἢ
745 3316 952 3386 γυμνὸν
978 3317 1142 3370 αὐτὸν
1174 3317 1308 3370 Θεὸν
1336 3318 1757 3388 ὁμολογήσουσι,

176 3401 279 3456 καὶ
308 3403 609 3471 φαντασίαν
638 3404 970 3470 εἰσάξουσιν,
1000 3404 1103 3457 οὑκ
1134 3406 1571 3478 ὲνανθρὼπησιν,
1607 3407 1640 3479 ἢ
1668 3408 1760 3478 ψι-

1857 2972 2032 3027 capax
2066 2955 2170 3011 erit
2192 2955 2215 3008 ?
2236 2954 2340 3020 Qui
2372 2954 2520 3007 enim
2555 2953 2670 3007 ﬁeri
2710 2959 2909 3021 potest,
2933 2961 2992 3004 ut
3020 2952 3211 3005 eadem
3252 2960 3453 3005 natura

1862 3049 2025 3105 simul
2051 3086 2065 3109 ,
2099 3054 2153 3102 et
2184 3055 2368 3100 creata
2398 3044 2469 3099 sit
2495 3084 2508 3105 ,
2541 3053 2594 3097 et
2627 3044 2868 3097 increata
2899 3057 2915 3106 ;
2949 3042 3231 3105 mortalis,
3260 3049 3317 3096 et
3352 3042 3457 3095 im-

1866 3137 2159 3201 mortalis;
2194 3133 2659 3203 circumscripta,
2698 3140 2748 3186 et
2787 3130 3318 3201 iucircumscripta?

1936 3225 2322 3295 Monopltysitw
2353 3223 2625 3278 Christum
2665 3236 2888 3291 utraque
2942 3231 3137 3275 natura
3166 3220 3457 3291 perfectum

1868 3317 2131 3387 fatentur.
2163 3346 2234 3357 —
2260 3316 2416 3382 Quod
2454 3315 2498 3369 si
2531 3316 2699 3369 etiam
2726 3314 3010 3369 Christum
3052 3322 3262 3368 natura:
3292 3312 3458 3368 unius

1876 3424 2003 3463 esse
2031 3407 2282 3463 dicentes
2302 3448 2317 3473 ,
2348 3406 2657 3472 simplicem
2697 3404 2843 3460 hanc
2872 3419 2998 3459 esse
3037 3414 3292 3460 asseram
3312 3444 3327 3469 ,
3364 3411 3459 3457 aut

248 3581 299 3616 δ’
322 3581 465 3637 llas.
485 3580 658 3652 Epist.
686 3581 754 3636 ad
781 3580 947 3637 .loan.
977 3581 1147 3638 cubic.
1183 3597 1238 3653 p.
1259 3583 1386 3637 279.
1461 3582 1509 3615 “
1528 3583 1606 3638 Id.
1631 3582 1766 3639 ibid.
1798 3598 1853 3655 p.
1875 3583 2004 3638 286.
2079 3582 2127 3616 “
2146 3582 2340 3652 Eulog.
2361 3582 2505 3653 apud
2534 3580 2677 3635 Max.
2712 3590 2752 3635 t.
2794 3579 2859 3647 ll,
2883 3595 2937 3651 p.
2968 3579 3095 3636 145.

1461 3738 1696 3797 VARIE
1736 3741 2138 3798 LECTIONES.

258 3834 275 3873 ί
314 3831 391 3885 Re
432 3869 447 3885 .
483 3832 517 3885 5
546 3838 600 3887 et
632 3831 787 3887 Colb.
812 3833 846 3886 2
874 3833 961 3886 ἓτε
1003 3833 1061 3887 όν
1085 3850 1163 3888 τι.
1192 3832 1283 3887 Sic
1312 3841 1470 3888 vetus
1503 3833 1733 3901 interpr.
1785 3833 1935 3887 aliud
1956 3835 2105 3903 quid.
2184 3832 2198 3885 i
2241 3832 2378 3903 Reg.
2424 3832 2459 3887 '5
2497 3828 2694 3887 ταῦτα.
2750 3829 2928 3886 Faber
2973 3831 3106 3895 illa;
3151 3829 3232 3885 sic
3287 3831 3459 3885 Maxi-

258 3918 326 3956 ts.
359 3847 450 3956 lig.
494 3901 572 3956 De
603 3903 816 3956 vocibus
850 3905 904 3956 in
931 3851 1174 3956 Εεειεεὶα
1204 3906 1446 3956 recentis.
1472 3903 1550 3956 ait
1597 3903 1880 3956 Christum
1928 3920 2054 3956 esse
2096 3904 2189 3956 δύο
2220 3904 2451 3956 φύσεις.
2478 3903 2560 3955 ὅτι
2601 3901 2674 3956 μὴ
2731 3902 2797 3955 ὲκ
2845 3901 3053 3956 τούτων
3110 3902 3270 3956 μόνον
3321 3901 3458 3955 ἀλλὰ

177 3918 326 3968 mus,
359 3901 450 3956 lib.
494 3901 572 3956 De
603 3903 816 3958 vocibus
850 3905 904 3957 in

177 3975 279 4028 καὶ
302 3972 496 4026 ταῦτα.

980 3905 1174 3959 cclesia
1204 3906 1446 3973 receptis,
1472 3903 1550 3958 ait
1597 3903 1880 3959 Christum
1928 3901 2054 3960 eSse
2096 3904 2189 3958 δύο
2220 3901 2451 3973 φύσεις,
2478 3903 2560 3955 ὅτι
2601 3901 2677 3973 μὴ
2731 3902 2797 3955 ὲκ
2845 3901 3053 3956 τούτων
3110 3902 3270 3972 μόνον
3321 3901 3458 3955 ἀλλὰ

1690 4059 1930 4117 NOTAE.

257 4152 337 4224 (8)
367 4149 555 4224 V’Au’
574 4154 642 4216 ἐξ
660 4150 982 4224 ἑτέρων-τὰ
1006 4150 1311 4224 αὐτά-δαί
1350 4168 1414 4207 ea:
1435 4152 1655 4208 diversis
1680 4172 1773 4209 ea-

184 4222 329 4279 dem.
361 4223 445 4294 Ita
472 4223 534 4277 S.
574 4223 841 4277 Maximus
870 4222 1131 4294 dixerat:
1169 4222 1320 4277 Duas
1347 4233 1570 4278 naturas
1604 4227 1772 4294 conﬁ-

185 4303 381 4357 temur,
404 4293 582 4365 Deum
615 4302 663 4348 et
686 4294 955 4365 hominem,
977 4292 1165 4365 illum,
1197 4309 1316 4365 esse
1343 4295 1626 4358 credendo,
1677 4292 1768 4365 qui

183 4381 293 4418 non
331 4364 504 4417 solum
541 4379 607 4418 ea:
644 4363 762 4417 istis
792 4365 884 4423 sit.
908 4362 1046 4415 ἀλλὰ
1083 4363 1179 4415 καὶ
1220 4363 1418 4429 ταῦτα,
1444 4367 1535 4419 sed
1564 4375 1615 4420 et
1659 4362 1771 4419 Iura

1876 4154 2016 4226 quod
2044 4169 2108 4207 ea:
2136 4152 2269 4226 Deo,
2306 4154 2494 4209 Deum.
2530 4151 2626 4207 Est
2651 4162 2827 4226 autem
2859 4151 3022 4226 simul
3056 4161 3276 4221 utraque
3304 4149 3457 4207 Chri-

1877 4221 2015 4287 stus,
2043 4226 2132 4291 qui
2160 4223 2335 4279 Filius
2367 4241 2504 4278 unus
2536 4226 2625 4280 sit.
2656 4233 2705 4278 et
2738 4221 2993 4277 Dominus
3030 4237 3164 4275 unus
3192 4237 3309 4274 cum
3336 4241 3459 4293 ρνοέ

1874 4296 1994 4362 pria
2017 4311 2116 4348 sua
2147 4310 2323 4349 carne.
2360 4294 2534 4347 Porro
2580 4293 2847 4348 Christum
2885 4302 3108 4362 utraque
3152 4307 3284 4362 esse,
3332 4292 3456 4361 quid

1877 4359 2027 4417 aliud
2053 4367 2145 4427 sit,
2171 4366 2273 4418 nisi
2297 4365 2567 4418 Christum
2597 4375 2822 4418 naturas
2846 4362 2980 4416 duas
3001 4359 3134 4415 esse.
3169 4359 3289 4414 Non
3317 4359 3456 4415 enim

183 4437 328 4503 ipsa.
362 4431 417 4488 Id
442 4434 588 4503 quod
613 4442 741 4487 ante
781 4441 1226 4503 propugnaverat
1269 4434 1536 4503 Eulogius
1584 4452 1650 4491 ex
1683 4436 1768 4490 his
1806 4485 1844 4503 η
1875 4435 1958 4487 hic
1990 4437 2147 4496 dixit,
2180 4451 2243 4489 ex
2276 4436 2547 4488 ambobus
2579 4451 2711 4496 esse.
2760 4434 2850 4487 sed
2890 4441 3144 4503 utraque,
3182 4447 3272 4484 seu
3305 4432 3459 4485 arrabo

231 4485 1037 4574 in’iii’yéisi‘s'épistietis
1072 4485 1533 4559 succesgiiﬁyg
1555 4485 1650 4559 κᾶι
1679 4485 1770 4558 ξέδῦ
1806 4485 1846 4538 Ι)
1877 4485 2250 4564 atrumst,
2279 4485 2907 4574 ὶξὶὶῖιῖαἲνὶεἱῖιὶἠυῖέίιζ

183 4573 352 4627 αὐτὸν
378 4573 536 4627 τοῦτο
564 4574 790 4626 κάκεῖνο
841 4573 1157 4644 ὸπάρχοντα
1176 4589 1191 4602 ⁸
1239 4575 1344 4637 Qui
1371 4590 1505 4630 unus
1536 4576 1773 4642 idemque

185 4646 304 4710 ipse
322 4644 417 4697 hoc
447 4644 681 4712 illudque
707 4651 807 4699 est.
836 4643 1276 4712 Kataxbrznaov,
1312 4645 1490 4713 inquit
1515 4685 1528 4707 ,
1576 4646 1652 4708 ὡς
1673 4646 1773 4698 οὐκ

185 4709 346 4767 εἶπεν
372 4715 437 4767 ὲκ
460 4714 653 4766 τούτου
684 4712 936 4766 κάκείνου
962 4713 1280 4781 ὑπάρχοντα
1297 4729 1313 4744 ο
1342 4715 1405 4766 τὸ
1441 4714 1550 4781 γὰρ
1569 4756 1583 4779 ,
1615 4715 1774 4768 τοῦτο

185 4756 437 4856 Ξέιῖεέὶνὲῖ
460 4756 1768 4856 ἑῦὂὲςὶνὶᾜέἐπῖσῗυῖέπᾶξὶὸξ,μῆἶβὲῖιῖἦθέἱῆῖτῖ

185 4851 361 4907 Πάλιν
380 4852 437 4905 δὲ
464 4854 492 4904 ὁ
520 4852 680 4915 αὐτὸς
706 4852 844 4921 πρὸς
869 4850 1229 4921 Οὐαλεριανὸν
1257 4850 1348 4905 τὸν
1376 4850 1615 4908 ’Ἰκονίου
1650 4850 1772 4909 ἐπί-

187 4938 396 4978 σκοπον
430 4921 574 4976 οὓτω
598 4922 825 4991 γράψει’
867 4921 1081 4993 Οὐκοῦν
1103 4922 1551 4993 ὁμολογουμένως
1587 4925 1687 4993 μὲν
1712 4925 1775 4976 τὸ

183 4994 299 5047 ἀπὸ
333 4993 537 5063 σαρκὸς
563 4993 701 5062 σάρξ
727 4992 867 5055 ἐστι,
902 4991 1036 5063 τὸδξ
1070 4992 1133 5042 ἐκ
1158 4992 1328 5063 ﬁsci),
1363 4994 1493 5063 Θεός
1523 5011 1535 5027 ’
1568 4991 1685 5046 ἔστι
1715 4995 1772 5063 bs

182 5064 312 5117 καθ’
346 5054 821 5131 αὕτὸνίάμφότερα
844 5054 1097 5131 Χριστὸς,
1128 5054 1208 5123 εἷς
1253 5061 1332 5113 ὣν
1364 5054 1513 5127 Υἱὸς,
1570 5066 1662 5115 καὶ
1692 5058 1772 5126 εἷς

184 5133 407 5203 Κύριος.
429 5129 691 5203 μετὰτῆς
723 5129 860 5194 ἰδίας
884 5129 1050 5203 αὐτοι)
1075 5132 1295 5203 σαρκός.
1331 5134 1404 5184 Τὸ
1434 5133 1492 5184 δὲ
1512 5134 1603 5185 τὸν
1632 5135 1771 5203 Χρι-

182 5198 314 5256 στὸν
356 5198 494 5273 εἶναι
547 5198 857 5273 ἀμφότερα,
886 5200 966 5273 -τί
988 5270 995 5273 Α
1020 5198 1209 5273 ἕτερον
1237 5204 1421 5273 ὲστινλ
1447 5203 1478 5273 ἢ
1506 5202 1600 5256 δύο
1631 5198 1769 5256 εἶναι

183 5273 381 5340 φύσεις
414 5272 514 5342 τὸν
534 5269 800 5342 Χριστόν·
844 5271 906 5323 οὑ
939 5270 1050 5339 γὰρ
1083 5269 1239 5323 εἶπεν
1275 5269 1531 5332 ἐνταῦθα,
1567 5272 1627 5336 ἐξ
1664 5275 1773 5341 ἁμ-

184 5339 435 5413 φρτέρων
466 5339 630 5413 εῖναι.
663 5341 775 5394 ἀλλ’
800 5343 884 5394 ὅτι
912 5342 1402 5413 νᾲμφότεράνὲστιν
1457 5343 1485 5393 ὁ
1511 5339 1766 5413 Χριστὸς,

184 5359 320 5408 goes
360 5360 435 5396 ων
466 5359 630 5402 ειναι,
663 5359 773 5394 αλκ
800 5359 884 5394 οτι
931 5359 1217 5409 αμφοτερα
1251 5359 1402 5394 εστιν
1457 5359 1485 5393 ο
1511 5359 1763 5413 Αριστος,

184 5407 271 5474 εἷς
312 5359 387 5464 «εν
407 5430 421 5444 ο
450 5412 682 5467 Observa
715 5413 874 5466 etiam
901 5410 1053 5463 illum
1081 5427 1184 5465 non
1208 5412 1439 5474 dixisse,
1472 5427 1535 5464 ex
1571 5413 1663 5464 ltoc
1688 5420 1763 5465 at-

184 5498 289 5549 que
316 5482 415 5536 illo
438 5490 730 5537 exstantem
763 5481 922 5552 (quod
955 5481 1163 5552 quidem
1182 5497 1359 5535 verum
1376 5483 1537 5552 erat),
1562 5484 1651 5536 sed
1677 5483 1766 5552 qui

186 5552 291 5606 hoc
317 5561 369 5607 et
398 5553 532 5606 illud
568 5550 803 5606 exsistit.
854 5550 1126 5621 Namihoc
1157 5563 1207 5606 et
1246 5551 1382 5605 illud
1416 5550 1631 5621 prbrsus
1665 5550 1769 5607 duo

186 5633 338 5685 sunt,
369 5623 657 5691 quamlibet
705 5622 955 5676 noluerit.
994 5620 1096 5674 Sed
1125 5632 1175 5676 et
1214 5624 1290 5674 sic
1342 5624 1450 5689 ipse
1484 5640 1671 5677 rursus
1700 5623 1768 5676 ad

204 5691 544 5746 Valerianum
574 5692 747 5746 Iconii
768 5693 1066 5759 episcopum
1093 5693 1280 5746 scribit
1309 5712 1327 5749 :
1363 5692 1534 5761 Igitur
1560 5696 1612 5746 in
1640 5710 1767 5745 con-

198 5766 337 5839 fesso
383 5772 482 5829 est,
530 5763 662 5817 illud
719 5764 856 5830 quod
887 5779 951 5817 ex
1002 5778 1157 5818 carne
1182 5773 1282 5827 est,
1318 5782 1427 5821 esse
1453 5780 1682 5830 carnem,
1718 5772 1767 5817 et

1949 4575 2025 4643 (9)
2061 4573 2171 4627 Kal
2196 4575 2268 4627 ἐν
2297 4574 2440 4627 δυσὶ

1875 4640 2100 4697 Dixerat
2138 4640 2502 4713 Eutyches-eix
2538 4644 2761 4713 duabus
2784 4643 2997 4713 naturis
3024 4657 3185 4713 unam
3227 4656 3352 4713 esse
3379 4640 3461 4692 fa-

1874 4724 2021 4767 ctum
2058 4728 2070 4765 :
2116 4723 2170 4767 at
2200 4708 2309 4767 Leo
2337 4711 2407 4766 M.
2440 4712 2703 4767 Flaviano
2734 4711 2839 4766 CP.
2890 4712 3193 4781 rescripsit,
3220 4711 3293 4781 in_
3318 4708 3458 4761 dna-

1874 4784 1969 4838 bus
1997 4784 2156 4836 etiam
2202 4784 2435 4847 naturis,
2468 4791 2689 4837 exstare
2715 4781 2997 4836 Christum
3030 4778 3229 4850 :‘quod
3266 4778 3457 4834 Patres

1872 4853 2358 4907 Chalcedonenscs
2403 4853 2770 4921 profitendum
2805 4865 3060 4921 sanxere.
3112 4851 3166 4921 lu
3197 4849 3460 4921 editioni-

1873 4923 1977 4978 hus
2014 4918 2462 4993 actorurultujus
2495 4922 2688 4993 synodi
2721 4922 2899 4993 proév
2944 4920 3037 4974 δύο
3071 4920 3287 4993 φύσεσι,
3320 4918 3459 4988 legi-

1873 5001 1963 5071 tur
1987 4996 2064 5071 tie
2084 4994 2181 5047 δύο
2214 4989 2633 5071 (p_baswv,_quod
2669 4992 2925 5071 mendum
2966 4991 3165 5071 corrigi
3200 4989 3357 5044 debet
3388 5002 3465 5045 ex

1872 5062 2107 5133 Evagrio
2136 5072 2189 5118 et
2214 5064 2356 5125 aliis.
2392 5063 2484 5131 qui
2517 5070 2791 5133 testantur
2827 5061 3233 5133 lilonOpliy'sitas
3264 5072 3455 5133 vocem

1872 5126 2020 5187 illam
2054 5126 2428 5196 exhorruisse,
2458 5147 2559 5187 ceu
2611 5131 2813 5201 Cyrillo
2840 5138 2894 5185 et
2942 5126 3207 5185 anteactis
3238 5126 3457 5201 singulis

1872 5204 2199 5259 inauditam.
2228 5204 2397 5269 Quasi
2434 5218 2566 5258 vero
2620 5196 2856 5272 Cyrillus
2897 5201 3194 5272 scribendo
3217 5200 3290 5272 ad
3319 5196 3459 5272 Suc-

1871 5289 2088 5329 cessum
2114 5316 2128 5339 ,
2171 5267 2452 5329 Christum
2515 5289 2637 5327 esse
2665 5267 2992 5339 'perfectum,
3033 5271 3089 5320 ὲν
3141 5268 3375 5339 θεότητι,
3402 5267 3463 5319 in

1870 5345 2088 5407 deitate,
2121 5355 2169 5399 et
2204 5344 2490 5412 perfectum
2521 5344 2577 5395 in
2608 5342 2955 5412 lunuanitate,
2990 5352 3099 5391 non
3146 5338 3458 5412 signiﬁcas-

1871 5423 1957 5468 set
1988 5406 2135 5476 eutn,
2174 5406 2226 5467 in
2252 5406 2454 5467 duabus
2483 5412 2689 5465 naturis
2736 5410 2979 5478 perfectis
3028 5416 3260 5470 exstare,
3297 5406 3467 5460 Nicen

1871 5485 2081 5553 phorus
2141 5486 2277 5539 Call.
2336 5484 2601 5553 lib._xvm
2639 5483 2871 5553 Iltsttc.
2911 5478 3000 5541 46,
3039 5478 3455 5553 Nstaianzcnum

1869 5546 2265 5621 pronuntiasse
2294 5555 2390 5617 ait,
2424 5551 2839 5621 Christumilla
2882 5563 3098 5621 scrvare
3130 5549 3183 5621 in
3237 5546 3459 5621 cutibus,

1868 5612 1918 5676 et
1955 5625 2251 5695 exquibus,
2280 5634 2340 5695 et
2362 5612 2479 5692 qua:
2511 5631 2609 5685 est,
2668 5619 2738 5673 τὰ
2773 5618 2832 5685 ὲξ
2876 5614 2972 5695 ὧν,
3001 5618 3097 5695 xui
3141 5620 3200 5670 ὲν
3229 5612 3475 5695 dignm}.

1869 5695 2011 5764 ειπερ
2050 5687 2183 5747 ’ἐστὶ
2224 5687 2487 5760 σώζοντα.
2525 5695 2681 5760 Quod
2719 5701 2898 5746 tamen
2936 5689 2991 5743 in
3034 5689 3153 5760 ejus
3194 5687 3465 5759 operibus

1870 5781 1979 5819 non
2009 5781 2212 5836 reperi.

2465 4576 2746 4642 φύσεσιν.
2793 4569 2862 4625 Et
2901 4574 2957 4626 in
2986 4571 3189 4625 duabus
3224 4570 3457 4642 naturis.
