3950 6304
213 235 317 303 993

209 436 387 490 κοινὸν
426 434 565 501 εἶδος
610 438 814 494 λαϐεῖν.
855 438 994 491 Οὔτε
1045 439 1154 509 γὰρ
1184 440 1421 508 ἐγένετο,
1463 440 1584 493 οὐδέ
1615 443 1786 507 ἐστιν,

206 527 333 581 οὔτε
360 529 491 581 ποτὲ
537 530 828 599 γενήσεται
879 529 1037 592 ἄλλος
1069 532 1305 602 Χριστὸς
1334 532 1397 585 ὲκ
1428 531 1679 600 θεότητός
1728 548 1787 583 τε

210 619 308 671 καὶ
352 619 806 691 ἀνθρωπότητος,
868 624 927 675 ὲν
992 622 1208 692 θεότητι
1256 623 1349 675 καὶ
1385 622 1785 693 ἀνθρωπότητι,

208 709 344 772 θεὸς
370 709 573 772 τέλειος
599 712 627 762 ό
658 711 840 776 αὐτὸς,
873 714 966 766 καὶ
989 713 1275 784 ἄνθρωπος
1307 713 1530 776 τέλειος.
1572 712 1789 765 Ἐντεῦ-

212 800 306 851 θεν
356 801 456 853 ούκ
515 801 663 855 ἔστιν
724 803 899 855 εἰπεῖν
955 804 1085 873 μίαν
1120 805 1283 872 φύσιν
1311 805 1404 857 ἐπὶ
1444 804 1538 857 τοῦ
1582 804 1787 873 Κυρίου

210 889 369 959 ἡμῶν
407 891 581 961 Ἰησοῦ
615 892 878 962 Χριστοῦ,
910 892 1098 965 ὥσπερ
1129 895 1220 947 ἐπὶ
1267 895 1362 948 τοῦ
1406 894 1611 963 ἀτόμου
1654 894 1680 931 ι
1725 896 1790 947 ὲκ

210 979 393 1051 ψυχῆς
432 983 527 1036 καὶ
551 984 801 1053 σώματος
841 986 1227 1056 συγκειμένου,
1268 986 1410 1039 οῦτω
1448 988 1543 1040 καὶ
1569 988 1661 1040 ἐπὶ
1693 986 1788 1040 τοῦ

212 1077 452 1146 Χριστοῦ
484 1078 548 1128 ἐκ
569 1075 819 1146 θεότητος
876 1076 969 1130 καὶ
1020 1077 1459 1147 ἁνθρωπότητος.
1508 1078 1656 1131 Ἐκεῖ
1689 1080 1788 1149 μὲν

212 1172 323 1243 γὰρ
348 1172 570 1239 ἄτομον,
599 1170 627 1220 ὁ
650 1168 705 1220 δὲ
736 1166 971 1233 Χριστὸς
1000 1167 1100 1219 ούκ
1130 1167 1331 1238 ἄτομον
1351 1183 1365 1197 ·
1391 1169 1513 1221 οὐδὲ
1534 1168 1642 1239 γὰρ
1676 1169 1788 1238 ἔχει

211 1257 693 1331 κατηγορούμενον
757 1252 895 1317 εἶδος
944 1256 1333 1327 Χριστότητος.
1366 1257 1457 1309 Διὸ
1481 1257 1544 1328 δὴ
1583 1260 1646 1311 ὲκ
1697 1257 1790 1311 δύο

213 1352 431 1420 φύσεων
488 1347 733 1411 τελείων,
767 1346 917 1409 θείας
970 1364 1028 1399 τε
1063 1348 1160 1401 καὶ
1205 1348 1576 1419 ἀνθρωπίνης,
1610 1350 1789 1419 φαμὲν

214 1440 541 1513 γεγενῆσθαι
563 1440 659 1510 τὴν
682 1439 906 1491 ἓνωσινο
944 1438 1005 1491 οὐ
1055 1438 1197 1491 κατὰ
1241 1439 1482 1509 φυρμὸν,
1516 1440 1548 1511 ἢ
1590 1440 1790 1510 σύγχυ-

217 1550 323 1597 σιν,
363 1532 396 1603 ἥ
428 1531 730 1600 σύγκρασιν
758 1528 802 1592 1,
830 1529 863 1600 ἢ
897 1530 1224 1600 ἀνάκρασιν,
1259 1530 1332 1591 ὡς
1353 1532 1381 1582 ό
1408 1530 1665 1601 θεήλατος
1686 1530 1787 1601 ἔφη

212 1626 528 1697 Διόσκορος,
570 1622 878 1693 Εὑτυχήςω
917 1638 1000 1683 τε,
1039 1622 1134 1674 καὶ
1172 1622 1431 1692 Σευῆρος,
1461 1622 1554 1675 καὶ¹
1597 1623 1629 1692 ή
1667 1622 1791 1675 τού-

696 298 705 307 ,
1266 238 1363 297 DE
1398 238 1573 299 FIDE
1607 238 2071 299 ORTHODOXA
2097 239 2242 299 LIB.
2278 242 2391 302 III.

296 343 420 397 Ἐπὶ
444 344 501 398 δὲ
532 343 627 399 τοῦ
650 344 855 415 Κυρίου
888 345 1044 415 ήμῶν
1077 346 1254 416 Ἰησοῦ
1283 347 1520 419 Χριστοῦ
1544 348 1644 401 οὐκ
1678 347 1791 399 εστι

1966 349 2032 401 At
2065 365 2193 404 vero
2223 350 2268 382 “
2302 350 2358 403 in
2391 348 2623 404 Domino
2668 358 2860 405 nostro
2908 350 3038 408 Jcsu
3083 352 3305 409 Christo
3363 373 3470 411 nun

3368 250 3472 311 994

1897 448 2077 510 potest
2112 441 2286 510 accipi
2317 442 2628 496 communis
2662 442 2897 511 spe..ies.
2931 442 3118 513 Neque
3148 446 3296 499 enim
3330 444 3468 508 fuit.

1898 546 1998 586 nec
2027 542 2113 585 est
2139 572 2153 596 ,
2183 546 2284 585 nec
2314 547 2555 601 unquam
2588 532 2695 586 erit
2726 533 2872 588 alius
2902 534 3156 590 Christus
3182 551 3246 589 ex
3274 537 3472 592 deitate

1895 629 1951 675 et
1986 621 2360 683 humanitate,
2398 622 2565 690 inque
2607 622 2811 677 deitate
2853 632 2908 677 et
2951 623 3296 680 humanitate
3327 626 3470 681 idem

1897 712 2174 780 perlectus
2208 711 2351 765 Deus
2374 751 2388 775 ,
2414 720 2467 766 et
2498 711 2779 781 perfectus
2814 714 2997 767 homo.
3030 714 3167 767 llinc
3200 714 3289 780 lit,
3326 725 3385 769 ut
3417 717 3471 769 in

1898 801 2128 855 Domino
2157 810 2350 857 nostro
2381 800 2514 856 Jesu
2561 802 2781 858 Christo
2829 814 3024 857 natura
3078 820 3186 858 una
3237 806 3470 860 dicenda

1898 909 2006 947 non
2043 895 2157 959 sit,
2184 902 2239 947 ut
2273 894 2466 948 eodem
2500 894 2666 947 modo
2696 893 2763 946 de
2796 893 3018 948 Christo
3049 896 3143 964 qui
3177 912 3242 950 ex
3271 897 3472 951 deitate

1897 994 1951 1040 et
1982 986 2324 1039 humanitate
2351 986 2690 1053 compositus
2717 992 2801 1039 est
2822 1023 2836 1048 ,
2868 985 3177 1054 loquamur,
3207 988 3373 1042 veluti
3403 988 3473 1042 de

1897 1076 2187 1131 individuo
2216 1076 2362 1146 quod
2394 1090 2625 1144 corpore
2658 1082 2713 1129 et
2743 1075 2927 1129 anima
2961 1085 3199 1130 constat.
3247 1077 3472 1132 lllicsi-

1896 1167 2118 1236 quidem
2154 1164 2498 1219 individuum
2544 1177 2663 1230 est;
2715 1174 2773 1220 at
2818 1164 3075 1220 Christus
3125 1181 3470 1235 nequaquam

1895 1268 1980 1312 est
2011 1256 2353 1311 individuum
2385 1274 2399 1309 :
2433 1271 2609 1325 neque
2657 1256 2802 1310 enim
2853 1255 3235 1318 Christitatis,
3288 1264 3346 1310 ut
3398 1257 3472 1311 ita

1896 1349 2076 1403 dicam
2096 1389 2111 1415 ,
2142 1348 2378 1417 speciem
2415 1346 2705 1417 ejusmodi
2729 1348 2928 1411 habet,
2960 1348 3027 1402 de
3055 1363 3163 1417 qua
3211 1348 3473 1418 praedice-

1898 1451 2003 1496 tur.
2034 1443 2113 1494 Ac
2143 1439 2374 1510 proinde
2418 1455 2482 1493 ex
2526 1440 2741 1495 duabus
2785 1442 2999 1495 naturis
3031 1441 3295 1510 perlectis
3320 1482 3335 1508 ,
3369 1442 3474 1497 hoc

1896 1540 1981 1589 est
2001 1571 2016 1595 ,
2048 1533 2234 1587 divina
2261 1542 2316 1585 et
2343 1532 2581 1584 humana
2601 1572 2617 1597 ,
2649 1532 2910 1586 unionem
2942 1548 3069 1587 esse
3100 1532 3301 1587 factam
3332 1534 3470 1587 dici-

1897 1639 2020 1678 mus
2041 1662 2057 1686 ,
2089 1639 2198 1678 non
2233 1624 2299 1675 ad
2338 1622 2557 1676 modum
2593 1623 3006 1691 conspersionis
3029 1665 3044 1688 ,
3078 1638 3180 1676 nec
3210 1638 3307 1692 per
3334 1638 3472 1678 con-

212 1734 325 1769 των
347 1715 545 1784 ἐναγὴς
571 1713 853 1783 συμμορία
877 1729 891 1741 ·
926 1713 1048 1766 οὐδὲ
1101 1713 1484 1784 προσωπικὴν,
1517 1713 1550 1783 ἢ
1609 1731 1791 1783 σχετι-

1895 1716 2170 1770 fusionem
2195 1754 2210 1780 ,
2240 1714 2322 1767 vel
2354 1713 2790 1767 commistionem
2812 1754 2827 1777 ,
2860 1723 2955 1768 aut
2983 1716 3432 1784 temperatiouem
3454 1754 3471 1779 ,
3550 1740 3557 1743 ν

214 1805 338 1873 κὴν,
371 1803 548 1873 ἢκατ⁹
567 1802 744 1867 ἀξίαν,
785 1803 820 1873 ἢ
870 1800 1281 1866 ταποὸουλίαν,
1332 1802 1364 1872 ἢ
1413 1801 1790 1872 όμοτιμίαν,ἢ

211 1894 556 1964 ὁμωνυμίαν,
584 1894 617 1964 ἢ
649 1894 921 1958 εὐδοκίαν,
957 1892 1032 1956 ὡς
1064 1893 1093 1944 ό
1127 1892 1424 1963 θεοστυγὴς
1452 1892 1556 1961 ἔφη
1590 1892 1794 1945 Νεστό-

217 2002 356 2057 ριος,
421 1985 683 2055 Διόδωρός
734 2001 817 2050 τε,
870 1986 965 2037 καὶ
1011 1986 1039 2036 ό
1073 1984 1449 2053 Μοψουεστίας
1494 1984 1788 2055 Θεόδωρος,

214 2077 310 2131 καὶ
338 2078 371 2147 ή
402 2077 606 2130 τούτων
633 2075 990 2146 δαιμονιώδης
1010 2078 1299 2148 ὁμήγυρις,
1323 2076 1462 2130 ἀλλά
1491 2076 1631 2131 κατά
1665 2076 1790 2130 σύν-

215 2167 389 2230 θεσιν,
415 2170 582 2238 ήγουν
605 2168 728 2221 καθ’
761 2167 1079 2229 ὑπόστασιν,
1120 2166 1426 2237 ἀτρέπτως,
1476 2167 1572 2220 καὶ
1623 2167 1793 2235 ἀσυγ-

212 2258 416 2328 χύτως,
453 2260 546 2312 καὶ
576 2258 972 2323 ἀναλλοιώτως,
1005 2258 1099 2311 καὶ
1122 2256 1471 2327 ἀδιαιρέτως,
1507 2258 1599 2310 καὶ
1636 2257 1792 2310 ἀδια-

215 2358 453 2421 στὰτως,
504 2356 600 2411 καὶ
631 2360 689 2410 ὲν
717 2356 837 2410 δυσὶ
871 2356 1063 2425 φύσεσι
1097 2355 1315 2417 τελείως
1358 2354 1629 2423 ἐχούσαις,
1664 2354 1792 2424 μίαν

215 2450 515 2503 ὑπόστασιν
542 2448 912 2518 ὁμολογοῦμεν
939 2447 1034 2500 τοῦ
1079 2447 1209 2499 Υίοῦ
1241 2446 1335 2500 τοῦ
1373 2446 1533 2509 Θεοῦ,
1566 2447 1660 2500 καὶ
1706 2464 1794 2498 σε-

215 2539 593 2610 σαρκωμὲνου,
626 2540 726 2610 τὴν
750 2538 919 2608 αὐτὴν
940 2538 1235 2591 ὑπόστασιν
1260 2537 1509 2605 λέγοντες
1546 2538 1643 2607 τῆς
1674 2536 1789 2589 θεό-

213 2648 379 2701 τητος
430 2633 523 2684 καὶ
573 2631 674 2700 τῆς
718 2630 1135 2703 ἀνθρωπότητος
1185 2629 1374 2694 αὑτοῦ,
1430 2631 1523 2682 καὶ
1566 2629 1666 2692 τὰς
1700 2628 1794 2681 δύο

194 2723 409 2793 φύσεις
459 2722 845 2793 ὁμολογοῦντες
906 2720 1175 2786 σώζεσθαι
1221 2722 1279 2773 ὲν
1330 2719 1481 2789 αύτῷ
1527 2719 1666 2788 μετά
1695 2718 1793 2787 τὴν

214 2816 444 2868 ἒνωσιν’
484 2816 582 2868 οὐκ
643 2814 747 2885 ίδίᾳ
790 2814 886 2866 καὶ
943 2812 1214 2883 ἀναμέρος
1261 2812 1504 2875 τιθέντες
1533 2813 1793 2874 ἑκάστην,

215 2906 330 2960 ἀλλ’
370 2904 656 2976 ήνωμένας
685 2904 942 2974 ἀλλήλαις
968 2906 1026 2957 ὲν
1055 2906 1121 2974 τῇ
1161 2905 1259 2973 μιᾷ
1281 2902 1520 2973 συνθέτῳ
1553 2902 1793 2955 ὑποστά-

217 3016 321 3053 σει,
349 2996 593 3067 Οὑσιὼδη
628 2996 736 3067 γάρ
766 3014 947 3066 φαμεν
980 2996 1077 3065 τὴν
1109 2996 1324 3061 ἕνωσιν,
1358 2994 1636 3047 τουτέστιν
1663 2994 1795 3064 ἀλη-

215 3090 309 3160 θῆ,
335 3090 428 3143 καὶ
460 3090 518 3142 οὐ
551 3088 693 3142 κατὰ
724 3088 1044 3157 φαντασίαν.
1080 3087 1324 3157 υύσιώδη
1359 3086 1437 3150 δὲ,
1464 3086 1563 3156 οὐχ
1587 3086 1661 3149 ὡς
1686 3086 1793 3139 τῶν

212 3178 312 3232 δύο
342 3178 555 3246 φύσεων
627 3177 1042 3232 ἀποτελεσασῶν
1100 3178 1228 3247 μίαν
1289 3175 1545 3230 σύνθετον
1607 3176 1792 3245 φύσιν,

214 3270 338 3323 ἀλλ’
363 3269 666 3323 ἑνωθεισῶν
695 3268 954 3340 ἀλλήλαις
978 3270 1097 3322 κατ’
1123 3268 1380 3338 ἀλήθειαν
1406 3271 1485 3331 είς
1511 3269 1639 3339 μίαν
1665 3267 1795 3321 ὑπό-

217 3379 411 3416 στασιν
465 3362 718 3415 σύνθετον
765 3361 861 3414 τοῦ
916 3362 1046 3415 Υίοῦ
1086 3361 1180 3414 τοῦ
1211 3360 1370 3427 Θεοῦ,
1404 3362 1496 3414 καὶ
1526 3360 1795 3423 σώζεσθαι

216 3453 401 3506 αὐτῶν
444 3455 543 3524 τὴν
579 3453 808 3525 ούσιώδη
856 3454 1122 3523 διαφορὰν
1178 3452 1502 3524 ὁριζόμεθα.
1558 3452 1631 3505 Τὸ
1688 3452 1797 3522 γὰρ

216 3545 457 3610 κτιστδν,
496 3546 773 3616 μεμένηκε
813 3546 1052 3610 κτιστδν,
1096 3545 1192 3600 κα.)¹
1227 3546 1286 3598 τὸ
1327 3546 1603 3607 ἄκτιστον,
1639 3544 1795 3597 ἄκτι-

218 3651 365 3689 στον.
411 3634 484 3686 Τὸ
532 3635 724 3707 θνητὸν
773 3636 954 3706 ἔμεινε
987 3636 1203 3707 θνητὸν,
1256 3636 1351 3687 καὶ
1400 3635 1462 3687 τὸ
1491 3634 1792 3695 ἀθάνατον,

215 3725 487 3779 ἀθάνατον
509 3740 522 3754 ·
558 3726 617 3778 τὸ
639 3725 1034 3797 περιγραπτδν,
1070 3723 1478 3794 περιγραπτόνο
1504 3722 1565 3774 τὸ
1596 3720 1794 3790 ἀπερίσ-

1895 1804 2361 1876 quemadmodum
2393 1804 2486 1857 ille
2521 1802 2779 1857 Numinis
2808 1808 2889 1858 ira
2931 1805 3215 1860 immissus
3246 1805 3470 1860 Diosco-

1893 1913 2025 1963 rus,
2070 1895 2347 1966 Eutyches
2394 1896 2558 1959 item,
2609 1904 2662 1948 et
2710 1894 2986 1960 Severus,
3032 1898 3237 1965 quique
3293 1898 3472 1965 impia:

1892 2004 2084 2045 eorum
2112 1988 2312 2043 classis
2339 1997 2506 2054 sunt,
2535 1995 2894 2043 asseruerunt
2920 2007 2934 2042 :
2962 2003 3064 2043 nec
3090 1989 3431 2058 personalem
3452 2027 3468 2051 ,

1891 2089 1987 2135 aut
2018 2079 2322 2135 secundum
2357 2079 2681 2133 relationem
2704 2117 2719 2143 ,
2753 2087 2847 2133 aut
2877 2079 2933 2132 in
2979 2079 3196 2133 ratione
3233 2079 3473 2150 dignita-

1891 2170 2000 2234 tis,
2034 2179 2130 2224 aut
2163 2172 2216 2225 in
2256 2184 2364 2224 una
2393 2170 2698 2225 voluntatis
2736 2172 3179 2241 conspiratione,
3227 2180 3326 2226 aut
3368 2172 3465 2225 ho-

1891 2263 2046 2317 noris
2075 2261 2372 2331 qualitate,
2403 2270 2497 2315 aut
2527 2262 2716 2315 eadem
2752 2276 2815 2315 ac
2846 2262 3156 2331 promiscua
3184 2278 3472 2331 nuncupa-

1890 2357 2072 2418 tione,
2106 2363 2202 2408 aut
2230 2354 2612 2408 benevolentia
2662 2353 2940 2422 positam,
2987 2360 3047 2407 ut
3096 2353 3208 2409 Deo
3256 2354 3472 2410 invisus

1890 2445 2178 2500 Nestorius
2199 2485 2213 2510 ,
2250 2444 2632 2513 Diodorusque
2655 2481 2670 2505 ,
2701 2451 2757 2497 et
2794 2442 3256 2512 Mopsuestiensis
3288 2443 3477 2498 Theo-

1893 2537 2093 2601 dorus,
2127 2552 2252 2590 cum
2281 2536 2551 2589 diabolica
2587 2550 2687 2589 sua
2715 2541 2934 2589 caterva
2966 2544 3336 2589 censuerunt:
3374 2536 3473 2590 sed

1893 2644 1988 2698 per
2011 2627 2464 2697 compositionem
2487 2667 2501 2690 ,
2527 2625 2631 2679 hoc
2651 2632 2735 2679 est
2759 2624 3065 2679 secundum
3092 2626 3434 2696 hypostasim
3453 2665 3469 2688 ,

1894 2722 2014 2775 sine
2047 2720 2158 2773 ulla
2190 2718 2588 2780 conversione,
2625 2731 2725 2769 nec
2756 2715 3082 2770 confusione
3104 2756 3119 2782 ,
3154 2731 3257 2771 nec
3291 2724 3473 2769 muta-

1896 2812 2079 2873 tione,
2112 2822 2214 2862 nec
2248 2806 2521 2860 divisione
2543 2844 2558 2867 ,
2591 2819 2693 2858 nec
2718 2804 2983 2858 distantia
3004 2845 3020 2869 ,
3055 2804 3222 2873 inque
3257 2802 3471 2857 duabus

1895 2900 2156 2970 perfectis
2185 2898 2401 2952 naturis
2434 2911 2597 2949 unam
2629 2895 2751 2948 Filii
2785 2895 2877 2950 Dei
2928 2904 2983 2949 et
3037 2895 3309 2950 incarnati
3344 2909 3472 2964 ρετ-

1896 3006 2088 3047 sonam
2124 2988 2454 3043 conﬁtemur
2504 2986 2590 3053 ‘7;
2642 3001 2807 3039 unam
2866 2985 3116 3040 dicentes
3164 2984 3472 3039 divinitatis

1896 3080 2072 3150 ipsius
2102 3086 2156 3134 et
2188 3076 2556 3131 humanitatis
2592 3075 2934 3145 hypostasim
2959 3114 2973 3137 ,
3008 3075 3172 3145 ξοδ
3206 3075 3342 3130 duas
3373 3088 3474 3127 an.

1895 3178 2004 3223 tem
2037 3177 2161 3238 post
2191 3168 2498 3222 unitionem
2532 3175 2759 3220 naturas
2791 3167 2845 3220 in
2877 3167 2996 3234 ipso
3025 3167 3328 3221 incolumes
3354 3180 3472 3220 ser-

1896 3262 2012 3315 vari
2047 3261 2414 3315 conﬁtentes:
2453 3273 2563 3312 non
2596 3258 2673 3311 ita
2714 3266 2895 3311 tamen
2940 3264 3004 3308 ut
3045 3265 3334 3327 utramque
3375 3257 3475 3310 ha-

1896 3368 2016 3405 rum
2052 3352 2282 3406 seorsim
2319 3362 2622 3418 ponamus,
2676 3362 2864 3401 verum
2915 3349 2969 3402 in
3027 3362 3133 3399 una
3165 3347 3474 3415 composita

1896 3457 2132 3512 persona
2183 3442 2329 3495 inter
2384 3454 2443 3494 se
2493 3438 2801 3508 copulatas.
2848 3438 3276 3491 Substantialem
3327 3438 3472 3490 enim

1895 3550 2020 3591 esse
2057 3535 2199 3587 hanc
2227 3531 2487 3586 unionem
2526 3530 2800 3593 dicimus,
2856 3529 2961 3582 hoc
3011 3537 3138 3592 est,
3188 3543 3371 3581 veram
3421 3535 3476 3581 et

1896 3639 2002 3677 non
2057 3620 2459 3691 imaginariam.
2511 3618 2946 3673 Subslantialem
3003 3626 3186 3672 autem
3237 3616 3317 3681 ⁸⁸,
3365 3632 3474 3671 non

1895 3712 2038 3783 quod
2068 3709 2187 3763 dum
2217 3719 2429 3762 natura:
2456 3721 2621 3760 unam
2659 3706 3019 3776 compositam
3056 3714 3309 3760 naturam
3340 3705 3473 3761 effe-

210 3832 487 3884 γραπτον,
514 3815 923 3886 ἀπερίγραπτον
941 3832 955 3846 ο
980 3815 1041 3867 τὸ
1070 3813 1264 3885 ὁρατὸν
1286 3851 1300 3876 ,
1338 3812 1554 3883 ὁρατὸν,
1605 3810 1699 3864 καὶ
1732 3808 1791 3863 τὸ

1898 3803 2110 3866 cerint;
2143 3800 2237 3855 sed
2266 3800 2410 3869 quod
2444 3798 2497 3851 in
2524 3812 2691 3851 unam
2717 3797 2837 3852 Filii
2866 3797 2959 3852 Dei
2992 3798 3353 3868 compositam
3378 3798 3475 3868 hy-

212 3907 469 3976 ἀόρατον,
499 3908 759 3975 ἀόρατον’
791 3926 809 3958 ι
832 3906 906 3958 Τὸ
942 3906 1040 3974 μὲν
1065 3904 1361 3974 διαλάμπει
1387 3904 1498 3965 τοῖς
1529 3901 1791 3973 θαύμασι,

1904 3893 2171 3964 postasim
2205 3892 2348 3946 inter
2378 3905 2437 3945 se
2464 3889 2631 3944 unita;
2657 3889 2788 3944 sint.
2834 3889 3095 3955 Quinimo
3132 3889 3476 3944 substantia-

221 3997 284 4049 τὸ
308 3996 366 4049 δὲ
389 4000 510 4060 ταῖς
538 3997 757 4066 ὕϐρεσιν
791 3997 1204 4049 ὑποπέπτωκεν.
1247 4012 1266 4045 ι

1900 3987 2004 4040 lem
2029 3997 2216 4039 earnm
2246 3980 2609 4036 dilTerentiam
2634 3981 2902 4051 integram
2928 3991 2981 4035 et
3005 3981 3336 4035 incolumem
3368 3996 3480 4036 ser-

222 4091 342 4146 vari
364 4089 679 4144 statuimus.
716 4086 852 4141 Nam
877 4094 1125 4141 creatum
1162 4082 1367 4137 mansit
1390 4081 1535 4151 quod
1563 4086 1809 4135 creatum
1850 4083 1971 4140 est,
2010 4082 2064 4130 et
2093 4074 2397 4127 increatum
2420 4110 2437 4135 ,
2472 4072 2622 4140 quod
2660 4071 2965 4125 increatum
2996 4089 3012 4137 ;
3062 4071 3209 4141 quod
3249 4074 3479 4128 mortale

219 4188 346 4246 est,
396 4179 684 4233 mortalem
721 4175 1064 4246 permansit,
1119 4182 1173 4228 et
1210 4173 1525 4226 immortale
1576 4169 1723 4240 quod
1767 4165 2116 4229 immortale;
2181 4162 2699 4229 circumscriptum,
2758 4162 2905 4230 quod
2956 4161 3475 4231 circumscriptum,

220 4270 800 4339 incircumscriptum,
843 4267 987 4336 quod
1021 4264 1603 4333 incircumscriptum;
1659 4259 1911 4324 visibile,
1969 4256 2114 4327 quod
2150 4255 2364 4309 visibile
2392 4272 2405 4319 ;
2438 4262 2489 4307 et
2563 4251 2838 4306 invisibile
2876 4291 2892 4317 ,
2949 4252 3092 4322 quod
3161 4251 3474 4308 invisibile:

225 4384 245 4417 ι
278 4362 460 4419 Unum
494 4361 710 4430 quidem
745 4360 940 4416 borum
968 4368 1224 4414 coruscat
1270 4362 1552 4415 miraculis
1580 4401 1595 4427 ,
1648 4357 1797 4413 aliud
1837 4354 2148 4411 succumbit
2176 4352 2395 4420 injuriis
2427 4349 2494 4402 δ’.
2532 4367 2551 4401 ›

288 4454 601 4511 υίκειοῦται
626 4454 681 4508 δὲ
707 4455 776 4507 τὰ
809 4453 1127 4525 ἀνθρώπινα
1162 4457 1192 4508 ό
1231 4454 1431 4522 Λόγος·
1474 4453 1642 4507 αὑτοῦ
1680 4453 1791 4521 γάρ

1963 4447 2389 4503 Communicatio
2419 4442 2753 4497 idiomatum.
2777 4471 2846 4482 --
2868 4439 3103 4496 Verbum
3131 4455 3320 4511 porro,
3350 4441 3475 4509 quia

218 4549 340 4601 ἔστι
368 4546 436 4599 τὰ
460 4547 559 4616 τῆς
588 4544 749 4612 ἁγίας
794 4543 960 4597 αὐτοῦ
1015 4545 1220 4615 σαρκὸς
1246 4544 1376 4597 ὄντα
1397 4559 1412 4574 ⁸
1456 4544 1546 4596 καὶ
1579 4541 1791 4612 μεταδί-

1902 4542 2076 4614 ipsius
2106 4546 2271 4605 sunt,
2296 4553 2416 4607 qua:
2449 4542 2658 4590 sancta:
2691 4534 2814 4602 ejus
2848 4533 3033 4588 carnis
3066 4540 3228 4597 sunt,
3260 4547 3325 4587 ea
3357 4546 3479 4600 qua:

218 4640 355 4693 δωσι
383 4647 412 4675 ιλ
434 4640 499 4708 τῇ
525 4637 689 4709 σαρκὶ
708 4636 817 4688 τῶν
842 4636 1005 4699 ἰδίων,
1025 4636 1168 4690 κατά
1199 4636 1289 4688 τὸν
1316 4635 1639 4697 ἀντιδόσεως
1660 4632 1791 4704 τρό-

1905 4630 2235 4689 humanitati
2270 4627 2640 4687 conveniunt,
2673 4623 2781 4678 sibi
2833 4624 3112 4688 vindicat,
3146 4630 3200 4677 et
3231 4623 3475 4678 vicissim

218 4748 346 4795 πον,
378 4730 466 4783 διὰ
495 4729 594 4800 τὴν
633 4731 713 4792 εἰς
745 4728 949 4799 ἄλληλα
977 4729 1089 4799 (12)
1126 4727 1237 4780 τῶν
1276 4727 1460 4797 μερῶν
1493 4724 1791 4797 περιχώρη-

1910 4721 2062 4777 carni
2086 4759 2101 4785 ,
2135 4734 2259 4791 qua:
2296 4733 2395 4775 sua
2429 4723 2597 4779 sunt,
2630 4713 2913 4782 impertit;
2945 4712 3041 4766 illo
3090 4713 3349 4767 nimirum
3396 4711 3478 4766 al-

288 4843 335 4873 “
367 4841 649 4912 Leontius,
680 4852 848 4912 contr,
884 4840 1001 4897 Seu.
1032 4840 1349 4912 etiEutych.
1400 4839 1544 4895 Max.
1579 4838 1684 4912 loc.
1710 4838 1816 4912 _cit.
1853 4853 1907 4907 p.
1934 4836 2060 4890 277.
2118 4834 2181 4912 _‘7
2208 4834 2387 4912 Procl.
2422 4832 2586 4912 epist.
2610 4828 2648 4882 2
2670 4826 2752 4881 Ad
2781 4825 2931 4880 Arm.
3032 4826 3078 4860 “
3140 4825 3302 4898 Greg.
3340 4824 3472 4882 Naz.

218 4914 373 4969 hom.
423 4913 476 4967 5.
514 4900 728 4967 Videsis
780 4910 847 4966 ad
876 4928 927 4968 c.
968 4912 1036 4966 65
1087 4900 1314 4966 Dialect.
1354 4926 1540 4981 supra.
1638 4909 1684 4942 δ’
1706 4907 1816 4963 Leo
1851 4900 2011 4977 papa,
2049 4905 2210 4977 epist.
2244 4904 2331 4972 lO,
2392 4900 2512 4973 cap.
2539 4900 2594 4956 4.

1495 5025 1730 5082 νΑΒΙιΕ
1766 5023 2165 5079 LECTIONES.

296 5123 323 5162 ι
353 5122 411 5176 In
445 5119 569 5175 cod.
603 5118 661 5174 S.
697 5117 805 5172 Hil.
835 5119 966 5187 Reg.
992 5120 1079 5185 10,
1106 5118 1263 5175 Colb.
1295 5120 1351 5182 5,
1377 5128 1429 5174 et
1454 5118 1520 5172 N.
1554 5117 1779 5173 omissis
1805 5115 2114 5187 ὦσπερίὲπὶ
2143 5114 2367 5187 ἀτόμου,
2402 5118 2511 5167 etc.
2546 5107 2907 5187 sgqttilurgtb
2928 5107 2991 5179 δὴ
3016 5111 3079 5187 ἐκ
3130 5105 3222 5158 δύο
3265 5103 3478 5187 φύσεων

220 5193 373 5255 θείας
396 5207 478 5253 τε,
509 5198 615 5245 etc.
699 5189 715 5227 ι
750 5175 993 5244 θεοείίιι
1031 5175 1166 5245 mss.
1197 5189 1229 5258 ἢ
1265 5175 1569 5258 σύγκρασιν
1591 5228 1606 5252 ,
1650 5203 1750 5242 nec
1790 5188 1938 5255 legit.
1965 5175 2139 5258 'Yetus
2174 5175 2405 5258 interpr.
2441 5195 2539 5235 nec
2572 5175 2769 5233 Faber.
2809 5175 3007 5258 vocem
3031 5179 3194 5258 _hanc
3242 5175 3480 5258 admittit

222 5242 669 5331 ’ὶίέὲόιόςὶιέξςω
698 5242 1229 5331 Εύτυίγὴςοιιιίιιιιηί
1258 5242 2013 5331 οιηίιὲεῄῐειξιῇεειιηθῖῇοινίε
2053 5262 2196 5331 nota:
2256 5242 2502 5331 codices,
2534 5258 2822 5331 gelusque
2873 5246 3180 5331 translatio.
3231 5242 3476 5331 uigori.

222 5314 303 5388 ἐξ
324 5314 524 5385 Εἰδοὶ
556 5330 646 5385 alii
674 5314 1234 5400 quida'm'pe-realaou.
1263 5330 1322 5382 In
1354 5328 1509 5384 Colb.
1541 5326 1677 5382 1550
1699 5326 2051 5382 emendatum
2082 5326 2184 5380 fuit
2227 5322 2509 5394 μετεδίδοι,
2534 5318 2692 5390 Regii
2736 5314 2852 5371 tres
2905 5314 3189 5387 μετεδίδει,
3221 5323 3481 5383 corrupte

221 5417 475 5474 prorsus.

1725 5476 1957 5534 NOTAE.

293 5580 407 5648 (12)
447 5581 551 5635 Διά
579 5581 692 5649 τὴν
717 5582 803 5646 είς
832 5578 1094 5646 ἄλληλα.
1138 5576 1215 5632 Ob
1264 5584 1502 5649 multum;
1530 5574 1786 5649 partium,
1898 5585 2025 5626 mus
2058 5578 2238 5631 vocat,
2273 5569 2447 5649 epist._
2469 5571 2541 5649 ad
2562 5568 2719 5623 Joan.
2740 5567 2969 5649 Cubic.:
3021 5569 3254 5649 Dicimus
3284 5567 3485 5636 factum

223 5640 332 5709 etc.
367 5640 705 5708 Deitatem'et
737 5640 1132 5706 humanitatem
1162 5654 1346 5720 partes
1377 5640 1599 5716 perinde
1628 5644 1798 5697 Maxi-
1906 5655 2153 5696 amonem
2181 5655 2294 5694 esse
2320 5655 2384 5694 ea:
2414 5642 2618 5723 duabus
2654 5642 2884 5707 naturis,
2914 5640 3118 5712 inquit,
3144 5653 3402 5701 unamque
3424 5651 3488 5690 es
