3950 6304
232 205 335 271 997

1268 218 1368 279 DE
1388 218 1570 279 FIDE
1604 218 2072 281 ORTHODOXA
2110 221 2254 281 LIB.
2297 224 2412 285 III.

3386 231 3492 296 993

231 322 492 381 dicimus.
525 325 705 399 Ipsius
730 328 879 385 enim
912 335 1124 385 natura!
1158 345 1260 400 per
1292 332 1634 404 hypostasim
1668 332 2027 404 copulantur,
2103 343 2162 389 ut
2203 352 2325 406 quae
2356 353 2520 394 unam
2547 341 2919 415 compositam
3012 345 3353 421 hyposusiia
3404 348 3505 405 lia-

230 417 428 487 beant,
452 418 616 491 cujus
643 421 862 479 ratione
885 432 999 477 tum
1024 437 1056 476 a
1083 421 1247 479 Patre
1275 433 1332 478 et
1360 424 1569 496 Spiritu
1591 434 1810 494 sancto,
1849 432 1967 489 tum
1998 441 2030 482 a
2063 434 2239 484 matre
2268 440 2323 483 et
2353 430 2515 487 nobis
2546 433 2752 492 differt.

744 515 999 571 ΚΕΦΑΛ.
1027 516 1083 570 4'
1104 515 1296 592 [MH'].

410 605 550 676 Περὶ
579 606 689 662 τοῦ
719 607 947 676 τρόπου
964 608 1077 678 τῆς
1106 610 1470 678 ἀντιδόσεως
1503 611 1639 685 (l3).

305 700 428 755 Ὅτι
464 700 565 771 μὲν
597 693 694 753 οῦν
729 699 921 771 ἕτερόν
953 701 1102 756 ἐστιν
1130 702 1309 767 οὐσία,
1350 704 1539 775 ἕτερον
1574 704 1816 758 ὑπόστα-

235 806 343 859 σις,
375 791 695 856 πλειστάκις
734 793 1066 864 εἰρήκαμεν,
1090 795 1186 849 καὶ
1211 796 1351 867 ὃτιὴ
1389 798 1489 867 μὲν
1530 797 1710 863 οὑσία,
1754 796 1818 850 τὸ

234 883 422 938 κοινὸν
445 882 541 936 καὶ
575 886 930 954 περιεκτικὸν
961 884 1102 951 εἶδος
1129 888 1240 942 τῶν
1277 889 1539 959 ὁμοειδῶν
1579 891 1817 951 ὑποστά-

234 992 375 1029 σεων
403 976 683 1047 σημαίνει,
709 972 843 1040 οἷον,
876 978 1030 1043 Θεός,
1066 980 1377 1051 ἄνθρωπος,
1417 985 1450 1053 ἡ
1480 983 1536 1036 δὲ
1580 983 1818 1038 ὑπόστα-

234 1084 338 1131 σις,
370 1066 574 1138 ἄτομον
605 1067 778 1138 δηλοῖ,
802 1069 921 1140 ἢτοι
952 1071 1189 1142 Πατέρα,
1215 1072 1363 1135 Υἰὸν,
1396 1074 1620 1145 Πνεῦμα
1639 1079 1813 1144 ἆγιον,

232 1157 463 1229 Πέτρον,
492 1156 725 1212 Παῦλον.
763 1158 960 1213 Ἰστὲον
978 1161 1183 1228 τοίνυν,
1212 1163 1294 1216 ὅτι
1330 1162 1392 1216 τὸ
1427 1163 1526 1234 μὲν
1555 1164 1657 1236 τῆς
1698 1166 1816 1221 θεό-

231 1267 391 1316 τητος
420 1249 516 1304 καὶ
540 1251 640 1320 τῆς
673 1250 1091 1324 ἀνθρωπότητος
1120 1253 1293 1326 ὄνομα
1313 1255 1422 1310 τῶν
1444 1258 1665 1324 οὐσιῶν,
1697 1259 1815 1330 ἦτοι

228 1340 342 1393 τῶν
399 1339 615 1410 φύσεών
670 1342 788 1395 ἐστι
835 1346 1244 1415 παραστατικόν
1282 1361 1295 1374 °
1351 1346 1413 1399 τὸ
1452 1345 1510 1400 δὲ
1558 1346 1689 1410 Θεός
1719 1349 1815 1405 καὶ

230 1435 540 1505 ἄνθρωπος,
596 1435 695 1489 καὶ
741 1436 835 1489 ἐπὶ
885 1438 986 1506 τῆς
1037 1437 1255 1506 φύσεως
1306 1440 1587 1507 τάττεται,
1624 1440 1813 1513 ὥσπερ

231 1525 360 1578 ὅταν
390 1535 419 1575 P
456 1525 728 1596 λέγωμεν,
752 1526 887 1591 Θεός
918 1530 1066 1582 ἐστιν
1100 1530 1481 1602 ἁκατάληπτος
1506 1532 1685 1599 οὐσία,
1720 1535 1815 1587 καὶ

228 1615 312 1669 ὅτι
335 1610 413 1681 εἷς
438 1613 571 1677 Θεός
598 1631 612 1645 ο
640 1614 977 1685 λαμϐάνεται
1020 1616 1100 1682 δὲ,
1154 1619 1248 1672 καὶ
1293 1620 1384 1673 ἐπὶ
1423 1620 1534 1674 τῶν
1578 1621 1816 1677 ὑποστά-

230 1723 394 1771 σεων,
420 1707 498 1771 ῶς
525 1706 619 1767 τοῦ
644 1709 1021 1780 μερικωτέρου
1053 1711 1347 1782 δεχομένου
1383 1713 1445 1766 τὸ
1463 1713 1559 1766 τοῦ
1592 1714 1813 1768 καθολι-

230 1797 475 1869 κωτέρου
512 1798 705 1869 ὄνομα,
737 1799 813 1865 ὡς
842 1802 969 1856 ὅταν
995 1803 1161 1873 φησὶν
1194 1806 1228 1875 ἡ
1252 1805 1443 1876 Γραφή
1468 1822 1481 1836 '
1511 1806 1613 1861 Διὰ
1640 1807 1811 1862 τοῦτο

227 1887 435 1958 ἔχρισέ
465 1904 540 1944 σε
573 1893 606 1944 ό
638 1892 803 1958 Θεὸς,
830 1896 863 1946 ὀ
891 1869 1033 1961 Θεόξ-
1055 1869 1195 1949 σουε
1216 1869 1514 1968 ’Ἰέοὺ-’ίὰρ
1556 1898 1649 1951 τὸν
1693 1901 1807 1953 Πα-
1840 1869 1884 1926 Β

226 1980 363 2051 τέρα
384 1982 479 2035 καὶ
508 1982 600 2036 τὸν
623 1983 752 2039 Υἱὸν
789 1985 1027 2056 ἐδήλωσε
1046 2004 1060 2018 ο
1086 1991 1181 2053 καὶ
1208 1987 1285 2051 ὡς
1305 1988 1433 2045 ὅταν
1459 1990 1610 2059 λέγει
1634 2008 1646 2021 ·
1668 1994 1807 2046 Ἂν·

226 2072 461 2138 θρωπός
498 2090 588 2140 τις
635 2069 715 2143 ἦν
764 2074 835 2127 ἐν
880 2076 1041 2146 χώρᾳ
1100 2076 1176 2147 τῇ
1222 2078 1529 2133 Αὐσίτιὸι·
1570 2080 1662 2135 τὸν
1691 2081 1804 2156 γὰρ

240 2159 363 2217 Ἰὼὸ
386 2163 547 2235 μόνον
579 2165 870 2237 ἐδήλωσεν.

293 2434 421 2492 Ἐπὶ
443 2431 536 2492 οῦν
562 2438 657 2493 τοῦ
683 2438 893 2512 Κυρίου
918 2441 1077 2512 ἡμῶν
1106 2442 1287 2515 Ἰησοῦ
1317 2443 1580 2515 Χριστοῦ,
1607 2446 1801 2520 ἐπειδὴ

219 2529 320 2584 δύο
336 2529 435 2600 μὲν
461 2531 559 2587 τὰς
578 2533 767 2600 φύσεις
788 2531 1152 2606 γινώσκομεν,
1188 2535 1318 2606 μίαν
1348 2536 1407 2591 δὲ
1440 2536 1540 2607 τὴν
1561 2536 1799 2593 ὑπόστα-

224 2638 314 2674 σιν
338 2622 400 2692 ὲξ
423 2623 769 2694 ἀμφωτέρων
795 2625 1070 2694 σύνθετον,
1102 2628 1190 2681 ὅτε
1217 2628 1318 2699 μὲν
1336 2627 1436 2692 τὰς
1459 2627 1650 2699 φύσεις
1671 2632 1804 2691 ἁνα-

222 2716 537 2789 θεωροῦμεν
561 2759 578 2786 ,
641 2718 871 2792 θεότητα
921 2721 1014 2776 καὶ
1049 2722 1448 2794 ἁνθρωπότητα
1503 2724 1801 2795 καλοῦμεν,

215 2809 310 2863 ὅτε
341 2810 400 2863 δὲ
430 2811 531 2882 τὴν
566 2813 630 2866 ὲκ
670 2812 781 2871 τῶν
831 2813 1048 2883 φύσεων
1081 2816 1432 2872 συντεθεῖσαν
1475 2817 1798 2883 ὑπόστασιν,

217 2900 352 2953 ποτὲ
376 2899 476 2971 μὲν
504 2903 570 2957 ἐκ
602 2902 698 2956 τοῦ
730 2904 1141 2976 συναμφοτέρου
1173 2906 1410 2978 Χριστὸν
1433 2907 1798 2978 ὀνομάζομεν,

216 2991 314 3045 καὶ
336 2990 489 3057 Θεὸν,
542 2995 638 3048 καὶ
688 2994 979 3065 ἄνθρωπον
1018 2998 1162 3051 κατὰ
1198 2999 1398 3052 ταυτὸν
1422 3009 1474 3063 ει,
1530 3000 1623 3057 καὶ
1666 2998 1800 3059 Θεὸν

216 3083 661 3155 σεσαρκωμένον,
699 3087 830 3139 ποτὲ
849 3087 907 3143 δὲ
932 3088 990 3157 ἐξ
1013 3089 1131 3153 ἐνὸς
1149 3088 1259 3141 τῶν
1284 3090 1490 3160 μερῶν,
1523 3090 1658 3147 Θεὸν
1704 3092 1801 3162 μό-

214 3188 327 3235 νον,
362 3174 456 3227 καὶ
484 3174 610 3229 Υιὸν
642 3176 739 3229 τοῦ
770 3176 930 3244 Θεοῦ,
995 3180 1090 3232 καὶ
1120 3178 1409 3250 ἄνθρωπον
1473 3181 1657 3252 μόνον,
1703 3182 1799 3236 καὶ

1844 525 1896 582 Α

2554 526 2707 581 CAP.
2745 527 2839 586 IV.

1989 607 2066 661 De
2091 609 2248 665 modo
2275 620 2473 668 mutua
2494 620 2991 679 communicationis
3020 623 3424 693 proprietatum.

1990 697 2229 756 Nomina
2287 709 2589 760 communia
2630 718 2681 763 et
2721 713 2961 781 propria,
3009 743 3079 753 —
3119 714 3275 781 Quod
3327 732 3497 789 porro

1918 789 2068 846 aliud
2104 793 2177 848 sit
2204 795 2542 863 substantia,
2572 808 2627 853 et
2658 802 2807 857 aliud
2838 804 3174 877 hypostasis,
3212 812 3496 870 multoties

1918 898 1949 938 a
1979 885 2141 942 nobis
2174 887 2384 943 dictum
2414 900 2499 946 est
2527 911 2541 947 :
2590 896 2868 966 quodque,
2913 900 3228 959 substantia
3263 906 3379 961 sive
3408 923 3497 963 es-

1918 976 2118 1039 sentia,
2144 993 2497 1039 communem
2551 991 2819 1057 speciem,
2874 991 3236 1064 ejusdemque
3286 1001 3494 1070 speciei

1919 1081 2189 1137 personas
2270 1075 2736 1144 complectentem
2822 1082 3116 1152 signiticet,
3182 1098 3245 1143 ut
3325 1091 3493 1160 Deus,

1916 1156 2119 1226 homo;
2147 1175 2388 1229 persona
2431 1175 2617 1224 autem
2665 1185 2732 1227 ac
2786 1172 3104 1244 hypostasis
3137 1156 3493 1237 individuum

1916 1246 2163 1317 denotet,
2200 1261 2332 1322 puta
2377 1254 2622 1324 Patrem,
2667 1259 2893 1330 Filium,
2941 1273 2996 1322 ct
3031 1268 3297 1339 Spiritum
3360 1290 3493 1329 san-

1915 1348 2088 1404 ctum,
2140 1342 2392 1413 Petrum,
2457 1347 2709 1407 Paulum.
2761 1354 3133 1422 Quamobrem
3189 1364 3501 1421 observans

1915 1431 2045 1487 dum
2080 1443 2185 1503 est,
2213 1438 2360 1511 quod
2407 1440 2714 1501 divinitatis
2759 1454 2817 1502 et
2859 1450 3221 1511 humanitatis
3266 1472 3492 1523 nomen,

1915 1525 2258 1584 substantias
2321 1530 2441 1588 sive
2502 1542 2737 1592 naturas
2793 1539 3114 1610 signiﬁcat:
3167 1555 3224 1600 at
3289 1561 3499 1605 nomen

1916 1616 2062 1674 Deus
2097 1633 2162 1675 ac
2192 1620 2381 1691 homo,
2433 1633 2550 1681 tum
2586 1628 2655 1682 de
2696 1638 2893 1687 natura
2923 1644 3243 1706 usurpatur,
3275 1647 3334 1694 ut
3365 1656 3498 1696 cum

1914 1708 2174 1778 dicimus,
2229 1714 2372 1773 Deus
2414 1726 2498 1773 est
2544 1719 2857 1778 substantia
2888 1725 3371 1796 incomprehensa,
3410 1742 3493 1799 et,

1915 1816 2059 1859 unus
2093 1814 2177 1860 est
2214 1804 2393 1875 Deus;
2422 1818 2536 1864 tum
2588 1813 2755 1867 etiam
2790 1815 2859 1870 de
2894 1821 3171 1887 personis,
3203 1832 3483 1893 quatenus

1914 1893 2050 1949 illud
2084 1898 2229 1967 quod
2284 1902 2687 1970 particularius
2728 1914 2837 1971 est,
2869 1909 2991 1978 ejus
3021 1927 3223 1968 nomen
3255 1915 3500 1985 suscipit.

1914 1988 2063 2056 quod
2109 1998 2196 2045 est
2274 1995 2612 2064 generalius,
2674 2008 2731 2053 ut
2779 2015 2909 2055 cum
2971 2001 3263 2073 Scriptura
3307 2007 3493 2063 dicit:

1913 2079 2205 2152 Propterea
2230 2089 2383 2141 unxit
2413 2097 2462 2143 te
2506 2089 2675 2158 Deus,
2713 2091 2852 2151 Deus
2885 2104 3005 2155 tuus
3037 2097 3109 2152 ⁸³.
3142 2097 3313 2155 Vides
3341 2102 3491 2157 enim

1913 2171 2004 2227 hic
2062 2175 2286 2232 Patrem
2333 2184 2390 2233 et
2432 2177 2636 2236 Filium
2682 2181 2989 2253 designari.
3038 2186 3104 2242 Et
3134 2204 3333 2245 rursus
3361 2205 3488 2249 cum

1909 2266 1988 2327 ait
2015 2283 2029 2325 ι
2064 2266 2237 2321 Homo
2269 2270 2488 2332 quidm
2518 2283 2636 2329 erat
2666 2275 2722 2331 in
2759 2285 2906 2332 terra
2932 2278 3177 2337 Ausitide
3202 2281 3250 2313 “
3270 2283 3487 2338 :soluin

1908 2358 2056 2414 enim
2082 2356 2187 2413 Job
2208 2359 2460 2419 indicare
2490 2364 2687 2421 voluit.

1983 2445 2187 2501 Eorum
2213 2450 2266 2503 in
2298 2450 2511 2510 Christo
2568 2472 2718 2514 usus.
2743 2460 2974 2531 --Ergo
3024 2462 3080 2517 in
3111 2464 3347 2520 Domino
3385 2482 3490 2521 no-

1909 2546 2029 2595 stro
2048 2537 2179 2596 Jesu
2217 2541 2460 2609 Christo,
2498 2549 2762 2617 quoniam
2794 2550 2939 2609 duas
2977 2556 3199 2623 quidem
3232 2565 3488 2623 naturas,

1909 2637 1966 2684 at
2002 2645 2167 2689 unam
2201 2631 2476 2689 duntaxat
2517 2653 2808 2708 personam
2843 2660 2911 2700 ex
2944 2658 3178 2716 utraque
3206 2655 3489 2722 composi-

1909 2725 2022 2774 tam
2088 2724 2467 2789 agnoscimus.
2544 2742 2672 2789 cuni
2750 2740 2978 2791 naturas
3037 2741 3483 2810 consideramus,

1907 2809 2252 2867 divinitatem
2307 2823 2362 2870 et
2436 2816 2837 2879 humanitatem
2907 2830 3287 2899 appellamus;
3357 2809 3483 2891 cum

1906 2914 2038 2954 vero
2067 2916 2359 2971 personam
2394 2920 2463 2961 ex
2505 2911 2723 2969 naturis
2767 2920 3159 2986 compositam,
3206 2924 3485 2981 interdum

1907 2991 1977 3046 ab
2018 3000 2256 3064 utroque
2301 2994 2584 3057 Christum
2637 3006 3012 3075 nominamus,
3073 3011 3354 3085 Deumque
3403 3020 3484 3072 si-

1907 3082 2096 3137 mulet
2123 3083 2425 3153 hominem,
2462 3097 2517 3147 et
2556 3089 2726 3151 Deum
2769 3096 3157 3167 incarnatum;
3205 3082 3484 3163 interdum

1906 3188 2103 3235 rursus
2141 3175 2209 3229 ab
2237 3192 2347 3232 una
2390 3187 2547 3248 parte
2596 3182 2768 3241 Deum
2819 3190 3022 3256 solum,
3050 3204 3101 3247 et
3134 3192 3227 3251 Dei
3256 3192 3483 3265 Filium,

216 3228 346 3319 Υιδν
382 3266 674 3339 ἀνθρώπου
694 3228 723 3302 οὶ
752 3228 1127 3344 gamma.
1157 3228 1251 3329 (εκΓ
1265 3275 1375 3331 τῶν
1424 3228 1657 3346 διξῖηλῶᾶ
1705 3273 1798 3345 μό-

1910 3228 1919 3230 ,
2078 3228 2095 3235 ,_
2176 3228 2201 3229 η
2243 3228 2346 3232 _-__
2390 3228 2546 3248 τη---
2596 3228 2768 3241 -..ι-..-
2819 3228 3022 3256 υνιυιιι,
3050 3228 3101 3247 νο
3134 3228 3227 3251 uua
3257 3228 3483 3265 l‘llllllll,

1909 3265 2291 3337 hominemque
2352 3272 2553 3339 solum,
2617 3287 2782 3346 atque
2836 3281 3079 3338 hominis
3114 3284 3358 3353 Filium;
3418 3305 3484 3345 ac

213 3372 327 3422 νον,
354 3360 485 3413 ποτὲ
510 3361 565 3414 δὲ
600 3363 665 3416 ὲκ
691 3364 802 3418 τῶν
822 3366 1097 3420 ταπεινῶν
1124 3368 1286 3437 μόνον
1312 3386 1328 3401 ο
1362 3364 1444 3432 εἷς
1461 3364 1744 3440 γάρκὲστιν
1770 3372 1798 3424 ὁ

1909 3372 2100 3414 rursus
2149 3360 2473 3430 aliquando,
2537 3381 2568 3420 a
2632 3370 2967 3428 sublimibus
3022 3374 3320 3444 duntaxat,
3380 3380 3482 3436 ali-

214 3449 440 3506 κάκεῖνο
469 3455 562 3507 καὶ
588 3455 747 3511 τοῦτο
777 3458 981 3529 ὁμοίως
1028 3460 1293 3532 ὑπάρχων
1325 3478 1341 3494 ο
1368 3462 1431 3515 τὸ
1468 3461 1570 3532 μὲν
1599 3460 1674 3515 ὢν
1706 3463 1795 3516 ἀεὶ

1909 3450 2119 3521 quando
2170 3453 2303 3507 item
2353 3455 2423 3512 ab
2480 3456 2791 3517 humilibus
2843 3470 3085 3519 tantum.
3139 3464 3293 3523 Unus
3328 3469 3474 3524 enim

212 3541 470 3609 ἀναιτίως
499 3546 562 3599 ὲκ
590 3547 827 3620 Πατρὸς,
855 3549 917 3605 τὸ
943 3550 1000 3606 δὲ
1025 3551 1318 3624 γενόμενος
1343 3552 1572 3625 ὔστερον
1599 3554 1687 3608 διὰ
1704 3570 1797 3623 φι-

1909 3553 2000 3605 est,
2030 3545 2122 3613 qui
2166 3553 2221 3599 et
2271 3545 2375 3601 hoc
2418 3554 2474 3601 et
2514 3548 2652 3607 illud
2706 3567 2961 3623 peraeque
2987 3563 3092 3619 est,
3124 3573 3361 3627 quorum
3394 3565 3479 3615 αι-

212 3633 587 3706 λανθρωπιαν.

1909 3647 2072 3689 :erum
2108 3650 2174 3690 ex
2210 3634 2371 3692 Patre
2404 3640 2614 3697 nullius
2649 3658 2827 3699 causa
2861 3660 3085 3716 semper
3125 3652 3361 3713 exstitit,
3391 3654 3478 3707 al-

1894 3737 2070 3782 terum
2103 3738 2283 3783 autem
2330 3741 2523 3794 postea
2559 3750 2660 3804 pro
2710 3751 2810 3791 sua
2854 3753 2983 3809 erga
3019 3740 3274 3800 homines
3304 3745 3475 3801 bene-

1892 3817 2134 3872 volentia
2169 3820 2347 3877 factus
2383 3831 2467 3881 est
2498 3824 2565 3878 ⁸⁸.

282 3907 528 3977 Θεότητα
552 3910 651 3980 μὲν
670 3904 764 3965 οῦν
790 3911 1061 3982 λέγοντες,
1088 3915 1150 3969 οὑ
1196 3917 1647 3988 κατονομάζομεν
1693 3920 1784 3974 αὑ-

205 4001 310 4069 τῆς
326 4000 395 4055 τὰ
418 4001 519 4070 τῆς
545 4002 964 4076 ἀνθρωπότητος
993 4006 1280 4077 ἰδιώματα.
1340 4009 1417 4061 Οὐ
1448 4011 1560 4080 γὰρ
1608 4012 1789 4082 φαμὲν

209 4087 448 4163 θεότητα
472 4092 739 4164 παθητὴν,
775 4096 811 4166 ἢ
844 4098 1070 4168 κτιστήν
1100 4113 1114 4127 ’
1144 4096 1272 4151 οὑτε
1313 4098 1370 4152 δὲ
1402 4102 1501 4170 τῆς
1559 4102 1784 4174 σαρκὸς,

204 4179 329 4251 ἡτοι
365 4181 467 4251 τῆς
498 4182 921 4256 ἁνθρωπότητος
942 4185 1361 4267 κατηγοροῦμεν
1421 4188 1489 4241 τὰ
1527 4189 1631 4259 τῆς
1665 4190 1785 4245 656.-

202 4287 371 4341 τητος
398 4271 669 4345 ἰδιώματα
688 4292 700 4305 ·
735 4277 796 4330 οὑ
823 4277 929 4348 γὰρ
952 4278 1134 4352 φαμὲν
1166 4280 1371 4351 σάρκα,
1417 4283 1537 4353 ἦτοι
1569 4283 1783 4354 ἀνθρω-

204 4364 421 4435 πότητα
445 4366 723 4421 ἄκτιστον.
758 4368 882 4422 Ἐπὶ
911 4369 968 4422 δὲ
995 4370 1097 4440 τῆς
1128 4371 1502 4440 ὑποστάσεως,
1561 4375 1667 4429 κᾶν
1722 4378 1786 4430 ἐκ

198 4455 296 4512 τοῦ
320 4458 754 4531 συναμφοτέρου,
786 4460 889 4515 κᾶν
917 4461 976 4527 ἐξ
1019 4463 1140 4528 ἐνὸς
1193 4464 1302 4518 τῶν
1350 4466 1535 4537 μερῶν
1579 4467 1786 4539 ταύτην

1964 3908 2163 3965 Nullus
2188 3913 2412 3969 alterna:
2452 3918 2952 3976 communicationis
2982 3922 3132 3978 locus
3161 3923 3217 3977 in
3242 3924 3323 3980 his
3357 3941 3473 3997 qua

1891 4011 2110 4058 natura:
2142 4005 2468 4075 signiﬁcant,
2504 4009 2595 4063 sed
2626 4011 2683 4065 in
2708 4012 2775 4065 iis
2814 4029 2933 4081 qua
2956 4029 3258 4082 personam.
3286 4047 3357 4057 -—
3384 4018 3475 4072 Di-

1889 4094 2176 4150 vinitatem
2229 4098 2417 4168 itaque
2448 4102 2825 4167 nominantes,
2877 4118 3089 4174 eaquae
3142 4106 3471 4168 humanitati

1888 4188 2109 4256 propria
2137 4198 2289 4254 sunt,
2348 4190 2450 4260 ipsi
2492 4192 2721 4248 minime
2755 4195 3132 4266 assignamus.
3165 4196 3280 4251 Non
3314 4200 3465 4254 enim

1887 4277 2205 4346 passibilem
2236 4288 2331 4332 aut
2351 4290 2592 4337 creatam
2625 4283 2882 4340 deitatem
2912 4286 3173 4343 dicimus.
3198 4286 3309 4344 Nec
3338 4304 3466 4345 rur-

1886 4380 1984 4420 sus
2015 4369 2190 4432 carni,
2224 4370 2341 4424 sive
2370 4369 2727 4437 humanitati,
2757 4389 2823 4429 ea
2863 4376 3162 4434 tribuimus
3186 4394 3308 4447 quae
3342 4378 3465 4433 dei-

1886 4458 1983 4511 tati
2012 4460 2233 4527 proprie
2276 4464 2636 4519 conveniunt.
2680 4464 2873 4536 Neque
2898 4470 3045 4526 enim
3074 4486 3319 4538 carnem,
3346 4472 3468 4527 sive

199 4545 585 4617 ὀνομάσωμεν,
613 4550 942 4621 ἀμφοτέρων
980 4551 1088 4605 τῶν
1124 4553 1341 4622 φύσεων
1394 4555 1463 4607 τὰ
1516 4553 1785 4627 ἰδιώματα

1909 4552 2312 4619 inmanitatem,
2368 4554 2671 4612 increatam
2722 4559 2983 4619 dicimus.
3034 4565 3100 4617 At
3147 4579 3279 4619 vero
3330 4579 3463 4620 cum

200 4635 343 4707 αὑτῇ
370 4637 704 4709 ἑπιτίθεμεν.
735 4641 844 4697 Καὶ
881 4641 991 4713 γὰρ
1018 4645 1046 4698 ὁ
1077 4644 1334 4715 Χριστὸς,
1382 4644 1520 4717 ὅπερ
1558 4647 1676 4701 ἐστὶ
1718 4646 1780 4701 τὸ

200 4727 636 4800 συναμφότερον,
669 4732 765 4787 καὶ
796 4730 948 4796 Θεὸς,
975 4734 1071 4787 καὶ
1097 4733 1386 4806 ἄνθρωπος
1415 4735 1657 4805 λέγεται,
1680 4738 1777 4792 καὶ

194 4817 417 4883 κτιστὸς
447 4821 543 4873 καὶ
576 4821 853 4891 ἄκτιστος,
885 4825 978 4877 καὶ
1005 4825 1248 4897 παθητὸς
1286 4829 1381 4882 καὶ
1406 4828 1657 4901 ἀπαθήςσ
1677 4832 1775 4886 καὶ

192 4908 329 4961 ὅταν
358 4909 419 4977 ἐξ
442 4911 561 4975 ἐνὸς
583 4912 692 4965 τῶν
727 4915 930 4985 μερῶν,
962 4916 1095 4982 Υἱὸς
1125 4918 1285 4984 Θεοῦ,
1334 4921 1430 4973 καὶ
1484 4921 1617 4983 Θεὸς
1658 4923 1775 4976 ὀνο-

197 4997 466 5069 μάζηται,
507 5000 723 5072 δέχεται
775 5004 845 5059 τὰ
869 5004 990 5077 ’τῆς
1024 5009 1504 5079 συνυφεστηκυίας
1553 5011 1771 5080 φύσεως

197 5087 491 5160 ἰδιώματα,
519 5093 638 5164 ἦτοι
674 5096 777 5167 τῆς
805 5097 1027 5166 σαρκὸς,
1063 5097 1197 5163 Θεὸς
1227 5098 1474 5171 παθητὸς
1504 5101 1772 5175 ὀνομαζό-

267 5271 314 5305 ⁸³
340 5267 493 5325 Psal.
518 5287 664 5342 κων,
720 5273 774 5335 8.
876 5276 923 5309 ’δ
954 5271 1060 5332 Job
1114 5292 1175 5340 t.
1209 5276 1261 5332 1.

1885 4639 1953 4697 de
1980 4655 2216 4710 persona
2268 4657 2454 4701 sermo
2474 4654 2587 4715 est,
2638 4649 2756 4705 sive
2798 4650 2868 4706 ab
2911 4662 3144 4723 utraque
3191 4663 3347 4725 parte
3382 4656 3464 4712 si-

1886 4732 2021 4799 mul,
2041 4732 2157 4789 sive
2174 4735 2244 4790 ah
2266 4736 2440 4793 altera
2459 4748 2679 4795 tantum
2705 4756 2825 4796 eam
2853 4744 3213 4813 appellemus,
3247 4748 3463 4803 utrius-

1883 4840 1992 4895 que
2023 4834 2234 4884 natura:
2285 4832 2655 4901 proprietates
2708 4833 2815 4904 ipsi
2850 4835 3205 4904 imponimus.
3241 4837 3457 4893 Etenim

1882 4914 2139 4973 Christus
2177 4918 2332 4989 (qua:
2358 4936 2462 4975 vox
2504 4929 2805 4994 utrumque
2832 4925 2992 4996 210
3028 4926 3462 4997 complectitur)

1881 5015 1938 5064 et
1964 5008 2109 5065 Deus
2146 5017 2201 5065 et
2248 5010 2415 5068 homo
2460 5012 2688 5077 dicitur.
2731 5026 2784 5071 et
2819 5027 3038 5072 creatus
3064 5027 3119 5072 et
3148 5018 3459 5084 increatus,

1881 5110 1935 5157 et
1963 5103 2246 5173 passibilis
2272 5114 2327 5161 et
2355 5106 2739 5177 inipassibilis.
2764 5108 2899 5164 Cum
2925 5109 3035 5180 jam
3062 5109 3131 5165 ab
3161 5125 3267 5164 una
3299 5121 3461 5180 parte

1372 5278 1418 5311 ⁵⁵
1448 5277 1613 5350 Greg.
1662 5278 1799 5336 Naz.
1841 5290 1984 5337 erat.
2021 5283 2113 5338 '55.

1490 5430 1721 5493 VARUE
1770 5431 2178 5491 LECTIONES‘.

257 5565 283 5593 ο
306 5555 470 5641 ,Εόἰι
509 5559 826 5634 ὑπέμεινεν.
900 5573 929 5615 P
955 5562 1089 5622 Cod.
1128 5563 1189 5624 S.
1218 5562 1329 5623 IIil.
1372 5574 1428 5624 et
1461 5566 1554 5623 alii
1577 5568 1802 5641 quidam
1840 5569 2064 5627 ὁπόταν.

181 5626 378 5686 αὑτόν.

2174 5569 2440 5626 σιϐυά.8.
2481 5569 2594 5627 Hii.
2624 5572 2745 5627 κατ’
2780 5572 2963 5629 αὑτὸν.
3005 5576 3067 5632 τι.
3106 5578 3132 5631 1
3169 5580 3311 5635 κατὰ
3362 5579 3461 5638 τὸν
