3950 6304
485 249 594 314 999

1642 232 1703 290 S.
1745 227 2064 290 JOANNIS
2101 219 2536 286 DAMASCENI

3600 209 3744 272 Π)οθ

484 362 663 419 Filius
703 359 822 423 Dei,
847 366 906 414 et
930 356 1074 410 Deus
1097 357 1473 420 nuncupatur,
1508 344 1820 418 conjunctae
1850 357 1915 398 ac
1953 355 2062 396 una

2169 356 2348 410 μενος,
2377 340 2472 392 καὶ
2489 335 2699 408 Κύριος
2726 337 2825 407 τῆς
2841 331 2999 404 δόξης
3033 324 3455 401 ἐσταυρωμένος
3478 341 3492 356 ·
3509 325 3573 423 οὑ
3607 325 3749 380 καθδ

486 451 842 512 subsistentia
889 455 1124 509 natura),
1174 445 1279 498 hoc
1323 449 1409 496 est
1445 437 1654 501 carnis,
1684 434 2056 505 proprietates

484 542 702 612 recipit,
732 547 792 594 ut
821 548 876 593 et
913 537 1057 592 Deus
1105 533 1384 606 passibilis
1417 529 1754 588 nominetur,
1788 534 1844 579 et
1874 523 2060 577 Domi-

483 650 592 691 nus
645 632 834 705 gloriae
875 629 1181 685 cruciﬁxus
1241 625 1459 679 dicatur
1483 621 1574 674 ":
1629 635 1738 674 non
1769 631 1876 687 qua
1915 615 2060 670 Deus

483 735 590 793 est,
619 725 716 781 sed
743 739 851 795 qua
885 723 1030 777 idem
1057 721 1176 790 ipse
1218 715 1383 772 simul
1415 721 1498 769 est
1523 713 1709 766 homo.
1745 707 2061 777 Eodemque

483 816 671 881 modo,
701 831 827 870 eum
863 815 1028 868 homo
1067 823 1123 866 et
1165 809 1312 864 [ilius
1341 805 1584 860 hominis
1609 802 1937 872 appellatur,
1976 797 2065 851 di-

485 911 627 964 vinae
653 908 912 964 essentia;
953 903 1324 975 proprietates
1354 905 1410 953 et
1443 902 1768 952 ornamenta
1802 889 2060 960 suscipit.

483 998 629 1055 Puer
657 1000 802 1055 enim
847 998 996 1053 omni
1047 1009 1165 1050 aevo
1217 990 1498 1062 antiquior
1547 986 1774 1050 dicitur,
1817 989 1870 1037 et
1902 981 2062 1034 homo

486 1092 630 1147 initii
669 1106 907 1162 expers:
945 1103 1054 1144 non
1093 1087 1147 1142 id
1179 1085 1398 1155 quidem
1449 1094 1558 1150 qua
1601 1077 1816 1131 ratione
1850 1087 1987 1144 puer
2009 1077 2065 1126 et

487 1183 654 1238 homo
679 1192 786 1248 est,
837 1181 932 1238 sed
961 1195 1068 1250 qua
1101 1179 1244 1232 Deus
1281 1172 1500 1231 saeculis
1531 1167 1781 1224 anterior
1805 1179 1930 1220 cum
1975 1177 2064 1217 es-

487 1285 592 1342 set,
619 1275 684 1330 ad
718 1283 1024 1329 extremum
1075 1273 1255 1325 factus
1296 1274 1382 1322 est
1420 1278 1577 1334 puer.
1625 1262 1804 1329 Atque
1846 1257 1937 1310 hic
1976 1261 2063 1309 est

484 1367 598 1436 jam
650 1368 878 1422 alternae
923 1359 1447 1419 communicationis
1495 1353 1732 1415 modus,
1759 1349 1888 1404 dum
1925 1359 2062 1400 una-

487 1475 721 1529 quaeque
762 1469 986 1524 natura,
1028 1473 1092 1512 ea
1128 1470 1252 1525 quae
1287 1453 1392 1508 sibi
1437 1448 1663 1520 propria
1713 1450 1864 1507 sunt,
1901 1439 2064 1494 alteri

488 1554 885 1617 communicat,
939 1559 1232 1622 prepterea
1266 1547 1414 1618 quod
1461 1545 1655 1602 eadem
1687 1549 1772 1597 est
1801 1541 2066 1609 hyposta-

2158 431 2310 497 Θεὸς,
2346 428 2482 482 ἀλλά
2521 428 2657 482 καθὸ
2685 429 2782 480 καὶ
2800 427 3089 496 ἄνθρωπος
3143 422 3173 474 ὁ
3215 419 3380 482 αὑτός
3405 433 3423 450 ⁶
3465 418 3564 472 καὶ
3613 419 3750 472 ὅταν

2161 521 2446 591 ἄνθρωπος
2474 559 2490 584 ,
2522 521 2620 573 καὶ
2673 518 2801 582 Tib;
2851 514 3144 587 ἀνθρώπου
3189 509 3550 580 ὀνομάζηται,
3596 509 3752 579 δέχε-

2160 631 2252 668 ται
2281 617 2350 666 τά
2373 617 2472 684 τῆς
2497 611 2650 674 θείας
2671 610 2886 678 φύσεως
2932 597 3220 676 ἰδιώματα,
3275 604 3372 658 καὶ
3421 603 3746 673 αὐχήματα,

2164 706 2377 759 παιδίον
2405 703 2756 776 προαιώνιον,
2815 699 3106 770 ἄνθρωπος
3151 698 3389 768 ἄναρχος
3416 711 3430 724 ·
3493 696 3556 748 οὑ
3609 694 3750 748 καθὸ

2163 798 2396 860 παιδίον,
2421 798 2516 850 καὶ
2549 796 2856 864 ἄνθρωπος,
2890 792 3030 847 ἀλλά
3063 791 3202 844 καθὸ
3231 789 3366 852 Θεὸς
3397 787 3473 840 ὣν
3495 787 3748 858 προαιώ-

2159 906 2293 954 νιος,
2331 889 2559 957 γέγονεν
2591 888 2679 940 ἐπ’
2711 886 2961 956 ἐσχάτων
2988 883 3222 937 παιδίον.
3271 881 3382 933 Καὶ
3415 873 3570 940 οὗτός
3594 879 3749 929 ἐστιν

2159 981 2408 1052 ὁτρόπος
2440 981 2542 1049 τῆς
2579 979 2923 1042 ἀντιδόσεως,
2961 976 3231 1046 ἑκατέρας
3276 973 3493 1041 φύσεως
3540 968 3750 1024 ἀντιδι-

2159 1063 2358 1142 δούσης
2401 1075 2469 1142 τῇ
2530 1071 2694 1141 ἑτέρᾳ
2733 1069 2803 1123 τὰ
2855 1069 2962 1121 ῐδια
2999 1067 3086 1120 διὰ
3118 1065 3219 1137 τὴν
3263 1065 3363 1134 τῆς
3391 1063 3750 1124 ὑποστάσεως

2159 1165 2488 1235 ταυτότητα,
2520 1163 2617 1216 καὶ
2649 1163 2750 1232 τὴν
2785 1162 2866 1224 είς
2890 1159 3096 1229 ἄλληλα
3128 1157 3311 1210 αὑτῶν
3341 1153 3748 1224 περιχώρησιν.

2159 1257 2320 1310 Κατά
2367 1255 2524 1309 τοῦτο
2549 1253 2828 1324 δυνάμεθα
2855 1254 3029 1306 εἰπεῖν
3062 1250 3194 1320 περὶ
3233 1247 3472 1318 Χριστοῦ
3500 1263 3516 1278 ο
3556 1241 3753 1309 οὗτος

2161 1352 2194 1403 ὀ
2225 1347 2369 1414 Θεὸς
2394 1345 2581 1415 ἡμῶν,
2621 1347 2721 1398 ἐπὶ
2751 1346 2862 1411 τῆς
2893 1343 3005 1414 γῆς
3027 1343 3214 1412 ὤφθη,
3253 1339 3349 1393 καί
3375 1337 3497 1402 τοῖς
3519 1334 3752 1403 ἀνθρὼ-

2161 1454 2298 1505 ποις
2327 1435 2798 1505 συνανεστράφη
2821 1445 2864 1472 ι’·
2899 1436 3018 1497 καὶ,
3033 1433 3095 1488 Ὀ
3116 1431 3212 1488 ἀνθ
3223 1447 3404 1500 ρωπος
3415 1424 3572 1491 οὗτος
3593 1427 3752 1480 ἄκτι-

2165 1534 2289 1595 στός
2313 1533 2452 1594 ἐστι,
2489 1529 2583 1582 καὶ
2606 1529 2843 1599 ἀπαθὴς,
2878 1529 2975 1582 καὶ
2999 1526 3438 1598 ἀπερίγραπτος.

490 1645 591 1705 sis,
623 1653 680 1698 et
706 1645 774 1699 ob
821 1617 1066 1698 mutuam
1117 1617 1305 1696 earum
1355 1637 1782 1693 immeationem.
1827 1633 1946 1697 Qua
1973 1629 2185 1682 ratione
2231 1625 2300 1679 de
2348 1624 2568 1678 Christo
2595 1623 2782 1677 dicere
2825 1622 2986 1676 nobis
3051 1621 3214 1674 licet:
3282 1621 3386 1676 Hic
3445 1617 3589 1672 Deus
3658 1626 3754 1670 no’

490 1745 600 1788 uer
631 1737 685 1789 in
717 1745 859 1789 terra
887 1735 1026 1789 visus
1055 1743 1154 1798 est,
1176 1741 1366 1786 etcum
1396 1727 1698 1784 hominibus
1729 1730 2065 1779 conversatus
2095 1727 2172 1774 est
2213 1719 2281 1770 ⁸⁷.
2313 1717 2399 1782 Et,
2440 1715 2532 1770 hic
2568 1716 2734 1769 homo
2784 1716 3067 1768 increatus
3104 1718 3211 1777 est,
3251 1717 3308 1766 et
3364 1707 3750 1780 impassibilis,

489 1840 546 1886 et
580 1826 1127 1894 incircumscriptus.

1155 1909 1312 1966 CAP.
1342 1907 1410 1964 Υ.

917 2005 994 2060 De
1035 2019 1250 2058 numero
1301 2009 1640 2056 naturarum.

487 2109 490 2111 λ
563 2098 921 2153 Personarum
953 2097 1008 2150 in
1044 2094 1175 2161 Deo,
1205 2104 1524 2148 naturarum
1562 2091 1616 2144 in
1647 2087 1858 2144 Christo
1883 2099 2066 2140 nume-

489 2205 607 2244 rus.
637 2187 773 2243 Unio
799 2203 1072 2241 numerum
1103 2202 1208 2240 non
1238 2185 1398 2239 tollit.
1417 2182 1770 2237 —Czeterum
1796 2179 1864 2242 ⁸⁸,
1893 2176 2064 2233 veluti

492 2291 660 2332 unam
694 2277 748 2330 in
795 2275 1089 2329 Divinitate
1134 2281 1392 2328 naturam
1437 2269 1789 2333 confitemur,
1824 2273 1938 2320 tres
1965 2279 2065 2318 an-

493 2377 602 2423 tem
635 2381 905 2438 personas
955 2380 1083 2420 vere
1113 2363 1454 2419 exsistentes
1501 2360 1778 2422 dicimus;
1814 2365 1980 2424 atque
2003 2368 2067 2409 ea

493 2457 715 2528 quidem
747 2457 934 2512 omnia
981 2470 1105 2526 quae.
1134 2454 1411 2510 naturalia
1451 2449 1888 2518 essentialiaque
1913 2453 2065 2512 sunt,

493 2565 623 2607 esse
673 2549 946 2619 simplicia
1005 2544 1454 2617 pronuntiamus,
1517 2555 1882 2613 personarum
1938 2551 2068 2592 vero

493 2641 796 2696 discrimen
840 2639 896 2693 in
937 2638 1074 2693 solis
1123 2636 1302 2690 tribus
1345 2631 1804 2704 proprietatibus,
1855 2628 2072 2684 scilicet

495 2730 644 2800 quod
683 2744 827 2784 unus
859 2729 980 2784 sine
1027 2741 1200 2782 causa
1244 2726 1317 2780 sit
1344 2733 1400 2779 et
1443 2723 1625 2787 Pater,
1678 2723 1872 2776 altera
1903 2733 2070 2774 causa

493 2831 552 2877 et
581 2821 777 2887 Filius,
819 2821 962 2875 alter
1013 2819 1142 2874 item
1192 2832 1224 2871 a
1259 2831 1428 2871 causa
1481 2822 1535 2870 et
1587 2812 1919 2884 procedens,
1947 2824 2072 2866 esse

495 2913 736 2982 positum
769 2911 1148 2981 agnoscimus,
1184 2914 1244 2962 ut
1281 2907 1351 2960 ab
1377 2906 1610 2960 invicem
1642 2917 1744 2958 nec
1779 2901 2070 2964 excedere,

497 3016 600 3056 nec
630 2999 876 3069 disjungi
909 3004 1153 3069 queant;
1188 2995 1441 3066 quinimo
1469 2995 1613 3048 inter
1643 3007 1704 3047 se
1734 2994 1902 3046 unitas
1934 2990 2068 3056 sint,

499 3089 735 3160 aliaeque
788 3090 928 3143 alias
983 3089 1123 3142 citra
1173 3087 1560 3141 confusionem
1613 3084 1913 3154 pervadant
1945 3101 1959 3138 :
1988 3089 2070 3147 ut,

498 3179 750 3249 inquam,
813 3192 910 3233 eas
966 3177 1189 3246 quidem
1261 3176 1413 3230 nulla
1481 3174 1807 3231 confusione
1863 3174 2070 3238 unitas,

498 3271 764 3340 quoniam
797 3277 910 3325 tres
962 3276 1116 3332 sunt,
1158 3267 1376 3323 tametsi
1403 3269 1603 3332 unitte;
1637 3282 1824 3322 verum
1863 3276 1918 3322 et
1943 3267 2074 3322 abs-

497 3377 606 3431 que
647 3361 992 3431 sejunetione
1025 3359 1296 3414 discretas
1335 3361 1685 3431 (quanquam
1717 3359 1863 3414 enim
1923 3375 2076 3429 qua--

498 3455 633 3509 libet
667 3453 885 3506 illarum
919 3465 1018 3522 per
1063 3466 1124 3508 se
1157 3450 1442 3518 subsistit,
1483 3452 1598 3506 sive
1626 3450 1874 3520 perfecta
1897 3451 2075 3522 hypo-

499 3547 671 3607 stasis
699 3555 805 3611 est,
849 3561 1120 3618 suamque
1170 3547 1592 3618 preprietatem,
1639 3548 1744 3603 hoc
1795 3555 1882 3603 est
1930 3548 2078 3603 exsi-

499 3641 718 3694 stentiae
763 3638 986 3694 modum
1041 3639 1321 3710 disparem
1371 3640 1576 3705 habet;
1620 3649 1676 3694 at
1714 3641 1970 3695 essentia!
1993 3650 2078 3694 ta-

501 3743 649 3793 men,
677 3729 1124 3798 naturaliumque
1167 3731 1565 3801 proprietatum
1594 3730 1807 3785 ratione
1846 3731 2081 3799 conjun-

500 3828 726 3890 guntur,
764 3830 818 3874 et
861 3836 926 3876 eo
961 3821 1109 3890 quod
1141 3837 1171 3876 a
1213 3838 1449 3893 persona
1505 3823 1688 3878 Patris
1735 3839 1846 3877 non
1902 3823 2080 3879 divel-

503 3911 712 3977 luntur,
749 3926 848 3966 nec
886 3913 1181 3980 excedunt,
1215 3913 1426 3969 idcirco
1462 3913 1606 3969 Deus
1641 3929 1805 3977 unus,
1841 3923 1895 3968 et
1925 3923 2077 3983 sunt,

503 4011 560 4058 et
593 4002 886 4074 dicuntur)
916 4021 930 4056 :
955 4006 1230 4061 consimili
1264 4005 1429 4061 modo
1459 4005 1516 4060 in
1547 4005 1735 4060 divina
1759 4013 1814 4060 et
1848 4021 2077 4071 arcana,

502 4107 841 4164 omnemque
877 4098 1077 4152 mentis
1125 4100 1299 4152 aciem
1347 4107 1402 4152 et
1445 4106 1664 4166 captum
1707 4107 2080 4166 exsuperante

505 4183 604 4241 Dei
646 4184 810 4240 Verbi
863 4197 919 4242 et
953 4187 1166 4242 Domini
1219 4188 1394 4243 nostri
1441 4185 1574 4242 Jesu
1620 4187 1851 4252 Christi,
1919 4189 2081 4244 unius

507 4285 718 4332 sancta;
766 4278 1054 4334 Trinitatis
1103 4281 1418 4350 Iiypostasis
1483 4279 1888 4343 incarnatione,
1941 4281 2080 4337 duas

505 4368 728 4437 quidem
773 4379 1022 4434 naturas,
1079 4370 1322 4424 divinam
1385 4370 1599 4426 scilicet
1654 4378 1710 4424 et
1757 4369 2079 4436 humanam,

508 4475 617 4514 una
647 4460 906 4526 colvisse,
934 4469 988 4516 et
1017 4467 1319 4517 secundum
1368 4462 1710 4534 hypostasim
1745 4464 1928 4519 unitas
1960 4479 2083 4518 esse

2657 1891 2908 1944 κεφΑΑ.
2945 1890 3020 1944 E'.
3068 1867 3248 1962 [ne].

2521 1981 2659 2050 Περί
2685 1980 2936 2049 ἀριθμοῦ
2983 1980 3100 2036 τῶν
3126 1983 3391 2050 φύσεων.

2241 2075 2453 2145 Ὥσπερ
2481 2074 2538 2128 δὲ
2567 2057 2662 2129 ἐπὶ
2689 2077 2789 2145 τῆς
2821 2074 3093 2142 θεότητος,
3138 2073 3268 2143 μίαν
3299 2073 3397 2143 μὲν
3426 2071 3591 2141 φύσιν
3620 2074 3751 2144 δμο-

2167 2166 2460 2237 λογοῦμεν,
2481 2169 2630 2238 τρεῖς
2676 2167 2734 2220 δὲ
2761 2166 3088 2228 ὑποστάσεις
3118 2164 3239 2217 κατ’
3290 2164 3553 2234 ἀλήθειαν
3580 2165 3750 2230 οὔσας

2170 2258 2369 2328 φαμὲν,
2402 2257 2499 2311 καὶ
2533 2257 2710 2311 πάντα
2733 2257 2834 2326 μὲν
2857 2257 2926 2310 τὰ
2952 2256 3159 2325 φυσικά
3185 2257 3278 2312 καὶ
3315 2256 3572 2328 οὑσιώδη,
3601 2259 3752 2313 ἀτιλᾶ

2169 2367 2372 2421 φαμεν,
2401 2349 2501 2420 τὴν
2527 2349 2585 2402 δὲ
2617 2348 2881 2420 διαφορὰν
2929 2347 3038 2400 τῶν
3075 2347 3426 2401 ὑποστάσεων
3453 2349 3512 2400 ὲν
3554 2350 3751 2418 μόναις

2168 2445 2290 2507 ταῖς
2318 2443 2497 2514 τρισὶν
2531 2441 2779 2512 ἰδιότησι,
2817 2443 2884 2511 τῇ
2913 2439 3138 2510 ἀναιτίῳ
3163 2439 3258 2492 καὶ
3282 2443 3523 2511 πατρικῇ
3558 2442 3658 2494 καὶ
3684 2445 3746 2512 τῇ

2171 2535 2386 2606 αἰτιατῇ
2423 2534 2520 2587 καὶ
2569 2537 2742 2605 υίῖκῇ,
2769 2533 2864 2586 καὶ
2890 2535 2958 2604 τῇ
2996 2533 3213 2602 αἰτιατῇ
3252 2531 3349 2584 καὶ
3376 2533 3689 2604 ὲκπορευτῇ
3727 2537 3750 2570 ⁸

2170 2626 2605 2696 ὲπιγινώσκομεν
2626 2642 2639 2656 °
2673 2625 3096 2693 ἀνεκφοιτήτους
3137 2622 3194 2676 δὲ
3239 2623 3432 2691 αὑτὰς,
3465 2625 3564 2678 καὶ
3591 2625 3750 2680 ἀδια-

2174 2718 2401 2780 στάτους
2430 2715 2696 2786 ἀλλήλων,
2752 2715 2848 2769 καὶ
2891 2714 3206 2785 ἡνωμένας,
3247 2715 3340 2768 καὶ
3377 2717 3438 2768 ὲν
3487 2715 3751 2788 ἀλλήλαις

2171 2808 2497 2879 ἀσυγχὺτως
2526 2806 2945 2880 περιχυιροὺσας
2992 2807 3372 2878 ἐπιστάμεθαο
3407 2809 3502 2862 καὶ
3531 2810 3752 2879 ήνωμὲι

2172 2918 2270 2964 νας
2301 2902 2401 2972 μὲν
2429 2901 2752 2970 ἀσυγχύτως
2777 2919 2790 2932 ·
2828 2904 2979 2972 τρεῖς
3027 2904 3135 2975 γάρ
3179 2904 3340 2966 εἰσιν,
3385 2903 3434 2955 εί
3456 2903 3552 2956 καὶ
3579 2903 3753 2974 ἧνων-

2169 3012 2265 3048 ται
2286 3010 2300 3022 '
2341 2993 2724 3066 διαιρουμένας
2758 2995 2816 3048 δὲ
2845 2996 3202 3060 ἀδιαστάτως.
3235 2997 3299 3050 El
3341 2996 3451 3067 γὰρ
3481 2997 3578 3049 καὶ
3626 2997 3754 3050 ὲκά-

2175 3104 2274 3156 στη
2321 3085 2443 3141 καθ’
2501 3087 2706 3157 ἑαυτὴν
2753 3088 3085 3159 ὑφέστηκεν,
3139 3089 3308 3160 ἤγουν
3365 3087 3549 3141 τελεία
3597 3090 3754 3142 ἐστὶν

2175 3179 2494 3245 ὑπόστασις,
2535 3181 2628 3233 καὶ
2672 3179 2770 3250 τὴν
2828 3181 3038 3235 οἰκείαν
3090 3180 3493 3252 ίδιότητα,,ἧτοι
3527 3181 3624 3234 τὸν
3658 3182 3756 3252 τῆς

2179 3273 2470 3344 ὑπάρξεως
2503 3275 2702 3344 τρόπον
2731 3273 2986 3346 διάφορον
3015 3274 3303 3346 κέκτηται,
3341 3273 3460 3328 ἀλλ’
3515 3275 3758 3344 ἧνωνται

2176 3367 2243 3436 τῇ
2275 3382 2335 3418 τε
2355 3366 2515 3436 οὐσίᾳ
2553 3366 2648 3420 καὶ
2689 3367 2803 3428 τοῖς
2838 3368 3088 3435 φυσικοῖς
3124 3365 3397 3437 ἰδιώμασι,
3448 3365 3546 3419 καὶ
3573 3364 3658 3435 τῷ
3685 3368 3756 3436 μὴ

2178 3457 2504 3523 διίστασθαι,
2535 3457 2668 3528 μηδὲ
2685 3459 2944 3529 ὲκφοιτᾷν
2959 3459 3060 3528 τῆς
3085 3459 3358 3529 πατρικῆς
3380 3458 3756 3525 ὑποστάσεως,

2180 3551 2275 3602 καὶ
2306 3543 2386 3613 εἷς
2423 3550 2555 3615 Θεός
2587 3551 2694 3603 εἰσί
2715 3567 2798 3615 τε,
2825 3552 2918 3604 καὶ
2945 3550 3198 3618 λέγονται
3217 3551 3349 3605 ’στὸν
3367 3549 3532 3604 αὑτὸν
3557 3551 3758 3622 τρόπον

2180 3642 2276 3694 καὶ
2300 3641 2395 3694 ἐπὶ
2422 3641 2520 3712 τῆς
2549 3641 2698 3705 θείας
2724 3642 2821 3695 καὶ
2847 3642 3185 3714 ἀπορρήτου,
3221 3642 3318 3695 καὶ
3373 3641 3556 3695 πάντα
3607 3642 3757 3705 νοῦν,

2182 3735 2276 3788 καὶ
2302 3735 2607 3805 κατάληψιν
2637 3736 3014 3807 ὑπερεχούσης
3035 3737 3370 3807 οἰκονομίας,
3389 3735 3481 3789 τοῦ
3515 3737 3636 3800 ἑνὸς
3665 3737 3762 3807 τῆς

2180 3826 2342 3890 ἁγίας
2375 3827 2606 3896 Τριάδος
2639 3824 2774 3879 Θεοῦ
2812 3826 3010 3894 Λόγου,
3057 3827 3266 3897 Κυρίου
3291 3843 3352 3879 τε
3383 3825 3542 3895 ἡμῶν
3583 3826 3762 3896 Ἰησοῦ

2181 3917 2443 3989 Χριστοῦ,
2469 3917 2562 3971 δύο
2599 3918 2696 3989 μὲν
2729 3916 2922 3986 φύσεις
2958 3916 3350 3989 ὁμολογοῦμεν,
3383 3917 3535 3971 θείαν
3577 3934 3642 3970 τε
3675 3919 3766 3971 καὶ

2179 4010 2526 4082 ἀνθρωπίνην
2559 4052 2573 4074 ,
2640 4009 3055 4080 συνεληλυθυίας
3141 4009 3436 4078 ἀλλήλαις,
3487 4000 3597 4062 καῖ
3641 4011 3764 4063 καθ’

2183 4100 2482 4154 ὑπόστασιν
2516 4099 2832 4164 ὲνωθείσας,
2870 4100 2967 4170 μία
3003 4099 3061 4154 δὲ
3099 4100 3200 4171 τὴν
3235 4099 3538 4152 ὑπόστασιν
3561 4099 3630 4150 ἐκ
3661 4100 3766 4151 τῶν

2184 4193 2399 4264 φύσεων
2429 4193 2891 4247 ἀποτελεσθεῖσαν
2940 4193 3197 4247 σύνθετον
3219 4210 3233 4224 ⁸
3269 4190 3541 4257 σώζεσθαι
3570 4191 3629 4245 δέ
3661 4207 3766 4260 φα-

2187 4303 2285 4357 μεν
2341 4287 2441 4349 τὰς
2488 4285 2582 4339 δύο
2635 4284 2847 4355 φύσεις,
2903 4286 2998 4339 καὶ
3041 4285 3182 4356 μετά
3232 4284 3330 4356 τὴν
3361 4284 3582 4347 ἕνωσιν,
3621 4285 3680 4336 ὲν
3703 4283 3766 4351 τῇ

2187 4379 2287 4450 μιᾷ
2323 4378 2564 4449 συνθέτῳ
2617 4378 2934 4442 ὑποστάσει,
2980 4377 3148 4448 ἤγουν
3181 4377 3238 4430 ὲν
3271 4375 3350 4447 τῷ
3385 4376 3466 4428 ἑνὶ
3521 4375 3766 4446 Χριστῷ.

2184 4473 2282 4524 καὶ
2311 4469 2432 4524 κατ’
2483 4470 2744 4540 ἀλήθειαν
2792 4469 2964 4533 αὑτὰς
3013 4465 3174 4532 εἶναι,
3208 4468 3304 4522 καὶ
3323 4466 3390 4519 τὰ
3418 4465 3634 4520 τούτων
3670 4484 3768 4534 φυ-

506 4552 838 4607 conﬁtemur
871 4553 938 4619 ⁸⁸,
987 4562 1047 4609 ιιι
1102 4570 1209 4609 una
1259 4556 1575 4626 hypostasis
1621 4561 1678 4610 et
1726 4569 1963 4625 persona
2015 4572 2070 4611 ex

2187 4562 2315 4616 σικὰ
2375 4561 2664 4632 ίδιώματα-
2702 4561 2992 4631 ἡνωμένας
3044 4559 3231 4632 μέντοι
3276 4558 3628 4627 ἀσυγχὺτως,
3683 4557 3772 4610 καί

509 4646 723 4700 naturis
753 4645 971 4703 duabus
997 4649 1302 4718 composita
1343 4647 1500 4716 Ωιι
1537 4646 1684 4701 facta
1716 4648 1907 4703 fuerit.
1938 4648 2084 4704 inte-

509 4751 637 4819 gras
673 4751 858 4805 porro,
891 4739 1058 4793 etiam
1090 4749 1212 4808 post
1253 4739 1586 4803 unitionem,
1635 4748 1861 4795 naturas
1893 4742 2082 4796 ambas

509 4824 566 4880 in
602 4839 710 4879 una
733 4828 1040 4897 composita
1062 4843 1324 4898 persona,
1359 4827 1466 4883 hoc
1499 4837 1585 4885 est
1615 4829 1671 4884 in
1697 4845 1804 4886 uno
1837 4830 2079 4893 Christo,

581 4979 628 5012 ⁸⁸
653 4976 674 5031 l
703 4977 833 5034 Cor.
878 4996 938 5046 ιι,
961 4980 1014 5036 8.
1077 4980 1122 5012 ⁸⁷
1160 4979 1393 5036 Barueh.
1427 4994 1510 5044 ιιι,
1540 4979 1634 5036 38.

2174 4653 2502 4724 ἀδιαιρέτως
2570 4653 2938 4724 διαφερούσας
2995 4669 3093 4718 τε,
3183 4654 3278 4706 καὶ
3333 4651 3768 4722 ἀριθμουμένας.

2181 4748 2292 4801 Καὶ
2322 4745 2512 4816 ὥσπερ
2543 4747 2597 4798 αἰ
2647 4747 2794 4816 τρεῖς
2827 4745 3156 4808 ὑποστάσεις
3214 4746 3314 4814 τῆς
3347 4743 3512 4811 ἀγίας
3541 4744 3770 4816 Τριάδος

2191 4838 2513 4909 ἀσυγχὺτως
2538 4855 2598 4892 τε
2621 4837 2882 4908 ἥνωνται,
2915 4838 3012 4890 καὶ
3054 4837 3378 4908 ἀδιαιρέτως
3406 4837 3518 4907 (14)
3549 4836 3771 4908 διῄρην-

1734 4981 1780 5012 ⁸¹³
1803 4980 2000 5038 Leont.
2035 4985 2092 5040 in
2125 5003 2269 5058 resp.
2296 4986 2365 5040 ad
2405 5005 2613 5059 argum.
2649 4986 2831 5044 Serer.
2905 4989 2952 5020 ⁸³
2983 4987 3056 5045 Id.
3109 4987 3237 5044 ibid.

1802 5099 2036 5155 VARIA'J
2081 5103 2488 5160 LECTIONES.

589 5197 611 5226 τ
642 5186 768 5269 Haec
789 5185 961 5269 verba
981 5187 1182 5269 desunt
1229 5191 1285 5269 i_n
1319 5206 1454 5269 mss.
1483 5195 1938 5269 praeterquamin
1973 5195 2086 5249 RR.
2122 5195 2264 5269 2925
2293 5198 2557 5269 ιιι-2427.
2590 5198 2710 5254 Non
2739 5199 2872 5268 legit
2921 5210 3082 5255 vetus
3113 5199 3348 5269 interpr.
3427 5211 3450 5239 ε
3481 5200 3640 5257 Colh.
3669 5201 3689 5256 Ι
3719 5210 3767 5254 οι

514 5257 680 5340 Regg.
713 5259 748 5313 3
785 5259 880 5311 καὶ
901 5259 966 5328 τῇ
990 5259 1288 5333 αἰτιατικῇ,
1321 5263 1415 5314 καὶ
1444 5257 1592 5334 υίκῇ,
1629 5257 1724 5316 καῖ
1761 5267 1828 5335 τῇ
1865 5267 2194 5337 ὲκπορευτῇ.
2227 5267 2305 5322 Ita
2349 5267 2521 5324 Faber
2553 5281 2600 5324 et
2634 5257 2916 5335 σααεαίίβι
2943 5269 3102 5339 [iliali
3126 5312 3141 5338 ,
3181 5281 3229 5324 et
3260 5257 3560 5340 precariae
3609 5289 3768 5344 agno-

515 5343 734 5383 sctmus.

2025 5425 2257 5484 NOTAE.

585 5510 697 5582 (ﬂ)
730 5511 836 5582 Kal
863 5513 1222 5582 ἀδιαιρέτως.
1259 5514 1327 5568 Et
1357 5532 1542 5570 rursus
1575 5518 1710 5569 citra
1750 5515 2086 5572 divisionem.

2195 5518 2304 5596 τῷν
2347 5521 2741 5596 ῌε-στοριανῶν
2801 5524 3100 5595 κλέψαντες
3157 5523 3456 5596 ἀποροῦσιν
3503 5527 3641 5596 ἡμῖν
3683 5526 3771 5577 αὖ.

505 5579 770 5664 Οοειιιετξι
792 5579 1116 5664 argumento
1144 5579 1286 5664 quod
1325 5601 1352 5638 a
1385 5587 1726 5664 Nestorianis
1750 5586 2090 5664 §evei'ianos
2193 5589 2316 5652 τάς.
2344 5579 2552 5646 διιίιιιὶί
2610 5594 2698 5646 Ιιίο
2744 5579 2957 5661 auctor,
2989 5579 3438 5664 conjuncti'onem
3471 5579 3769 5664 quamlibet

503 5647 816 5713 gua'uratos
837 5647 956 5709 esse
971 5647 1227 5710 observat
1247 5655 1532 5722 Leontius,
1554 5666 1662 5712 act.
1683 5658 1715 5711 7
1738 5657 1812 5712 De
1833 5668 1960 5713 secl.
1981 5659 2087 5713 ἀπὸ
2196 5647 2428 5718 numero
2459 5677 2568 5718 non
2621 5664 2761 5731 tolli,
2815 5647 3018 5737 quippe
3033 5647 3191 5722 alii;
3209 5647 3445 5722 materia
3475 5647 3547 5722 ἐι
3576 5647 3768 5734 ferina,
