3950 6304
190 320 345 377 1001
1292 319 1386 378 DE
1422 319 1605 379 FIDE
1636 320 2099 380 ORTIIUDOXA
2142 324 2289 384 LIB.
2320 324 2431 384 III.
3345 333 3479 405 1002

192 448 328 495 ται,
387 428 485 482 καὶ
530 423 918 496 ἀριθμοῦνται,
956 427 1049 479 καὶ
1092 428 1120 480 ὁ
1172 427 1406 498 ἀριθμὸς
1440 428 1727 499 διαίρεσιν,
1762 448 1770 480 τ

1902 432 2111 485 servari
2142 432 2399 497 dicimus,
2433 449 2640 505 easque
2668 451 2793 492 vero
2824 452 2945 493 esse
2976 452 3101 499 cum
3134 444 3478 511 naturalibus

186 521 566 591 διάστασιν,ἢ
601 518 982 589 ἀλλοτρίωσιν,
1039 520 1132 573 καὶ
1190 520 1457 590 διατομὴν
1502 523 1561 575 ἐν
1604 523 1767 575 αὑταῖ

1902 522 2147 591 ipsarum
2183 525 2621 595 proprietatibus
2652 546 2664 582 :
2698 530 2829 601 quia
2864 530 3121 587 nimirum
3153 536 3293 591 citra
3340 554 3477 601 con.

183 616 311 669 οὑκ
366 613 691 685 ἐργάζεται·
750 612 847 667 ἕνα
896 611 1006 682 γὰρ
1054 612 1186 665 Θεὸν
1225 615 1661 687 ὲπιγινιῡσκομεν
1706 619 1767 670 τὸ

1901 612 2177 669 fusionem
2221 616 2389 671 unita:
2441 628 2596 682 sunt,
2652 627 2705 673 ct
2738 635 2935 677 rursus
2969 623 3108 678 citra
3142 625 3476 691 divisionem

184 706 457 772 Πατέρα,
492 706 588 759 καὶ
606 704 698 757 τὸν
728 703 878 767 Υἱὸν,
912 702 1008 756 καὶ
1038 702 1099 756 τὸ
1127 705 1355 776 Πνεῦμα
1382 707 1443 759 τὸ
1476 707 1631 776 ἅγιον
1652 726 1665 740 ’
1706 709 1766 763 τὸ

1900 706 2324 777 distinguuntur
2367 717 2422 764 et
2473 718 2855 768 numerantur.
2908 713 2973 768 Et
3007 720 3475 786 quemadmodum

182 799 376 853 αὑτὸν
425 797 649 868 τρόπον,
706 797 801 850 καὶ
854 796 913 848 αἱ
956 795 1051 849 τοῦ
1096 798 1340 868 Χριστοῦ
1377 800 1591 870 φύσεις,
1623 804 1672 854 εἰ
1705 819 1770 855 κα

1900 806 2012 855 tres
2044 810 2247 855 sancta:
2274 799 2563 857 Trinitatis
2607 818 2856 872 persona:
2895 805 2971 861 ita
2998 807 3119 873 sine
3149 812 3478 875 confusione

179 895 471 963 ἧνωνται,
498 890 615 944 ἀλλ’
638 889 966 960 ὰσυγχύτως
994 891 1265 960 ἦνωνταιο
1309 895 1405 946 καὶ
1453 895 1501 947 εἰ
1535 896 1593 947 ἐν
1630 894 1765 967 ἁλλή

1901 893 2068 948 unitas
2101 902 2258 960 sunt,
2297 902 2356 953 ut
2385 906 2568 951 tamen
2614 897 2737 953 sine
2784 898 3062 957 divisione
3121 902 3474 978 distinguan—

178 986 327 1047 λαις
355 980 783 1053 περιχωροῦσιν,
810 982 950 1041 ἀλλὰ
981 982 1080 1053 τὴν
1106 984 1186 1047 εἰς
1213 983 1448 1056 ἀλλήλας
1474 986 1682 1056 τροπήν
1712 1001 1769 1037 τε

1898 992 1990 1039 tur
2019 992 2075 1043 et
2104 996 2469 1042 numerentur
2495 1005 2511 1053 ;
2540 988 2672 1059 quia
2721 1004 2921 1060 numpe
2961 1007 3229 1052 numerus
3259 1013 3361 1053 nec
3387 1000 3474 1055 di-

178 1076 298 1129 καὶ
322 1071 629 1143 μεταϐολὴν
657 1071 720 1124 οὑ
757 1071 1093 1143 προσίενται.
1119 1072 1381 1129 Φυλὰττει
1412 1074 1520 1145 γὰρ
1558 1074 1770 1142 ἑκατέρς

1896 1074 2190 1141 visionem,
2229 1091 2331 1132 nec
2380 1078 2833 1147 disjunctionetn,
2896 1096 2997 1137 nec
3058 1083 3471 1155 alienationem,

175 1168 298 1237 τὴν
337 1164 538 1234 ἑαυτῆς
566 1164 803 1234 φυσικὴν
841 1164 1085 1236 ἰδιότητα
1129 1165 1531 1235 ἀμετάϐλητον.
1573 1168 1665 1221 Διὸ
1701 1185 1770 1220 κα

1897 1182 2001 1221 nec
2032 1168 2342 1222 sectionem
2372 1169 2425 1222 in
2473 1169 2609 1238 ipsis
2648 1171 2779 1225 facit
2807 1173 3014 1242 (unum
3050 1175 3253 1245 quippe
3282 1176 3474 1251 Deum,

174 1256 591 1328 ἀριθμοῦνται,
645 1256 740 1310 καὶ
766 1258 794 1309 6
837 1256 1071 1331 ἀριθμὸς
1126 1257 1228 1311 οὑκ
1262 1256 1472 1326 εἰσάγει
1504 1257 1770 1329 διαίρεσιν

1896 1256 2136 1325 Patrem,
2157 1268 2210 1314 et
2228 1259 2454 1325 Filium,
2489 1272 2544 1315 et
2574 1260 2841 1332 Spiritum
2870 1272 3127 1319 sanctum
3162 1268 3471 1337 novimus):

175 1345 297 1411 Εἷς
329 1350 437 1419 γάρ
463 1350 614 1401 ἐστιν
641 1350 670 1401 6
697 1348 959 1420 Χριστὸς,
991 1347 1050 1403 ἐν
1092 1365 1152 1402 τε
1180 1348 1398 1417 θεότητι
1428 1350 1524 1401 καὶ
1576 1348 1763 1419 ἁνθρω

1896 1353 1971 1407 ita
1999 1367 2220 1424 quoque
2256 1353 2463 1410 Christi
2492 1364 2724 1420 naturae,
2751 1357 3007 1427 quamvis
3040 1358 3277 1414 invicem
3311 1362 3476 1417 uuita:

175 1441 402 1510 πότητι
430 1440 668 1503 τέλειος·
720 1442 749 1493 6
793 1440 905 1512 γὰρ
955 1438 1216 1510 ἀριθμὸς,
1276 1440 1337 1494 οὑ
1383 1439 1770 1511 διαιρέσεως,ἱ

1895 1442 2026 1509 sint,
2093 1451 2352 1497 caeterum
2403 1444 2558 1497 nulla
2610 1445 2980 1517 confusione,
3051 1461 3104 1504 et
3170 1452 3476 1521 quamlibet

174 1532 451 1596 ὲνώσεως
491 1534 666 1597 αἴτιος
713 1532 983 1602 πέφυκεν,
1046 1532 1183 1586 ἀλλὰ
1219 1534 1320 1603 τῆς
1350 1534 1649 1604 ποσότητος
1684 1534 1770 1589 τῶε

1896 1534 2018 1590 aliae
2046 1534 2186 1591 alias
2230 1543 2538 1605 permeent,
2590 1551 2701 1591 non
2744 1547 2927 1595 tamen
2970 1543 3391 1597 conversionem
3421 1552 3472 1597 et

174 1624 621 1696 ἀριθμουμένων
641 1642 708 1696 ση
717 1623 999 1695 μαντικὸς,
1013 1624 1122 1677 εἴτε
1138 1622 1454 1693 ήνωμένων,
1474 1623 1585 1675 εἴτε
1605 1622 1770 1696 διῃρη

1895 1626 2423 1683 transmutationem
2456 1626 2686 1684 alterius
2715 1630 2768 1684 in
2812 1631 3043 1686 alteram
3072 1633 3373 1689 admittunt
3405 1634 3472 1688 σοι

174 1718 414 1788 μένων·
463 1716 768 1787 ήνωμένων
812 1716 933 1787 μὲν,
977 1715 1053 1779 ὡς
1093 1715 1175 1771 ὅτι
1228 1717 1567 1786 πεντήκοντα
1610 1716 1770 1770 λίθους

1897 1718 2146 1789 Utraque
2188 1717 2338 1771 enim
2369 1720 2676 1775 naturalem
2717 1722 3113 1792 proprietatem
3165 1741 3321 1781 suam
3374 1728 3475 1781 itu-

171 1779 309 1879 ἔχει
340 1811 367 1863 6
392 1779 754 1879 τοῖίίοςόὗτος
780 1823 793 1837 ‘
813 1779 1185 1880 ,διῃρημένων
1238 1807 1316 1871 δὲ,
1351 1779 1426 1871 ως
1471 1808 1554 1861 ὅτι
1584 1811 1770 1880 πεντή-

1895 1818 2099 1865 motam
2155 1818 2358 1864 tuetur.
2414 1810 2556 1865 llinc
2609 1827 2830 1882 quoque
2869 1816 2929 1867 tit
2973 1824 3031 1870 ut
3083 1828 3469 1885 numerentur,

174 1915 365 1954 κοντα
394 1897 535 1952 λίθοι
563 1901 774 1953 κεῖνται
808 1900 867 1952 ὲν
897 1897 976 1968 τῷ
1005 1896 1177 1967 πεδίῳ
1207 1897 1387 1969 τούτῳ
1406 1915 1419 1928 ·
1448 1899 1546 1951 καὶ
1575 1900 1770 1969 ἡνωμέ·

1893 1918 1995 1960 nec
2052 1912 2235 1958 tamen
2297 1918 2563 1959 numerus
2627 1904 2953 1961 divisionem
3012 1906 3260 1965 inducat.
3319 1909 3473 1967 Unus

172 2008 303 2045 νων
343 1991 466 2061 μὲν,
492 1992 575 2045 ὅτι
600 1990 694 2044 δύο
721 1990 914 2063 φύσεις
949 1991 1089 2045 εἰσιν
1120 1992 1179 2044 ὲν
1209 1990 1285 2060 τῷ
1326 1990 1580 2061 ἄνθρακι,
1616 1990 1770 2061 πυρὸς

1895 1992 2174 2065 siquidem
2205 1990 2466 2049 Christus
2495 2004 2600 2063 est,
2646 2003 2757 2049 tam
2790 1995 2843 2051 in
2878 1995 3192 2064 divinitate,
3222 2015 3386 2073 quam
3418 2005 3473 2063 in

172 2085 339 2153 λέγω
367 2087 464 2141 καὶ
504 2085 701 2151 ξύλων
749 2086 1103 2160 διῃρημένων
1132 2085 1211 2149 δὲ,
1262 2086 1343 2139 ὅτι
1403 2087 1436 2157 ἡ
1496 2085 1661 2154 φύσις
1693 2084 1770 2139 τοῐ

1895 2085 2242 2142 humanitate
2319 2086 2622 2155 perfectus.
2694 2085 2885 2158 Neque
2930 2088 3076 2144 enim
3129 2091 3343 2149 numeri
3410 2106 3473 2150 ea

175 2178 373 2249 1:996;
392 2178 557 2250 ἑτέρα
577 2179 715 2245 ἐστὶ,
752 2180 848 2233 καὶ
879 2182 910 2248 ἡ
935 2179 1030 2233 τοῦ
1054 2179 1214 2245 ξύλου
1239 2178 1405 2250 ἑτέρα
1426 2195 1439 2209 ·
1473 2179 1636 2233 ἄλλου
1664 2179 1770 2249 τρό

1894 2187 2095 2235 natura
2146 2186 2254 2242 est,
2315 2188 2376 2233 ut
2424 2178 2751 2234 divisionem
2804 2189 2899 2235 aut
2951 2182 3211 2238 unionem
3258 2183 3471 2255 aﬂ'erat,

175 2286 299 2324 που
354 2268 624 2332 ὲνοῦντος,
677 2270 771 2321 καὶ
827 2267 1169 2340 διαιροῦντος
1215 2268 1386 2335 αὑτὰ,
1437 2269 1531 2321 καὶ
1580 2269 1641 2321 οὑ
1688 2268 1770 2323 τοί

1893 2273 1988 2329 sed
2044 2273 2407 2342 quantitatem
2465 2272 2734 2326 duntaxat
2775 2287 2965 2326 carum
3014 2288 3197 2328 rerum
3249 2290 3371 2344 qua:
3415 2277 3469 2330 in

173 2359 457 2431 ἀριθμοῦ.
498 2361 713 2432 ’Ὠσπερ
729 2361 910 2414 τοίνυν
949 2360 1213 2415 ἀδύνατον
1239 2360 1335 2423 τὰς
1365 2364 1513 2431 τρεῖς
1543 2361 1770 2416 ὑποστάς

1893 2380 2188 2421 numerum
2223 2364 2451 2429 cadunt,
2494 2362 2790 2433 signiﬁcat,
2829 2362 2947 2417 sive
2987 2362 3094 2417 illae
3133 2363 3302 2418 unita:
3336 2364 3469 2434 sint,

177 2471 308 2516 σεις
353 2453 458 2525 τῆς
518 2454 795 2526 θεότητος,
825 2456 874 2507 εί
923 2453 1019 2508 καὶ
1058 2454 1295 2525 ἥνωνται
1329 2452 1611 2525 ἀλλήλαις,
1653 2453 1770 2524 μίαι

1885 2457 2001 2512 sive
2029 2457 2217 2512 divisa“:
2248 2474 2262 2510 :
2297 2456 2464 2510 unita:
2499 2453 2747 2525 quidem,
2788 2460 2849 2507 ut
2884 2454 3033 2524 quod
3057 2454 3463 2525 quinquaginta

178 2546 505 2600 ὑπόστασιν
540 2547 719 2600 εἰπεῖν
742 2546 827 2599 διὰ
854 2547 915 2599 τὸ
946 2546 1020 2617 μὴ
1043 2546 1309 2616 σύγχυσιν
1338 2546 1433 2600 καὶ
1472 2546 1770 2617 ἀφανισμὸι

1887 2546 2168 2616 lapidibus
2217 2546 2308 2602 hic
2362 2546 2545 2616 paries
2600 2551 2855 2613 constet;
2902 2542 3095 2601 divisae
3156 2554 3363 2611 autem.
3409 2555 3471 2603 ut

175 2637 287 2708 τῆς
321 2636 434 2690 τῶν
464 2637 823 2692 ὑποστάσεων
879 2638 1146 2713 διαφορᾶς
1189 2638 1532 2708 ἐργάσασθαι
1567 2639 1608 2704 ί,
1639 2636 1770 2691 οὑτιι

1884 2636 2031 2706 quod
2066 2635 2472 2707 quinquaginta
2520 2634 2732 2704 lapides
2764 2634 2823 2688 in
2858 2648 3057 2705 campo
3101 2635 3362 2705 jaceant:
3406 2651 3472 2691 ac

176 2730 286 2785 καὶ
319 2728 421 2791 τὰς
441 2728 535 2783 δύο
561 2728 757 2799 φύσεις
787 2731 882 2784 τοῦ
913 2712 1171 2801 Χριστοῦ,
1195 2732 1295 2796 τὰς
1323 2730 1447 2785 καθ’
1481 2729 1770 2783 ὑπόστασικ.

1884 2744 2110 2785 rursum
2158 2730 2345 2793 unitte,
2402 2736 2462 2783 ut
2506 2727 2652 2797 quod
2699 2727 2755 2782 in
2803 2727 3047 2783 carbone
3081 2720 3205 2784 dua:
3256 2712 3470 2787 natura:

179 2821 499 2892 ήνωμένας,
530 2821 793 2877 ἀδύνατον
825 2821 954 2894 μίαν
980 2823 1142 2895 φύσιν
1165 2824 1364 2890 εἰπεῖν,
1395 2822 1483 2877 ἵνα
1526 2822 1602 2895 μὴ
1634 2823 1770 2892 ἁφα-

1888 2822 2022 2887 sint,
2053 2822 2196 2893 ignis
2228 2821 2493 2878 nimirum
2536 2829 2592 2877 et
2633 2821 2794 2892 ligni;
2837 2821 3093 2876 discretae
3130 2837 3283 2891 vero,
3320 2823 3470 2894 quod

181 2913 406 2979 νισμὸν,
432 2913 525 2966 καὶ
563 2912 848 2984 σύγχυσιν,
894 2914 992 2969 καὶ
1050 2914 1392 2987 ἀνυπαρξίαν
1436 2913 1536 2985 τῆς
1591 2912 1770 2971 αὑτῶν

1886 2913 1993 2967 alia
2020 2913 2163 2984 ignis
2184 2922 2386 2969 natura
2417 2913 2511 2982 sit,
2548 2913 2654 2967 alia
2703 2912 2876 2984 ligni;
2927 2912 3035 2969 alio
3066 2929 3263 2984 nempe
3305 2916 3470 2971 modo

179 3006 456 3075 διαφορᾶς
486 3005 875 3077 ὲργασώμεθα.

1884 3005 2003 3063 haec
2044 3006 2339 3075 copulante
2387 3013 2444 3062 et
2478 3005 2791 3067 dividente,
2826 3019 2939 3060 non
2983 3015 3171 3063 autem
3213 3022 3469 3069 numero.

183 3099 662 3169 Quemadmodum
755 3099 923 3169 igitur
982 3097 1100 3155 ﬁeri
1149 3100 1363 3171 nequit,
1454 3109 1515 3155 ut
1588 3109 1703 3159 tres
1771 3097 2082 3155 divinitatis
2134 3114 2423 3171 personas,
2484 3099 2704 3155 tametsi
2754 3098 2900 3154 inter
2955 3113 3015 3155 se
3061 3099 3266 3170 junctae
3312 3111 3467 3170 sunt,

191 3205 357 3247 unam
390 3206 683 3260 personam
727 3192 1000 3260 dicamus,
1054 3209 1123 3249 ne
1161 3193 1367 3265 alioqui
1405 3210 1768 3265 personarum
1811 3194 2115 3249 discrimen
2147 3191 2560 3250 contendamus
2607 3200 2664 3247 et
2705 3206 2737 3247 e
2810 3190 2995 3247 medio
3045 3192 3325 3260 tollamus,
3396 3193 3469 3256 ita

189 3296 295 3336 nec
342 3283 459 3337 fieri
508 3291 711 3353 potest,
748 3291 808 3337 ut
858 3284 998 3339 duas
1048 3283 1258 3341 Christi
1296 3294 1529 3341 naturas
1602 3288 1912 3341 secundum
1953 3286 2297 3355 hypostasim
2381 3284 2566 3341 unitas
2618 3298 2785 3340 unam
2868 3290 3125 3339 naturam
3190 3284 3458 3381 dicamus,

186 3389 261 3429 ne
289 3374 587 3432 discrimen
617 3391 813 3432 earum
844 3378 1105 3433 tollamus
1139 3387 1193 3431 et
1222 3380 1651 3445 eonfundamus,
1690 3389 1853 3449 atque
1884 3378 1952 3433 ad
1985 3379 2219 3434 nihilum
2252 3377 2591 3449 redigamus.

720 3470 973 3525 ΚΕΦΔΛ.
1016 3473 1072 3539 ς
1107 3469 1240 3545 [N'.]

2528 3469 2685 3526 CAP.
2717 3469 2807 3526 Vl.

190 3562 324 3616 Ὀτι
351 3559 516 3616 πᾶσα
537 3561 575 3629 ἡ
602 3563 729 3616 θεία
747 3562 934 3631 φύσις
949 3562 1021 3631 ἐν
1038 3560 1146 3631 μιᾷ
1164 3563 1279 3616 τῶν
1293 3562 1486 3631 αὐτῆς
1502 3564 1772 3618 ὑποστά-

262 3647 419 3688 σεων
465 3633 664 3699 ἠνώυη
699 3630 867 3702 πάσῃ
917 3630 993 3702 τῇ
1039 3630 1386 3702 ἀνθρωπίνῃ
1438 3630 1645 3702 φύσει,
1674 3635 1772 3688 καὶ

262 3704 335 3758 οὺ
353 3702 533 3771 μέρος
548 3703 738 3771 μέρει.

265 3794 347 3846 Τὰ
370 3793 521 3848 κοινὰ
548 3796 643 3849 καὶ
680 3794 948 3849 καθολικὰ
993 3794 1428 3869 κατηγοροῦνται
1454 3796 1564 3855 τῶν
1595 3797 1775 3860 αὐτοῖς

197 3885 567 3956 ὑποκειμένων
600 3886 865 3959 μερικῶν.
922 3887 1121 3943 Κοινὸν
1170 3888 1355 3942 τοίνυν
1399 3890 1432 3960 ἡ
1478 3887 1660 3952 οὐσία,
1698 3890 1775 3952 ὡς

198 3974 354 4043 εἶδος,
386 3979 607 4050 μερικὸν
628 3980 764 4051 δὲ,ἠ
806 3980 1127 4045 ὑπόστασις.
1165 3980 1407 4052 Μερικὺν
1433 3981 1516 4046 δὲ,
1553 3982 1654 4053 οὐχ
1692 3983 1774 4036 ὅτι

205 4073 363 4143 μέρος
405 4072 503 4142 τῆς
560 4070 779 4142 φὺσεως
837 4073 973 4143 ἔχει,
1028 4075 1201 4145 μέρος
1246 4075 1299 4127 δὲ
1330 4075 1430 4127 οὑκ
1462 4074 1597 4146 ἔχει,
1637 4073 1775 4129 ἀλλὰ

208 4164 421 4235 μερικὸν
448 4163 524 4237 τῷ
548 4165 788 4237 ἀριθμῷ,
850 4167 928 4230 ὡς
964 4169 1203 4238 ἄτομον·
1240 4166 1461 4240 ἀριθμῷ
1496 4167 1627 4239 γὰρ,
1680 4167 1775 4223 καὶ

205 4258 266 4313 οὑ
296 4256 446 4324 φύσει
489 4258 769 4329 διαφέρειν
818 4258 1069 4327 λέγονται
1116 4262 1173 4313 αί
1221 4261 1574 4326 ὑποστάσεις.
1624 4262 1773 4315 Κατ-

208 4351 541 4421 ηγορεῐταιδὲ
570 4353 603 4423 ἡ
628 4352 787 4407 οὐσία
804 4352 905 4423 τῆς
929 4352 1303 4419 ὑποστάσεως,
1322 4353 1457 4407 διότι
1475 4356 1533 4407 ὲν
1563 4353 1771 4425 ἑκάστῃ

209 4444 315 4495 τῶν
354 4442 605 4513 ὁμοειδῶν
664 4443 1017 4497 ὑποστάσεων
1081 4443 1268 4499 τελεία
1324 4446 1357 4515 ἡ
1409 4444 1569 4499 οὑσία
1628 4444 1766 4500 ἐστι.

213 4534 298 4590 Διὸ
328 4535 433 4589 οὑδὲ
464 4535 812 4606 διαφέρουσιν
863 4534 1113 4607 ἀλλήλων
1170 4537 1225 4589 αἱ
1282 4536 1615 4600 ὑποστάσεις
1647 4536 1769 4589 κατ’

216 4625 408 4691 οὐσίαν,
437 4626 570 4681 ἀλλὰ
597 4627 739 4681 κατὰ
795 4626 864 4681 τὰ
912 4624 1325 4698 συμϐεϐηκότα,
1373 4625 1535 4680 ἅτινά
1561 4627 1669 4679 εξσι
1701 4626 1772 4681 τὰ
1812 4698 1828 4713 .

218 4718 669 4790 γαρακτηριστικὰ
760 4716 1060 4788 ἰδιώματα*
1156 4717 1640 4791 χαρακτηριστικὰ
1712 4717 1769 4772 δὲ

1881 3562 2038 3629 Quod
2070 3572 2181 3617 tota
2213 3562 2395 3616 divina
2427 3571 2627 3616 natura
2668 3562 2724 3615 in
2776 3577 2884 3615 una
2931 3577 3154 3617 suarum
3208 3575 3463 3629 persona-

1948 3633 2196 3715 rum.toti
2224 3632 2470 3687 humana:
2504 3643 2714 3688 natura:
2764 3633 2915 3686 unita
2962 3635 3053 3701 sit,
3092 3641 3142 3686 et
3196 3647 3300 3686 non
3340 3646 3462 3701 pars

1947 3714 2113 3774 paru.

1963 3795 2206 3851 Essentia
2225 3806 2273 3850 et
2295 3805 2491 3848 natura
2530 3794 2713 3848 eadem
2737 3796 2788 3847 in
2827 3796 3063 3864 personis
3097 3792 3462 3859 tota—Qua)

1876 3888 2192 3944 communia
2226 3895 2280 3943 et
2330 3888 2666 3943 universalia
2717 3897 2867 3953 sunt,
2914 3886 2984 3943 de
3028 3885 3461 3956 particularibus

1877 3982 1983 4037 sibi
2014 3979 2285 4051 subjectis
2326 3980 2721 4051 praedicantur.
2753 3979 3058 4035 Commune
3087 3992 3252 4048 porro
3277 3978 3453 4048 quod-

1876 4076 2001 4130 dam
2038 4082 2124 4130 est
2156 4076 2417 4141 essentia,
2454 4081 2512 4127 ut
2536 4073 2777 4144 species;
2810 4072 3167 4143 particulare,
3194 4086 3456 4141 persona.

1876 4165 2239 4230 Particulare,
2302 4165 2548 4236 inquam,
2614 4178 2725 4219 non
2786 4161 2933 4234 quod
2990 4170 3206 4215 naturae
3243 4166 3454 4231 partem

1875 4256 2174 4328 quamdam
2209 4256 2317 4313 sibi
2368 4256 2630 4323 vindicet,
2667 4254 2765 4311 sed
2796 4254 2926 4325 quia
2956 4266 3189 4308 numero
3211 4251 3455 4324 particu-

1879 4349 1992 4403 lare
2037 4356 2145 4415 est,
2179 4358 2237 4404 ut
2289 4347 2659 4403 individuum.
2717 4345 2976 4402 Personae
3024 4344 3300 4415 siquidem
3344 4355 3454 4414 non

1876 4451 2096 4505 natura,
2150 4441 2246 4498 sed
2296 4454 2528 4496 numero
2580 4440 2725 4495 inter
2768 4454 2828 4496 se
2868 4438 3136 4509 distingui
3166 4437 3453 4492 dicuntur.

1875 4534 2219 4590 Praedicatur
2258 4533 2445 4605 itaque
2479 4532 2726 4590 essentia
2763 4530 2831 4587 de
2878 4545 3146 4602 persona,
3192 4527 3454 4600 quoniam

1876 4627 1931 4681 in
1969 4625 2211 4701 singulis
2260 4626 2467 4696 speciei
2513 4624 2761 4697 ejusdem
2800 4622 3054 4694 personis
3095 4621 3341 4693 perfecta
3372 4627 3457 4677 est

1876 4719 2141 4774 essentia.
2174 4717 2295 4785 Quo
2330 4718 2391 4775 ﬁt
2437 4725 2496 4772 ut
2546 4732 2799 4790 persona:
2845 4716 2992 4771 inter
3036 4730 3093 4769 se
3139 4729 3250 4769 non
3299 4712 3457 4767 dill‘c-

220 4810 558 4875 ὑποοτάσεως,
581 4810 674 4866 καὶ
699 4812 761 4864 οὑ
790 4810 1026 4880 φύσεως.
1060 4811 1171 4867 Καὶ
1196 4809 1306 4881 γὰρ
1327 4809 1425 4881 τὴν
1465 4810 1768 4867 ὑπόστασιν

1883 4820 2003 4867 rant
2042 4813 2256 4867 ratione
2295 4812 2575 4878 essentia,
2608 4813 2705 4868 sed
2748 4808 3150 4870 accidentium,
3182 4820 3305 4877 qua:
3336 4804 3458 4874 qui,

220 4901 482 4972 ὁρίζονται,
538 4902 729 4957 οὑσίαν
793 4902 934 4972 μετὰ
987 4901 1436 4972 συμϐεϐηκότων.
1482 4901 1647 4955 Ὥστε
1706 4901 1769 4954 τὸ

224 4993 384 5045 κοινὸν
412 4996 540 5065 μετὰ
565 4995 660 5049 τοῦ
693 4995 991 5060 ἰδιάζοντος
1030 4994 1144 5065 ἔχει
1179 4996 1213 5065 ή
1238 4995 1561 5060 ὑπόστασις,
1597 4994 1691 5048 καὶ
1705 4993 1767 5047 τὸ

1874 4903 1999 4958 dem
2037 4912 2171 4959 sunt
2218 4905 2455 4976 propria:
2501 4914 2556 4960 et
2611 4911 2778 4960 certa:
2826 4903 2988 4972 212
3046 4909 3190 4954 nota:
3254 4897 3457 4968 quibus

1876 4996 2155 5067 sigillatur
2184 4997 2527 5069 bypostasis,
2558 5013 2669 5054 non
2702 5004 2925 5051 natura.
2962 4992 3284 5065 llvpostasis
3309 4990 3455 5046 enim

287 5112 331 5146 “
356 5111 470 5168 lnt’r.
501 5129 625 5185 cap.
661 5115 724 5181 7;
757 5112 924 5169 Basil.
955 5111 1122 5183 epist.
1150 5112 1241 5177 43,
1292 5120 1348 5167 et
1379 5112 1475 5167 lib.
1504 5111 1580 5166 De
1612 5112 1759 5181 Spir.
1799 5123 1977 5169 sanet.
2011 5128 2136 5185 cap.
2176 5113 2264 5170 l7.

296 5231 314 5272 ί
364 5227 496 5287 Edita
555 5232 671 5286 sola
717 5229 1072 5302 ἐργάζεσθαι.

1711 5299 1929 5365 NOTAE

232 5394 323 5447 etsi
374 5393 566 5449 diversa
634 5405 787 5455 sunt,
839 5411 929 5451 res
984 5409 1095 5449 una
1155 5392 1533 5448 constituatur
1579 5405 1592 5441 :
1632 5388 1756 5445 ideo

234 5464 541 5534 'l'hcologum,
568 5479 707 5522 orat.
740 5467 811 5521 56
842 5466 919 5520 De
948 5465 1146 5521 Christi
1174 5465 1384 5534 naturis
1403 5462 1610 5515 dixisse
1637 5461 1757 5534 ;_T6

236 5532 592 5605 συναμφότερον
642 5538 722 5599 ἓν,
754 5538 817 5590 οὑ
874 5540 941 5607 τῇ
978 5538 1164 5607 φύσει,
1215 5533 1376 5607 ἁλλὰᾉ
1407 5534 1475 5607 τῇ
1524 5532 1753 5607 συνόδῳ,

236 5602 424 5675 utraque
448 5602 593 5659 unum
658 5609 741 5676 ﬁt,
797 5602 1154 5667 non'ndtura,
1179 5604 1269 5660 sed
1293 5603 1540 5658 coitione.
1577 5602 1637 5657 In
1665 5616 1758 5656 so-

238 5678 416 5749 lutione
442 5678 579 5746 primi
608 5679 916 5749 argumenti
954 5676 1170 5749 Severi,
1233 5677 1394 5749 hanc
1416 5688 1540 5749 esse
1573 5680 1761 5749 osten-

243 5746 311 5804 dit
337 5742 548 5802 naturam
567 5742 801 5809 numeri,
821 5759 877 5803 ut
897 5762 997 5802 nec
1023 5747 1201 5813 uniat,
1228 5762 1331 5803 nec
1345 5744 1553 5800 dividat
1575 5760 1588 5799 :
1608 5742 1763 5820 Αὑτη

494 5843 752 5911 Parnm.
806 5843 930 5909 Gn.
974 5841 1176 5912 XCIV.

1861 5393 2108 5517 τοίνυνιέ
2144 5394 2305 5462 φύσις
2337 5392 2430 5448 τοῦ
2454 5393 2713 5465 ἀριθμοῦ,
2773 5392 2894 5445 καθ’
2921 5389 3121 5460 ἑαυτὴν
3161 5388 3284 5444 οὔτε
3331 5406 3463 5470 συν-

1864 5464 2075 5517 άπτειο
2114 5482 2172 5517 τε
2197 5465 2418 5517 διαιρεῖ.
2474 5464 2620 5517 Nihil
2667 5464 2870 5517 auinne
2910 5475 3144 5516 numero
3192 5476 3457 5517 exurunt.

1978 5481 1998 5503 ς

1865 5481 2172 5517 απτειουτε
2197 5481 2418 5536 οιαιρει.
2475 5481 2620 5517 nunt
2667 5481 2870 5533 qmppc
2910 5481 3144 5516 numero
3192 5481 3457 5530 exprimi,

1865 5536 1973 5589 nisi
2035 5535 2396 5604 quantitatem
2435 5551 2447 5586 :
2489 5536 2633 5589 unde
2683 5546 2795 5589 tres
2842 5531 3457 5604 Divinitatisupersonai

1868 5607 1986 5681 sine
2012 5600 2289 5681 divisione
2354 5614 2733 5681 timuerantur.
2768 5604 2847 5659 Ita
2879 5617 3102 5675 quoque
3157 5600 3454 5681 Hunnus,

1868 5677 2031 5745 epist.
2068 5678 2089 5733 1
2123 5677 2189 5733 ad
2218 5676 2378 5755 Joan.
2404 5676 2599 5733 Cubic.

2114 5459 2172 5517 τε
2197 5465 2418 5536 διαιρεῖ.
2474 5459 2620 5517 Nihil
2667 5459 3144 5536 quippenumcro
3192 5459 3457 5530 exprimi,

3081 5824 3159 5893 Ὠ
