3950 6304
244 342 383 407 1005

1302 341 1398 400 DE
1432 342 1610 403 FIDE
1648 340 2114 401 ORTHODOXA
2145 342 2289 400 LIB.
2326 342 2441 400 ΙΙΙ.

3353 331 3489 395 1006

241 449 384 515 κῶς,
417 448 719 513 τουτέστιν,
750 448 807 501 ἐν
846 451 912 519 τῇ
971 446 1133 517 σαρκὶ
1180 447 1375 501 αὐτοῦ·
1410 451 1504 503 καὶ
1559 453 1587 504 ὁ
1626 450 1817 504 τούτου

1927 465 2082 504 mana
2116 449 2326 504 nnitam
2371 450 2543 505 fuisse
2592 448 2850 509 dicimus,
2884 460 2945 499 ac
2978 458 3087 498 non
3122 451 3331 515 partem
3364 463 3487 502 cum

244 540 512 612 φοιτητὴς
537 541 564 593 6
590 540 867 610 θεοφόρος,
906 540 1000 593 atati.
1043 540 1112 592 τὰ
1143 540 1263 592 θεῖα
1302 541 1470 604 πολὺς
1516 541 1816 607 Διονύσιος,

240 634 324 685 ὅτι
374 631 570 695 ὀλικῶς
622 632 755 702 ἡμῖν
814 632 874 683 ὲν
925 632 1025 701 μιᾷ
1071 630 1180 684 τῶν
1218 632 1415 702 ἑαυτῆς
1462 632 1820 703 ἐκοινώνησεν

242 720 618 774 ὑποστάσεων.
673 721 748 774 Οὐ
785 720 884 790 μὲν
910 720 967 772 δὲ
1022 721 1203 788 λέγειν
1262 721 1817 793 ἀναγκασθησόμεθα,

244 812 426 876 πάσας
455 812 554 875 τὰς
586 812 917 875 ὑποστάσεις
949 811 1051 882 τῆς
1073 811 1234 879 ἁγίας
1266 812 1551 883 Θεότητος,
1577 814 1695 884 ἦτοι
1723 813 1821 877 τὰς

243 906 395 975 τρεῖς
451 903 657 966 πάσαις
705 905 827 967 ταῖς
868 904 1287 974 ἀνθρωπότητος
1336 904 1670 959 ὑποστάσεσι
1697 904 1819 957 καθ’

245 994 547 1048 ὑπόστασιν
580 992 847 1064 ἡνῶσθαι.
880 992 1019 1046 Κατ’
1050 992 1240 1046 οὐδένα
1297 993 1407 1065 γὰρ
1454 994 1821 1059 κεκοινώνηκε

244 1088 404 1154 λόγον
437 1087 464 1139 6
487 1085 675 1158 Πατὴρ
704 1085 797 1138 καὶ
823 1085 883 1139 τὸ
906 1086 1132 1155 Πνεεὸμα
1157 1086 1219 1138 τὸ
1256 1084 1409 1154 ἅγιον
1446 1088 1514 1157 τῇ
1547 1085 1820 1157 σαρκώσει

244 1177 342 1230 τοῦ
373 1177 507 1230 Θεοῦ
544 1175 743 1243 Λόγου,
772 1179 820 1229 εί
868 1177 943 1247 μὴ
983 1176 1103 1230 κατ’
1134 1176 1385 1229 εὐδοκίαν
1413 1178 1507 1229 καὶ
1545 1175 1818 1247 βούλησιν.

247 1270 404 1340 Πάσῃ
435 1269 491 1321 δὲ
521 1271 588 1339 τῇ
619 1267 935 1341 ἀνθρωπίνῃ
955 1268 1115 1336 φύσει
1138 1268 1319 1338 φαμὲν
1350 1268 1615 1339 ὲνωθῆναι
1643 1270 1822 1322 πᾶσαν

247 1361 352 1431 τὴν
375 1360 474 1430 τῆς
499 1359 755 1430 Θεότητοι
800 1360 1008 1413 οὐσίαν.
1037 1360 1201 1415 Οὐδὲν
1226 1361 1331 1430 γὰρ
1357 1353 1431 1414 ὧν
1454 1360 1778 1430 ὲνεφύτευσε
1797 1371 1822 1397 ι

246 1454 316 1523 τῇ
376 1450 621 1522 ἡμετέρᾳ.
660 1450 820 1521 φύσει
868 1454 896 1505 6
946 1452 1079 1516 Θεὸς
1117 1453 1309 1521 Λόγος,
1344 1453 1583 1523 ἀρχῆθεν
1612 1454 1822 1516 πλάσας

248 1544 417 1613 ἡμᾶς,
448 1542 715 1608 ἐνέλιπεν,
754 1542 892 1595 ἀλλὰ
922 1543 1101 1597 πάντα
1150 1542 1403 1607 ἀνέλαϐε,
1436 1543 1614 1615 σῶμα,
1645 1542 1823 1614 ψυχὴν

247 1636 439 1707 γοερὰν
472 1634 566 1689 καὶ
613 1634 861 1708 λογικὴν,
908 1637 1003 1688 καὶ
1045 1635 1113 1689 τὰ
1170 1636 1378 1690 τούτων
1433 1636 1720 1707 ἰδιώματα.
1750 1636 1823 1687 Τὸ

246 1726 361 1797 γὰρ
418 1728 534 1791 ἐνὸς
577 1726 782 1781 τούτων
838 1726 1105 1798 ἀμοιροῦν
1175 1726 1333 1793 ζῶον,
1366 1729 1467 1781 οὐκ
1511 1728 1817 1799 ἄνθρωπος.

1921 552 2097 613 parte.
2128 542 2221 595 Ait
2255 542 2460 613 quippe
2499 542 2721 596 divinus
2774 539 3071 609 Apostolus
3101 558 3114 592 :
3167 536 3229 592 In
3262 539 3373 608 ipso
3409 542 3483 594 in-

1920 636 2123 691 habitat
2164 635 2334 689 omnis
2390 634 2659 711 plenitudo
2708 631 2999 686 divinitatis
3046 632 3388 698 corporaliter
3422 632 3487 693 εί,

1922 727 2024 781 Ιιοε
2046 736 2132 783 εει
2162 726 2216 781 ἰη
2250 726 2427 797 ipsius
2463 741 2663 789 carne;
2714 732 2768 779 et
2797 723 2972 779 deifet‘
3020 725 3141 792 ejus
3182 724 3492 794 discipulus

1921 817 2215 889 Dionysius
2246 818 2313 884 “,
2358 818 2567 888 ingenui
2606 816 2919 870 divinarum
2952 830 3135 869 rerum
3168 815 3491 882 cognitione

1923 909 2183 978 insignis,
2213 922 2334 963 eam
2386 915 2556 962 totam
2607 906 2662 960 in
2714 919 2820 959 una
2866 920 3089 960 suarum
3127 921 3491 976 personarum

1922 999 2207 1054 nobiscum
2241 997 2632 1054 commercium
2663 995 2923 1051 habuisse
2953 996 3051 1049 ait.
3095 994 3203 1051 Nec
3237 1007 3490 1068 propter-

1922 1105 1986 1144 ea
2048 1098 2231 1151 tamen
2260 1105 2325 1144 eo
2360 1087 2721 1153 adducemur,
2754 1096 2811 1142 ut
2849 1086 3117 1141 fateamur
3145 1102 3336 1141 ornnes
3368 1101 3493 1140 san-

1923 1192 2025 1235 cta:
2074 1180 2363 1236 Trinitatis
2411 1194 2709 1249 personas,
2749 1180 2864 1234 sive
2912 1185 3048 1240 tres,
3081 1193 3207 1231 cum
3235 1177 3493 1230 omnibus

1924 1272 2177 1326 humana:
2230 1280 2441 1325 naturae
2489 1270 2742 1340 personis
2804 1268 3107 1323 secundum
3160 1265 3495 1337 hypostasim

1923 1364 2108 1417 unitas
2155 1361 2344 1417 fuisse.
2398 1359 2535 1413 Nam
2572 1374 2673 1415 nec
2704 1358 2885 1421 Pater,
2935 1372 3034 1411 nec
3068 1353 3309 1426 Spiritus
3363 1369 3496 1409 san-

1923 1462 2049 1508 ctus
2094 1453 2207 1507 ulla
2241 1450 2472 1506 omnino
2520 1451 2735 1506 ratione
2778 1446 3151 1509 incarnationi
3202 1444 3296 1500 Dei
3331 1444 3498 1499 Verbi

1922 1545 2429 1610 communicarunt,
2466 1544 2575 1598 nisi
2624 1541 3025 1612 benignissima
3056 1539 3359 1593 voluntate.
3387 1535 3494 1589 Ve-

1923 1653 2045 1693 rum
2073 1638 2173 1692 toti
2206 1637 2462 1691 humana:
2496 1644 2711 1690 natura:
2754 1642 2926 1689 totam
2975 1622 3195 1687 deitatis
3240 1631 3500 1686 substan-

1925 1730 2055 1783 tiam
2092 1728 2303 1781 unitam
2341 1725 2517 1781 fuisse
2557 1724 2885 1781 asserimus.
2934 1722 3118 1792 Neque
3157 1720 3303 1776 enim
3358 1719 3499 1774 Deus

249 1791 414 1872 λυλον
444 1818 553 1888 γὰρ
597 1819 720 1883 ὅλος
777 1791 1011 1873 ἀνέλαϐέ
1050 1836 1143 1889 με,
1178 1791 1271 1873 καὶ
1306 1791 1427 1883 δλος
1472 1821 1579 1891 ὅλῳ
1611 1791 1817 1893 ηνώθη,

1929 1819 2168 1876 Verbum
2217 1819 2516 1889 quidquam
2570 1832 2787 1881 eorum,
2821 1830 2961 1885 qme,
3003 1829 3126 1869 cum
3183 1828 3282 1869 nos
3338 1813 3499 1866 initio

250 1910 343 1964 ἵνα
362 1910 468 1981 ὅλῳ
503 1910 604 1982 τὴν
637 1910 913 1982 σωτηρίαν
946 1911 1262 1983 χαρίσηται.
1296 1913 1369 1965 Τὸ
1405 1912 1515 1983 γὰρ
1547 1912 1822 1985 ἀπρόσλη-

248 2017 403 2065 mor,
436 2002 830 2073 ἀθεράπευτον.

1928 1926 2116 1966 rerum
2166 1910 2417 1981 ﬁngeret,
2466 1918 2678 1964 naturae
2727 1916 2933 1963 nostra:
2966 1905 3220 1970 inseruit,
3267 1918 3377 1959 non
3406 1918 3498 1958 as-

1928 2012 2206 2073 sumptum
2236 2002 2426 2059 omisit
2460 2021 2473 2056 :
2505 2002 2600 2056 sed
2641 2000 2827 2055 omnia
2860 1999 3181 2069 assumpsit,
3215 2005 3345 2067 puta
3371 2010 3499 2051 corv-

248 2111 357 2166 pus
404 2102 458 2149 et
504 2094 744 2148 animam
821 2093 1222 2165 intelligentem
1304 2095 1829 2166 rationabilemqne,
1902 2111 2025 2150 cum
2078 2109 2265 2150 eorum
2317 2093 2778 2164 proprietatibus.
2834 2091 3054 2144 Animal
3120 2090 3289 2156 enim,
3352 2087 3499 2159 quod

248 2187 571 2245 alterutrius
618 2193 703 2244 est
733 2202 950 2258 expers,
998 2204 1069 2245 ne
1105 2189 1330 2260 quidem
1361 2190 1527 2243 homo
1560 2198 1667 2244 est.
1700 2188 1898 2244 Totum
1932 2189 2138 2259 quippe
2164 2202 2251 2243 me
2284 2196 2430 2243 totus
2465 2186 2792 2257 assumpsit,
2858 2199 2923 2239 ac
2998 2191 3147 2238 totus
3218 2183 3320 2237 toti
3378 2183 3500 2236 uni.

246 2289 344 2334 tus
388 2289 492 2344 est,
530 2285 591 2334 ut
625 2279 723 2333 toti
764 2280 996 2335 salutem
1034 2279 1272 2336 aﬂ'erret.
1309 2278 1443 2334 Nam
1468 2281 1668 2351 alioqui
1693 2296 1803 2335 non
1842 2282 2021 2351 potuit
2047 2279 2253 2342 sanari,
2288 2280 2431 2349 quod
2462 2285 2808 2348 assumptum
2842 2290 2951 2330 non
2987 2275 3090 2329 fuit
3124 2276 3190 2328 ⁵³.

324 2362 570 2424 Ἤνωται
592 2370 775 2423 τοίνυν
807 2370 973 2441 σαρκὶ⁸
1014 2370 1103 2423 διά
1149 2371 1316 2441 μέσου
1354 2372 1445 2424 νοῦ
1474 2374 1501 2426 6
1530 2374 1699 2441 Λόγος
1728 2372 1822 2427 τοῦ

247 2460 386 2513 Θεοῦ
437 2460 816 2531 μεσιτεύοντος
866 2460 1003 2513 Θεοῦ
1060 2459 1430 2532 καθαρότητι,
1477 2462 1572 2515 κα)⁵
1624 2462 1824 2534 σαρκὸς

253 2550 527 2619 παχύτητι
548 2566 560 2579 ⁸
595 2549 925 2621 ἡγεμονικὸν
974 2550 1075 2621 μὲν
1114 2550 1224 2621 γάρ
1255 2550 1433 2621 ψυχῆς
1476 2569 1535 2604 τε
1564 2552 1659 2605 καὶ
1689 2570 1820 2622 σαρ-

253 2641 353 2703 κὸς
379 2643 407 2694 6
440 2641 601 2705 νοῦςο
652 2641 776 2705 νοῦς
813 2641 871 2695 δὲ
893 2682 908 2708 ,
957 2642 1057 2712 τῆς
1088 2644 1267 2713 ψυχῆς
1308 2642 1371 2696 τὸ
1418 2643 1821 2714 καθαρώτατον,

256 2731 393 2786 ἀλλά
420 2735 512 2787 καὶ
551 2732 666 2799 νοῦ,
698 2733 830 2798 Θεός
849 2750 861 2763 ·
893 2736 988 2786 καὶ
1015 2735 1104 2787 ὅτε
1135 2736 1233 2804 μὲν
1263 2738 1678 2805 παραχωρεῖται
1704 2736 1816 2805 (17)

253 2823 360 2877 ὑπὸ
383 2824 477 2879 τοῦ
508 2825 835 2894 κρείττονος,
864 2824 965 2895 τὴν
993 2826 1203 2879 οἰκείαν
1240 2827 1268 2878 6
1303 2824 1425 2889 νοῦς
1453 2826 1548 2880 τοῦ
1583 2827 1818 2896 Χριστοῦ

250 2919 547 2990 ἡγεμονίαν
591 2920 946 2974 ἐνδείκνυται.
994 2922 1306 2975 Ἐκνικᾶται
1354 2921 1451 2985 δὲ,
1498 2922 1594 2975 καὶ
1626 2922 1821 2976 ἕπεται

250 3009 332 3080 τῷ
355 3009 646 3081 κρείττονι,
689 3012 784 3065 καὶ
812 3010 984 3065 ταῦτα
1014 3012 1247 3082 ἐνεργεῖ,
1284 3011 1377 3083 ai]
1421 3011 1539 3067 θεία
1574 3012 1822 3082 βούλεται

250 3100 470 3173 θέλησις
483 3153 501 3171 ,

322 3275 538 3346 Χωρίον
585 3276 683 3342 δὲ,
730 3277 759 3329 ό
810 3277 933 3341 νοῦς
984 3277 1176 3346 γέγονε
1224 3276 1323 3347 τῆς
1367 3278 1487 3331 καθ’
1522 3278 1821 3333 ὑπόστασιν

250 3369 406 3439 αὐτῷ
434 3370 717 3441 ήνωμένης
739 3370 1015 3441 θεότητος,
1040 3371 1229 3441 ὥσπερ
1258 3371 1463 3442 δηλαδὴ
1484 3373 1577 3424 καὶ
1600 3374 1631 3443 ἡ
1658 3372 1815 3443 σὰρξ.

249 3459 318 3513 οὐ
345 3458 593 3523 σύνοικος
614 3468 666 3526 3',
688 3459 764 3523 ῶς
791 3462 825 3531 ἡ
857 3461 967 3514 τῶν
995 3462 1286 3531 αἱρετικῶν
1314 3462 1515 3533 ἐναγὴς
1551 3463 1820 3517 πλανᾶται

248 3551 462 3619 είησις,
499 3552 555 3605 οὐ
611 3551 721 3623 γὰρ
752 3551 818 3604 ἂν
852 3552 1199 3623 μεδιμναίον,
1245 3553 1477 3621 λέγουσα
1501 3592 1516 3615 ,
1544 3558 1818 3624 χωρήσει·

248 3640 567 3711 διμέδιμνον
590 3679 606 3705 ,
656 3641 982 3712 σωματικῶς
1024 3642 1091 3695 τά
1120 3642 1261 3697 ἄῦλα
1302 3644 1580 3713 κρίνουσα.
1617 3644 1740 3707 Πῶς
1767 3644 1821 3696 δὲ

248 3734 279 3785 6
308 3732 441 3797 Θεὸς
483 3733 688 3797 τέλειος
734 3735 829 3788 καὶ
885 3734 1172 3805 ἄνθρωπος
1219 3735 1442 3800 τέλειος,
1489 3737 1582 3790 καὶ
1625 3737 1821 3805 όμοού-

248 3838 369 3885 σιος
393 3822 472 3894 τῷ
506 3841 567 3877 τε
610 3825 784 3897 Πατρὶ
830 3826 922 3878 καὶ
955 3826 1088 3897 ἡμῖν
1131 3828 1160 3879 6
1202 3827 1435 3898 Χριστὸς
1478 3828 1818 3897 λεχθήσεται,

325 3998 371 4073 ’ξ
396 3997 611 4073 Coloss.
644 4015 705 4066 tt,
728 3999 783 4055 9.
872 4001 916 4073 ’ξ
950 4000 1109 4073 Dion.
1160 4002 1234 4056 De
1253 4004 1359 4059 div.
1401 4021 1539 4058 nom.
1592 4021 1714 4073 cap.
1761 4006 1816 4058 ‘2.

249 4069 275 4122 1
304 4066 375 4124 ad
421 4069 578 4126 Cled.
606 4077 659 4123 ει
712 4078 855 4125 orat.
884 4072 906 4124 1
932 4090 947 4138 ;
977 4072 1167 4143 Cyrill.
1233 4073 1286 4127 in
1318 4090 1438 4143 cap.
1471 4090 1561 4128 vui
1591 4066 1750 4129 Joan.

1991 2371 2152 2441 213
2194 2369 2344 2426 Mens
2373 2372 2428 2425 in
2459 2370 2669 2435 nomine
2694 2369 3051 2438 principatum
3083 2365 3498 2435 habet—Ergo

1922 2462 2018 2519 Dei
2052 2461 2291 2519 Verbutn
2323 2479 2417 2535 per
2442 2462 2819 2519 intermediam
2850 2467 3089 2515 mentem
3108 2459 3260 2514 carni
3286 2458 3495 2512 unitum

1921 2563 2027 2619 est,
2050 2555 2391 2626 interjectam
2415 2555 2631 2610 scilicet
2658 2554 2798 2608 inter
2815 2551 2909 2607 Dei
2932 2550 3221 2621 puritatem
3245 2557 3298 2605 et
3318 2549 3500 2604 carnis

1921 2645 2228 2702 crassitiem
2250 2645 2316 2700 ⁸⁸.
2348 2643 2505 2701 Mens
2532 2643 2733 2701 etenim
2767 2642 3016 2713 corporis
3042 2649 3095 2696 et
3123 2640 3320 2696 animae
3352 2641 3499 2710 prin—

1922 2737 2161 2806 cipatum
2191 2736 2354 2806 gerit,
2380 2738 2514 2807 quin
2541 2736 2655 2805 ipsa
2683 2750 2810 2805 pars
2828 2734 3127 2790 estanimae
3154 2732 3448 2802 purissima
3485 2748 3496 2781 :

1926 2838 1981 2882 at
2011 2828 2208 2884 mentis
2230 2843 2450 2898 quoque
2477 2829 2843 2898 principatum
2865 2835 3015 2881 tenet
3033 2824 3210 2893 Deus;
3242 2833 3499 2881 ueterum

1925 2920 2132 2977 Christi
2162 2936 2339 2983 mens,
2373 2920 2467 2975 ubi
2491 2935 2520 2974 a
2558 2919 2928 2989 praastantiori
2985 2916 3189 2983 linitur,
3226 2917 3502 2988 principa-

1928 3022 2019 3068 tus
2070 3014 2157 3069 sui
2188 3013 2393 3083 praebet
2456 3019 2779 3083 argumenta
2807 3012 2871 3066 ⁸⁸.
2928 3010 3131 3066 Verum
3193 3021 3489 3079 superatur

1851 3094 1894 3152 C
1927 3105 2363 3184 obsequiturque
2392 3103 2468 3158 illi
2507 3104 2654 3175 quod
2690 3102 3042 3172 praestantius
3071 3111 3177 3167 est,
3210 3117 3274 3157 ea
3309 3116 3497 3172 agens,

1928 3212 2053 3268 quae
2079 3197 2265 3252 divina
2289 3198 2549 3252 voluntas
2574 3195 2829 3252 concedit
2855 3202 2915 3251 ut
2948 3204 3096 3266 agat.

1996 3286 2173 3343 Porro
2230 3303 2389 3342 mens
2436 3287 2604 3342 unita?
2638 3288 2744 3344 sibi
2799 3287 3104 3343 secundum
3158 3288 3500 3358 hypostasim

1925 3380 2146 3435 deitatis
2198 3380 2378 3446 sedes:
2403 3378 2550 3434 facta
2593 3389 2700 3444 est,
2756 3380 2905 3435 velut
2951 3380 3212 3434 nimirum
3261 3387 3315 3434 et
3346 3394 3499 3441 caro,

1924 3485 2035 3524 non
2062 3470 2495 3535 contubernalis,
2521 3470 2980 3541 quemadmodum
3006 3470 3174 3541 impie
3195 3469 3416 3538 tingitur
3433 3473 3501 3523 ab

1919 3561 2211 3625 haereticis,
2235 3574 2359 3616 cum
2384 3561 2573 3616 aiunt:
2598 3560 2753 3617 Unus
2783 3560 2998 3615 modius
3024 3575 3130 3614 non
3157 3560 3302 3629 capit
3331 3558 3499 3625 duos;

1929 3650 1996 3704 de
2033 3650 2197 3705 rebus
2221 3664 2250 3703 a
2283 3650 2513 3704 materia
2538 3650 2761 3705 remotis
2801 3648 2868 3703 ad
2898 3650 3073 3704 instar
3100 3664 3390 3719 corporum
3413 3649 3501 3717 jn-

1927 3740 2200 3794 dicantes.
2265 3740 2514 3805 Quonam
2574 3749 2753 3795 autem
2784 3751 2943 3811 pacto
2981 3739 3238 3795 Christus
3280 3739 3502 3795 dicatur

1928 3827 2072 3881 Deus
2126 3826 2430 3896 perfectus,
2476 3836 2531 3883 et
2561 3828 2726 3884 homo
2761 3828 3062 3900 perfectus,
3124 3829 3382 3900 Patrique
3440 3840 3501 3884 et

1893 4006 1938 4075 "_
1971 4007 2173 4060 Athan.
2230 4006 2307 4060 De
2336 4007 2501 4060 salut.
2526 4006 2643 4059 adv.
2676 4005 2913 4065 Christ;
2952 4005 3119 4075 Greg.
3166 4003 3295 4059 Naz.
3337 4006 3499 4074 epist.

1844 4074 1887 4104 “
1911 4073 2072 4145 Greg.
2100 4084 2243 4131 orat.
2275 4076 2322 4143 Ι,
2354 4076 2422 4131 '58
2455 4086 2507 4131 et
2537 4076 2623 4130 51.

2702 4077 2746 4106 ⁸⁵
2765 4076 2870 4131 Ini.
2905 4089 3028 4146 cap.
3062 4074 3149 4129 18.

1555 4227 1783 4284 VARIIE
1824 4227 2225 4287 LECTIONES.

252 4376 294 4445 ξ.
321 4365 479 4445 Edita
507 4366 792 4437 ἐφύτευσε,
831 4377 859 4416 γ
884 4368 1074 4434 Quidsi
1104 4364 1445 4445 legas-atrati
1474 4364 1736 4445 σύνοικος,
1757 4363 1928 4425 νειώς
1950 4366 2216 4445 σύνοικος,
2247 4367 2403 4445 veluti
2428 4370 2933 4445 contubernalis,_ut
2960 4370 3101 4445 infra
3139 4385 3259 4445 cap.
3299 4369 3361 4422 i8
3395 4386 3407 4421 :
3432 4382 3499 4421 ex

250 4434 624 4504 Nazianzeno,
652 4454 812 4509 quem
840 4448 1035 4530 ειδειοι·
1068 4434 1376 4493 exscribit‘?
1406 4434 1772 4500 Quamobrem
1803 4435 2056 4503 sequitur
2094 4437 2497 4492 emendandum
2529 4441 2628 4510 οὐχ
2652 4434 2780 4510 ώςίτι
2801 4440 2909 4494 τῶν
2941 4434 3254 4510 αἱρετικῶν,
3282 4456 3334 4492 κ.
3362 4454 3412 4491 τ.
3450 4454 3495 4489 ε.

1762 4592 1969 4647 NOTAE
1983 4633 1995 4647 .

321 4689 434 4761 (16)
475 4690 725 4761 "He-total
771 4689 1011 4761 τοίνυν.
1061 4688 1201 4761 Ergo
1243 4687 1339 4761 Dei
1391 4686 1653 4750 Verbum,
1705 4696 1811 4741 etc.
1849 4691 1891 4744 υ
1922 4688 2240 4761 ἐγγυτέρῳ,
2274 4690 2715 4761 καὶᾼοίκειοτέρῳ
2742 4731 2756 4751 ,
2790 4692 2886 4743 καὶ
2934 4691 3021 4743 διὰ
3064 4691 3256 4761 τούτου
3310 4692 3496 4761 σαρκὶ,

245 4758 366 4815 Hoc
401 4759 721 4829 Damasceni
754 4759 960 4813 dictum
998 4760 1218 4829 quidam
1268 4758 1722 4829 interpretantur,
1759 4766 1817 4829 ut

245 4844 383 4886 caro
416 4844 445 4881 a
472 4827 651 4884 Verbo
701 4838 926 4898 accepta
975 4827 1071 4889 sit,
1113 4828 1245 4897 quia
1282 4828 1478 4898 animae
1530 4827 1819 4881 rationalis

245 4915 382 4968 ergo
444 4899 687 4953 humana
742 4895 872 4953 caro
939 4895 1163 4953 condita
1226 4895 1611 4968 fuit.AVr-rnm
1670 4897 1819 4950 aliud

245 4966 535 5040 quidpiam
565 4968 747 5040 innuit
781 4987 795 5022 :
829 4970 1086 5040 nimirum
1110 4975 1321 5040 tantum
1344 4966 1558 5040 abesse,
1585 4968 1820 5040 u_t_ju_xta

247 5035 315 5093 ac
345 5035 617 5093 sentiebat
644 5039 1040 5107 Apollinarius,
1071 5036 1358 5091 rationalis
1391 5039 1572 5089 anima
1598 5035 1823 5090 Christo

246 5108 527 5179 defuerit;
583 5109 717 5177 quin
771 5109 955 5179 potius
1027 5107 1354 5179 interposita
1398 5113 1598 5179 esset,
1649 5109 1824 5160 instar

245 5178 420 5234 medii
451 5187 504 5233 et
536 5175 902 5249 vinculifquo
935 5190 1191 5249 extrema
1223 5176 1364 5249 ista,
1398 5175 1540 5231 Deus
1569 5183 1625 5249 et
1671 5192 1823 5249 caro,

246 5250 669 5319 copularentur.
706 5248 763 5301 1d
800 5243 1013 5319 accepit
1047 5264 1111 5299 ex
1150 5243 1455 5319 Theologo,
1492 5246 1585 5319 qui
1615 5254 1759 5319 orat.
1796 5247 1822 5300 1

244 5314 476 5377 ειειίὺί
508 5318 610 5372 hoc
648 5319 894 5372 inculcat
930 5314 1121 5371 {Deus
1155 5318 1340 5375 carni,
1374 5314 1461 5366 διὰ
1510 5314 1681 5384 μέσης
1727 5314 1829 5382 ψυ-

244 5390 353 5461 χῆς
386 5388 700 5461 ἀνεκράθη,
760 5388 1051 5461 interventu
1090 5388 1285 5461 animw
1339 5387 1528 5461 mist_us
1578 5396 1688 5447 est,
1726 5387 1829 5461 grai.

242 5454 608 5526 συνεδέθητά
636 5454 900 5510 διεστῶτα
925 5461 992 5527 τῇ
1033 5458 1170 5527 πρὸς
1196 5456 1365 5524 ἄμφω
1389 5454 1829 5527 τοῦΑμεσιτεύον-

240 5544 339 5591 τος
372 5525 702 5598 οἰκειότητι,
740 5544 921 5596 resque
968 5525 1328 5598 discrepantes
1359 5540 1449 5593 per
1490 5525 1817 5598 interposita:

242 5598 328 5652 rei
352 5614 475 5651 cum
503 5593 722 5669 utraque
750 5593 1058 5666 afﬁnitatem
1076 5593 1336 5669 copulata:
1360 5605 1503 5648 sunt.
1536 5593 1783 5669 Orat.-£il
1801 5633 1815 5657 ,

245 5676 491 5738 mentem
522 5667 645 5722 esse
681 5670 1015 5738 μεσότοιχον,
1043 5669 1162 5738 ait,
1188 5667 1414 5738 medium
1448 5669 1699 5738 parietem
1734 5667 1820 5718 in-

248 5750 337 5794 ter
386 5737 556 5793 Deum
588 5746 640 5794 ct
672 5735 938 5793 carnem”:
983 5738 1040 5792 't)
1074 5736 1197 5801 νοῦς
1224 5736 1301 5807 τῷ
1344 5735 1421 5789 νοῒ
1458 5736 1711 5805 μίγνυται
1747 5738 1821 5798 ὡς

1923 4758 2300 4830 μεσιτεύοντος
2362 4758 2610 4825 θεότητι,
2640 4758 2761 4813 καὶ
2810 4761 3084 4830 παχύτητι
3126 4776 3139 4790 ·
3174 4758 3325 4813 Mens
3375 4758 3497 4813 cum

1918 4836 2088 4879 mente
2120 4828 2392 4889 miscetur,
2440 4830 2574 4882 relnt
2610 4830 2995 4898 propinquiori,
3020 4828 3303 4899 magisque
3330 4830 3495 4898 (illini,

1919 4907 1967 4950 et
1990 4913 2081 4966 per
2111 4914 2228 4951 eam
2261 4900 2432 4961 carni,
2465 4909 2521 4951 ut
2557 4915 2674 4967 qua:
2720 4899 2943 4952 medium
2985 4901 3230 4953 deitatem
3278 4900 3415 4953 inter
3447 4912 3497 4953 et

1921 4968 2110 5021 malent
2132 4968 2303 5021 locum
2344 4978 2499 5022 tenet.
2536 4968 2683 5023 Idem
2720 4969 2955 5024 subinde
2986 4971 3178 5025 Patres
3202 4970 3292 5023 alii
3321 4968 3497 5024 Graeci

1923 5036 2220 5107 Latinique
2249 5037 2614 5092 tradiderunt.

1996 5107 2109 5176 (17)
2143 5107 2250 5161 Καὶ
2283 5107 2381 5161 ὅτε
2408 5109 2865 5177 παραχωρεῖται,
2913 5120 2963 5164 ει
3014 5126 3132 5163 cum
3173 5126 3205 5162 α
3237 5116 3499 5176 pra’slan-

1925 5178 2048 5250 tiori
2074 5178 2280 5250 ﬁnitur.
2324 5178 2732 5250 Apollinaristm
2762 5182 3035 5250 negabant
3068 5180 3184 5234 ﬁeri
3217 5193 3397 5247 posse,
3422 5189 3498 5250 rut

1923 5248 2034 5301 duo
2063 5246 2387 5317 ἡγεμονικά,
2439 5246 2724 5315 facultates
2774 5246 2892 5303 date
2941 5249 3286 5318 principales,
3325 5249 3497 5300 actio-

1924 5331 2057 5370 num
2099 5318 2494 5386 moderatrices
2516 5358 2531 5382 ,
2575 5319 2630 5370 in
2663 5333 2770 5371 una
2801 5318 3100 5385 eademque
3134 5331 3368 5386 persona
3400 5332 3497 5369 ex-

1926 5395 2161 5441 starent.
2196 5385 2506 5456 ‘lnﬁciatur
2562 5388 2783 5454 quidem
2836 5385 3147 5456 Theologus
3172 5426 3187 5449 ,
3224 5394 3366 5440 orat.
3405 5386 3495 5447 51,

1925 5457 2062 5510 duas
2093 5457 2147 5509 in
2179 5454 2403 5512 Christo
2434 5455 2668 5509 virtutes
2710 5457 2905 5519 fuisse,
2936 5454 3067 5526 (μηθ’
3089 5458 3339 5510 actiones
3374 5456 3497 5523 ejus

1926 5541 1991 5581 ex
2016 5540 2174 5596 aequo
2205 5528 2623 5596 moderarentur
2650 5542 2662 5577 :
2690 5537 2927 5579 mentem
2960 5527 3167 5595 quippe
3198 5527 3496 5596 humanam

1926 5594 2176 5665 personae
2223 5596 2386 5650 Verbi
2429 5595 2703 5650 subesse:
2738 5594 2997 5651 caeterum
3047 5594 3168 5651 eam
3219 5594 3502 5666 principav

1928 5659 2042 5718 ium
2098 5682 2360 5788 eluere-ere
2410 5665 2609 5731 docet,
2663 5667 2758 5722 ubi
2806 5682 2835 5721 a
2878 5666 3067 5723 divina
3114 5682 3181 5721 co
3220 5659 3326 5718 ’ΰιί
3393 5659 3502 5720 sibi

1928 5751 2115 5788 concct
2141 5744 2267 5788 Itur.

1928 5739 2267 5793 conceditur.
3548 5752 3551 5755 '
