3950 6304
494 344 631 414 1007

1677 341 1736 402 S.
1777 340 2099 402 JOANNIS
2135 337 2565 400 DAMASCENI

3617 339 3750 405 1008

494 458 652 516 nobis
686 451 1204 518 consubstantialis,
1227 452 1273 508 si
1295 451 1496 508 divinae
1522 459 1738 509 natura:
1770 468 1922 524 pars,
1953 454 2059 509 hu-

2170 453 2210 506 εί
2243 451 2410 523 μέρος
2438 453 2538 522 τῆς
2562 450 2714 514 θείας
2747 450 2961 521 φύσεως
2997 452 3153 524 μέρει
3182 452 3283 521 τῆς
3314 453 3664 528 ἀνθρωπίνης
3691 459 3749 510 ὲν

491 563 668 605 manaa
695 556 908 601 natura:
933 546 1072 616 parti
1104 545 1159 598 in
1198 560 1266 600 eo
1297 544 1454 599 unita
1496 553 1584 600 est
1604 545 1672 602 “.

563 637 779 692 Natura
810 633 1046 689 humana
1091 634 1385 706 singularis
1429 635 1483 689 in
1514 634 1748 702 Christo,
1784 653 1888 693 non
1923 653 2068 690 com-

496 725 1015 784 munis.-—Dicimus
1037 735 1219 782 autem
1239 735 1491 782 naturam
1512 739 1758 784 nostram
1780 743 1810 782 a
1832 728 2067 784 mortuis

498 821 792 877 excitatam
821 831 966 886 esse,
998 827 1052 874 et
1089 819 1146 873 in
1174 820 1378 874 caelum
1428 819 1770 887 ascendisse,
1810 827 1975 890 atque
1998 819 2067 874 ad

490 910 672 964 Patris
704 907 984 964 dexteram
1025 908 1273 977 sedisse;
1306 923 1416 963 non
1485 909 1630 978 quod
1671 925 1862 966 omnes
1889 909 2070 966 homi-

492 1017 618 1057 num
637 1007 886 1072 persona:
902 1016 1007 1054 una
1031 1001 1457 1064 resurrexcrint,
1489 1012 1546 1057 et
1563 999 1629 1054 ad
1651 1001 1933 1057 dexteram
1959 1001 2066 1056 Pa-

492 1097 592 1150 tris
651 1094 1030 1157 consederint,
1070 1094 1164 1149 sed
1196 1093 1344 1164 quod
1385 1093 1483 1147 toti
1517 1102 1731 1148 natum
1777 1101 1982 1149 nostrae
2012 1095 2066 1149 in

488 1189 694 1243 Christi
724 1200 962 1259 persona
991 1186 1094 1240 hoc
1147 1185 1526 1256 contigerit".
1562 1185 1648 1240 Ait
1672 1186 1818 1239 enim
1845 1187 2066 1242 divinus

492 1282 786 1352 Apostolus
821 1299 834 1336 :
863 1278 1309 1335 Conresuscitavit
1365 1293 1459 1332 nos
1485 1287 1533 1331 et
1562 1277 1846 1332 consedere
1865 1277 1990 1346 fecit
2012 1278 2067 1332 in

490 1373 702 1428 Christo
726 1372 790 1424 ⁸⁸.

559 1463 832 1529 Quomodo
891 1478 996 1514 una
1047 1461 1146 1516 Dei
1206 1459 1362 1514 Verbi
1404 1469 1602 1514 natura
1631 1459 1931 1525 incuruata,
1963 1475 2067 1515 non

381 1594 401 1628 ,Δ
487 1574 671 1628 passa.
709 1587 778 1596 —
808 1555 950 1621 Quin
984 1554 1089 1608 hoc.
1118 1551 1383 1617 dicimus,
1437 1553 1694 1608 unionem
1723 1569 1791 1609 ex
1819 1569 2068 1609 commu-

388 1622 402 1666 “
489 1647 654 1703 nibus
681 1644 944 1701 cssentiis
981 1659 1103 1699 csse
1136 1643 1363 1698 factam.
1414 1642 1608 1698 Omnis
1641 1643 1786 1698 cnim
1822 1645 2066 1700 essentia

486 1740 763 1813 personis,
785 1753 905 1808 qua:
923 1737 1026 1794 sub
1045 1738 1165 1808 ipsa
1187 1736 1569 1801 continentur,
1597 1737 1912 1792 communis
1934 1745 2018 1793 est
2047 1754 2062 1792 :

491 1847 594 1888 nec
620 1829 852 1886 inveniri
883 1830 1058 1900 possit
1096 1828 1206 1882 ulla
1273 1825 1571 1896 singularis
1611 1841 1674 1880 ac
1714 1828 1935 1896 propria
1966 1842 2063 1881 na-

487 1923 770 1992 tura,sive
815 1922 1078 1979 essentia.
1132 1920 1266 1976 Nam
1293 1919 1497 1990 alioqui
1522 1917 1744 1974 easdem
1795 1935 2062 1991 personas

486 2019 649 2076 simul
688 2016 938 2086 ejusdem
994 2028 1138 2078 esse,
1196 2027 1261 2066 ac
1305 2013 1536 2068 diversae
1577 2012 1832 2068 essentia:
1879 2011 2064 2069 dicere

485 2116 780 2182 Oporterct,
814 2123 879 2163 ac
911 2111 1157 2163 sanctam
1187 2104 1536 2172 Trinitatem,
1556 2104 1772 2159 ratione
1812 2103 2058 2171 deitatis,

486 2203 656 2258 simul
685 2210 740 2256 ct
785 2197 1326 2256 consubstantialem
1381 2211 1532 2264 esse,
1568 2204 1623 2253 et
1657 2198 1897 2268 disparis
1926 2197 2060 2253 sub-

485 2294 722 2350 stantiae.
750 2290 826 2344 Ex
859 2306 968 2361 quo
1002 2288 1357 2359 perspicuum
1384 2297 1469 2342 cst
1521 2286 1770 2343 eamdem
1805 2293 2060 2340 naturam

485 2387 540 2441 in
567 2383 760 2456 quavis
795 2395 1159 2453 personarum
1192 2377 1562 2433 considerari.
1591 2375 1656 2431 Et
1692 2392 1844 2440 cum,
1903 2376 2060 2446 juxta

487 2477 678 2532 beatos
703 2474 853 2528 viros
886 2470 1250 2526 Athanasium
1288 2477 1343 2525 et
1377 2469 1664 2542 Cyrillum,
1698 2467 1862 2524 Verbi
1895 2477 2060 2523 natu-

485 2582 601 2622 ram
657 2566 1000 2622 incarnatam
1031 2579 1155 2620 esse
1206 2565 1654 2634 pronuntiamus,
1707 2562 2057 2618 divinitatem

485 2655 635 2710 carni
674 2655 881 2710 unitam
902 2669 1025 2710 esse
1069 2653 1325 2709 dicimus.
1362 2652 1535 2719 Quam
1566 2653 1638 2708 ob
1665 2668 1892 2709 causam
1947 2670 2061 2709 non

485 2760 786 2816 possumus
821 2746 1004 2801 dicere
1050 2743 1218 2800 Verbi
1257 2753 1506 2799 naturam
1535 2757 1754 2814 passam
1778 2745 2059 2800 esse.Non

485 2837 628 2892 enim
657 2838 712 2892 in
745 2852 811 2892 eo
852 2837 1118 2893 divinitas
1150 2849 1315 2908 passa
1346 2845 1452 2892 est.
1487 2837 1555 2890 At
1582 2845 1840 2891 naturam
1867 2837 2061 2892 huma-

485 2944 636 2996 nam,
669 2941 940 2999 personas
971 2928 1257 2983 hominum
1287 2926 1721 2998 haudquaquam
1757 2928 2056 2996 innucndo,

487 3023 542 3076 in
589 3021 813 3078 Christo
858 3037 1076 3092 passam
1106 3035 1230 3078 esse
1285 3019 1544 3083 dicimus,
1608 3017 1850 3090 itemque
1900 3021 2062 3094 214

2170 543 2320 614 αὑτῷ
2350 544 2557 614 ἥνωται
2587 543 2800 613 φύσεως
2823 571 2840 621 ;

2238 635 2486 706 Λέγομεν
2511 636 2568 688 δὲ
2593 635 2693 704 τὴν
2721 634 2886 704 φύσιν
2915 634 3073 706 ἡμῶν
3098 635 3396 708 ἐγηγέρθαι
3425 637 3489 691 ἐκ
3513 639 3744 709 νεκρῶν,

2168 725 2264 779 καὶ⁷
2295 724 2723 796 ἀνεληλυθέναι,
2779 725 2874 779 καὶ
2922 725 3276 781 κεκαθικέναι
3326 727 3391 780 ἐκ
3433 727 3626 793 δεξιῶν
3651 728 3747 782 τοῦ

2167 817 2402 886 Πατρδς,
2451 817 2512 869 ού
2547 815 2684 870 καθὸ
2721 819 2894 870 πᾶσαι
2945 817 3004 869 αι
3041 819 3150 870 τῶν
3179 816 3484 888 ἀνθρώπων
3512 820 3746 872 ὑποστά-

2169 925 2284 972 σεις
2335 909 2640 978 ἀνέστησαν
2664 948 2679 972 ,
2723 908 2819 962 καὶ
2866 908 3129 963 ἐκάθισαν
3171 909 3235 962 ὲκ
3275 908 3468 975 δεξιῶν
3505 909 3601 962 τοῦ
3633 911 3744 962 Πα-

2165 999 2293 1071 τρῦς
2319 1039 2334 1065 ,
2380 999 2516 1054 ἀλλὰ
2567 1000 2704 1053 καθὸ
2728 1009 2749 1036 ι
2804 1001 2956 1053 πᾶσα
2992 1001 3023 1069 ἡ
3077 999 3238 1069 φύσις
3276 999 3433 1069 ὴμῶν
3465 1001 3523 1052 ὲν
3551 1003 3617 1070 τῇ
3651 1000 3744 1052 τοῦ

2166 1091 2404 1163 Χριστοῦ
2453 1092 2770 1144 ὑποστάσει.
2817 1091 2956 1161 Φησὶ
3000 1090 3135 1160 γοῦν
3177 1091 3206 1142 ό
3267 1091 3412 1154 (icio;
3480 1092 3744 1145 ’Λπόστο-

2165 1185 2258 1248 λος
2285 1201 2299 1216 ο
2352 1184 2700 1255 Συνέγειρε,
2768 1185 2866 1238 καὶ
2917 1183 3329 1240 συνεκάθισεν
3369 1182 3526 1252 ἡμᾶς
3565 1184 3636 1237 ἐν
3669 1184 3750 1248 τῷ

2165 1274 2414 1346 Χριστῷ.

2236 1463 2346 1518 Καὶ
2376 1462 2536 1517 τοῦτο
2563 1461 2620 1516 δέ
2645 1477 2848 1530 φαμεν,
2872 1459 2955 1512 ὅτι
2992 1459 3056 1511 ἐκ
3085 1457 3280 1512 κοινῶν
3311 1456 3512 1512 οὐσιῶν
3539 1458 3573 1528 ἡ
3605 1457 3744 1510 ἕνω-

2168 1571 2252 1618 σις
2281 1555 2494 1624 γέγονε,
2551 1555 2708 1608 Πᾶσα
2753 1555 2860 1624 γὰρ
2916 1551 3074 1604 οὐσία
3125 1549 3280 1620 κοινή
3338 1551 3454 1603 ἐστι
3499 1549 3610 1604 τῶν
3651 1549 3750 1603 ὑπ’

2168 1645 2352 1716 αὑτῆς
2391 1646 2800 1718 περιεχομένων
2862 1643 3255 1708 ὑποστάσεων,
3289 1642 3386 1696 καὶ
3438 1643 3539 1695 οὑκ
3592 1641 3746 1695 ἔστιν

2170 1738 2352 1809 εὑρεῖν
2391 1738 2624 1810 μερικὴν
2654 1738 2750 1790 καὶ
2783 1735 3089 1800 ἰδιάζουσαν
3123 1736 3286 1806 φύσιν
3309 1777 3324 1801 ,
3366 1736 3486 1806 ἦτοι
3530 1736 3744 1801 οὑσίαν,

2164 1830 2286 1883 ἐπεὶ
2314 1829 2528 1899 ἀνάγκη
2568 1828 2667 1892 τὰς
2699 1827 2870 1891 αὑτὰς
2911 1828 3237 1888 ὑποστάσεις
3274 1828 3369 1882 καὶ
3395 1828 3742 1898 ὀμοουσίους,

2163 1919 2258 1972 καὶ
2296 1916 2667 1987 ἐτεροουσίους
2693 1916 2894 1986 λέγειν,
2929 1917 3024 1970 καὶ
3050 1917 3148 1987 τὴν
3193 1916 3355 1985 ἁγίαν
3387 1917 3615 1989 Τριάδα,
3647 1919 3744 1972 καὶ

2161 2007 2470 2080 ὁμοούσιον,
2506 2008 2601 2062 καὶ
2631 2007 2970 2079 ἐτεροούσιον
2995 2009 3138 2062 κατά
3161 2009 3258 2080 τὴν
3281 2008 3511 2079 θεότητα
3538 2010 3743 2077 λέγειν.

2174 2101 2239 2154 Ἦ
2267 2099 2404 2172 αὑτὴ
2447 2101 2628 2154 τοίνυν
2675 2099 2838 2169 φύσις
2883 2100 2942 2154 ἐν
2991 2100 3197 2172 ἑκάστῃ
3236 2100 3346 2155 τῶν
3387 2101 3744 2155 ὑποστάσεων

2163 2193 2474 2265 θεωρεῖται.
2528 2194 2640 2247 Καὶ
2699 2194 2789 2246 ὅτε
2845 2192 3222 2262 εῐπωμεν(18)
3275 2193 3380 2262 τὴν
3437 2193 3604 2264 φύσιν
3645 2192 3740 2246 τοῦ

2164 2285 2342 2354 Λόγου
2392 2284 2796 2355 σεσαρκῶσθαι,
2833 2283 2975 2338 κατὰ
3016 2285 3144 2346 τοὺς
3177 2283 3484 2354 μακαρίους
3512 2283 3743 2337 Ἀθανά-

2163 2378 2278 2432 σιόν
2320 2395 2380 2432 τε
2427 2380 2522 2433 καὶ
2555 2378 2856 2450 Κύριλλον,
2890 2378 2988 2449 τὴν
3018 2378 3250 2450 θεότητά
3281 2395 3464 2448 φαμεν
3496 2376 3740 2447 ἡνῶσθαι

2165 2474 2349 2547 σαρκί.
2402 2473 2494 2528 Διὸ
2547 2475 2670 2527 οὑδὲ
2713 2473 2991 2544 δυνάμεθα
3037 2474 3254 2528 είπεῖν’
3299 2474 3364 2528 Ἦ
3417 2474 3581 2544 φύσις
3641 2471 3740 2526 τοῦ

2162 2569 2335 2639 Λόγου
2369 2567 2608 2635 ἐπαθεν;
2650 2567 2710 2620 οὑ
2745 2566 2852 2638 γάρ
2896 2565 3098 2620 ἔπαθεν
3143 2568 3175 2638 ὴ
3230 2565 3419 2638 θεότης
3455 2567 3514 2619 ὲν
3550 2564 3736 2634 αὑτῷ·

2162 2662 2394 2733 λέγομεν
2434 2661 2490 2715 δὲ
2516 2660 2612 2732 τὴν
2643 2657 2990 2730 ἀνθρωπίνην
3020 2658 3182 2728 φύσιν
3211 2656 3540 2712 πεπονθέναι
3575 2658 3635 2710 ὲν
3660 2655 3742 2726 τῷ

2162 2751 2405 2826 Χριστῷ,
2446 2752 2505 2804 οὑ
2540 2751 2646 2822 μὴν
2675 2750 2854 2815 πάσας
2882 2751 2982 2815 τὰς
3016 2749 3131 2804 τῶν
3156 2748 3462 2822 ἀνθρώπων
3493 2749 3741 2804 derecta-

2165 2863 2278 2909 σεις
2311 2843 2748 2916 ὑπεμφαίνοντες
2775 2855 2823 2909 α,
2857 2843 2993 2897 ἀλλὰ
3021 2844 3116 2898 καὶ
3140 2846 3206 2914 τῇ
3228 2842 3544 2917 ἀνθρωπίνῃ
3575 2842 3738 2913 φύσει

2165 2935 2536 3006 ὁμολογοῦμεν
2567 2935 2661 2989 τὸν
2683 2934 2920 3003 Χριστὸν
2954 2935 3302 2990 πεπονθέναι.
3340 2935 3503 2990 Ὥστε
3545 2936 3741 3003 φύσιν

2163 3025 2270 3081 τοῦ
2300 3028 2496 3095 Λόγου
2524 3023 2776 3092 λέγοντες
2803 3064 2816 3088 ,
2850 3007 3016 3078 αὑτὸν
3042 3024 3135 3078 τὸν
3163 3024 3336 3093 Λόγον
3377 3026 3737 3096 σημαίνομεν.

485 3113 767 3169 Christum
799 3113 856 3167 in
893 3113 1136 3167 humana
1181 3115 1384 3166 natura
1424 3124 1649 3179 passum
1673 3124 1795 3164 esse
1827 3112 2060 3167 conlite-

2176 3119 2236 3171 '0
2261 3117 2317 3170 δὲ
2342 3117 2514 3183 Λόγος
2541 3115 2638 3168 καὶ
2670 3114 2730 3166 τὸ
2768 3113 2946 3168 κοινὸν
2979 3115 3080 3185 τῆς
3117 3115 3303 3180 οὐσίας
3329 3115 3615 3186 κέκτηται,
3647 3116 3741 3169 καὶ

485 3219 628 3259 mur.
675 3203 1072 3270 Quamobrem,
1121 3215 1246 3259 eum
1286 3201 1442 3258 Verbi
1483 3209 1737 3257 naturam
1793 3203 2057 3273 dicimus,

2167 3208 2230 3263 τὸ
2263 3205 2463 3270 ἰδιάζον
2491 3206 2591 3276 τῆς
2625 3204 2996 3268 ὑποστάσεως.

488 3296 726 3353 Verbum
782 3297 962 3368 ipsum
1024 3295 1426 3369 signiﬁcamus.
1486 3293 1721 3352 Verbum
1793 3311 1961 3367 porro
2011 3315 2064 3357 et
2103 3299 2428 3361 substantiae
2456 3299 2905 3353 communitatem
2965 3299 3148 3365 habet,
3179 3309 3234 3356 et
3295 3314 3542 3372 persona:
3608 3311 3741 3370 pro-

487 3392 796 3461 prietatem.

1165 3477 1317 3535 CAP.
1350 3479 1460 3534 νη.

697 3572 769 3626 De
797 3585 904 3625 una
934 3570 1030 3626 Dei
1073 3570 1229 3627 Verbi
1265 3574 1554 3642 composita
1585 3589 1834 3644 persona.

563 3726 718 3781 Verbi
753 3739 980 3796 persona
1011 3733 1136 3780 ante
1178 3736 1228 3781 et
1267 3735 1386 3796 post
1419 3727 1867 3784 incarnationem.
1903 3727 2059 3783 Verbi

483 3831 708 3887 persona
769 3817 992 3885 simplex
1056 3817 1427 3872 incarnatione
1471 3818 1622 3887 facta
1640 3819 1951 3889 composita.
1986 3849 2058 3860 -——-

484 3909 736 3964 Divinam
772 3910 960 3980 itaque
987 3907 1079 3964 Dei
1111 3907 1276 3966 Verbi
1308 3909 1645 3982 hypostasim
1671 3911 1906 3969 dicimus
1929 3921 2056 3968 ante

483 4001 670 4056 omnia
703 4008 944 4068 exstare,
970 4009 1126 4057 extra
1155 4011 1375 4072 tempus
1431 4013 1592 4058 omne
1613 4009 1670 4057 et
1697 4004 2053 4074 sempiterna,

486 4094 794 4165 simplicem
843 4109 944 4150 nec
1009 4094 1396 4163 compositam,
1429 4093 1752 4162 increatam,
1799 4095 2058 4166 incorpo-

483 4198 656 4251 ream,
705 4183 1058 4248 invisibilem,
1107 4198 1138 4236 a
1197 4191 1452 4237 contactu
1499 4184 1754 4248 alienam,
1808 4193 1863 4238 et
1894 4185 2059 4240 incir-

484 4276 898 4345 cumscriptam,
936 4275 1119 4328 omnia
1180 4273 1494 4337 habentem,
1545 4289 1667 4344 quae
1693 4271 1852 4328 Pater
1872 4274 2055 4342 habet,

484 4368 612 4438 quia
660 4365 910 4436 ejusdem
961 4379 1085 4421 cum
1116 4380 1182 4422 eo
1238 4365 1563 4420 substantiae
1597 4374 1702 4429 est,
1737 4373 1793 4420 et
1826 4366 1939 4421 sola
1965 4381 2058 4436 ge-

2673 3479 2924 3533 ΚΕΦΛΛ.
2965 3477 3018 3534 Ζν
3046 3477 3222 3552 [NA'].

2236 3570 2371 3640 Περὶ
2424 3567 2533 3639 τῆς
2574 3567 2715 3641 μιᾶς
2751 3571 2876 3661 (τοῦ
2940 3571 3088 3658 ςεοῦ
3126 3575 3322 3641 Λόγου
3367 3573 3669 3631 συνθέτου

2735 3656 3152 3707 ὑποστάσεως.

2231 3731 2484 3804 Προεῖναι
2520 3730 2618 3802 μὲν
2650 3726 2744 3786 οὑν
2783 3732 3029 3802 ἀχρόνως
3077 3732 3174 3785 καὶ
3217 3733 3405 3795 ἀῖδίως
3427 3734 3613 3804 φαμὲν
3642 3735 3746 3808 τὴν

2162 3822 2312 3877 θείαν
2337 3822 2432 3876 τοῦ
2466 3822 2604 3876 Θεοῦ
2635 3823 2811 3892 Λόγου
2845 3823 3168 3889 ὑπόστασιν,
3211 3824 3412 3895 ἁπλῆν,
3449 3827 3548 3880 καὶ
3575 3829 3746 3882 ἀσύν-

2163 3913 2316 3968 θετον
2339 3956 2356 3984 ,
2387 3915 2642 3969 ἀκτιστον
2666 3954 2681 3980 ,
2732 3915 2828 3969 καὶ
2863 3915 3158 3986 ἀσώματον
3180 3958 3194 3982 ,
3225 3917 3486 3990 ἀόρατον,
3527 3921 3742 3990 ἀναφῆ,

2163 4005 2596 4078 ἀπερίγραπτον,
2630 4005 2806 4060 πάντα
2835 4005 3065 4077 ἔχουσαν
3089 4007 3189 4062 ὅσα
3209 4008 3324 4079 ἔχει
3357 4011 3386 4063 ὁ
3412 4010 3629 4082 Πατὴρ,
3664 4011 3746 4074 ὡς

2163 4095 2312 4167 αὑτῷ
2345 4097 2648 4172 ὁμοούσίιον,
2684 4099 2762 4170 τῷ
2793 4099 2891 4170 τῆς
2921 4100 3227 4171 γεννήσεως
3253 4107 3460 4173 τρόπῳ,
3490 4103 3589 4157 καὶ
3621 4105 3747 4174 σχὲυ

2165 4206 2250 4242 σει
2279 4190 2379 4261 τῆς
2408 4190 2682 4261 πατρικῆς
2713 4191 3064 4256 ὑποστάσεως
3093 4193 3483 4262 διαφέρουσαν,
3514 4195 3746 4260 τελείως

2169 4279 2397 4351 ἔχουσαν
2419 4282 2472 4346 δ,
2501 4282 2756 4336 οὐδέποτε
2787 4285 2886 4353 τῆς
2931 4284 3206 4354 πατρικῆς
3235 4285 3578 4354 ἐκφοιτῶσαν
3611 4290 3746 4342 ὑπο-

2165 4374 2402 4437 στάσεως
2427 4389 2443 4401 “
2499 4373 2586 4426 ἐπ’
2629 4375 2874 4446 ἐσχάτων
2921 4375 2980 4428 δὲ
3025 4376 3133 4430 τῶν
3185 4379 3472 4449 πατρικῶν
3521 4379 3745 4433 κόλπων

484 4456 792 4514 nerationis
845 4456 1058 4513 ratione
1082 4464 1136 4512 et
1187 4457 1455 4512 relatione
1488 4472 1518 4510 a
1543 4455 1723 4511 Patris
1775 4457 2058 4528 hypostasi

2170 4465 2262 4518 οὑκ
2315 4466 2630 4520 ἀποστάντα
2671 4467 2877 4536 Λόγον,
2929 4469 3361 4540 άπεμγράπτως
3399 4471 3744 4543 ὲνῳκηκέναι

485 4550 724 4606 discreta
753 4566 770 4617 ;
803 4548 1102 4622 perfectam
1154 4549 1307 4612 item,
1351 4564 1454 4604 nec
1489 4563 1731 4618 unquam
1762 4565 1791 4602 a
1821 4564 2058 4618 persona

487 4641 664 4698 Patris
719 4643 1346 4713 sejunctam:ca:tcrum
1376 4643 1432 4698 in
1485 4643 1807 4700 novissimis
1856 4645 2052 4700 diebus

2161 4559 2229 4628 τῇ
2258 4559 2456 4628 γαστρὶ
2482 4559 2581 4630 τῆς
2606 4559 2768 4628 ἁγίας
2788 4558 3090 4630 Παρθένου,
3124 4561 3401 4632 ἀσπόρως,
3428 4564 3525 4616 καὶ
3547 4564 3748 4635 ἀπεριο

2161 4648 2404 4719 λήπτως,
2443 4649 2518 4713 ὡς
2555 4646 2696 4706 οἶδεν
2722 4651 2904 4717 αὑτὸς,
2935 4651 3030 4706 καὶ
3060 4654 3116 4706 ὲν
3156 4652 3294 4724 αὑτῇ
3323 4655 3392 4724 τῇ
3423 4655 3745 4728 προαιωνίῳ

593 4820 638 4854 ⁸⁸
667 4819 827 4893 Greg.
866 4821 1027 4892 epist.
1067 4821 1114 4886 Ι,
1152 4819 1234 4876 Ad
1251 4820 1402 4881 CleJ.
1479 4827 1525 4860 ⁸⁷
1555 4827 1756 4882 Athan.
1794 4828 1868 4882 De
1891 4825 2057 4880 salut.
2089 4826 2209 4881 adv.
2285 4828 2330 4860 ⁸⁸
2372 4828 2576 4900 Ephes.
2613 4844 2674 4893 ll,
2706 4829 2758 4886 6.

1765 4984 1998 5042 VARle
2041 4984 2446 5046 LECTIONES.

556 5150 578 5178 ⁸
610 5142 771 5223 Deest
799 5141 952 5223 καορ,
975 5141 1080 5223 “in_
1103 5138 1340 5223 9‘0th
1371 5140 1479 5196 llil.
1519 5141 1574 5196 in
1603 5137 1797 5223 .8312,
1823 5156 1876 5198 et
1901 5144 2156 5223 _Colb._et
2188 5144 2245 5223 ir:
2279 5141 2346 5198 Ν.
2377 5141 2545 5223 Vetus
2578 5145 2810 5223 interpr.
2839 5161 2894 5207 et
2927 5151 3105 5208 Faber
3137 5153 3467 5210 omiserunt,
3546 5169 3575 5198 ει
3601 5155 3748 5212 ﬁdit,

485 5213 840 5284 ἐμφαίνομεν.
917 5201 951 5252 δ’
970 5210 1168 5268 Cod.S.
1204 5201 1312 5265 Hii.
1340 5227 1406 5268 ex
1427 5201 1809 5269 emendatione
1832 5214 1924 5268 καὶ
1952 5215 2172 5292 τελείως
2205 5215 2470 5287 ἔχουσαν;
2507 5216 2562 5270 in

1990 5373 2224 5431 ΝΟΤᾸΞ.

557 5459 669 5534 (ιε)
710 5463 833 5534 Καί
865 5462 962 5518 ὅτε
988 5465 1268 5534 εἴπομεν.
1304 5463 1373 5516 Et
1417 5479 1536 5518 cum
1579 5469 1905 5532 secundant,
1943 5479 2052 5528 etc.

485 5529 601 5586 Hoc
623 5529 1018 5603 MonOphysitaz
1037 5529 1411 5605 obiectabant,
1444 5549 1554 5590 non
1579 5535 1843 5605 Cyrillum
1869 5529 2050 5605 modo,

483 5613 677 5656 verum
711 5611 766 5655 et
787 5597 1156 5658 'At'hanasiuin
1186 5643 1202 5669 ,
1247 5597 1411 5659 unum
1459 5605 1558 5660 Dei
1596 5597 1751 5662 Verbi
1802 5597 2050 5663 naturain

479 5671 820 5748 incantatam
851 5671 1064 5748 dixisse
1105 5674 1160 5748 in
1210 5676 1448 5748 quadam
1493 5675 1844 5745 professione
1873 5680 1939 5733 de
1963 5681 2049 5734 in-

469 5740 816 5797 car'matt'one.
847 5740 1116 5798 Libellum
1137 5740 1285 5802 hunc
1306 5788 1320 5813 ,
1338 5740 1612 5815 aliosriue,
1635 5763 1772 5817 quos
1799 5749 2051 5806 laudarat

2161 5471 2443 5553 Eutyches
2469 5475 2840 5553 ,LAthanasii
2871 5495 2977 5534 non
3031 5495 3190 5548 esse,
3240 5481 3336 5537 sed
3375 5482 3748 5553 Apollinarii.

2161 5541 2682 5622 fidelestultoties
2725 5551 3144 5618 probaverunt;
3177 5541 3226 5606 ’τι
3294 5541 3499 5622 quibus
3545 5541 3752 5610 Noster

2159 5611 2464 5696 dissentit,
2492 5683 2507 5696 _
2545 5611 2739 5696 utique;
2814 5631 3037 5696 propter
3073 5611 3482 5696 auctori-tatem
3547 5623 3747 5696 Cyrilh’

2156 5678 2512 5808 ἒίᾗῧὲεδεὰ
2542 5685 2609 5744 de
2648 5678 2786 5764 istis.
2815 5678 3008 5749 'l‘us'ius
3041 5693 3312 5773 singulari
3347 5678 3751 5752 dissertaiiorie
