3950 6304
228 290 366 348 tan

1289 291 1387 350 DE
1424 291 1604 351 FIDE
1633 291 2098 362 ORTHODOXA
2137 295 2280 354 LIB.
2324 296 2436 355 Ill.

3350 289 3484 354 ιοιι
3559 237 3570 254 ἱ

217 402 270 454 εί
296 400 322 440 ⁸
360 397 464 452 ὑπὸ
507 397 569 450 τὸ
613 398 832 468 συνεχὲς
863 397 1026 452 ποσὸν
1072 397 1365 467 ἀνάγονται
1402 401 1454 463 ιι,
1496 400 1530 471 ἧ
1574 400 1680 454 ὑπὸ
1739 400 1800 454 τὸ

1918 401 1973 456 le
2024 402 2238 479 Domini
2298 401 2506 458 naturis
2551 410 2912 472 pcrtentctur,
2973 404 3039 459 ad
3096 400 3487 455 continuarnue

219 491 622 562 διωρισμένον,
670 489 911 560 ἐροῦμεν
937 529 954 554 ,
1004 489 1088 543 ὅτι
1133 491 1189 542 αἱ
1218 488 1312 542 τοῦ
1348 489 1556 560 Κυρίου
1588 489 1803 560 φὺσεις,

219 581 350 636 οὔτε
382 583 440 636 ἓν
467 581 628 652 σῶμά
673 582 812 634 εἰσιν
837 619 852 645 ,
885 579 1010 634 οὔτε
1046 580 1144 652 μία
1177 582 1502 651 ἐπιφάνεια,
1531 581 1656 635 οῦτε
1706 583 1807 654 μία

222 673 500 744 γραμμὴ,
532 674 592 726 οὑ
624 676 849 744 χρόνος,
876 673 937 726 οὑ
982 673 1180 736 τόπος,
1221 673 1310 730 ἴνα
1347 673 1452 728 ὑπὸ
1485 674 1546 728 τὸ
1579 675 1806 744 συνεχὲς

222 762 506 834 ἀναχοῶσι
545 763 714 816 ποσόν
738 779 752 794 ·
802 761 982 816 ταῦτα
1025 765 1134 835 γάρ
1163 766 1270 819 εἰσι
1297 765 1364 819 τὰ
1407 765 1646 834 συνεχῶς
1681 765 1805 837 ἀρι-

222 854 254 908 θ
263 855 366 919 μού
375 871 535 927 μενα.

312 1037 508 1094 ’ἰστέον
537 1038 594 1092 δὲ
624 1037 700 1102 ὡς
741 1039 769 1092 ό
809 1038 1070 1109 ἀριθμὸς,
1107 1037 1215 1092 τῶν
1251 1039 1620 1111 διαφερόντων
1641 1043 1766 1098 «ἐστί
1789 1059 1804 1076 ο

223 1133 325 1186 καὶ
351 1131 618 1185 ἀδύνατον
659 1129 1050 1201 ἀριθμεῖσθαι,
1097 1132 1166 1184 τὰ
1214 1132 1358 1186 κατὰ
1407 1133 1577 1202 μηδὲν
1620 1134 1808 1204 διαφέ-

226 1241 422 1285 ρονται
459 1223 583 1277 καθ’
625 1222 654 1276 ὅ
687 1222 745 1275 δὲ
776 1222 1136 1294 διαφέρουσι,
1171 1224 1313 1278 κατὰ
1355 1225 1517 1278 τοῦτο
1557 1227 1653 1279 καὶ
1686 1228 1801 1298 ἀρι-

227 1317 498 1387 θμοῦνται
522 1332 538 1349 ⁸
580 1312 692 1369 οἷον
735 1318 763 1370 ὁ
801 1317 1006 1387 Πέτρος
1035 1317 1128 1370 καὶ
1156 1320 1184 1370 ό
1225 1316 1460 1382 Παῦλος,
1493 1320 1613 1374 καθ’
1647 1321 1675 1373 ὃ
1709 1324 1808 1392 μὲν

223 1411 484 1480 ἦνωνται,
515 1409 616 1462 οὑκ
656 1407 1038 1480 ἀριθμοῦνται.
1075 1408 1165 1478 Τῷ
1194 1409 1336 1480 λόγῳ
1368 1410 1477 1482 γὰρ
1499 1413 1595 1481 τῆς
1621 1412 1808 1474 οὐσίας

227 1501 538 1571 ὲνοὺμενοι,
587 1500 682 1553 δύο
721 1499 910 1570 φύσεις
957 1501 1019 1554 οὑ
1067 1500 1324 1555 δύνανται
1369 1503 1657 1571 λέγεσθαι·
1687 1503 1807 1558 καθ’

228 1592 529 1646 ὑπόστασιν
549 1591 605 1645 δὲ
634 1593 984 1663 διαφέροντες
1002 1632 1017 1656 ,
1045 1592 1139 1646 δύο
1173 1593 1501 1653 ὑποστάσεις
1534 1594 1804 1664 λέγονται.

229 1683 398 1736 Ὥστε
423 1684 452 1735 ό
483 1681 715 1753 ἀριθμὸς
745 1681 854 1734 τῶν
879 1682 1246 1757 διαφερόντων
1270 1685 1409 1747 ἐστὶ,
1442 1686 1535 1738 καὶ
1557 1680 1602 1753 ᾧ
1623 1685 1808 1756 τρόπῳ

1909 496 2302 563 quantitatem,
2353 510 2420 547 an
2471 493 2538 548 ad
2573 494 2875 548 discretam
2903 491 3233 556 referantur,
3266 491 3346 545 sic
3403 505 3488 544 re-

1907 586 2344 653 spondebimus:
2382 584 2599 639 Domini
2638 584 2800 654 216
2832 591 3059 638 naturas
3089 597 3264 653 neque
3283 596 3487 652 corpus

1908 689 2079 729 unum
2134 691 2285 740 esse,
2334 690 2512 746 neque
2553 675 2754 729 lineam
2797 689 2985 740 unam,
3040 689 3218 743 neque
3246 680 3485 741 tempus,

1908 780 2092 836 neque
2126 766 2333 830 locum,
2365 773 2426 820 ut
2479 765 2546 820 ad
2577 766 2896 820 continuam
2929 764 3292 834 quantitatem
3320 763 3483 818 redu-

1905 865 2121 909 cantur.
2143 853 2268 910 Haec
2302 857 2450 910 enim
2493 863 2644 919 sunt,
2681 871 2800 925 qua:
2818 855 3084 910 continue
3109 861 3316 924 quanta
3356 867 3487 908 cen-

1907 954 2120 1001 sentur.

1978 1054 2274 1112 Sciendum
2297 1071 2462 1130 porro
2495 1069 2580 1114 est
2628 1073 2690 1114 ea
2721 1059 2775 1111 in
2806 1070 3100 1110 numerum
3153 1053 3350 1110 cadere
3367 1067 3490 1123 qua:

1908 1148 2054 1202 inter
2082 1164 2141 1204 se
2162 1149 2576 1221 distinguuntur
2601 1191 2616 1218 ,
2652 1165 2754 1205 nec
2790 1146 3073 1203 numerari
3127 1161 3187 1200 ea
3219 1159 3380 1215 posse
3404 1143 3489 1197 in-

1908 1247 1991 1293 ter
2015 1253 2136 1308 quae
2164 1240 2316 1294 nulla
2349 1240 2638 1296 distinctio
2677 1247 2764 1296 est
2797 1257 2811 1294 :
2842 1238 2938 1294 sed
2975 1243 3253 1308 quatenus
3291 1232 3489 1287 distin-

1906 1343 2170 1402 guuntur,
2193 1341 2425 1390 eatenus
2446 1333 2759 1400 numerari;
2787 1349 2872 1388 ex.
2900 1347 3008 1403 gr.,
3039 1329 3235 1385 Petrus
3265 1335 3320 1382 et
3347 1325 3489 1379 Pau-

1908 1423 2017 1489 lus,
2042 1439 2150 1494 qua
2183 1425 2400 1480 ratione
2433 1425 2575 1479 uniti
2595 1432 2747 1488 sunt,
2774 1439 2883 1478 non
2914 1427 3316 1484 numerantur;
3339 1429 3488 1478 nam,

1907 1532 2032 1571 cum
2097 1518 2400 1573 secundum
2471 1519 2768 1574 essentiam
2826 1516 3179 1586 copulentur,
3225 1511 3332 1565 dici
3379 1523 3488 1561 non

1908 1617 2142 1678 possunt
2170 1609 2292 1665 dum
2313 1619 2524 1666 natura:
2549 1630 2563 1666 :
2599 1621 2653 1666 at
2676 1625 2827 1672 vero,
2855 1624 2976 1664 cum
3005 1609 3220 1660 ratione
3244 1615 3492 1674 personat

1907 1701 2312 1766 diﬂ‘erunt,dua:
2332 1703 2554 1774 proinde
2574 1719 2818 1774 personm
2839 1703 3116 1757 dicuntur.
3131 1698 3204 1752 Ex
3222 1711 3330 1768 quo
3346 1702 3491 1764 patet

225 1774 543 1846 διαφέρουσι
593 1775 664 1827 τὰ
711 1756 1082 1845 διαφέροντα,
1130 1776 1304 1847 τούτῳ
1345 1777 1425 1847 τῷ
1471 1777 1660 1848 τρόπῳ
1710 1777 1807 1830 καὶ

1918 1808 2198 1849 numerum
2253 1797 2321 1851 iis
2350 1797 2666 1860 convenire,
2712 1811 2834 1865 qua:
2866 1794 3008 1848 inter
3035 1807 3095 1846 se
3116 1789 3410 1852 diiTerunt;
3439 1795 3494 1841 et

225 1865 612 1938 ἀριθμοῦνται.

305 1957 580 2018 ’Ὶίνωνται
618 1959 718 2029 μὲν
750 1953 843 2014 οὑν
871 1960 929 2014 αί
962 1958 1058 2013 τοῦ
1089 1959 1298 2032 Κυρίου
1329 1961 1520 2031 φύσεις
1569 1963 1811 2033 ἀσυγχὺ·

224 2069 338 2115 τως
371 2051 498 2105 καθ’
539 2051 866 2114 ὑπόστασιν,
897 2053 1186 2124 διῄρηνται
1212 2053 1271 2106 δὲ
1302 2053 1628 2124 ἁδιαιρέτως
1666 2055 1810 2126 λόγῳ

223 2145 324 2197 καὶ
349 2143 536 2215 τρόπῳ
558 2143 659 2212 τῆς
685 2142 971 2214 διαφορᾶς.
999 2145 1112 2198 Καὶ
1131 2137 1177 2214 ᾧ
1205 2148 1306 2214 μὲν
1335 2146 1524 2217 τρόπῳ
1547 2147 1809 2217 ἧνωνται,

221 2238 330 2290 οὐκ
367 2235 764 2308 ἀριθμοῦνταιο
803 2236 864 2290 οὑ
901 2238 1012 2309 γὰρ
1049 2239 1174 2293 καθ’
1203 2239 1508 2294 ὑπόστασιν
1539 2239 1634 2294 δύο
1669 2238 1809 2296 εἶναί

225 2345 412 2400 φαμεν
437 2330 538 2396 τὰς
564 2329 756 2400 φύσεις
789 2331 883 2384 τοῦ
907 2330 1144 2402 Χριστοῦ
1173 2345 1188 2362 ⁸
1213 2325 1258 2401 ᾧ
1277 2333 1334 2386 δὲ
1357 2333 1544 2405 τρόπῳ
1569 2334 1810 2406 ἀδιαιρέ-

221 2440 341 2486 τως
364 2421 672 2494 διῄρηνται,
694 2423 1058 2494 ἀριθμοῦνται
1078 2441 1091 2455 ·
1123 2424 1216 2478 δύο
1241 2425 1350 2494 γὰρ
1380 2427 1516 2480 εἰσὶν
1540 2428 1594 2479 αἱ
1620 2426 1811 2494 φύσεις

223 2513 325 2568 τοῦ
355 2515 615 2586 Χριστοῦ,
648 2515 794 2587 λόγῳ
833 2517 926 2570 καὶ
955 2516 1143 2586 τρόπῳ
1179 2516 1281 2587 τῆς
1314 2517 1599 2587 διαφορᾶς.
1639 2516 1812 2572 ἸΙνω-

231 2606 395 2676 μέναι
429 2605 538 2677 γὰρ
580 2607 706 2661 καθ’
754 2607 1057 2662 ὑπόστασιν
1082 2646 1099 2670 ,
1153 2609 1251 2662 καὶ
1291 2609 1394 2680 τὴν
1452 2610 1510 2664 ὲν
1553 2609 1812 2682 ἀλλήλαις

229 2697 610 2770 περιχὼρησιν
649 2698 894 2770 ἔχουσαι,
929 2700 1256 2770 ἀσυγχύτως
1305 2701 1562 2772 ἧνωνται,
1599 2703 1697 2773 τὴν
1729 2704 1812 2756 ot-

228 2787 388 2840 κείαν
435 2789 640 2860 ἑκάστη
701 2790 940 2862 φυσικὴν
989 2791 1255 2862 διαφορὰν
1303 2793 1668 2857 διασώζουσα.
1721 2795 1812 2866 Τῷ

226 2878 420 2948 τρόπῳ
468 2879 760 2952 τοιγαροῦν
811 2882 910 2952 τῆς
970 2883 1278 2956 διαφορᾶς,
1341 2885 1437 2938 καὶ
1491 2886 1636 2956 μόνῳ
1691 2887 1812 2953 ἀρι-

228 2967 580 3040 ϐμοὺμεναι,
639 2971 747 3026 ὑπὸ
799 2972 862 3027 τὸ
913 2972 1280 3047 διωρισμένον
1346 2976 1514 3030 ποσὸν
1569 2977 1810 3048 ἀναχθή-

231 3078 442 3117 σονται.

302 3335 402 3404 Εἷς
435 3341 614 3395 τοίνυν
653 3341 804 3396 ἐστὶν
833 3344 861 3396 ό
892 3341 1150 3414 Χριστὸς,
1181 3342 1312 3408 Θεὸς
1348 3344 1556 3408 τέλειος
1584 3344 1676 3399 καὶ
1717 3345 1812 3400 ἇν-

228 3440 451 3506 Ορωπος
490 3438 732 3502 τέλειος·
780 3438 841 3492 ὃν
895 3439 1310 3511 προσκυνοῦμεν
1360 3441 1458 3494 σὺν
1498 3441 1672 3512 Πατρὶ
1717 3443 1814 3495 καὶ

229 3531 555 3604 Πνεῦματι,
611 3536 712 3607 μιᾷ
770 3537 1140 3608 προσκυνήσει
1196 3536 1336 3606 μετά
1382 3537 1482 3608 τῆς
1537 3537 1812 3608 ἀχράντου

229 3626 443 3696 σαρκὸς
476 3626 681 3695 αὑτοῦ,
729 3629 831 3702 οὑκ
877 3628 1295 3701 ἅπροσκὺνητον
1350 3629 1450 3700 τὴν
1489 3630 1670 3699 σάρκα
1726 3630 1817 3684 λέ-

229 3735 426 3784 γοντες
455 3734 470 3748 ’
513 3723 903 3790 προσκυνεῖται
956 3720 1066 3790 γὰρ
1101 3721 1160 3773 ὲν
1205 3723 1268 3792 τῇ
1327 3721 1426 3792 μιᾷ
1481 3721 1576 3775 τοῦ
1635 3723 1814 3792 Λόγου

230 3813 564 3878 ὑποστάσει,
617 3815 740 3884 ἥτις
786 3815 925 3884 αὐτῇ
989 3814 1289 3878 ὑπόστασις
1357 3816 1614 3884 γέγονεν·
1658 3817 1720 3870 οὑ
1751 3818 1817 3887 τῇ

231 3905 414 3960 κτίσει
439 3907 818 3979 λατρεύοντες.
851 3909 928 3962 Οὑ
960 3908 1071 3980 γὰρ
1102 3909 1177 3971 ὡς
1203 3908 1367 3980 ψιλὴν
1399 3909 1578 3981 σάρκα
1605 3908 1619 3946 ι
1658 3927 1819 3981 προσ·

232 3996 546 4068 κυνοῦμεν,
596 3997 712 4051 ἀλλ’
742 3999 818 4062 ὡς
861 3998 1150 4069 ἡνωμένην
1192 3998 1441 4068 θεότητι,
1497 3999 1590 4053 καὶ
1635 4001 1715 4064 εἰς
1759 4000 1819 4053 ἒν

235 4089 532 4157 πρόσωπον
560 4090 654 4143 καὶ
684 4091 817 4162 μίαν
850 4091 1157 4145 ὑπόστασιν
1184 4091 1279 4144 τοῦ
1309 4091 1445 4145 Θεοῦ
1477 4093 1678 4162 Λόγου,
1710 4092 1820 4146 τῶν

233 4181 334 4234 δύο
358 4182 524 4235 αὑτοῦ
548 4183 905 4253 ἀναγομένων
950 4185 1186 4254 φύσεων.
1234 4184 1461 4238 Δέδοικα
1490 4185 1583 4239 τοῦ
1615 4185 1820 4258 ἄνθρα-

235 4292 335 4336 κος
361 4274 604 4346 ἅψασθαι
629 4277 717 4330 διὰ
737 4277 798 4331 τὸ
822 4277 900 4349 τῷ
931 4277 1070 4348 ξὺλῳ
1092 4278 1439 4348 συνημμένον
1467 4279 1600 4352 πῦρ.
1639 4281 1820 4352 Προσ-

233 4366 388 4420 κννῶ
436 4366 532 4420 τοῦ
581 4369 822 4439 Χριστοῦ
877 4370 939 4423 τὸ
980 4370 1431 4442 συναμφότερον,
1474 4371 1562 4426 διὰ
1604 4370 1704 4443 τὴν
1751 4373 1816 4441 τῇ

237 4459 412 4530 σαρκὶ
457 4461 742 4532 ἡνωμένην
793 4461 1046 4534 θεότητα.
1088 4463 1165 4516 Οὑ
1216 4461 1326 4534 γὰρ
1371 4462 1668 4533 τέταρτονὶ
1703 4463 1815 4534 (22)

311 4612 355 4644 ⁷⁵
379 4611 574 4684 Cyrill.
605 4611 662 4669 in
694 4613 806 4670 def.
856 4613 1058 4669 Analh.
1087 4613 1121 4670 8
1151 4624 1302 4670 cont.
1326 4614 1540 4670 Theod.

1911 1895 2181 1956 quatenus
2211 1887 2492 1953 diﬂernnt,
2540 1889 2808 1944 hactenus
2839 1900 3059 1958 quoque
3089 1898 3153 1940 ea
3185 1879 3488 1936 numerari.

1985 1980 2120 2036 Dum
2143 1980 2339 2038 Clu-isti
2359 1991 2566 2036 uaturm
2591 1981 2859 2035 discretas.
2887 2011 2954 2022 —-
2977 1977 3250 2044 Quocirca
3273 1971 3490 2028 Domini

1914 2081 2148 2138 naturai,
2225 2084 2492 2144 quantum
2530 2073 2599 2129 ad
2666 2087 2962 2145 personam
3014 2071 3232 2131 attinet,
3283 2066 3493 2135 absque

1911 2165 2242 2222 confusione
2293 2168 2462 2222 unita‘
2514 2175 2686 2233 sunt;
2720 2171 2986 2236 quantum
3023 2169 3203 2216 autem
3239 2157 3306 2213 ad
3338 2155 3493 2212 dill'c-

1913 2258 2104 2312 rentize
2153 2257 2452 2324 rationem,
2481 2257 2692 2327 absque
2743 2255 3019 2311 divisione
3050 2252 3491 2322 distinguuntur.

1911 2349 1990 2404 Ac
2016 2349 2237 2418 quidem
2266 2365 2374 2420 qua
2405 2351 2619 2405 ratione
2649 2348 2816 2402 unita:
2848 2354 3001 2412 sunt,
3037 2345 3263 2398 minime
3293 2353 3493 2395 mune-

1913 2451 2111 2496 rantur
2165 2441 2379 2513 (neque
2430 2442 2579 2497 enim
2607 2441 2747 2496 duas
2794 2445 3059 2510 quantum
3091 2436 3157 2490 ad
3199 2445 3492 2504 personam

1915 2531 2156 2589 dicimus
2215 2547 2343 2590 esse
2377 2531 2584 2587 Christi
2641 2529 2938 2600 naturas),
2977 2542 3086 2598 qua
3119 2536 3301 2580 autem
3353 2521 3492 2576 citra

1914 2624 2242 2680 divisionem
2325 2624 2606 2681 distincta:
2669 2630 2855 2685 sunt,
2914 2623 3297 2674 numerantur.
3365 2611 3494 2664 Dua:

1913 2717 2060 2772 enim
2088 2716 2298 2771 Christi
2353 2725 2568 2772 natura:
2596 2724 2751 2782 sunt,
2784 2709 3163 2770 distinctionis
3185 2707 3411 2762 'rationc
3440 2711 3495 2760 et

1913 2808 2080 2862 modo
2122 2827 2137 2861 :
2171 2808 2455 2878 nanrquia
2507 2807 2725 2861 ratione
2771 2817 3018 2876 personae
3050 2800 3221 2855 unitae
3256 2803 3408 2861 sunt,
3441 2802 3496 2850 ct

1915 2899 2148 2954 invicem
2181 2914 2241 2954 se
2273 2898 2600 2968 pervadunt,
2627 2898 2764 2952 citra
2794 2893 3170 2951 confusionem
3201 2887 3494 2947 uniuntur,

1918 3006 2074 3046 suam
2136 2991 2448 3046 naturalem
2521 2987 2892 3043 diﬂ'ercntiam
2952 2984 3126 3038 amba:
3168 2980 3494 3036 retinentes.

1843 3092 1885 3148 (ζ
1920 3083 2124 3151 Quare,
2171 3098 2298 3138 cum
2332 3082 2712 3138 distinctionis
2765 3078 2949 3144 modo,
2982 3077 3221 3146 ejusque
3253 3073 3372 3128 sola
3405 3083 3498 3124 ra-

1913 3175 2062 3230 tione
2091 3183 2479 3239 numerentur,
2520 3174 2589 3229 ad
2641 3173 2936 3228 discretam
2987 3167 3354 3240 quantitatem
3404 3177 3499 3219 re-

1915 3265 2194 3336 digeritur.

1991 3357 2266 3424 Quomodo
2289 3357 2491 3414 Christi
2521 3372 2645 3410 caro
2669 3353 2942 3408 adoretur.
2971 3377 3042 3390 —-
3073 3346 3420 3415 Quapropter
3453 3340 3502 3374 ⁷⁸

1912 3469 2054 3509 unus
2111 3460 2196 3509 est
2219 3449 2498 3514 Christus,
2555 3447 2698 3502 Deus
2737 3442 3038 3514 perfectus,
3087 3447 3143 3494 et
3172 3438 3338 3492 homo
3378 3447 3507 3506 per-

1911 3545 2108 3610 fectus,
2171 3543 2261 3599 cui
2313 3555 2478 3596 unam
2535 3537 2892 3606 eamdemque
2946 3530 3321 3588 adorationem
3372 3540 3499 3580 cum

1914 3639 2076 3693 Patre
2113 3644 2168 3692 et
2198 3633 2426 3705 Spiritu,
2455 3647 2566 3686 non
2591 3629 2817 3684 exclusa
2837 3624 3188 3681 immaculata
3226 3620 3347 3690 ejus
3375 3632 3501 3673 car-

1915 3747 2006 3796 ne,
2042 3728 2391 3784 adhibemus.
2422 3723 2610 3794 Neque
2630 3721 2779 3778 enim
2834 3715 3170 3774 adorandam
3221 3727 3346 3768 esse
3375 3725 3500 3765 ear-

1920 3839 2046 3879 nem
2077 3822 2198 3893 ejus
2225 3832 2495 3889 negamus
2531 3835 2544 3871 :
2576 3814 2781 3886 quippe
2843 3825 2964 3882 qum
3002 3809 3270 3862 adorator
3299 3804 3356 3858 in
3389 3817 3500 3858 una

1920 3913 2088 3970 Verbi
2117 3925 2379 3984 persona,
2407 3921 2530 3979 qum
2556 3906 2778 3978 quidem
2814 3903 2918 3974 ipsi
2977 3913 3214 3972 persona
3245 3907 3299 3952 et
3327 3899 3501 3967 hypo-

1920 4008 2086 4066 stasis
2120 4005 2263 4063 facta
2286 4013 2390 4062 est.
2421 4004 2540 4070 Qua
2566 4005 2623 4057 in
2651 4017 2710 4058 re
2733 4015 2843 4056 non
2877 4006 3148 4054 creatura:
3186 3993 3500 4057 servimus;

1921 4115 2034 4155 non
2080 4098 2229 4154 enim
2285 4097 2458 4160 illam,
2511 4109 2616 4149 ceu
2654 4091 2856 4147 nudam
2917 4101 3142 4143 carnem
3175 4086 3500 4143 adoramus,

1923 4192 2017 4249 sed
2053 4194 2201 4247 velut
2247 4187 2526 4244 divinitati
2589 4185 2802 4238 unitam
2832 4199 2844 4236 :
2878 4189 2934 4236 et
2970 4179 3101 4250 quia
3148 4177 3271 4232 durae
3327 4175 3503 4244 ipsius

1920 4293 2128 4339 natura:
2157 4281 2224 4336 ad
2257 4295 2418 4335 unam
2451 4277 2547 4332 Dei
2581 4274 2744 4330 Verbi
2784 4283 3077 4344 personam
3135 4266 3501 4326 reducuntur,

1918 4389 2196 4445 unamque
2268 4368 2708 4428 subsistentiam.
2791 4363 3104 4418 Carbonem
3157 4368 3382 4428 tangere
3433 4355 3506 4410 ob

1927 4465 2108 4534 ignem
2135 4477 2260 4518 cum
2307 4460 2458 4531 ligno
2486 4457 2842 4529 conjunetum
2873 4467 3087 4508 vereor.
3120 4449 3322 4505 Ambas
3349 4445 3507 4501 Chri-

1555 4755 1786 4813 varum
1814 4733 2224 4810 LECTIONES.

314 4879 342 4919 ε
379 4876 524 4948 sua,
553 4877 609 4948 ἢ.

711 4875 740 4915 ³³
762 4877 898 4950 Cod.
931 4880 990 4933 S.
1024 4878 1130 4934 Hil.
1155 4878 1222 4932 R.
1245 4879 1300 4944 7,
1331 4879 1485 4950 coll).
1511 4879 1547 4934 5
1571 4885 1626 4950 et
1655 4877 1914 4950 Euthym.
1938 4877 2315 4950 ἀναφέροιντο.
2347 4874 2501 4933 Colb.
2533 4873 2668 4930 alter
2697 4871 3061 4944 διαφέροιντο.

3172 4869 3188 4908 ί
3223 4867 3356 4924 Cod.
3394 4867 3508 4925 fere

237 4965 434 5005 omnes
452 4947 584 5019 ψιλῇ
610 4948 797 5020 σαρκί.
832 4988 846 5003 .
876 4988 891 5002 .
924 4991 937 5004 .
969 4950 1250 5021 ἡνωμένη.
1329 4960 1342 4999 ι
1380 4949 1511 5006 Mss.
1545 4949 1606 5003 οὑ
1638 4949 1922 5020 τέταρτον.

1845 5057 1980 5115 TE.

1751 5059 1980 5116 ΝΟΤΕ.

243 5155 461 5226 unitum
491 5162 604 5226 est,
640 5153 806 5226 modo
849 5156 1132 5226 propriam
1169 5157 1439 5212 rationem
1481 5171 1676 5222 suam,
1716 5171 1826 5226 qua
1857 5159 1902 5214 ι)
1931 5152 2027 5224 qui
2060 5152 2204 5226 _duas
2230 5145 2744 5226 naturas_integr‘as
2777 5141 3000 5226 Dlnristo
3029 5136 3513 5226 tri_l‘)u.e'tulo,quaj

239 5225 631 5296 distinguitur,
651 5225 988 5296 incolumem
1015 5236 1214 5283 servet.
1239 5227 1445 5282 Eadem
1467 5225 1829 5296 responsione

241 5295 580 5366 Theologus,
610 5295 740 5350 olim
783 5306 922 5352 orat.
959 5297 1051 5362 57,
1093 5297 1330 5353 similem
1377 5295 1618 5352 solverat
1644 5297 1830 5352 Euno-

245 5365 348 5418 mii
383 5365 794 5434 argrrtationem
844 5376 1038 5422 contra
1087 5369 1256 5422 trium
1315 5367 1519 5422 divinae
1572 5367 1832 5423 essentia:

245 5451 611 5509 personarum
639 5437 1296 5509 consubstantialitatem
1330 5454 1346 5492 :
1381 5439 1474 5493 cui
1523 5437 1828 5509 Nyssenus,

250 5505 464 5580 aliique
496 5506 742 5580 ejusdem
775 5509 873 5580 aevi
912 5507 1155 5580 adjuugii
1171 5517 1429 5580 possunt.

321 5576 438 5646 (22)
473 5578 624 5649 Οὔτε
649 5577 758 5647 γὰρ
788 5576 1112 5646 τέταρτονξ
1128 5576 1250 5634 Non
1275 5580 1415 5633 enim
1442 5590 1688 5649 quartam
1717 5595 1832 5647 pcr-

244 5662 459 5702 souam.
493 5648 925 5716 Apollinaristac,
970 5659 1027 5702 ut
1061 5660 1188 5703 ante
1239 5648 1582 5714 dicebamus,
1631 5651 1830 5704 Catho-

248 5717 394 5774 licos
428 5719 772 5776 lacessebant
811 5735 910 5778 ccu
943 5720 1424 5792 ἀνθρωπολάτρας,
1462 5719 1829 5785 homiuirolas,

1936 5206 2246 5280 tet-nitatem
2301 5233 2402 5288 pro
2446 5206 2734 5290 _Trin_itate_
2784 5206 3288 5290 inveherent.__ﬂoc
3340 5206 3513 5290 refert

1933 5277 2540 5361 Naizianzenuéaepist.
2575 5287 2628 5350 ἱ,
2669 5283 2736 5339 ad
2777 5277 3401 5361 Cleduut‘Athanasi‘i.
3441 5279 3511 5334 ad

1935 5347 2261 5434 Epictetum
2277 5347 2582 5434 epistolam
2603 5347 2839 5434 taceant,
2857 5421 2870 5434 ο
2887 5349 3186 5434 innuitque
3223 5347 3512 5434 Apollina-

1937 5418 2202 5503 rirusipse
2249 5418 2870 5503 in_'Professi_one_.li_dei
2907 5421 2992 5503 ad.
3019 5418 3511 5503 Jovianun't,_ct_'_in

1939 5491 2126 5560 libello
2161 5499 2316 5568 Quod
2357 5514 2503 5551 unus,
2545 5497 2615 5550 sit
2661 5492 2929 5568 Christus.
2962 5491 3514 5568 Anastasius-Antio-

1941 5559 2645 5630 chenus"crituinationcm
2707 5565 2849 5617 hanc
2898 5562 2955 5616 in
3002 5561 3147 5616 libro
3181 5559 3318 5628 Περὶ
3351 5561 3518 5629 ἐνερ-

1944 5643 2136 5714 τετῶν,
2175 5641 2251 5695 De
2281 5636 2709 5714 operationibus,
2736 5631 3048 5714 confutavit
3071 5631 3470 5714 hoc.exemplo
3508 5648 3519 5681 :

1953 5700 2191 5768 Ὕπόοου
2226 5700 2375 5782 τρεῖς
2416 5705 2553 5764 εἶναι
2589 5706 2790 5778 στήλας
2822 5703 3032 5775 χαλκᾶς
3059 5745 3073 5768 ,
3124 5701 3214 5754 καὶ
3256 5700 3353 5769 τὴν
3395 5701 3529 5769 μίαν
