3950 6304
456 267 596 340 1019

1653 269 1715 330 S.
1743 271 1774 330 Ι
1782 265 1984 328 OANN
1991 263 2065 326 IS
2108 262 2534 327 DAMASCENI

3567 263 3710 330 1020

456 375 817 450 appendicem
853 374 1025 439 illam,
1054 389 1218 445 quam
1282 373 1479 431 Petrus
1531 373 1862 446 Cnapheus,
1925 391 2025 431 seu

2148 371 2240 426 5πὸ
2266 371 2360 424 τοῦ
2397 369 2794 442 ματαιόφρονος
2825 370 3037 440 Πέτρου
3077 368 3170 424 τοῦ
3199 370 3452 439 κναφέως
3481 390 3718 446 γεγενη-

459 470 635 530 Fullo,
662 465 916 535 Trisagio
936 466 1136 536 hymno
1158 466 1383 536 adjecit,
1413 466 1636 537 impiam
1674 483 1799 525 esse
1829 467 2027 523 statui-

457 575 602 624 mus,
632 565 692 613 ut
724 571 845 628 quae
887 565 1140 626 quartam
1195 557 1420 612 inducat
1470 573 1781 629 personam,
1813 575 1876 613 ac
1933 559 2026 614 Dei

456 646 679 710 Filium,
720 646 997 700 vimillam
1031 647 1294 702 nimirum
1322 647 1504 702 Patris
1552 664 1682 704 vere
1717 649 2028 704 subsisten-

2134 461 2325 534 μένην,
2358 462 2679 534 βλάσφημον
2705 461 3024 533 ὁριζόμεθα,
3071 462 3148 526 ὡς
3176 463 3434 534 τέταρτον
3479 483 3714 536 παρεισ-

2133 553 2372 624 άγουσαν
2419 553 2732 624 πρόσωπον,
2763 551 2859 605 καὶ
2912 551 3190 622 άναμέρος
3213 552 3456 607 τιθεῖσαν
3501 555 3596 608 τὸν
3621 559 3714 610 τοῦ

2129 645 2266 700 Θεοῦ
2303 646 2451 713 Υίὺν,
2470 645 2571 718 τὴν
2589 645 2683 698 τοῦ
2715 645 2926 715 Πατρὸς
2954 645 3320 698 ἐνυπόστατον
3345 645 3607 716 δύναμιν,
3624 649 3718 700 καὶ

458 749 590 804 tem,
617 739 848 795 seorsim
879 739 1136 799 collocet.
1169 749 1224 794 et
1264 740 1497 795 seorsim
1522 754 1721 796 rursus
1749 755 1897 804 eum,
1932 739 2028 810 qui

2148 737 2404 808 ιναμέρος
2451 737 2544 790 τὸν
2576 735 2994 807 ἐσταυρωμένον
3049 734 3124 799 ὼς
3177 735 3338 790 ἄλλον
3387 737 3521 792 ὄντα
3560 743 3716 808 παρὰ

456 828 610 884 cruci
639 827 834 884 allixus
857 837 962 891 est,
1002 843 1065 882 ac
1100 829 1144 883 si
1175 830 1244 884 ab
1279 828 1375 883 illo
1415 829 1544 897 forti
1572 828 1826 885 diversus
1859 838 2028 893 esset,

459 919 546 974 vel
577 918 902 974 Trinitatem
931 929 1177 974 sanctam
1218 919 1462 989 passioni
1506 921 1801 975 obnoxiam
1835 920 2028 990 opine-

461 1018 569 1076 tur,
627 1008 950 1078 Patremque
985 1021 1048 1064 ac
1103 1008 1366 1077 Spiritum
1415 1018 1665 1064 sanctum
1721 1009 1777 1063 in
1811 1023 2031 1064 crucem

462 1108 607 1170 agat.
636 1097 831 1154 Procul
871 1100 943 1153 sit
971 1098 1290 1168 blasphema
1338 1099 1452 1153 hate
1481 1107 1537 1154 et
1572 1099 1880 1153 adulterina
1925 1114 2031 1152 nu-

462 1189 693 1258 gacitas.
726 1185 839 1242 Nos
885 1187 1089 1256 quippe
1123 1186 1282 1250 illud,
1315 1197 1531 1241 sanctus
1575 1187 1716 1241 Deus
1761 1187 1829 1241 de
1872 1187 2033 1242 Patre

462 1280 802 1348 accipimus:
838 1293 945 1333 non
976 1277 1123 1347 quod
1158 1277 1263 1347 ipsi
1297 1279 1399 1332 soli
1436 1278 1746 1334 divinitatis
1781 1279 2033 1350 assigne-

465 1385 586 1424 mns
615 1383 836 1424 nomen.
869 1367 1005 1422 Nam
1037 1376 1090 1422 et
1121 1367 1343 1434 Filium,
1373 1375 1429 1424 et
1471 1367 1736 1438 Spiritum
1777 1379 2031 1426 sanctum

469 1462 635 1516 Deum
669 1461 1038 1531 agnoscimus.
1071 1459 1259 1514 Itidem
1292 1459 1452 1526 illud,
1483 1471 1700 1515 sanctus
1731 1461 1909 1528 fortis,
1940 1461 2034 1516 Fi-

466 1553 542 1606 lio
566 1553 860 1607 tribuimus
889 1569 902 1606 :
931 1567 1041 1605 non
1073 1552 1219 1621 quod
1251 1551 1464 1607 Patrem
1501 1561 1556 1607 et
1597 1551 1862 1621 Spiritum
1907 1568 2036 1608 san~

467 1648 616 1693 etum
648 1640 850 1694 virtute
874 1639 1199 1707 spoliemus.
1228 1637 1307 1692 Ac
1343 1637 1581 1708 denique
1617 1639 1748 1694 illud
1771 1680 1786 1705 ,
1817 1651 2034 1696 sanctus

2129 828 2220 882 τὸν
2245 828 2520 898 ἰσχυρὸν,
2556 827 2590 898 ἦ
2623 827 2874 898 παθητὴν
2893 827 2992 897 τὴν
3022 826 3186 895 ἁγίαν
3220 826 3426 896 Τριὰδα
3458 827 3714 893 δοξάζου-

2134 935 2257 984 σαν,
2288 918 2382 972 καὶ
2425 916 2831 987 συσταυροῦσαν
2871 915 2950 987 τῷ
2999 914 3114 986 Υίῴ
3144 913 3237 968 τὸν
3282 915 3502 985 Πατέρα
3536 918 3634 970 καὶ
3658 919 3720 971 τὸ

2132 1008 2360 1080 Πνεῦμα
2390 1008 2450 1063 τδ
2487 1008 2662 1078 ἁγιον.
2700 1009 2916 1078 Ἀπαγε
2958 1007 3165 1079 ταύτην
3192 1010 3294 1080 τὴν
3333 1008 3665 1079 βλάσφημον
3701 1009 3716 1046 ι

2132 1103 2227 1156 καὶ
2245 1104 2670 1172 παρέγγραπτον
2704 1099 2995 1170 φλυαρίαν.
3042 1098 3236 1168 Ἡμεῖς
3265 1099 3373 1170 γὰρ
3412 1099 3476 1152 τὸ
3497 1139 3511 1160 ,
3551 1100 3722 1167 ἅγιος

2135 1193 2166 1244 ό
2204 1190 2367 1254 Θεὸς,
2401 1189 2494 1242 ἐπὶ
2524 1188 2618 1242 τοῦ
2664 1187 2878 1259 Πατρδς
2937 1186 3356 1258 ὲκλαμὸάνομεν
3382 1231 3396 1255 ,
3425 1188 3528 1240 οὐκ
3568 1188 3726 1257 αὐτῷ

2138 1281 2283 1352 μόνῳ
2306 1281 2366 1334 τὸ
2407 1279 2506 1350 τῆς
2560 1279 2815 1348 θεότητος
2849 1278 3200 1350 ἀφορίζοντες
3231 1279 3424 1348 ὄνομα,
3450 1278 3593 1332 άλλὰ
3625 1281 3724 1332 καὶ

2135 1375 2224 1430 τὸν
2261 1374 2391 1428 Υίδν
2418 1373 2550 1426 Θεὸν
2569 1373 2773 1433 εἰδότες
2791 1413 2806 1436 ,
2835 1372 2933 1425 καὶ
2963 1371 3023 1424 τὸ
3058 1370 3287 1441 Πνεῦμα
3313 1373 3374 1424 τὸ
3393 1372 3553 1439 ἆγιον
3575 1389 3591 1404 ο
3625 1372 3724 1425 καὶ

2136 1467 2216 1535 τὸ,
2248 1467 2415 1536 ἅγιος
2449 1464 2719 1534 ἰσχυρὸς,
2749 1463 2843 1516 ἐπὶ
2889 1463 2984 1516 τοῦ
3019 1463 3150 1517 Υίοῦ
3185 1463 3411 1531 τίθεμεν
3435 1504 3449 1526 ,
3473 1464 3578 1516 οὐκ
3617 1463 3724 1518 ἁπ-

2137 1557 2531 1629 αμφιεννύντες
2555 1558 2657 1626 τῆς
2693 1554 2875 1624 ἰσχύος
2904 1553 2995 1607 τὸν
3023 1553 3244 1625 Πατέρα
3279 1555 3376 1608 καὶ
3401 1554 3463 1607 τὸ
3494 1552 3724 1623 Πνεῦμα

2137 1651 2200 1704 τὸ
2222 1651 2413 1719 ἆγιον·
2446 1648 2540 1701 καὶ⁸
2588 1647 2670 1713 τὸ,
2698 1646 2866 1716 ἅγιος
2903 1645 3224 1711 ἀθάνατος,
3265 1647 3360 1699 ἐπὶ
3418 1645 3512 1698 τοῦ
3563 1645 3724 1714 ἁγίου

467 1732 824 1796 immortalis,
879 1731 1108 1802 Spiritui
1153 1739 1347 1794 sancto
1393 1732 1763 1790 ascribimus:
1825 1750 1933 1788 non
1978 1743 2036 1789 ut

2148 1741 2458 1812 Πνεύματος
2479 1741 2769 1809 τάττομεν,
2793 1740 2894 1792 οὐκ
2924 1739 3031 1802 ἔξω
3063 1739 3162 1808 τῆς
3203 1738 3507 1802 ἀθανασίας
3537 1739 3727 1792 τιθέν-

469 1820 684 1876 Patrem
721 1830 776 1878 et
815 1819 1012 1875 Filium
1062 1822 1133 1877 ab
1190 1823 1607 1877 immortalitate
1656 1825 2034 1892 excludamus,

470 1915 563 1970 sed
594 1921 652 1968 ut
674 1915 730 1968 in
758 1928 1092 1984 unaquaque
1120 1928 1353 1984 persona
1383 1914 1565 1969 omnia
1594 1915 1776 1970 divina
1815 1917 2038 1971 nomina

470 2005 800 2076 simpliciter
834 2013 889 2061 et
921 2005 1174 2060 absolute
1199 2021 1510 2074 sumamus,
1533 2007 1783 2063 divinum
1825 2009 2041 2064 scilicet

471 2093 794 2162 Apostolum
830 2093 1134 2159 imitantes,
1155 2093 1318 2162 cujus
1347 2094 1459 2149 haec
1485 2095 1650 2149 verba
1672 2105 1837 2151 sunt:
1872 2095 2040 2152 Nobis

473 2192 650 2238 antem
697 2200 832 2238 unus
864 2183 1001 2238 Deus
1048 2183 1228 2249 Pater,
1256 2199 1321 2238 ex
1367 2200 1468 2253 quo
1501 2188 1703 2250 omnia,
1760 2195 1810 2241 et
1849 2203 1942 2241 nos
1977 2201 2042 2241 ea:

474 2279 588 2346 ipso
615 2295 630 2344 ;
662 2287 709 2332 et
742 2292 877 2332 unus
944 2275 1201 2332 Dominus
1235 2277 1393 2346 Jesus
1445 2278 1712 2345 Christus,
1753 2295 1844 2348 per
1892 2297 2042 2350 quem

475 2369 674 2435 omnia,
713 2379 762 2423 et
803 2385 898 2424 nos
937 2385 1030 2438 per
1075 2370 1292 2438 ipsum:
1341 2371 1505 2440 219
1541 2382 1593 2426 et
1637 2388 1770 2426 unus
1810 2371 2044 2441 Spiritus

476 2469 714 2523 sanctus,
746 2460 796 2513 in
823 2476 925 2530 quo
961 2462 1160 2526 omnia,
1205 2471 1255 2517 et
1308 2478 1404 2517 nos
1450 2464 1504 2516 in
1568 2464 1766 2526 ipso".
1803 2463 2047 2535 Itemque

475 2550 867 2620 Gregorium"
922 2551 1078 2608 illum
1134 2553 1470 2625 Thcologum
1505 2555 1572 2609 ad
1615 2556 1764 2611 hunc
1823 2557 2046 2612 modum

479 2643 826 2713 loquentem:
853 2642 1022 2702 Nobis
1059 2657 1233 2702 autem
1264 2664 1398 2702 unus
1437 2648 1579 2703 Deus
1618 2649 1803 2712 Pater,
1851 2666 1916 2704 ea:
1949 2668 2049 2722 quo

479 2737 691 2806 omnia;
726 2746 776 2792 et
803 2753 940 2792 unus
968 2737 1225 2793 Dominus
1259 2738 1420 2795 Jesus
1455 2740 1720 2804 Christus,
1767 2760 1860 2813 per
1898 2760 2051 2815 quem

479 2828 768 2894 omnia;et
795 2846 934 2884 unus
975 2829 1212 2898 Spiritus
1255 2842 1474 2886 sanctus
1499 2871 1512 2898 ,
1561 2834 1626 2886 in
1659 2851 1763 2904 quo
1831 2836 2050 2890 omnia:

481 2919 568 2974 his
600 2921 835 2984 vocnlis,
865 2937 930 2974 ea:
951 2937 1074 2991 quo,
1094 2938 1186 2989 per
1217 2939 1392 2992 quem,
1424 2932 1479 2977 et
1507 2925 1560 2976 in
1598 2941 1722 2994 quo,
1757 2940 1865 2980 non
1900 2926 2051 2980 scin-

479 3008 740 3066 dentibus
765 3020 989 3068 naturas
1013 3013 1213 3082 (neque
1237 3014 1384 3066 enim
1405 3014 1610 3082 alioqui
1635 3016 2052 3083 praepositiones

481 3101 610 3167 illae,
645 3108 742 3155 aut
767 3102 1050 3157 nominum
1089 3103 1317 3159 ordines
1374 3119 1616 3172 unquam
1663 3108 2050 3175 mutarentur),

479 3209 671 3248 verum
727 3193 893 3250 unius
939 3210 1003 3249 ac
1052 3193 1357 3250 inconfuste
1415 3205 1624 3250 natum
1685 3199 2052 3266 proprietates

480 3284 938 3354 cxprimentibus.
961 3284 1131 3356 ldque
1167 3287 1340 3356 liquet
1365 3301 1430 3340 ex
1459 3301 1526 3340 eo
1581 3292 1728 3358 quod
1764 3305 1956 3344 rursus
1999 3291 2050 3342 in

482 3392 650 3431 unum
702 3377 1065 3447 colliguntur,
1115 3377 1161 3432 si
1207 3377 1370 3432 modo
1411 3379 1683 3447 quispiam
1730 3379 1862 3432 illud
1909 3382 2052 3449 apud

381 3535 386 3541 ι
480 3468 803 3537 Apostolunt
862 3467 1007 3522 haud
1063 3469 1404 3539 negligenter
1463 3469 1644 3538 legat:
1681 3467 1762 3520 Ex
1815 3471 1950 3533 ipso.
2003 3481 2053 3526 et

480 3575 572 3628 per
598 3559 793 3628 ipsum,
831 3568 881 3614 et
915 3561 968 3613 in
993 3561 1106 3628 ipso
1139 3569 1261 3614 sunt
1291 3558 1618 3626 omnia,ipsi
1646 3559 1820 3628 gloria
1866 3562 1918 3614 in
1949 3578 2053 3616 sae-

480 3647 604 3701 cula
626 3649 963 3703 surculorum.
983 3652 1150 3704 Amen
1169 3650 1237 3704 ⁷⁸.

551 3736 689 3792 Nam
715 3739 859 3808 quod
893 3754 1002 3793 non
1029 3739 1097 3794 de
1135 3739 1277 3794 Filio
1303 3738 1574 3794 duntaxat
1596 3741 1664 3805 ⁸ο,
1700 3739 1794 3794 sed
1825 3740 1890 3794 de
1931 3756 2056 3796 san-

483 3837 574 3885 cta
619 3828 892 3886 Trinitate
930 3830 1113 3885 dictus
1145 3831 1218 3887 sit
1263 3838 1348 3888 ter
1391 3835 1618 3888 sanctns
1664 3832 1922 3902 hymnus,
1978 3841 2058 3888 te.

483 3930 702 3976 stantur
726 3920 951 3976 divinus
987 3936 1260 3993 sacerque
1293 3922 1635 3978 Athanasius
1659 3963 1673 3984 ,
1707 3921 1971 3990 Basilius,
2003 3932 2058 3980 et

484 4012 803 4084 Gregorius,
842 4027 906 4070 ac
932 4021 1084 4070 totus
1123 4013 1348 4070 Patrum
1377 4030 1406 4069 a
1435 4015 1546 4070 Deo
1583 4015 1888 4071 alllatorum
1917 4018 2055 4074 cbo-

487 4120 584 4161 rus
612 4122 628 4172 ;
663 4121 858 4177 nempe
883 4105 1029 4178 quod
1056 4115 1248 4162 sancta
1271 4107 1362 4162 illa
1397 4106 1688 4178 Seraphim
1718 4123 1816 4178 per
1852 4109 2052 4167 trinam

2137 1853 2227 1899 τες
2256 1835 2350 1888 τὸν
2390 1833 2610 1904 Πατέρα
2643 1833 2736 1885 καὶ
2767 1832 2858 1884 τὸν
2906 1830 3058 1894 Υἱὸν,
3091 1830 3209 1885 ἁλλ’
3232 1831 3316 1898 ἐφ’
3349 1832 3592 1901 ἑκάστης
3615 1830 3727 1883 τῶν

2139 1924 2489 1978 ὑποστάσεων
2516 1923 2697 1984 πάσας
2748 1920 2845 1984 τὰς
2892 1920 3200 1990 θεωνυμίας
3226 1920 3417 1982 ἁπλῶς
3459 1921 3557 1974 καὶ
3587 1921 3726 1974 ἁπο-

2139 2015 2313 2078 λύτως
2337 2012 2796 2084 ἐκλαμϐάνοντες,
2833 2011 2930 2064 καλ⁵
2977 2011 3071 2063 τὸν
3099 2011 3244 2064 θεῖον
3281 2011 3612 2064 ’Δπὸστολον
3634 2011 3730 2063 ὲκ-

2145 2106 2475 2178 μιμούμενοι
2504 2147 2519 2172 ,
2555 2104 2838 2174 φάσκοντα
2865 2119 2880 2134 ο
2933 2101 3108 2172 Ἡμῖν
3138 2103 3208 2158 δὲ
3251 2098 3337 2168 εἷς
3370 2105 3511 2166 Θεὸς
3542 2106 3575 2156 ό
3613 2101 3734 2155 Πά-

2142 2197 2274 2266 τὴρ,
2300 2197 2369 2261 ἐξ
2402 2192 2474 2252 οὗ
2509 2196 2580 2249 τὰ
2601 2194 2818 2260 πάντα,
2843 2193 2942 2247 καὶ
2966 2193 3138 2262 ἡμεῖς
3169 2194 3240 2258 ἐξ
3274 2193 3492 2248 αὐτοῦ’
3516 2192 3619 2246 καί
3642 2186 3733 2256 εἷς

2146 2292 2359 2359 Κύριος
2407 2286 2644 2354 Ἰησοῦς
2694 2284 2970 2353 Χριστὸς,
3019 2284 3094 2338 δι’
3125 2280 3198 2341 οὗ
3249 2286 3320 2338 τὰ
3360 2285 3600 2346 πάντα,
3630 2288 3729 2339 καὶ

2148 2380 2320 2449 ἡμεῖς
2347 2378 2424 2431 δι’
2443 2377 2630 2432 αὑτοῦ
2669 2392 2683 2407 ·
2717 2377 2814 2430 καί
2862 2376 2933 2429 ἐν
2965 2377 3210 2445 Πνεῦμα
3253 2376 3454 2446 ἅγιον,
3482 2377 3552 2430 ἐν
3581 2371 3632 2443 ᾧ
3661 2377 3734 2430 τὰ

2149 2472 2345 2526 πάντα
2372 2469 2470 2524 καὶ
2502 2468 2674 2538 ἡμεῖς
2699 2469 2769 2522 ὲν
2795 2466 3034 2533 αὐτῷιη.
3068 2468 3144 2522 Οὐ
3193 2468 3302 2538 μὴν
3343 2467 3480 2521 ἀλλά
3505 2467 3604 2520 καὶ
3638 2469 3734 2520 τὸν

2149 2562 2408 2630 Θεολὸγον
2439 2559 2759 2630 Γρηγόριον,
2779 2556 2882 2613 ὦδέ
2932 2577 3007 2629 πη
3039 2559 3267 2627 λέγοντα
3288 2576 3301 2588 ·
3341 2557 3518 2627 Ἡμῖν
3546 2559 3618 2612 δὲ
3645 2555 3736 2624 εἷς

2154 2652 2297 2718 Θεὸς
2327 2653 2360 2705 ό
2409 2649 2630 2718 Πατὴρ,
2665 2649 2734 2714 ἐξ
2763 2645 2834 2705 οὗ
2892 2649 2964 2702 τὰ
3001 2648 3202 2702 πάντα
3221 2687 3237 2711 ,
3267 2649 3365 2702 καὶ
3397 2643 3486 2714 εἷς
3517 2649 3736 2716 Κύριος

2164 2743 2403 2811 Ἰησοῦς
2424 2739 2786 2810 Χριστὸς,δι’
2817 2735 2890 2796 οὗ
2922 2739 2995 2793 τὰ
3029 2739 3246 2805 πάντα,
3267 2738 3364 2792 καὶ
3391 2737 3462 2791 ἐν
3487 2737 3735 2806 Πνεῦμα

2153 2835 2344 2904 ἅγιον,
2376 2835 2444 2887 ἐν
2462 2827 2510 2901 ᾧ
2541 2831 2614 2886 τὰ
2636 2830 2864 2896 πάντα,
2885 2829 3002 2898 τοῦ,
3031 2831 3100 2894 ἐξ
3124 2825 3219 2895 οὗ,
3251 2831 3366 2896 καὶ,
3390 2829 3464 2882 δι’
3485 2824 3585 2892 οὗ,
3617 2831 3732 2892 καὶ,

2154 2925 2223 2978 ἑν
2243 2918 2312 2992 ᾧ,
2355 2924 2429 2994 μὴ
2479 2923 2671 2992 φύσεις
2714 2921 3052 2991 τεμνόντων·
3086 2919 3210 2974 οὐδὲ
3239 2919 3349 2990 γὰρ
3395 2920 3464 2973 ἂν
3507 2921 3738 2990 μετέπι-

2157 3033 2288 3069 πτον
2319 3017 2374 3068 αί
2402 3013 2712 3084 προθέσεις,
2744 3012 2778 3082 ἦ
2803 3013 2858 3065 αί
2901 3011 3083 3077 τάξεις
3115 3009 3225 3064 τῶν
3260 3010 3576 3079 ὀνομάτων·
3599 3011 3740 3065 ἀλλὰ

2155 3105 2672 3178 χαρακτηριζόντων
2699 3105 2828 3174 μιᾶς
2850 3103 2944 3157 καὶ
2963 3101 3276 3172 ἁσυγχύτου
3294 3101 3511 3170 φύσεως
3540 3103 3737 3172 ἰδιότη-

2155 3217 2252 3261 τας
2274 3216 2287 3229 ·
2318 3197 2413 3250 καὶ
2437 3195 2597 3252 τοῦτο
2617 3195 2778 3266 δῆλον
2796 3194 2858 3260 ἐξ
2889 3187 2964 3249 ὧν
2993 3196 3073 3256 είς
3099 3194 3158 3246 ἓν
3190 3193 3516 3261 συνάγονται
3549 3194 3736 3256 πάλιν,

2155 3292 2203 3342 εξ
2243 3289 2318 3357 τῷ
2351 3288 2425 3358 μὴ
2452 3288 2746 3359 παρέργως
2771 3289 2948 3340 ἐκεῖνο
2983 3285 3419 3353 ἀναγινώσκεται
3461 3287 3619 3357 παρὰ
3659 3289 3740 3357 τῷ

2156 3381 2308 3449 αὐτῷ
2343 3380 2671 3449 ’Λποστόλῳ,
2705 3378 2768 3432 τὸ
2796 3419 2812 3444 ,
2836 3379 2905 3444 ἐξ
2953 3377 3140 3432 αὐτοῦ
3161 3417 3176 3440 ,
3205 3377 3299 3430 καὶ
3324 3378 3398 3429 δι’
3420 3379 3614 3432 αὑτοῦ
3647 3380 3740 3431 καὶ

2157 3474 2225 3524 ἐν
2261 3470 2421 3537 αὺτῷ
2460 3469 2533 3524 τὰ
2570 3469 2796 3524 πάντα·
2831 3469 2989 3536 αὐτῷ
3034 3468 3185 3535 δόξα
3217 3471 3305 3536 είς
3339 3469 3482 3536 τοὺς
3513 3470 3742 3537 αἰῶνας

2159 3562 2279 3617 τῶν
2311 3563 2561 3618 αἰώνων.
2593 3562 2788 3634 Ἀμήν.

2233 3745 2354 3799 Ὀτι
2383 3744 2493 3816 γάρ
2525 3743 2623 3798 οὐκ
2655 3744 2735 3808 εἰς
2764 3743 2856 3795 τὸν
2878 3742 3007 3795 Υίδν
3038 3742 3198 3814 μόνον
3223 3742 3474 3796 λέλεκται
3508 3742 3570 3794 τὸ
3588 3760 3738 3813 τρισε

2163 3838 2340 3906 ἁγιον,
2366 3837 2480 3890 ἀλλ’
2505 3836 2585 3900 είς
2607 3835 2708 3907 τὴν
2734 3835 2898 3904 ἁγίαν
2918 3834 3148 3906 Τριάδα,
3175 3835 3383 3906 μάρτυς
3410 3837 3438 3888 ὁ
3478 3833 3622 3897 θεῖος
3647 3835 3744 3887 καὶ

2165 3928 2308 3998 ἱερὸς
2343 3925 2680 3990 Ἀθανὰσιος,
2714 3924 2994 3988 Βασίλειός
3027 3941 3087 3976 τε
3113 3963 3129 3986 ,
3153 3925 3248 3976 καὶ
3293 3923 3620 3994 Γρηγὸριος,
3646 3925 3744 3977 καὶ

2165 4021 2272 4083 πᾶς
2297 4021 2325 4073 ὁ
2345 4018 2452 4072 τῶν
2485 4017 2762 4089 θεοφόρων
2795 4017 3056 4088 Πατέρων
3086 4017 3272 4087 χορόςο
3301 4017 3494 4088 ὅτιπερ
3522 4015 3615 4068 διά
3643 4017 3744 4085 τῆς

2160 4114 2391 4185 τρισσῆς
2410 4110 2718 4182 ἁγιότητος,
2741 4109 2842 4174 τὰς
2868 4111 3019 4182 τρεῖς
3055 4109 3155 4180 τῆς
3181 4108 3511 4179 ῦπερουσίου
3545 4105 3743 4176 θεότη-

561 4287 606 4320 "
636 4287 806 4345 lCor.
835 4301 951 4354 vni,
986 4287 1040 4344 5.
1131 4285 1180 4320 ’⁸
1203 4284 1356 4343 Orat.
1387 4286 1479 4342 39.
1534 4287 1580 4319 "
1615 4285 1774 4343 Rom.
1808 4303 1887 4355 si,
1915 4288 2004 4344 56.
2099 4288 2145 4322 ⁸⁸
2181 4287 2305 4346 Vid.
2335 4287 2502 4360 epist.
2547 4285 2616 4344 ad
2638 4284 2866 4343 Jordan.

1801 4442 2034 4500 VARIA‘I
2064 4443 2465 4501 LECTIONES.

596 4534 614 4574 ι
677 4533 856 4606 Regg.
914 4536 947 4589 4
1005 4537 1103 4606 τὴν
1166 4553 1424 4606 τοιο.την
1487 4534 1859 4606 βλασφημίαν.
1908 4533 2184 4606 8.,3924
2256 4535 2420 4590 habet

2508 4536 2857 4608 βλασφημίαν
2889 4574 2908 4608 ,
2969 4534 3050 4591 sic
3092 4542 3284 4608 _ve_tns
3346 4535 3603 4608 Aittlcl'pr.
3685 4545 3743 4608 et

486 4603 659 4676 faber
686 4603 1069 4670 btdsiilmmiam
1098 4603 1422 4674 posuerunt.
1489 4603 1539 4645 ω
1571 4603 1855 4676 Ηωόηιιιιξ
1883 4606 1951 4661 ad
1979 4604 2246 4676 Spiritum
2266 4603 2532 4676 sanctum
2571 4603 2840 4675 spectant.
2867 4607 3068 4662 desunt
3091 4604 3147 4659 in
3179 4603 3311 4674 Reg.
3339 4604 3483 4660 2950
3509 4616 3561 4659 et
3595 4607 3742 4674 apud

486 4673 713 4729 Paulum
747 4678 767 4730 1
796 4677 926 4732 Cor.
981 4693 1118 4741 vni;
1161 4678 1419 4746 leguntur
1451 4678 1506 4732 in
1553 4675 1678 4746 aliis
1723 4673 1882 4731 codd.
1935 4684 1990 4732 et
2023 4673 2190 4746 'apud

485 4754 628 4801 orat.
653 4747 744 4812 59,
785 4762 886 4803 nec
926 4763 1032 4802 non
1059 4746 1200 4817 apud
1221 4744 1531 4817 ipsummet
1572 4744 1971 4802 Damascenum
1998 4746 2055 4801 in

2287 4677 2526 4739 asilinm,
2574 4677 2650 4733 De
2689 4676 2878 4747 Spirit.
2939 4685 3121 4747 sancto
3180 4684 3235 4729 et
3284 4676 3426 4747 apud
3479 4676 3741 4732 Nasianz.

2130 4746 2391 4813 arallelis,
2419 4756 2473 4802 et
2497 4748 2654 4804 alibi.
2683 4745 2871 4818 Neque
2900 4746 2988 4802 hic
3013 4753 3171 4802 erant
3201 4745 3525 4801 omittenda.

1987 4887 2218 4946 NOTAE.

1987 4887 2031 4943 N
2083 4889 2125 4944 τ
2203 4931 2218 4946 .

485 4983 633 5038 mius
669 4981 1051 5056 Antiochenus
1069 4980 1522 5056 apnduPhotium,
1559 4984 1684 5056 coll.
1719 4983 1846 5056 226,
1865 4887 2079 5056 cauti?
2094 4888 2399 5056 Dgyriaco
2427 4981 2779 5056 Alexandrini
2819 4997 3019 5056 nomen
3063 4996 3178 5056 non
3223 4979 3453 5056 legatur.
3494 4979 3741 5056 Dubium

483 5068 610 5109 cum
672 5050 820 5110 istud
855 5052 925 5105 ab
962 5050 1331 5107 Orientalibus
1363 5063 1533 5109 totum
1565 5053 1756 5108 referri
1774 5053 1841 5108 ad
1865 5051 2063 5106 Filium

485 5123 840 5194 tradit;ghoc_
877 5130 964 5194 est
1017 5121 1086 5176 ab
1138 5121 1403 5194 Ecclesiis
1468 5124 1813 5194 Antiocheno
1842 5122 2062 5194 presuli

487 5192 772 5276 subjectis.
806 5191 952 5276 Quin
1005 5207 1107 5276 nec
1136 5193 1212 5276 ita
1244 5193 1771 5276 pridem_Calendio,
1801 5191 1900 5276 qui
1935 5192 2063 5276 littl-

489 5263 598 5316 Ioui
649 5265 983 5333 subrogatus
1014 5261 1214 5327 fuerat,
1246 5261 1305 5318 ut
1333 5265 1767 5320 additamentum
1820 5261 1951 5318 illud
2004 5263 2060 5318 in

488 5333 684 5388 bonam
739 5342 950 5404 partem
995 5333 1340 5404 traheretur,
1378 5336 1495 5391 haec
1540 5336 1645 5404 alia
1693 5333 1860 5390 verba
1919 5333 2062 5404 inte-

488 5404 662 5458 texuit
695 5421 709 5457 :
742 5393 953 5475 ’Χριστὲ
1005 5403 1226 5475 βασιλεῦ
1260 5448 1275 5472 ,
1303 5393 1514 5461 Christe
1553 5393 1681 5468 Rex,
1728 5406 1818 5475 qui
1847 5403 2062 5475 cruciﬁ-

486 5480 760 5550 xuslctc.
799 5473 977 5550 Guido
1007 5473 1304 5550 Fabricius
1361 5473 2062 5550 Boderianus_'Antver_piaa

486 5540 661 5598 edidit
709 5544 932 5616 Syriaco
981 5555 1036 5599 et
1087 5544 1278 5601 Latine
1326 5547 1573 5616 quzcdatn
1603 5546 1668 5600 ad
1704 5540 1976 5616 Baptismi
2008 5553 2063 5598 et

486 5613 918 5685 safcraAsy‘nasis
981 5616 1121 5685 ritus
1170 5613 1497 5685 pertinentia
1530 5657 1543 5680 ,
1579 5632 1678 5672 cen
1736 5613 1913 5670 severi
1961 5630 2058 5682 pa-

484 5679 740 5739 triarcha;
791 5683 1138 5741 Alexandrini
1172 5679 1376 5756 'essent,
1411 5679 1538 5742 cum
1584 5695 1766 5744 tamen
1806 5687 1862 5741 in
1909 5679 2060 5740 textu

2166 5051 2276 5111 non
2306 5064 2390 5110 est
2416 5054 2549 5124 quin
2576 5054 2824 5124 Severus
2842 5053 2946 5107 iste
2965 5051 3340 5124 Antiochenus
3370 5051 3746 5124 sitLSeveria-

2165 5140 2362 5196 norum
2422 5119 2698 5196 princeps.
2733 5122 3022 5196 Enimvero
3060 5122 3140 5196 ad
3200 5119 3744 5196 calcemj‘risagius

2164 5195 2404 5267 hymnus
2420 5189 2542 5267 cum
2563 5189 2841 5267 additioné
2868 5194 2948 5246 sic
2986 5192 3252 5267 habetur:
3277 5189 3746 5259 Ctoriﬁcatio‘an—

2164 5261 2424 5337 gelorum,
2438 5264 2565 5318 dum
2585 5264 2981 5333 cruciﬁgeretur
3003 5261 3260 5324 Dominus
3278 5270 3483 5314 noster:
3505 5277 3746 5337 S.\_NCTU_S

2159 5330 2314 5399 ﬁsus,
2344 5349 2578 5390 smcrus
2621 5330 2835 5396 ron‘rts,
2873 5348 3108 5387 SANCTUS
3150 5345 3500 5385 IIIOBTALIS.
3539 5330 3740 5397 Ioseph

2159 5418 2210 5461 et
2237 5406 2554 5460 Nicodamus
2587 5403 2834 5458 dixerunt
2853 5418 2972 5466 τρυε
3003 5417 3322 5457 cnucurtxvs
3352 5417 3413 5455 es
3440 5417 3544 5455 ιιιιο
3563 5416 3743 5465 NOBIS,

2162 5490 2424 5532 mssasnt:
2450 5490 2624 5530 NOBIS.
2662 5473 2815 5528 Unde
2849 5474 3077 5540 colligas
3109 5473 3380 5542 liturgiam
3408 5473 3553 5542 lianc
3584 5471 3748 5526 Jac"-

2162 5548 2401 5602 bitat-um
2447 5545 2938 5602 chct'iauorumvc
3001 5543 3175 5599 luisse
3202 5583 3215 5607 ,
3252 5541 3372 5597 non
3431 5541 3748 5597 Catholij

2162 5633 2304 5673 rum.
