3950 6304
8 807 26 986 Ξ

27 1437 32 1500 ξ

25 1513 34 1628 i

27 1643 32 1698 ε

27 1703 36 1758 ἱ

27 1767 36 1808 ἱ

553 271 689 340 um
1763 278 1823 340 s.
1851 255 2173 340 JOANNIS
2211 277 2641 343 DAMASCENI
3219 241 3224 247 ’
3658 278 3808 348 ποίει

546 386 778 439 humana
795 396 1013 440 natura.
1047 383 1198 442 Verbi
1227 395 1446 452 natura,
1486 385 1612 458 quid
1659 386 1980 456 proprie.'—
2003 384 2108 441 Na-

2217 386 2418 458 ἑαυτὴν
2451 389 2560 460 γὰρ
2589 389 2687 460 οὑχ
2742 389 3082 462 ὑφέστηκεν
3113 389 3152 462 ἦ
3174 387 3366 452 κοινῶς
3403 389 3464 444 ὲν
3497 392 3635 446 πᾶσι
3677 397 3806 457 ταῖς

545 487 688 545 tura,
721 480 806 534 vel
837 479 952 535 sola
972 480 1308 552 cogitatione
1333 479 1722 536 consideratur
1741 482 1944 550 (neque
1965 478 2113 536 enim

544 585 642 640 per
661 584 720 624 se
752 569 1050 641 subsistit),
1081 571 1168 626 vel
1196 572 1565 628 communiter
1597 571 1654 626 in
1676 571 1935 626 omnibus
1964 569 2114 640 ejus-

541 659 667 713 dem
697 660 900 730 speciei
933 662 1208 730 personis,
1242 670 1304 717 ut
1334 663 1592 719 videlicet
1618 677 1714 719 eas
1767 661 2059 732 coniungit
2094 677 2110 727 ;

543 761 608 802 ac
640 755 754 802 tum
795 748 998 804 dicitur
1032 750 1090 806 in
1128 753 1314 822 specie
1345 752 1699 808 considerata
1728 761 1927 807 natura
1955 768 1970 806 :
2016 757 2114 806 aut

543 840 598 895 in
640 848 813 894 totum
844 841 1036 897 eadem
1075 842 1195 913 ipsa
1221 857 1344 898 cum
1372 843 1674 914 assumptis
1701 842 2109 908 accidentibus,

543 929 598 984 in
631 947 738 985 una
775 948 1055 1002 persona;
1091 934 1404 1006 diciturque
1429 936 1486 992 in
1517 936 1804 992 individuo
1855 933 2114 990 conside-

544 1032 658 1076 rata
690 1031 909 1092 natura,
941 1041 1062 1096 qua:
1108 1034 1290 1082 tamen
1318 1028 1508 1083 eadem
1559 1036 1647 1084 est
1688 1043 1753 1084 ac
1789 1042 1852 1082 ea
1878 1041 1999 1097 qua:
2055 1026 2110 1080 in

547 1118 736 1184 specie
761 1117 1164 1174 consideratur.
1195 1119 1388 1190 Itaque
1419 1119 1860 1186 Deus'Verbum,
1887 1136 2111 1178 carnem

547 1220 856 1272 assumens,
899 1224 1000 1264 nec
1025 1218 1279 1266 naturam
1307 1227 1429 1282 quae
1459 1213 1575 1269 sola
1608 1212 1947 1283 cogitatione
1976 1227 2115 1268 con-

545 1294 800 1364 spicitur,
823 1297 1034 1368 accepit
1063 1298 1268 1370 (neque
1287 1301 1437 1355 enim
1461 1301 1565 1356 hoc
1587 1302 1896 1358 incarnatio
1928 1303 2111 1367 fuerit,

547 1387 644 1441 sed
674 1387 973 1456 impostura
1012 1397 1066 1445 et
1099 1391 1499 1450 incarnationis
1556 1393 1753 1465 larva),
1785 1408 1966 1464 neque
1994 1409 2113 1450 eam

546 1491 671 1546 qua:
709 1478 762 1532 in
787 1479 972 1548 specie
994 1481 1336 1550 conspicitur
1361 1483 1493 1554 (non
1520 1485 1666 1538 enim
1698 1499 1966 1554 personas
1991 1499 2115 1540 om-

548 1584 648 1625 nes
674 1571 1016 1642 assumpsit),
1035 1588 1225 1628 verum
1255 1575 1402 1628 illam
1428 1576 1651 1630 demum
1677 1591 1798 1646 qua:
1825 1575 1880 1630 in
1919 1575 2118 1630 indivi-

545 1660 660 1715 duo
695 1667 798 1726 est,
832 1662 1196 1718 eamdemmet
1226 1679 1290 1719 ac
1307 1680 1373 1720 ea
1403 1681 1526 1737 quia
1555 1675 1641 1723 est
1674 1667 1730 1722 in
1755 1666 1940 1738 specie
1975 1665 2113 1737 (pri-

2215 479 2522 550 όμοειδέσιν
2559 481 2897 536 ὑποστάσεσι
2941 480 3146 545 ταύτας
3176 482 3546 546 συνάπτουσα,
3575 483 3674 537 καὶ
3715 483 3807 536 λέ-

2213 587 2374 639 γεται
2401 573 2461 624 ἐν
2505 569 2584 640 τῷ
2620 569 2753 624 εἴδει
2807 555 3163 642 θεωρουμένη
3208 571 3408 640 φύσις·
3440 571 3474 642 ἢ
3509 572 3720 636 όλικῶς
3772 576 3808 642 ή

2214 660 2354 732 αὑτὴ
2375 661 2434 714 ὲν
2457 660 2762 732 προσλήψει
2795 660 3242 732 συμϐεϐηκότων,
3261 663 3321 715 ὲν
3347 659 3447 732 μιᾷ
3470 662 3809 727 ὑποστάσει,

2217 751 2312 806 καὶ
2361 751 2581 820 λέγεται
2628 752 2687 805 ἐν
2729 751 2920 823 ἀτόμῳ
2966 751 3317 823 θεωρουμένη
3359 753 3543 822 φύσις,
3574 753 3612 824 ἡ
3661 754 3809 824 αὐτή

2214 837 2347 898 οὖσα
2370 846 2436 915 τῇ
2465 845 2526 898 ὲν
2553 843 2634 914 τῷ
2666 843 2798 898 εἴδει
2825 843 3177 917 θεωρουμένῃ
3197 855 3225 896 P
3248 861 3261 873 °
3285 846 3314 898 ό
3337 840 3430 900 οὗν
3462 845 3601 909 Θεὸς
3623 845 3810 914 Λόγος

2217 934 2545 1005 σαρκωθεὶς,
2579 933 2703 988 οὑτε
2751 934 2852 1006 τὴν
2897 936 2956 988 ὲν
2988 937 3055 1006 τῇ
3088 934 3234 1007 ψιλῇ
3263 934 3468 1006 θεωρίᾳ
3498 951 3808 990 κατανοου-

2217 1025 2387 1097 μένην
2417 1024 2580 1096 φύσιν
2611 1025 2910 1079 ἀνέλαϐενυ
2943 1027 3004 1080 οὑ
3027 1026 3142 1098 γάρ
3163 1027 3443 1098 σάρκωσις
3480 1027 3668 1094 τοῦτο,
3681 1028 3808 1081 ἀλλ’

2213 1115 2396 1184 ἀπάτη
2421 1114 2513 1168 καὶ
2543 1114 2771 1184 πλάσμα
2817 1114 3148 1188 σαρκώσεως
3171 1131 3187 1146 ο
3219 1113 3344 1168 οὔτε
3374 1115 3475 1186 τὴν
3501 1117 3560 1168 ὲν
3598 1116 3680 1185 τῷ
3725 1116 3806 1170 εἴ·

2213 1203 2293 1257 δει
2343 1204 2770 1275 θεωρουμένην·
2803 1205 2864 1258 οὑ
2921 1203 3033 1276 γὰρ
3089 1205 3272 1269 πάσας
3316 1205 3416 1270 τάς
3463 1207 3804 1270 ὑποστάσεις

2215 1292 2474 1348 ἀνέλαϐεν
2497 1334 2513 1359 ,
2540 1293 2674 1348 ἀλλὰ
2717 1293 2819 1366 τὴν
2863 1295 2923 1349 ἐν
2954 1295 3166 1366 ἀτόμῳ,
3199 1294 3300 1366 τὴν
3329 1295 3501 1367 αὑτὴν
3529 1290 3704 1349 οὖσαν
3733 1300 3801 1367 τῇ

2213 1387 2274 1438 ὲν
2315 1385 2394 1455 τῷ
2443 1385 2606 1440 εῖδει·
2639 1385 2898 1457 ἀπαρχὴν
2933 1387 3044 1457 γάρ
3089 1386 3321 1441 ἀνέλαϐε
3370 1385 3466 1441 τοῦ
3521 1388 3802 1458 ἡμετέρου

2217 1477 2555 1548 φυράματος,
2584 1477 2644 1529 οὑ
2672 1476 2796 1530 καθ’
2833 1477 3034 1548 ἑαυτὴν
3083 1475 3399 1530 ὑποστάσαν
3420 1515 3436 1539 ,
3461 1477 3559 1529 καὶ
3593 1477 3803 1547 ἄτομον

2215 1565 2636 1637 χρηματίσασαν
2665 1565 3070 1637 πρότερον,’κα1.
3096 1565 3270 1629 οὕτως
3304 1565 3401 1618 ὑπ’
3416 1565 3588 1620 αὑτοῦ
3625 1583 3803 1636 προσ-

2214 1655 2534 1727 ληφθεῖσαν,
2557 1653 2671 1708 ἀλλ’
2703 1655 2764 1706 ὲν
2795 1656 2862 1724 τῇ
2909 1652 3072 1707 αὑτοῦ
3119 1654 3418 1708 ὑποστάσει
3450 1655 3802 1725 ὑπάρξασαν.

547 1751 732 1807 mitias
760 1753 904 1807 enim
951 1762 1154 1820 nostrai
1203 1736 1800 1829 οιιτιιὶεέιιεειιιιιρείι),
1823 1773 1933 1813 non
1987 1736 2114 1828 quae

2217 1745 2365 1817 Αὑτη
2406 1745 2516 1816 γὰρ
2543 1747 2576 1814 ἠ
2617 1745 2916 1808 ὑπόστασις
2945 1744 3042 1798 τοῦ
3095 1744 3233 1798 Θεοῦ
3262 1745 3440 1814 Λόγου
3470 1746 3698 1813 ἐγένετο
3735 1749 3802 1815 τῇ

546 1843 777 1898 sem-sim
814 1843 871 1898 in
907 1859 967 1900 se
997 1855 1052 1900 et
1101 1847 1446 1902 individuum
1497 1851 1650 1918 prius
1688 1849 1873 1915 fuerit,
1899 1857 2118 1920 postea-

543 1949 652 2002 que
681 1934 751 1989 ab
780 1950 845 1990 eo
874 1943 1159 2005 assumpta
1189 1936 1284 2004 sit,
1321 1937 1418 1993 sed
1445 1954 1570 2009 qua:
1593 1939 1646 1994 in
1675 1939 1854 2009 ipsius
1877 1954 2114 2007 persona

543 2027 842 2081 exstiterit.
871 2025 981 2081 Hac
1003 2042 1172 2097 porro
1204 2030 1440 2096 ratione,
1484 2028 1706 2085 Verbum
1755 2047 1883 2086 caro
1915 2031 2116 2097 factum

543 2124 622 2169 est
653 2115 718 2180 “,
755 2115 876 2170 sine
917 2116 1026 2172 ulla
1059 2119 1467 2186 conversione;
1499 2134 1742 2190 caroque
1795 2121 1949 2187 item,
1982 2119 2119 2176 Ver-

545 2201 673 2255 bum
700 2202 837 2256 citra
874 2205 1254 2270 mulationem,
1281 2215 1334 2261 et
1355 2205 1524 2273 Deus,
1549 2206 1735 2262 homo.
1780 2205 1924 2262 Deus
1965 2207 2112 2262 enim

543 2300 628 2346 est
652 2289 913 2357 Verbum,
941 2302 995 2348 et
1022 2292 1210 2360 homo,
1236 2293 1401 2359 Dens,
1426 2296 1495 2350 ob
1528 2296 1933 2368 hypostatieam
1959 2297 2114 2352 unio-

545 2396 691 2436 nem.
724 2381 867 2438 ldem
901 2383 1072 2453 igitur
1097 2392 1182 2442 est
1215 2387 1384 2442 Verbi
1421 2395 1674 2443 naturam
1703 2389 1910 2452 dicere,
1949 2397 2115 2460 atque

544 2482 797 2528 naturam
825 2475 973 2530 illam
1000 2493 1122 2547 quze
1155 2477 1211 2532 in
1271 2477 1555 2535 individuo
1586 2488 1690 2537 est.
1738 2480 1925 2550 Neque
1967 2482 2114 2536 enim

542 2564 912 2628 imlividuum,
943 2565 999 2621 id
1032 2575 1115 2622 est
1142 2567 1504 2638 hypostasim,
1539 2569 1764 2641 proprie
1781 2579 1837 2626 et
1864 2571 2113 2627 solitario

2221 1837 2387 1908 caput
2445 1837 2767 1901 ὑπόστασις,
2800 1836 2897 1890 καὶ
2931 1835 3074 1890 κατά
3118 1836 3278 1890 τοῦτο
3299 1876 3314 1900 ,
3339 1839 3372 1891 d
3405 1838 3600 1907 Λόγος
3643 1839 3804 1906 σὰρξ

2217 1926 2476 1997 ἐγένετο,
2493 1928 2779 2000 ἀτρέπτως
2794 1927 3017 1999 δηλαδὴ,
3035 1929 3131 1984 καὶ
3156 1930 3190 1998 ή
3215 1929 3374 1999 σὰρξ,
3395 1931 3568 1997 Λόγος
3599 1931 3805 2000 ἀμετα-

2219 2020 2454 2092 ϐλήτως,
2493 2020 2584 2074 καὶ
2618 2023 2647 2075 ό
2675 2019 2812 2082 Θεὸς
2833 2060 2849 2086 ,
2875 2020 3186 2091 ἄνθρωπος.
3227 2022 3360 2086 Θεὸς
3397 2023 3506 2092 γὰρ
3540 2025 3570 2076 ὁ
3601 2023 3804 2091 Λόγος,

2222 2113 2315 2166 καὶ
2343 2113 2371 2166 ό
2409 2111 2698 2183 ἄνθρωπος
2729 2110 2862 2172 Θεὸς
2885 2149 2900 2176 ,
2930 2110 3020 2164 διὰ
3045 2111 3144 2182 τὴν
3178 2112 3298 2166 καθ’
3326 2112 3632 2166 ὑπόστασιν
3671 2113 3804 2166 ἕνω-

2221 2220 2330 2258 σιν.
2365 2201 2575 2256 Ταὺτὸν
2615 2197 2710 2256 οὖν
2763 2201 2911 2255 ἔστιν
2945 2203 3120 2256 εἰπεῖν
3152 2203 3312 2272 φύσιν
3336 2203 3431 2256 τοῦ
3465 2203 3676 2272 Λόγου,
3709 2205 3802 2257 καὶ

2217 2295 2316 2366 τὴν
2349 2295 2408 2349 ἐν
2444 2294 2632 2366 ἀτόμῳ
2656 2292 2838 2362 φύσιν.
2859 2293 2998 2347 Οὑτε
3029 2295 3138 2365 γάρ
3158 2294 3219 2348 τὺ
3247 2295 3473 2365 ἀτομον,
3501 2296 3676 2365 ἤγουν
3699 2295 3808 2364 τὴν

2219 2387 2548 2451 ὑπόστασιν,
2576 2385 2784 2456 κυρίως
2818 2385 2912 2438 καὶ
2962 2385 3139 2454 μόνως
3169 2385 3338 2456 δηλοῖ,
3370 2384 3495 2439 οὔτε
3528 2385 3588 2439 τὸ
3623 2387 3806 2440 κοινὸν

2218 2476 2324 2531 τῶν
2351 2477 2720 2542 ὑποστάσεων,
2741 2475 2877 2530 ἀλλά
2912 2475 3011 2546 τὴν
3046 2476 3232 2547 κοινὴν
3267 2477 3428 2545 φύσιν
3467 2478 3528 2529 ὲν
3563 2479 3668 2549 μιᾷ
3693 2478 3810 2530 τῶν

2219 2569 2572 2623 ὑποστάσεων
2606 2566 2994 2639 Θεωρουμένην
3024 2569 3118 2622 καὶ
3161 2569 3584 2639 ἐξεταζομένην.

543 2656 804 2720 declarat,
839 2673 939 2714 nec
980 2674 1342 2729 personarum
1385 2661 1840 2716 communitatem
1870 2680 1883 2716 :
1923 2676 2113 2718 verum
2149 2673 2499 2716 communem
2533 2664 2786 2712 naturam
2814 2658 2872 2712 in
2907 2672 3018 2713 una
3053 2673 3120 2714 ex
3150 2660 3268 2715 suis
3354 2659 3610 2720 personis
3673 2674 3803 2716 con-

543 2752 862 2818 sideratam,
897 2762 953 2809 et
976 2755 1338 2824 inquisitione
1371 2755 1513 2810 facta
1549 2757 1831 2828 cognitam

617 2841 755 2898 Unio
813 2853 862 2898 et
907 2845 1206 2901 incarnatia
1247 2847 1302 2900 in
1329 2862 1432 2915 quo
1484 2848 1756 2916 di/ferunt.
1812 2846 1928 2901 Una
1970 2847 2114 2903 Verbi

2298 2841 2460 2896 Ἀλλο
2489 2841 2586 2912 μὲν
2605 2834 2699 2894 οὖν
2718 2839 2868 2895 ἐστιν
2897 2838 3112 2904 ἓνωσις,
3137 2838 3232 2892 καὶ
3260 2837 3348 2892 ἒτε
3358 2856 3450 2909 ρον
3482 2839 3790 2912 σάρκωσις,

543 2940 739 2985 natura
799 2931 1084 2986 incuruata
1129 2932 1194 2984 ab
1241 2933 1354 3001 ipso
1404 2932 1609 3002 Cyrillo
1642 2932 2114 3007 expositae-lam

2234 2935 2299 2988 'H
2338 2933 2439 3004 μὲν
2485 2931 2595 3002 γὰρ
2649 2931 2846 2995 ἓνωσις
2895 2931 3063 3000 μόνην
3101 2927 3254 2999 δηλοῖ
3299 2930 3400 2999 τὴν
3449 2932 3752 2999 συνάψειαν
3783 2949 3800 2963 ’

545 3035 679 3077 vero
730 3021 882 3076 aliud
925 3031 1009 3078 est
1060 3023 1219 3088 unio,
1272 3032 1326 3079 et
1379 3024 1532 3078 aliud
1587 3023 1922 3081 incarnatio.
1975 3024 2114 3080 Unio

2221 3025 2359 3096 πρὸς
2387 3023 2442 3076 τί
2473 3022 2531 3076 δὲ
2575 3022 2802 3090 γέγονεν
2832 3022 2872 3093 ἠ
2906 3019 3189 3089 συνάφεια,
3221 3019 3425 3074 οὐκέτι.
3477 3022 3544 3075 Ἠ
3577 3022 3640 3076 δὲ
3669 3025 3798 3094 σάρ-

544 3115 692 3169 enim
729 3115 904 3171 solam
934 3115 1396 3185 conjunctionem
1426 3116 1634 3173 indicat
1659 3135 1674 3184 ;
1722 3133 1848 3172 cum
1877 3133 1987 3188 quo
2016 3133 2114 3172 au-

2219 3133 2390 3180 κωσις
2417 3155 2433 3180 ,
2466 3115 2658 3169 ταὺτὸν
2691 3114 2736 3168 δ’
2767 3115 2916 3168 ἐστιν
2959 3115 3136 3168 εἰπεῖν
3193 3114 3289 3167 καὶ
3347 3114 3797 3188 ὲνανϐρὼπησις,

544 3215 655 3263 tem
689 3207 805 3262 haec
837 3207 1162 3278 conjunctio
1193 3209 1336 3264 facta
1367 3211 1463 3274 sit,
1507 3227 1616 3266 non
1647 3211 1800 3265 item.
1832 3212 1904 3266 At
1931 3212 2118 3266 incar-

545 3300 701 3354 natio
732 3300 922 3371 (quod
955 3301 1186 3371 perinde
1227 3311 1333 3366 est,
1365 3316 1429 3357 ac
1461 3302 1509 3358 si
1542 3303 1992 3358 hnmanationem
2032 3301 2118 3357 di-

541 3391 680 3458 cas)
741 3406 866 3445 cum
925 3407 1113 3458 carne,
1174 3392 1294 3448 sive
1350 3393 1600 3458 homine,
1663 3394 2116 3464 conjunctionem

544 3483 703 3551 221
753 3484 1015 3546 ostendit,
1054 3485 1223 3540 veluti
1280 3492 1335 3540 et
1391 3484 1526 3539 ferri
1577 3485 1797 3553 ignitio,
1851 3485 2117 3540 unionem

544 3589 670 3628 cum
724 3577 870 3646 igne.
910 3577 1057 3632 Sane
1102 3577 1298 3634 beatus
1347 3577 1468 3647 ipse
1502 3577 1744 3648 Cyrillns
1787 3579 1841 3634 in
1876 3577 2119 3634 secunda

546 3665 612 3719 ad
648 3665 946 3721 Sueensum
982 3667 1220 3738 epistola
1261 3668 1400 3724 illud
1434 3684 1738 3740 exponens,
1773 3685 1934 3724 unam
1959 3678 2118 3723 natu-

640 3843 688 3874 “
717 3841 884 3900 Joan.
918 3861 962 3911 ι,
995 3845 1086 3902 la.

2219 3210 2317 3282 τὴν
2363 3209 2502 3282 πρὸς
2560 3212 2760 3280 σάρκα,
2791 3209 2913 3279 ἦτοι
2962 3207 3103 3278 πρὸς
3159 3207 3448 3277 ἄνθρωπον
3499 3209 3804 3279 συνάφειαν

2220 3301 2413 3372 δηλοῖ·
2449 3299 2701 3369 καθάπερ
2753 3299 2847 3352 καὶ
2877 3299 2911 3370 ἡ
2959 3297 3202 3368 πύρωσις
3257 3297 3352 3352 τοῦ
3387 3298 3664 3369 σιδήρους
3705 3302 3800 3370 τὴν

2223 3391 2362 3462 πρὸς
2393 3390 2455 3444 τὸ
2497 3389 2608 3461 πῦρ
2645 3389 2858 3442 ἕνωσιν.
2890 3388 3058 3451 Αὑτὺς
3093 3389 3190 3458 μὲν
3214 3383 3309 3442 οὗν
3335 3389 3363 3439 ὁ
3395 3389 3672 3462 μακάριος
3696 3392 3801 3445 Ki-

2227 3481 2409 3552 ριλλος
2437 3482 2496 3534 ὲν
2525 3483 2592 3552 τῇ
2626 3479 2763 3550 πρὸς
2798 3477 3097 3532 Σούκενσον
3143 3478 3372 3550 δευτέρᾳ
3423 3480 3688 3552 ἐπιστολῇ
3715 3482 3800 3552 ἑρ-

2229 3575 2477 3646 μηνεύων
2503 3573 2584 3638 τὸ,
2611 3574 2762 3642 μίαν
2796 3573 2986 3642 φύσιν
3023 3571 3129 3625 τοῦ
3163 3573 3309 3626 Θεοῦ
3346 3575 3542 3642 Λόγου
3577 3589 3802 3642 σεσαρ-

2223 3668 2519 3738 κωμένην,
2544 3664 2686 3719 οὑτω
2718 3666 2920 3736 φησιν·
2964 3681 2984 3715 ι
3022 3662 3084 3717 El
3131 3663 3230 3735 μὲν
3259 3662 3367 3736 γὰρ
3399 3664 3528 3735 μίαν
3556 3666 3802 3728 εἰπόντες

1826 3929 2069 3986 νΑιιιλΕ
2104 3930 2400 3987 LECTION
2410 3930 2514 3988 ES.

618 4035 646 4076 Ρ
675 4025 838 4083 Deest
885 4028 1192 4083 membrum
1227 4029 1341 4095 hoc,
1371 4031 1426 4084 in
1457 4028 1580 4083 cod.
1612 4025 1669 4082 S.
1705 4026 1840 4092 lli|.,
1865 4027 1930 4080 Β.
1972 4027 2026 4091 9,
2062 4027 2217 4092 Coll).
2257 4029 2281 4082 1
2321 4037 2375 4082 et
2404 4029 2460 4082 in
2496 4027 2588 4089 Ν..
2631 4045 2733 4086 nec
2765 4029 3009 4085 reddidit
3037 4040 3194 4086 vetns
3225 4032 3457 4095 interpr.
3487 4045 3586 4083 nec
3619 4037 3800 4083 tamen

549 4097 883 4172 superﬂuum
913 4107 1021 4154 est.
1093 4109 1121 4149 (ι
1157 4097 1316 4154 Nulla
1359 4098 1455 4154 τοῦ
1508 4099 1730 4169 σιδήρου
1775 4097 1906 4167 ferri
1939 4098 2144 4154 mentio
2176 4098 2230 4152 in
2257 4099 2380 4154 cod.
2425 4099 2485 4154 S.
2519 4097 2654 4163 1111..
2692 4101 2862 4172 Regg.
2902 4102 2986 4170 i3,
3028 4102 3185 4158 Colb.
3218 4102 3252 4156 5
3279 4111 3334 4157 et
3372 4097 3463 4165 N.,
3527 4115 3628 4154 nec
3663 4103 3802 4170 apud

548 4175 786 4224 veterem
817 4169 1201 4239 interpretem.

2043 4294 2276 4355 NOTAE.

489 4381 493 4388 ¹
550 4400 733 4468 μένου,
768 4414 929 4452 unam
983 4415 1093 4454 esse
1147 4400 1409 4454 credimus
1454 4407 1739 4461 naturam,
1772 4395 1900 4468 quia
1926 4395 2122 4468 unius,

547 4465 637 4524 sed
676 4469 1011 4523 inhumauati
1041 4480 1090 4524 et
1114 4471 1396 4525 incarnati.
1433 4469 1565 4535 Quae
1603 4469 1682 4521 sic
1720 4465 1882 4534 vulgo
1925 4465 2127 4520 intelli-

548 4545 685 4609 gunt
734 4538 1021 4603 Catholici,
1053 4547 1112 4594 ut
1166 4539 1326 4608 φύσιν
1391 4549 1659 4599 naturam,
1691 4535 1985 4609 acceperit
2027 4550 2125 4609 pro

477 4663 492 4686 θ
550 4604 784 4690 persona
819 4609 902 4663 vel
935 4604 1239 4680 hyposlasi,
1268 4625 1334 4664 eo
1358 4611 1503 4689 quod
1538 4611 1846 4726 Ιιξροειαδεε
1867 4604 2123 4690 ,σίεἱιιηεξξ

552 4687 713 4726 ιιραρι
739 4695 792 4726 Ill
826 4679 1071 4726 Christo-
1090 4682 1143 4726 εἷ
1171 4699 1255 4726 τις
1274 4681 1366 4726 ἐπὶ
1387 4696 1483 4726 του
1518 4681 1574 4726 ἐν
1592 4697 1635 4726 .c
1657 4679 1894 4726 Χοιστου
1925 4676 2123 4726 διαιοει

1585 4707 1603 4732 υ

552 4675 713 4750 neget
739 4679 792 4732 in
826 4675 1072 4750 Christo,
1090 4682 1143 4734 εἴ
1171 4699 1256 4743 τις
1274 4675 1483 4733 ἐπὶτοῢ
1518 4675 1635 4742 svi);
1657 4675 1904 4750 Χριστοῦ⁸
1925 4676 2126 4750 διαιρεῖ

548 4745 647 4812 τάξ
665 4749 1014 4814 ὑποστάσεις,
1032 4767 1089 4806 κ.
1106 4769 1157 4804 τ.
1177 4768 1225 4806 ε.
1259 4752 1500 4818 itemque
1529 4745 1728 4818 factam
1749 4761 1862 4800 esse
1883 4745 2122 4818 ὑποστά-

2221 4394 2566 4470 ρίοιλςεοιξοοε.
2593 4395 2686 4454 llle
2708 4413 2872 4470 quem
2913 4399 3112 4456 Noster
3161 4408 3287 4470 post
3321 4397 3614 4470 Leontium
3649 4398 3804 4470 atl'ert

2221 4467 2410 4537 Cyrilli
2439 4467 2616 4540 locus,
2645 4467 2859 4540 ex'ejus
2881 4471 2947 4524 ad
3011 4467 3316 4530 Sucensum
3339 4470 3500 4540 epist.
3527 4467 3805 4540 2,_ambas

2223 4536 2453 4612 naturas
2478 4577 2493 4602 ,
2517 4536 2888 4612 integrasque
2923 4545 3154 4608 astruit;
3190 4553 3244 4597 et
3289 4536 3515 4612 explosa
3563 4536 3804 4612 Nestorii

2221 4607 2562 4676 blasphemia
2603 4607 2964 4664 Orientalium
3021 4612 3178 4666 [idem
3230 4607 3456 4673 laudat,
3489 4608 3586 4676 qui
3629 4624 3695 4660 ea
3746 4623 3808 4662 ea:

2221 4677 2410 4746 quibus
2437 4676 2682 4751 Christus
2718 4680 3052 4751 intelligitur,
3089 4681 3206 4735 sola
3235 4680 3566 4751 simplicique
3600 4679 3808 4751 cogita-

2227 4749 2750 4821 tionc‘percipicntes
2776 4792 2790 4816 ,
2819 4749 3035 4819 φύσεων
3072 4753 3169 4820 μὲν
3207 4751 3462 4821 εέρήκασι
3518 4749 3806 4821 διαφορὰν,

553 4791 712 4882 sed»),
758 4791 1116 4889 bypostats’ium
1163 4791 1580 4903 coniunctionem
1607 4860 1622 4884 ,
1653 4823 1866 4903 asserat
1889 4854 1926 4903 λ
1943 4817 1996 4868 id
2043 4824 2121 4903 est
2155 4791 2198 4844 θ
2226 4819 2312 4903 ὅτι
2337 4791 2668 4903 μὴ’Λταὺτζλν,
2694 4791 2956 4891 ὡς’έξςην,
2985 4823 3043 4874 ἐν
3072 4791 3327 4903 ἓο-ιότηῗτιι
3349 4821 3552 4889 φυσικῇ

550 4885 868 4942 naturarum
898 4906 916 4942 :
947 4899 1001 4944 et
1055 4885 1272 4947 rursum
1321 4891 1378 4944 in
1431 4890 1647 4944 Defens.
1693 4889 1859 4940 Auat.
1892 4886 1948 4947 2,
2000 4885 2124 4940 adv.

551 4957 758 5031 Tlieoil.
781 4960 870 5014 his
901 4959 1128 5031 vocibus
1164 4969 1367 5031 utatur,
1391 4959 1540 5031 ﬂeor":
1572 4959 1744 5031 Λόγου
1777 4955 1938 5026 φύσις
1959 4955 2129 5031 ᾖγουν

551 5025 872 5099 ὑπόστασις,
909 5030 936 5083 ὃ
961 5031 1108 5084 ἐστιν
1131 5030 1290 5090 αὑτὸς
1309 5033 1336 5082 ὁ
1368 5025 1586 5099 Λόγος-ί
1603 5025 1816 5099 Natura
1828 5025 2130 5099 _seu_hypo-

552 5101 712 5154 stasis
756 5097 928 5163 Verbi,
952 5101 1092 5166 quod
1117 5109 1193 5155 cst
1227 5095 1500 5167 ipsummét
1545 5097 1792 5164 Verbum,
1827 5097 1902 5167 Ita
1934 5095 2126 5167 deces-

553 5184 736 5224 sorem
784 5165 1389 5239 sunm'imerpretatur
1447 5170 1706 5238 Eulogius
1763 5165 2123 5239 apud_Ph_ot.

553 5240 685 5311 cod.
707 5240 835 5305 230;
869 5235 1208 5311 Eplrrzemius
1245 5255 1494 5311 quoque,
1531 5235 1666 5311 ihid.
1695 5235 1818 5292 cod.
1850 5235 1956 5311 2:29
1983 5253 1996 5301 ;
2025 5235 2125 5288 .lu-

554 5310 836 5378 §tiniauus
880 5306 934 5364 in
969 5306 1304 5378 Prefessimie
1344 5306 1467 5378 ﬁdei
1494 5352 1508 5374 ,
1551 5310 1754 5376 quibus
1791 5306 2128 5378 suffragatur

557 5376 818 5450 beontius
841 5381 895 5435 in
935 5376 1300 5438 solutionibus
1335 5376 1783 5450 argqu.Se\'eri.
1808 5377 1917 5450 Sed
1955 5376 2128 5450 act._8

559 5445 636 5521 _De
658 5459 786 5503 sect.
815 5466 881 5505 eo
905 5467 1014 5521 quo
1032 5445 1582 5508 Damascenus‘modo
1607 5448 1926 5520 respondet,
1949 5445 2129 5521 Cyril-

557 5516 669 5591 lum
695 5533 883 5591 vocem
911 5516 1147 5588 (ῥύσεως,
1187 5539 1298 5578 non
1319 5538 1416 5591 pro
1435 5530 1630 5576 natura
1671 5516 1794 5590 qum
1815 5516 2130 5591 communis

2227 4889 2321 4942 καὶ
2346 4886 2729 4957 ἀνορωπὸτης,
2757 4886 3073 4944 naturarum
3120 4886 3402 4944 discrimen
3436 4886 3804 4952 enuntianda,

2225 4959 2372 5027 quia,
2401 4967 2455 5010 ut
2479 4957 2705 5020 aiebam,
2734 4976 2838 5014 non
2879 4972 2999 5014 sunt
3026 4959 3162 5014 idem
3205 4962 3457 5015 divinitas
3479 4967 3531 5012 et
3555 4959 3804 5011 humani-

2227 5040 2308 5082 tas
2335 5033 2506 5096 quoad
2552 5028 2866 5097 qualitatem
2914 5031 3214 5084 naturalem
3245 5047 3265 5095 ;
3299 5030 3390 5084 sed
3435 5039 3611 5082 tamen
3645 5045 3804 5081 unum

2226 5097 2474 5158 Filium,
2512 5107 2559 5150 et
2597 5097 2888 5168 Christum,
2927 5111 2974 5154 et
3011 5101 3291 5154 Dominum
3321 5141 3335 5162 ,
3368 5109 3474 5154 etc.
3507 5098 3676 5152 Plura
3705 5099 3804 5168 Cy-

2227 5170 2335 5240 rilli
2375 5169 2491 5240 loca
2523 5170 2589 5240 in
2613 5167 2753 5240 idem
2779 5171 3124 5240 conspirant,
3145 5171 3220 5224 ita
3249 5182 3306 5224 ιιι
3335 5167 3803 5226 Chalcedonensis

2225 5238 2458 5294 formula
2492 5237 2626 5293 solis
2654 5239 2778 5305 ejus
2810 5237 2935 5295 fere
2974 5242 3266 5296 sententiis
3295 5248 3531 5296 constet.
3562 5240 3804 5291 Athana-

2226 5310 2364 5372 sius,
2395 5309 2488 5362 lib.
2530 5306 2603 5361 De
2633 5308 2800 5377 salut.
2829 5310 3038 5364 adeant.
3059 5311 3281 5375 Christi,
3331 5325 3534 5364 nomen
3590 5307 3803 5377 φύσεως

2226 5380 2414 5434 eodem
2451 5392 2560 5448 quo
2615 5376 2857 5449 Cyrillus
2903 5397 3072 5436 sensu
3119 5389 3430 5450 sumpserat
3453 5419 3469 5442 ,
3503 5379 3801 5500 dicendog

2229 5449 2389 5500 φύσις
2414 5449 2508 5500 ὅλη
2544 5447 2635 5500 τοῦ
2687 5449 2885 5500 Λόγου.
2914 5460 3025 5500 tota
3072 5461 3267 5500 natura
3328 5449 3484 5500 Verbi
3531 5449 3711 5500 adfuit
3740 5467 3768 5500 α

2229 5449 2389 5518 φύσις
2414 5447 2508 5517 ὅλη
2544 5447 2635 5500 τοῦ
2664 5447 2885 5516 ήΛόγου,
2914 5460 3025 5505 ιοια
3072 5447 3267 5505 natura
3328 5449 3484 5504 Verbi
3531 5449 3711 5516 adfuit
3740 5467 3768 5501 α

2229 5519 2574 5572 exhibendam
2615 5519 2845 5586 formam
2882 5521 3170 5576 humanam
3225 5521 3446 5575 visibilis
3499 5519 3679 5572 Adam
3711 5520 3800 5571 οὑκ

557 5590 651 5651 sit,
673 5589 783 5665 scd
818 5598 876 5644 ut
984 5587 1529 5665 hypostasicksistil,
1558 5587 1858 5665 accepisse.
1879 5587 2133 5665 Legenda
2232 5590 2290 5640 ἐν
2311 5589 2588 5665 ’διαιρέσει
2615 5591 2959 5665 προσῴπων,
2989 5609 3092 5665 non
3136 5593 3390 5665 divisione
3433 5606 3799 5660 personarum,

557 5663 683 5712 sunt
738 5671 857 5726 quae
894 5659 1134 5718 diximus
1178 5664 1247 5720 de
1287 5679 1454 5722 sensu
1490 5661 1705 5733 Cyrilli,
1743 5660 1811 5716 ad
1860 5665 2026 5730 caput
2053 5659 2122 5714 '50

2231 5657 2320 5714 sed
2354 5657 2683 5715 exsislcutia'
2711 5659 2927 5718 dcitutis
2953 5671 3000 5716 et
3036 5662 3402 5717 huntauitatis.
