3950 6304
563 311 695 377 1027

1773 308 1834 368 S.
1873 304 2193 369 JOANNIS
2230 307 2661 370 DAMASCENI

3679 314 3817 377 109.8

555 423 695 479 lllud
744 420 966 492 quidem
1017 419 1200 476 edocti
1260 434 1457 477 sumus
1506 418 1850 476 divinitatem
1906 433 1962 475 tn
2017 434 2128 475 una

2243 421 2359 490 Ἐφ’
2392 421 2629 493 ἑκάστης
2657 420 2763 492 γὰρ
2799 421 2908 475 τῶν
2956 422 3310 478 ὑποστάσεων
3344 426 3404 478 τὸ
3448 426 3596 492 Θεὸς
3639 427 3816 498 ὄνομα

555 529 779 570 suarum
813 526 1173 582 personarum
1199 512 1535 567 humanitati
1562 511 1776 567 unitam
1799 527 1927 568 esse
1953 529 1969 568 :
2001 511 2133 566 item

556 605 819 659 traditum
857 614 940 660 est
967 604 1115 674 quod
1149 603 1294 660 Deus
1346 603 1605 672 formam,
1650 603 1757 658 hoc
1789 611 1872 658 est
1898 601 2132 657 alienam

557 696 948 764 substantiam,
975 704 1224 752 nostram
1269 696 1558 763 nimirum,
1591 695 1839 751 induerit
1869 694 2135 765 (cuilibet

556 787 702 842 enim
732 803 984 857 persona“:
1036 803 1143 843 vox
1173 787 1316 842 Deus
1355 786 1677 858 tribuitur),
1725 794 1780 841 at
1837 786 2132 841 divinitatis

556 880 885 935 vocabulum
937 880 1004 936 de
1050 895 1286 950 persona
1325 893 1596 950 usurpare
1648 892 1760 934 non
1806 893 2128 949 possumus.

555 966 692 1024 Nam
716 971 860 1040 quod
909 969 1174 1026 divinitas
1207 968 1366 1025 Pater
1415 969 1569 1025 solus
1597 968 1690 1034 sit,
1729 975 1825 1022 aut
1855 967 2007 1024 solus
2035 967 2130 1022 Fio

557 1061 689 1128 lius,
728 1070 824 1116 aut
863 1063 1019 1117 solus
1050 1061 1289 1131 Spiritus
1314 1069 1568 1125 sanctus,
1595 1072 1868 1129 nusquam
1899 1073 1930 1113 a
1968 1058 2130 1115 nobis

555 1155 807 1210 auditum
862 1163 966 1210 est.
1023 1153 1294 1210 Divinitas
1343 1153 1490 1208 enim
1550 1161 1804 1206 naturam
1860 1150 2128 1216 declarat,

555 1245 719 1301 Pater
750 1254 934 1301 autem
985 1261 1306 1316 personam,
1349 1242 1808 1314 quemadmodum
1843 1253 1898 1299 et
1928 1243 2126 1298 huma-

557 1338 704 1392 nitas
730 1346 1009 1401 naturam,
1051 1335 1213 1405 222
1254 1334 1452 1391 Petrus
1506 1348 1638 1389 vero
1692 1347 2009 1404 personam.
2059 1332 2130 1386 At

2231 513 2487 568 τάττεται
2535 515 2785 580 θεότητα
2817 513 2876 566 δὲ
2929 515 3022 567 ἐπὶ
3068 515 3422 580 ὑποστάσεως
3461 517 3483 555 ι
3535 521 3718 572 εἰπεῖν
3751 520 3816 571 οὑ

2230 602 2526 674 δυνάμεθα.
2565 603 2808 674 Θεότητα
2839 603 2950 675 γὰρ
2999 605 3094 659 τὸν
3147 607 3371 678 Πατέρα
3407 607 3591 678 μόνον,
3631 609 3666 680 ἢ
3717 608 3817 662 τὸν

2233 695 2363 749 Υίδν
2393 695 2578 766 μόνον,
2609 695 2642 766 ἢ
2670 697 2830 767 μόνον
2869 697 2932 750 τὸ
2971 696 3200 768 Πνεῦμα
3228 699 3291 751 τὸ
3323 699 3500 766 ἅγιον,
3541 702 3645 754 οὐκ
3675 705 3818 769 ἀκη-

2230 786 2472 856 κόαμεν·
2507 784 2700 855 θεότης
2744 786 2852 868 μὲν
2907 786 3015 858 γὰρ
3067 787 3166 857 τὴν
3209 788 3372 856 φύσιν
3406 790 3595 859 δηλοῑο
3649 794 3715 844 τὸ
3759 793 3819 845 δὲ

2229 875 2442 946 Πατὴρ,
2471 875 2569 946 τὴν
2595 876 2914 940 ὑπόστασιν,
2943 875 3133 948 ὥσπερ
3164 878 3258 932 καὶ
3295 879 3684 953 ἀνθρωπότης,
3709 883 3816 950 τὴν

2227 965 2413 1034 φύσιν,
2448 967 2653 1038 Πέτρος
2692 967 2771 1031 δὲ,
2811 968 2913 1039 τὴν
2950 967 3286 1022 ὑπόστασιν·
3337 971 3482 1036 Θεὸς
3519 972 3575 1024 δὲ
3626 973 3729 1026 καὶ
3755 973 3818 1025 τὸ

2227 1056 2407 1110 κοινὸν
2435 1057 2533 1128 τῆς
2571 1057 2791 1126 φύσεως
2827 1059 3108 1130 σημαίνει,
3156 1061 3254 1113 καὶ
3298 1062 3385 1130 ἐφ’
3422 1063 3666 1133 ἑκάστης
3698 1064 3812 1117 τῶν

2227 1150 2580 1204 ὑποστάσεων
2594 1151 2851 1205 τάττεται
2872 1151 3238 1223 παρωνύμως,
3263 1153 3415 1206 ὥσπε
3425 1171 3455 1223 ρ
3474 1157 3564 1207 καὶ
3579 1155 3814 1223 ἀνθρω-

2177 1255 2182 1262 ‘
2233 1255 2342 1306 πος
2363 1258 2377 1273 ⁸
2405 1241 2538 1305 Θεὸς
2560 1241 2671 1314 γάρ
2701 1244 2848 1296 ἐστιν
2878 1242 2905 1295 ὁ
2925 1242 3077 1298 θείαν
3109 1243 3248 1314 ἔχων
3270 1244 3454 1314 φύσιν,
3479 1244 3571 1298 καὶ
3600 1244 3814 1316 ἄνθρωο

2235 1348 2356 1398 πος,
2393 1333 2422 1385 ὁ
2453 1331 2824 1403 ἀνθρωπίνην.

555 1452 660 1496 vox
694 1433 854 1498 Deus,
885 1440 941 1487 et
995 1439 1206 1484 natura:
1247 1429 1701 1484 communitatem
1739 1427 2037 1500 signiﬁcat,
2074 1433 2128 1482 ct
2168 1427 2222 1480 in
2273 1441 2604 1496 unaquaque
2686 1441 2922 1496 persona
2997 1442 3153 1498 atque
3199 1429 3382 1484 locum
3428 1430 3615 1497 habet,
3665 1431 3814 1486 velut

555 1540 609 1588 et
635 1531 809 1585 homo.
842 1527 984 1582 Deus
1005 1525 1149 1581 enim
1184 1527 1232 1581 is
1277 1533 1384 1589 est,
1428 1525 1528 1595 qui
1555 1524 1798 1606 divinam
1834 1522 1999 1578 habet
2023 1531 2283 1580 naturam
2311 1537 2326 1586 ;
2361 1529 2418 1576 et
2449 1521 2638 1587 homo,
2668 1521 2762 1592 qui
2788 1523 3112 1579 humanam.

625 1623 830 1678 Praeter
877 1618 993 1672 haec
1036 1617 1224 1672 omnia
1265 1616 1552 1672 sciendum
1597 1624 1680 1671 est
1717 1614 1806 1690 "r
1830 1612 2047 1669 Patrem
2074 1623 2130 1670 et
2161 1623 2203 1678 Β

557 1713 826 1786 Spiritum
855 1717 1108 1766 sanctum
1154 1708 1308 1763 nulla
1352 1708 1564 1763 ratione
1593 1706 1749 1761 carni
1780 1703 1949 1760 Verbi
1979 1718 2131 1760 com-

555 1803 866 1868 municare,
915 1800 1025 1855 nisi
1077 1805 1348 1869 quantum
1393 1797 1464 1853 ad
1519 1797 1790 1852 miracula
1816 1796 2040 1862 attinet,
2075 1804 2130 1851 et

554 1901 822 1966 quantum
851 1891 921 1947 ad
954 1891 1358 1961 heneplacitum
1388 1897 1443 1945 et
1470 1889 1834 1944 voluntatem.

1189 1979 1340 2036 CAP.
1371 1978 1487 2034 XII.

559 2075 716 2144 Quod
778 2083 968 2131 sancta
1037 2071 1209 2196 Virg;
1268 2071 1379 2154 Dei.
1422 2070 1666 2126 Cenitria:
1721 2069 1816 2138 sit,
1876 2067 2129 2124 adversus

1216 2152 1535 2196 estortanos.

1216 2152 1535 2196 εδιογιαηοδ.

629 2240 827 2296 Sancta
857 2235 1038 2292 Maria
1060 2235 1156 2292 Dei
1204 2234 1380 2290 Mater
1411 2236 1640 2306 proprie.
1662 2232 1864 2290 Contra
1891 2232 2128 2288 Valenti.

558 2348 682 2386 num
713 2340 761 2386 et
787 2330 962 2385 alios:
998 2337 1170 2384 ortam
1210 2342 1275 2382 ex
1320 2326 1496 2381 Maria
1545 2325 1747 2381 Christi
1801 2340 2036 2379 carnem.
2061 2351 2131 2363 —

560 2423 820 2478 Sanctam
855 2435 1019 2492 porro
1063 2419 1349 2490 Virginem
1399 2417 1492 2472 Dei
1529 2417 1752 2488 proprie
1799 2425 1854 2471 et
1883 2430 2013 2470 vere
2035 2430 2128 2486 ge-

559 2513 810 2566 nitricem
883 2508 1332 2581 praedicamus”.
1408 2505 1566 2562 Sicut
1635 2505 1784 2562 cnim
1836 2519 2000 2560 verus
2045 2511 2130 2559 est

563 2603 731 2664 Deus,
762 2600 854 2671 qui
887 2615 954 2656 ex
998 2599 1118 2670 ipsa
1151 2606 1315 2653 natus
1346 2604 1473 2664 est;
1509 2597 1583 2651 ita
1631 2595 1860 2665 perinde
1891 2594 1985 2650 Dei
2013 2593 2130 2648 Ma-

559 2703 643 2750 ter
667 2702 772 2759 est,
806 2707 928 2762 quas
972 2704 1168 2745 verum
1213 2689 1384 2744 Deum
1427 2702 1493 2744 ex
1546 2703 1606 2745 se
1640 2688 1986 2743 incarnatum
2033 2703 2129 2759 ge-

558 2785 698 2840 nuit.
739 2784 906 2838 Deum
943 2795 1111 2851 porro
1142 2796 1209 2836 ex
1236 2795 1299 2835 ea
1347 2787 1539 2834 natum
1578 2794 1701 2835 esse
1732 2779 1989 2843 dicimus,
2018 2793 2127 2833 non

557 2876 700 2945 quod
734 2873 899 2928 Verbi
931 2871 1192 2927 divinitas
1222 2869 1522 2927 exsistendi
1551 2869 1880 2940 principium
1912 2885 1982 2925 ex
2011 2869 2129 2940 ipsa

557 2967 826 3031 traxerit;
868 2966 962 3022 sed
994 2965 1125 3035 quia
1156 2963 1399 3019 Verbum
1443 2963 1647 3032 ipsum,
1682 2961 1830 3034 quod
1857 2969 1986 3018 ante
2029 2977 2130 3018 sae-
2155 2968 2199 3028 c

556 3061 682 3115 cula
743 3058 882 3113 citra
937 3057 1109 3111 ullum
1169 3068 1387 3125 tempus
1441 3055 1686 3126 genitum
1736 3064 1844 3120 est,
1889 3068 1954 3108 ac
2009 3053 2132 3109 sine

557 3149 786 3209 exordio
838 3157 892 3204 et
925 3147 1260 3219 scmpiterne
1311 3162 1420 3201 una
1466 3161 1592 3200 cum
1629 3144 1791 3201 Patre
1820 3153 1876 3202 et
1923 3145 2132 3216 Spiritu

557 3252 748 3298 sancto
775 3249 879 3304 est,
908 3241 965 3295 in
986 3238 1247 3296 extremis
1273 3236 1468 3295 diebus
1495 3235 1690 3294 salutis
1715 3242 1918 3292 nostra:
1943 3248 2132 3301 causa,

558 3334 614 3388 in
641 3342 800 3387 utero
830 3331 1008 3402 ipsius
1041 3329 1329 3396 habitavit,
1360 3337 1414 3384 et
1459 3338 1744 3399 assum-pta
1779 3343 1948 3385 carne
1977 3343 2044 3384 ex
2068 3340 2133 3383 ea

557 3425 803 3494 genitum
853 3430 938 3478 cst
988 3423 1109 3479 sine
1147 3423 1234 3478 sui
1266 3423 1660 3477 tlemutatione.
1705 3420 1823 3476 Non
1855 3421 2000 3476 enim
2030 3421 2130 3475 ho-

555 3516 761 3570 minem
793 3529 993 3586 purum
1040 3521 1231 3569 sancta
1265 3511 1432 3584 Virgo
1462 3514 1672 3584 genuit,
1701 3513 1797 3568 sed
1828 3511 1999 3567 Deum
2029 3527 2127 3567 vc-

555 3622 714 3673 rum;
752 3621 861 3661 non
892 3606 1124 3672 nudum,
1171 3604 1266 3660 sed
1300 3619 1465 3660 carne
1495 3605 1788 3672 veStitum;
1829 3618 1930 3659 nec
1961 3603 2037 3658 ita
2066 3612 2128 3658 ut

555 3713 788 3769 corpore
837 3697 904 3753 de
937 3698 1095 3753 uelis
1136 3697 1323 3760 allato,
1377 3711 1475 3767 per
1501 3710 1621 3751 eam
1654 3695 1803 3751 velut
1835 3711 1932 3766 per
1961 3709 2130 3749 cana-

557 3787 660 3842 lem
691 3787 990 3852 transierit,
1026 3785 1122 3843 scd
1150 3802 1216 3842 ex
1257 3787 1374 3857 ipsa
1405 3801 1626 3841 carnem
1657 3786 1902 3857 ejusdem
1935 3799 2000 3841 ac
2028 3801 2127 3844 nos

555 3881 881 3937 substantiae
904 3881 1198 3951 acceperit,
1230 3894 1352 3950 quae
1387 3880 1440 3934 in
1482 3880 1667 3950 seipso
1697 3880 2024 3936 subsisteret
2053 3881 2122 3938 ’°.

554 3969 690 4026 Nam
747 3973 794 4028 si
849 3987 1053 4043 corpus
1104 3986 1135 4027 e
1181 3972 1321 4027 caelo
1352 3971 1639 4026 devectum
1688 3981 1791 4034 est,
1825 3986 1891 4027 ac
1921 3987 2030 4027 non
2059 3986 2124 4027 ex

555 4070 748 4117 natura
780 4075 966 4118 nostra
1007 4070 1316 4131 acceptum,
1358 4061 1488 4132 quid
1517 4060 1736 4116 tandem
1789 4062 2122 4116 inhumana-

553 4153 706 4210 tione
740 4167 880 4225 opus
925 4153 1089 4210 erat?
1120 4151 1334 4210 Etenim
1385 4151 1483 4209 Dei
1525 4151 1765 4207 Verbum
1813 4152 2124 4208 humanita-

2314 1611 2439 1666 Ἐπὶ
2479 1613 2612 1666 πᾶσι
2661 1612 2873 1678 τούτοις
2929 1615 3122 1682 ἰστέον,
3166 1615 3243 1680 ὼς
3285 1627 3315 1678 ό
3359 1609 3548 1689 Πατήρ
3606 1618 3706 1671 καὶ
3753 1623 3815 1674 τὸ

2231 1704 2458 1775 Πνεῦμα
2491 1704 2552 1757 τὸ
2586 1703 2742 1773 ἅγιον
2787 1707 2908 1759 κατ’
2938 1706 3132 1761 οὐδένα
3169 1706 3328 1776 λόγον
3367 1711 3438 1779 τῇ
3483 1709 3812 1779 σαρκώσειιι

2228 1795 2324 1849 τοῦ
2357 1795 2533 1863 Λόγου
2575 1795 3000 1868 κεκοινώνηκεν,
3055 1799 3102 1850 εἰ
3153 1799 3229 1869 μὴ
3277 1801 3421 1854 κατὰ
3461 1800 3562 1865 τὰς
3616 1801 3812 1873 θεοσηο

2234 1887 2414 1959 μείας,
2441 1887 2532 1940 καὶ
2561 1889 2684 1941 κατ’
2715 1889 2965 1942 εὐδοκίαν
2997 1891 3093 1943 καὶ
3130 1891 3410 1962 βούλησιν.

2713 1981 2965 2036 ΚΕΦΛΛ.
3008 1981 3090 2036 13'
3131 1981 3322 2055 [qu].

2234 2072 2363 2126 Ὅτι
2392 2074 2685 2138 Θεοτόκος
2711 2072 2750 2140 ἠ
2779 2073 2918 2142 ἁγία
2949 2074 3284 2153 ῌαρθένος·
3308 2076 3458 2131 κατὰ
3482 2079 3811 2148 Νεστορια-

2912 2162 3037 2198 νων
3067 2159 3114 2198 ν.

2302 2234 2563 2288 Θεοτόκον
2595 2235 2654 2288 δὲ
2696 2235 2903 2306 κυρίως
2949 2237 3064 2307 (28)
3114 2237 3210 2291 καὶ
3254 2238 3469 2310 ἀληθῶς
3508 2239 3612 2310 τὴν
3649 2241 3810 2310 ἁγίαν

2231 2326 2509 2396 Παρθένον
2554 2326 2903 2398 κηρύττομεν
2933 2343 2947 2356 '
3001 2328 3077 2392 ὡς
3121 2330 3229 2400 γὰρ
3261 2330 3396 2394 Θεὸς
3427 2329 3638 2402 ἀληθὴς
3683 2335 3714 2385 ό
3755 2332 3811 2396 ἐξ

2231 2418 2405 2486 αὐτῆς
2439 2417 2744 2488 γεννηθεὶς,
2796 2418 3004 2490 ἀληθὴς
3053 2419 3380 2492 Θεοτόκοςή
3430 2421 3523 2476 τὸν
3551 2422 3809 2494 ἀληθινὸν

2231 2510 2364 2563 Θεδν
2405 2510 2468 2574 ἐξ
2516 2511 2686 2580 αὐτῆς
2721 2511 3144 2581 σεσαρκωμένον
3169 2514 3511 2583 γεννήσασα·
3539 2514 3680 2567 Θεὸν
3701 2515 3809 2586 γάρ

2231 2620 2414 2672 φαμεν
2443 2601 2504 2667 ἐξ
2536 2603 2709 2673 αὐτῆς
2745 2603 3129 2674 γεγεννῆσθαι,
3167 2606 3266 2675 οὑχ
3307 2606 3382 2670 ὡς
3418 2609 3516 2677 τῆς
3554 2606 3809 2677 θεότητος

2229 2697 2324 2750 τοῦ
2350 2696 2525 2765 Λόγου
2559 2695 2735 2767 ἀρχὴν
2761 2695 2856 2748 τοῦ
2886 2691 3025 2749 εἶναι
3069 2680 3346 2767 λαϐούσης
3375 2697 3436 2761 ἐξ
3465 2698 3667 2767 αὐτῆς,
3696 2699 3808 2752 ἀλλ’

2190 2854 2194 2859 η
2229 2784 2306 2849 ὼς
2347 2785 2514 2838 αὑτοῦ
2541 2785 2636 2839 τοῦ
2665 2784 2802 2838 Θεοῦ
2836 2786 3042 2854 Λόγου,
3075 2787 3140 2841 τὸ
3181 2788 3290 2859 πρὸ
3317 2787 3529 2843 αἰώνων
3561 2790 3809 2859 ἁχρόνως

2231 2877 2298 2928 ὲκ
2332 2876 2547 2948 [ἰατρὸς
2591 2875 2970 2948 γεννηθέντος,
3009 2879 3107 2931 καὶ
3153 2877 3409 2948 ἀνάρχως
3443 2879 3542 2932 καὶ
3597 2881 3806 2942 ἀϊδίως,

2232 2967 2568 3037 ὑπάρχοντος
2595 2980 2621 3008 ι
2653 2967 2750 3020 σὺν
2785 2966 2864 3038 τῷ
2907 2968 3084 3038 [lupi
3114 2967 3211 3021 καὶ
3254 2967 3332 3038 τῷ
3372 2967 3686 3038 Πνεύματι,
3727 2969 3810 3020 ἐπ’

2228 3059 2472 3130 ἐσχάτων
2505 3061 2614 3112 τῶν
2647 3059 2872 3131 ἡμερῶν
2911 3059 3001 3113 διὰ
3047 3059 3147 3130 τὴν
3191 3059 3468 3132 ἡμετέραν
3506 3063 3806 3133 σωτηρίαν.

2230 3153 2290 3207 ὲν
2332 3153 2398 3222 τῇ
2435 3152 2637 3223 γαστρὶ
2695 3151 2866 3222 αὐτῆς
2914 3153 3334 3223 ἐνοικήσαντος,
3387 3152 3481 3205 καὶ
3532 3154 3594 3220 ἐξ
3642 3155 3807 3223 αὐτῆς

2229 3243 2627 3316 ἀμεταϐλήτως
2663 3243 3040 3315 σαρκωθέντος
3070 3245 3167 3298 καὶ
3195 3243 3567 3315 γεννηθέντος.
3591 3247 3672 3299 Οὐ
3705 3247 3811 3316 γὰρ

2231 3332 2520 3404 ἄνθρωπον
2552 3332 2708 3401 ψιλὸν
2738 3333 3035 3404 ἐγέννησεν
3073 3333 3108 3403 ἡ
3150 3333 3282 3402 ἁγία
3331 3333 3634 3405 Παρθένος,
3675 3336 3810 3389 ἀλλὰ

2232 3424 2365 3478 Θεὸν
2395 3421 2648 3496 ἀληθινόν
2666 3436 2680 3452 ·
2705 3423 2766 3475 οὐ
2802 3421 3030 3492 γυμνὸν,
3050 3421 3185 3476 ἀλλὰ
3227 3423 3682 3494 σεσαρκωμένονο
3715 3426 3809 3478 οὐκ

2231 3516 2524 3588 οὐρανόθεν
2553 3514 2614 3570 τὸ
2650 3513 2808 3584 σῶμα
2850 3513 3256 3582 καταγαγόντα,
3284 3515 3378 3567 καὶ
3409 3514 3484 3578 ὡς
3511 3515 3605 3568 διὰ
3631 3517 3809 3586 σωλῆ-

2229 3626 2318 3672 νος
2349 3608 2416 3662 δι’
2447 3609 2618 3678 αὐτῆς
2646 3605 3004 3680 παρελθόντα,
3056 3605 3173 3660 ἀλλ’
3199 3606 3258 3673 ἐξ
3298 3607 3471 3674 αὐτῆς
3517 3607 3808 3676 ὁμοούσιον

2224 3703 2357 3772 ἡμῖν
2388 3700 2567 3772 σάρκα
2589 3697 2954 3762 ἀναλαϐόντα,
2977 3698 3070 3749 καὶ
3094 3697 3154 3748 ὲν
3183 3697 3362 3768 ἐαυτῷ
3388 3699 3780 3772 ὑποστήσαντα
3799 3741 3810 3752 .

2222 3793 2286 3846 Et
2319 3791 2428 3863 γὰρ
2459 3789 2756 3862 οὐρανόθεν
2782 3789 2843 3844 τὸ
2883 3789 3045 3862 σῶμα
3074 3788 3421 3859 κεκόμισται,
3448 3791 3545 3842 καὶ
3564 3792 3630 3843 οὐ
3707 3794 3803 3864 τῆς

2221 3883 2342 3938 καθ’
2377 3884 2527 3953 ἡμᾶς
2553 3881 2771 3951 φύσεως
2794 3881 3071 3952 εἴληπται,
3095 3879 3180 3946 τίς
3207 3881 3366 3951 χρεία
3393 3879 3494 3946 τῆς
3527 3883 3802 3951 ὲνανθρω-

2222 3975 2473 4046 πήσεως;
2509 3973 2573 4028 Ἦ
2602 3972 2710 4044 γὰρ
2747 3972 3161 4043 ὲνανθρώπησις
3203 3973 3298 4027 τοῦ
3346 3972 3482 4025 Θεοῦ
3509 3974 3689 4042 Λόγου
3720 3977 3804 4028 διᾶ

2230 4067 2386 4122 τοῦτο
2408 4067 2650 4137 γέγονεν,
2677 4067 2762 4120 ἴνα
2781 4067 2919 4139 αὑτὴ
2951 4069 2984 4138 ἡ
3008 4069 3393 4138 ἁμαρτήσασα,
3419 4069 3516 4123 καὶ
3535 4069 3799 4134 πεσοῦσα,

2228 4159 2322 4212 καὶ
2351 4157 2621 4229 φθαρεῖσα
2652 4157 2834 4227 φύσις,
2864 4158 3063 4230 νικήσῃ
3089 4159 3180 4212 τὸν
3215 4159 3575 4231 ἀπατήσαντα
3597 4160 3799 4233 τύραν·

622 4309 668 4341 ⁸⁸
707 4308 865 4364 Dion.
919 4309 994 4364 De
1027 4308 1132 4364 div.
1195 4325 1338 4364 nom.
1371 4324 1494 4380 cap.
1520 4309 1573 4363 8.
1661 4309 1704 4341 "
1743 4309 1906 4379 Greg.
1933 4309 2068 4365 Νη.
2094 4315 2258 4386 epist.
2309 4316 2334 4369 1
2379 4315 2446 4370 ad
2495 4313 2723 4372 Cledon.
2798 4315 2846 4347 ”
2885 4313 3050 4387 Greg.
3075 4313 3207 4371 Naz.
3242 4317 3376 4374 ibid.

1821 4473 2057 4531 VARIZE
2094 4477 2498 4536 LECTIONES.

627 4562 645 4634 ξ
678 4559 864 4634 Regg.
892 4563 946 4624 4,
971 4560 1126 4616 Colb.
1159 4561 1182 4614 1
1214 4570 1269 4616 et
1290 4561 1358 4618 N.
1391 4562 1594 4634 θεόητα

1717 4566 1775 4638 δὲ
1806 4567 1904 4638 τὴν
1940 4567 2268 4638 ὑπόστασιν.

2381 4582 2408 4610 ιι
2454 4574 2612 4631 Edita
2646 4585 2701 4631 ct
2739 4576 2966 4647 quidam
3001 4574 3221 4647 codices
3254 4578 3320 4646 τῇ
3360 4577 3549 4647 σαρκί.
3628 4587 3658 4614 '
3681 4578 3802 4634 HIC

552 4629 926 4717 h:i‘bent_'edita
953 4646 1074 4717 quae
1131 4647 1403 4702 nusquam
1440 4629 1641 4705 reperi.
1677 4633 1787 4693 Nec
1810 4629 1955 4708 apud
1991 4638 2333 4711 Vegelinutn,
2370 4647 2464 4714 qui
2487 4629 2667 4717 caput
2688 4629 2873 4703 ist'ud“
2889 4629 3355 4702 seorsimqedid'it
3401 4629 3797 4705 intellecta}:

554 4713 580 4740 ι
613 4699 790 4771 Vogel.
849 4699 1312 4773 συνυπάρχοντος.

2043 4859 2278 4918 NOTAE.

620 4945 1534 5034 (28)fcgftiitgfférnnpégchei
1559 4948 2112 5034 autemIGen‘itricem.
2149 4956 2192 5010 D
2220 4953 2503 5034 genitricis
2554 4959 2982 5034 praerogativam
3051 4962 3465 5034 impugnarant.
3526 4967 3798 5033 Quocirca

551 5015 680 5072 llaéc
710 5017 895 5071 omnia
919 5017 1125 5084 quibus
1164 5033 1270 5073 non
1307 5016 1596 5076 Nestorius
1633 5021 1818 5082 modo,
1851 5020 2117 5076 Samosa-

550 5097 735 5152 tenus,
761 5094 856 5158 aut
887 5085 1179 5158 Photinus,
1222 5088 1316 5143 sed
1347 5099 1403 5144 et
1441 5089 1733 5158 Basilides,
1772 5089 2118 5157 Valentinus,

549 5158 752 5232 aliique
803 5156 1058 5232 ejusdem
1117 5157 1352 5232 fui-[uris
1404 5156 1893 5232 perstringuntur,
1924 5156 2123 5216 Noster

548 5227 851 5299 desumpsit
880 5244 946 5283 ex
976 5228 1137 5299 epist.
1168 5228 1193 5282 1
1225 5227 1554 5286 Nazianzeni
1587 5227 2028 5293 ad'Cledonium,
2063 5233 2119 5286 in

547 5313 654 5372 qua
675 5296 1255 5372 :Theologus‘singula
1287 5301 1487 5369 capita,
1519 5301 1725 5372 quibus
1759 5303 1841 5355 vel
1870 5301 2116 5366 Christo,

548 5366 634 5422 vel
674 5366 920 5438 Deiparai
973 5366 1281 5424 detractum
1334 5366 1488 5437 erat,
1527 5366 1756 5427 totidem
1795 5371 2119 5426 anathema-

549 5437 745 5512 tismis
779 5440 1142 5512 proscripsit,
1195 5452 1254 5495 ut
1298 5439 1629 5512 Apollinarii
1673 5441 2112 5512 obtrectationes

549 5505 890 5587 retunderet.
942 5505 1077 5564 Nam
1113 5505 1310 5587 praeter
1343 5505 1678 5587 _'Ne_storium
1710 5511 1983 5587 Gnostici,
2015 5513 2111 5587 qui

546 5575 765 5653 Domini
805 5592 1025 5646 corpus,
1059 5575 1146 5633 vel
1185 5596 1214 5636 e
1249 5583 1392 5653 cmlo
1416 5582 1726 5651 delapsum,
1779 5581 1862 5636 vel
1903 5575 2112 5653 exele-

540 5650 744 5700 mentis
789 5657 1166 5718 compactum,
1196 5666 1293 5721 per
1333 5650 1585 5715 Mariam,
1619 5667 1720 5708 ceu
1773 5666 1870 5721 per
1922 5652 2114 5707 tubum

532 5724 931 5782 transmeasse,
975 5731 1080 5772 nec
1121 5735 1186 5776 ex
1230 5720 1347 5791 ipsa
1394 5731 1716 5796 generatum
1749 5720 1976 5790 tinxere,
2016 5722 2108 5776 Dei

2220 5023 2604 5105 'l“_l_teodorettis
2631 5023 2878 5105 Deiﬁara:
2915 5023 3243 5105 cognomen:
3271 5051 3336 5088 ea:
3361 5023 3799 5105 ιιροειοῗίιεαῖὲαΞ

2217 5095 2419 5173 άξιὶοῃε
2440 5095 2762 5173 susceptum
2789 5095 3023 5173 ait,‘lib'.
3054 5119 3084 5157 v
3133 5095 3284 5161 (latr.
3319 5095 3432 5173 [αό.
3462 5123 3514 5160 c.
3543 5110 3636 5170 18.
3664 5113 3800 5165 κατὰ

2216 5164 2316 5246 τῂν
2343 5164 2718 5246 ἀποστολικην.
2741 5171 3060 5241 παράδοσιν.
3088 5173 3234 5246 Illud
3259 5164 3676 5243 adhibuit,ante
3702 5164 3800 5235 Na-

2219 5239 2544 5318 ajanaettttm
2559 5239 3118 5318 3t_Cltrysostomunt
3153 5239 3704 5318 Atltanasitts,epist.
3737 5253 3798 5304 ad

2221 5307 2424 5384 ljjpict"
2453 5314 2528 5384 _ut
2555 5307 2862 5384 Qt'igenem
2881 5352 2894 5373 ,
2947 5313 3198 5382 aliosque
3220 5383 3231 5384 ί
3250 5307 3509 5384 ίαεοεωί
3536 5307 3798 5384 Quinimu

2221 5375 2536 5460 Aiesander
2583 5375 3188 5460 llierapol_ita_nus,_vir
3218 5383 3478 5460 Nestorio
3518 5375 3796 5460 tigrquam

2217 5448 2485 5526 addictus,
2522 5448 2756 5526 epistola
2791 5452 2856 5504 ad
2897 5450 3301 5526 Theodoretum
3333 5448 3551 5526 (synodi
3583 5448 3794 5517 lrénai.

2219 5525 2278 5594 _c.’
2311 5515 2719 5594 Diifatebatur
2749 5537 2920 5594 vocem
2951 5522 3202 5588 θεοτόκος
3231 5515 3552 5581 catholicam
3579 5546 3719 5594 esse,
3751 5515 3796 5582 et

2213 5584 2702 5666 infestivitatibus,
2735 5591 2843 5644 sive
2871 5584 3656 5666 pr_azconi_is,fincircumspecte
3686 5584 3812 5656 sil:-

2221 5655 2519 5726 adjeuione
2546 5655 2958 5728 usurpatam'ab
2999 5655 3330 5720 orthodoxis.
