3950 6304
210 370 352 435 Ιυὲἱ)

1272 369 1369 428 DE
1407 369 1584 429 FIDE
1623 365 2089 427 ORTHODOXA
2130 368 2254 426 LIB
2300 369 2391 429 III

3331 368 3464 433 1030

210 499 322 545 νον,
348 479 446 535 καὶ
468 479 616 533 οὓτω
650 478 750 548 τῆς
786 477 991 547 φθορᾶς
1018 477 1382 549 ὲλευόερωθῇ,
1407 476 1591 541 καθώς
1621 493 1789 547 φησιν

1900 483 2003 531 tem
2032 475 2237 530 idcirco
2279 477 2457 531 induit
2483 476 2551 541 ἰ,
2584 483 2644 532 ιιι
2689 475 2919 546 ipsamet
2968 483 3162 531 natura
3192 492 3311 547 quae
3340 495 3468 549 pec-

206 572 394 632 ὁθεῖος
409 568 752 631 Ἀπόστολος.
773 566 1012 634 Ἐπειδὴ
1030 566 1104 621 δι’
1125 567 1440 634 ἀνθρώπου
1460 569 1493 620 ὁ
1509 565 1785 630 θάνατος,

208 662 311 716 καὶ
338 662 415 716 δι’
443 660 760 728 ἀνθρώπου
782 658 1122 725 ἀνάστασις
1146 656 1394 726 νεκρῶν-⁸
1420 658 1469 711 εί
1492 657 1552 710 τὸ
1579 655 1796 727 πρῶτον

207 753 412 823 ἀληθὲς
439 761 491 815 1,
522 750 622 805 καὶ
647 750 709 803 τὸ
739 750 1014 819 δεύτερον.

1897 575 2137 632 caverat,
2173 567 2577 638 cecideratque,
2618 576 2672 622 et
2706 578 2966 639 corrupta
2999 577 3139 633 erat,
3169 576 3465 641 tyrannum

1892 657 1988 729 qui
2020 671 2080 713 se
2109 658 2426 728 deceperat,
2469 667 2777 728 superaret,
2826 660 3015 731 sicque
3048 675 3077 714 a
3108 662 3470 731 corruptione

1899 747 2295 813 vindicaretur,
2350 755 2413 802 ut
2444 748 2666 804 divinus
2708 750 3008 819 Apostolus
3051 750 3129 804 ait
3163 767 3176 804 :
3207 751 3469 817 Quoniam

207 859 306 913 per
336 843 602 897 hominem
630 855 795 905 mors,
820 849 869 894 et
897 854 990 907 per
1019 837 1282 893 hominem
1304 838 1620 893 resurrectio
1654 846 1986 892 mortuorum
2026 838 2093 893 η.
2126 835 2185 893 Si
2225 837 2463 910 primum
2530 839 2665 894 illud
2710 854 2836 895 vere
2903 840 3136 908 exstitit,
3222 856 3354 898 sane
3417 849 3471 896 et

204 932 541 991 secundum.

282 1025 348 1079 Et
370 1024 428 1077 δὲ
451 1021 546 1077 καὶ
565 1020 745 1091 λέγει·
787 1021 851 1074 '0
884 1018 1112 1089 πρῶτος
1147 1030 1170 1058 ι
1217 1020 1401 1091 Ἀδὰμ
1434 1019 1547 1091 (29)
1574 1020 1643 1074 ἐκ
1678 1016 1788 1089 γῆς

211 1112 446 1182 χοῖκὸς,
480 1113 513 1165 ὀ
552 1109 622 1164 δὲ
661 1109 944 1178 δεύτερος
980 1109 1174 1178 Ἀδὰμ,
1203 1111 1235 1163 ό
1261 1109 1478 1177 Κύριος
1505 1109 1574 1173 ἐξ
1612 1110 1791 1177 οὐρα-

1955 1011 2005 1045 ⁹³
2034 1010 2150 1068 Etsi
2195 1019 2375 1067 autem
2425 1012 2513 1069 his
2566 1013 2747 1072 verbis
2781 1016 2979 1081 utitur,
3028 1014 3242 1071 Primus
3296 1018 3469 1073 Adam

1889 1107 1952 1159 de
1994 1114 2158 1168 terra,
2228 1115 2484 1169 terrenus,
2544 1105 2806 1159 secundus
2862 1107 3060 1171 Adam,
3110 1110 3365 1165 Dominus
3407 1114 3470 1167 de

212 1203 350 1268 νοῦ,
382 1203 447 1256 οὑ
478 1202 541 1255 τὸ
575 1200 742 1271 σῶμά
770 1217 938 1271 φησιν
968 1202 1029 1267 ἐξ
1067 1201 1321 1271 οὐρανοῦ,
1356 1200 1495 1255 ἀλλὰ
1524 1200 1683 1271 δῆλον
1716 1199 1794 1263 ὼς

1900 1193 2017 1248 mlo
2043 1192 2112 1258 ⁸⁵,
2157 1206 2268 1246 non
2299 1192 2501 1256 innuit,
2534 1208 2733 1263 corpus
2775 1194 2897 1264 ejus
2931 1195 2999 1250 de
3028 1197 3173 1252 coelo
3224 1198 3469 1264 ﬂuxisse,

210 1295 280 1351 οὐ
309 1295 465 1367 ψιλὸς
496 1293 786 1366 ἅνθρωπός
817 1295 989 1349 ἐστιν.
1025 1292 1155 1347 Ἰδοὺ
1177 1293 1287 1363 γὰρ
1306 1293 1403 1347 καὶ
1431 1293 1602 1363 ’Δδὰμ
1630 1293 1794 1346 αὐτὸν

1900 1284 1986 1341 sed
2023 1298 2147 1338 eum
2180 1283 2386 1338 nudum
2416 1284 2689 1338 hominem
2723 1300 2831 1339 non
2864 1300 2986 1342 esse
3016 1289 3275 1343 ostendit.
3312 1288 3467 1353 Nam,

218 1388 501 1457 ὠνόμασε,
532 1387 627 1439 καὶ
661 1384 890 1455 Κύριον,
928 1385 990 1437 τὸ
1033 1386 1445 1456 συναμφότερον
1490 1384 1791 1456 σημαίνων.

230 1478 406 1549 Ἀδὰμ
438 1478 537 1548 μὲν
574 1477 683 1547 γὰρ
736 1476 1101 1547 ἑρμηνεύεται
1139 1476 1433 1547 γηγενήςο
1465 1477 1707 1547 γηγενὴς
1738 1476 1795 1528 δὲ

217 1568 384 1642 δῆλον
413 1570 496 1622 ὅτι
550 1568 703 1620 ἐστὶν
733 1568 767 1639 ἡ
799 1567 897 1620 τοῦ
941 1566 1231 1637 ἀνθρώπου
1282 1566 1465 1636 φύσις,
1494 1568 1529 1638 ἡ
1574 1567 1638 1619 ἐκ
1676 1565 1798 1636 χοὸς

221 1661 524 1716 πλασθεῖσα
545 1676 560 1691 ο
590 1659 649 1713 τὸ
678 1661 894 1729 Κύριος
917 1658 999 1723 δὲ,
1028 1657 1131 1730 τῆς
1161 1658 1310 1724 θείας
1327 1658 1518 1721 οὐσίας
1544 1658 1663 1711 ἐστὶ
1688 1673 1796 1711 πα·-

224 1751 575 1826 ραστατικόν,

1891 1385 1951 1429 ιιι
2006 1373 2178 1437 vides,
2231 1382 2285 1428 et
2317 1372 2607 1438 Adamum,
2663 1384 2718 1430 et
2778 1374 3091 1442 Dominum,
3129 1378 3288 1449 223
3345 1396 3471 1434 cum

1895 1465 2218 1538 appellavit,
2282 1476 2579 1536 utrumque
2636 1467 2799 1522 simul
2870 1468 3144 1526 indicans.
3231 1473 3473 1527 Adamus

1895 1560 2097 1631 quippe
2132 1560 2448 1629 terrigenam
2478 1566 2662 1614 sonat.
2694 1558 2890 1630 Liquet
2921 1570 3102 1617 autem
3135 1564 3470 1634 terrigenam

1892 1666 2018 1707 esse
2064 1651 2307 1707 hominis
2358 1660 2630 1716 naturam,
2675 1659 2735 1704 ut
2794 1666 2914 1721 qua:
2970 1669 3033 1708 ex
3092 1661 3240 1708 terra
3298 1654 3473 1710 ellicta

1893 1742 1989 1799 sit.
2024 1743 2240 1798 Domini
2291 1752 2474 1799 autem
2514 1742 2871 1810 vocabulum,
2927 1744 3172 1800 divinam
3218 1757 3474 1801 naturam

1893 1831 2130 1887 declarat
2144 1871 2158 1886 .

287 1935 459 1989 Πάλιν
497 1935 555 1989 δέ
592 1951 760 2005 φησιν
798 1937 826 1988 6
879 1934 1203 1999 Ἀπόστολος
1225 1950 1240 1967 ο
1284 1934 1720 2000 ἐξαπέστειλεν
1761 1939 1793 1990 ό

1969 1922 2049 1978 Ac
2077 1938 2275 1979 rursus
2329 1923 2400 1979 ita
2447 1923 2694 1995 loquitur
2739 1926 3293 1997 Apostolus":.ilisit
3335 1927 3473 1982 Deus

220 2027 368 2094 Θεὸς
388 2027 496 2081 τὸν
531 2027 670 2080 Υιύν
700 2027 888 2081 αὑτοῦ
917 2027 1026 2081 τὸν
1033 2026 1359 2097 μονογενῆ,
1382 2030 1708 2097 γενόμενον
1727 2029 1795 2082 ἐκ

216 2115 522 2183 γυναικός.
560 2114 673 2167 Οὐκ
704 2110 847 2181 εἷπε,
878 2113 977 2169 διὰ
1003 2119 1313 2184 γυναικός,
1355 2116 1472 2170 ἀλλ’
1500 2116 1569 2170 ἐκ
1590 2135 1795 2186 γυναι-

215 2206 344 2273 κός.
386 2206 690 2277 Ἐσήμανεν
743 2203 838 2261 οὖν
876 2209 905 2260 6
952 2207 1096 2271 θεῖος
1152 2207 1496 2273 Ἀπόστολος,
1525 2208 1603 2270 ὡς
1633 2207 1796 2270 αὐτός

215 2300 369 2352 ἐστιν
404 2300 433 2353 6
475 2299 767 2369 μονογενὴς
798 2299 924 2363 Υἱὸς
958 2299 1053 2353 τοῦ
1085 2298 1220 2353 Θεοῦ
1246 2300 1341 2353 καὶ
1377 2300 1530 2363 Θεὸς,
1552 2301 1580 2353 6
1601 2300 1664 2352 ὲκ
1698 2300 1796 2370 τῆς

220 2388 509 2462 Παρθένου
533 2390 823 2461 γενόμενος
848 2391 1159 2462 ἄνθρωπος,
1185 2392 1278 2446 καὶ
1315 2391 1641 2455 αὑτόςὲστιν
1670 2393 1697 2444 6
1732 2392 1797 2445 ὲκ

214 2483 320 2551 τῆς
349 2482 630 2554 Παρθένου
669 2483 974 2553 γεννηθεὶς,
1007 2485 1036 2536 6
1070 2484 1201 2547 Υἱὸς
1236 2483 1333 2537 τοῦ
1359 2484 1494 2539 Θεοῦ
1516 2486 1610 2539 καὶ
1630 2485 1793 2548 Θεός·

218 2577 506 2645 γεννηθεὶς
543 2575 601 2629 δὲ
644 2576 1000 2646 σωματικῶς,
1046 2576 1185 2631 καθὸ
1229 2576 1455 2645 γέγονεν
1489 2578 1795 2650 ἄνθρωπος,

213 2667 278 2720 οὐ
315 2666 818 2737 προδιαπλασθέντι
847 2667 1120 2740 ἀνθρώπῳ
1149 2670 1459 2740 ὲνοικήσας,
1483 2670 1559 2735 ὼς
1584 2671 1642 2723 ἐν
1666 2687 1798 2742 προ-

217 2755 392 2828 φήτῃ,
432 2755 550 2808 ἀλλ’
583 2756 748 2819 αὐτὸς
793 2756 1069 2820 οῦσιωδῶς
1116 2759 1209 2811 καὶ
1242 2757 1461 2829 άληθῶς
1507 2759 1799 2829 γενόμενος

217 2846 528 2919 ἄνθρωπος,
582 2849 702 2918 ἦτοι
735 2848 793 2903 ὲν
838 2851 905 2920 τῇ
965 2851 1260 2905 ὑποστάσει
1307 2849 1473 2905 αὐτοῦ
1515 2849 1799 2921 ὲψυχωμέ-

219 2953 320 3004 νην
350 2947 377 2977 ι
414 2938 591 3008 σάρκα
623 2939 769 3010 ψυχῇ
808 2940 1003 3011 λογικῇ
1043 2958 1102 2993 τε
1133 2940 1227 2995 καὶ
1264 2942 1427 3012 νοερᾷ
1458 2940 1794 3010 ὑποστήσας,

220 3026 319 3079 καὶ
354 3027 518 3091 αὐτὸς
543 3028 789 3097 γεγονὼς
833 3031 971 3102 αὐτῇ
1013 3030 1332 3095 ὑπόστασις.
1367 3030 1537 3084 Τοῦτο
1559 3032 1669 3100 γὰρ
1701 3047 1798 3101 ση-

222 3119 406 3190 μαίνει
433 3119 515 3185 τό,
555 3120 886 3190 γενόμενον
935 3123 1006 3175 ἐκ
1055 3122 1344 3192 γυναικός
1367 3138 1382 3154 ο
1434 3121 1550 3186 πῶς
1589 3121 1698 3193 γάρ
1731 3122 1798 3175 ἂν

1897 2014 2102 2070 Filium
2151 2032 2307 2070 suum
2357 2018 2686 2089 unigenitum
2715 2019 2917 2087 factum
2959 2035 3024 2073 ea:
3070 2021 3306 2074 muliere.
3352 2018 3474 2074 Non

1896 2106 2056 2169 dixit,
2109 2123 2203 2175 per
2251 2107 2547 2175 mulierem,
2606 2110 2726 2178 scd,
2784 2125 2850 2165 ex
2902 2110 3139 2165 muliere.
3202 2110 3476 2177 Quocirca

1898 2198 2235 2271 signiﬁcavit
2275 2214 2400 2255 eum
2452 2201 2632 2271 ipsum
2678 2217 2804 2258 esse
2854 2202 3197 2273 unigenitum
3240 2201 3338 2259 Dei
3384 2201 3479 2257 Fi-

1899 2296 2033 2351 lium
2078 2310 2142 2350 ae
2174 2294 2371 2358 Deum,
2405 2297 2498 2366 qui
2525 2312 2588 2351 ex
2620 2297 2846 2368 Virgine
2891 2298 3071 2354 factus
3129 2306 3216 2354 est
3262 2298 3428 2352 homo
3461 2315 3475 2353 :

1898 2397 2065 2460 atque
2094 2389 2224 2445 item
2272 2404 2397 2445 eum
2444 2391 2625 2460 ipsum
2680 2406 2746 2445 ex
2798 2389 3023 2461 Virgine
3055 2392 3298 2461 genitum
3330 2405 3477 2455 esse,

1898 2480 1994 2552 qui
2028 2477 2120 2534 Dei
2163 2478 2338 2535 Filius
2390 2495 2454 2534 ac
2498 2479 2643 2537 Deus
2691 2488 2800 2537 est.
2841 2480 3097 2535 Genitum
3147 2495 3312 2550 porro
3347 2495 3477 2535 cor-

1897 2586 2066 2641 poreo
2101 2570 2281 2639 modo,
2305 2585 2413 2641 qua
2455 2571 2669 2626 scilicet
2692 2571 2908 2626 ratione
2940 2570 3106 2626 homo
3137 2572 3316 2627 factus
3348 2582 3433 2626 est
3460 2592 3472 2627 :

1899 2661 1975 2716 ita
2026 2661 2310 2727 nimirum,
2360 2669 2421 2716 ut
2481 2676 2590 2716 non
2632 2662 2686 2716 in
2746 2662 2967 2718 homine
3025 2663 3181 2733 prius
3231 2663 3476 2728 condito,

1897 2762 2161 2823 tanquam
2196 2754 2253 2809 in
2286 2754 2551 2824 propheta
2597 2754 2954 2819 habitaverit,
2979 2770 3172 2811 verum
3201 2756 3317 2826 ipse
3343 2758 3477 2811 sub-

1900 2844 2236 2901 stantiaiiter
2285 2862 2349 2901 ac
2400 2861 2529 2901 vere
2575 2846 2755 2902 factus
2798 2848 2872 2902 sit
2907 2846 3112 2911 homo;
3148 2848 3251 2901 hoc
3280 2857 3385 2913 est,
3422 2849 3477 2901 in

1900 2952 2001 2992 sua
2054 2937 2336 3009 hypostasi
2388 2952 2613 2994 carnem
2669 2940 2855 2993 anima
2893 2940 3153 2994 rationali
3184 2939 3477 2995 etintelli-

1899 3035 2060 3098 gente
2116 3029 2414 3084 animatam
2462 3029 2718 3085 substare
2776 3030 2989 3096 fecerit,
3029 3032 3275 3101 seipsum
3329 3030 3478 3085 illius

1900 3120 2153 3188 praebens
2187 3120 2552 3191 hypnstasim.
2611 3118 2763 3175 lianc
2818 3122 2965 3176 enim
3019 3122 3477 3193 significationem

217 3212 384 3275 αὐτὸς
409 3214 437 3265 6
476 3212 569 3264 τοῦ
599 3212 735 3266 Θεοῦ
764 3214 936 3282 Λόγος
991 3214 1098 3268 ὑπὸ
1149 3215 1314 3285 νόμον
1342 3215 1588 3286 γέγονεν,
1631 3217 1682 3269 εί
1720 3216 1795 3287 μὴ

1900 3208 2062 3265 habet
2108 3210 2267 3273 illud,
2314 3211 2520 3280 factum
2582 3227 2648 3266 ea:
2714 3212 2953 3268 muliere.
3012 3212 3147 3269 Nam
3197 3230 3307 3284 quo
3364 3222 3480 3269 tan—

215 3299 506 3374 ἄνθρωπος
545 3304 681 3374 ἡμῖν
702 3304 992 3375 ὁμοούσιος
1016 3304 1261 3376 γέγονεν.

291 3577 456 3631 Ὅθεν
494 3576 724 3640 δικαίως
764 3576 859 3631 καὶ
889 3577 1108 3649 ἀληθῶς
1130 3578 1395 3634 Θεοτόκον
1430 3580 1530 3651 τὴν
1571 3581 1737 3649 ἁγίαν
1769 3582 1796 3622 b

218 3668 441 3739 Μαρίαν
485 3667 865 3739 ὀνομάζομεν
902 3669 1061 3724 τοῦτο
1090 3672 1199 3740 γὰρ
1229 3672 1291 3724 τὸ
1329 3672 1502 3743 ὄνομα
1537 3671 1685 3726 ἆπαν
1736 3672 1799 3726 τὸ

218 3761 525 3830 μυστήριον
559 3760 662 3831 τῆς
692 3761 1015 3832 οἰκονομίας
1042 3763 1348 3834 συνίστησι.
1382 3764 1447 3818 Εἰ
1478 3765 1587 3836 γὰρ
1615 3766 1799 3819 Θεοτὸο

216 3868 314 3913 κος
342 3852 376 3921 ἡ
401 3851 734 3921 γεννήσασα,
787 3852 1010 3917 πάντως
1040 3853 1174 3918 Θεὸς
1196 3856 1225 3908 6
1282 3853 1342 3921 ἐξ
1387 3855 1561 3925 αὐτῆς
1601 3872 1798 3928 γεννη-

215 3939 351 4001 θεὶς,
391 3939 609 4003 πάντως
637 3940 695 3993 δὲ
730 3943 824 3995 καὶ
858 3942 1168 4013 ἄνθρωπος.
1192 3942 1323 4016 ΔΠῶς
1362 3943 1473 4016 γὰρ
1506 3944 1572 3999 ἂν
1600 3946 1664 3998 ἐκ
1701 3962 1799 4013 γυ-

215 4030 409 4093 ναικὸς
460 4030 749 4103 γεννηθείη
799 4012 973 4097 Θεὸς.
1022 4034 1050 4087 6
1102 4012 1209 4104 7:96
1241 4012 1456 4087 αἰώνων
1510 4034 1649 4105 ἔχων
1696 4037 1797 4109 τὴν

217 4122 479 4192 ὕπαρξιν,
513 4122 563 4174 εί
595 4123 670 4195 μὴ
702 4123 991 4196 ἄνθρωπος
1020 4124 1283 4194 γέγονεν;
1323 4125 1381 4179 Ὀ
1414 4125 1519 4197 γὰρ
1551 4125 1679 4190 Υίὸς
1703 4128 1799 4181 ἁν-

217 4212 466 4282 θρώπου,
491 4213 779 4284 ἄνθρωπος
805 4215 1069 4286 δηλονότι.
1099 4216 1161 4269 Et
1194 4215 1250 4269 δὲ
1278 4215 1440 4280 αὐτὸς
1461 4219 1489 4270 6
1516 4217 1800 4290 γεννηθεὶς

216 4304 286 4357 ἐκ
308 4304 570 4372 γυναικὸς
601 4306 734 4369 Θεός
764 4308 934 4371 ἐστιν,
969 4300 1050 4370 εἷς
1070 4308 1185 4360 ἐστι
1224 4306 1469 4379 δηλονότι
1494 4310 1522 4363 6
1554 4311 1619 4365 ὲκ
1660 4308 1798 4363 Θεοῦ

217 4396 436 4466 Πατρὸς
459 4398 743 4468 γεννηθεὶς
787 4401 931 4453 κατὰ
960 4398 1059 4469 τὴν
1088 4398 1242 4454 θείαν
1283 4401 1382 4454 καὶ
1425 4401 1664 4473 ἄναρχον
1708 4403 1798 4456 οὐ·

215 4485 366 4550 σίαν,
389 4489 482 4540 καὶ
515 4488 601 4542 ἐπ’
633 4490 882 4559 ἐσχάτων
906 4490 1017 4543 τῶν
1043 4491 1251 4562 χρόνων
1289 4493 1354 4546 ὲκ
1383 4492 1482 4561 τῆς
1516 4492 1795 4566 Παρθένου

1896 3300 2019 3357 dem
2076 3311 2236 3372 pacto
2288 3302 2585 3372 ipsummet
2642 3302 2739 3359 Dei
2799 3303 3038 3359 Verbum
3082 3306 3187 3362 sub
3228 3307 3347 3377 lege
3394 3307 3476 3359 t'a-

1897 3400 2046 3449 ctum
2084 3402 2258 3457 esset,
2289 3394 2401 3449 nisi
2445 3394 2609 3449 homo
2640 3394 2886 3464 ejusdem
2918 3411 2983 3451 ac
3009 3412 3110 3452 nos
3144 3397 3478 3453 substantia:

1897 3484 2243 3541 exstitisset?

1972 3573 2068 3628 Dei
2101 3573 2383 3629 Geuitricis
2424 3591 2631 3638 nomen,
2668 3586 2837 3630 totum
2874 3578 3179 3648 mysterium
3213 3577 3472 3632 declarat.

1896 3696 1968 3707 —
1997 3665 2190 3721 Merito
2239 3665 2408 3736 igitur
2432 3676 2487 3721 ct
2523 3683 2652 3722 vere
2688 3676 2940 3723 sanctam
2986 3668 3215 3724 Mariam
3276 3668 3471 3739 Deipa-

1898 3771 2017 3812 ram
2077 3756 2440 3827 appellamus.
2500 3755 2615 3812 iioc
2644 3758 2793 3812 enim
2843 3773 3041 3815 nomen
3082 3767 3258 3814 totum
3293 3761 3475 3825 incar-

1902 3847 2141 3903 nationis
2186 3848 2512 3918 mysterium
2565 3848 2790 3902 astruit.
2835 3849 2996 3915 Nam,
3049 3851 3094 3905 si
3157 3850 3250 3905 Dei
3299 3852 3477 3905 Mater

1896 3949 1984 3997 est
2019 3954 2142 4009 qua:
2186 3939 2399 4010 genuit,
2460 3938 2710 4009 proiecto
2768 3938 2923 4003 Deus
2963 3950 3047 3995 est
3094 3942 3187 4011 qui
3245 3958 3309 3997 ex
3359 3943 3477 4012 ipsa

1898 4033 2119 4103 genitus
2149 4038 2234 4088 est
2267 4050 2280 4086 :
2332 4029 2584 4100 proiecto
2621 4030 2791 4085 etiam
2844 4031 3026 4085 homo.
3060 4030 3195 4085 Nam
3238 4033 3331 4101 qui
3361 4033 3476 4087 ﬁeri

1898 4123 2190 4195 potuisset,
2243 4132 2305 4176 ut
2334 4120 2501 4185 Deus,
2530 4122 2624 4192 qui
2678 4128 2804 4175 ante
2848 4121 3048 4188 saecula
3076 4123 3350 4184 exstabat,
3409 4138 3473 4176 ex

1899 4215 2134 4271 muliere
2175 4222 2519 4275 nasceretur,
2575 4213 2679 4268 nisi
2715 4213 2879 4266 homo
2934 4212 3115 4268 factus
3153 4214 3342 4267 esset?
3375 4213 3475 4279 Qui

1898 4307 2045 4362 enim
2096 4305 2242 4361 (ilius
2270 4312 2352 4360 est
2393 4304 2658 4370 hominis,
2695 4304 2859 4359 homo
2905 4306 3068 4359 etiam
3120 4306 3238 4374 ipse
3284 4304 3357 4358 sit
3384 4319 3478 4359 ne-

1898 4412 2118 4454 cessum
2155 4404 2260 4451 est.
2306 4394 2461 4462 Quod
2513 4396 2557 4451 si
2601 4395 2691 4449 ille
2724 4394 2841 4466 ipse
2869 4396 2963 4465 qui
3000 4412 3064 4451 ex
3118 4395 3349 4450 muliere
3383 4409 3479 4449 na-

1899 4500 1992 4545 tus
2020 4496 2129 4553 est,
2170 4487 2314 4544 Deus
2340 4495 2446 4550 est,
2495 4503 2640 4543 unus
2677 4488 2871 4557 procul
2926 4487 3096 4543 dubio
3141 4498 3305 4558 atque
3336 4486 3475 4540 idem

213 4578 431 4647 τεχθεὶς
464 4579 606 4632 κατὰ
629 4580 729 4651 τὴν
760 4581 1047 4652 ὴργμένην
1076 4582 1170 4636 καὶ
1215 4584 1321 4636 ὑπὸ
1350 4583 1543 4655 χρόνον
1581 4584 1796 4646 οὐσίαν,

1900 4590 2004 4645 est,
2040 4581 2131 4650 qui
2166 4595 2232 4633 cx
2278 4579 2391 4635 Deo
2436 4577 2601 4635 Patre
2650 4580 2871 4649 genitus
2910 4588 3016 4645 est,
3053 4580 3199 4650 quod
3237 4579 3302 4633 ad
3342 4579 3479 4632 divi-

213 4668 336 4738 ἦτοι
359 4668 461 4739 τὴν
485 4669 856 4741 ἀνθρωπίνην.
890 4671 1062 4724 Τοῦτο
1086 4672 1143 4725 δὲ
1175 4672 1304 4742 μίαν
1339 4672 1665 4737 ὑπόστασιν,
1704 4674 1798 4727 καὶ

320 4808 363 4840 ⁹¹
404 4807 506 4863 inf.
540 4824 662 4881 cap.
698 4811 782 4866 i8.
872 4812 918 4845 θ’
951 4810 971 4867 1
1002 4810 1130 4868 Cor.
1165 4828 1256 4879 xv,
1287 4812 1378 4869 2i.

1477 4811 1523 4845 ⁹³
1552 4810 1715 4883 Greg.
1752 4811 1887 4867 Naz.
1914 4810 2050 4867 ibid.

1906 4686 2032 4726 nam
2075 4679 2130 4724 et
2173 4668 2320 4724 initii
2374 4676 2655 4739 expertem
2704 4668 3068 4725 substantiam
3098 4670 3318 4732 attinet,
3352 4668 3476 4737 qui—

2158 4808 2207 4841 ”
2239 4806 2256 4861 l
2284 4806 2410 4863 Cor.
2447 4822 2537 4872 xv,
2566 4806 2658 4861 47.
2735 4807 2782 4839 ³⁸
2827 4804 3005 4860 Galat.
3032 4819 3107 4871 ιν,
3140 4804 3193 4857 ιι.

1508 4943 1747 4999 VARIAE
1787 4940 2195 4999 LECTIONES.

289 5085 325 5152 ζ
348 5075 501 5152 Edita
535 5075 772 5152 ἀληθῴς.
853 5086 875 5113 ι
903 5075 1084 5147 Vogel.
1124 5077 1213 5133 hic
1242 5085 1295 5133 et
1327 5078 1472 5133 infra
1507 5080 1815 5151 ἄνθρωπος,
1845 5079 1943 5135 uti
1967 5048 2033 5136 ad
2075 5081 2202 5137 Cor.
2257 5098 2348 5148 xv,
2399 5078 2492 5146 47,
2542 5078 2793 5152 legimus.
2870 5091 2896 5121 ⁸
2928 5078 3009 5133 Ai.
3070 5079 3476 5151 ἐμψυχομένην.

1074 5258 1083 5271 .
1733 5216 1959 5272 NOTAE.

447 5307 512 5382 '_0
549 5303 1010 5382 nmmum”.
1046 5304 1281 5382 ﬁrmius
1332 5303 1543 5382 Atiam,
1590 5316 1698 5382 etc_.
1739 5308 1797 5363 in
1899 5310 2372 5382 subsequentibus
2408 5312 2532 5368 istis
2580 5314 2763 5370 verbis
2801 5313 3078 5377 confutat,
3116 5311 3290 5381 qualis
3325 5312 3477 5366 cmic-

220 5149 252 5189 ³ο
284 5145 471 5217 Vegei.
500 5146 794 5213 παναγίαν.

164 5422 177 5437 ι
217 5374 414 5434 Bibliis
443 5374 646 5433 Grarcis
693 5376 926 5444 legimus
951 5377 965 5428 l
995 5374 1061 5429 ad
1093 5377 1218 5429 Cor.
1251 5391 1341 5435 xv.
1369 5375 1434 5429 7:
1477 5377 1529 5428 '0
1569 5377 1800 5445 πρῶτος

216 5451 536 5515 ἄνθρωπος
567 5449 636 5501 ἐκ
667 5445 802 5518 γῆς,
837 5446 1071 5518 χοϊκόςο
1105 5449 1137 5518 ο
1170 5445 1798 5518 δεύζεροςνᾶνθρωπος

214 5519 289 5581 ἐξ
321 5514 604 5585 οὐρανοῦ,
629 5514 930 5584 οὐράνιος.
953 5515 1009 5569 In
1035 5516 1269 5586 vulgatis
1297 5514 1505 5570 Latinis
1535 5534 1547 5570 :
1579 5517 1795 5571 Primus

215 5592 376 5642 Immo
408 5588 471 5642 de
516 5598 682 5652 terra,
732 5598 969 5640 terrenus
1003 5602 1019 5646 ;
1056 5585 1317 5639 secundus
1360 5587 1513 5640 homo
1548 5590 1610 5641 de
1642 5590 1791 5651 male,

214 5659 466 5713 (celestis.
500 5658 575 5712 Ex
609 5660 709 5711 huc
751 5658 875 5711 loco
920 5655 1189 5710 inferebat
1220 5657 1598 5724 Apollinarius
1630 5658 1792 5713 Chri-

216 5739 367 5782 stum
428 5743 535 5783 non
568 5727 816 5796 eamdem
866 5736 1033 5796 atque
1071 5726 1342 5781 Adamum
1389 5736 1639 5783 naturam
1692 5730 1789 5783 ha-

218 5800 430 5863 buisse,
466 5815 627 5870 quem
661 5795 984 5868 Nysscnus’,
1025 5813 1079 5850 ιι.
1132 5797 1219 5863 ii,
1249 5798 1398 5853 nullo
1453 5801 1673 5870 negotio
1720 5816 1782 5855 ex

1896 5382 2018 5453 stis,
2061 5384 2195 5437 tales
2247 5392 2295 5437 et
2324 5384 2592 5447 ca’lestes,
2640 5394 2696 5438 ut
2735 5383 3184 5453 quandoquidem
3225 5384 3478 5437 cmlestes

1896 5452 2149 5508 homines
2208 5454 2435 5509 alterius
2487 5455 2708 5523 generis
2755 5452 2993 5509 inenteni
3044 5461 3097 5506 et
3139 5460 3393 5506 naturam
3447 5468 3477 5506 ιι

1894 5524 2107 5576 caeteris
2145 5523 2463 5577 hominibus
2513 5538 2623 5574 non
2673 5524 2898 5585 habent,
2938 5524 3019 5580 sic
3048 5538 3270 5593 quoque
3314 5523 3473 5577 Chri-

1894 5600 2032 5663 stus.
2079 5593 2240 5647 Plura
2302 5594 2472 5647 videri
2507 5601 2743 5660 possunt
2795 5594 2942 5663 apud
2993 5594 3364 5647 Athanasium
3420 5594 3475 5645 in

1900 5662 2053 5735 libris
2076 5665 2446 5735 conti-aliane
2488 5662 2906 5729 Increticum,et
2943 5665 3085 5734 apud
3115 5662 3480 5735 Theologum,

1898 5733 2061 5801 epist.
2104 5736 2124 5787 i
2165 5734 2230 5787 ad
2267 5732 2491 5788 Cledon.
