3950 6304
467 319 602 386 1031
1635 312 1697 371 S.
1735 309 2058 373 IOANNIS

2159 305 2531 368 AMASCENI
3585 302 3729 368 1032

461 449 572 503 quo
617 430 876 487 extremis
931 425 1272 498 temporibus
1318 439 1382 479 ea
1413 423 1728 480 substantia
1783 436 1906 492 qua:
1937 421 2039 475 ini-

2159 419 2240 473 itio
2268 418 2484 487 φύσεις,
2521 418 2618 472 καὶ
2641 417 2734 471 δύο
2769 413 3052 485 γεννήσεις
3086 415 3341 482 σημαίνει
3377 413 3473 469 τοῦ
3513 415 3728 486 Κυρίου

463 525 600 577 tium
632 520 848 580 habuit.
899 515 1244 586 temporiquc
1303 513 1556 584 subjecta
1613 521 1721 577 est,
1775 511 1880 565 hoc
1932 519 2038 575 est,

2159 507 2306 580 ἡμῶν
2343 508 2518 580 Ἰησοῦ
2546 508 2809 580 Χριστοῦ.

463 617 724 677 humana,
767 627 834 668 ex
881 610 1106 680 Virgine
1169 617 1336 663 natus
1369 615 1476 663 est.
1517 605 1634 661 Hoc
1683 618 1818 660 vero
1870 618 2039 660 unam
2080 603 2300 660 Domini
2346 603 2548 659 nostri-
2584 602 2716 660 Jesu
2752 620 3068 675 personam,
3156 603 3407 674 duasque
3471 610 3734 665 naturas,

461 715 517 762 et
553 707 690 759 duas
721 703 1105 773 generationes
1141 700 1441 770 signiﬁcat.

532 798 922 865 Christiparam
958 794 1143 849 Patres
1171 797 1344 848 dicere
1378 792 1760 847 detrectarunt.
1810 790 2046 846 Nestorii

2217 789 2589 859 Χριστοτόκον
2623 789 2680 842 δὲ
2710 789 2824 862 (50)
2866 790 3118 860 οὐδαμῶς
3165 804 3347 858 φαμεν
3372 799 3395 827 ο
3431 787 3531 857 τὴν
3559 787 3730 856 ἁγίαν

465 901 589 946 vox.
642 895 699 938 ut
740 885 955 937 dicatur
998 883 1244 937 Christus
1291 882 1602 952 Θεοφόρος,
1656 891 1795 935 recte
1823 881 2048 934 sentien-

2159 880 2445 953 Παρθένον,
2473 881 2608 935 διότι
2643 883 2731 934 ἐπ’
2761 883 3042 953 ἀναιρέσει
3075 881 3176 951 τῆς
3213 881 3504 946 Θεοτόκος
3535 882 3732 950 φωνῆς

467 979 622 1042 ιὶιιηι,
654 986 711 1028 ιιι
743 975 884 1029 Deus
929 975 1266 1028 incarnatus.
1319 970 1538 1025 Natura
1571 977 1807 1024 humana
1837 972 1892 1024 in
1929 971 2048 1037 ipsa

2159 974 2180 1026 θ
2210 972 2431 1044 μιαρὸς,
2460 973 2552 1026 καὶ
2587 973 2862 1044 βδελυρὸς,
2886 975 2983 1027 καὶ
3013 972 3397 1044 Ίουδαιόφρων
3425 973 3730 1042 Νεστόριος

467 1068 799 1136 conceptione
839 1065 1006 1119 Verbo
1046 1066 1218 1119 unita.
1246 1094 1314 1102 —
1337 1065 1406 1117 At
1439 1079 1570 1118 vero
1621 1073 1883 1118 sanctam
1921 1060 2046 1116 Vir-

467 1163 648 1232 ginem
683 1158 1004 1229 neutiquam
1047 1157 1448 1226 Christiparam
1483 1170 1890 1225 nuncupamus,
1919 1155 2048 1225 quia

470 1253 536 1306 ad
582 1250 910 1304 abolendum
952 1248 1200 1312 Deipara:
1258 1247 1587 1301 vocabulum
1631 1244 1920 1301 Nestorius
1963 1246 2046 1310 ⁸⁸,

472 1344 723 1411 impurus
773 1341 862 1394 ille
924 1351 979 1394 et
1039 1337 1434 1400 exsecrandus,
1480 1339 1776 1407 animoque
1803 1335 2050 1401 Judaeus,

473 1433 604 1486 illud
652 1431 965 1502 ignominim
995 1445 1113 1494 vas,
1146 1431 1198 1483 in
1243 1439 1622 1500 contemptum
1659 1429 1780 1499 ejus
1808 1445 1929 1500 qua:
1959 1445 2050 1484 su-

472 1539 569 1593 per
607 1532 920 1578 creaturam
953 1537 1174 1575 omnem
1229 1523 1346 1578 sola
1391 1537 1518 1576 vere
1548 1522 1776 1576 colenda
1818 1529 1926 1589 est,
1957 1520 2050 1576 Dei

469 1612 1215 1684 Genitricis(disrumpatur
1273 1614 1396 1668 licet
1433 1613 1524 1667 ille
1558 1627 1681 1666 cum
1731 1622 1887 1683 patre
1948 1628 2048 1668 suo

473 1705 723 1776 Satana),
757 1707 864 1760 hoc
892 1705 1132 1760 nominis
1152 1705 1504 1775 excogitavit,
1533 1705 1680 1774 quod
1709 1705 2048 1760 obtruderet.

474 1797 764 1852 Enimvero
815 1812 910 1851 rex
967 1796 1135 1849 David
1181 1796 1427 1851 christus
1452 1812 1672 1866 quoque
1718 1796 1944 1861 dicitur,
1999 1806 2054 1852 et

473 1888 717 1958 pontifex
751 1889 958 1954 Aaron,
1015 1887 1218 1957 quippe
1271 1903 1396 1941 cum
1447 1904 1603 1958 reges
1636 1896 1692 1942 et
1740 1889 2054 1944 sacerdotes

486 1981 611 2048 ungi
639 1979 923 2034 solerent:
969 1979 1217 2048 quinimo
1247 1979 1431 2048 quivis
1468 1981 1632 2034 homo
1672 1979 1818 2049 pius,
1861 1990 1914 2034 et
1965 1980 2054 2035 cui

478 2075 620 2128 Deus
659 2071 1006 2140 aspiraverit,
1040 2069 1296 2126 Christus
1333 2071 1440 2138 dici
1478 2072 1674 2141 possit,
1705 2082 1762 2126 at
1791 2086 1900 2126 non
1932 2086 2056 2141 per-

476 2165 606 2220 imle
648 2176 848 2220 natura
910 2164 1087 2232 Deus;
1114 2167 1271 2237 juxta
1309 2180 1372 2220 ac
1396 2167 1695 2222 exitiabilis
1741 2167 1832 2221 ille
1864 2165 2057 2222 Nesto-

477 2255 596 2310 rius
643 2270 767 2310 cum
801 2256 892 2325 qui
927 2255 994 2310 dc
1034 2254 1254 2326 Virgine
1303 2263 1464 2311 natus
1497 2263 1601 2321 est,
1655 2256 1931 2311 Deiferum
1961 2271 2056 2310 ore

478 2345 837 2402 fremebundo
869 2346 1264 2416 pronuntiavit.
1297 2344 1499 2402 Verum
1535 2347 1639 2400 hoc
1660 2347 1806 2402 absit
1837 2361 1866 2400 a
1895 2345 2059 2421 224

482 2437 662 2502 nobis,
695 2445 754 2492 ut
783 2453 910 2492 eum
964 2438 1206 2493 atllatum
1261 2454 1292 2493 a
1345 2440 1477 2505 Deo,
1523 2436 1874 2495 Dciierumve
1906 2439 2058 2494 dica-

481 2543 626 2593 mus,
687 2530 767 2583 vel
810 2530 1118 2600 cogitemus
1170 2531 1238 2598 ⁹⁷;
1297 2531 1408 2586 imo
1469 2532 1656 2603 potius
1710 2532 2056 2586 incarnatum

481 2619 676 2674 Deum.
723 2618 1022 2691 lpsummet
1065 2620 1462 2678 enimVerbum
1522 2621 1726 2677 factum
1774 2631 1860 2678 est
1905 2637 2056 2688 caro,

484 2717 546 2765 ut
591 2720 920 2782 conceptum
971 2712 1192 2784 quidem
1257 2714 1325 2769 de
1388 2712 1615 2785 Virgine
1667 2714 1858 2779 fuerit,
1915 2714 2059 2770 Deus

486 2817 615 2857 vero
656 2803 926 2874 prodierit
973 2819 1099 2859 cum
1146 2812 1428 2874 assumpta
1473 2815 1668 2859 natura
1699 2819 1862 2876 quam
1903 2804 2060 2861 deifi-

487 2903 644 2948 carat
671 2894 836 2949 simul
865 2902 1028 2963 atque
1056 2895 1322 2964 producta
1365 2903 1470 2950 est.
1524 2894 1736 2951 Exinde
1779 2895 1883 2950 tria
1915 2897 2063 2967 pari-

2145 1064 2206 1117 τὸ
2239 1063 2433 1126 σκεῦος
2456 1064 2554 1134 τῆς
2583 1065 2842 1136 ἀτιμίας,
2883 1064 2980 1118 καὶ
3027 1065 3123 1117 ἐπὶ
3171 1065 3370 1134 ἀτιμίᾳ
3417 1063 3521 1132 τῆς
3559 1063 3732 1134 μόνης

2149 1156 2318 1220 ὅντως
2361 1157 2738 1227 τετιμημένης
2785 1156 2926 1228 ὑπὲρ
2975 1157 3159 1210 πᾶσαν
3212 1156 3394 1209 κτίσιν
3435 1156 3728 1219 Θεοτόκου,

2150 1248 2256 1302 κᾶν
2283 1241 2441 1311 οὗτος
2488 1247 2886 1319 διαρῤήγνυται
2909 1248 2938 1288 ά
2990 1249 3087 1300 σὺν
3118 1248 3197 1318 τῷ
3242 1247 3411 1318 πατρὶ
3449 1247 3620 1300 αὐτοῦ
3649 1247 3733 1317 τῷ

2153 1340 2386 1410 Σατανᾷ,
2430 1339 2637 1410 ταύτην
2666 1339 2765 1408 τὴν
2799 1340 3172 1411 προσηγορίαν
3200 1338 3489 1409 ὲξηύρατο,
3519 1338 3598 1402 ὡς
3625 1340 3730 1394 ἑπ-

2152 1429 2531 1499 ηρεαζομένην
2566 1440 2588 1468 α
2631 1429 2852 1500 χριστὸς
2879 1430 2990 1500 γὰρ
3024 1430 3118 1482 καὶ
3146 1431 3175 1482 6
3203 1428 3370 1482 Δαϐὶδ
3398 1430 3427 1481 6
3451 1428 3729 1498 βασιλεὺς,

2155 1521 2251 1574 καὶ
2273 1521 2300 1573 6
2325 1520 2537 1590 Ἀαρὼν
2563 1522 2591 1572 6
2621 1520 2915 1590 ἀρχιερεύς
2935 1537 2949 1552 ·
2975 1519 3152 1574 ταῦτα
3172 1519 3280 1589 γὰρ
3300 1521 3370 1574 τὰ
3395 1520 3414 1558 ί
3442 1521 3728 1590 χριόμενα,

2157 1612 2402 1682 βασιλεία
2432 1629 2490 1664 τε
2519 1614 2615 1665 καὶ
2649 1612 2937 1682 ἰερωσῦνη·
2968 1613 3063 1666 καὶ
3091 1615 3201 1675 πᾶς
3233 1611 3492 1682 θεοφόρος
3513 1612 3733 1683 ἄνθρω-

2156 1722 2255 1767 πος
2291 1704 2524 1775 Χριστὸς
2566 1703 2824 1773 λέγεσθαι
2863 1704 3108 1770 δύναται,
3137 1703 3252 1758 ἀλλ’
3286 1705 3348 1756 οὐ
3378 1703 3510 1764 Θεὸς
3541 1702 3730 1772 φύσει,

2152 1797 2228 1860 ὡς
2276 1796 2371 1850 καὶ
2438 1796 2736 1867 Νεστόριος
2777 1798 2805 1849 6
2850 1795 3146 1867 θεήλατος,
3190 1797 3282 1848 τὸν
3331 1796 3397 1848 ὲκ
3446 1795 3730 1866 Παρθένου

2150 1887 2412 1957 τεχθέντα
2445 1886 2706 1957 θεοφόρον
2740 1888 2850 1957 (3|)
2885 1889 3063 1941 εἰπεῖν
3089 1888 3418 1957 ὲφρυάξατο.
3463 1887 3647 1957 Ἠμᾶς
3673 1887 3728 1940 δὲ

2157 1979 2233 2049 μὴ
2263 1980 2477 2048 γένοιτο
2513 1979 2774 2050 θεοφόρον
2818 1979 2981 2033 αὑτὸν
3008 1981 3034 2019 ⁸
3063 1980 3295 2049 εἰπεῖνῆ
3349 1978 3562 2048 νοῆσαι,
3595 1979 3733 2033 ἀλλὰ

2154 2072 2288 2125 Θεὸν
2319 2071 2764 2142 σεσαρκωμένον.
2803 2070 2978 2134 Αὐτὸς
3012 2071 3121 2142 γὰρ
3150 2073 3178 2124 6
3223 2071 3396 2140 Λόγος
3440 2072 3579 2142 σὰρξ
3609 2072 3732 2141 ἐγέ-

2155 2180 2296 2225 νετο,
2337 2162 2565 2232 κυηθεὶς
2621 2163 2718 2234 μὲν
2763 2163 2827 2216 ὲκ
2878 2165 2979 2234 τῆς
3019 2163 3321 2236 Παρθένου,
3351 2162 3636 2233 προελθὼν
3676 2163 3733 2217 δὲ

2155 2253 2285 2318 Θεὸς
2323 2254 2465 2324 μετὰ
2494 2255 2595 2325 τῆς
2638 2255 3016 2326 προσλήψεως,
3049 2257 3149 2326 ἢδη
3187 2256 3280 2310 καὶ
3309 2257 3480 2325 αὐτῆς
3513 2257 3609 2310 ὑπ’
3637 2256 3736 2311 αὖ-

2155 2342 2248 2395 τοῦ
2284 2343 2603 2414 θεωθείσης,
2641 2345 2759 2416 ἅμα
2796 2349 2865 2417 τῇ
2917 2348 2996 2409 εἰς
3029 2347 3089 2401 τὸ
3133 2341 3273 2400 εἶναι
3316 2347 3525 2417 ταύτης
3587 2364 3734 2418 παρ-

2155 2437 2374 2505 αγωγῇ,
2407 2434 2481 2498 ὡς
2528 2435 2664 2505 ὁμοῦ
2696 2435 2949 2503 γενέσθαι
2997 2435 3068 2489 τὰ
3097 2436 3246 2507 τρία,
3279 2436 3378 2507 τὴν
3400 2437 3731 2508 πρόσληψιν,

2155 2523 2255 2594 τὴν
2285 2523 2546 2594 ὕπαρξιν,
2576 2525 2675 2596 τὴν
2696 2525 2894 2580 θέωσιν
2931 2527 3102 2598 αὐτῆς
3129 2528 3233 2581 ὑπὸ
3268 2527 3360 2581 τοῦ
3395 2529 3572 2596 Λόγου
3591 2547 3606 2562 ·
3643 2531 3735 2584 καὶ

2157 2613 2300 2668 οὕτω
2319 2615 2578 2679 νοεῖσθαι,
2592 2618 2685 2670 καὶ
2705 2617 2962 2687 λέγεσθαι
2981 2618 3372 2690 Θεοτόκοντὴν
3401 2620 3565 2689 ἁγίαν
3594 2621 3739 2692 Hap-

2159 2705 2333 2771 θένον,
2363 2707 2424 2761 οὐ
2453 2708 2614 2778 μόνον
2639 2708 2730 2762 διὰ
2770 2709 2868 2780 τὴν
2894 2709 3056 2779 φύσιν
3082 2709 3178 2763 τοῦ
3209 2711 3408 2779 Λόγου,
3453 2711 3594 2765 ἀλλὰ
3645 2713 3738 2767 καὶ

2158 2796 2249 2852 διὰ
2275 2797 2372 2869 τὴν
2403 2798 2598 2855 θέωσιν
2626 2799 2721 2854 τοῦ
2746 2799 2845 2854 ἀνθ
2857 2801 3112 2871 ρωπίνου,
3150 2794 3226 2856 ὧν
3255 2801 3391 2871 ἅμα,
3426 2802 3521 2856 καὶ
3541 2805 3576 2873 ἡ
3611 2802 3740 2856 σύλ-

2160 2887 2362 2958 ληψις,
2417 2890 2512 2944 καὶ
2558 2891 2592 2961 ἠ
2640 2889 2877 2962 ὓπαρξις
2916 2891 3501 2966 τεθαυματούργηταιο
3544 2895 3582 2964 ὴ
3639 2895 3739 2966 μὲν

489 2991 576 3040 ter
613 2999 721 3040 una
751 2985 1126 3055 contigerunt,
1159 2985 1420 3040 nimirum
1471 2986 1617 3058 quod
1643 3000 1927 3058 assumpta
1958 2989 2024 3044 sit
2044 3027 2058 3053 ,

2165 2979 2450 3068 σύλληψις.
2479 2981 2573 3035 τοῦ
2609 2982 2800 3050 Λόγου,
2828 2983 2930 3054 τῆς
2957 2984 3014 3037 δὲ
3051 2985 3335 3056 σαρκὸς,ή
3377 2987 3435 3038 ὲν
3469 2984 3626 3056 αὑτῷ
3661 2985 3739 3060 τῷ

489 3075 635 3145 quod
698 3076 996 3142 exstiterit,
1051 3077 1197 3146 quod
1259 3076 1512 3132 deiﬁcata
1563 3093 1592 3132 a
1632 3077 1814 3133 Verbo
1872 3077 2060 3134 fuerit.

492 3165 630 3222 llinc
655 3167 711 3221 tit
735 3175 795 3220 ut
840 3165 1006 3238 Virgo
1047 3176 1261 3234 sancta,
1295 3168 1390 3223 Dei
1423 3168 1670 3224 Genitrix
1711 3178 1825 3225 tum
1855 3171 2064 3227 intelli-

491 3265 674 3327 gatur,
704 3265 818 3312 tum
850 3258 1177 3328 appelletur,
1218 3273 1328 3314 non
1359 3259 1523 3314 modo
1548 3268 1775 3331 propter
1807 3272 2063 3318 naturam

495 3345 681 3415 Verbi,
712 3348 807 3403 sed
830 3349 994 3402 etiam
1025 3350 1096 3403 ob
1125 3351 1520 3406 humanitatem
1547 3351 1753 3408 deitate
1780 3354 2063 3423 donatam,

494 3438 767 3508 stupendo
811 3439 1079 3492 miraculo
1120 3441 1355 3509 patratis
1391 3441 1555 3495 simul
1598 3442 1791 3497 horum
1830 3451 1884 3500 et
1933 3459 2067 3500 con-

493 3529 744 3598 ceptione
773 3535 825 3582 et
861 3527 1208 3594 exsistentia,
1246 3529 1395 3584 verbi
1427 3530 1648 3599 quidem
1681 3534 2066 3604 conceptione,

494 3617 680 3673 carnis
709 3631 837 3672 vero
885 3618 1204 3673 exsistentia
1233 3619 1287 3672 in
1318 3619 1436 3688 ipso
1455 3618 1658 3675 Verbo.
1686 3620 1807 3692 Ipsa
1833 3637 2068 3694 namque

497 3706 591 3761 Dei
647 3705 896 3761 Genitrix
939 3721 1105 3776 supra
1167 3715 1381 3762 naturae
1407 3707 1551 3779 leges
1589 3723 1775 3764 rerum
1823 3712 2067 3765 omnium

495 3800 675 3856 lictori
725 3800 1205 3865 subministrabat,
1254 3801 1402 3856 unde
1435 3801 1552 3874 ipse
1582 3817 1802 3876 quoque
1832 3804 2070 3876 ﬁngere-

497 3899 609 3952 tur,
642 3891 1142 3960 universorumque
1179 3889 1453 3946 conditori
1478 3891 1612 3956 Deo,
1643 3898 1704 3946 ut
1730 3898 2068 3962 assumptam

496 3983 893 4040 humanitatem
949 3983 1151 4039 deitate
1203 3982 1441 4049 donans,
1496 3983 1661 4039 homo
1715 3983 1833 4054 ipse
1892 3983 2068 4047 tieret,

497 4059 644 4128 cun?
672 4074 890 4130 interim
935 4075 1088 4140 unio,
1129 4088 1251 4144 qua!
1275 4073 1430 4128 unita
1466 4082 1618 4139 sunt,
1642 4074 1772 4128 talia
1803 4083 2070 4142 servaret,

500 4165 679 4234 qualia
719 4166 873 4220 unita
916 4174 1124 4230 essent,
1164 4164 1267 4219 hoc
1312 4171 1419 4231 est,
1451 4178 1560 4220 non
1606 4163 1952 4220 divinitatem
1983 4181 2065 4222 so-

2166 3069 2326 3143 Λὸγῳ
2376 3071 2648 3144 ὖπαρξις,
2685 3074 2861 3145 αὐτῆς
2899 3075 3000 3145 τῆς
3051 3077 3394 3150 Θεομήτορος
3443 3079 3740 3152 ὑπερφυῶς

2164 3163 2509 3235 χορηγούσης
2546 3165 2606 3218 τὸ
2652 3165 2962 3237 πλασθῆναι
3003 3167 3082 3239 τῷ
3127 3170 3361 3243 πλάστῃ,
3412 3173 3600 3228 καὶτὸ
3644 3175 3740 3227 av-

2166 3252 2542 3325 θρωπισθῆναι
2568 3257 2647 3328 τῷ
2670 3257 2789 3329 Θεῷ
2819 3259 2912 3312 καὶ
2938 3263 3136 3332 ποιητῇ
3164 3261 3256 3315 τοῦ
3280 3263 3502 3328 παντὸς,
3526 3263 3742 3320 θεοῦντι

2164 3344 2226 3397 τὸ
2256 3345 2615 3418 πρόσλημμα,
2653 3348 2934 3418 σωζούσης
2967 3351 3065 3420 τῆς
3091 3352 3336 3417 ὲνώσεως
3370 3355 3436 3408 τὰ
3465 3355 3741 3410 ὲνωθὲντα

2165 3435 2412 3502 τοιαῦτα,
2439 3435 2528 3491 οἷα
2577 3439 2672 3492 καὶ
2700 3440 2938 3510 ἦνωνται
2963 3457 2976 3472 ·
3015 3444 3077 3495 οὐ
3118 3443 3178 3496 τὸ
3216 3444 3358 3498 θεῖον
3385 3445 3528 3514 λέγω
3553 3447 3740 3518 μόνον,

2165 3525 2304 3578 ἀλλὰ
2334 3527 2428 3579 καί
2457 3527 2518 3580 τὸ
2539 3528 2883 3599 ἀνθρώπινον
2906 3531 3000 3585 τοῦ
3035 3533 3294 3604 Χριστοῦ,
3316 3535 3376 3588 τὸ
3407 3537 3548 3606 ὑπὲρ
3571 3538 3742 3608 ἡμᾶς,

2167 3619 2265 3670 καὶ
2287 3618 2411 3672 καθ’
2447 3619 2615 3690 ἡμᾶς.
2663 3620 2802 3675 Οὔτε
2824 3622 2934 3692 γὰρ
2983 3625 3276 3696 γενόμενον
3317 3628 3590 3699 πρότερον
3621 3630 3743 3684 καθ’

2166 3715 2335 3784 ἡμᾶς.
2365 3714 2592 3788 ὕστερον
2637 3718 2864 3788 γέγονεν
2909 3719 3050 3792 ὑπὲρ
3082 3723 3263 3791 ἡμᾶς’
3317 3722 3453 3777 ἀλλὰ
3490 3724 3584 3777 ἀεὶ
3620 3725 3650 3766 δ
3682 3727 3745 3780 ὲκ

2169 3805 2398 3877 πρώτης
2428 3807 2719 3880 ὑπάρξεως
2745 3810 2912 3882 ἄμφω
2947 3813 3156 3884 ὑπῆρξε
3185 3817 3228 3880 ί,
3262 3814 3351 3868 διὰ
3384 3815 3443 3868 τὸ
3475 3816 3534 3882 ἐξ
3567 3817 3745 3886 ἄκρας

2170 3899 2486 3972 συλλήψεως
2515 3903 2572 3956 ὲν
2601 3903 2750 3976 αὐτῷ
2785 3905 2865 3978 τῷ
2903 3906 3064 3987 Λόγῳ
3109 3907 3208 3979 τὴν
3240 3908 3474 3981 ὕπαρξιν
3509 3910 3746 3980 ἐσχηκέ-

2167 4005 2295 4043 ναι’
2347 3991 2690 4064 ἀνθρώπινον
2746 3995 2846 4065 μὲν
2887 3991 2982 4052 οὖν
3037 3999 3153 4052 ἐστι
3202 3999 3344 4052 κατὰ
3387 3999 3486 4070 τὴν
3534 4001 3746 4053 οἰκείαν

2170 4078 2355 4147 φύσιν,
2385 4080 2524 4135 Θεοῦ
2572 4082 2758 4138 δὲκαὶ
2815 4085 2980 4150 θεῖον,
3032 4088 3350 4158 ὑπερφυῶς.
3383 4091 3504 4143 Ἔτι
3552 4090 3611 4143 δὲ
3651 4094 3746 4146 καὶ

2169 4169 2272 4238 τῆς
2310 4170 2558 4243 ἐμψύχου
2591 4174 2793 4244 σαρκὸς
2820 4175 2893 4229 τὰ
2921 4176 3191 4248 ἰδιώματα
3219 4179 3349 4250 ἔσχε
3371 4195 3386 4210 ⁸
3419 4180 3745 4246 κατεδέξατο

495 4256 633 4318 lum,
677 4256 773 4310 sed
815 4255 980 4310 etiam
1039 4253 1247 4310 Christi
1299 4253 1739 4322 humanitatem;
1788 4271 1894 4313 nec
1936 4257 2058 4314 illud

2172 4259 2284 4330 γὰρ
2316 4262 2456 4317 αὐτὰ
2496 4265 2524 4317 6
2555 4264 2751 4333 Λόγος,
2784 4268 3096 4340 οἰκονομίας
3123 4270 3289 4342 λόγῳ,
3319 4270 3556 4342 φυσικῆς
3589 4275 3746 4343 xw!)-

499 4346 675 4400 solum
721 4345 868 4414 quod
902 4360 1070 4416 supra
1109 4354 1234 4411 nos;
1281 4346 1378 4402 sed
1405 4353 1460 4402 et
1503 4346 1556 4402 id
1602 4346 1750 4418 quod
1811 4360 2058 4406 nostrum

2171 4369 2311 4417 σεως
2339 4353 2489 4428 τάξει
2520 4357 2660 4410 κατὰ
2690 4357 2950 4428 ἀλήθειαν
2985 4363 3232 4432 φυσικῶς
3269 4363 3534 4434 γινόμενα
3557 4363 3610 4422 i.

497 4445 602 4492 est.
646 4433 766 4492 Non
807 4435 952 4492 enim
1023 4451 1149 4491 cum
1195 4444 1324 4494 ante
1381 4438 1563 4495 nostri
1607 4439 1808 4497 similis
1848 4441 2179 4511 exstitisset,
2245 4453 2438 4517 postea
2519 4451 2775 4522 superior
2823 4453 2986 4510 nobis
3042 4456 3256 4512 evasit:
3320 4457 3417 4514 sed
3461 4472 3684 4529 semper
3716 4473 3748 4516 ι

593 4569 640 4604 ⁸⁸
669 4569 838 4640 Cyril.
871 4571 938 4626 ad
969 4572 1272 4630 monachos
1301 4571 1469 4645 epist.
1493 4575 1547 4630 1.
1628 4575 1675 4610 ⁸⁷
1703 4575 1877 4650 Cyril.
1897 4578 1997 4640 lib.
2029 4595 2046 4636 ι
2073 4580 2236 4637 Cont.
2277 4581 2429 4640 Nest.

1729 4691 1958 4750 VABLE
2003 4695 2410 4758 LECTIONES.

608 4788 632 4818 ο
678 4777 860 4842 Vogel.
919 4792 971 4831 et
1032 4796 1165 4836 mss.
1217 4782 1308 4836 alii
1359 4788 1420 4842 οὗ

1475 4802 1550 4854 φα
1559 4803 1678 4856 μεν.

503 4847 627 4925 Coe-
669 4848 728 4925 ..ί
765 4847 1152 4925 Mel-5&5“!
1181 4853 1288 4925 γὰρ
1321 4849 1454 4925 Ιῆνιε

1781 4787 1810 4829 ἀ
1851 4793 2032 4860 vegel.
2063 4795 2540 4870 _6ta66q~{v6qrat.

1535 4855 2038 4956 :IVegielliuu-sniirqn
2063 4855 2193 4948 legit
2216 4855 2426 4934 ἀὺέὸνξ
2453 4882 2507 4926 et
2530 4855 2639 4942 pro
2674 4855 2903 4944 νοῆοῗιιξ
2923 4855 3527 4950 ρόέἰῗή”ένξᾱὴἇὲιιζ”υῑ

2659 4814 2682 4842 ο
2737 4804 2903 4884 ῥριιᾱ
2951 4805 3155 4884 Veg_el._
3203 4807 3359 4884 deest
3395 4809 3470 4874 ὡς
3502 4814 3752 4884 ὲτςηρεα-

506 4927 558 4973 et
585 4917 741 4974 Colb.
769 4919 819 4974 l.
850 4917 864 4920 ’
894 4920 920 4959 h
950 4918 1111 4976 Deest
1130 4917 1624 4996 asl,'apud'Vegel.
1676 4917 1723 4968 vi
1749 4925 1821 4984 IL-
1846 4917 2286 5008 ευεοιὲτῖῥῇεοῖζ

2012 5024 2257 5085 NOTAE.

464 5101 476 5114 κ
576 5103 686 5190 (30)
702 5104 1116 5190 KRWWfdeV
1141 5105 1227 5188 ᾆέο
1261 5110 1330 5190 ε
1352 5103 1762 5190 Citri‘s'lt'param.
1789 5110 1913 5168 Haec
1936 5131 2066 5185 vox,

504 5190 611 5245 qua
653 5175 842 5227 ambas
876 5183 1103 5230 naturas
1138 5177 1435 5245 signiﬁcari
1475 5175 1766 5236 Nestorius
1794 5175 2068 5252 praetexe;

505 5245 620 5309 bat,
650 5243 935 5315 exsutllata
963 5256 1074 5311 est,
1107 5249 1255 5302 velut
1301 5245 1367 5301 ad
1400 5252 1842 5315 praestantiorem
1877 5255 2067 5315 aliam.

505 5283 620 5309 ,σαι-ι,
650 5283 935 5324 ντ-...ιυηιιι
963 5283 1074 5311 νει,
1113 5283 1255 5302 γυιιιι
1301 5283 1367 5301 απ
1401 5283 1842 5315 γιωσηιιιιιυιῦιη
1877 5283 2067 5325 altat",

503 5323 560 5370 et
586 5315 960 5390 antiquiorem
992 5317 1797 5390 supprimendamexcogitata.

575 5385 689 5459 (ΞΗ)
713 5384 1385 5459 ⁸Θιεςοεριξρωξ.ἸΜςμιηιῃι.
1421 5384 1802 5459 Nazianzenus
1836 5402 2072 5453 testatur

502 5453 744 5535 ορίειέξξ
784 5453 854 5510 ad
897 5457 1135 5535 Cledon.‘
1181 5453 1579 5535 Apollinarium
1638 5475 1825 5535 vocem
1876 5464 2064 5535 θεοφό-

504 5523 601 5602 ρον
633 5523 904 5594 Deigcrum
926 5523 1349 5602 exclusisse-tut
1381 5526 1549 5602 Deum
1574 5532 1913 5602 σαρκοφόρον
1945 5523 2066 5590 car-

503 5595 744 5679 nigrarum
775 5606 1068 5679 astrueret.
1103 5599 1348 5679 basilius
1377 5595 1775 5679 Magnusflibl
1810 5595 2064 5679 Dquir.

499 5670 678 5719 sanct.
713 5666 848 5737 c.‘5,
889 5667 1046 5723 llam.
1079 5669 1143 5722 de
1180 5670 1343 5723 natio.
1377 5673 1434 5722 et
1470 5666 1527 5721 in
1572 5672 1710 5737 psal.
1743 5686 1831 5733 Lv.
1863 5666 2066 5734 Christi

492 5744 724 5795 carnem
761 5733 1022 5812 θεοφόρον
1071 5737 1240 5806 dicit.
1283 5733 1732 5816 Cyrillusfcum
1780 5733 2068 5808 Nestorius

2169 5121 2359 5202 Basilii
2405 5123 2788 5202 auctoritatem
2820 5127 3152 5202 obtendens,
3181 5131 3464 5189 Cbristmn
3493 5149 3620 5193 esse
3650 5137 3752 5194 ho-

2167 5192 2704 5274 minem_l_)eigerum
2745 5197 3091 5274 inclamaret,
3140 5192 3516 5274 nequidquam
3571 5192 3752 5263 refra-

2167 5260 2759 5350 gante‘qtbeodoretoh
2781 5272 2969 5350 anath.
2993 5270 3054 5350 β,
3081 5260 3246 5350 ὀι-ἱπί
3262 5260 3502 5350 Deiéns._
3526 5260 3754 5350 negavit

2167 5330 2447 5413 C‘hristum
2475 5335 2681 5413 debere
2709 5335 2817 5392 dici
2838 5330 3106 5413 _Qso_'.96pov
3133 5341 3448 5413 ᾁνθρωπον,
3482 5330 3751 5403 hominem

2169 5401 2469 5470 Deigerum.
2506 5403 2764 5460 Profecto
2803 5401 2963 5462 aliud'
2994 5401 3080 5465 est
3121 5401 3329 5468 Christi
3363 5401 3593 5471 carnem
3631 5401 3753 5473 δέοᾲ

2172 5473 2448 5560 perieret
2480 5474 2633 5560 aliud
2669 5476 2977 5560 Chri_stum_
3003 5481 3597 5560 hominemﬂeopépov
3627 5506 3754 5560 pro-

2171 5543 2448 5614 nuntiare.
2480 5542 2666 5599 Primo
2692 5549 2856 5601 modo
2887 5549 3018 5605 unio
3041 5552 3381 5608 substantiva
3412 5542 3604 5612 carnis
3628 5542 3751 5614 Eum

2173 5613 2376 5694 deitate
2408 5627 2519 5694 non
2560 5617 2911 5694 excluditur;
2947 5630 3002 5675 at
3036 5624 3283 5678 secundo
3329 5639 3589 5694 personae
3631 5613 3754 5683 dus

2175 5689 2518 5762 statuuntur,
2551 5700 2651 5740 nec
2687 5685 2780 5762 Dei
2814 5687 2986 5747 Filius
3025 5705 3055 5746 ει
3102 5685 3422 5751 sanctorum
3465 5695 3752 5762 hominum

2173 5750 2494 5810 conditione
2524 5758 2851 5819 secernitur.
