3950 6304
263 308 403 376 1033

261 428 445 499 primo
500 431 625 481 ortu
695 429 994 495 utrumque
1057 419 1271 478 exstitlt
1324 440 1338 476 :

1321 303 1420 364 DE
1457 301 1640 364 FIDE
1666 302 2131 364 ORTHODOXA
2166 306 2315 367 LIB.
2351 307 2468 369 III.

3375 310 3517 372 1034

1404 420 1664 491 quoniam
1708 435 1740 474 a
1794 420 2116 491 primordiis
2154 422 2540 493 conccptionis
2609 422 2663 478 in
2728 423 2850 494 ipso
2913 422 3095 479 Verbo
3148 424 3528 481 exsistentiam

262 523 477 579 habuit.
504 520 796 588 Quocirca,
819 519 965 589 quod
1018 525 1360 587 assumptum
1396 514 1498 571 fuit
1530 523 1726 586 suapte
1770 515 1990 586 quidem
2040 525 2237 571 natura
2266 516 2567 573 humanum
2607 528 2717 583 est,
2766 518 2862 574 Dei
2915 528 3099 574 autem
3175 529 3230 574 et
3280 519 3529 575 divinum

262 609 676 682 supernaturali
719 608 957 679 quodam
1018 607 1203 664 modo.
1238 605 1382 672 Quin
1433 606 1686 662 animatae
1719 607 1939 676 quidem
1979 607 2165 662 carnis
2219 608 2587 691 proprietates
2635 610 2867 664 habuit:
2904 625 3001 667 eas
3040 610 3185 664 enim
3242 611 3532 681 dispensa-

264 703 437 763 tionis
482 715 599 756 sua:
633 699 855 754 ratione
924 696 1165 752 Verbum
1231 697 1498 766 suscepit,
1532 711 1653 766 qua:
1682 696 1987 751 secundum
2031 696 2305 752 naturalis
2355 706 2536 753 motus
2592 697 2842 754 ordinem
2882 713 3009 754 vere
3062 700 3343 755 naturales
3378 708 3529 755 sunt.

762 790 1016 842 ΚΕΦΑΛ.
1061 785 1137 840 ῐΓ¹
1179 785 1351 859 [NZ'].

504 880 649 951 napi
687 879 1015 949 ἰδιωμάτων
1041 878 1161 932 τῶν
1201 878 1311 933 δύο
1340 866 1627 947 φύσεων(

337 974 557 1030 Τέλειον
596 973 655 1027 δὲ
701 971 836 1025 Θεὸν
881 969 1280 1040 ὁμολογοῦντες
1308 969 1402 1023 τὸν
1434 969 1597 1024 αὐτὸν
1640 967 1849 1039 Κύριον

265 1068 428 1140 ἡμῶν
466 1064 678 1137 Ἰησοῦν
717 1062 975 1134 Χριστὸν,
1009 1061 1105 1117 καὶ
1147 1061 1359 1115 τέλειον
1399 1061 1707 1132 ἄνθρωπον,
1748 1078 1852 1130 φα-

270 1160 373 1231 μὲν
394 1160 486 1213 τὸν
509 1158 674 1212 αὐτὸν
709 1155 888 1210 πάντα
924 1153 1073 1225 ἔχειν
1119 1154 1220 1206 ὅσα
1245 1155 1273 1207 6
1309 1153 1522 1223 Πατὴρ,
1567 1152 1706 1223 πλὴν
1751 1151 1855 1220 τῆς

266 1249 630 1321 ἀγεννησίας·
661 1248 758 1302 καὶ
783 1248 962 1302 πάντα
996 1244 1141 1316 ἔχειν
1163 1246 1265 1299 ὅσα
1294 1246 1324 1298 6
1361 1244 1532 1315 Ἀδὰμ
1559 1246 1587 1298 6
1614 1242 1850 1315 πρῶτος,

269 1343 396 1414 δίχα
442 1343 611 1412 μόνης
658 1341 758 1411 τῆς
811 1339 1121 1410 ἁμαρτίας·
1170 1338 1329 1391 ἅτινά
1381 1338 1498 1389 ἐστι
1558 1336 1717 1405 σῶμα
1760 1335 1855 1387 καὶ

268 1434 417 1505 ψυχὴ
443 1433 636 1503 λογικὴ
670 1450 733 1486 τε
770 1432 865 1487 καὶ
890 1430 1060 1504 νοερά
1133 1430 1278 1499 ἔχειν
1307 1430 1365 1483 δὲ
1395 1429 1560 1483 αὐτὸν
1582 1429 1851 1499 καταλλήο

271 1523 383 1584 λως
415 1525 535 1585 ταῖς
562 1521 656 1575 δύο
690 1521 909 1589 φύσεσι,
939 1519 1107 1573 διπλᾶ
1142 1519 1211 1572 τὰ
1242 1516 1354 1571 τῶν
1383 1516 1477 1571 δύο
1504 1516 1721 1586 φύσεων
1752 1534 1855 1586 φυ-

275 1614 443 1669 σικά’
491 1614 589 1667 δύο
621 1612 867 1683 θελήσεις
896 1610 1154 1680 φυσικὰς,
1194 1612 1293 1681 τήν
1332 1627 1391 1663 τε
1439 1609 1590 1662 θείαν
1622 1610 1715 1662 καὶ
1756 1608 1857 1680 τὴν

274 1707 659 1778 ἀνθρωπίνην,
705 1706 800 1759 καὶ
844 1703 1126 1775 ἐνεργείας
1154 1702 1248 1757 δύο
1294 1703 1555 1772 φυσικὰς,
1604 1701 1755 1755 θείαν
1797 1719 1857 1755 τε

273 1798 370 1853 καὶ
399 1789 772 1869 ἀνθρωπίνην,
814 1796 911 1849 καὶ
943 1794 1273 1859 αὐτεξούσια
1314 1792 1409 1846 δύο
1448 1792 1678 1861 φυσικὰ,
1715 1791 1858 1845 θεῖόν

273 1909 333 1944 τε
362 1892 457 1945 καὶ
482 1889 849 1960 ἀνθρώπινον,
879 1888 974 1940 καὶ
998 1887 1194 1956 σοφίαν
1224 1904 1284 1939 τε
1327 1886 1424 1939 καὶ
1452 1884 1675 1954 γνῶσιν,
1710 1883 1859 1937 θείαν

278 2000 338 2037 τε
371 1984 465 2037 xci.
494 1981 863 2053 ἀνθρωπίνην.
898 1979 1220 2046 Ὀμοούσιος
1246 1977 1356 2049 γὰρ
1393 1976 1469 2030 ὢν
1493 1977 1572 2046 τῷ
1603 1976 1723 2047 Θεῷ
1763 1977 1860 2029 καὶ

278 2075 492 2145 Πατρὶ,
546 2072 914 2136 αὐτεξουσίως
959 2070 1102 2124 θέλει
1156 2071 1249 2124 καὶ
1315 2071 1532 2141 ἐνεργεῖ
1580 2069 1655 2131 ὡς
1702 2069 1856 2132 Θεός.

290 2166 609 2237 Ὀμοούσιος
648 2165 705 2218 δὲ
751 2164 827 2217 ὣν
861 2164 956 2217 καὶ
991 2165 1145 2234 ἡμῖν,
1178 2162 1544 2228 αὐτεξουσίως
1580 2161 1728 2214 θέλει
1767 2162 1861 2215 καὶ

277 2259 499 2327 ἐνεργεῖ
535 2257 612 2318 ὡς
658 2255 947 2326 ἄνθρωπος
983 2256 1011 2307 6
1051 2254 1235 2317 αὐτός.
1266 2252 1441 2306 Αὑτοῦ
1470 2253 1579 2323 γὰρ
1616 2252 1688 2304 τὰ
1725 2251 1857 2304 θαύ-

282 2364 453 2417 ματα,
485 2344 651 2399 αὐτοῦ
677 2345 773 2397 καὶ
803 2344 872 2396 τὰ
898 2342 1222 2411 παθήματα.

2560 788 2716 844 CAP.
2760 790 2901 844 XIII.

2124 878 2203 934 De
2234 881 2512 934 cntharum
2554 889 2867 934 naturarum
2911 883 3348 950 proprietatibus.

2019 969 2155 1025 Dure
2179 971 2233 1024 in
2260 969 2472 1024 Christo
2499 970 2794 1025 voluntates
2822 980 2871 1024 et
2903 972 3253 1039 operationes.
3277 1002 3346 1011 —
3366 969 3532 1026 Eum-

1950 1058 2072 1113 dem
2105 1073 2271 1128 porro
2297 1057 2594 1113 Dominum
2626 1068 2875 1114 nostrum
2914 1058 3101 1115 Iesum
3140 1059 3445 1125 Christum,
3479 1068 3535 1116 et

1954 1149 2262 1221 perfectum
2321 1150 2519 1218 Deum,
2563 1162 2617 1206 et
2660 1151 2964 1222 perfectum
3006 1152 3291 1207 hominem
3338 1152 3536 1221 praedi-

1952 1252 2161 1307 cantes,
2208 1244 2310 1297 hoc
2346 1242 2689 1312 proﬁtemur,
2723 1243 2977 1298 eumdem
3008 1254 3063 1298 et
3085 1243 3274 1298 omnia
3310 1244 3533 1309 habere,
3638 1238 3639 1241 “

1955 1349 2078 1404 quin
2108 1334 2272 1389 Pater
2310 1336 2495 1401 habet,
2552 1345 2781 1406 excepta
2818 1336 3049 1405 iugeniti
3078 1338 3454 1405 preprietate;
3483 1344 3539 1389 et

1955 1427 2141 1482 omnia
2199 1429 2351 1493 item,
2400 1445 2523 1500 quae
2563 1430 2778 1502 primus
2816 1430 3015 1493 Adam,
3066 1440 3297 1498 excepto
3355 1429 3537 1484 solum

1957 1525 2225 1587 peccato,
2285 1518 2394 1574 hoc
2454 1525 2558 1585 est,
2611 1533 2819 1589 corpus
2850 1528 2906 1573 et
2935 1520 3179 1573 animam
3230 1518 3444 1572 ratione
3484 1526 3540 1572 et

1964 1610 2328 1680 intelligentia
2385 1611 2706 1681 praditam:
2765 1612 2898 1682 quin
2933 1610 3138 1666 habere
3181 1612 3348 1666 etiam
3387 1625 3539 1676 eum,

1958 1701 2040 1757 uti
2110 1703 2325 1758 duabus
2385 1705 2601 1758 naturis
2650 1711 3084 1759 consentaneum
3135 1711 3243 1766 est,
3291 1702 3541 1771 duplices

1959 1799 2281 1848 naturarum
2339 1795 2574 1849 duarum
2631 1796 2914 1850 naturales
2983 1796 3390 1865 proprietates;
3436 1797 3541 1849 hoc

1960 1895 2064 1951 est,
2099 1886 2239 1941 duas
2275 1887 2558 1942 naturales
2589 1888 2963 1955 operationes,
2993 1887 3233 1940 divinam
3261 1896 3315 1941 et
3354 1887 3540 1942 huma-

1962 1993 2127 2045 nam;
2161 1978 2301 2033 duas
2358 1980 2646 2034 naturales
2688 1980 2906 2034 arbitrii
2958 1980 3262 2045 libertates,
3296 1980 3542 2034 divinam

1962 2079 2016 2124 et
2034 2071 2348 2124 'humanam
2380 2090 2392 2125 :
2428 2086 2491 2126 ac
2521 2070 2760 2140 denique
2804 2072 3130 2141 sapientiam
3158 2079 3213 2126 et
3248 2070 3542 2127 scientiam

1964 2156 2261 2225 duplicem,
2301 2156 2544 2212 divinam
2584 2168 2637 2213 et
2684 2159 3004 2213 humanam.
3051 2158 3185 2214 Nam
3230 2175 3355 2215 cum
3395 2159 3545 2229 ejus-

1968 2248 2091 2303 dem
2139 2262 2203 2302 ac
2233 2248 2400 2305 Pater
2451 2250 2781 2305 substantia:
2826 2252 2924 2314 sit,
2976 2252 3146 2306 libero
3192 2254 3304 2307 vult
3345 2263 3400 2307 et
3430 2252 3547 2321 agit

1968 2350 2029 2395 ut
2058 2340 2248 2398 Deus:
2299 2358 2498 2398 rursus
2525 2359 2649 2397 cum
2697 2345 3190 2400 consubstantialis
3234 2346 3307 2402 sit
3353 2345 3535 2407 nobis,

280 2440 453 2495 libere
482 2439 614 2495 item
652 2439 766 2492 vult
790 2446 846 2493 et
875 2438 1009 2507 agit,
1035 2445 1091 2490 ut
1120 2437 1302 2490 homo.
1340 2433 1516 2505 Ipsius
1548 2435 1692 2489 enim
1728 2434 1994 2491 miracula
2025 2442 2175 2498 sunt,
2208 2434 2383 2504 ipsius
2415 2450 2636 2505 quoque
2670 2437 2978 2505 passiones.

774 2528 1027 2581 ΚΕΦΛΛ.
1072 2524 1147 2579 IA'
1187 2525 1369 2597 [NH'].

284 2621 427 2691 Περὶ
473 2621 827 2691 θελημὰτωνξ
869 2622 966 2675 καὶ
1015 2619 1431 2691 αὺτεξουσίωγ
1484 2619 1590 2673 τοῦ
1641 2617 1862 2686 Κυρίου

712 2689 883 2761 ’ἡμῶν
933 2690 1136 2759 Ἰησοῦ
1163 2688 1441 2757 Χριστοῦ.

370 2784 587 2854 Ἐπειδὴ
621 2783 722 2853 μὲν
748 2780 841 2837 οὖν
873 2783 967 2836 δύο
993 2782 1187 2851 φύσεις
1222 2782 1317 2836 τοῦ
1355 2780 1618 2852 Χριστοῦ,
1647 2780 1741 2834 δύο
1765 2782 1865 2835 αὐ-

280 2876 380 2933 τοῦ
406 2877 502 2931 καὶ
536 2876 606 2931 τὰ
638 2877 844 2945 φυσικὰ
873 2874 1176 2946 θελήματα,
1213 2874 1307 2928 καὶ
1335 2873 1434 2935 τὰς
1457 2872 1692 2942 φυσικὰς
1715 2872 1865 2942 ἐνερ-

286 2971 442 3040 γείας
467 2968 672 3039 φαμέν.
708 2967 927 3037 Ἐπειδὴ
955 2967 1012 3021 δὲ
1054 2966 1152 3037 μία
1179 2965 1288 3019 τῶν
1324 2965 1420 3018 δύο
1455 2964 1671 3033 φύσεων
1701 2962 1866 3018 αὐτοῦ

289 3063 327 3133 ἡ
362 3061 681 3126 ὑπόστασις,
713 3060 809 3114 ἕνα
840 3060 936 3113 καὶ
969 3058 1062 3112 τὸν
1102 3058 1268 3112 αὐτόν
1314 3074 1494 3128 φαμεν
1542 3056 1765 3112 θέλοντά
1808 3073 1868 3111 τε

288 3155 383 3207 καὶ
408 3151 738 3224 ἐνεργοῦντα
778 3151 1024 3220 φυσικῶς
1062 3151 1185 3204 κατ’
1221 3150 1389 3219 ἄμφω
1437 3151 1539 3212 τὰς
1568 3148 1783 3218 φύσεις,
1810 3149 1872 3213 ἐξ

288 3239 390 3310 ὧν,
423 3245 516 3298 καὶ
546 3246 605 3297 ὲν
634 3239 744 3308 αἷς,
774 3242 871 3297 καὶ
899 3242 1041 3314 ἅπερ
1062 3242 1182 3295 ἐστὶ
1211 3242 1446 3311 Χριστὸς
1474 3242 1501 3294 6
1528 3240 1657 3303 Θεὸς
1689 3240 1864 3311 ὴμῶν·

288 3338 466 3394 θέλειν
498 3338 556 3391 δὲ
581 3336 675 3391 xui.
705 3338 971 3407 ἐνεργεῖν,
1000 3335 1061 3387 οὐ
1090 3335 1436 3406 διῃρημένως
1454 3373 1470 3398 ,
1504 3333 1620 3387 ἀλλ’
1651 3331 1868 3404 ἡνωμέ-

2490 2526 2652 2596 225
2683 2525 2837 2583 CAP.
2884 2526 3001 2582 xw

1968 2615 2046 2671 De
2078 2616 2291 2672 Domini
2342 2619 2511 2674 nostri
2556 2616 2692 2690 Vlesu
2740 2618 2945 2674 Christi
2999 2619 3200 2690 duplici
3250 2620 3541 2686 voluntate,

2447 2689 2760 2760 arbitriique
2790 2690 3052 2744 libertate.

2044 2778 2299 2850 Totuplex
2326 2780 2568 2836 voluntas
2595 2790 2646 2836 et
2680 2792 2850 2847 actus,
2880 2782 3170 2851 quotuplex
3221 2782 3541 2837 substantia.

1970 2900 2043 2916 --
2071 2872 2341 2938 Quoniam
2372 2873 2538 2943 igitur
2569 2872 2690 2927 duae
2712 2871 2921 2928 Christi
2962 2878 3173 2927 natura‘e
3212 2883 3358 2935 sunt,
3409 2873 3547 2927 duas

1971 2964 2203 3035 proinde
2228 2964 2351 3033 ejus
2377 2964 2657 3020 naturales
2675 2965 2991 3020 voluntates
3018 2972 3070 3019 et
3096 2964 3234 3019 duas
3262 2965 3546 3019 naturales

1977 3058 2331 3126 operationes
2362 3057 2619 3111 dicimus.
2649 3057 2791 3123 Quia
2828 3071 2959 3111 vero
2978 3072 3088 3110 una
3116 3056 3347 3111 duarum
3384 3067 3547 3111 natu-

1970 3162 2157 3203 rarqu
2210 3148 2387 3218 ipsius
2437 3158 2525 3203 est
2586 3149 2926 3220 hypostasis,
2975 3163 3146 3202 unum
3206 3158 3260 3203 et
3290 3149 3542 3203 eu.dem

1988 3252 2114 3293 esse
2159 3236 2398 3295 dicimus
2435 3239 2554 3309 qui,
2595 3240 2753 3309 juxta
2774 3256 2869 3296 eas
2903 3248 3153 3305 naturas,
3207 3257 3272 3294 ex
3325 3226 3563 3311 quibus.

1970 3337 2026 3386 et
2065 3330 2119 3384 iu
2179 3330 2403 3400 quibus,
2435 3339 2490 3386 et
2538 3347 2659 3400 quae
2690 3342 2776 3387 est
2825 3331 3109 3387 Christus-
3139 3331 3283 3389 Deus
3334 3341 3547 3395 noster,

290 3444 400 3490 νως
419 3443 433 3457 ⁸
460 3424 603 3479 θέλει
634 3424 744 3496 γὰρ
772 3424 865 3477 καὶ
892 3425 1105 3495 ἐνεργεῖ
1147 3424 1205 3476 ὲν
1234 3423 1473 3494 ἑκατέρᾳ
1516 3425 1697 3493 μορφῇ
1733 3421 1862 3492 μετὰ

1975 3424 2302 3483 naturaliter
2341 3423 2473 3477 velit
2510 3431 2568 3476 et
2595 3432 2719 3493 agat
2748 3436 2913 3487 ;eum
2942 3431 3123 3477 autem
3157 3423 3382 3491 insuper
3412 3423 3548 3478 velle

290 3520 392 3588 τῆς
414 3516 643 3587 θατέρου
669 3514 973 3577 κοινωνίας.
997 3508 1096 3567 Ὧν
1118 3512 1227 3585 γὰρ
1253 3514 1285 3585 ἡ
1317 3513 1526 3582 οὐσίαὴ
1562 3513 1719 3581 αὐτὴ,
1748 3511 1870 3564 τού-

290 3623 403 3659 των
431 3605 525 3658 καὶ
555 3604 826 3675 ήθέλησις
854 3603 949 3657 καὶ
977 3604 1009 3672 ἡ
1041 3601 1291 3674 ἐνέργεια
1320 3604 1353 3672 ἡ
1388 3602 1525 3671 αὐτή
1544 3617 1557 3629 ’
1578 3594 1652 3653 ὧν
1674 3601 1730 3653 δὲ
1758 3600 1871 3653 διά-

292 3714 460 3767 φορος
490 3697 522 3766 ἡ
552 3695 729 3757 οὐσία,
761 3694 968 3749 τούτων
1004 3694 1261 3763 διάφορος
1282 3693 1376 3745 καὶ
1408 3693 1440 3761 ἡ
1476 3690 1692 3762 θέλησις
1723 3689 1866 3759 καὶὴ

292 3788 574 3856 ὲνέργεια’
606 3786 701 3840 καὶ
728 3785 790 3839 τὸ
817 3786 1107 3848 ἀνάπαλιν,
1129 3777 1204 3837 ὧν
1230 3786 1261 3853 ή
1298 3782 1515 3852 θέλησις
1545 3781 1640 3834 καὶ
1670 3782 1702 3850 ἡ
1724 3780 1874 3849 ἐνέρ-

292 3894 420 3947 γεια
448 3879 481 3947 ἡ
509 3878 669 3946 αὐτὴ,
703 3878 908 3930 τούτων
939 3876 1031 3930 καὶ
1060 3875 1327 3945 ήούσίαή
1358 3874 1497 3944 αὐτή
1520 3888 1533 3901 °
1568 3867 1643 3925 ὧν
1672 3872 1729 3926 δὲ
1753 3872 1870 3925 διά-

293 3986 461 4039 φορος
494 3970 529 4040 ἡ
555 3967 770 4040 θέλησις
796 3969 889 4022 καὶ
932 3970 965 4038 ή
996 3967 1266 4038 ἐνέργεια,
1300 3966 1504 4020 τούτων
1532 3965 1625 4018 καὶ
1659 3965 1690 4034 ή
1716 3963 1872 4016 οὐσία

293 4061 567 4131 διάφορος.

367 4331 457 4384 Διὸ
486 4330 551 4401 δὴ
582 4330 676 4383 ἐπὶ
715 4328 813 4398 μὲν
848 4328 1061 4399 Πατρὸς
1099 4329 1189 4381 καί
1228 4328 1358 4381 Υίοῦ
1390 4330 1483 4383 καὶ
1514 4330 1670 4397 ἁγίου
1700 4332 1870 4385 Πνεῦ-

298 4440 492 4495 ματος,
523 4424 587 4475 ὲκ
616 4423 716 4490 τῆς
744 4421 1070 4489 ταυτότητος
1098 4420 1197 4490 τῆς
1238 4436 1296 4472 τε
1326 4420 1607 4491 ἐνεργείας
1657 4424 1750 4476 καὶ
1775 4424 1871 4477 τοῦ

296 4517 625 4587 θελήματος,
665 4514 764 4584 τὴν
794 4512 1095 4582 ταύτότητα
1121 4512 1221 4582 τῆς
1256 4514 1473 4582 φύσεως
1512 4515 1872 4583 ἐπιγινώσκο-

1970 3524 2022 3569 et
2049 3528 2229 3584 agere,
2260 3527 2369 3567 non
2386 3512 2584 3579 divise,
2610 3513 2705 3567 sed
2737 3512 3033 3578 coniuncte
3065 3512 3321 3566 dicimus.
3357 3529 3376 3561 ί
3420 3510 3549 3567 Vult

1970 3605 2117 3659 enim
2154 3613 2208 3658 et
2240 3605 2349 3675 agit
2381 3603 2436 3657 in
2465 3613 2697 3672 utraque
2740 3602 2935 3669 forma,
2990 3618 3113 3657 cum
3146 3603 3375 3659 alterius
3397 3618 3549 3659 com-

1972 3697 2230 3750 munione
2274 3695 2340 3748 ".
2380 3713 2400 3746 ι
2448 3693 2692 3758 Quorum
2714 3694 2859 3748 enim
2900 3694 3087 3749 eadem
3110 3697 3414 3751 substantia
3441 3707 3545 3761 est,

1971 3801 2160 3843 eorum
2210 3802 2430 3856 quoque
2460 3786 2650 3840 eadem
2693 3786 2948 3842 voluntas
2970 3796 3024 3843 et
3058 3790 3203 3843 actio
3229 3789 3300 3843 sit
3322 3805 3547 3847 necesse

1971 3886 2054 3934 est
2080 3891 2341 3946 :quorum
2362 3885 2539 3930 autem
2561 3876 2780 3932 diversa
2800 3884 2904 3939 est,
2930 3878 3123 3931 horum
3143 3878 3306 3932 etiam
3331 3879 3546 3936 diversa

1972 3969 2229 4025 voluntas
2274 3976 2329 4021 et
2372 3967 2515 4021 actio
2543 3968 2634 4031 sit,
2684 3974 2896 4035 oportet
2914 3968 2980 4020 ’⁸.
3002 3965 3066 4019 Et
3099 3976 3290 4021 contra
3313 3984 3547 4038 quorum

1973 4063 2228 4117 voluntas
2257 4069 2312 4115 et
2340 4060 2483 4114 actio
2505 4058 2693 4115 eadem
2727 4046 2827 4124 est,
2863 4075 3053 4114 eorum
3112 4060 3301 4115 eadem
3333 4078 3548 4131 quoque

1974 4152 2407 4216 substantia,est
2433 4170 2446 4205 :
2484 4164 2722 4219 quorum
2754 4162 2935 4205 autem
2967 4150 3158 4219 diSpar
3208 4151 3464 4205 voluntas
3493 4159 3549 4205 et

1974 4246 2138 4309 actio,
2195 4244 2390 4298 horum
2453 4245 2615 4298 etiam
2652 4243 2841 4311 dispar
2888 4252 2972 4298 est
3023 4243 3353 4298 substantia.

2046 4335 2316 4403 Quocirca
2352 4336 2369 4366 ¹
2410 4334 2463 4388 in
2495 4334 2654 4388 Patre
2680 4332 2901 4403 quidem
2956 4341 3008 4387 et
3041 4331 3199 4399 Filio,
3236 4344 3288 4389 et
3340 4334 3547 4404 Spiritu

1974 4438 2185 4492 sancto,
2212 4428 2341 4496 quia
2373 4427 2561 4482 eadem
2595 4427 2852 4481 voluntas
2881 4432 3043 4496 atque
3066 4427 3208 4480 actio
3263 4435 3369 4493 est,
3398 4442 3549 4480 eam-

1973 4520 2093 4575 dem
2119 4534 2337 4588 quoque
2368 4525 2622 4572 naturam
2663 4533 2789 4573 esse
2826 4518 3201 4587 agnoscimus.
3238 4520 3307 4571 At
3362 4519 3416 4571 in
3465 4517 3549 4571 di-

298 4625 423 4679 μεν.
468 4608 593 4659 Ἐπὶ
616 4605 673 4658 δὲ
706 4606 803 4675 τῆς
831 4604 982 4667 θείας
1010 4603 1342 4673 οἰκονομίας,
1383 4605 1448 4657 ἐκ
1482 4605 1582 4674 τῆς
1609 4606 1862 4678 διαφορᾶς

1972 4612 2099 4666 vina
2135 4610 2512 4664 incarnatione
2537 4626 2600 4663 ex
2635 4610 2911 4665 actionum
2945 4617 3000 4664 et
3042 4610 3382 4663 voluntatum
3430 4610 3545 4665 dis-

297 4700 405 4754 τῶν
434 4698 744 4770 ἐνεργειῶν,
771 4696 865 4750 καὶ
897 4695 1004 4749 τῶν
1027 4694 1368 4766 θελημάτων,
1395 4696 1488 4749 καὶ
1510 4696 1606 4768 τὴν
1639 4699 1746 4750 τῶν
1772 4699 1862 4767 φύ-

1975 4701 2207 4757 crimine
2235 4709 2557 4753 naturarum
2587 4715 2805 4769 quoque
2836 4698 3135 4753 discrimen
3170 4701 3541 4768 agnoscimus,

297 4810 440 4847 οεων
470 4790 734 4861 διαφορὰν
782 4787 1235 4858 ὲπιγινώσκομεν,
1270 4787 1366 4842 καὶ
1390 4788 1489 4860 τὴν
1509 4789 1617 4843 τῶν
1653 4790 1862 4859 φύσεων

1975 4807 2042 4847 ac
2064 4800 2388 4847 naturarum
2420 4790 2715 4845 discrimen
2749 4789 3091 4857 exploratum
3136 4788 3420 4851 habentes,
3453 4802 3547 4841 vo-

293 4881 561 4950 διαφορὰν
591 4879 792 4942 εἰδότες
824 4876 1319 4948 συνομολογοῦμεν,
1357 4878 1452 4930 καὶ
1489 4879 1549 4931 τὸ
1574 4880 1682 4933 τῶν
1716 4880 1862 4952 θελη-

1972 4883 2245 4937 Iuntatum
2270 4882 2433 4937 etiam
2474 4889 2528 4936 et
2555 4882 2831 4935 actionum
2875 4879 3173 4934 discrimen
3194 4878 3544 4933 conﬁtemur.

300 4972 490 5042 μάτων
525 4968 620 5023 καὶ
653 4967 942 5039 ἐνεργειῶν
972 4967 1244 5037 διάφορον.
1278 4967 1490 5039 Ὠσπερ
1521 4969 1628 5040 γὰρ
1648 4971 1755 5041 τῶν
1778 4971 1862 5024 τοῦ

1975 4966 2446 5041 Quemadmodum
2472 4972 2620 5028 enim
2651 4973 2817 5027 unius
2864 4981 2917 5026 et
2943 4970 3184 5039 ejusdem
3214 4968 3416 5025 Christi
3446 4985 3545 5024 na-

299 5060 466 5113 αὐτοῦ
496 5060 590 5114 καὶ
622 5061 739 5124 ἑνὸς
768 5057 1006 5129 Χριστοῦ
1053 5058 1268 5126 φύσεων
1297 5060 1325 5110 6
1353 5059 1604 5129 ἀριθμὸς,
1634 5062 1862 5126 εὐσεϐῶς

1973 5074 2222 5121 turarum
2242 5079 2527 5127 numerus,
2563 5064 2609 5117 si
2645 5066 2732 5134 pie
2771 5063 3107 5132 intelligatur
3124 5071 3177 5118 et
3198 5060 3542 5132 priedicetur,

297 5153 586 5224 νοούμενός
612 5170 673 5206 τε
722 5152 815 5207 καὶ
835 5150 1149 5221 λεγόμενος,
1183 5150 1243 5201 οὐ
1270 5147 1469 5219 διαιρεῖ
1494 5150 1586 5203 τὸν
1610 5151 1704 5206 ἕνα
1738 5154 1862 5224 Χρι-

1975 5170 2146 5208 unum
2183 5154 2460 5209 Christum
2495 5168 2840 5224 nequaquam
2879 5153 3113 5220 dividit;
3172 5168 3358 5207 verum
3392 5152 3547 5205 inco-

376 5269 581 5395 geLeo,
622 5268 781 5337 epist.
842 5266 931 5331 10,
994 5264 1061 5318 ad
1109 5263 1353 5317 Flavian.
1429 5267 1473 5296 ⁸⁸
1507 5266 1648 5321 Max.
1703 5267 1856 5337 Disp.
1919 5286 2037 5325 cum
2089 5270 2297 5341 Pyrrho
2344 5282 2464 5343 post
2502 5273 2667 5330 Basil.
2699 5274 2857 5344 epist.
2893 5272 2979 5328 80.
3073 5271 3089 5301 ⁸
3120 5267 3297 5336 Supra
3344 5266 3438 5319 lib.
3478 5279 3541 5329 11.

296 5355 346 5395 c.
382 5355 472 5395 22.

1644 5448 1879 5523 ΥΑΠΙᾸΞ
1922 5451 2326 5509 LECTIONES.

376 5580 391 5619 ι
423 5567 557 5622 Cod.
591 5565 645 5619 S.
682 5564 788 5618 Hil.
821 5561 1049 5643 (poeniendi,
1081 5560 1154 5643 ita
1283 5557 1498 5643 19861ρι
1528 5557 1592 5611 Ν.
1622 5558 1751 5643 Post
1774 5564 2035 5643 γινόμενα
2085 5564 2302 5618 additur
2364 5565 2415 5643 in
2470 5564 2600 5643 Reg.
2862 5564 3019 5643 longa
3079 5562 3351 5643 περικορτή
3424 5577 3549 5643 ιιυὲ

293 5638 583 5708 desumpta
618 5646 705 5708 est
723 5650 795 5708 ex
828 5629 949 5702 cap.
977 5632 1035 5685 9t
1055 5670 1080 5708 ._
1108 5630 1178 5684 ab
1206 5630 1301 5708 bis.
1332 5629 1878 5708 Vel'PIS,.IEYéVVTl11t
1898 5629 2082 5689 τοίνυν
2137 5652 2311 5704 usque
2334 5636 2396 5689 ad
2434 5635 2508 5706 μὴ
2535 5629 2890 5705 τξαραίζλὰέαι
2932 5629 3239 5705 σῆμαντρα.
3268 5629 3552 5700 Ejusmodi

284 5698 821 5779 Juterpolationibus
861 5698 1037 5757 scatet
1071 5701 1171 5754 iste
1204 5700 1371 5753 codex
1423 5698 1645 5769 Regius.

621 5803 889 5862 I’aTROL.
934 5796 1051 5856 Cn.
1090 5793 1304 5853 XCIV.
2912 5800 2913 5803 ‘
2993 5792 3066 5849 33
