3950 6304
473 306 614 372 1035
1660 299 1720 358 S.
1755 294 2076 360 IOANNIS
2112 295 2544 358 DAMASCENI
2762 327 2784 334 ε
3595 294 3733 360 1036

473 418 675 472 lumem
721 412 884 468 etiam
918 411 973 465 in
1005 409 1208 464 unione
1248 406 1604 464 diderentiam
1643 409 1888 466 ostendit
1923 409 2034 464 :ita

2145 409 2287 472 στὸν,
2315 409 2450 461 ἀλλά
2493 405 2830 476 σωζομένην,
2864 407 2959 461 καὶ
3004 407 3062 460 ἐν
3091 409 3157 478 τῇ
3194 407 3385 462 ἐνὼσει
3426 408 3730 480 παρίστησι

469 521 658 563 earum
677 504 1021 558 voluntatum
1052 508 1107 556 et
1137 500 1414 556 actionum
1441 515 1732 566 numerus,
1757 515 1882 570 qua:
1907 500 2040 555 sul)-

471 595 808 653 stantialiter
864 593 1002 662 ipsis
1051 593 1265 646 naturis
1300 590 1640 646 conveniunt
1670 589 1913 662 (etenim
1948 604 2039 644 se-

469 688 708 742 cundum
746 693 1036 754 utramque
1090 693 1340 738 naturam
1385 684 1459 738 ita
1514 689 1866 753 comparatus
1923 687 2042 736 erat

469 787 528 834 ut
562 779 722 833 vellet
757 785 812 832 et
845 785 1166 846 Operaretur
1197 774 1239 846 ),
1272 775 1598 830 divisionem
1669 789 1778 829 non
1831 773 2043 828 inducit

470 869 878 939 (absit),sed
933 883 1120 923 earum
1180 866 1446 922 duntaxat
1501 867 1665 922 etiam
1721 867 1777 920 in
1839 866 2042 920 unione

467 961 938 1038 conservationem
972 969 1024 1015 et
1049 959 1480 1014 incolumitatem
1517 958 1722 1028 prodit.
1753 956 2042 1012 Naturales

467 1054 737 1124 siquidem
791 1069 932 1118 esse,
1002 1067 1064 1105 ac
1113 1067 1221 1106 non
1276 1053 1614 1122 personales,
1640 1051 1947 1105 voluntates
1989 1056 2042 1104 et

467 1145 709 1198 actiones
751 1142 1028 1208 dicimus;
1061 1143 1163 1196 hoc
1206 1151 1289 1196 est
1346 1141 1454 1196 vim
1507 1142 1680 1210 ipsam
1739 1139 1955 1194 volen‘di
1989 1145 2043 1195 et

465 1234 680 1304 agendi,
714 1249 810 1303 per
838 1247 1000 1302 quam
1033 1233 1221 1286 volunt
1253 1241 1308 1286 et
1370 1241 1558 1302 agunt.
1590 1231 1646 1285 Si
1667 1233 1811 1286 enim
1853 1246 2042 1300 perso-

463 1321 622 1376 nales
684 1336 806 1376 esse
858 1321 1314 1383 concesserimus,
1371 1327 1477 1374 tres
1526 1330 1730 1374 sanctae
1757 1318 2043 1373 Trinitatis

459 1427 728 1482 personas
755 1412 984 1466 diversae
1013 1411 1154 1464 inter
1178 1426 1236 1466 se
1259 1410 1558 1466 voluntatis
1611 1418 1776 1479 atque
1807 1409 2042 1465 actionis

457 1504 781 1559 necessario
811 1503 1083 1558 dicemus.

535 1594 604 1648 Ut
625 1595 865 1650 uoluntas
914 1603 962 1648 et
992 1594 1154 1659 actio,
1191 1602 1401 1647 natura:
1435 1609 1454 1657 ;
1493 1593 1570 1645 sic
1625 1589 1751 1644 talia
1795 1589 2042 1645 uoluntas

2143 500 2251 552 τῶν
2282 499 2496 567 φύσεων
2525 497 2623 568 τὴν
2651 499 2935 569 διαφορὰν,
2964 499 3109 553 οὕτω
3141 501 3234 553 καὶ
3267 504 3296 554 6
3343 501 3576 572 ἀριθμὸς
3621 503 3730 556 τῶν

2143 588 2419 654 οὑσιωδῶς
2453 591 2762 660 προσόντων
2794 593 2914 653 ταῖς
2961 591 3127 645 αὑτοῦ
3175 593 3372 660 φύσεσι
3407 593 3732 665 θελημάτων

2143 683 2238 736 καὶ
2266 682 2563 754 ἐνεργειῶν
2586 699 2599 713 ·
2631 685 2752 736 κατ’
2783 684 2951 753 ἄμφω
2970 683 3079 755 γὰρ
3109 683 3208 748 τὰς
3234 686 3426 754 φύσεις
3449 687 3735 758 θελητικδς

2142 769 2232 847 ἦν,
2262 774 2356 828 καὶ
2375 775 2726 845 ἐνεργητικὸς
2766 776 2866 845 τῆς
2889 776 3049 845 ήμῶν
3088 777 3365 848 σωτηρίας
3387 795 3401 810 ’
3433 781 3492 832 οὐ
3521 781 3734 852 διαίρε-

2146 884 2232 920 σιν
2259 865 2472 934 είσάγει
2492 883 2506 897 ο
2551 865 2627 936 μὴ
2656 865 2866 934 γένοιτο
2886 883 2899 896 ·
2934 866 3073 919 ἀλλὰ
3100 867 3199 939 τὴν
3228 869 3408 922 αὐτῶν
3441 870 3608 942 δηλοῖ,
3636 875 3736 926 καὶ

2146 961 2328 1028 μόνον,
2361 957 2467 1011 κᾶν
2491 960 2557 1028 τῇ
2593 956 2804 1017 ἐνώσει,
2837 957 3088 1027 φυλακὴν
3117 959 3213 1010 καὶ⁸
3233 960 3528 1030 σωτηρίαν.
3567 963 3734 1014 Φυσι-

2143 1049 2216 1102 κὰ
2243 1049 2372 1118 γὰρ,
2409 1049 2502 1102 καὶ
2531 1048 2630 1118 οὐχ
2660 1048 2999 1102 ὑποστατικά
3025 1065 3205 1118 φαμεν
3229 1049 3296 1106 τὰ
3335 1047 3618 1122 θελήματα
3638 1054 3733 1106 καὶ

2143 1139 2241 1202 τὰς
2285 1139 2588 1210 ἐνεργείας.
2634 1138 2794 1208 Λέγω
2826 1140 2882 1194 δέ
2936 1141 3110 1210 αὐτὴν
3167 1141 3265 1212 τὴν
3301 1141 3594 1213 θελητικὴν
3635 1145 3730 1196 καὶ

2143 1229 2504 1301 ἐνεργητικὴν
2522 1229 2770 1301 δύναμιν,
2796 1231 2919 1284 καθ’
2943 1233 3010 1302 ἢν
3031 1232 3175 1286 θέλει
3204 1233 3300 1286 καὶ
3323 1235 3540 1302 ἐνεργεῖ
3567 1235 3638 1288 τό.
3669 1252 3732 1288 τε

2141 1321 2366 1375 θέλοντα
2391 1322 2490 1374 καὶ
2527 1323 2878 1392 ἐνεργοῦντα.
2916 1324 2980 1378 El
3031 1325 3142 1396 γὰρ
3177 1325 3518 1379 ὑποστατικά
3547 1325 3732 1395 δῶμεν

2142 1409 2302 1474 αὐτὰ,
2333 1410 2666 1482 ἐτεροθελεῖς
2709 1413 2804 1466 καὶ
2841 1414 3244 1484 ἐτεροενεργεῖς
3276 1414 3376 1476 τὰς
3411 1417 3562 1484 τρεῖς
3590 1416 3728 1468 ὐπο-

2146 1503 2364 1566 στάσεις
2391 1503 2492 1572 τῆς
2515 1503 2678 1572 ἁγίας
2705 1504 2934 1574 Τριάδος
2965 1507 3141 1559 εἰπεῖν
3170 1506 3727 1578 ἀναγκασθησόμεθα.

2229 1595 2427 1650 ’ἰστέον
2467 1597 2578 1668 γάρ
2615 1597 2692 1660 ὼς
2737 1597 2798 1650 οὐ
2854 1597 3051 1650 ταύτόν
3091 1599 3228 1663 ἐστι,
3261 1597 3457 1663 θέλειν,
3483 1599 3582 1652 καὶ
3613 1598 3731 1661 πῶς

461 1695 617 1758 atque
662 1687 822 1753 actio,
866 1700 1124 1754 personw.
1157 1714 1227 1724 —
1250 1683 1547 1739 Sciendum
1583 1682 1730 1737 enim
1756 1683 1900 1746 est',
1930 1696 2034 1736 non

2145 1686 2345 1742 θέλειν·
2396 1688 2458 1741 τὸ
2506 1689 2606 1759 μὲν
2653 1677 2763 1759 γὰρ
2794 1689 2991 1754 θέλειν,
3023 1689 3258 1759 φύσεως,
3306 1688 3496 1760 ὥσπερ
3544 1689 3638 1742 καὶ
3668 1689 3732 1741 τδ

461 1755 603 1833 idem
639 1777 932 1842 essevelle,
960 1782 1124 1846 atque
1165 1775 1268 1830 hoc
1290 1775 1373 1830 vel
1397 1773 1492 1828 illo
1519 1772 1684 1827 modo
1708 1772 1868 1827 velle.
1889 1769 2034 1827 Velle

2142 1782 2274 1853 όρᾷν
2293 1798 2308 1814 ’
2338 1783 2474 1836 πᾶσι
2506 1755 2630 1853 *γὰρ
2657 1755 2966 1852 ἀνθρώποις
2998 1755 3293 1852 πρόσεστιο
3318 1782 3378 1835 τὸ
3493 1781 3615 1844 πῶς
3643 1779 3732 1834 θέ-

459 1872 728 1944 siquidem
761 1877 976 1927 naturae.
1009 1877 1114 1936 est,
1143 1875 1205 1924 ut
1256 1876 1311 1924 et
1355 1866 1561 1921 videre.
1594 1864 1863 1920 Omnibus
1891 1863 2036 1918 enim

459 1964 776 2019 hominibus
806 1962 912 2017 hoc
938 1962 1220 2017 convenit.
1260 1961 1329 2017 At
1363 1966 1518 2014 certo
1541 1956 1708 2012 modo
1734 1955 1894 2021 velle,
1926 1967 2035 2009 non

458 2061 670 2109 natura:
696 2061 799 2118 est,
841 2052 937 2108 sed
963 2050 1136 2108 nostri
1167 2049 1385 2106 consilii
1411 2056 1466 2104 et
1503 2046 1819 2104 sententiae:
1853 2059 2038 2115 quem-

458 2144 753 2200 admodum
781 2151 836 2199 et
860 2151 1012 2199 certo
1045 2142 1210 2197 modo
1252 2141 1458 2203 videre,
1494 2141 1600 2195 hoc
1657 2145 1740 2193 est
1791 2137 1926 2192 bene
1950 2136 2036 2190 vel

459 2237 624 2292 male.
674 2235 794 2292 Non
824 2236 969 2292 enim
1003 2249 1192 2290 omnes
1233 2232 1482 2288 homines
1531 2231 1722 2286 eodem
1754 2229 1916 2285 modo
1941 2241 2036 2283 vo-

457 2331 602 2396 lunt,
636 2345 813 2401 neque
843 2328 1034 2384 eodem
1075 2327 1237 2382 modo
1259 2325 1465 2380 vident.
1499 2322 1614 2378 Hoc
1646 2329 1830 2377 autem
1875 2321 2036 2374 etiam

353 2493 358 2498 ὓ
457 2422 514 2477 in
546 2421 854 2478 actionibus
882 2419 1269 2476 concedemus.
1304 2415 1438 2471 Nam
1486 2423 1639 2470 certo
1682 2412 1845 2469 modo
1876 2412 2036 2476 velle,

457 2524 608 2572 certo
653 2517 816 2574 modo
868 2518 1072 2584 videre,
1113 2525 1268 2572 certo
1308 2514 1472 2569 modo
1503 2527 1682 2584 agere,
1707 2510 1904 2567 modus
1931 2517 2014 2564 est

2143 1867 2274 1934 λειν,
2305 1870 2366 1922 οὐ
2403 1869 2641 1938 φύσεως,
2673 1869 2809 1924 ἀλλά
2829 1870 2930 1940 τῆς
2957 1870 3241 1942 ἡμετέρας
3267 1871 3516 1941 γνώμης,
3539 1869 3729 1940 ὥσπερ

2143 1957 2238 2014 καὶ
2281 1957 2344 2012 τδ
2389 1957 2507 2022 πῶς
2559 1959 2716 2030 όρᾷν,
2748 1958 2930 2023 καλῶς
2963 1959 2996 2030 ἢ
3027 1959 3233 2023 κακῶς.
3285 1959 3360 2012 Οὐ
3390 1959 3502 2032 γὰρ
3529 1959 3729 2024 πάντες

2140 2049 2421 2122 ἄνθρωποι
2443 2049 2645 2121 όμοίως
2675 2049 2950 2115 θέλουσιν,
2975 2050 3089 2104 οὐδ’
3111 2050 3313 2121 ὁμοίως
3344 2050 3534 2121 ὁρῶσι.
3557 2050 3730 2106 Τοῦτο

2141 2141 2200 2196 δέ
2225 2143 2318 2196 καὶ
2343 2141 2435 2195 ἐπὶ
2459 2141 2566 2196 τῶν
2593 2142 2888 2213 ἐνεργειῶν
2923 2141 3188 2212 δώσομεν.
3229 2141 3303 2195 T6
3332 2141 3442 2212 γὰρ
3489 2141 3611 2204 πῶς
3641 2139 3730 2194 θέ-

2140 2230 2278 2292 λειν,
2313 2230 2432 2294 πῶς
2467 2231 2622 2302 όρᾷν,
2649 2230 2683 2302 ἢ
2713 2231 2740 2271 Ιι
2775 2230 2894 2294 πῶς
2937 2232 3200 2302 ἐνεργεῖν,
3247 2231 3446 2302 τρόπος
3486 2230 3610 2284 ἐστὶ
3629 2233 3728 2302 τῆς

2142 2322 2238 2376 τοῦ
2288 2321 2484 2385 θέλειν,
2535 2324 2630 2376 καὶ
2664 2322 2818 2394 όρᾷν,
2871 2323 2965 2375 καὶ
2991 2323 3237 2393 ἐνεργεῖν
3267 2324 3537 2394 χρήσεως,
3576 2323 3728 2393 μόνῳ

2143 2411 2222 2483 τῷ
2255 2413 2583 2484 κεχρημένῳ
2626 2412 2866 2484 προσὼν,
2912 2415 3008 2467 καὶ
3044 2413 3153 2466 τῶν
3182 2413 3358 2468 ἄλλων
3386 2413 3553 2466 αὐτὸν
3583 2414 3727 2468 κατὰ
3801 2471 3804 2474 ,

2143 2507 2244 2576 την
2269 2505 2466 2568 κοινῶς
2493 2504 2795 2576 λεγομένην
2817 2504 3081 2575 διαφορὰν
3113 2504 3385 2576 χωρίζων.

457 2625 570 2682 quo
596 2614 722 2682 quis
751 2612 1034 2668 voluntate
1060 2613 1253 2676 utitur,
1277 2624 1490 2665 necnon
1516 2606 1736 2663 videndi
1759 2614 1926 2676 atque
1949 2598 2143 2672 agendi
2173 2599 2457 2666 facultate,
2485 2615 2607 2671 quae
2628 2600 2729 2656 soli
2755 2599 2928 2655 utenti
2947 2599 3126 2666 adest,
3153 2614 3392 2670 eumque
3421 2598 3726 2656 secundum

456 2704 723 2761 rationem
742 2703 1059 2760 differentia:
1085 2701 1447 2755 communiter
1461 2700 1622 2756 dicta:
1645 2699 1713 2752 ab
1740 2696 1860 2751 aliis
1885 2691 2146 2749 secernit.

529 2794 694 2865 226
729 2793 980 2863 Θέλησις,
1012 2791 1247 2862 Θελητὸν
1272 2831 1287 2854 ,
1341 2788 1656 2859 Θελητικὸν,
1714 2785 1918 2839 Θέλων.
1962 2812 2030 2823 —-
2205 2775 2438 2844 Λέγεται
2469 2768 2562 2865 σύν
2587 2773 2647 2827 τὸ
2690 2773 2788 2844 μὲν
2815 2773 3230 2865 ἁπλῶς-θέλειν,
3253 2773 3508 2865 Δθέλησις,
3533 2775 3656 2845 ἦτοι
3688 2776 3722 2846 ή

454 2862 678 2953 Ιιεᾷυε*
703 2862 1262 2953 vellesimpliciter,
1323 2881 1579 2935 voluntas
1637 2877 1860 2939 dicitur,
1920 2875 2034 2931 sive

2142 2867 2395 2936 θελητικὴ
2449 2863 2700 2934 δύναμις,
2740 2865 2936 2936 λογικὴ
2965 2862 3102 2920 οὖσα
3145 2863 3327 2936 δρεξις
3358 2865 3454 2918 καὶ
3507 2865 3723 2935 θέλημα

453 2974 690 3029 facultas
721 2972 938 3027 volendi
989 2987 1109 3042 quae
1139 2980 1224 3028 est
1271 2971 1547 3042 appetitus
1585 2966 1953 3030 rationabilis,
1983 2972 2034 3022 et

2142 2956 2396 3026 φυσικόν⁶
2428 2955 2490 3008 τὸ
2520 2955 2579 3008 δὲ
2607 2956 2724 3018 πῶς
2751 2954 2948 3021 θέλειν,
2983 2957 3103 3028 ἦτοι
3148 2956 3209 3010 τὸ
3228 2958 3295 3027 τῇ
3331 2955 3552 3027 θελήσει
3587 2958 3723 3010 ὑπο-

453 3067 706 3122 voluntas
737 3064 1048 3118 naturalis:
1095 3070 1153 3118 at
1185 3061 1340 3117 certo
1401 3061 1606 3130 talique
1657 3059 1820 3116 modo
1869 3057 2030 3124 velle,

2142 3047 2410 3118 κείμενον,
2439 3044 2682 3118 θελητὺν,
2715 3047 2808 3100 καὶ
2837 3046 3051 3118 θέλημα
3093 3047 3371 3117 γνωμικόν
3393 3063 3408 3078 ⁶
3435 3047 3723 3119 θελητικδν

452 3157 570 3213 sive
595 3155 741 3226 quod
767 3160 853 3210 est
875 3153 1146 3208 voluntati
1167 3152 1500 3222 subjectum,
1528 3167 1618 3207 res
1639 3151 1732 3204 illa
1754 3156 1840 3205 est
1866 3163 2029 3218 quam

2142 3138 2188 3192 δέ
2222 3139 2376 3204 ἐστι,
2415 3137 2477 3191 τὸ
2523 3137 2770 3206 πεφυκὸς
2816 3136 3028 3192 θέλεινο
3051 3135 3163 3194 οἷον
3193 3139 3453 3210 θελητική
3484 3141 3638 3193 ἐστιν
3685 3143 3720 3211 ἡ

451 3249 729 3311 volumus,
791 3254 846 3302 et
894 3247 1154 3301 voluntas
1204 3245 1443 3299 arbitrii.
1480 3241 1818 3312 Θελητικὸν⁸
1848 3247 2030 3295 autem

451 3339 590 3395 illud
627 3345 735 3403 est,
773 3338 864 3394 cui
895 3352 925 3391 a
978 3346 1177 3392 natura
1204 3336 1349 3391 inest
1373 3335 1456 3390 vis
1500 3333 1718 3389 volendi
1754 3339 1854 3387 :ut
1899 3338 2030 3402 puta

454 3439 655 3488 natura
683 3429 869 3484 divina
897 3429 1006 3484 vim
1027 3429 1193 3484 habet
1221 3427 1459 3492 volendi,
1492 3427 1733 3494 itemque
1767 3424 2028 3477 humana.

452 3523 664 3580 Volens
715 3523 955 3593 denique
1013 3533 1119 3588 est,
1165 3521 1263 3593 qui
1307 3520 1592 3575 voluntate
1649 3516 1847 3580 utitur,
1912 3513 2031 3570 sive

454 3629 716 3686 persona,
748 3621 808 3668 ut
832 3613 1052 3668 Petrus.

536 3705 796 3761 Voluntas
837 3707 894 3760 in
917 3705 1132 3762 Christo
1159 3705 1374 3775 duplex,
1425 3701 1703 3773 γνωμικὸν
1749 3714 1933 3754 unum.
1957 3727 2031 3740 --

453 3797 725 3866 Quoniam
754 3797 921 3868 igitur
946 3795 1128 3853 ‘unus
1161 3791 1872 3864 Christus,unaqueitidem
1911 3791 2031 3859 ejus

451 3903 690 3959 persona
717 3897 821 3953 est,
866 3903 1013 3944 unus
1055 3887 1222 3943 etiam
1263 3885 1496 3958 proinde
1548 3893 1634 3940 est
1670 3883 1884 3946 volens,
1917 3888 2027 3934 tam

453 3983 639 4038 divina
669 3998 832 4054 quam
861 3983 1103 4038 humana
1151 3983 1386 4038 ratione.
1431 3979 1670 4042 Rursus,
1729 3978 1858 4048 quia
1889 3975 2028 4030 duas

455 4084 685 4132 naturas
725 4075 946 4132 volendi
974 4075 1238 4132 facultate
1289 4072 1546 4144 praeditas
1599 4070 1788 4133 habet,
1841 4073 2030 4134 utpote

455 4168 797 4240 rationales(
835 4166 1099 4238 quidquid
1131 4166 1274 4220 enim
1292 4163 1561 4219 rationale
1586 4170 1691 4224 est,
1728 4160 1859 4214 illud
1893 4173 2029 4228 quo-

457 4277 566 4333 que
605 4261 674 4315 ad
716 4261 1006 4316 volendum
1043 4259 1224 4313 habile
1262 4267 1367 4324 est,
1401 4271 1466 4310 ac
1501 4251 1781 4323 liberum)
1825 4251 2030 4307 idcirco

456 4354 596 4408 duas
641 4351 806 4407 etiam
851 4351 904 4404 in
943 4366 1006 4406 eo
1057 4349 1337 4404 naturales
1391 4347 1707 4402 voluntates
1761 4343 2026 4400 dicemus.

2129 3227 2252 3282 θεία
2297 3226 2479 3295 φύσις,
2515 3227 2778 3292 ὡσαύτως
2832 3230 2928 3282 καὶ
2982 3230 3016 3300 ἡ
3063 3229 3378 3301 ἀνθρωπίνη
3409 3247 3422 3260 ⁸
3459 3229 3636 3284 θέλων
3659 3230 3719 3284 δέ

2130 3317 2278 3369 ἐστιν
2309 3317 2338 3368 6
2379 3315 2722 3388 κεχρημένος
2757 3319 2824 3389 τῇ
2875 3317 3111 3390 θελήσει,
3151 3319 3272 3390 ἦτοι
3320 3319 3354 3388 ἡ
3392 3317 3719 3384 ὑπόστασις,

2131 3402 2242 3462 οἷον
2274 3411 2303 3463 6
2338 3408 2565 3480 Πέτρης.
2776 3415 2785 3430 “

2210 3705 2430 3778 Ἐπειδὴ
2463 3707 2646 3760 τοίνυν
2669 3702 2754 3772 εἷς
2785 3708 2885 3778 μέν
2910 3707 2939 3761 6
2965 3708 3220 3780 Χριστὸς,
3249 3710 3343 3763 καὶ
3367 3710 3465 3780 μία
3489 3710 3663 3765 αὐτοῦ
3681 3714 3716 3783 η

2128 3797 2451 3862 ὑπόστασις,
2483 3794 2565 3862 εἷς
2594 3799 2688 3853 καὶ
2721 3801 2750 3852 6
2779 3799 2942 3862 αὑτός
2967 3801 3118 3854 ἐστιν
3145 3802 3173 3854 6
3205 3801 3372 3855 θέλων
3398 3800 3605 3868 Gelu};
3655 3821 3720 3859 τε

2129 3889 2222 3944 καὶ
2251 3889 2632 3962 ἀνθρωπίνως.
2673 3891 2892 3962 Ἐπειδὴ
2920 3891 2978 3946 δέ
3007 3891 3100 3946 δύο
3135 3892 3326 3961 φύσεις
3361 3892 3475 3965 ἔχει
3500 3893 3720 3967 θελητι-

2129 3981 2252 4046 κάς,
2293 3983 2368 4046 ὡς
2393 3983 2617 4052 λογικάς
2637 4000 2651 4015 ο
2684 3986 2793 4038 πᾶν
2828 3986 2938 4056 γὰρ
2973 3985 3191 4054 λογικὸν
3223 3986 3506 4058 θελητικόν
3531 4005 3594 4040 τε
3621 3989 3720 4042 καὶ

2129 4071 2508 4136 αὐτεξούσιον·
2559 4073 2652 4127 δύο
2699 4074 2953 4142 θελήσεις
2977 4115 2990 4139 ,
3028 4076 3148 4146 ἤτοι
3195 4075 3479 4148 θελήματα
3509 4079 3720 4146 φυσικά

2129 4163 2216 4217 ἐπ’
2247 4163 2414 4218 αὐτοῦ
2443 4164 2698 4236 ἐροῦμεν.
2723 4164 3023 4236 Θελητικὸς
3045 4168 3154 4235 γάρ
3183 4167 3332 4220 ἐστιν
3355 4171 3383 4222 6
3407 4167 3572 4232 αὐτὸς
3596 4171 3719 4224 κατ’

2129 4255 2297 4326 ἄμφω
2325 4256 2424 4320 τὰς
2450 4255 2616 4310 αὐτοῦ
2646 4256 2854 4325 φύσεις.
2889 4257 3002 4328 Τὴν
3033 4259 3143 4328 γὰρ
3181 4260 3424 4328 φυσικῶς
3474 4260 3720 4333 ἐνυπάρ-

2131 4368 2334 4422 χουσαν
2362 4353 2495 4423 ἡμῖν
2527 4352 2817 4423 θελητικὴν
2845 4353 3073 4424 δύναμιν
3093 4354 3344 4408 ἀνέλαϐε.
3385 4355 3495 4410 Kal.
3520 4357 3716 4428 ἐπειδὴ

454 4441 600 4498 Idem
631 4443 777 4498 enim
818 4442 933 4512 ipse
955 4448 1177 4513 propter
1200 4447 1492 4509 utramque
1521 4445 1775 4492 naturam
1806 4435 2026 4492 volendi

2234 4416 2430 4496 ἔστινό
2451 4416 2704 4516 Χριστός,
2733 4416 2828 4497 καὶ
2859 4445 2887 4498 6
2923 4416 3084 4508 αύτὸς
3109 4447 3136 4498 6
3165 4445 3339 4500 θέλων
3363 4447 3487 4501 καθ’
3516 4416 3720 4501 sxa-ci:-

455 4531 719 4589 facultate
757 4534 966 4604 pollet;
1025 4532 1225 4604 quippe
1251 4531 1345 4602 qui
1380 4547 1501 4584 eam
1554 4529 1855 4600 assumpsit
1914 4527 2024 4582 vim

453 4626 670 4682 volendi
698 4641 819 4696 qua:
847 4626 1008 4681 nobis
1036 4640 1064 4680 a
1097 4632 1291 4679 natura
1321 4631 1424 4678 est.
1463 4623 1526 4677 Et
1566 4621 1825 4692 quoniam
1880 4635 2028 4675 unus

456 4716 712 4787 idemque
763 4717 1017 4774 Christus
1048 4727 1153 4783 est,
1202 4715 1295 4786 qui
1345 4715 1630 4785 utriusque
1687 4721 1900 4769 natura;
1949 4728 2032 4768 ra-

456 4807 608 4864 tione
649 4809 784 4874 vult,
834 4809 978 4863 idcm
1013 4807 1241 4879 proinde
1274 4806 1577 4861 voluntatis
1623 4806 1930 4876 subjectum
1974 4805 2031 4859 in

2134 4550 2234 4608 ραν
2255 4536 2438 4603 φύσιν,
2483 4535 2546 4588 τὸ
2589 4535 2722 4588 αὐτὸ
2769 4535 2994 4606 θελητὸν
3011 4536 3236 4608 λέξομεν
3273 4540 3359 4592 ἐπ’
3389 4541 3580 4606 αὐτοῦ,
3616 4543 3722 4610 οὐχ

2131 4626 2207 4691 ὡς
2229 4627 2368 4696 μόνα
2399 4626 2666 4691 θέλοντος,
2697 4625 2734 4681 ἀ
2783 4627 3028 4697 φυσικῶς
3073 4629 3147 4691 ὡς
3194 4629 3326 4693 Θεὸς
3378 4631 3607 4700 ἤθελεν·
3654 4634 3719 4685 οὗ

2135 4719 2244 4790 γὰρ
2291 4719 2546 4788 θεότητος
2595 4718 2654 4770 τὸ
2705 4718 2881 4772 θέλειν
2928 4720 3146 4788 φαγεῖν,
3178 4721 3270 4774 καὶ
3316 4724 3482 4784 πιεῖν,
3517 4723 3617 4776 καὶ
3647 4725 3719 4778 τὰ

2136 4807 2364 4862 τοιαῦτα
2386 4822 2400 4836 ⁶
2433 4806 2568 4862 ἀλλὰ
2602 4808 2698 4862 καὶ
2723 4807 2794 4862 τὰ
2817 4809 3118 4862 συστατικά
3155 4808 3264 4881 (52)
3293 4809 3394 4880 τῆς
3432 4810 3721 4882 ἀνθρωπίο

529 4985 908 5066 {Mam-(Nat.
969 5002 1086 5040 cum
1151 4984 1394 5056 Pyrrho;
1447 4985 1639 5040 Anast.
1713 4984 1768 5066 in
1825 4981 2070 5054 Ὀδηγῷ,
2133 4998 2254 5053 cap.
2315 4983 2370 5048 6,
2432 4997 2487 5053 p.
2548 4981 2618 5037 40
2716 4985 2736 5016 ³
2776 4981 3061 5039 Volitivum
3110 4985 3164 5038 in
3225 4983 3434 5040 scholis
3481 4985 3714 5042 dicitur.

1345 5197 1348 5199 Δ
1749 5115 1984 5174 ῩΑΒΙΕ
2022 5115 2419 5173 LECTIONES.

529 5218 556 5257 ι
581 5218 913 5274 Particulam
947 5215 1089 5270 hanc
1113 5211 1296 5268 addidi
1326 5221 1448 5281 post
1479 5215 1879 5280 recognltorcm
1903 5209 2026 5263 cod.
2064 5207 2121 5262 S.
2167 5208 2378 5264 llilarii.

1961 5321 2193 5380 NOTAE.

458 5057 483 5091 ⁸
510 5056 651 5111 Max.
687 5056 821 5111 ibid.

525 5428 638 5497 (52)
684 5421 1106 5497 ‘AJJd,_2cal_tt‘t
1126 5419 1481 5497 συστατικιξ.
1518 5419 1620 5497 Sed
1645 5437 1708 5473 ea
1728 5421 2027 5497 ειξιιηιλμιῳ

457 5489 728 5560 naturam,
761 5504 866 5549 etc.
895 5495 1172 5563 Duplicetn
1197 5491 1410 5563 volendi
1446 5489 1759 5563 facultatem
1787 5492 1838 5542 in
1866 5489 2025 5543 Chri-

454 5581 540 5623 sto
579 5565 852 5634 agnoscit,
883 5560 1004 5634 quae
1033 5562 1311 5617 naturales
1339 5560 1668 5634 etproprios
1690 5569 2025 5634 actus‘excr-

452 5629 641 5692 inierit
675 5653 688 5688 :
734 5645 790 5687 ut
823 5629 1010 5686 divina
1050 5633 1347 5698 voluntate,
1390 5631 1686 5698 divinoque
1737 5629 1898 5682 modo
1926 5643 2020 5679 vo-

438 5705 610 5764 luerit
636 5719 754 5770 qua:
777 5702 958 5757 divina
983 5708 1130 5764 sunt,
1157 5707 1209 5754 et
1240 5699 1478 5758 humana
1505 5701 1803 5764 voluntate,
1834 5705 1888 5754 et
1921 5699 2024 5750 hu-

2133 5419 2374 5473 manitus
2409 5435 2527 5485 quire
2581 5421 2840 5474 humana.
2894 5418 3160 5473 C:eterum
3195 5433 3261 5472 ex
3300 5419 3520 5473 Maximi
3559 5419 3710 5474 Dial.

2131 5497 2249 5541 cum
2290 5489 2482 5558 Pyrrh.
2508 5489 2758 5542 concedit
2799 5504 2965 5541 unum
2999 5488 3212 5558 θέλημα
3258 5492 3562 5557 γνωμικὸν,
3592 5493 3714 5546 sive

2133 5559 2475 5611 arbitrarium
2516 5559 2836 5611 voluntatem
2896 5572 3059 5610 unam
3120 5559 3174 5610 in
3223 5558 3446 5612 Christo
3499 5559 3711 5622 fuisse.

2131 5628 2257 5695 quia
2283 5630 2386 5681 etsi
2433 5629 2712 5681 voluntate
2771 5629 3005 5681 humana
3041 5627 3259 5681 volebat
3313 5643 3436 5696 quae
3467 5631 3712 5682 humana

2129 5706 2306 5762 erant,
2347 5698 2486 5752 haud
2523 5706 2702 5751 tamen
2741 5698 2846 5753 nisi
2899 5696 3082 5750 divina
3123 5705 3434 5766 annuente;
3470 5699 3529 5754 in
3559 5713 3717 5754 ean:-
