3950 6304
242 415 377 480 1037

1327 406 1423 469 DE
1462 404 1641 466 FIDE
1678 401 2140 465 ORTHODOXA
2176 403 2322 463 LIB.
2348 400 2463 462 III.

3352 382 3489 450 1038

236 550 334 604 νης
356 530 591 603 φύσεως,
611 527 711 581 οὐκ
739 527 797 582 ὲν
823 524 1156 596 ὲναντιότητι
1185 522 1431 594 γνώμης,
1461 521 1576 578 ἀλλ’
1602 523 1662 574 ὲν
1690 521 1815 574 ίδιό-
1848 564 1851 577 ,

1962 531 1981 571 >
2011 516 2261 571 dicemus
2302 534 2314 569 :
2355 530 2465 570 non
2497 509 2645 583 quo‘d
2671 524 2734 565 ea
2766 508 2883 565 sola
2934 504 3119 571 vellet,
3154 516 3275 573 quae
3330 511 3492 555 natu-

236 641 364 695 τητι
388 621 498 675 τῶν
527 620 745 689 φύσεων
770 636 783 651 ·
809 618 929 671 τότε
966 617 1075 687 γὰρ
1106 614 1282 671 ταῦτα
1315 614 1560 683 φυσικῶς
1595 611 1812 684 ἢθελεν,

237 716 327 769 ὅτε
361 713 539 785 ἡθεία
566 708 733 764 αὐτοῦ
766 708 988 777 θέλησις
1016 708 1202 779 ἧθελε,
1253 706 1349 759 καὶ
1385 705 1695 778 παρεχώρει
1748 706 1815 774 τῇ

240 803 407 874 σαρκὶ¹
430 800 661 870 πάσχειν
685 800 783 852 καὶ
808 797 1070 867 πράττειν
1096 796 1165 849 τὰ
1195 795 1325 849 ἴδια.

1920 607 2111 662 raliter
2146 608 2223 661 uti
2265 604 2410 660 Dens
2440 601 2707 671 volebat(
2767 612 2947 669 neque
3002 596 3149 651 enim
3213 592 3494 648 divinitati

1926 706 2200 773 convenit,
2243 712 2304 759 ut
2336 704 2501 760 edere
2526 702 2676 766 velit,
2717 706 2772 754 et
2813 697 3019 759 bibere,
3050 692 3268 759 aliaque.
3297 684 3352 740 id
3405 698 3499 755 ge-

1924 813 2031 853 nus
2068 800 2086 867 )
2119 838 2134 864 ,
2175 796 2270 853 sed
2299 798 2464 851 etiam
2496 810 2559 849 ea
2591 806 2713 862 qua:
2739 798 2994 843 naturam
3029 785 3324 837 humanam
3365 790 3500 830 con.

240 896 479 952 stituunt
511 910 525 946 :
558 892 706 948 istud
748 906 875 947 vero
906 906 1016 946 non
1080 891 1370 945 sententia:
1402 887 1810 953 contrarietate,
1852 887 1947 942 sed
1978 900 2299 943 naturarum
2331 886 2689 957 proprietate.
2721 880 2859 933 Tum
2899 878 3119 933 demum
3184 870 3332 927 enim
3398 881 3499 921 na-

240 989 500 1043 turaliter
532 987 649 1041 haec
682 986 921 1047 volebat,
972 998 1098 1038 cum
1128 983 1316 1037 divina
1347 982 1605 1037 voluntas
1637 982 1810 1051 ipsius
1848 980 1924 1034 ita
1967 982 2207 1045 volebat,
2243 986 2298 1035 et
2342 992 2566 1033 carnem
2611 990 2675 1030 ea
2713 987 2835 1043 quae
2862 968 2970 1025 sibi
3036 964 3259 1037 prepria
3318 966 3499 1016 erant:

240 1080 354 1152 pati
383 1088 438 1135 et
469 1093 632 1147 agere
664 1077 1041 1147 permittebat.

313 1170 440 1224 Ὀτι
477 1171 533 1222 δὲ
562 1169 806 1238 φυσικῶς
826 1170 1089 1239 πρόσεστι
1125 1167 1203 1239 τῷ
1227 1166 1503 1238 ἀνθρώπῳ
1521 1168 1555 1236 ἡ
1579 1164 1820 1234 θέλησις,

241 1263 497 1319 ἐντεῦθεν
548 1261 730 1331 δῆλον.
778 1259 1285 1331 ’Υπεξαιρουμένης
1314 1259 1415 1329 τῆς
1472 1257 1646 1323 θείας,
1697 1256 1827 1325 τρία

243 1356 361 1422 εἴδη
400 1355 545 1422 ζωῆς
594 1354 752 1418 εἰσιν,
801 1353 834 1422 ἡ
883 1351 1108 1419 φυτικὴ,
1140 1354 1174 1422 ὴ
1209 1350 1527 1421 αίσθητικὴ,
1570 1352 1604 1420 ή
1641 1347 1825 1419 νοερά.

247 1445 361 1515 Τῆς
389 1446 486 1515 μὲν
508 1439 602 1498 οὖν
629 1444 863 1512 φυτικῆς
888 1443 1042 1506 ἴδιον,
1072 1444 1105 1512 ἡ
1132 1440 1425 1511 θρεπτικὴ,
1452 1442 1486 1511 ἡ
1534 1439 1826 1510 αὐξητικὴ,

244 1538 281 1606 ἡ
313 1536 606 1605 γεννητικὴ
631 1534 876 1603 κίνησις·
907 1533 1009 1601 τῆς
1027 1533 1084 1586 δὲ
1106 1531 1452 1603 αἰσθητικῆς,
1490 1533 1524 1601 ἡ
1574 1530 1698 1585 καθ’
1731 1533 1825 1602 ὁρ-

253 1625 359 1697 μὴν
385 1624 622 1695 κίνησιςο
653 1624 754 1694 τῆς
781 1623 839 1677 δὲ
876 1624 1101 1695 λογικῆς
1135 1624 1228 1677 καὶ
1258 1625 1472 1697 νοερᾶς,
1508 1624 1540 1694 ἡ
1568 1620 1828 1687 αὐτεξού-

251 1732 388 1778 σιος.
412 1715 477 1767 El
509 1709 602 1768 οὖν
635 1714 779 1768 κατὰ
808 1712 972 1781 φύσιν
1002 1713 1264 1784 πρόσεστι
1296 1716 1364 1784 τῇ
1395 1715 1597 1783 φυτικῇ
1630 1714 1664 1783 ἡ
1698 1728 1828 1783 τρε-

1989 1156 2132 1209 Inest
2183 1150 2383 1205 homini
2418 1166 2452 1201 a
2489 1156 2684 1200 natura
2733 1143 3000 1199 voluntas.
3033 1169 3102 1180 —-
3129 1136 3283 1204 Quod
3322 1144 3505 1190 autem

1925 1246 2187 1302 voluntas
2206 1241 2421 1297 homini
2467 1239 2599 1293 insit
2632 1253 2661 1292 a
2692 1244 2892 1291 natura
2917 1234 2961 1299 ⁸,
2992 1233 3124 1286 hinc
3157 1230 3506 1300 perspicuum

1927 1344 2033 1393 est.
2065 1332 2203 1390 Nam
2258 1339 2460 1402 praater
2491 1328 2734 1384 divinam
2766 1334 2883 1381 tres
2941 1331 3074 1379 sunt
3114 1321 3243 1375 vitae
3274 1319 3506 1389 species,

1928 1433 2218 1496 vegetans,
2244 1422 2511 1487 sentiens,
2563 1434 2629 1474 ac
2656 1417 2988 1487 intelligens.
3034 1411 3349 1484 Vegetantis
3381 1423 3511 1463 vero

1931 1514 2229 1588 peculiaris
2280 1523 2364 1571 est
2400 1521 2583 1567 motus
2618 1510 2711 1566 ille
2756 1506 3062 1571 nutriendi,
3100 1500 3430 1576 augescendi
3458 1508 3514 1555 ct

1931 1606 2231 1681 generandi
2265 1624 2284 1675 ;
2324 1604 2638 1670 sentientis,
2665 1612 2849 1658 motus
2903 1597 3252 1670 impulsionis
3284 1612 3299 1663 ;
3340 1592 3514 1648 ratio-

1935 1703 2078 1758 nalis
2109 1708 2164 1758 et
2194 1700 2572 1771 intelligentis,
2606 1704 2794 1752 motus
2826 1696 2984 1750 liber.
3031 1691 3215 1759 Quare
3266 1690 3311 1745 si
3351 1702 3515 1760 vege-

250 1803 443 1874 ⁴ιιτικίὶνι,
466 1804 561 1857 καὶ
580 1805 645 1874 τῇ
676 1778 967 1873 αἰσθητικῇ
988 1804 1020 1872 ἡ
1050 1778 1169 1855 καθ’
1196 1778 1376 1874 ὀρμην
1406 1778 1663 1873 κίνησις,
1684 1778 1828 1856 κατὰ

1962 1795 2080 1851 anti
2110 1793 2447 1850 naturaliter
2494 1792 2638 1846 inest
2669 1796 2856 1843 motus
2902 1782 3181 1840 nutriendi
3209 1801 3224 1850 ;
3256 1778 3516 1837 sentienti

254 1895 420 1966 φύσιν
447 1895 556 1965 ἄρα
589 1894 854 1965 πρόσεστι
880 1897 948 1964 τῇ
982 1895 1173 1967 λογικῇ
1210 1895 1307 1948 καὶ
1333 1897 1496 1966 νοερᾷ
1526 1897 1559 1965 η
1582 1892 1837 1959 «ausos.

257 2006 374 2052 σιος
394 2004 407 2020 ⁸
454 1986 869 2056 αὐτεξουσιότης
918 1986 975 2039 δὲ
1005 1987 1158 2040 οὐδὲν
1183 1985 1370 2057 ἕτερόν
1411 1988 1583 2051 ἔστιν,
1609 1989 1658 2041 εί
1694 1987 1771 2058 μὴ
1802 1991 1838 2059 ὴ

256 2079 513 2149 θέλησιςο
544 2074 785 2146 γεγονὼς
808 2076 988 2129 τοίνυν
1014 2077 1043 2129 ό
1066 2077 1241 2143 Λόγος
1273 2074 1410 2147 σὰρξ
1446 2075 1711 2148 ἔμψυχος,
1743 2079 1840 2132 καὶ

258 2171 446 2242 νοερὰ,
470 2170 563 2225 καὶ
594 2169 961 2236 αὐτεξούσιος,
989 2170 1181 2238 γέγονε
1225 2169 1320 2224 καὶ
1353 2170 1661 2242 θελητικός.

337 2440 460 2494 Ἔτι
483 2438 744 2493 ἀδίδακτά
773 2439 881 2491 είσι
915 2435 983 2491 τὰ
1006 2436 1214 2506 φυσικά
1234 2455 1249 2468 ·
1284 2436 1459 2501 οὐδεὶς
1485 2437 1595 2509 γὰρ
1629 2438 1841 2507 λογίζε-

264 2534 413 2599 σθαι,
437 2534 472 2601 ἢ
513 2533 631 2604 ζῇν,
659 2533 693 2603 ἢ
732 2534 944 2602 πεινῆν,
983 2530 1011 2599 ἢ
1044 2530 1225 2601 sum,
1258 2530 1291 2601 ἢ
1324 2530 1527 2584 ὁπνοῦν
1560 2530 1841 2601 μανθάνει.

264 2626 403 2681 Οὔτε
423 2626 481 2679 δὲ
512 2626 685 2680 θέλειν
712 2625 1058 2697 μανθάνομεν
1078 2640 1093 2655 ⁶
1130 2623 1271 2677 ὥστε
1297 2623 1525 2693 φυσικὸν
1554 2624 1615 2677 τὸ
1645 2622 1842 2678 θέλειν.

341 2886 455 2940 Καὶ
479 2885 643 2940 πάλιν
666 2901 681 2917 ο
716 2885 764 2939 sl
792 2885 852 2939 ὲν
889 2884 1131 2954 ἀλόγοις,
1160 2884 1282 2953 ἄγει
1315 2885 1414 2955 μὲν
1436 2888 1469 2956 ἡ
1504 2884 1690 2953 φύσις,
1715 2884 1847 2953 ἄγε-

270 2994 363 3032 ται
386 2978 444 3030 δὲ
473 2979 531 3031 ὲν
556 2976 632 3048 τῷ
663 2976 955 3048 ἀνθρώπῳ,
989 2975 1407 3041 ὲξουσιαστικῶς
1443 2977 1585 3030 κατὰ
1632 2977 1851 3049 θέλησιν

272 3070 599 3141 κινουμένῳ,
623 3070 731 3139 ἄρα
751 3068 910 3137 φύσει
938 3069 1215 3140 θελητικὸς
1244 3070 1273 3121 ὁ
1298 3068 1603 3140 ἄνθρωπος.

344 3246 456 3299 Καὶ
474 3246 635 3299 πάλιν
656 3263 668 3277 ·
697 3247 745 3298 εί
772 3248 891 3300 κατ’
921 3245 1105 3300 εἰκόνα
1122 3245 1221 3317 τῆς
1250 3247 1530 3318 μακαρίας
1551 3247 1644 3300 καὶ
1674 3247 1846 3318 ὕπερ-

273 3337 456 3389 ουσίου
490 3337 744 3407 θεότητος
773 3340 801 3390 ὁ
824 3337 1112 3409 ἄνθρωπος
1146 3339 1474 3409 γεγένηται·
1499 3338 1850 3404 αὐτεξούσιος

275 3429 335 3483 δὲ
359 3429 517 3497 φύσει
547 3428 641 3481 καὶ
675 3428 932 3500 θελητικὴ
959 3431 990 3500 ἡ
1042 3428 1163 3483 θεία
1185 3430 1367 3497 φύσις,
1425 3431 1531 3503 ἄρα
1562 3432 1656 3485 καὶ
1687 3434 1716 3485 ό
1752 3433 1851 3487 ἄν·

277 3520 521 3591 θρωπος,
576 3520 651 3583 ὡς
714 3521 882 3590 αὐτῆς
929 3520 1112 3586 είκὼν,
1142 3521 1492 3586 αὑτεξούσιος
1535 3524 1696 3592 φύσει
1751 3523 1849 3577 καὶ

281 3612 585 3682 θελητικός.
616 3612 690 3665 Τὸ
720 3613 829 3682 γὰρ
864 3612 1235 3681 αὐτεξούσιον,
1267 3613 1488 3686 θέλησιν
1516 3614 1785 3686 ὡρίσαντο
1805 3619 1855 3672 οἱ

284 3706 546 3775 ΙΙατέρες.

363 3888 386 3919 ⁸
423 3887 567 3943 Max.
602 3886 748 3941 Dial.
780 3903 899 3941 cum
934 3886 1165 3957 Pyrrho.

1878 3120 1924 3182 C

1948 1902 2105 1953 vero,
2123 1892 2307 1941 motus
2336 1881 2719 1954 impulsionis;
2749 1874 3077 1933 naturaliter
3096 1873 3325 1945 proinde
3352 1873 3519 1928 ratio-

1940 1979 2056 2035 nali
2082 1988 2135 2035 et
2169 1974 2497 2048 intelligenti
2518 1973 2677 2030 adest
2721 1979 2905 2027 motus
2941 1968 3100 2025 liberi
3140 1966 3374 2022 arbitrii.
3414 1966 3517 2020 Ar.

1940 2070 2090 2126 bitrii
2120 2083 2289 2145 porro
2317 2069 2546 2123 libertas
2576 2065 2710 2119 nihil
2743 2061 2889 2119 aliud
2914 2068 3020 2124 est,
3055 2074 3217 2130 quam
3240 2056 3516 2114 voluntas.

1942 2160 2102 2217 Unde
2135 2176 2258 2216 cum
2294 2158 2533 2213 Verbum
2566 2170 2695 2211 caro
2740 2154 3003 2216 animata,
3055 2158 3111 2206 et
3163 2148 3520 2216 intelligentia

1944 2254 2272 2324 arbitriique
2297 2252 2549 2307 libertate
2601 2247 2829 2318 praedita
2885 2244 3090 2299 factum
3145 2242 3236 2307 sit,
3299 2235 3521 2294 volendi

1945 2360 2162 2416 quoque
2183 2341 2448 2398 facultate
2479 2340 2815 2394 instructum
2848 2336 3080 2390 exstitit.

2019 2436 2241 2501 Deinde,
2293 2450 2357 2490 ea
2399 2447 2522 2503 quae
2552 2428 2830 2485 naturalia
2877 2434 3009 2482 sunt
3062 2422 3354 2491 disciplina
3412 2434 3523 2473 non

1947 2536 2362 2598 comparantur.
2401 2523 2593 2593 Neque
2621 2522 2767 2577 enim
2799 2517 3091 2587 quisquam
3115 2522 3221 2598 est,
3251 2511 3346 2581 qui
3369 2508 3524 2580 c0gi-

1948 2630 2067 2675 tare
2092 2619 2291 2683 discat,
2321 2626 2415 2671 aut
2445 2592 2651 2679 vivere,
2684 2621 2777 2666 aut
2807 2610 2968 2672 fame,
3002 2606 3089 2661 vel
3124 2592 3213 2661 siti
3249 2604 3524 2669 laborare,

1950 2722 2044 2766 aut
2074 2710 2339 2765 dormire.
2370 2708 2538 2778 Atqui
2566 2720 2668 2761 nec
2691 2705 2858 2760 etiam
2890 2701 3029 2757 velle
3069 2699 3337 2754 discimus
3370 2716 3383 2750 :
3422 2696 3527 2768 igi-

1954 2809 2045 2855 tur
2070 2798 2321 2853 naturale
2350 2805 2436 2853 est
2466 2797 2611 2867 quod
2640 2794 2894 2848 velimus.

2025 2889 2094 2943 Et
2116 2904 2337 2953 rursus,
2379 2889 2425 2944 si
2479 2888 2534 2941 in
2583 2884 2762 2940 brutis
2822 2890 3017 2936 natura
3072 2879 3223 2934 ducit
3257 2894 3320 2932 ac
3368 2878 3525 2947 regit,

1952 2982 2179 3037 ducitur
2235 2988 2419 3035 autem
2474 2978 2530 3033 in
2565 2976 2808 3039 homine,
2848 2981 2905 3027 ut
2934 2972 3027 3042 qui
3057 2972 3225 3026 libera
3263 2977 3531 3040 potestate

1957 3088 2056 3144 per
2079 3072 2420 3127 voluntatem
2451 3076 2734 3124 moveatur
2766 3084 2781 3133 ;
2832 3065 3105 3135 sequitur,
3133 3071 3195 3117 ut
3227 3062 3391 3117 homo
3431 3076 3531 3114 vo-

1956 3164 2102 3220 lendi
2126 3155 2388 3218 facultate
2418 3168 2613 3231 suapte
2645 3168 2843 3213 natura
2871 3158 3182 3211 instructus
3224 3153 3318 3208 sit.

2025 3254 2272 3310 Liberum
2309 3252 2591 3307 arbitrium
2626 3252 2741 3319 ipsa
2775 3248 3037 3303 voluntas.
3068 3275 3137 3284 —
3168 3245 3233 3298 Et
3280 3260 3524 3306 rursum,

1956 3346 2005 3404 si
2034 3344 2101 3399 ad
2165 3344 2338 3399 beatae
2394 3349 2447 3397 et
2503 3338 2979 3411 snperessentialis
3029 3335 3331 3390 divinitatis
3364 3336 3526 3405 227

1956 3435 2247 3505 imaginem
2278 3432 2537 3488 conditus
2572 3437 2655 3486 est
2701 3430 2884 3492 homo,
2918 3425 3162 3497 profecto
3184 3439 3308 3479 cum
3338 3434 3536 3480 natura

1955 3527 2142 3582 divina
2182 3526 2352 3579 libera
2388 3524 2483 3587 sit,
2516 3531 2569 3578 et
2601 3522 2802 3576 virtute
2832 3517 3046 3573 volcndi
3102 3527 3298 3584 suapte
3336 3524 3536 3570 natura

1962 3617 2186 3688 polleat,
2218 3617 2384 3673 homo
2420 3631 2638 3687 quoque
2665 3614 2756 3684 qui
2806 3613 2926 3681 ejus
2984 3612 3162 3681 imago
3194 3619 3299 3674 est,
3340 3608 3537 3666 iisdem

1965 3724 1995 3763 a
2023 3717 2218 3763 natura
2248 3709 2508 3777 praeditus
2542 3708 2664 3763 erit.
2702 3705 2913 3761 Etenim
2946 3703 3135 3757 Patres
3167 3701 3396 3756 liberum
3446 3717 3537 3757 ar-

1965 3802 2187 3857 bitrium
2227 3802 2559 3857 voluntatem
2582 3816 2709 3857 esse
2739 3798 3088 3855 deﬁnierunt.

1807 4033 2038 4096 NO'LE.

287 4141 412 4199 dem
444 4143 644 4213 quippe
678 4146 1004 4213 sententiam
1045 4146 1272 4193 naturas
1301 4134 1680 4213 conspirasse:
1718 4136 1857 4193 alio-

332 4213 386 4266 ui
419 4208 563 4267 enim
614 4210 733 4265 duae
759 4211 870 4276 jam
913 4222 1161 4277 personae
1210 4208 1579 4277 exstitissent.
1608 4216 1859 4277 iprOpter

331 4283 662 4337 iversitatem
724 4276 1140 4334 sententiarum.
1195 4276 1558 4343 Quamobrem
1595 4276 1766 4345 Epist.
1796 4277 1860 4331 de

292 4355 454 4408 duab.
481 4352 679 4405 volunt.
737 4350 994 4403 observat
1026 4347 1231 4402 idcirco
1261 4347 1653 4401 Monotheletas
1687 4348 1739 4400 in
1775 4361 1862 4399 er-

292 4437 472 4477 rorem
500 4419 815 4487 impegisse,
838 4418 1008 4487 quod,
1034 4418 1180 4472 velut
1204 4418 1333 4470 olim
1360 4415 1645 4471 Nestorius
1671 4424 1724 4470 ct
1752 4415 1863 4469 Eu-

293 4491 482 4563 tyches
511 4499 757 4563 naturam
783 4502 812 4540 a
841 4502 1073 4563 persona
1092 4502 1198 4541 non
1218 4487 1611 4563 distinxerant,
1632 4487 1707 4539 illi
1726 4500 1862 4553 quo-

292 4556 402 4631 que
449 4561 781 4631 voluntatem
822 4556 1127 4631 γνωμικὴν,
1196 4556 1540 4631 arbitrarium
1594 4556 1863 4631 (quamet

293 4626 668 4695 ὕποστατικὴν
706 4628 966 4696 appellat)
1000 4642 1028 4679 a
1066 4626 1304 4696 naturali
1346 4641 1466 4696 non
1486 4630 1855 4696 secernerent.

291 4700 472 4764 Οὕτω,
505 4699 597 4750 καὶ
625 4693 1184 4765 τοῖςΜονοθελήταις,
1208 4695 1269 4747 τὸ
1302 4693 1598 4765 μὴέίδέναι
1628 4693 1725 4765 τὴν
1748 4693 1863 4744 δια-

292 4762 469 4840 φορὰν
487 4767 580 4821 τοῦ
608 4766 861 4840 φυσικοῦ,
896 4767 985 4840 κα]-
1016 4762 1105 4840 τοῦ
1134 4762 1501 4840 ὑποστατικοῦ
1537 4764 1859 4840 θελήματος,

296 4834 540 4892 τουτέστι
572 4834 667 4888 τοῦ
700 4835 1003 4905 γκιωμικοῦ.
1039 4835 1107 4905 At
1132 4835 1260 4905 quia
1284 4835 1432 4888 istaac
1471 4848 1577 4905 una
1614 4834 1863 4886 voluntas

292 4908 593 4964 arbitraria
641 4906 774 4958 nihil
809 4904 891 4958 est
945 4904 1090 4957 aliud
1128 4904 1230 4957 nisi
1266 4912 1456 4957 mutua
1492 4904 1860 4960 voluntatum.

294 4977 496 5031 divinae
540 4985 593 5030 et
622 4976 894 5034 humanae,
925 4975 1236 5035 consensio,
1267 4974 1394 5026 hinc
1447 4975 1697 5041 sequitur
1754 4985 1861 5023 non

297 5063 410 5102 uno
437 5045 735 5114 eodemque
761 5053 1041 5114 actueam
1071 5042 1336 5103 exerceri,
1356 5043 1448 5097 sed
1474 5042 1705 5114 duobus,
1732 5055 1866 5114 quo-

299 5133 423 5171 rum
454 5131 594 5169 unus
624 5110 821 5168 divinae
868 5113 939 5167 sit
968 5112 1289 5181 imperantis
1326 5120 1399 5181 et,
1426 5113 1685 5180 regentis,
1729 5110 1867 5163 alter

297 5186 555 5240 humanre
608 5185 780 5238 libere
819 5180 1192 5250 obsequentis.
1242 5180 1521 5246 Quinimo,
1557 5181 1660 5233 hoc
1701 5194 1865 5233 unum

300 5256 515 5325 θέλημα
543 5252 1111 5325 γνωμικὸνηυοίιιηιαδ
1149 5267 1214 5305 ea:
1252 5250 1536 5312 arbitratu,
1568 5251 1708 5304 idem
1741 5264 1868 5318 pro-

300 5322 553 5393 prie"est,
585 5339 647 5377 ac
682 5322 904 5390 θελητὸν
939 5337 1157 5393 unum,
1184 5336 1272 5393 res
1306 5335 1411 5373 una
1444 5336 1605 5387 quam
1637 5327 1867 5387 utraque

298 5392 554 5449 voluntas
583 5393 731 5451 velit.
762 5407 879 5454 seu,
908 5401 966 5445 ut
991 5392 1161 5445 nostri
1195 5392 1513 5459 loquuntur,
1544 5406 1649 5441 una
1675 5404 1755 5459 res
1784 5404 1870 5441 vo-

299 5468 424 5518 tita.
480 5464 553 5515 Ita
605 5461 897 5522 Maximus,
933 5461 1067 5514 dial.
1098 5462 1186 5513 cit.
1240 5458 1632 5528 interpretatur
1661 5458 1867 5511 dictum

299 5534 481 5589 simile
507 5532 748 5596 Patrum,
776 5548 936 5585 unam
968 5547 1078 5585 esse
1104 5532 1198 5585 Dei
1220 5540 1269 5583 et
1294 5537 1599 5583 sanctorum
1630 5528 1870 5581 volunta—

300 5614 423 5657 tem.
466 5601 555 5655 Sic
588 5602 783 5655 Noster
821 5601 961 5654 infra
990 5602 1058 5653 ait
1102 5620 1115 5655 :
1155 5601 1419 5667 Quoniam
1468 5615 1603 5652 unus
1635 5599 1871 5665 idemque

301 5673 546 5725 Christus
580 5681 679 5734 est,
708 5672 796 5741 qui
832 5680 1053 5741 utraque
1086 5682 1280 5724 natura
1312 5670 1442 5729 vult,
1482 5669 1614 5741 idem
1656 5666 1871 5741 proinde

304 5744 589 5795 uoluntatis
622 5738 733 5807 ejus
763 5757 872 5792 esse
901 5740 1191 5806 subjertum
1233 5744 1485 5793 dicemus.
1530 5739 1778 5794 l’ltotius.
1818 5738 1869 5787 itt

302 5822 539 5867 tractatu
570 5812 705 5881 Περὶ
752 5810 857 5862 τῶν
899 5811 1190 5880 γνωμικῶν
1240 5809 1561 5879 θέλημά-των
1603 5808 1695 5860 ἐπὶ
1736 5807 1870 5875 Χρι-

1968 4140 2115 4203 στοῦ,
2163 4138 2236 4194 De
2288 4135 2647 4193 voluntatibus
2681 4137 2986 4193 arbitrariis
3036 4140 3091 4192 in
3133 4136 3371 4203 Christo,
3410 4140 3542 4195 dum

1966 4210 2182 4264 Maximi
2212 4225 2433 4265 sensum
2459 4218 2692 4263 conatur
2714 4209 3007 4277 explicare,
3044 4208 3415 4264 dillicultatem
3448 4224 3545 4263 au.

1967 4287 2090 4349 get;
2134 4293 2199 4333 ac
2233 4280 2277 4334 si
2313 4289 2540 4333 sanctus
2579 4277 2865 4349 confessor
2906 4279 3239 4349 voluntatem
3274 4280 3546 4333 duntaxat

1968 4347 2297 4408 naturalem.
2336 4356 2464 4418 puta
2492 4347 2839 4412 comedendi,
2860 4348 3102 4412 bibendi,
3134 4348 3374 4418 fugiendl
3401 4364 3547 4401 more

1972 4424 2078 4472 tem
2123 4417 2350 4473 Christo,
2377 4419 2734 4483 concesserit,
2766 4434 2874 4473 non
2911 4418 3014 4472 hoc
3045 4419 3129 4472 vel
3171 4417 3303 4472 illud
3326 4418 3545 4480 edendi,

1970 4487 2234 4551 bibendi,
2268 4488 2548 4555 loquendi,
2603 4496 2710 4544 etc.
2740 4486 2849 4541 Nec
2904 4490 3045 4542 male
3094 4488 3387 4542 Gretserus
3423 4503 3563 4542 eunr

1970 4555 2193 4620 refellit,
2224 4558 2364 4624 apud
2404 4556 2656 4611 Stewart.
2689 4559 2745 4610 in
2776 4556 3072 4613 Collectan.
3110 4556 3413 4610 anrianns
3447 4559 3548 4611 hoc

1970 4625 2165 4679 incerti
2216 4626 2463 4679 auctoris
2504 4627 2771 4681 scholium
2827 4628 3000 4692 allert,
3038 4642 3145 4693 quo
3176 4627 3405 4679 Photius
3440 4628 3546 4680 sibi

1968 4710 2078 4749 non
2109 4706 2366 4750 constare
2417 4698 2726 4764 ostenditur
2758 4713 2771 4748 :
2817 4698 2940 4760 Πῶς
2972 4696 3188 4764 λέγεται
3220 4696 3455 4750 ἐνταῦθα
3491 4697 3549 4747 ἓν

1969 4764 2249 4884 ἔνωμικὸν
2287 4766 2377 4818 ἐπὶ
2426 4763 2663 4835 Χριστοῦ
2724 4766 2956 4835 θέλημα,
3008 4763 3275 4834 πολλαχοῦ
3300 4766 3550 4835 διαϐολὴν

2002 4850 2183 4884 γοντος
2214 4834 2307 4884 τοῦ
2338 4836 2770 4884 παρεισάγοντος
2810 4837 2909 4884 τὴν
2952 4835 3108 4884 δόξαν
3137 4835 3374 4884 ταύτηνε
3407 4836 3550 4884 nito-

2001 4850 2183 4902 χοντος
2214 4834 2307 4887 τοῦ
2338 4834 2770 4905 παρεισάγοντος
2810 4834 2909 4905 τὴν
2952 4835 3108 4899 δόξαν
3137 4835 3374 4905 ταύτην;
3407 4836 3551 4900 Q’uo-

1972 4919 2113 4983 ζωιιί⁸
2147 4913 2301 4983 pacto
2335 4906 2419 4957 hic
2456 4906 2650 4983 dicitur
2678 4922 2782 4983 una
2835 4922 2946 4983 esse
2983 4906 3275 4983 arbitraria
3307 4906 3550 4983 voluntas

1971 4973 2025 5025 in
2051 4971 2282 5043 Christo,
2316 4975 2527 5043 quando
2559 4992 2693 5041 saepe
2719 4977 2772 5027 in
2808 4976 3007 5028 crimen
3036 4975 3168 5029 venit
3193 4977 3403 5043 (utique
3426 4974 3549 5027 ha:-

1973 5044 2113 5113 resis
2148 5042 2600 5111 Monotheleticaa)
2639 5046 2727 5098 ille
2754 5047 2846 5113 qui
2881 5047 3181 5113 opinionem
3210 5042 3345 5097 hanc
3378 5044 3549 5098 intro-

1973 5111 2155 5183 ducit?
2181 5113 2431 5167 Profecto
2454 5114 2722 5169 Maximus
2754 5111 3235 5183 Damascenusque
3258 5114 3343 5166 his
3379 5114 3552 5183 haere-

1974 5182 2100 5235 ticis
2138 5183 2317 5236 locum
2351 5184 2515 5237 istum
2556 5183 2925 5253 objectarunt,
2956 5186 3122 5237 Marc.
3148 5180 3249 5248 vn,
3277 5184 3347 5235 24
3377 5198 3389 5233 :
3417 5180 3551 5235 Sur-

1974 5268 2096 5319 gens
2116 5253 2273 5323 Iesus
2314 5252 2444 5305 abiit
2478 5255 2532 5307 in
2566 5252 2695 5322 ﬁnes
2723 5253 2865 5323 Tyri
2892 5263 2943 5307 et
2989 5254 3235 5316 Sidonis;
3271 5264 3319 5306 et
3351 5252 3551 5320 ingres-

1976 5337 2066 5374 sus
2102 5323 2155 5374 in
2195 5321 2432 5385 domum,
2485 5321 2741 5377 neminem
2771 5321 2948 5376 voluit
2976 5325 3131 5383 scire,
3173 5332 3220 5375 et
3253 5338 3355 5376 non
3383 5325 3554 5387 potuit

1976 5390 2159 5462 l_alere.
2214 5390 2287 5446 Ex
2312 5409 2420 5462 quo
2470 5392 2776 5446 inferebant
2812 5403 2964 5445 certa
2998 5393 3273 5461 quondam
3316 5392 3554 5445 voluisse

1976 5459 2256 5515 Christum
2310 5459 2545 5515 humana
2594 5465 2895 5521 voluntate.
2927 5459 3048 5529 qua:
3076 5463 3259 5515 divina
3300 5463 3555 5516 voluntas

1979 5540 2241 5598 prmstarc
2272 5533 2457 5584 nollet.
2517 5532 2785 5595 Quocirca
2818 5531 3105 5585 Maximus.
3145 5533 3236 5586 lib.
3280 5531 3354 5584 De
3392 5530 3552 5583 duab.

1976 5601 2079 5651 vol.
2118 5616 2170 5667 p.
2212 5602 2331 5661 107),
2371 5602 2621 5654 concedit
2652 5602 2872 5654 Christo
2898 5603 3209 5655 voluntates
3247 5602 3556 5668 γνωμικὰς,

1980 5669 2299 5723 arbitrarias
2325 5670 2484 5730 duas,
2519 5673 2560 5725 si
2588 5684 2918 5725 censeantur
2941 5673 3293 5725 cssentialitcr
3317 5674 3560 5733 diversae,

1981 5741 2028 5789 εί
2066 5740 2163 5806 μὲν
2194 5740 2269 5802 ὡς
2298 5743 2415 5792 κατ’
2449 5741 2635 5793 οὐσίαν
2670 5740 2905 5811 διάφορα
2925 5783 2938 5805 ,
2976 5742 3129 5810 κάγὼ
3158 5742 3382 5811 δέχομαι
3402 5757 3415 5769 '
3470 5756 3561 5793 nc-

1980 5824 2244 5878 quaquam
2278 5827 2416 5876 vero,
2450 5812 2496 5865 si
2527 5815 2811 5867 contraria:
2847 5824 2893 5867 et
2914 5814 3167 5867 adversm.
