3950 6304
439 387 578 456 1039
1626 385 1686 446 S.
1722 383 2043 446 JOANNIS
2075 383 2504 445 DAMASCENI
3563 381 3706 448 1044)

507 498 588 552 Ad
629 497 744 552 haec
783 495 1010 565 insuper
1055 495 1097 561 ⁸,
1131 494 1175 550 si
1227 495 1441 550 cunctis
1496 495 1812 551 hominibus
1878 496 2015 550 velle

2193 494 2314 546 Ἔτι
2337 493 2392 546 δὲ
2421 495 2469 545 εἰ
2500 493 2665 546 πᾶσιν
2695 490 3005 562 ἀνθρώποις
3053 491 3350 562 ἐνυπάρχει
3395 492 3456 545 τὸ
3499 491 3704 550 θέλειν.

435 588 603 648 inest,
631 597 695 639 a‘c
736 599 845 639 non
884 593 942 638 ut
984 584 1316 654 quibusdam
1347 585 1501 648 insit,
1540 585 1872 656 quibusdam
1905 600 2018 639 non

2133 586 2216 639 mi.
2240 587 2300 638 οὐ
2325 589 2438 647 τοῖς
2470 584 2568 656 μὲν
2613 585 2931 654 ἐνυπάρχει,
2967 587 3080 648 τοῖς
3114 584 3170 638 δὲ
3221 585 3324 638 οὐκ
3359 585 3660 654 ἐνυπάρχει
3686 599 3704 614 ·

437 679 571 734 instt
604 675 1055 745 ;proculdubio,
1094 691 1219 730 cum
1262 677 1312 730 id
1345 676 1493 748 quod
1541 677 1907 732 communiter
1960 677 2019 730 in

438 767 697 822 omnibus
723 765 1133 831 consideratur,
1156 776 1370 819 natura:
1399 776 1586 820 notam
1635 767 1688 820 in
1751 765 2018 834 subjectis

440 858 490 912 ei
540 855 841 930 individuis
876 855 1171 923 exprimat,
1223 855 1390 910 bonto
1448 856 1662 910 volendi
1705 854 2018 910 facultatem

439 948 625 1003 habet.

510 1041 588 1094 Ac
617 1055 834 1105 rursus,
867 1040 912 1094 si
946 1047 1140 1093 natura
1190 1056 1291 1096 nec
1328 1041 1522 1111 magis,
1558 1056 1658 1096 nec
1704 1041 1885 1094 minus
1935 1056 2022 1095 re-

437 1131 592 1201 cipit,
624 1145 756 1186 sanc
779 1145 904 1184 cum
935 1130 1192 1185 omnibus
1217 1146 1464 1201 peraque
1485 1132 1621 1186 velle
1645 1133 1797 1193 insit,
1822 1147 1886 1186 ac
1909 1148 2020 1187 non

437 1225 562 1276 aliis
591 1223 837 1283 uberius,
875 1222 1000 1276 aliis
1022 1222 1267 1291 parcius,
1304 1237 1370 1276 ex
1404 1231 1598 1276 natura
1638 1238 1736 1277 sua
1791 1223 2022 1292 proinde

439 1313 656 1368 valendi
694 1313 1007 1367 facultatem
1056 1315 1322 1384 praeditus
1377 1324 1463 1369 est
1519 1315 1736 1369 homo:
1796 1332 1862 1370 ex
1916 1331 2024 1386 quo

436 1403 691 1468 cllicitnr,
749 1413 807 1459 ut
871 1420 996 1459 cum
1052 1406 1215 1460 homo
1277 1408 1479 1461 virtute
1530 1407 1746 1462 volendi
1798 1410 2018 1478 polleat,

438 1509 500 1551 ea
533 1497 723 1552 itidem
781 1499 1102 1553 naturaliter
1133 1500 1330 1568 polleat
1369 1499 1655 1565 Dominus,
1694 1515 1801 1555 non
1857 1501 2022 1555 modo

439 1602 548 1658 qua
580 1586 725 1642 Deus
753 1596 857 1654 est,
889 1589 984 1644 sed
1018 1591 1182 1644 etiam
1239 1606 1346 1660 qna
1392 1591 1572 1647 lactus
1621 1593 1808 1647 homo.
1864 1590 2022 1646 Sicut

437 1677 581 1732 enim
616 1687 869 1730 naturam
903 1686 1150 1734 nostram
1201 1681 1526 1750 assumpsit,
1571 1681 1652 1737 sic
1675 1691 1728 1736 et
1765 1682 2020 1737 volunta-

440 1773 548 1822 tem
599 1776 847 1823 nostram
889 1785 953 1824 ex
985 1769 1180 1825 ordine
1221 1780 1436 1826 natura:
1482 1773 1801 1842 assumpsit.
1843 1773 2021 1844 Atque

2121 677 2182 730 τὸ
2211 677 2265 730 δὲ
2298 676 2493 739 κοινῶς
2523 678 2691 729 πᾶσιν
2725 674 3183 745 ἑνθεωρούμενον,
3219 676 3382 743 φύσιν
3417 692 3708 746 χαρακτη-

2124 770 2262 843 ριζει
2287 771 2344 822 ὲν
2375 771 2487 833 τοῖς
2517 769 2607 822 ὑπ’
2637 768 2771 823 αὐτὸ
2793 769 3017 840 ἀτόμοις
3043 783 3056 799 '
3088 770 3196 840 ἄρα
3221 768 3382 836 φύσει
3417 767 3712 838 θελητικὸς

2121 861 2150 913 ὁ
2180 859 2276 914 ἄνθ
2286 877 2486 930 ρωπος.

2194 1045 2305 1097 Καὶ
2352 1037 2506 1104 αὖθις
2531 1056 2543 1068 ·
2596 1043 2644 1094 ει
2677 1041 2735 1093 τὸ
2772 1039 2971 1110 μᾶλλον
3008 1039 3103 1092 καὶ
3153 1032 3320 1109 ἦττον
3342 1037 3376 1107 ἠ
3407 1035 3568 1105 φύσις
3600 1035 3706 1091 οὐκ

2125 1135 2453 1204 ἐπιδέχεται,
2485 1134 2681 1204 ἐπίσης
2703 1132 2758 1185 δὲ
2784 1134 2950 1185 πᾶσιν
2973 1130 3271 1200 ἐνυπάρχει
3294 1129 3357 1181 τὸ
3379 1128 3578 1194 θέλειν,
3607 1129 3707 1181 καὶ

2123 1229 2183 1281 οὐ
2207 1230 2320 1289 τοῖς
2351 1226 2450 1295 μὲν
2479 1225 2660 1287 πλέον,
2684 1226 2800 1286 τοῖς
2829 1223 2886 1276 δὲ
2913 1222 3134 1275 ἔλαττον
3153 1237 3166 1250 ·
3214 1221 3321 1292 ἄρα
3350 1219 3513 1290 φόσεί
3539 1219 3708 1290 θελη-

2123 1321 2273 1382 τικὸς
2313 1322 2341 1372 6
2390 1319 2710 1390 ἄνθρωπος’
2751 1315 2893 1370 ὥστε
2931 1317 2981 1368 ει
3008 1313 3171 1382 φύσει
3214 1313 3500 1381 θελητικὸς
3543 1315 3573 1366 6
3604 1313 3710 1366 ἂν·

2125 1413 2360 1483 θρωπος,
2389 1412 2487 1464 καὶ
2508 1411 2536 1461 6
2565 1409 2790 1480 Κύριος,
2822 1407 2882 1461 οὐ
2910 1408 3070 1477 μόνον
3093 1405 3230 1459 καθὸ
3258 1405 3410 1468 Θεὸς,
3444 1403 3581 1456 ἀλλὰ
3607 1406 3708 1457 καὶ

2125 1504 2260 1559 καθὸ
2282 1503 2571 1572 ἄνθρωπος
2602 1503 2813 1571 γέγονε,
2862 1499 3023 1570 φύσει
3049 1499 3330 1569 θελητικός
3362 1499 3532 1552 ἐστιν.
3567 1498 3709 1550 Ὠσ-

2126 1612 2230 1666 περ
2250 1598 2358 1666 γὰρ
2396 1593 2412 1633 ι
2451 1595 2548 1665 τὴν
2592 1594 2869 1664 ἡμετέραν
2902 1592 3066 1662 φύσιν
3115 1589 3398 1655 ἀνέλαϐεν,
3433 1589 3576 1642 οὕτω
3606 1592 3708 1644 καὶ

2123 1687 2182 1742 τὸ
2212 1689 2479 1758 ἡμέτερον
2507 1687 2718 1757 θέλημα
2743 1685 2906 1755 φύσει
2956 1695 2998 1723 ω
3037 1683 3329 1753 ἀνείληφεν
3351 1699 3367 1716 ο
3416 1682 3511 1736 καὶ
3556 1683 3710 1737 κατὰ

2123 1777 2280 1830 τοῦτο
2307 1777 2358 1830 οἱ
2385 1777 2628 1847 Πατὲρες
2651 1774 2714 1828 τὸ
2742 1774 3011 1845 ἡμέτερον
3035 1774 3093 1826 ὲν
3120 1770 3301 1842 ἑαυτῷ
3328 1770 3578 1825 τυπῶσαι
3603 1771 3708 1826 ab-

437 1857 542 1913 bac
569 1858 782 1916 ratione
821 1859 1013 1915 Patres
1049 1875 1172 1914 eum
1229 1862 1562 1917 voluntatem
1596 1871 1839 1918 nostram
1873 1863 1925 1917 in
1958 1878 2017 1918 se

2133 1867 2210 1922 τὸν
2239 1867 2448 1938 ἔφησαν
2479 1867 2607 1937 θέλη
2616 1884 2709 1936 μα.

384 1994 398 2016 ._
439 1949 792 2016 expressisse
822 1949 996 2002 aiunt.

515 2038 572 2092 Si
608 2041 877 2096 naturalis
904 2042 1159 2096 voluntas
1193 2058 1296 2097 non
1330 2053 1434 2107 est,
1464 2054 1614 2100 certe
1642 2045 1723 2100 vel
1750 2061 2018 2115 persona-

439 2127 510 2183 lis
542 2130 647 2184 erit
687 2140 878 2186 contra
931 2143 1210 2187 naturam.
1249 2131 1302 2188 Si
1345 2137 1671 2204 personalis,
1717 2152 1849 2208 ergo
1897 2137 2020 2192 Filii

433 2220 695 2298 voluntas
721 2222 824 2276 hac
871 2225 1087 2279 ratione
1121 2239 1151 2278 a
1209 2239 1435 2294 paterna
1486 2226 1845 2297 discrepabit,
1886 2231 2020 2283 alia-

440 2327 546 2381 que
570 2311 717 2366 abea
752 2313 878 2369 erit.
914 2313 1127 2370 Etenim
1193 2317 1338 2388 quod
1385 2321 1675 2389 personale
1725 2332 1827 2386 est,
1893 2337 2019 2392 pcr-

439 2421 592 2462 sonre
630 2406 806 2461 solius
835 2407 1207 2478 exprimenda:
1260 2410 1370 2463 vim
1431 2410 1616 2465 habet.
1675 2411 1772 2465 Sin
1837 2423 2018 2468 autem

439 2504 632 2551 contra
667 2503 921 2550 naturam
973 2506 1078 2562 est,
1128 2496 1368 2552 defectio
1420 2513 1450 2552 a
1513 2508 1710 2552 natura
1766 2501 2018 2556 voluntas

439 2589 569 2644 erit.
592 2586 725 2654 Quae
760 2589 904 2644 enim
929 2597 1144 2644 natura:
1187 2590 1414 2646 adversa
1448 2601 1600 2654 sunt,
1627 2593 1919 2647 destruunt
1955 2609 2017 2648 ea

432 2671 562 2752 quae
581 2690 792 2736 natura:
820 2681 1182 2737 conveniunt.

510 2773 716 2828 Rerum
743 2773 992 2828 omnium
1017 2773 1162 2828 Deus
1195 2782 1248 2828 et
1272 2774 1434 2828 Pater
1463 2775 1600 2838 vult,
1626 2775 1710 2830 vel
1743 2787 2019 2845 quatenus

439 2864 623 2929 Pater,
663 2863 748 2918 vel
777 2871 1048 2934 quatenus
1090 2862 1254 2919 Deus.
1288 2863 1347 2917 Si
1385 2873 1662 2934 quatenus
1701 2865 1875 2928 Pater,
1914 2869 2019 2923 alia

440 2955 548 3009 crit
585 2954 706 3024 ejus
741 2955 1017 3021 voluntas,
1059 2954 1166 3008 alia
1214 2954 1376 3016 Filii;
1413 2972 1595 3026 neque
1652 2960 1799 3012 enim
1860 2959 2020 3014 Pater

439 3042 614 3099 Filius
652 3049 756 3099 est.
787 3044 886 3097 Sin
909 3051 1092 3098 antem
1134 3051 1408 3114 quatenus
1465 3044 1635 3108 Deus,
1685 3055 1834 3102 certe
1891 3065 2016 3102 cum

439 3133 614 3190 Filius
631 3149 850 3204 quoque
883 3133 1025 3189 Deus
1055 3134 1148 3197 sit,
1189 3137 1432 3207 itemque
1497 3134 1737 3207 Spiritus
1792 3150 2018 3196 sanctus

2195 2045 2259 2098 El
2309 2043 2538 2113 φυσικὸν
2573 2043 2695 2119 ,οὐκ
2725 2043 2842 2096 ἔστι
2894 2043 2955 2096 τὸ
2984 2042 3219 2114 θέλημα,
3251 2043 3284 2114 ἢ
3338 2041 3709 2096 ὑποστατικὸν

2121 2135 2300 2198 ἔσται,
2333 2134 2367 2205 ἢ
2399 2133 2551 2204 παρὰ
2581 2134 2774 2203 φύσιν·
2809 2133 2924 2187 ἀλλ’
2950 2135 2999 2186 εἰ
3037 2133 3136 2202 μὲν
3167 2133 3562 2198 ὑποστατικὸν,
3591 2135 3710 2188 ἑτε-

2123 2225 2380 2296 ρόϐουλος
2429 2223 2602 2287 οὕτως
2648 2240 2710 2292 γε
2765 2223 2918 2276 ἔσται
2945 2225 2974 2276 6
3007 2222 3136 2286 Υἱὸς
3181 2222 3260 2293 τῷ
3289 2222 3494 2292 Πατρί·
3533 2223 3708 2294 μόνης

2123 2317 2234 2387 γὰρ
2261 2317 2610 2379 ὑποστάσεως
2635 2313 3137 2387 χαρακτηριστικὸν
3158 2354 3172 2380 ,
3225 2314 3288 2368 τὸ
3317 2315 3704 2368 ὑποστατικόνο

2119 2410 2170 2462 εἰ
2212 2409 2268 2462 δὲ
2321 2408 2473 2478 παρὰ
2504 2408 2688 2476 φύσιν,
2742 2407 3016 2470 ἔκπτωσις
3044 2406 3147 2476 τῆς
3172 2405 3389 2476 φύσεως
3441 2406 3597 2459 ἔσται
3642 2406 3710 2460 τὸ

2119 2501 2362 2573 θέλημαο
2408 2501 2681 2573 φθαρτικὰ
2735 2499 2845 2571 γὰρ
2886 2499 2997 2555 τῶν
3035 2500 3180 2554 κατὰ
3212 2500 3406 2569 φύσιν,
3449 2499 3518 2554 τὰ
3549 2499 3709 2572 παρὰ

2119 2611 2300 2662 φυσιν.

2203 2778 2264 2830 Ὀ
2295 2777 2405 2830 τῶν
2436 2777 2574 2830 ὅλων
2599 2775 2708 2846 γὰρ
2748 2785 2775 2812 ιι
2811 2772 2944 2838 Θεὸς
2977 2775 3071 2827 καὶ
3102 2773 3315 2842 Πατὴρ,
3343 2773 3375 2843 ἢ
3415 2772 3550 2827 καθὸ
3594 2774 3709 2828 Πα-

2119 2868 2224 2940 τὴρ
2257 2867 2422 2932 θέλει,
2472 2868 2505 2938 ἢ
2543 2867 2679 2921 καθὸ
2717 2867 2870 2929 Θεός.
2921 2865 3063 2920 Ἀλλ’
3097 2867 3145 2919 εἰ
3180 2864 3280 2936 μὲν
3319 2865 3457 2918 καθὸ
3486 2865 3701 2937 Πατὴρ,

2120 2961 2250 3016 ἄλλο
2285 2959 2452 3014 αὑτοῦ
2489 2959 2643 3013 ἔσται
2671 2959 2730 3013 τὸ
2753 2957 2968 3029 θέλημα
2998 2958 3150 3029 παρὰ
3203 2957 3266 3010 τὸ
3297 2956 3390 3010 τοῦ
3419 2956 3577 3010 Υξοῦ.
3625 2957 3704 3011 Οὐ

2121 3055 2231 3126 γὰρ
2263 3054 2454 3125 Πατὴρ
2473 3056 2501 3107 ὁ
2531 3052 2682 3117 Υἱός.
2709 3053 2771 3106 Εἰ
2796 3051 2853 3105 δὲ
2885 3050 3021 3105 καθὸ
3047 3049 3200 3114 Θεὸς,
3249 3048 3381 3112 Θεὸς
3407 3049 3466 3102 δὲ
3491 3051 3520 3102 6
3551 3050 3700 3113 Υἱὸς,

2120 3147 2255 3210 Θεὸς
2284 3147 2468 3200 καὶτὸ
2503 3144 2730 3214 Πνεῦμα
2759 3143 2822 3196 τὸ
2876 3143 3065 3212 ἅγιον·
3097 3141 3204 3213 ἄρα
3250 3140 3311 3194 τὸ
3350 3141 3565 3212 θέλημα
3599 3143 3704 3214 cpti-

438 3224 606 3291 Deus,
632 3225 970 3281 voluntatem
995 3234 1205 3281 naturae
1227 3242 1374 3292 esse,
1412 3228 1806 3296 naturalemve,
1839 3228 2017 3285 faten-

2133 3208 2281 3306 rew;,
2312 3239 2482 3309 ἢγουν
2515 3208 2763 3308 φυσικόν.

439 3317 570 3372 dum
592 3325 700 3373 est.

506 3408 801 3479 Insuper,’
837 3409 882 3465 si
925 3423 1165 3481 quorum
1222 3409 1480 3466 voluntas
1525 3427 1633 3467 una
1674 3421 1780 3478 est,
1821 3414 2018 3470 horum

437 3499 624 3565 etiam,
659 3507 718 3554 ut
740 3499 930 3557 Patres
957 3509 1273 3569 senserunt,
1293 3517 1400 3557 una
1429 3509 1514 3559 est
1542 3505 1783 3560 essentia
1815 3521 1831 3560 :
1859 3520 2016 3572 sane,

439 3593 486 3648 si
516 3607 624 3648 una
645 3591 954 3649 divinitatis
984 3593 1191 3650 Christi
1223 3601 1390 3664 atque
1421 3594 1787 3652 humanitatis
1809 3598 2011 3652 volun-

441 3693 527 3739 tas
566 3685 659 3750 sit,
715 3699 825 3738 una
881 3700 1102 3758 quoque
1153 3683 1424 3740 eteadem
1464 3701 1655 3742 earum
1709 3687 2020 3743 substantia

441 3773 564 3828 erit.

508 3865 588 3918 Ac
622 3879 836 3929 rursus,
865 3865 910 3922 si
936 3866 1002 3920 de
1038 3866 1262 3922 Patrum
1323 3870 1620 3936 sententia,
1659 3878 1866 3927 natura:
1905 3871 2020 3928 dis-

439 3953 648 4008 crimen
671 3955 722 4008 in
755 3969 862 4008 una
898 3955 1183 4011 voluntate
1239 3972 1347 4012 non
1388 3958 1589 4024 elucet,
1623 3975 1852 4016 necesse
1911 3970 2017 4026 est,

438 4051 499 4096 ut
529 4043 610 4097 vel
643 4058 806 4098 unam
839 4045 1076 4099 dicendo
1118 4045 1486 4113 voluntatem,
1529 4050 1783 4105 naturale
1819 4050 2019 4106 discri-

437 4149 562 4190 men
617 4151 723 4191 non
777 4135 1045 4202 dicamus,
1079 4137 1164 4193 vel
1225 4149 1546 4194 naturarum
1608 4141 2016 4200 distinctionem

436 4227 826 4298 praedicantes,
859 4228 1202 4284 voluntatem
1233 4245 1396 4284 unam
1433 4245 1542 4284 non
1577 4238 1907 4290 statuamus.

507 4317 587 4371 Ac
623 4331 842 4380 rursus,
875 4317 897 4349 ⁸
927 4321 972 4371 si
1001 4318 1140 4372 utin
1170 4317 1360 4373 divino
1413 4317 1714 4390 Evangelio
1751 4322 2008 4386 habetur,

436 4404 720 4477 profectus
770 4405 1040 4462 Dominus
1072 4407 1124 4461 in
1170 4416 1353 4478 partes
1390 4407 1521 4480 Tyri
1558 4418 1614 4464 et
1672 4407 1919 4478 Sidonis,
1967 4423 2018 4468 et

2191 3419 2337 3484 Ἔτι,
2359 3417 2408 3470 εἰ
2436 3415 2578 3470 κατὰ
2606 3414 2734 3478 τοὺς
2757 3412 3032 3485 Πατέρας,
3055 3404 3130 3466 ὧν
3151 3410 3212 3464 τὸ
3235 3410 3447 3480 θέλημα
3473 3408 3556 3472 ἓν,
3579 3407 3703 3463 τοῦ-

2117 3528 2225 3565 των
2246 3509 2340 3563 καὶ
2367 3509 2401 3580 ή
2429 3507 2586 3562 οὐσία
2617 3505 2734 3578 μία,
2765 3506 2822 3558 ἓν
2848 3505 2944 3558 καὶ
2969 3503 3181 3574 θέλημα
3211 3505 3311 3574 τῆς
3329 3501 3586 3574 θεότητος
3604 3501 3702 3557 τοῦ

2117 3600 2384 3675 Χριστοῦ,
2417 3601 2643 3670 καὶτῆς
2692 3595 3113 3668 ἀνθρωπύτητος
3164 3591 3332 3647 αὐτοῦ
3360 3609 3375 3625 ο
3427 3590 3543 3665 ἄρα
3599 3591 3702 3664 μία

2120 3693 2216 3748 καὶ⁵
2242 3693 2277 3764 ἠ
2303 3690 2440 3762 αὐτὴ
2478 3688 2684 3744 τούτων
2715 3687 2870 3740 ἔσται
2899 3685 2998 3742 καὶ
3024 3686 3057 3754 ἠ
3096 3683 3274 3738 οὐσία.

2189 3868 2299 3921 Καὶ
2321 3865 2483 3920 πάλιν
2503 3879 2517 3893 ο
2554 3863 2626 3924 εἰ,
2657 3859 2800 3914 κατά
2826 3859 2954 3923 τοὺς
2979 3856 3252 3927 Πατέρας,
3299 3855 3333 3926 ὴ
3356 3853 3458 3925 τῆς
3481 3854 3702 3924 φύσεως

2118 3956 2356 4028 διαφορὰ
2389 3955 2468 4025 τῷ
2498 3955 2580 4007 ἐνὶ
2601 3952 2868 4022 θελήματι
2897 3949 2957 4002 οὐ
2997 3947 3359 4016 διαφαίνεται,
3384 3945 3626 4016 ἀνάγκη,
3664 3945 3699 4016 ἢ

2120 4053 2180 4106 ἓν
2212 4049 2427 4119 θέλημα
2452 4046 2711 4114 λέγοντας
2737 4040 2976 4112 φυσικὴν
3019 4040 3078 4092 ὲν
3120 4036 3344 4108 Χριστῷ
3390 4035 3465 4106 μὴ
3517 4036 3701 4105 λέγειν

2118 4137 2403 4209 διαφορὰν,
2431 4135 2464 4206 ἢ
2497 4131 2733 4204 φυσικὴν
2755 4128 3015 4194 λέγοντας
3061 4123 3348 4196 διαφορὰν,
3379 4123 3439 4178 ἓν
3485 4123 3700 4196 θέλημα

2123 4229 2518 4382 μὴιὲξιγὶῗθις·
2555 4318 2605 4370 εἰ
2630 4313 2816 4376 καθώς
2853 4327 2988 4384 φησι
3039 4309 3101 4362 τὸ
3145 4307 3289 4362 θεῖον
3340 4307 3696 4376 Εὐαγγέλιον,

2119 4413 2290 4468 ἐλθὼν
2310 4414 2338 4465 6
2369 4410 2572 4483 Κύριος
2601 4408 2679 4470 εἰς
2713 4406 2781 4460 τὰ
2813 4403 2955 4475 μέρη
2977 4401 3155 4472 Τύρου
3183 4399 3277 4454 καὶ
3314 4398 3568 4465 Σιδῶνος,
3598 4399 3699 4454 καὶ

435 4499 704 4567 ingressus
721 4498 958 4560 domum,
994 4501 1249 4554 neminem
1274 4502 1410 4556 scire
1459 4501 1643 4568 voluit,
1699 4519 1791 4558 nec
1840 4514 2010 4562 tamen

2133 4505 2410 4562 ςισελθὼν
2439 4506 2527 4570 εις
2555 4497 2746 4563 οἶκον,
2776 4495 2996 4552 οὐδένα
3021 4494 3285 4563 ἠθέλησε
3309 4491 3552 4562 γνῶναι,
3599 4493 3697 4546 καὶ

437 4589 600 4643 latere
619 4591 792 4658 potuit
827 4590 872 4654 ',
904 4591 1152 4660 profecto
1187 4606 1310 4645 cum
1346 4591 1529 4646 divina
1555 4593 1729 4664 ipsius
1758 4596 2014 4654 voluntas

2133 4600 2227 4653 nim
2251 4594 2522 4665 ἠδυνήθη
2543 4589 2752 4646 λαϐεῖν
2767 4603 2781 4617 ·
2809 4589 2857 4640 εἰ
2885 4588 2944 4640 τὸ
2967 4585 3111 4639 θεῖον
3135 4582 3300 4638 αὑτοῦ
3323 4581 3538 4654 θέλημα
3565 4599 3700 4634 παν-

435 4681 623 4736 omnia
688 4682 898 4752 possit,
948 4683 1140 4738 volens
1179 4699 1309 4739 vero
1363 4684 1535 4740 latere
1587 4703 1694 4741 non
1755 4690 2012 4757 potuerit,

435 4769 708 4838 sequitur,
741 4777 801 4823 ut
854 4778 1134 4838 quatenus
1165 4771 1329 4826 homo
1375 4772 1427 4827 id
1475 4773 1733 4839 voluerit,
1768 4791 1869 4832 nec
1920 4792 2019 4847 po-

436 4857 620 4923 tuerit,
654 4863 817 4926 atqne
843 4858 1001 4924 adeo,
1031 4865 1091 4912 ut
1111 4868 1384 4929 quatenus
1411 4861 1574 4915 homo
1605 4862 1818 4917 volendi
1843 4863 2019 4920 facul-

434 4955 603 5002 tatem
635 4949 912 5004 habuerit.

504 5037 670 5108 228
693 5039 770 5093 Ac
792 5054 986 5094 rursus
1016 5039 1218 5104 “,Cum
1249 5053 1488 5111 venisset,
1514 5044 1709 5116 inqttit,
1725 5047 1793 5100 ad
1823 5046 2013 5112 locum.

436 5125 569 5182 dixit
587 5143 605 5181 :
623 5128 779 5184 Sitio.
800 5128 868 5182 Et
889 5132 1206 5185 dederuntei
1227 5132 1400 5186 vinum
1418 5134 1538 5203 felle
1561 5137 1776 5190 mictum
1794 5148 1814 5189 :
1836 5146 2018 5191 etcum

436 5229 717 5289 gustasset,
754 5221 923 5276 noluit
950 5222 1122 5278 bibere
1155 5225 1218 5277 “.
1249 5223 1421 5281 Porro
1451 5229 1820 5299 si,quatenus
1850 5227 2016 5296 Deus,

2114 4688 2436 4757 τοδύναμον,
2467 4683 2697 4752 θελήσας
2723 4679 2780 4734 δὲ
2809 4677 2992 4730 λαθεῖν
3013 4677 3074 4729 οὐ
3102 4674 3402 4744 δεδύνηται·
3428 4673 3539 4744 ἄρα
3565 4673 3700 4726 καθὸ

2115 4777 2405 4848 ἄνθρωπος
2463 4772 2696 4842 θελήσας
2753 4769 2852 4823 οὐκ
2899 4764 3167 4836 ἠδυνήθη,
3199 4763 3296 4816 καὶ
3321 4761 3613 4833 θελητικὸς
3633 4757 3700 4832 ἦν

2119 4871 2213 4925 καὶ
2243 4867 2379 4923 καθὸ
2408 4866 2716 4937 ἄνθρωπος.

2194 5042 2306 5096 Καὶ
2337 5039 2500 5094 πάλιν
2521 5053 2534 5065 ·
2575 5035 2818 5102 Ἐλθὼν,
2853 5032 3141 5104 φησὶν,εις
3178 5029 3286 5084 τὸν
3315 5028 3527 5092 τόπον,
3546 5022 3696 5081 εἴπεο

2125 5133 2307 5204 Διψῶ.
2345 5131 2455 5188 Καὶ
2485 5131 2718 5186 ἔδωκαν
2741 5128 2904 5194 αὐτῷ
2931 5122 3102 5182 οἶνον
3121 5122 3272 5194 μετὰ
3301 5119 3497 5192 χολῆς
3529 5136 3697 5189 pqa-

2123 5227 2366 5300 γμένον,
2407 5223 2507 5277 καὶ
2534 5221 2905 5294 γευσάμενος
2936 5221 3048 5275 οὐκ
3072 5217 3255 5286 ἤθελε
3295 5213 3478 5269 πιεῖν.
3510 5213 3574 5266 Εἰ
3603 5211 3694 5281 μὲν

508 5380 536 5460 ξ
559 5379 734 5460 May
762 5379 924 5460 .Diul.
973 5399 1098 5460 pum
1151 5377 1376 5460 Pyrrho,
1440 5402 1506 5442 ex
1542 5385 1840 5460 Diadocbo.
1935 5390 1954 5420 ⁷
1988 5389 2147 5459 Greg.
2174 5387 2338 5460 Nyss,
2379 5387 2535 5460 Qqnt.
2580 5383 2816 5460 Apollitt.
2878 5375 3114 5460 etnaljj.
3142 5370 3352 5460 δοκέει
3382 5376 3684 5460 “ff-ff]-

437 5449 460 5481 ⁸
491 5448 794 5531 Maniliith
831 5453 1043 5531 agatlto
1099 5448 1226 5531 p_a_p'.
1269 5448 1434 5526 epist.
1487 5475 1609 5529 syn.
1651 5458 1708 5514 in
1765 5476 1815 5515 νι
1866 5475 2016 5531 syn.,
2075 5448 2163 5514 δἐι
2219 5448 2273 5514 1.
2367 5457 2575 5512 'Marc.
2606 5448 2818 5520 inﬂi-

438 5534 553 5585 ιιι,
581 5519 652 5574 28
673 5519 902 5586 ;.'llatth.'
942 5519 1208 5587 χιιίιζδιι.

2951 5448 2993 5480 ⁸⁸
3034 5445 3175 5500 Max.
3223 5439 3356 5498 ibid.
3460 5439 3503 5471 “
3529 5437 3688 5492 .loan.

1742 5616 1976 5672 VARIE
2022 5614 2416 5672 LECTIONES.

497 5765 519 5807 ι
551 5763 710 5828 Edita
741 5777 859 5834 καί.
941 5786 980 5816 ιη
1013 5775 1157 5834 Edit.
1192 5784 1380 5850 φύσιν.
1457 5787 1484 5816 υ
1508 5776 1669 5835 Deest
1691 5776 1802 5849 γὰρ
1853 5777 1910 5832 in
1942 5791 2072 5832 mss.
2115 5774 2398 5844 pluribus;
2427 5786 2535 5844 qua
2563 5780 2742 5827 tamen
2767 5768 3036 5841 particula
3061 5768 3238 5824 oratio
3272 5766 3561 5840 urgentior
3587 5771 3684 5822 est.
