3950 6304
251 350 383 416 1041

1303 355 1401 414 DE
1434 353 1612 414 FIDE
1648 349 2299 419 ORTHODOXAILIB.
2339 358 2454 416 III.

3367 357 3517 420 1042‘

244 462 340 520 οὖν
393 463 530 519 καθὸ
557 464 693 528 Θεὸς
740 463 983 535 ἐδίψησε,
1036 465 1131 518 καὶ
1163 467 1500 536 γευσάμενος
1544 467 1644 518 οὐκ
1669 463 1825 535 ἧθελε

1962 463 2020 518 iti
2043 474 2333 536 correptus
2372 472 2476 531 est,
2498 470 2552 519 ct
2579 479 2702 519 eum
2744 473 3038 535 gustasset,
3070 463 3248 518 noluit
3279 465 3500 532 bibere;

247 559 415 620 πιεῖν,
448 555 704 626 ἐμπαθὴς
736 555 846 626 ἄρα
883 557 980 609 καὶ
1019 564 1045 591 °
1074 556 1210 611 καθὸ
1240 555 1374 620 Θεός
1394 573 1406 586 ο
1436 556 1608 620 πάθος
1637 556 1763 627 γὰρ,
1789 557 1824 627 ἦ

241 663 305 701 τε
334 646 483 716 δίψα,
521 646 615 700 καὶ
645 649 678 717 ἡ
708 646 918 714 γεῦσις.
951 649 1015 701 El
1061 648 1117 700 δὲ
1143 648 1204 700 οὐ
1250 648 1385 701 καθὸ
1430 647 1579 712 Θεὸς,
1607 648 1825 711 πάντως

247 736 385 790 καθὸ
416 736 708 806 ἄνθρωπος
735 738 981 809 ἐδίψησε,
1030 741 1121 794 καὶ
1166 739 1448 810 θελητικὸς
1476 736 1544 811 ἦν
1569 739 1663 793 καὶ
1692 740 1828 794 καθὸ

248 826 533 898 ἄνθρωπος
565 837 611 880 Ρ.

320 916 432 968 Καὶ
461 917 490 967 6
515 915 786 986 μακάριος
816 917 873 971 δὲ
906 918 1117 981 Παῦλος
1150 922 1178 973 6
1209 921 1539 988 ἀπόστολος*
1576 928 1830 995 Γενόμε-

249 1022 380 1073 νος,
421 1008 604 1076 φησιν,
645 1009 919 1075 ὖπήκοος
939 1010 1117 1079 μέχρι
1158 1013 1439 1081 θανάτου,
1474 1017 1733 1072 θανάτου
1762 1017 1831 1071 δὲ

251 1097 539 1164 σταυροῦ.
570 1101 635 1150 Ἥ
658 1099 873 1171 ὑπακοὴ
893 1101 985 1154 τοῦ
1009 1102 1177 1166 ὅντως
1202 1103 1505 1175 θελήματός
1530 1108 1675 1161 ἐστιν
1699 1110 1831 1162 ὐπο-

251 1190 414 1259 ταγὴ,
446 1190 480 1260 ἢ
508 1189 602 1243 τοῦ
637 1191 712 1261 μὴ
738 1191 908 1257 ὅντως
929 1208 943 1222 ⁶
968 1195 1027 1247 οὐ
1055 1194 1163 1265 γὰρ
1190 1196 1250 1248 τὸ
1271 1197 1462 1265 ἄλογον
1502 1200 1765 1270 ὑπήκοον,
1795 1200 1829 1270 ἢ

253 1280 537 1350 παρήκοον
566 1280 795 1352 λέξομεν
823 1299 836 1314 ·
874 1284 1113 1354 ὑπήκοος
1148 1286 1205 1339 δὲ
1235 1288 1312 1359 τῷ
1339 1289 1514 1361 Πατρὶ
1544 1293 1833 1362 γενόμενος

252 1371 283 1423 6
311 1370 539 1442 Κύριος,
565 1373 626 1426 ού
662 1374 798 1428 καθὸ
846 1375 980 1439 Θεὸς
1010 1378 1254 1446 γέγονεν,
1289 1381 1425 1434 ἀλλὰ
1462 1381 1597 1436 καθὸ
1626 1384 1834 1455 ἄνθρω-

254 1477 376 1525 πος.
414 1462 566 1517 Καθὸ
592 1463 701 1536 γὰρ
729 1465 882 1532 Θεὸς,
911 1466 1036 1520 οὒτε
1071 1470 1335 1541 ὑπήκοος,
1361 1472 1483 1527 οὔτε
1513 1477 1793 1546 παρήκοος
1817 1492 1830 1507 ο

253 1552 365 1604 τῶν
399 1552 505 1606 ὑπὸ
553 1557 710 1625 χεῖρα
760 1556 871 1627 γὰρ
923 1556 1116 1624 ταῦτα,
1166 1560 1350 1624 καθὼς
1381 1565 1408 1615 ὀ
1440 1563 1700 1635 θεοφόρος
1729 1565 1833 1635 ἔφη

1932 571 2063 627 ergo
2093 556 2257 612 etiam
2291 566 2565 627 quatenus
2617 556 2761 611 Deus
2813 555 3164 626 passionibus
3226 557 3511 614 obnoxius

1933 654 2050 700 erat
2082 664 2092 698 :
2129 657 2256 702 sunt
2294 649 2461 713 enim,
2499 657 2614 701 tum
2650 648 2789 711 sitis,
2818 655 2932 701 tum
2972 650 3234 718 gustatio,
3286 649 3505 718 passio-

1936 752 2054 793 ncs.
2121 738 2220 792 Sin
2279 748 2459 793 autem
2520 748 2794 808 quatenus
2852 738 3015 791 homo
3068 739 3258 807 sitivit,
3316 741 3505 812 utique

1934 841 2210 900 quatenus
2247 832 2410 886 homo
2446 832 2725 885 voluntate
2754 831 3057 886 instructus
3076 840 3217 887 erat.

2014 923 2327 979 Obedieutia
2350 926 2463 992 ejus
2496 921 2740 991 quivelit.
2762 931 2810 975 et
2860 922 3099 975 subditus
3133 924 3222 976 sit.
3257 953 3327 964 —-
3358 924 3507 989 Quin

1936 1016 2131 1070 beatus
2164 1029 2382 1084 quoque
2426 1013 2629 1067 Paulus
2664 1012 2946 1080 apostolus
2979 1030 2992 1066 :
3033 1012 3256 1080 Factus,
3302 1016 3516 1085 inquit,

1936 1106 2180 1160 obediens
2207 1121 2367 1173 usque
2400 1104 2468 1158 ad
2492 1114 2735 1170 mortem,
2770 1114 2986 1158 mortem
3032 1116 3207 1158 autem
3247 1109 3419 1162 crucis
3440 1107 3505 1160 ¹².

1936 1197 2099 1267 Atqui
2149 1197 2457 1251 obedientia
2506 1196 2623 1265 ejus
2658 1195 2956 1249 voluntatis
3016 1210 3137 1265 qua:
3167 1210 3355 1250 revera
3403 1208 3509 1261 est,

1938 1287 2210 1356 subjectio
2238 1298 2344 1351 est,
2372 1303 2483 1341 non
2511 1288 2631 1357 ejus
2647 1302 2768 1356 qua:
2797 1301 2906 1341 non
2933 1294 3050 1341 est:
3073 1302 3179 1341 non
3213 1288 3356 1342 enim
3378 1289 3523 1343 bru’

1939 1386 2053 1432 tum
2086 1378 2292 1432 animal
2330 1379 2591 1433 obediens
2631 1378 2899 1443 dicemus,
2936 1388 3031 1431 aut
3090 1378 3413 1435 inobediens
3443 1380 3510 1435 ".

1939 1466 2111 1522 Porro
2128 1466 2391 1522 Dominus
2416 1466 2561 1521 Patri
2589 1465 2764 1522 factus
2788 1475 2873 1522 est
2901 1466 3187 1532 obediens,
3244 1484 3355 1522 non
3385 1484 3517 1538 qua-

1940 1565 2101 1613 tenus
2153 1557 2317 1623 Deus,
2366 1557 2460 1612 sed
2495 1564 2766 1626 quatenus
2818 1559 3007 1612 homo.
3045 1556 3179 1611 Nam
3242 1569 3516 1628 quatenus

256 1645 577 1717 Γρηγόριος.
610 1647 903 1718 Θελητικὸς
925 1651 1032 1721 ἄρα
1055 1652 1148 1706 καὶ
1174 1653 1311 1706 καθὸ
1334 1653 1625 1725 ἄνθρωπος
1655 1658 1683 1708 6
1712 1659 1843 1728 Χρι,

1956 1651 2109 1713 Deus,
2138 1664 2239 1705 nec
2267 1648 2530 1703 obediens
2562 1656 2667 1712 est,
2701 1664 2802 1704 nec
2823 1648 3163 1704 inobedieus.
3192 1648 3317 1704 llaec
3342 1652 3515 1714 enim,

258 1736 405 1799 στός.

328 2002 564 2057 Φυσικὸν
597 2004 655 2057 δὲ
674 2004 733 2057 τὸ
766 2005 981 2077 θέλημα
1009 2006 1279 2076 λέγοντες,
1308 2010 1407 2062 οὐκ
1426 2010 1842 2081 ἠναγκασμένον

259 2094 419 2147 τοῦτό
453 2113 649 2166 φαμεν,
673 2098 788 2151 ἀλλ’
820 2098 1195 2163 αὐτεξούσιον*
1228 2100 1277 2153 εἰ
1309 2101 1418 2170 γὰρ
1438 2100 1676 2166 λογικὸν,
1705 2101 1843 2155 πάν-

258 2207 369 2251 τως
394 2191 490 2243 καὶ
518 2192 885 2256 αὐτεξούσιον.
923 2194 997 2248 Ού
1030 2194 1190 2263 μόνον
1217 2197 1325 2265 γὰρ
1357 2198 1391 2267 ἡ
1419 2195 1539 2249 θεία
1574 2197 1668 2248 καὶ
1690 2195 1844 2249 ἄκτι-

262 2297 387 2344 στος
438 2282 600 2350 φύσις
659 2283 810 2337 οὐδὲν
862 2287 1282 2357 ἠναγκασμένον
1321 2287 1455 2357 ἔχει,
1490 2287 1605 2342 ἀλλ’
1655 2288 1776 2341 οὐδὲ
1806 2291 1841 2360 ἠ

262 2369 427 2441 νοερὰ
472 2373 568 2426 καὶ
615 2375 843 2446 κτνςτή·
902 2374 1061 2429 τοῦτο
1106 2376 1164 2430 δὲ
1212 2376 1405 2447 δῆλον·
1444 2377 1605 2448 φύσει
1634 2377 1844 2449 γὰρῶν

262 2461 470 2528 ἀγαθὸς
499 2463 528 2515 6
564 2462 718 2532 Θεὸς,
768 2460 1068 2537 καὶ’φύσει
1124 2468 1475 2541 δημιουργὸς,
1533 2471 1627 2524 καὶ⁵
1685 2470 1844 2541 φύσει

264 2552 422 2620 Θεὸς,
450 2553 550 2607 οὐκ
586 2554 802 2629 ἀνάγκῃ
849 2556 1023 2614 ταῦτά
1065 2559 1182 2613 ἐστι
1204 2577 1218 2592 ο
1250 2562 1333 2625 τίς
1361 2560 1468 2633 γὰρ
1495 2562 1523 2614 6
1547 2562 1646 2634 τὴν
1674 2563 1843 2631 ἀνάγ-

268 2661 374 2715 κην
400 2646 621 2715 ἐπάγων
643 2663 660 2713 ;

340 2919 433 2971 Δεῖ
456 2917 513 2973 δὲ
546 2918 764 2985 ειδέναι,
798 2921 873 2984 ὡς
903 2923 936 2991 ἡ
968 2923 1406 2994 αὐτεξουσιότης,
1434 2927 1723 2998 ὀμονύμως
1748 2930 1846 2998 μὲν

1945 1751 2004 1798 ιιι
2042 1741 2265 1795 divinus
2296 1739 2600 1809 Gregorius
2630 1740 2708 1792 ait
2739 1741 2803 1804 η’,
2864 1741 2973 1796 illis
3007 1742 3362 1808 conveniunt,
3393 1758 3516 1813 qum

1940 1834 2199 1905 potestati
2248 1832 2645 1901 subjiciuntur.
2679 1829 2852 1901 Igitur
2887 1831 3143 1887 Christus
3189 1847 3297 1902 qua
3351 1833 3515 1888 bomo

1942 1924 2224 1979 voluntate
2255 1922 2517 1993 praeditus
2535 1921 2654 1976 fuit.

2022 2013 2282 2070 Voluntas
2299 2031 2424 2068 cum
2456 2014 2745 2079 naturalis,
2773 2022 2884 2066 tum
2914 2013 3102 2068 libera.
3132 2043 3201 2053 —
3226 2013 3521 2069 Enimvero

1943 2123 2066 2165 cum
2102 2107 2440 2162 voluntatem
2465 2104 2769 2159 naturalem
2791 2105 3234 2174 pronuntiamus,
3261 2118 3371 2158 non
3396 2119 3518 2159 eam
3564 2168 3567 2169 ν

1942 2200 2274 2256 necessitate
2313 2197 2654 2261 obstrictam,
2699 2196 2794 2253 sed
2820 2196 3049 2252 liberam
3096 2196 3351 2260 dicimus.
3380 2194 3520 2250 Nam

1943 2292 2071 2362 quia
2088 2291 2354 2346 rationem
2367 2289 2687 2356 comitatur,
2711 2287 2901 2358 utique
2921 2297 2979 2343 et
3005 2289 3179 2344 libera
3201 2296 3306 2345 est.
3329 2288 3519 2358 Neque

1942 2383 2089 2440 enim
2134 2382 2317 2437 divina
2369 2382 2548 2437 solum
2600 2388 2658 2436 et
2720 2380 2966 2435 increata
3013 2382 3353 2437 coactionem
3406 2396 3518 2436 non

1944 2472 2204 2538 admittit,
2232 2471 2327 2528 sed
2359 2485 2430 2526 ne
2466 2469 2782 2540 intelligens
2810 2468 3030 2540 quidem
3047 2476 3101 2524 et
3123 2477 3329 2525 creata.
3354 2469 3523 2541 ldque

1945 2563 2296 2633 perSpicuum
2341 2568 2428 2616 est
2452 2580 2466 2616 :
2494 2560 2622 2630 quia
2653 2559 2816 2625 Deus,
2849 2574 2975 2614 cum
3000 2566 3202 2614 natura
3226 2559 3402 2615 bonus
3423 2561 3523 2626 sit,

1945 2662 1999 2708 et
2028 2661 2225 2706 natura
2249 2651 2503 2706 conditor
2526 2665 2737 2716 rerum,
2764 2656 2819 2705 et
2848 2656 3046 2704 natura
3090 2649 3259 2716 Deus,
3318 2664 3527 2719 nequa-

1947 2761 2110 2816 quam
2139 2746 2254 2800 baec
2282 2745 2466 2800 omnia
2498 2742 2829 2798 necessitate
2846 2748 2952 2799 est.
2980 2743 3184 2812 Ecquis
3208 2744 3354 2798 enim
3383 2742 3524 2798 hanc

1947 2837 1998 2890 ei
2030 2834 2417 2890 necessitatem
2447 2832 2663 2887 induxit
2690 2830 2715 2884 ?

2018 2925 2266 2979 Liberum
2299 2925 2582 2979 arbitrium
2609 2922 2720 2977 Deo
2749 2910 2924 2989 aliter,
2955 2922 3114 2978 aliter
3141 2924 3339 2993 angelis
3365 2964 3379 2988 ,
3414 2922 3523 2975 alio

269 3008 488 3079 λέγεται
509 3026 524 3042 ο
549 3006 723 3075 ἄλλως
750 3012 806 3065 δὲ
833 3012 925 3066 ἐπὶ
948 3014 1105 3081 Θεοῦ,
1134 3016 1228 3071 καὶ
1260 3017 1436 3081 ἄλλως
1455 3019 1547 3071 ἐπὶ
1576 3021 1844 3089 ἀγγέλων,

1956 3019 2104 3072 modo
2133 3017 2427 3071 hominibus
2448 3017 2705 3071 convenit.
2726 3045 2796 3057 --
2819 3014 3113 3071 Sciendum
3139 3026 3318 3070 autem
3343 3025 3426 3071 est
3456 3017 3522 3079 ¹⁵,

270 3103 368 3155 καὶ
392 3101 567 3165 ἄλλως
603 3105 695 3156 ἐπὶ
727 3101 1054 3176 ἀνθρώπων.
1081 3108 1203 3161 Ἐπὶ
1232 3108 1369 3162 Θεοῦ
1397 3110 1498 3180 μὲν
1526 3112 1654 3183 γὰρ,
1686 3114 1847 3183 ὑπερ-

269 3192 468 3256 ουσιως
489 3206 501 3219 ·
534 3194 631 3245 ἐπὶ
675 3193 732 3247 δὲ
762 3195 1031 3263 ἀγγέλων,
1067 3196 1146 3260 ὡς
1197 3199 1599 3269 συντρεχούσης
1637 3204 1703 3273 τῇ
1736 3203 1847 3268 ἕξει

268 3285 370 3354 τῆς
408 3286 824 3357 προχειρίσεως,
855 3289 950 3341 καὶ
986 3290 1339 3361 παρενθήκην
1374 3291 1510 3356 ὅλως
1549 3294 1743 3364 χρόνου
1774 3296 1849 3367 μὴ

271 3377 722 3448 παραδεχομένης
741 3395 755 3407 ’
789 3379 927 3449 ἔχων
976 3381 1087 3451 γὰρ
1116 3382 1363 3451 φυσικῶς
1395 3384 1456 3437 τὸ
1480 3385 1848 3450 αὐτεξούσιον,

269 3466 770 3538 ἀπαρεμποδίστως
809 3471 987 3542 τούτῳ
1041 3471 1323 3543 κέχρηται,
1357 3474 1491 3545 μηδὲ
1516 3475 1616 3545 τὴν
1646 3478 1711 3529 ὲκ
1749 3476 1852 3530 σώ-

276 3576 448 3630 ματος
484 3572 511 3610 (ι
539 3562 901 3617 ἀντιπάθειαν
930 3564 1089 3635 ἔχων,
1128 3565 1264 3636 μηδὲ
1296 3566 1389 3619 τὸν
1420 3568 1851 3640 προσϐάλλοντα.

288 3648 413 3702 Ἐπὶ
444 3650 501 3703 δὲ
530 3650 856 3723 ἀνθρώπων,
890 3654 967 3717 ὡς
1000 3655 1270 3725 χρονικῶς
1296 3656 1400 3725 τῆς
1432 3656 1596 3722 ἕξεως
1624 3675 1855 3728 προεπι-

274 3743 577 3813 νοουμένης
626 3744 728 3815 τῆς
761 3745 1152 3816 ἐγχειρήσεως.
1194 3746 1555 3814 Αύτεξούσιος
1604 3748 1703 3818 μὲν
1748 3749 1854 3821 γάρ

274 3833 430 3887 ἔστιν
455 3835 485 3887 6
515 3833 822 3905 ἄνθρωπος,
864 3837 960 3890 καὶ
991 3841 1237 3906 φυσικῶς
1269 3838 1380 3908 ἔχει
1402 3838 1461 3891 τὸ
1484 3838 1854 3906 αὐτεξούσιον⁸

276 3925 393 3993 ἔχει
424 3924 482 3978 δὲ
512 3924 605 3978 καὶ
628 3928 730 3996 τὴν
776 3928 840 3980 ἐκ
859 3926 954 3982 τοῦ
975 3922 1225 3982 διαϐόλου
1259 3930 1582 4002 προσϐολὴν,
1618 3931 1713 3984 καὶ
1758 3930 1857 4002 τὴν

273 4015 374 4069 τοῦ
409 4014 664 4085 σώματος
708 4017 957 4089 κίνησιν
998 4018 1086 4074 διὰ
1117 4016 1213 4074 οῦν
1251 4021 1351 4094 τὴν
1397 4021 1732 4094 προσϐολὴν,
1765 4024 1859 4077 καὶ

276 4108 340 4161 τὸ
374 4107 540 4179 βάρος
563 4109 659 4163 τοῦ
684 4108 938 4181 σώματος
974 4112 1319 4184 ὲφυστερίζει
1363 4115 1719 4187 προχείρησις
1760 4116 1859 4186 τῆς

276 4197 470 4265 εξεως.

353 4462 419 4516 Ei
440 4459 536 4517 οὖν
565 4462 733 4517 θέλων
760 4466 788 4518 6
828 4464 1001 4536 ’Δδὰμ
1021 4466 1323 4537 ὑπήκουσε,
1349 4470 1442 4522 καὶ
1471 4469 1701 4542 θελήσας
1725 4472 1860 4541 ἐφα-

282 4570 403 4621 γεν,
435 4554 543 4622 ἄρα
572 4555 938 4625 πρωτοπαθὴς
968 4558 1022 4609 ὲν
1052 4559 1178 4627 ἡμῖν
1205 4561 1236 4629 ἠ
1269 4559 1486 4631 θέλησις
1510 4578 1524 4593 ο
1551 4563 1600 4614 εὶ
1623 4562 1680 4615 δὲ
1711 4580 1862 4632 πρω-

280 4645 530 4717 τοπαθὴς
583 4647 616 4717 ἡ
669 4645 909 4717 θέλησις,
959 4648 1162 4717 ταύτην
1189 4649 1245 4703 δὲ
1293 4652 1430 4721 μετὰ
1460 4652 1565 4721 τῆς
1597 4652 1863 4722 φύσεωςό

282 4739 459 4807 Λόγος
514 4738 819 4810 σαρκωθεὶς
869 4740 972 4793 οὐκ
1020 4740 1317 4795 ἀνέλαϐεν·
1367 4742 1465 4796 οὐκ
1495 4745 1604 4814 ἄρα
1634 4745 1737 4810 ἔξω
1763 4746 1863 4816 τῆς

287 4828 564 4900 ἁμαρτίας
591 4830 919 4900 γεγόναμεν.

369 5111 490 5164 Ἔτι
514 5111 570 5164 δὲ
600 5111 648 5163 ει
683 5111 846 5183 ἔργον
876 5113 1041 5166 αὐτοῦ
1069 5117 1100 5185 ἡ
1141 5116 1486 5182 αύτεξούσιος
1521 5119 1618 5188 τῆς
1654 5120 1867 5187 φύσεως

1950 3111 2164 3167 arbitrii
2201 3110 2506 3165 libertatem
2542 3108 2823 3178 aequivoce
2852 3107 2981 3174 dici,
3023 3108 3180 3162 aliter
3219 3107 3330 3161 Deo
3362 3122 3526 3162 cove-

1948 3203 2090 3265 nire,
2131 3200 2290 3255 aliter
2310 3198 2519 3268 angelis
2544 3204 2597 3252 et
2619 3199 2779 3252 aliter
2803 3197 3142 3253 hominibus.
3164 3199 3224 3251 In
3245 3196 3355 3253 Deo
3379 3199 3525 3252 enim

1950 3289 2394 3360 superessentiali
2424 3290 2586 3343 modo
2605 3289 2720 3344 bace
2739 3304 2845 3344 vox
2865 3290 3183 3360 accipienda
3208 3298 3291 3346 est
3311 3292 3409 3345 :in
3432 3305 3529 3345 an-

1950 3382 2108 3453 gelis,
2128 3382 2200 3433 ita
2226 3388 2283 3433 ut
2307 3380 2588 3450 aggressio
2612 3380 2862 3435 habitum
2889 3381 3205 3443 comitetur,
3232 3398 3333 3435 nec
3360 3382 3526 3436 ullam

1951 3471 2214 3542 temporis
2244 3471 2714 3542 intercapedinem
2740 3471 3013 3526 admittat.
3044 3470 3179 3526 Nam
3210 3488 3331 3526 cum
3365 3487 3529 3544 ange-

1949 3563 2039 3618 lus
2057 3563 2271 3617 arbitrii
2304 3562 2610 3616 libertatem
2646 3570 2841 3631 suapte
2874 3568 3068 3615 natura
3104 3562 3322 3625 habeat,
3354 3562 3531 3617 libere

1954 3669 2018 3710 ac
2036 3654 2156 3710 sine
2170 3654 2284 3708 ullo
2309 3645 2703 3721 impedimento
2741 3667 2803 3707 ea
2835 3652 3030 3717 utitur,
3051 3660 3111 3707 ut
3129 3654 3221 3723 qui
3242 3669 3340 3708 nec
3365 3653 3530 3707 ullam

1954 3759 2022 3801 ex
2052 3757 2282 3813 corpore
2307 3742 2509 3797 sentiat
2539 3741 2960 3811 repugnantiam
2983 3784 2998 3808 ,
3041 3757 3140 3797 nec
3187 3757 3531 3813 quemquam

1957 3837 2154 3893 habeat
2180 3851 2209 3889 a
2241 3850 2349 3905 quo
2378 3836 2698 3904 impetatur.
2728 3832 2788 3888 In
2814 3834 3136 3890 hominibus
3165 3834 3404 3906 denique
3432 3837 3529 3901 ita,

1957 3936 2019 3983 ut
2046 3927 2269 3982 habitus
2305 3935 2551 3996 tempore
2578 3925 2823 3980 anterior
2854 3929 3208 3996 aggressione
3242 3927 3528 3997 intelliga-

1960 4029 2070 4076 tur.
2108 4019 2373 4086 Quamvis
2403 4017 2549 4073 enim
2583 4017 2743 4071 liberi
2775 4018 2990 4071 arbitrii
3022 4019 3184 4073 homo
3216 4020 3324 4083 sit,
3356 4033 3534 4088 eoque

1960 4128 2024 4169 ex
2063 4126 2161 4168 sua
2193 4120 2390 4164 natura
2426 4108 2654 4179 polleat,
2722 4106 2888 4162 liabet
2917 4117 3098 4163 tamen
3129 4110 3293 4162 etiam
3329 4107 3533 4162 diaboli

1962 4203 2383 4274 impressionem
2412 4244 2427 4270 ,
2490 4210 2544 4257 et
2596 4201 2853 4272 corporis
2911 4209 3141 4254 motum.
3185 4199 3367 4266 Quare
3404 4213 3531 4253 cum

1886 4346 1931 4401 Β
1962 4305 2188 4369 propter
2221 4297 2331 4353 vim
2379 4296 2525 4350 illam
2579 4296 2825 4360 diaboli,
2878 4302 2992 4348 tum
3032 4302 3255 4364 propter
3285 4293 3536 4364 corporis

1960 4389 2201 4460 pondus,
2235 4386 2517 4458 aggressio
2542 4385 2731 4442 habitu
2773 4386 3048 4457 posterior
3079 4394 3183 4442 est.

2029 4479 2186 4535 Ratio
2208 4489 2262 4553 ut
2285 4478 2521 4532 debuerit
2551 4479 2791 4533 voluntas
2817 4480 3049 4533 humana
3083 4479 3248 4531 libera
3280 4496 3313 4531 a
3376 4476 3535 4530 Verbo

1960 4570 2185 4625 assumi.
2214 4598 2284 4608 -—
2314 4568 2505 4637 Itaque
2540 4569 2606 4633 ¹⁰,
2649 4571 2693 4623 si
2728 4569 2916 4625 volens
2941 4568 3186 4622 Adamus
3222 4566 3542 4637 suggerenli.

1962 4662 2143 4718 scelus
2196 4674 2479 4717 assensum
2539 4661 2840 4730 praestitit,
2895 4662 3198 4729 volensque
3254 4660 3533 4714 comedit:

1962 4768 2094 4823 ergo
2135 4751 2312 4821 prima
2360 4750 2418 4805 in
2450 4751 2610 4805 nobis
2653 4751 2905 4805 voluntas
2954 4750 3202 4804 morbum
3236 4749 3533 4803 contraxit.

1966 4845 2120 4913 Quod
2153 4843 2197 4899 si
2237 4843 2497 4898 voluntas
2539 4843 2716 4912 prima
2752 4843 2941 4897 morbo
2986 4841 3259 4911 subjacuit
3293 4882 3308 4907 ,
3359 4856 3538 4910 neque

1966 4938 2109 4992 hanc
2136 4934 2374 4989 Verbum
2400 4934 2741 4988 incarnatum
2769 4948 2873 4987 una
2910 4949 3032 4989 cum
3062 4941 3253 4988 natura
3284 4948 3539 5003 assump-

1969 5028 2072 5093 sit;
2103 5026 2353 5095 sequitur
2381 5039 2483 5079 nos
2513 5040 2542 5077 a
2570 5035 2797 5093 peccato
2823 5026 3090 5083 liberatos
3116 5041 3224 5080 non
3254 5024 3444 5079 fuisse.

2038 5117 2304 5171 Praeterea
2334 5156 2347 5179 ,
2404 5116 2449 5169 si
2489 5123 2702 5169 natura:
2754 5116 3057 5170 libertatem
3112 5117 3227 5187 ipse
3273 5114 3537 5179 condidit,

739 5266 798 5318 It,
832 5252 886 5308 8.
960 5256 1009 5287 "
1035 5255 1173 5313 Max.
1246 5256 1291 5288 “
1320 5264 1457 5310 orat.
1501 5257 1588 5323 36,
1619 5259 1959 5329 aliquantum
1987 5276 2015 5313 τι
2050 5255 2338 5330 principio.
2422 5255 2464 5285 ¹⁸
2500 5253 2719 5307 Maxim.
2748 5253 2879 5306 ibid.
2942 5253 3092 5319 Disp.
3154 5270 3269 5305 cum
3311 5251 3537 5321 Pyrrho.

293 5320 342 5353 “
367 5317 511 5374 Max.
534 5319 608 5375 ibi

1604 5415 1845 5471 VARIIE
1890 5377 2298 5474 LECTiONES.

370 5517 395 5539 °
425 5508 587 5562 Deest
613 5506 729 5571 καὶ,
756 5506 809 5561 in
843 5520 975 5561 mss.
1052 5516 1081 5556 Ρ
1103 5505 1335 5560 Additur
1370 5506 1422 5559 in
1454 5504 1520 5559 N.
1548 5524 1558 5558 :
1583 5508 1689 5559 Kal
1715 5508 1763 5559 εἰ
1788 5508 1845 5559 ὲν
1870 5525 1898 5560 τ

300 5595 384 5632 τω
405 5575 467 5629 τὸ
497 5579 754 5647 ποτήριον
782 5574 940 5647 τοῦτο
989 5576 1082 5630 ἀπ’
1137 5577 1293 5646 ἐμοῦ.
1346 5576 1490 5646 Πλὴν
1539 5578 1636 5647 οὐχ
1664 5576 1739 5647 ὡς
1769 5576 1880 5646 ἐγὼ

1904 5508 2138 5630 ῇιὲμέρα
2164 5508 2257 5561 τοῦ
2276 5507 2478 5592 πάθους
2505 5506 2668 5591 λέγει’
2697 5505 2899 5588 ῌὰτερ,
2930 5507 2977 5559 εἰ
3006 5505 3248 5569 δυνατὸν,
3276 5502 3543 5576 παρελθὲ-

1933 5577 1960 5629 0
1995 5578 2209 5630 λω.αλλ’
2267 5578 2342 5630 ὡς
2385 5594 2469 5630 συ.
2511 5576 2641 5630 Ἰδου
2674 5576 2768 5629 δυο
2798 5575 3062 5630 θελήσειε.
3100 5577 3252 5630 θεϊκὴ
3301 5577 3418 5630 ἅμα
3451 5578 3543 5630 καὶ

1995 5574 2209 5657 meum;
2241 5578 2342 5657 Δὡς
2385 5577 2469 5657 σύ.
2511 5576 2641 5630 Ἰδοὺ
2674 5574 2768 5629 δύο
2798 5574 3062 5657 θελήσεις,
3093 5577 3254 5657 ,θεϊκὴ
3301 5574 3418 5645 ἅμα
3451 5578 3546 5631 καὶ

303 5637 653 5717 ἀνθρωπινη’·’
680 5649 846 5715 Atque
882 5646 929 5700 si
953 5662 1013 5700 ea
1036 5647 1129 5717 die
1150 5637 1255 5714 qua
1297 5637 1485 5712 passus
1537 5637 1636 5717 est:
1671 5637 1854 5701 dicit':
1885 5666 1903 5698 ι
1947 5637 2103 5702 Pater
2153 5649 2199 5702 si
2226 5637 2342 5716 lieri
2362 5656 2552 5716 potest,
2586 5656 2820 5717 transeat
2849 5664 2881 5700 a
2910 5637 2988 5701 ine
3019 5637 3161 5700 calin:
3188 5637 3286 5700 isle
3317 5637 3548 5717 {verum

309 5710 487 5788 tamen
524 5710 624 5769 non
656 5710 791 5772 sicut
837 5732 930 5788 ego
960 5716 1098 5786 volo,
1131 5710 1220 5772 sed
1251 5710 1386 5772 sicut
1414 5728 1488 5772 tu.
1522 5734 1541 5771 ι
1596 5716 1677 5772 Εη
1718 5717 1838 5774 dua:
1869 5717 2161 5775 voluntates
2207 5710 2386 5775 divina
2415 5710 2573 5774 simul
2606 5727 2654 5773 et
2688 5716 2941 5774 humana.
3016 5728 3043 5768 (ι
3075 5718 3332 5775 Nonnulli
3381 5710 3550 5769 codd.

308 5787 601 5855 σωμάτων.

3900 806 3907 845 l

3908 1610 3915 1653 ἓ

3918 2354 3950 2423 ft
