3950 6304
397 314 536 381 1043

1607 305 1668 364 S.
1693 304 2015 366 JOANNIS
2042 305 2476 368 DAMASCENI

3534 292 3678 357 1044'

394 449 539 486 nunc
569 437 749 485 autem
791 442 902 482 non
938 421 1284 493 assumpsit;
1340 427 1435 474 aut
1487 420 1659 491 igitur
1693 423 1973 493 opiﬁcium
2003 475 2007 485 ,

2117 425 2316 496 πάρχει
2342 424 2598 493 δύναμις,
2631 421 2839 490 ταύτην
2869 422 2927 474 δὲ
2972 419 3074 474 οὑκ
3115 416 3399 482 ἀνέλαϐεν,
3431 415 3466 487 ἢ
3502 431 3679 468 κατα-

399 536 562 577 suum
597 511 748 575 velut
776 533 886 572 non
919 517 1128 570 bonum
1157 513 1472 583 reprobavit
1492 555 1506 578 ,
1537 522 1632 566 aut
1663 513 1786 583 ejus
1817 529 1982 570 sana-

401 613 603 666 tionem
636 610 800 665 nobis
828 607 1058 671 invidit,
1089 607 1278 675 sicque
1309 619 1410 660 nos
1438 605 1599 674 plena
1631 604 1984 674 perfectaque

401 700 692 757 curatione
722 700 991 771 privavit,
1029 714 1093 752 ac
1128 697 1369 767 seipsum
1411 696 1657 766 passioni
1697 697 1984 766 suhjacen-

403 804 514 848 lelll
550 791 823 855 ostendit,
857 790 948 861 qui
984 787 1281 859 perfectam
1313 789 1544 842 salutem
1574 786 1768 843 alfcrre
1793 789 1988 844 nolue-

403 892 510 958 rit,
539 889 623 944 vel
660 893 808 942 certe
835 882 1164 953 nequiverit.
1565 887 1568 890 '

484 1021 604 1076 Non
623 1021 855 1089 potuisse
869 1031 932 1070 ex
952 1015 1126 1068 divina
1143 1022 1190 1067 et
1211 1012 1441 1065 humana
1469 1027 1629 1064 unam
1654 1010 1990 1079 componi.—

409 1110 526 1164 .Iam
550 1125 681 1164 vero
704 1107 784 1161 las
804 1122 910 1160 non
929 1116 1032 1170 est,
1051 1112 1108 1157 ut
1133 1118 1298 1157 unum
1318 1103 1524 1171 aliquid
1547 1118 1613 1156 ex
1635 1099 1851 1158 duabus
1868 1117 1988 1157 con-

413 1201 578 1271 229
607 1201 794 1253 llatum
824 1197 1194 1252 voluntatibus
1218 1196 1464 1249 dicamus
1486 1237 1501 1261 ,
1527 1195 1988 1264 quemadmodum

415 1309 483 1347 ex
515 1291 725 1345 naturis
748 1290 962 1344 duabus
986 1287 1347 1356 compositam
1372 1301 1684 1355 personam.
1716 1286 1986 1351 Primum,

415 1383 547 1453 quia
592 1382 1023 1451 compositiones
1063 1393 1251 1433 eorum
1302 1387 1589 1448 suntquae
1641 1378 1988 1442 subsistunt,

417 1491 526 1531 non
567 1490 688 1544 qua:
722 1475 851 1535 alia,
889 1482 945 1527 et
980 1486 1088 1526 non
1120 1469 1345 1539 propria
1389 1471 1603 1524 ratione
1632 1470 1992 1524 consideran-

2086 518 2250 584 γνοὺς
2273 517 2376 585 τῆς
2405 515 2612 578 οἰκείας
2641 512 3028 585 δημιουργίας,
3057 511 3132 574 ὡς
3152 512 3213 565 οὑ
3251 509 3445 578 καλῆς,
3469 508 3502 578 ἢ
3541 506 3677 574 φθο-

2085 608 2252 678 νήσας
2273 609 2408 677 ἡμῖν
2437 607 2539 676 τῆς
2559 606 2680 660 κατ’
2712 604 2882 674 αὐτὴν
2910 602 3229 672 θεραπείας,
3261 602 3408 670 ἡμᾶς
3431 599 3529 668 μὲν
3572 597 3680 664 τῆς

2087 699 2388 763 παντελοῦς
2409 699 2729 771 ἀποστερῶν
2759 697 3080 770 θεραπείας,
3111 693 3304 746 ἑαυτὸν
3344 692 3400 742 δὲ
3434 691 3538 743 ὑπὸ
3569 689 3678 740 πάι

2088 789 2178 853 θος
2225 790 2358 843 ὄντα
2405 789 2642 854 δεικνὺς,
2693 790 2772 861 τῷ
2809 789 2884 860 μὴ
2909 788 3106 851 θέλειν,
3137 785 3170 856 ἢ
3207 783 3285 855 τῷ
3315 779 3675 853 μὴδύνασθαι

2087 881 2312 945 τελείως
2340 881 2554 947 σώζειν.

2175 1015 2462 1067 Ἀδύνατον
2495 1015 2552 1066 δὲ
2576 1013 2633 1066 ἓν
2665 1029 2716 1064 τι
2749 1009 3001 1063 σύνθετον
3031 1010 3096 1061 ὲκ
3125 1006 3216 1059 δύο
3251 1003 3574 1072 θελημάτων
3592 999 3680 1052 λέ-

2090 1126 2229 1176 γειν,
2267 1111 2460 1178 ὥσπερ
2509 1109 2574 1160 ὲκ
2619 1107 2730 1160 τῶν
2775 1106 2993 1176 φύσεων
3040 1101 3299 1154 σύνθετον
3348 1096 3674 1148 ὑπόστασιν.

2091 1199 2318 1267 Πρῶτον
2368 1198 2491 1267 μὲν,
2519 1196 2601 1250 ὅτι
2653 1196 2708 1248 al
2771 1192 3055 1253 συνθέσεις
3102 1188 3212 1241 τῶν
3268 1187 3325 1238 ὲν
3374 1183 3680 1236 ὑποστάσει

2091 1290 2282 1356 ὄντων,
2313 1289 2409 1341 καὶ
2435 1289 2494 1341 οὑ
2538 1287 2651 1342 τῶν
2693 1285 2866 1356 ἑτέρῳ
2912 1282 3057 1352 λόγῳ
3080 1321 3096 1346 ,
3126 1279 3223 1332 καὶ
3255 1277 3356 1329 οὑκ
3390 1275 3507 1344 ἰδίῳ
3537 1273 3683 1325 Θεω-

2095 1381 2377 1454 ρουμένων
2409 1380 2516 1433 εἰσί
2538 1396 2552 1411 ο
2585 1379 2839 1448 δεύτερον
2868 1375 2947 1440 δὲ,
2988 1375 3071 1427 ὅτι
3129 1373 3180 1424 εἰ
3208 1369 3316 1423 τῶν
3345 1365 3683 1437 θελημὰτων

2094 1473 2191 1526 καὶ
2241 1471 2538 1543 ἐνεργειῶν
2591 1468 2847 1522 σύνθεσιν
2904 1463 3171 1535 λέξομεν,
3220 1457 3461 1514 καὶτῶν
3496 1455 3682 1512 ἄλλων

419 1576 528 1622 tur.
561 1564 800 1625 Deinde,
841 1562 888 1618 si
924 1561 1270 1616 voluntatum
1309 1566 1362 1612 et
1393 1558 1673 1610 actionum
1716 1556 1993 1625 composi-

2116 1564 2344 1633 puatxd'w
2392 1563 2699 1633 ἰδιωμάτων
2735 1557 2989 1613 σύνθεσιν
3039 1556 3213 1608 εἰπεῖν
3259 1547 3685 1620 ἀναγκασθησό-

417 1659 624 1712 tionem
657 1655 929 1720 dicamus,
959 1653 1192 1706 aliarum
1249 1663 1466 1718 quoque
1502 1647 1838 1700 naturalium
1865 1661 1995 1716 pro-

2116 1655 2240 1709 ιεθα
2263 1694 2277 1718 ,
2308 1653 2402 1706 τοῦ
2437 1652 2695 1706 ἀκτίστου
2739 1650 2836 1703 καὶ
2882 1646 2979 1701 τοῦ
3023 1643 3278 1708 κτιστοῦ,
3309 1641 3405 1695 τοῦ
3437 1639 3680 1709 ἀοράτου

414 1749 715 1819 prietatum
775 1743 1238 1812 compositionem
1288 1739 1604 1794 necessario
1658 1736 1990 1804 fatebimur;

2116 1744 2195 1804 ιαὶ
2231 1740 2427 1812 ὁρατοῦ
2453 1780 2468 1806 ,
2503 1738 2735 1793 καὶτῶν
2769 1737 3050 1792 τοιούτων.
3082 1732 3209 1795 Πῶς
3257 1731 3313 1784 δὲ
3355 1729 3452 1782 καὶ
3504 1727 3569 1779 τὸ
3614 1728 3686 1780 ὲκ

414 1818 524 1892 hoc
559 1844 666 1901 est,
703 1835 936 1888 increati
972 1840 1026 1888 et
1066 1830 1273 1894 creati,
1304 1828 1600 1884 invisibilis
1651 1836 1705 1883 et
1737 1828 1994 1893 visibilis,

2116 1836 2207 1888 τῶν
2233 1833 2562 1904 θελημάτων
2591 1830 2846 1884 σύνθετον
2888 1827 3102 1896 θέλημα
3151 1818 3685 1896 προσαγορευθήσε-

414 1927 764 1994 aliorumque
796 1923 848 1978 id
875 1937 1070 1992 genus.
1105 1923 1172 1974 At
1201 1934 1436 1989 quonam
1465 1918 1686 1973 tandem
1712 1917 1875 1972 modo
1903 1934 1997 1974 vo—

2116 1943 2221 1994 :at;
2271 1925 2556 1978 Ἀδύνατον
2586 1923 2694 1992 γὰρ
2725 1921 2789 1975 τδ
2812 1919 3069 1975 σύνθετον
3097 1916 3199 1988 τὴν
3227 1915 3338 1968 τῶν
3385 1910 3684 1966 συντεθέν-

415 2018 608 2076 luntas
657 2033 723 2072 ex
757 2017 973 2072 duabus
1023 2013 1400 2069 voluntatibus
1440 2010 1675 2066 conﬂata
1715 2026 1999 2080 nuncupa—

415 2109 602 2164 bitur?
631 2105 818 2178 Neque
843 2106 988 2161 enim
1021 2103 1135 2159 fieri
1167 2103 1362 2174 possit,
1381 2113 1440 2157 ut
1464 2103 1608 2172 quod
1632 2105 2000 2173 compositum

421 2211 550 2268 est,
614 2215 803 2257 earum
853 2212 1043 2252 rerum
1102 2195 1305 2266 quibus
1366 2202 1629 2259 constat,
1682 2197 2002 2252 nominibus

419 2291 751 2362 appelletur.
792 2290 932 2344 Nam
972 2285 1218 2357 alioqui,
1257 2285 1390 2340 illud
1429 2288 1592 2340 etiam
1616 2287 1763 2356 quod
1805 2301 1870 2341 ex
1897 2301 1999 2342 na-

420 2385 567 2440 turis
611 2382 975 2453 compositum
1025 2388 1108 2435 est
1139 2418 1154 2443 ,
1209 2385 1462 2433 naturam
1496 2377 1837 2444 vocabimus,
1892 2394 2002 2433 non

423 2491 742 2550 personam.
774 2472 894 2528 Huc
917 2471 1155 2534 accedit,
1195 2471 1340 2540 quod
1375 2469 1421 2524 si
1454 2469 1508 2523 in
1535 2467 1759 2524 Christo
1806 2470 2005 2525 volun-

423 2578 594 2625 tatem
627 2584 790 2622 unam
827 2563 1191 2635 compositam
1215 2561 1540 2627 dixerimus,
1571 2563 1854 2616 voluntate
1879 2576 2006 2618 eum

425 2681 458 2720 a
500 2663 666 2718 Patre
704 2660 1108 2730 disiungemus.
1162 2654 1280 2708 Non
1331 2653 1478 2708 enim
1522 2654 1779 2711 voluntas
1827 2655 2008 2712 Patris

2097 2038 2208 2074 των
2263 2015 2625 2088 ὀνομάζεσθαι
2683 2010 3056 2086 προσηγορίαν
3077 2018 3118 2063 ⁷.
3171 2007 3324 2060 Ἐπεὶ
3369 2005 3461 2058 καὶ
3504 2002 3567 2057 τὸ
3614 2003 3684 2054 ὲκ

2098 2110 2208 2163 τῶν
2257 2107 2472 2177 φύσεων
2530 2103 2783 2158 σύνθετον
2811 2113 2868 2166 ⁸,
2921 2101 3086 2170 φύσιν
3135 2093 3683 2169 προσαγορεύσομεν,

2102 2201 2200 2255 καὶ
2231 2201 2329 2270 οὑχ
2372 2198 2692 2251 ὑπόστασιν.
2723 2196 2846 2248 Ἔτι
2888 2192 2947 2247 δὲ
2988 2193 3039 2244 εί
3083 2191 3142 2242 ἓν
3172 2188 3427 2242 σύνθετον
3463 2184 3686 2255 θέλημα

2102 2292 2196 2345 ἐπὶ
2226 2287 2464 2359 Χριστοῦ
2498 2287 2746 2357 λέξομεν,
2786 2284 3058 2354 θελήματι
3081 2282 3102 2318 ί
3147 2278 3242 2333 τοῦ
3274 2275 3489 2347 Πατρὸς
3514 2273 3687 2327 αὑτὸν

2104 2383 2411 2454 χωρίζομεν
2433 2397 2446 2410 ’
2479 2380 2540 2432 οὐ
2563 2379 2672 2449 γὰρ
2704 2376 2957 2430 σύνθετον
2979 2375 3041 2428 τὸ
3060 2371 3167 2428 ,τοῦ
3193 2368 3405 2440 Πάτρδς
3441 2367 3685 2436 θέλημα.

2105 2476 2368 2532 Λείπεται
2415 2472 2598 2526 τοίνυν
2653 2472 2829 2524 εἰπεῖν
2880 2467 3048 2538 μόνην
3102 2464 3201 2535 τὴν
3249 2463 3548 2516 ὑπόστασιν
3587 2456 3688 2510 τοῦ

2107 2565 2349 2639 Χριστοῦ
2390 2564 2646 2619 σύνθετον
2687 2561 2786 2615 καὶ
2817 2559 3039 2629 κοινὴν,
3077 2556 3268 2626 ὥσπερ
3298 2553 3410 2608 τῶν
3443 2551 3689 2622 φύσεων,

2108 2655 2254 2710 οὕτω
2284 2655 2380 2709 καὶ¹
2403 2652 2512 2708 τῶν
2543 2650 2794 2721 φυσικῶν
2823 2645 3014 2703 αὑτοῦ.

425 2755 735 2826 composita
774 2763 878 2808 est.
918 2751 1178 2820 Superest
1213 2749 1417 2818 igitur,
1484 2755 1546 2800 ut
1595 2748 1767 2802 solam
1798 2747 2004 2803 Christi
2041 2764 2334 2821 personam
2361 2746 2722 2818 compositam
2749 2742 3026 2807 dicamus,
3093 2747 3573 2807 communemque,
3627 2733 3694 2784 ut

426 2851 672 2914 naturis,
712 2850 788 2904 ita
817 2848 986 2903 etiam
1017 2846 1367 2912 naturalibus
1389 2843 1839 2916 proprietatibus.

504 2986 775 3042 Sententia
835 2992 884 3040 et
924 2983 1108 3037 electio
1136 2983 1344 3052 proprie
1390 2998 1494 3035 non
1536 2981 1741 3036 suntin
1771 2979 2006 3035 Christo.

2186 2971 2418 3042 Γνώμην
2459 2971 2515 3024 δὲ
2569 2969 2666 3024 καὶ
2708 2967 3032 3040 προαίρεσιν
3053 2964 3164 3034 ('55)
3203 2962 3296 3018 ἐπὶ
3339 2960 3437 3016 τοῦ
3484 2961 3699 3032 Κυρίου

431 3109 504 3121 --
527 3079 597 3133 At
633 3091 765 3133 vero
806 3078 849 3110 "
881 3075 1214 3132 sententiam
1247 3082 1300 3128 et
1338 3074 1669 3130 electionem
1695 3075 1750 3130 in
1779 3073 2007 3131 Domino

2117 3067 2297 3137 λέγειν
2326 3065 2612 3132 ἀδύνατον,
2641 3064 2802 3134 εἴπερ
2838 3059 3211 3133 κυριολεκτεῖν
3240 3054 3588 3128 βουλοίμεθα.
3631 3054 3700 3107 Ἠ

435 3167 624 3222 dicere
655 3180 765 3220 non
793 3179 1117 3234 possumus,
1145 3163 1190 3219 si
1209 3163 1427 3233 quidem
1462 3163 1682 3234 proprie
1711 3162 1861 3232 loqui
1891 3170 2014 3216 stu-

421 3259 692 3314 .deamus.
727 3255 1013 3312 Sententia
1041 3256 1189 3310 enim
1229 3256 1577 3326 postignota:
1610 3255 1690 3308 rei
1713 3252 2016 3324 investiga-

438 3352 646 3406 tionem
669 3357 723 3406 et
752 3348 1231 3412 deliberationem,
1262 3347 1626 3402 consiliumve
1651 3344 2016 3415 etjudicium,

443 3441 663 3496 aﬂ‘ectio
695 3449 749 3496 et
776 3439 1068 3509 dispositio
1101 3445 1184 3494 est
1221 3438 1276 3492 in
1309 3437 1362 3492 id
1396 3436 1542 3507 quod
1573 3437 1854 3491 decretum
1892 3435 2015 3490 fuit.

447 3533 623 3599 Quam
684 3530 904 3602 quidem
959 3527 1310 3584 alfectionem
1357 3527 1614 3598 sequitur
1641 3527 1862 3591 electio,
1899 3538 2023 3596 quas

448 3625 684 3680 alterum
717 3635 832 3692 pre
858 3619 1034 3674 altero
1061 3617 1218 3688 eligit
1243 3625 1300 3672 et
1319 3616 1690 3686 amplectitur.
1718 3614 1884 3685 Atqui
1917 3613 2024 3670 Do-

448 3714 659 3776 minus,
689 3725 816 3765 cum
865 3724 1041 3780 purus
1087 3708 1252 3762 homo
1301 3721 1410 3761 non
1445 3712 1612 3772 esset,
1639 3720 1831 3760 verum
1858 3705 2024 3760 etiam

449 3805 622 3869 Deus,
659 3801 961 3872 omniaque
983 3806 1272 3872 perspecta
1304 3799 1549 3864 haberet,
1577 3811 1680 3852 nec
1701 3796 2024 3853 considera-

450 3903 626 3963 tione,
661 3912 763 3952 nec
811 3893 1199 3966 inquisitione,
1231 3905 1334 3947 nec
1383 3888 1783 3946 deliberatione
1809 3888 2025 3960 egebat,

451 4008 634 4063 neque
665 3991 833 4047 etiam
864 3988 1080 4061 judicio
1119 4003 1134 4052 ;
1165 3981 1527 4057 quamobrem
1577 3989 1777 4034 natura
1807 3992 2030 4049 compa-

412 4149 416 4153 _
451 4091 615 4137 ratus
667 4085 808 4146 erat,
852 4087 914 4134 nt
947 4075 1359 4150 necessitudine
1393 4069 1628 4140 quadam
1660 4069 1806 4124 bono
1848 4067 2031 4122 adlue-

455 4181 626 4242 reret,
657 4188 722 4229 ac
748 4187 948 4229 rursus
980 4186 1012 4226 a
1043 4170 1187 4224 malo
1218 4162 1641 4222 averteretur“.
1679 4162 1772 4218 Sic
1795 4161 1940 4217 enim
1975 4170 2030 4218 et

457 4265 634 4323 Isaias
685 4263 958 4334 propheta
995 4261 1072 4314 ait
1102 4276 1115 4313 :
1144 4258 1444 4327 Antequam
1499 4253 1637 4307 sciat
1663 4267 1792 4320 puer
1821 4251 2033 4322 prweli-

457 4373 580 4429 gere
609 4355 774 4420 mala,
813 4355 968 4424 eliget
1019 4353 1213 4407 bonum
1250 4365 1272 4406 :
1309 4347 1560 4420 quoniam
1609 4355 1891 4414 antequam
1947 4360 2036 4399 co-

2119 3157 2316 3228 γνώμη
2351 3155 2461 3229 γὰρ
2489 3153 2628 3228 μετά
2657 3153 2754 3222 τὴν
2781 3155 2910 3222 περὶ
2938 3147 3036 3203 τοῦ
3065 3147 3432 3216 ἀγνοουμένου
3467 3144 3703 3213 ζήτησιν

2123 3251 2218 3304 καὶ
2274 3248 2593 3320 βούλευσιν,
2644 3248 2766 3319 ἦτοι
2816 3241 3013 3315 βουλὴν
3056 3241 3153 3294 καὶ
3198 3239 3417 3308 κρίσιν,
3466 3236 3610 3307 πρὸς
3639 3235 3704 3288 τὸ

2123 3342 2312 3414 κριθὲν
2355 3344 2472 3395 ἐστι
2513 3339 2794 3403 διάθεσις.
2841 3335 2977 3392 Μεθ’
3027 3329 3096 3406 ἦν
3125 3336 3158 3403 ἡ
3204 3330 3557 3403 προαίρεσις,
3606 3329 3704 3380 ὲκ-

2124 3433 2417 3504 λεγομένη,
2447 3432 2544 3485 καὶ
2571 3429 2872 3499 αἱρουμένη
2902 3427 3012 3497 πρὸ
3049 3422 3147 3479 τοῦ
3179 3423 3369 3492 ἐτέρου
3398 3419 3460 3474 se
3490 3419 3704 3489 ἕτερον.

2139 3524 2199 3579 '0
2223 3525 2282 3579 δὲ
2302 3524 2513 3595 Κύριος
2541 3523 2602 3576 οὑ
2626 3520 2782 3592 ψιλὸς
2809 3517 2885 3572 ὢν
2922 3517 3231 3587 ἄνθρωπος,
3263 3511 3398 3566 ἀλλά
3429 3510 3524 3564 καὶ
3549 3506 3706 3574 Θεὸς,

2129 3617 2227 3674 καὶ
2254 3614 2435 3670 πάντα
2468 3613 2650 3677 εἰδὼς,
2681 3609 2938 3681 ἀνενδεὴς
2965 3606 3234 3677 σκέψεως,
3270 3603 3364 3658 καὶ
3393 3601 3708 3672 ζητήσεως,

2129 3707 2227 3762 καὶ
2255 3704 2452 3777 βουλῆς
2483 3703 2722 3774 ὑπῆρχε,
2771 3700 2870 3756 καὶ
2911 3699 3169 3772 κρίσεως,
3203 3695 3300 3750 καὶ
3329 3691 3576 3763 φυσικῶς
3604 3690 3708 3759 τήν

2129 3813 2191 3850 τε
2221 3795 2360 3866 πρὸς
2384 3793 2448 3848 τὸ
2490 3792 2655 3846 καλὸν
2684 3785 2833 3861 εἶχεν
2851 3787 3165 3850 οἰκείωσιν,
3207 3785 3303 3838 καὶ
3330 3782 3428 3851 τὴν
3461 3781 3602 3854 πρρς
3644 3780 3710 3832 τδ

2132 3886 2302 3942 κακὸν
2334 3884 2714 3958 ἀλλοτρίωσιν.
2752 3880 2910 3936 Οὕτω
2947 3878 3057 3950 γὰρ
3104 3877 3199 3932 καὶ
3236 3874 3466 3937 Ἡσαΐας
3499 3873 3716 3944 προφή-

2135 3995 2236 4050 της
2277 3979 2447 4049 φησὶν
2467 3989 2516 4044 ιι,
2550 3977 2633 4030 ὅτι
2674 3973 2824 4044 Πρὶν
2845 3973 2883 4042 ἢ
2923 3971 3144 4043 γνῶναι
3177 3968 3244 4023 τὸ
3293 3965 3534 4021 παιδίον⁵
3569 3981 3716 4032 προ-

2138 4069 2380 4125 ελέσθαι
2401 4070 2656 4138 πονηρὰ,
2682 4065 2991 4130 ἐκλέξεται
3009 4062 3075 4117 τὸ
3105 4061 3331 4132 ἀγαθόν
3353 4076 3366 4090 ·
3391 4057 3540 4111 διότι
3568 4055 3716 4122 πρὶν

2136 4158 2357 4230 γνῶναι
2390 4159 2459 4216 τὸ
2493 4158 2734 4213 παιδίον
2763 4156 2988 4226 ἀγαθὸν
3020 4155 3057 4222 ἢ
3089 4152 3306 4218 κακὸν,
3335 4145 3575 4204 ἀπειθεῖ
3602 4162 3716 4199 πο-

2137 4252 2314 4320 νηρίᾳ
2343 4249 2450 4304 τοῦ
2477 4249 2839 4314 ἐκλέξασθαι
2871 4247 2938 4300 τὸ
2977 4245 3206 4315 ἀγαθόν
3230 4259 3246 4274 ο
3281 4240 3353 4294 Τὸ
3381 4239 3513 4310 γὰρ,
3548 4237 3717 4306 πρὶν.

2139 4341 2289 4412 δηλοῖ
2310 4341 2393 4394 ὅτι
2421 4341 2483 4393 οὑ
2517 4340 2642 4393 καθ’
2673 4339 2822 4409 ἡμᾶς
2848 4336 3094 4407 ζητήσας
3124 4335 3221 4387 καὶ
3257 4329 3714 4403 βουλευσάμενος,

458 4417 678 4524 attonat
715 4417 844 4518 puer
885 4417 1076 4498 bonum
1109 4451 1160 4498 et
1193 4417 1416 4505 malum,
1463 4436 1730 4492 malitiam
1753 4434 2007 4524 ‘repraba

2143 4432 2284 4490 ἀλλά
2312 4433 2446 4498 Θεὸς
2493 4432 2602 4497 ὢν,
2659 4431 2754 4485 καὶ
2794 4427 2992 4491 θεῖκῶς
3026 4426 3168 4482 κατὰ
3223 4423 3406 4495 σάρκα
3451 4417 3716 4484 ὑποστὰς,

566 4627 606 4661 ¹⁷
631 4625 778 4681 Max.
809 4624 952 4680 Dial.
996 4639 1113 4677 cum
1141 4619 1370 4692 Pyrrho.
1439 4618 1481 4650 ¹⁸
1509 4615 1682 4672 Basil.
1714 4613 1768 4669 in
1795 4614 1938 4684 psal.
1967 4626 2117 4676 xuv,
2140 4609 2226 4665 vel
2251 4608 2440 4682 potius
2467 4607 2524 4662 in
2563 4619 2688 4676 cap.
2721 4619 2800 4660 vn
2829 4602 3004 4660 Isaiae.

1768 4766 2007 4824 VARLE
2045 4762 2453 4822 LECTIONES.

543 4907 567 4935 '
591 4900 741 4956 Multi
795 4896 956 4953 codd.
1006 4897 1071 4966 τῇ
1094 4935 1106 4948 .
1132 4931 1157 4966 ί
1285 4883 1646 4966 προσηγορίᾳ.ζ

1747 4893 1768 4921 ι
1803 4880 1935 4945 Reg.
1973 4880 2027 4945 '5,
2054 4879 2210 4934 Colb.
2237 4878 2262 4931 1
2306 4875 2582 4938 σύνθετον,
2609 4872 2864 4928 σύνθετον
2891 4869 3073 4945 φῦσιν.
3153 4869 3172 4906 ί
3205 4867 3353 4945 A_lias
3391 4864 3720 4938 θελήματος,

473 4980 536 5032 ιιι
1017 4939 1256 5018 Ἷῖίάοά.
1529 4939 1743 5024 ὲιῖὶεε.
1785 4952 1838 5020 7,
1868 4939 2025 5006 C'olb.
2049 4951 2083 5005 3
2115 4948 2258 5002 οὕτω
2279 4946 2411 5016 γοῦν
2435 4946 2530 5000 καὶ
2571 4946 2800 5007 Ἡσαΐας
2825 4939 3011 5011 φησὶν,
3036 4942 3116 4994 ὅτι
3143 4939 3293 5009 πρίν.

2053 5086 2284 5144 NOTAE.

549 5232 662 5302 (3‘5)
702 5225 961 5302 Γνώμηνς
996 5221 1065 5276 δὲ
1112 5220 1212 5302 καί
1261 5217 1637 5302 ίτροᾳζοιςονιεκξἶ
1677 5214 1742 5302 fit
1771 5225 2052 5302 veronsen-

481 5279 772 5356 utilium—et
803 5279 1128 5351 electionem.
1159 5291 1251 5344 Sic
1271 5279 1539 5343 Maximus
1573 5284 1717 5356 Dial.
1749 5298 1864 5356 cum
1889 5279 2050 5348 Pyrr.

479 5353 540 5427 et
566 5353 720 5440 epist.
755 5370 807 5433 i,
848 5366 923 5440 ad
963 5362 1199 5440 _Marin_.,
1241 5359 1336 5414 ubi
1377 5355 1617 5413 ostendit
1654 5353 1899 5440 admissa
1925 5364 2054 5440 sen-

481 5421 1088 5495 ten—trianet'elcctione
1153 5421 1394 5485 humana
1458 5424 1722 5494 consequi
1771 5421 2052 5495 Christum

481 5488 694 5566 niééifm
713 5488 1002 5560 hominem
1033 5503 1335 5564 exstitisse,
1367 5497 1460 5569 qui
1491 5488 1764 5569 arbitratu
1791 5506 1893 5547 suo
1928 5488 2058 5542 all'e-

481 5586 607 5634 ctus
647 5576 995 5634 cohibuerit.
1044 5580 1100 5629 et
1134 5574 1189 5626 in
1234 5566 1435 5625 bonuin
1464 5576 1518 5622 et
1553 5566 1756 5619 malum
1798 5572 2055 5634 peraeque

480 5632 730 5713 converti
801 5632 1058 5713 potuerit.
1113 5641 1516 5713 Quamobrem
1541 5637 1586 5689 si
1642 5632 2050 5713 quisnliatrunt

475 5698 693 5778 Clt't‘iSti
723 5698 1056 5772 humanitati
1077 5698 1401 5770 elEctinnem
1429 5698 1706 5773 tribuerit,
1739 5702 1880 5759 nihil
1902 5698 2052 5756 aliud

2155 5219 2278 5260 eum
2315 5203 2658 5270 signiﬁcasse
2705 5210 2907 5270 praeter
2931 5194 3224 5272 ὀρεκτικὴν
3272 5193 3524 5272 δύναμιν.
3558 5197 3728 5272 natu—

2155 5259 2326 5328 ralem
2354 5259 2464 5326 vim
2501 5259 2790 5341 appetendj
2817 5309 2832 5332 ,
2871 5259 3301 5341 settinaturalem
3341 5259 3504 5314 animi
3528 5259 3728 5341 volun-

2157 5327 2346 5398 tatem.
2372 5327 2642 5397 Caeterum
2672 5357 2730 5396 se.
2750 5327 3039 5394 Thalassio
3069 5335 3345 5404 quondam
3370 5327 3726 5404 respondisse

2158 5412 2512 5486 προαίρεσιν-
2521 5412 2852 5486 electionem
2887 5401 3111 5463 Christo
3151 5401 3449 5458 convenire
3473 5441 3486 5462 ,
3523 5405 3606 5486 out.
3629 5409 3730 5486 prro

2157 5465 2446 5538 vtilun'tate
2479 5465 2652 5536 libera
2690 5479 2962 5540 sumitur,
3013 5491 3135 5546 qua:
3177 5481 3357 5546 careat
3385 5466 3538 5546 omni
3573 5465 3730 5546 dele.

2160 5553 2364 5608 ctionis
2389 5560 2444 5608 et
2475 5549 2862 5604 mutabilitatis
2896 5539 3046 5611 labe,
3065 5559 3188 5615 quae
3217 5539 3492 5615 libertatis
3521 5544 3732 5615 nos"?

2159 5637 2346 5676 comes
2398 5629 2502 5683 est,
2557 5635 2664 5674 non
2711 5627 2896 5674 autem
2936 5625 2996 5671 ut
3029 5610 3400 5671 consultando
3448 5613 3732 5663 contraria

2159 5694 2410 5766 dispicit,
2437 5692 2613 5760 deque
2637 5691 2747 5746 illis
2784 5686 3053 5746 decernit.
