3950 6304
361 239 511 318 ’1047

1563 257 1620 314 S.
1666 256 1989 317 JOANNIS
2012 259 2216 318 DAMA
2227 259 2446 320 SCENI

3503 245 3651 314 1048

358 369 544 424 tiones
601 364 857 422 dicimus.
912 363 1045 418 Nam
1094 368 1168 418 uti
1225 364 1370 421 Deus
1418 367 1677 439 Patrique
1703 371 1948 427 consub-

2085 378 2187 441 lab;
2248 377 2344 430 καὶ
2411 375 2492 447 τῷ
2565 374 2743 447 Πατρὶ
2818 370 3143 444 ὁμοούσιος,
3227 364 3480 439 ὀμοίωςι
3544 367 3650 437 τὴν

364 458 666 524 stantialis,
692 456 933 510 divinam
972 471 1227 526 peraeque
1255 459 1629 528 operationem
1686 461 1945 532 habebat;

365 558 422 606 et
455 559 517 604 ut
551 550 733 603 factus
785 549 953 603 homo
981 555 1038 604 et
1091 550 1592 607 consubstantialis
1625 555 1814 620 nobis,
1839 555 1949 611 hu-

363 657 542 698 mana:
566 655 786 711 quoque
836 648 1030 695 natura
1064 644 1443 713 operationem
1463 646 1528 700 ’⁷.

436 734 605 805 Atqui
639 735 928 789 sciendum
959 745 1045 791 est
1100 738 1251 792 aliud
1292 754 1419 794 esse
1447 747 1653 805 actum,
1679 740 1795 796 sive
1819 756 1953 809 ope-

364 827 664 891 rationem,
696 827 846 880 aliud
899 842 1026 883 esse
1054 829 1109 882 id
1155 831 1301 898 quod
1342 838 1632 886 actuosum
1665 839 1772 900 est,
1801 833 1951 889 aliud

365 919 647 981 effectum,
679 918 828 986 aliud
853 919 1092 990 denique
1120 935 1457 992 operantem.
1490 925 1665 979 Actus
1693 926 1840 980 enim
1869 933 1955 981 est

367 1010 556 1066 eliicax
606 1018 661 1066 et
712 1011 1097 1067 snbstantivus
1159 1015 1353 1069 animae
1387 1025 1596 1071 motus.
1649 1016 1953 1071 Actuosum

367 1113 454 1159 est
478 1105 597 1174 ipsa
627 1111 848 1168 natura,
881 1121 946 1159 ex
977 1121 1085 1175 qua
1111 1110 1359 1176 operatio
1387 1109 1787 1177 proficiscitur.
1813 1108 1956 1164 Επε-

369 1202 521 1249 ctum
557 1201 643 1250 est
670 1194 808 1249 illud
839 1197 984 1265 quod
1011 1206 1135 1251 actu
1165 1197 1416 1253 edicitur.
1445 1199 1688 1255 Tandem
1715 1216 1956 1271 operans

370 1287 466 1341 ille
510 1295 594 1341 est
620 1287 716 1356 qui
750 1295 876 1341 actu
929 1288 1125 1353 utitur,
1154 1291 1270 1345 sive
1310 1305 1572 1360 persona.
1611 1291 1788 1347 Porro
1821 1308 1958 1348 non-

371 1396 657 1453 nunquam
716 1392 875 1438 actus
924 1384 1044 1454 ipse
1069 1385 1322 1441 ellectum
1356 1386 1582 1454 dicitur,
1625 1397 1680 1444 et
1708 1388 1957 1444 vicissim

372 1474 651 1540 ell‘ectum,
693 1484 874 1540 actus,
934 1478 1081 1532 sicut
1118 1478 1346 1548 κτίσμα,
1395 1479 1594 1534 dicitur
1646 1482 1844 1542 κτίσις.
1877 1478 1962 1533 Di-

374 1567 552 1623 cimus
583 1568 727 1623 enim
760 1569 806 1601 ²⁸
831 1569 984 1623 πᾶσα
1007 1571 1040 1640 ή
1066 1569 1266 1637 κτίσις,
1304 1572 1451 1643 quod
1491 1580 1579 1628 est
1607 1573 1782 1627 omnis
1812 1588 1962 1626 crea-

378 1663 473 1726 tio,
510 1669 569 1714 ut
594 1675 683 1716 res
716 1668 930 1717 creatas
977 1662 1369 1733 signiﬁcemus.

457 1753 608 1808 Vocis
645 1754 893 1825 ἐνέργεια
956 1756 1236 1825 multiplex
1270 1758 1525 1828 acceptio.
1554 1788 1621 1796 —
1650 1756 1967 1814 Observan-
1997 1741 2040 1796 Β

375 1846 506 1898 dum
553 1845 722 1899 etiam
757 1855 865 1911 est,
901 1854 1087 1901 actum
1125 1850 1242 1904 sive
1284 1849 1588 1912 actionem,
1621 1865 1744 1906 esse
1771 1849 1970 1905 motio-

376 1953 524 2000 nem.
557 1939 763 2009 agique
785 1939 994 2009 potius,
1026 1956 1192 2011 quam
1233 1958 1415 2014 agere,
1443 1943 1597 2012 juxta
1630 1952 1797 2012 atque
1831 1942 1968 1998 Gre-

375 2030 567 2100 gorius
595 2031 670 2084 ait
692 2031 748 2086 in
779 2033 1030 2088 oratione
1047 2033 1114 2088 de
1147 2031 1356 2103 Spiritu
1395 2044 1592 2090 sancto
1612 2034 1658 2065 ²⁹
1691 2051 1703 2087 :
1737 2051 1755 2084 ι
1782 2031 1838 2088 Si
1868 2048 1969 2088 au-

380 2127 488 2173 tem
551 2128 640 2175 est
693 2121 860 2185 actio,
919 2130 1114 2191 agetur
1157 2124 1370 2191 utique,
1425 2139 1535 2178 non
1568 2138 1698 2179 vero
1725 2130 1878 2193 aget;
1914 2131 1970 2179 et

379 2210 548 2266 simul
582 2219 749 2282 atque
775 2223 898 2268 acta
944 2214 1135 2278 fuerit,
1175 2215 1412 2271 desinet.
1438 2235 1458 2268 ι

453 2303 593 2358 Illud
647 2305 815 2359 etiam
884 2314 973 2361 est
1031 2306 1453 2370 advertendum,
1518 2310 1685 2365 vitam
1746 2327 1970 2384 quoque

382 2400 565 2448 actum
589 2410 735 2464 esse,
770 2397 882 2453 imo
929 2398 1252 2468 primarium
1283 2399 1544 2457 animalis
1575 2411 1799 2472 actum;
1837 2407 1972 2476 quin

381 2494 438 2543 et
495 2495 668 2543 totam
727 2490 990 2548 animalis
1041 2490 1407 2559 functionem,
1456 2494 1576 2552 sive
1607 2498 1891 2554 nutriendi
1919 2507 1976 2555 et

383 2580 668 2635 crescendi
700 2589 988 2646 vtrtutem,
1017 2581 1124 2636 hoc
1151 2591 1236 2638 est
1260 2587 1674 2654 vegetatricem,
1719 2588 1836 2642 sive
1863 2602 1976 2641 mo-

385 2679 524 2738 tuin,
556 2671 650 2744 qui
687 2670 745 2726 lit
777 2688 873 2743 per
895 2673 1217 2743 impulsum,
1250 2674 1305 2728 id
1333 2683 1418 2730 est
1438 2676 1786 2742 sentientem,
1812 2677 1971 2748 231

385 2767 503 2820 sive
531 2766 748 2821 tandem
785 2774 993 2822 motum
1034 2767 1354 2824 intellectus
1402 2776 1458 2822 et
1517 2767 1677 2822 liberi
1737 2770 1971 2824 arbitrii.

382 2861 558 2911 Actus
617 2865 803 2913 autem
851 2863 938 2912 est
972 2858 1230 2928 potentia:
1257 2858 1545 2928 perfectio.
1578 2857 1717 2914 Cum
1788 2860 1977 2930 itaque

385 2947 502 2999 inec
529 2948 582 3002 in
604 2947 827 3003 Christo
859 2950 1286 3020 perspiciamus,
1315 2949 1587 3004 fateamur
1627 2966 1758 3024 ergo
1781 2951 1978 3006 huma-

383 3055 510 3092 nam
540 3054 764 3110 quoque
791 3040 846 3094 in
867 3055 933 3096 eo
963 3041 1340 3110 Operationem
1369 3058 1514 3099 esse.

461 3131 585 3182 Alia
618 3140 835 3184 actuum
862 3147 1080 3201 genera.
1120 3130 1186 3186 Ut
1221 3143 1566 3200 naturarum,
1599 3137 1676 3190 sic
1705 3141 1975 3206 operatio~

386 3241 514 3277 num
577 3241 696 3277 cum
765 3225 962 3279 unione
1023 3226 1299 3280 distinctio
1351 3229 1405 3281 in
1435 3227 1673 3284 Christo.
1709 3234 1979 3290 —Actus

388 3317 555 3370 etiam
584 3316 792 3371 dicitur
815 3318 860 3349 ³⁸
894 3332 956 3372 ea
982 3318 1266 3388 cogitatio,
1293 3335 1417 3390 qua:
1448 3322 1686 3390 primum
1720 3324 1775 3378 in
1809 3325 1975 3381 nobis

388 3409 699 3474 consurgit,
724 3415 917 3477 estque
956 3407 1212 3478 simplex,
1246 3410 1568 3482 nullamque
1600 3412 1980 3470 habitudinem

389 3500 682 3570 implicans
711 3499 977 3568 operatio,
1032 3511 1212 3557 mente
1257 3517 1445 3558 secum
1507 3503 1628 3574 ipsa
1659 3513 1714 3560 ct
1768 3507 1984 3562 occulte

389 3605 552 3645 sensa
583 3605 686 3648 sua
730 3590 1094 3660 producente,
1151 3593 1356 3663 quibus
1405 3595 1641 3653 sublatis
1697 3613 1768 3654 ne
1824 3614 1982 3655 mens

389 3677 614 3754 quidem
672 3680 872 3734 merito
910 3679 1024 3735 dici
1065 3683 1260 3750 possit.
1303 3682 1518 3740 Dicitur
1557 3687 1723 3742 etiam
1779 3703 1982 3745 rursus

390 3780 574 3832 actus.
639 3785 831 3826 earum
883 3788 1067 3827 rerum
1118 3790 1243 3845 qua:
1290 3777 1479 3832 animo
1537 3780 1856 3850 cogitantur
1883 3798 1983 3852 per

392 3861 685 3942 sermonis
705 3865 1078 3934 prolationem
1116 3867 1414 3938 patefactio
1443 3880 1497 3926 et
1529 3872 1851 3942 explicatio.
1877 3875 1982 3931 Hic

391 3968 562 4024 porro
615 3939 724 4008 non
749 3954 864 4024 jam
902 3957 1140 4027 simplex
1194 3968 1279 4015 est
1311 3968 1366 4015 et
1391 3964 1541 4016 omni
1572 3939 1842 4022 relatione
1874 3982 1982 4022 so-

393 4044 572 4109 lutus,
601 4047 736 4116 quin
775 4048 965 4116 potius
1001 4050 1056 4104 in
1103 4051 1375 4107 relatione
1401 4055 1818 4124 consideratur,
1847 4059 1981 4128 quia

463 4225 674 4312 "‘Sup.
704 4228 872 4312 lib.-."
894 4230 1087 4312 ;_Max.
1123 4235 1267 4292 Dial.
1293 4255 1414 4294 cum
1444 4239 1675 4312 Pyrrho.
1751 4241 1796 4273 ³⁸
1820 4239 2018 4303 Graeci,
2074 4253 2182 4293 non
2211 4237 2414 4293 Latini.

393 4293 444 4327 ³⁸
494 4293 689 4353 Anast.
715 4293 976 4355 Antioch.

2057 470 2210 524 Θείαν
2247 470 2534 543 ἐνέργειαν
2559 507 2576 532 ,
2615 467 2711 522 καὶ
2762 464 2839 527 ὡς
2885 461 3175 534 ἄνθρωπος
3217 459 3512 530 γενόμενος
3550 459 3651 512 καὶ

2059 565 2193 633 ἡμῖν
2231 561 2541 632 ὀχλοοὺσιος,
2569 561 2670 630 τῆς
2701 555 3056 631 ἀνθρωπίνης
3089 553 3308 624 φῦσεως
3331 564 3358 593 ι
3405 551 3505 622 τὴν
3555 553 3647 604 ἐν·-

2058 657 2302 726 έργειαν.

2147 751 2348 804 ’ἰστέον
2375 749 2431 802 δὲ
2463 748 2540 810 ὼς
2579 746 2708 801 ἄλλο
2742 744 2890 798 ἐστὶν
2930 742 3188 812 ἐνέργεια
3209 780 3223 805 ,
3261 739 3360 792 καὶ
3389 737 3520 792 ἄλλο
3564 739 3649 790 ἐν-

2061 843 2380 915 εργητικὸν,
2405 841 2501 896 καὶ
2523 839 2653 894 ἄλλο
2677 838 2982 910 ἐνέργημα,
3007 836 3103 890 καὶ
3124 832 3256 888 ἄλλο
3283 833 3311 884 ὁ
3336 829 3579 901 ἐνεργῶν
3597 829 3650 883 δ.

2075 935 2362 1008 Ἐνέργεια
2395 933 2494 1006 μὲν
2527 928 2621 986 οῦν
2661 931 2872 998 ἐστινή
2920 923 3190 999 δραστικὴ
3239 922 3337 976 καὶ
3383 920 3658 1008 οὐσιὼδης

2061 1029 2168 1100 τῆς
2194 1004 2411 1097 έοῦσεως
2435 1024 2650 1094 κίνησις
2675 1040 2687 1052 ο
2719 1017 3074 1090 ἐνεργητικὸν
3107 1015 3186 1078 δέ,
3217 1017 3251 1085 ή
3281 1014 3445 1083 φύσις
3489 1011 3549 1076 ἐξ
3583 1004 3656 1082 ἦς

2065 1122 2319 1192 ἐνέργεια
2357 1119 2638 1190 πρόεισιν·
2671 1113 2956 1182 ἐνέργημα
3002 1111 3090 1175 δὲ,
3121 1108 3185 1161 τὸ
3225 1107 3327 1177 τῆς
3364 1104 3654 1176 ἐνεργείας

2063 1212 2414 1281 ἀποτέλεσμα
2438 1224 2451 1237 ⁶
2483 1208 2722 1276 ἐνεργῶν
2751 1205 2829 1264 δὲ,
2860 1205 2888 1256 ὁ
2907 1201 3249 1274 κεχρημένος
3277 1202 3344 1270 τῇ
3369 1198 3649 1268 ἐνεργείᾳ,

2065 1306 2183 1374 ἦτοι
2204 1305 2238 1374 ή
2271 1303 2586 1364 ὑπόστασις,
2620 1298 2854 1367 Λέγεται
2883 1296 2939 1348 δέ
2973 1294 3068 1348 καὶ
3098 1296 3131 1364 ἡ
3177 1292 3460 1363 ἐνέργεια,
3492 1289 3652 1360 ἐνέρ-

2066 1416 2244 1472 γημα,
2273 1399 2368 1452 καὶ
2397 1396 2456 1450 τὸ
2485 1394 2795 1465 ἐνέργημα,
2830 1391 3104 1460 ἐνέργεια,
3124 1387 3199 1450 ὡς
3223 1385 3316 1438 καὶ
3341 1384 3403 1437 τὸ
3420 1383 3656 1453 κτίσμα,

2069 1493 2269 1556 κτίσις.
2313 1491 2470 1544 Οὕτω
2494 1488 2605 1560 γάρ
2633 1501 2816 1556 φαμεν
2842 1525 2857 1548 ,
2895 1481 3065 1538 πᾶσα
3093 1482 3131 1549 ἠ
3163 1479 3363 1545 κτίσις
3387 1519 3402 1545 ,
3429 1477 3500 1532 τὰ
3532 1476 3658 1530 κτί-

2071 1605 2102 1640 σ
2111 1603 2258 1657 ματα
2286 1583 2596 1655 δηλοῦντες.

2152 1767 2353 1821 ’ἰστέον
2385 1764 2460 1828 ὼς
2489 1765 2522 1834 ή
2561 1761 2812 1832 ἐνέργεια
2855 1755 3075 1827 κίνησίς
3110 1753 3225 1808 ἐστι
3247 1794 3261 1818 ,
3289 1751 3386 1806 καὶ
3410 1750 3661 1818 ἐνεργεῖ-

2068 1877 2158 1915 ται
2205 1857 2408 1930 μᾶλλον
2437 1857 2469 1927 ἢ
2507 1855 2743 1922 ἐνεργεῖ,
2771 1849 2954 1914 καθώς
2985 1864 3152 1918 φησιν
3175 1847 3204 1900 ὁ
3227 1844 3488 1912 Θεολόγος
3522 1842 3665 1913 Γρη-

2070 1955 2252 2025 γὸριος
2311 1953 2369 2005 ἐν
2415 1948 2492 2020 τῷ
2542 1947 2672 2018 περὶ
2717 1944 2812 1998 τοῦ
2871 1942 3029 2011 ἁγίου
3083 1938 3411 2008 Πνεὺματος
3452 1934 3655 2025 ,λόγῳο

2076 2023 2194 2096 ἀεὶ
2241 2041 2297 2095 δέ
2346 2036 2604 2110 ἐνέργειὰ
2659 2037 2844 2098 ἐστιν,
2893 2029 3324 2100 ἐνεργηθήσεται
3381 2023 3659 2095 δηλονότι,

2071 2135 2168 2189 καὶ
2197 2135 2299 2187 οὐκ
2329 2131 2646 2202 ἐνεργήσει,
2679 2127 2776 2181 καὶ
2813 2123 2950 2196 ὁμοῦ
2983 2121 3061 2194 τῷ
3099 2117 3486 2192 ἐνερηθῆναι,
3515 2116 3662 2170 παύ-

2141 2321 2237 2372 Δεῖ
2281 2316 2339 2370 δὲ
2388 2313 2707 2384 γινώσκειν,
2741 2311 2826 2364 ὅτι
2857 2305 2957 2362 καὶ
2999 2303 3142 2376 αὐτὴ
3179 2305 3214 2375 ἡ
3257 2300 3372 2375 ζωὴ
3402 2300 3663 2372 ἐνέργειά

2073 2414 2248 2477 ἐστιν,
2280 2408 2377 2463 καὶ
2413 2409 2447 2479 ή
2493 2405 2689 2477 πρώτη
2721 2401 2817 2457 τοῦ
2861 2399 3004 2467 ζὼου
3047 2398 3327 2470 ἐνέργεια·
3381 2397 3479 2449 καὶ
3509 2396 3666 2448 πᾶσα

2073 2504 2108 2575 ή
2138 2502 2233 2557 τοῦ
2263 2498 2402 2567 ζὼου
2439 2496 2748 2568 οἰκονομία,
2779 2496 2814 2566 ἥ
2843 2511 2903 2548 τε
2936 2489 3213 2563 θρεπτικὴ
3243 2488 3338 2543 καὶ
3367 2486 3664 2558 αὐξητικὴ,

2073 2597 2246 2668 ἤγουν
2273 2591 2520 2664 φυσικὴ,
2569 2590 2666 2644 καὶ
2697 2590 2732 2660 ἡ
2785 2585 2909 2641 καθ’
2952 2583 3134 2656 ὁρμὴν
3177 2582 3432 2653 κίνησις,
3489 2579 3666 2650 ἡγουν

2076 2683 2393 2756 αἰσθητικὴ,
2431 2683 2526 2737 καὶ
2555 2683 2588 2752 ή
2618 2678 2806 2750 νοερὰ,
2840 2676 2936 2730 καὶ
2965 2677 2998 2747 ή
3048 2671 3401 2738 αὐτεξοὺσιος
3421 2669 3664 2740 κίνησις.

2077 2779 2374 2850 Δυνάμεως
2407 2777 2466 2830 δὲ
2490 2774 2865 2842 ἀποτέλεσμα,
2892 2771 2928 2841 ή
2963 2767 3238 2839 ἐνέργεια.
3269 2766 3334 2819 El.
3358 2758 3454 2818 οὖν
3486 2763 3670 2818 πάντα

2076 2871 2252 2925 ταῦτα
2284 2867 2604 2940 θεωροῦμεν
2634 2867 2692 2920 ἐν
2744 2863 2822 2934 τῷ
2861 2859 3086 2933 Χριστῷ
3110 2902 3125 2926 ,
3166 2859 3276 2932 ἄρα
3321 2856 3419 2912 καὶ
3448 2853 3668 2927 ἀνθρω-

2079 2966 2242 3038 πίνην
2270 2965 2554 3036 ἐνέργειαν
2579 2961 2665 3016 ἐπ’
2693 2958 2861 3014 αὑτοῦ
2895 2958 3164 3029 φήσομεν.

2163 3119 2445 3212 Ἐνέργεια
2488 3140 2732 3209 λέγεται,
2772 3137 2834 3190 τὸ
2877 3135 3098 3207 πρῶτον
3136 3135 3194 3186 ἐν
3230 3134 3363 3204 ἡμῖν
3407 3129 3666 3183 συνιστά-

2082 3252 2242 3305 μενον
2272 3233 2452 3303 νόημα
2473 3248 2485 3261 ·
2523 3233 2616 3284 καὶ
2650 3230 2798 3284 ἐστιν
2828 3228 2972 3297 ἁπλῆ
3001 3227 3093 3280 καὶ
3122 3226 3350 3295 ἄσχετος
3386 3222 3666 3292 ἐνέργεια,

2079 3325 2174 3379 τοῦ
2204 3325 2297 3380 νοῦ
2328 3323 2448 3378 καθ’
2477 3322 2642 3375 αὑτὸν
2670 3318 2894 3388 ἀφανῶς
2918 3317 2986 3371 τὰ
3011 3315 3120 3369 ίδια
3147 3315 3396 3383 νοήματα
3429 3308 3673 3380 προϐαλ-

2081 3417 2344 3488 λομένου,
2390 3409 2464 3470 ὧν
2511 3411 2680 3483 χωρὶς
2715 3410 2837 3463 οῦδέ
2886 3407 3010 3470 νοῦς
3052 3405 3119 3459 ἂν
3150 3403 3375 3474 κληθείη
3416 3401 3672 3462 δικαίως.

2082 3509 2318 3576 Λέγεται
2357 3507 2412 3560 δὲ
2443 3505 2606 3558 πάλιν
2635 3503 2912 3572 ἐνέργεια,
2945 3499 3040 3554 καὶ
3071 3500 3105 3565 ἡ
3129 3496 3220 3549 διὰ
3247 3494 3349 3564 τῆς
3381 3493 3672 3563 προφορᾶς

2079 3599 2173 3653 τοῦ
2192 3600 2354 3666 λόγου
2385 3595 2696 3667 φανέρωσις
2719 3595 2813 3646 καὶ
2834 3590 3141 3655 ἐξὰπλωσις
3160 3587 3269 3639 τῶν
3298 3585 3674 3653 νενοημένων.

2080 3691 2228 3761 Αὕτη
2252 3691 2308 3744 δέ
2333 3689 2518 3742 οὐκέτι
2541 3686 2769 3758 ἄσχετος
2791 3688 2906 3739 ἐστι
2930 3684 3026 3737 καὶ
3055 3681 3225 3751 ἁπλῆ,
3250 3678 3366 3732 ἀλλ’
3393 3679 3450 3730 ἐν
3485 3675 3676 3746 σχέσει

2081 3781 2434 3854 θεωρουμένη
2467 3783 2530 3833 ἐκ
2579 3779 2852 3849 νοήματος
2887 3776 2984 3830 καὶ
3033 3773 3196 3843 λόγου
3251 3770 3674 3837 συντεθειμένη.

2087 3876 2198 3928 Καὶ
2231 3873 2371 3942 αὐτὴ
2395 3872 2452 3925 δὲ
2484 3874 2516 3939 ή
2549 3870 2754 3940 σχέσις,
2784 3869 2850 3938 ἢν
2879 3867 2995 3936 ἔχει
3027 3867 3055 3918 ὁ
3085 3862 3254 3917 ποιῶν
3278 3858 3413 3933 πρὸς
3431 3860 3494 3915 τὺ
3524 3858 3679 3928 γινό-
3717 3935 3722 3942 ⁹

2093 3985 2290 4037 μενον,
2348 3964 2602 4034 ἐνέργειά
2655 3963 2805 4014 ἐστι’
2853 3961 2949 4014 καὶ
3001 3959 3136 4011 αὐτὸ
3183 3957 3245 4010 τὸ
3299 3951 3678 4024 ἀποτελούμε-

2089 4077 2180 4112 νον
2213 4057 2326 4129 (56)
2379 4057 2630 4128 ἐνέργεια
2679 4053 2931 4118 λέγεταιο
2965 4051 3060 4105 καὶ
3096 4049 3160 4104 τὸ
3191 4048 3299 4120 μέν
3337 4049 3455 4101 ἐστι
3491 4043 3678 4116 ψυχῆς

2509 4238 2556 4270 ¹⁹
2579 4234 2730 4292 Orat.
2769 4233 2861 4298 57,
2919 4233 3266 4306 aliquantum
3301 4244 3330 4284 a
3365 4225 3673 4299 principio.

1709 4418 1942 4474 VARUE
1983 4420 2162 4476 LEC'I‘
2169 4418 2281 4475 ION
2289 4417 2392 4474 ES.

468 4532 493 4561 ι
529 4522 686 4600 Deest
713 4525 917 4600 ὁμοίως
939 4527 1016 4600 _in
1055 4525 1223 4600 Begg.
1251 4529 1307 4593 6,
1335 4538 1390 4585 et
1432 4541 1769 4600 expunctum
1792 4544 1876 4590 est
1902 4536 1958 4590 in
1981 4536 2135 4592 Coll).
2173 4537 2222 4589 l.

2301 4549 2327 4576 ιι
2375 4533 2441 4589 Ν.
2491 4535 2699 4598 οὐσίας.
2778 4535 2806 4575 ι»
2839 4532 3003 4590 Deest
3050 4528 3320 4586 articulus
3374 4527 3432 4584 in
3495 4523 3674 4597 Begu.

397 4591 449 4656 6,
479 4603 531 4649 et
563 4593 720 4652 Colb.
750 4591 825 4663 Ἰ,
855 4598 910 4652 iu
939 4598 1002 4651 lt.
1041 4591 1264 4655 Ξιὲτει
1289 4591 1445 4655 Colb.
1478 4591 1723 4670 nomine,
1757 4606 1844 4660 hic
1873 4615 1928 4662 et
1964 4607 2108 4662 infra
2144 4607 2341 4676 legitur
2367 4609 2423 4660 in
2456 4591 2749 4661 neutro'rb
2776 4603 3057 4677 ἐνεργοῦν.

1962 4759 2198 4818 NOTAE.

398 4904 523 4976 jure
571 4895 927 4964 subjiciuntur
967 4896 1296 4976 anathemati
1319 4937 1333 4961 ,
1396 4899 1569 4976 utqui
1613 4896 1885 4952 Christum
1929 4898 1984 4976 i_n
2017 4900 2062 4954 D
2091 4897 2228 4952 nihil
2250 4897 2398 4976 aliud
2427 4913 2552 4976 eum
2571 4897 2873 4976 deliniisse,
2911 4898 3018 4976 nisi
3041 4897 3374 4976 naturalium
3402 4901 3678 4976 operatio-

402 4965 540 5028 Huas
577 4982 830 5036 personas
862 4968 1145 5021 secuerint.
1183 4965 1306 5020 Non
1339 4965 1702 5022 enim'natura
1743 4985 1861 5038 qum
1883 4970 1988 5020 mi-

403 5046 544 5099 nime
609 5046 897 5103 operatur,
959 5053 1178 5105 prorsus
1238 5037 1554 5092 substiterit.
1606 5037 1879 5094 Nimirum
1934 5039 1989 5093 in

403 5108 604 5186 primis
645 5106 1007 5186 Eutychianis
1061 5107 1672 5186 displicebat-Leoii_etn
1706 5121 1989 5186 naturam

405 5179 683 5251 duplicem
721 5179 977 5251 intulisse
1005 5193 1068 5251 ex
1125 5179 1344 5233 actione
1386 5179 1592 5248 duplici
1632 5196 1645 5231 :
1684 5181 1807 5248 Agit
1840 5187 1994 5231 utra-

402 5250 504 5327 que
551 5253 726 5323 {arma
747 5265 866 5303 cum
905 5250 1128 5303 alterius
1159 5251 1522 5303 communione
1547 5253 1684 5318 quod
1719 5252 1992 5318 proprium

405 5335 505 5379 est.

481 5393 594 5464 (36)
623 5394 733 5448 Kal
762 5387 910 5464 αὐτὸ
934 5387 1002 5442 τὸ
1021 5389 1270 5464 duorm.
1307 5385 1537 5464 Ipsaque
1561 5405 1644 5443 res
1662 5389 1884 5464 Ae/fecta.
1913 5391 1993 5464 Ad

406 5459 870 5536 Ιιαιιοένεργείας
909 5461 1286 5536 acceptiouem
1329 5459 1622 5536 Maximus,
1662 5461 1715 5514 in
1749 5470 1786 5513 t.
1822 5463 1882 5523 ll,
1924 5463 1992 5516 ad

409 5535 608 5590 Marin.
654 5530 878 5587 revocat
924 5530 1204 5584 Anastasii
1253 5531 1508 5584 Antioch.
1555 5532 1791 5594 dictum,
1832 5549 1993 5586 unam

407 5605 613 5663 Christi
643 5602 924 5674 ἐνέργειαν
960 5599 1282 5674 statuentis,
1313 5601 1532 5674 tametsi
1567 5602 1806 5669 φυσικὰς
1840 5606 1990 5674 evap-

401 5682 605 5744 γείας,
647 5670 924 5727 naturales
977 5671 1210 5723 actiones
1270 5673 1452 5742 plures
1499 5672 1753 5743 doceret,
1806 5670 1993 5745 aitque

2090 4985 2215 5054 nu_m
2243 4968 2563 5054 {adiungam
2587 4970 2830 5050 unionem
2858 4977 2907 5021 et
2939 4969 3286 5054 effectum-rb
3313 4968 3475 5039 ἔργον
3504 4973 3678 5054 φημὶ,

2093 5043 2189 5097 καὶ
2219 5039 2321 5111 τὴν
2345 5039 2568 5111 πρᾶξιν,
2596 5055 2748 5107 opus,
2769 5039 3008 5108 inquam,
3043 5049 3092 5093 et
3117 5041 3399 5111 actionem,
3436 5039 3541 5110 qua
3563 5039 3681 5097 illa

2093 5107 2444 5167 innotescunt.
2496 5107 2867 5177 Operationem
2928 5113 3120 5179 quippe
3169 5109 3361 5165 habere
3407 5107 3681 5166 rationem

2094 5181 2433 5243 universalis,
2465 5180 2708 5249 effectum
2747 5189 2794 5233 et
2829 5195 2981 5246 opus,
3012 5180 3380 5248 particularis.
3417 5180 3680 5235 Particu-

2098 5256 2210 5308 lare
2241 5261 2438 5315 autem,
2468 5250 2779 5304 universalis
2814 5251 3024 5304 nomine
3052 5251 3262 5305 donari.
3297 5251 3400 5305 Sed
3435 5253 3682 5306 Anasta-

2098 5327 2240 5378 sium
2282 5326 2460 5392 ipsum
2489 5322 2791 5392 audiamus
2820 5336 2882 5392 es
2913 5320 3243 5390 fragmento.
3273 5324 3418 5390 quod
3451 5336 3578 5392 cap.
3608 5323 3679 5378 l5

2093 5391 2322 5449 Collect.
2363 5392 2539 5461 reperi
2565 5401 2612 5446 et
2649 5391 2797 5461 quod
2827 5391 3028 5461 Noster
3057 5392 3143 5445 hic
3179 5394 3464 5461 exeripsit.
3512 5391 3679 5446 ’Ἁνα-

2094 5465 2315 5518 στασίου
2349 5460 2680 5532 Ἀντιοχείας
2722 5462 2788 5515 ἐκ
2822 5460 2922 5532 τοῦ·
2970 5461 3098 5532 περὶ
3144 5460 3439 5532 ἐνεργειῶν
3485 5461 3676 5532 λόγου.

2090 5534 2370 5587 Anastasii
2388 5530 2723 5596 Antibbheui,
2743 5547 2808 5586 ex
2825 5531 2960 5585 libro
2985 5530 3061 5585 De
3087 5530 3502 5600 opera—tionibus.
3531 5531 3679 5586 Ἀλλ·

2091 5605 2278 5675 ἐπειδὴ
2330 5602 2647 5675 πολύσημός
2687 5605 2802 5655 ἐστι
2835 5602 2960 5675 τῆςΔ
2984 5602 3266 5675 ἐνεργείας
3299 5605 3332 5673 ἡ
3356 5601 3540 5675 φωνὴ,
3577 5605 3682 5655 καὶ

2091 5675 2150 5728 τὸ
2183 5672 2477 5747 ὁμώνυμον
2532 5673 2740 5745 πλάνης
2797 5672 3061 5736 πολλάκις
3099 5673 3273 5727 αἴτιον
3309 5672 3522 5742 γίνεται
3561 5676 3683 5738 τοῖς
