3950 6304
390 257 524 326 1051

1543 263 1606 325 S.
1647 265 1681 325 J
1685 264 1891 326 OANN
1898 264 1969 324 IS
2013 265 2444 326 DAMASCENI

3504 265 3661 333 1052

383 385 606 440 quoque
639 376 832 426 nostro
886 368 1018 425 Jesu
1073 369 1318 438 Christo,
1352 372 1532 430 virtus
1567 375 1958 430 miraculorum

2076 376 2169 428 ιῶν
2194 376 2375 445 ἄρτων
2407 376 2621 438 κλάσις,
2651 376 2712 430 τὸ
2730 377 2963 432 ἀκοῦσαι
2988 377 3079 431 τδν
3101 377 3305 450 λεπρὸν
3331 376 3415 440 τὸ,
3435 377 3602 434 Θέλω

384 461 692 515 divinitatis
720 461 894 530 ipsius
925 467 1082 516 actus
1107 470 1222 517 erat
1246 480 1260 528 ;
1287 473 1344 517 at
1403 479 1666 519 manuum
1693 479 1880 534 opera,
1910 474 1965 519 et

385 551 543 614 velle,
580 557 635 603 et
660 551 862 615 dicere,
914 550 1067 616 Volo,
1108 553 1367 608 mundare
1389 554 1458 620 ³²,
1492 555 1854 610 humanitatis
1885 556 1968 624 ip-

385 642 503 695 sius
530 649 648 694 erat
677 641 819 695 actio
862 661 875 696 :
911 656 1052 710 opus
1093 651 1296 709 autem,
1354 645 1625 714 siquidem
1666 645 1962 700 humanam

384 742 639 788 naturam
678 742 916 803 spectes,
953 750 1154 804 panum
1179 735 1375 791 tractio
1401 738 1472 804 ³³,
1499 738 1758 808 quodque
1789 739 1967 808 lepro-

386 841 480 881 sus
511 826 763 887 audierit,
789 824 943 891 Volo;
967 827 1231 882 si-autem
1261 827 1528 894 divinam,
1550 843 1750 897 panum
1781 829 1968 882 multi-

385 913 628 982 plicatio,
648 913 847 982 leprosi
874 913 1174 968 inundatio.
1193 913 1435 987 Utraque
1447 918 1590 971 enim
1605 918 1840 982 actione,
1860 919 1965 974 hoc

385 1011 471 1059 est
498 1005 691 1060 animae
707 1013 760 1060 et
777 1007 1044 1074 corporis,
1075 1021 1236 1060 unam
1273 1019 1327 1062 et
1357 1009 1625 1072 eamdem,
1657 1017 1962 1080 cognatam,

384 1104 440 1150 et
471 1096 756 1165 aequalem,
779 1096 1017 1150 divinam
1053 1097 1420 1164 operationem
1437 1099 1778 1154 ostendebat.
1813 1097 1966 1154 Sicut

383 1187 530 1240 enim
548 1187 721 1256 ipsius
739 1194 965 1241 naturas
984 1188 1127 1242 inter
1143 1203 1202 1243 se
1215 1190 1394 1244 unitas
1410 1205 1574 1259 seque
1589 1192 1821 1245 invicem
1843 1206 1967 1259 per-

385 1273 648 1329 vadentes
664 1275 1034 1345 agnoscimus,
1061 1291 1159 1332 nec
1185 1285 1363 1332 tamen
1403 1288 1688 1349 propterea
1735 1281 1966 1334 distinc-

383 1364 588 1418 tionem
607 1379 792 1419 earum
819 1365 1144 1431 inticiamur,
1171 1367 1299 1438 qni‘n
1331 1383 1424 1423 eas
1440 1383 1814 1434 numeramus,
1841 1369 1966 1424 licet

389 1454 686 1510 divisionis
722 1463 978 1525 expertes
1037 1472 1376 1526 noscamus;
1409 1460 1491 1513 sic
1533 1467 1588 1514 et
1621 1461 1964 1514 voluntatum

389 1553 444 1600 et
479 1546 788 1612 actionum;
818 1547 978 1616 232
1002 1555 1117 1601 tum
1154 1549 1627 1618 conjunctionem,
1653 1559 1766 1604 tum
1800 1553 1964 1606 etiam

392 1638 801 1694 distinctionem
834 1641 1208 1709 agnoscimus,
1236 1644 1428 1712 sicque
1458 1659 1554 1698 eas
1584 1658 1962 1707 numeramus,

2064 465 2162 535 τῆς
2191 466 2248 518 δὲ
2281 465 2504 528 θείας,ὁ
2549 465 2658 519 τῶν
2706 468 2888 536 ἄρτων
2933 466 3274 537 πληθυσμδς,
3309 467 3405 520 καὶ
3453 471 3486 538 ή
3538 467 3653 521 τοῦ

2063 554 2265 624 λεπροῦ
2310 555 2602 624 κάθαρσις.
2653 559 2731 609 Δι’
2769 557 3101 628 ἀμφοτέρων
3131 557 3260 627 γὰρ,
3306 557 3396 610 διὰ
3442 575 3503 611 τε
3535 559 3656 628 τῆς

2062 646 2300 718 ψυχικῆς
2343 649 2627 716 ἐνεργείας
2657 651 2754 703 καὶ
2801 649 2896 702 τοῦ
2926 648 3198 720 σώματος,
3235 649 3365 720 μίαν
3395 649 3490 702 καὶ
3536 649 3653 720 τὴν

2063 737 2232 808 αὐτὴν
2293 741 2533 809 συγγενῆ
2599 742 2696 794 καὶ
2743 740 2866 812 ἴσην
2912 741 3248 795 ἐνεδείκνυτο
3308 740 3472 794 αὑτοῦ
3536 741 3654 810 τὴν

2065 825 2216 880 θείαν
2268 829 2574 899 ἐνέργειαν.
2613 830 2827 900 Ὥσπερ
2884 830 2994 901 γὰρ
3037 831 3137 892 τὰς
3193 828 3384 898 φύσεις
3423 828 3651 898 ἡνωμέ-

2063 935 2161 980 νας
2223 919 2604 989 γινώσκομεν,
2673 922 2771 974 καὶ¹
2812 921 2910 992 τὴν
2973 923 3030 974 ἐν
3081 920 3344 987 ἀλλήλαις
3407 918 3650 988 ἐχούσας

2065 1006 2460 1080 περιχὼρησιν,
2487 1011 2582 1064 καὶ
2613 1011 2711 1083 τὴν
2745 1011 2952 1066 τούτων
2993 1011 3256 1082 διαφορὰν
3292 1010 3394 1062 οὐκ
3437 1006 3646 1080 ἀρνού-

2067 1097 2226 1168 μεθα,
2256 1099 2391 1154 ἀλλὰ
2423 1101 2519 1154 καὶ
2555 1102 2926 1174 ἀριθμοῦμεν,
2963 1104 3058 1155 καὶ
3107 1100 3451 1172 ἀδιαιρέτους
3506 1097 3648 1150 ταύ-

2063 1206 2162 1252 τας
2199 1192 2580 1262 γινώσκομεν,
2621 1193 2764 1248 οὕτω
2824 1195 2918 1248 καὶ
2975 1193 3083 1248 τῶν
3127 1192 3489 1263 θελημάτων,
3547 1190 3651 1242 καὶ

2063 1282 2173 1335 τῶν
2208 1284 2520 1356 ἐνεργειῶν,
2549 1287 2643 1340 καὶ
2679 1287 2739 1340 τὸ
2775 1287 3012 1356 συναφὲς
3055 1283 3422 1356 γινώσκομεν,
3456 1281 3553 1334 καὶ
3580 1280 3651 1333 τὸ

2064 1371 2322 1444 διάφορον
2351 1374 2811 1448 ἐπιγινώσκομεν,
2842 1377 2937 1430 καὶ¹
2978 1374 3340 1446 ἀριθμοῦμεν,
3371 1372 3468 1425 καὶ
3496 1371 3648 1424 διαε-

2067 1480 2218 1536 ρεσιν
2245 1465 2346 1517 οὐκ
2393 1466 2706 1537 εἰσάγομεν.
2759 1470 2858 1521 Ὃν
2902 1467 3104 1538 τρόπον
3140 1465 3248 1534 γὰρ
3279 1467 3313 1535 ἡ
3359 1461 3498 1531 σὰρξ
3543 1459 3648 1513 καὶ

2064 1555 2346 1623 τεθέωται,
2396 1559 2493 1612 καὶ¹
2535 1559 2838 1630 μεταϐολὴν
2869 1559 2972 1630 τῆς
3026 1559 3232 1620 οίκείας
3279 1556 3343 1609 οὐ
3400 1552 3650 1608 πέπονθε

2067 1645 2305 1716 φύσεως,
2354 1649 2443 1702 τὸν
2495 1651 2658 1704 αὐτὸν
2689 1651 2895 1722 τρόπον
2942 1650 3036 1704 καὶ
3091 1649 3152 1701 τὸ
3197 1647 3409 1718 θέλημα
3459 1643 3561 1697 καὶ
3608 1643 3650 1712 ἡ

392 1738 452 1784 ut
477 1740 659 1784 tamen
678 1729 1005 1785 divisionem
1030 1747 1139 1785 non
1171 1731 1521 1788 inducamus.
1542 1731 1614 1788 Ut
1641 1735 1786 1788 enim
1813 1747 1963 1799 caro,

2076 1736 2320 1808 ἐνέργεια
2365 1741 2461 1793 καὶ
2508 1741 2806 1795 τεθέωνται
2861 1741 2955 1794 καὶ
2993 1740 3102 1793 τῶν
3151 1739 3368 1792 οἰκείων
3400 1737 3501 1789 οὐκ
3549 1733 3654 1798 ἐξ-

390 1820 642 1890 quamvis
695 1819 897 1874 deitate
953 1821 1177 1880 donata.
1244 1838 1352 1876 non
1385 1830 1568 1879 tamen
1605 1831 1813 1877 natura:
1849 1837 1964 1877 suae

391 1911 626 1981 proinde
685 1911 1044 1966 mutationem
1110 1912 1540 1980 subiit;eodem
1591 1912 1776 1979 modo,
1841 1913 1967 1968 licet

389 2003 646 2055 voluntas
673 2008 728 2055 et
765 2001 912 2054 actio
933 2000 1219 2056 divinitate
1242 2000 1454 2056 atl‘ecta:
1478 2002 1612 2066 sint,
1646 2017 1755 2056 non
1777 2009 1961 2056 tamen

2073 1825 2318 1882 ίστανται
2349 1830 2522 1900 ὃρωψ
2551 1826 2632 1894 εἷς
2662 1833 2772 1902 γάρ
2805 1833 2974 1897 ἐστιν,
3009 1831 3038 1882 ό
3094 1829 3254 1884 τοῦτο
3288 1830 3509 1882 κάκεῖνο
3538 1825 3648 1891 ὣν,

2071 1915 2166 1968 καὶ
2195 1917 2365 1982 οὕτως
2410 1921 2701 1984 κάκείνως,
2743 1922 2866 1992 ἦτοι
2912 1920 3109 1984 θεῖκῶς
3145 1937 3205 1972 τε
3236 1916 3654 1989 καὶκάνθρῳπε-

2073 2024 2202 2072 νως,
2231 2008 2400 2064 θέλων
2429 2013 2522 2065 καὶ
2545 2012 2803 2085 ἐνεργῶν.

393 2105 426 2145 a
483 2092 687 2146 ﬁnibus
720 2092 837 2146 suis
891 2101 1266 2148 excesserunt.
1296 2091 1446 2149 Unus
1477 2094 1648 2160 enim,
1705 2095 1959 2166 idemque
1997 2105 2101 2165 est,
2133 2102 2226 2171 qui
2274 2109 2330 2156 et
2378 2103 2507 2169 hoc,
2537 2113 2592 2160 et
2638 2105 2772 2160 illud
2802 2112 2926 2172 est;
2962 2111 3016 2159 et
3045 2102 3153 2158 hoc
3207 2109 3260 2158 et
3318 2101 3418 2155 illo
3445 2095 3646 2161 modo.

393 2180 501 2236 hoc
530 2189 636 2244 est,
668 2180 854 2237 divino
887 2192 942 2236 et
984 2181 1249 2248 humano,
1293 2184 1407 2237 vult
1428 2192 1483 2239 et
1512 2185 1644 2255 agit.

462 2275 599 2331 Cum
651 2277 835 2346 itaque
873 2275 996 2331 dua:
1051 2277 1106 2331 in
1159 2276 1383 2332 Christo
1420 2289 1628 2335 naturze
1671 2281 1801 2346 sint,
1834 2279 1972 2334 duas

393 2380 614 2436 quoque
641 2365 798 2422 in'eo
835 2367 1081 2424 actiones
1104 2367 1288 2423 dicere
1325 2384 1552 2425 necesse
1585 2378 1690 2426 est.
1723 2370 1970 2436 Quorum

393 2459 539 2512 enim
563 2458 776 2512 diversa
803 2467 996 2513 natura
1025 2460 1364 2522 est,'horum
1406 2477 1623 2530 quoque
1680 2461 1868 2531 dispar
1889 2467 1974 2513 est

395 2548 573 2612 actio;
596 2557 650 2604 et
675 2560 885 2612 contra,
917 2565 1152 2619 quorum
1189 2559 1383 2608 natura
1434 2551 1621 2606 eadem
1642 2561 1746 2616 est,
1780 2553 1972 2605 horum

333 2703 340 2705 _
395 2647 453 2697 et
495 2641 640 2695 actio
678 2641 866 2696 eadem
900 2658 913 2694 :
943 2656 1178 2711 quorum
1212 2652 1394 2696 autem
1433 2658 1541 2696 una
1569 2653 1652 2698 est
1677 2645 1842 2707 aetio,
1873 2644 1972 2696 ho-

395 2746 520 2788 rum
547 2732 732 2797 etiam,
767 2731 1067 2787 secundum
1099 2732 1286 2788 Patres
1309 2732 1625 2787 divinorum
1658 2749 1970 2788 sermonum

395 2819 751 2891 interpretes,
799 2835 908 2875 una
969 2829 1056 2876 est
1087 2823 1332 2876 essentia
1385 2821 1451 2875 “.
1506 2821 1691 2891 Itaque
1740 2823 1970 2876 duorum

396 2912 630 2967 alterum
687 2913 764 2967 sit
794 2919 1033 2983 Oportet,
1064 2921 1158 2966 aut
1185 2928 1350 2967 unam
1375 2913 1643 2967 actionem
1677 2915 1730 2967 in
1753 2914 1974 2969 Christo

395 3002 666 3066 dicentes,
714 3017 880 3056 unam
915 3017 1136 3072 quoque
1187 2993 1488 3058 essentiam
1519 3003 1812 3070 dicamus;
1855 3012 1971 3067 aut,

2149 2283 2252 2338 Δύο
2283 2285 2465 2339 τοίνυν
2484 2285 2582 2348 τὰς
2607 2283 2886 2356 ἐνεργείας
2916 2284 3009 2337 ἐπὶ
3034 2281 3275 2354 Χριστοῦ
3304 2282 3482 2350 λέγειν
3515 2283 3656 2336 ἁνα-

2070 2379 2266 2445 γκαῖον
2291 2376 2382 2430 διὰ
2413 2376 2473 2429 τὸ
2517 2376 2695 2430 διττὸν
2731 2377 2831 2445 τῆς
2865 2372 3102 2443 φύσεως.
3126 2366 3229 2424 ⁷ον
3269 2373 3374 2442 γὰρ
3408 2373 3440 2441 ἡ
3473 2370 3655 2440 φύσις

2071 2465 2524 2536 παρηλλαγμένη,
2556 2463 2763 2517 τούτων
2801 2463 3061 2532 διάφορος
3082 2461 3109 2500 ά
3156 2463 3190 2532 ή
3241 2461 3513 2530 ἐνέργεια,
3544 2463 3656 2514 καὶ

2070 2547 2145 2607 ὧν
2177 2555 2211 2623 ἠ
2244 2553 2496 2624 ἐνέργεια
2533 2551 2990 2623 παρηλλαγμένη,
3035 2549 3240 2602 τούτων
3267 2549 3301 2618 ἡ
3332 2548 3492 2616 φύσις
3517 2547 3658 2602 διά-

2073 2660 2260 2713 φορος.
2285 2644 2395 2696 Καὶ
2425 2643 2488 2695 τὸ
2511 2641 2800 2708 ἀνάπαλιν,
2831 2635 2905 2694 ὧν
2932 2642 2964 2712 ἠ
2987 2639 3150 2709 φύσις
3182 2641 3216 2710 ή
3251 2637 3409 2710 αὑτὴ.
3433 2637 3660 2691 τούτων

2072 2737 2168 2788 καὶ
2199 2736 2232 2805 ἠ
2270 2736 2520 2805 ἐνέργεια
2553 2735 2587 2805 ή
2609 2733 2768 2805 αὑτὴ,
2795 2733 2891 2786 καὶ
2918 2725 2991 2785 ὧν
3023 2734 3056 2803 ἡ
3085 2732 3338 2802 ἐνέργεια
3367 2730 3485 2799 μία,
3517 2729 3662 2782 τού-

2063 2837 2179 2877 ’των
2211 2825 2306 2878 καὶ
2331 2827 2364 2894 ἡ
2395 2824 2550 2878 οὐσία
2585 2825 2707 2894 μία,
2740 2823 2882 2878 κατὰ
2907 2824 3035 2887 τοὺς
3081 2821 3379 2892 θεηγόρους
3409 2831 3432 2860 ο
3467 2820 3663 2874 Πατέ-

2075 2928 2194 2983 ρας.
2227 2913 2469 2983 ΪΛνάγκη
2496 2913 2678 2967 τοίνυν
2700 2913 2845 2966 δυοῖν
2869 2912 3116 2984 θάτερον,
3144 2911 3177 2982 ἢ
3205 2912 3334 2982 μίαν
3363 2911 3664 2982 ἐνέργειαν

2073 3003 2168 3056 ἐπὶ
2196 3003 2437 3074 Χριστοῦ
2463 3004 2744 3073 λέγοντας,
2787 3005 2916 3074 μίαν
2951 3004 3135 3072 λέγειν
3170 3003 3267 3057 καὶ
3293 3004 3392 3074 τὴν
3430 3002 3666 3069 οὐσίαν,

394 3093 444 3152 si
487 3093 734 3149 veritatis
779 3093 1012 3148 studiosi
1061 3107 1276 3159 sumus,
1321 3094 1568 3162 duasque
1609 3095 1876 3150 cssentias
1905 3109 1972 3149 ex

2076 3093 2132 3164 ἢ,
2157 3095 2318 3166 εἰπερ
2354 3095 2458 3164 τῆς
2487 3095 2748 3164 ἀληθείας
2783 3095 3041 3166 ἐχόμεθα,
3078 3095 3174 3148 καὶ
3201 3094 3295 3148 δύο
3325 3095 3425 3158 τὰς
3456 3094 3668 3158 οὐσίας

395 3181 680 3253 Evangelii
707 3189 764 3238 et
792 3182 1017 3237 Patrum
1048 3181 1298 3236 doctrina
1349 3181 1692 3248 conﬁtemur,
1723 3183 1862 3239 duas
1888 3183 1978 3238 iti-

397 3275 522 3331 dem
549 3274 802 3329 actiones
825 3283 1196 3328 consentanee
1222 3287 1318 3328 eas
1340 3273 1666 3329 comitantes
1688 3273 1974 3329 fateamur.

395 3363 534 3420 Nam
559 3379 687 3420 cum
717 3364 1022 3419 divinitatis
1057 3364 1270 3418 ratione
1295 3362 1450 3418 Patri
1481 3365 1977 3421 consubstantialis

398 3459 496 3524 sit,
528 3457 760 3527 aequalis
790 3470 1014 3526 quoque
1039 3463 1304 3526 quantum
1335 3455 1404 3510 ad
1428 3457 1702 3512 actionem
1743 3457 1870 3512 erit.
1897 3458 1977 3512 Ac

396 3562 618 3612 rursus,
643 3561 767 3601 cum
792 3544 933 3600 idem
965 3547 1173 3600 ratione
1189 3544 1540 3600 humanitatis
1559 3545 1718 3600 nobis
1748 3546 1819 3599 sit
1847 3559 1981 3600 con-

396 3640 798 3706 substantialis,
855 3655 953 3711 par
1001 3640 1164 3696 etiam
1209 3649 1475 3710 quantum
1505 3640 1572 3694 ad
1601 3641 1977 3712 operationem

398 3734 525 3792 erit.
560 3731 653 3788 Ait
700 3733 902 3804 quippe
923 3733 1114 3788 beatus
1131 3730 1428 3803 Gregorius
1461 3731 1757 3803 episwpus
1779 3730 1980 3804 Nysse-

399 3841 509 3882 nus
522 3825 632 3878 ":c
660 3824 903 3892 Quorum
933 3825 1074 3878 actio
1096 3839 1204 3878 una
1225 3832 1326 3889 est,
1347 3823 1543 3878 horum
1569 3839 1796 3895 prorsus
1815 3833 1868 3880 et
1897 3824 1980 3879 vis

398 3919 614 3978 eadem.
645 3936 664 3971 ι
683 3916 874 3974 Omnis
898 3917 1044 3974 enim
1072 3925 1231 3972 actus
1259 3923 1315 3973 et
1351 3918 1598 3987 operatio
1615 3925 1700 3974 est
1725 3918 1981 3987 potentia;

399 4010 682 4083 perfectio.
724 4007 865 4066 Fieri
907 4024 1070 4079 porro
1107 4009 1313 4079 nequit,
1348 4016 1408 4065 ut
1439 4009 1696 4063 increatae
1711 4017 1765 4063 et
1785 4018 1980 4064 creatae

400 4111 611 4156 naturae
631 4114 736 4155 una
763 4100 834 4155 sit
865 4107 1082 4165 natura,
1103 4099 1185 4154 vis
1215 4109 1268 4154 et
1283 4097 1548 4169 operatio.
1577 4096 1732 4163 Quod
1750 4098 1798 4154 si
1816 4113 1980 4154 unam

401 4199 458 4255 in
485 4196 704 4253 Christo
725 4196 994 4250 actionem
1017 4192 1337 4255 dixerimus,
1363 4189 1500 4244 nihil
1528 4187 1712 4244 afferri
1749 4189 1970 4258 poterit,

401 4287 536 4358 quin
574 4287 738 4342 Verbi
769 4284 1042 4340 divinitati
1091 4284 1288 4338 anima:
1321 4281 1678 4351 intelligentia
1727 4279 1974 4336 aﬂectio-

2076 3185 2450 3254 εὑαγγελικῶς
2487 3203 2548 3238 τε
2577 3187 2672 3240 καὶ
2705 3187 2986 3258 πατρικῶς
3011 3185 3403 3256 ὁμολογοῦμεν,
3426 3184 3520 3239 δύο
3553 3189 3670 3240 καὶ

2075 3275 2175 3339 τὰς
2223 3275 2504 3346 ἐνεργείας
2549 3275 2902 3347 καταλλήλως
2948 3277 3134 3339 αὐτοῖς
3173 3274 3469 3346 ἑπομένους
3524 3291 3669 3327 συν-

2075 3367 2380 3440 ομολογεῖν.
2398 3368 2712 3441 Ὀμοούσιος
2732 3368 2842 3440 γὰρ
2861 3367 2936 3424 ὢν
2955 3368 3034 3439 τῷ
3053 3368 3173 3439 Θεῷ
3197 3369 3293 3422 καὶ
3312 3365 3486 3438 ιἸιιτρ)⁸
3506 3367 3672 3421 κατὰ

2075 3459 2174 3532 τὴν
2205 3460 2456 3531 θεότητα,
2485 3459 2601 3524 ἴσος
2633 3459 2789 3514 ἐσται
2837 3460 2933 3514 καὶ
2964 3459 3107 3514 κατὰ
3151 3459 3251 3531 τὴν
3293 3458 3580 3530 ἐνέργειαν
3603 3456 3662 3514 ί.

2087 3547 2408 3624 Ὅμοούσιος
2433 3551 2491 3606 δὲ
2527 3549 2604 3606 ὢν
2638 3553 2771 3624 ἡμῖν
2801 3551 2830 3605 ὁ
2851 3550 3015 3615 αὐτὸς
3053 3550 3199 3605 κατά
3229 3549 3330 3621 τὴν
3359 3549 3456 3605 ἀνθ
3466 3551 3664 3619 ρωπό-

2076 3659 2239 3714 τητα,
2268 3641 2382 3706 ῐσος
2415 3641 2568 3695 ἐσται
2602 3642 2698 3695 καὶ
2726 3639 2870 3694 κατὰ
2897 3639 2999 3712 τὴν
3033 3639 3339 3710 ἐνέργειαν.
3366 3639 3509 3708 Φησὶ
3541 3639 3676 3710 γὰρ

2078 3736 2108 3788 6
2133 3733 2405 3805 μακάριος
2423 3732 2748 3805 Γρηγόριος,
2766 3734 2794 3786 ὁ
2821 3731 3124 3785 Νυσσαέων
3148 3732 3446 3794 ἐπίσκοπος
3465 3744 3480 3759 °
3517 3723 3668 3784 «τον

2079 3827 2114 3898 ἡ
2151 3825 2405 3897 ἐνέργεια
2451 3824 2567 3896 μία,
2600 3823 2808 3877 τούτων
2853 3823 3072 3887 πάντως
3124 3823 3222 3876 καὶ
3266 3823 3300 3893 ἡ
3349 3820 3580 3889 δύναμις
3621 3822 3680 3893 Ἰχ

2081 3919 2242 3990 αὐτή.
2269 3936 2288 3970 ι
2322 3919 2480 3971 Πᾶσα
2514 3915 2626 3987 γὰρ
2657 3915 2912 3986 ἐνέργεια
2947 3912 3235 3984 δυνάμεώς
3276 3914 3423 3966 ἐστιν
3451 3913 3671 3967 ἀποτέ-

2079 4013 2280 4084 λεσμα.
2316 4009 2604 4066 Ἀδύνατον
2634 4007 2692 4061 δὲ
2721 4006 2982 4063 ἀκτίστου
3035 3997 3132 4059 καὶ⁴
3167 4003 3394 4074 κτιστῆς
3435 4002 3674 4072 φύσεως

2085 4101 2212 4174 μίαν
2242 4101 2425 4172 φύσιν,
2449 4098 2484 4170 ἢ
2505 4098 2758 4168 δύναμιν,
2785 4096 2818 4168 ἢ
2853 4096 3137 4168 ἐνέργειαν
3159 4089 3320 4149 εἶναι.
3348 4093 3411 4147 Ei
3435 4093 3492 4147 δὲ
3523 4093 3676 4164 μίαν

2083 4192 2324 4263 Χριστοῦ
2357 4190 2456 4263 τὴν
2483 4189 2769 4260 ἐνέργειαν
2802 4187 3074 4258 ετποιμεν,
3102 4188 3169 4257 τῇ
3205 4181 3301 4238 τοῦ
3333 4184 3506 4250 Λόγου
3537 4182 3672 4236 θεό-

2083 4301 2206 4358 τητι
2234 4282 2591 4356 προσάψομεν
2614 4276 2714 4350 τῆς
2745 4278 2939 4346 νοερᾶς
2971 4273 3154 4346 ψυχῆς
3181 4273 3253 4328 τὰ
3285 4270 3452 4340 πάθη,
3487 4268 3678 4338 φόϐον

356 4374 358 4376 ’
404 4394 524 4445 nes,
588 4385 717 4449 puta
773 4383 1000 4442 metum,
1060 4381 1458 4442 mmrorem,et
1494 4373 1690 4428 mortis
1749 4387 1972 4445 angores

2087 4377 2255 4450 φημὶ,
2292 4374 2387 4429 καὶ
2423 4371 2625 4442 λύπην,
2655 4369 2752 4424 καὶ
2775 4366 3039 4436 ἀγωνίαν.

405 4473 799 4528 attribuamus.

475 4558 918 4613 Adversariorum
974 4557 1169 4612 evasio.
1207 4555 1452 4610 Auctoris
1506 4556 1786 4610 instantia.
1823 4585 1896 4600 --
1923 4554 1984 4612 Si

406 4649 646 4706 dixerint
669 4649 736 4715 ³⁸,
763 4649 1018 4720 equidem
1041 4657 1272 4704 sanctos
1300 4647 1512 4713 Patres,
1544 4663 1670 4702 cum
1699 4648 1767 4703 de
1799 4645 1988 4703 Trini-

2149 4556 2214 4609 Εί
2235 4553 2292 4606 δὲ
2319 4551 2553 4620 λέγοιεν,
2583 4547 2660 4610 ὠς
2687 4543 2816 4616 περὶ
2844 4541 2945 4613 τῆς
2965 4540 3128 4610 ἁγίας
3158 4537 3388 4608 Τριάδος
3405 4533 3676 4602 διαλεγό-

2087 4665 2238 4720 μενοι
2265 4647 2315 4698 οἱ
2334 4644 2576 4714 Πατέρες
2591 4640 2640 4693 oi
2666 4637 2813 4706 ἆγιοι
2834 4634 3088 4720 ἐφασανῌε
3108 4647 3122 4662 ·
3151 4624 3282 4682 «Ὧν
3298 4633 3331 4699 ἠ
3351 4626 3669 4720 οὐσίαᾼμία,

405 4746 518 4796 tate
546 4717 912 4813 disputarem,
935 4741 1037 4796 hoc
1069 4739 1437 4802 adstruxisse,
1480 4757 1498 4791 ι
1519 4754 1752 4809 quorum
1786 4754 1895 4794 una
1920 4741 1972 4796 si‘

2081 4717 2288 4794 τούτων
2311 4735 2406 4790 καὶ
2427 4736 2461 4805 ή
2485 4731 2738 4802 ἐνέργεια
2767 4727 2886 4797 μία,
2911 4725 3008 4779 καὶ
3027 4717 3100 4778 ὧν
3121 4721 3376 4813 διάφορος
3409 4719 3441 4788 ἡ
3469 4717 3674 4813 οὐσία,

408 4834 670 4895 essentia,
703 4847 892 4888 eorum
913 4839 968 4886 et
995 4845 1160 4886 unam
1188 4830 1458 4884 actionem
1483 4845 1605 4885 esse
1632 4845 1646 4882 :
1670 4837 1726 4885 et
1753 4845 1989 4901 quorum

409 4921 602 4992 dispar
633 4925 705 4978 sit
752 4923 1017 4988 essentia,
1055 4923 1250 4976 horum
1307 4936 1529 4992 quoque
1557 4921 1830 4992 disparem
1857 4940 1984 4980 esse

407 5015 677 5071 actionem
703 5032 719 5082 ;
745 5034 762 5066 ›
791 5015 884 5071 sed
924 5031 1034 5070 non
1063 5030 1280 5084 :equum
1316 5029 1458 5080 esse,
1488 5023 1547 5068 ut
1573 5030 1635 5068 ea
1659 5031 1780 5085 qua:
1807 5015 1875 5072 de
1903 5017 1986 5072 di-

406 5107 636 5162 vinitate
659 5106 940 5168 dicuntur,
959 5107 1025 5160 ad
1049 5104 1487 5162 incarnationem
1511 5105 1974 5176 detorqueamus;

2083 4827 2290 4881 τούτων
2319 4823 2576 4892 διάφορος
2619 4818 2716 4872 καὶ
2761 4818 2794 4886 ἡ
2834 4815 3102 4886 ἐνέργεια,
3138 4829 3158 4863 ι
3202 4809 3295 4864 καὶ
3335 4807 3410 4871 ὼς
3456 4805 3518 4858 οὗ
3549 4807 3672 4878 χρὴ

2085 4919 2156 4973 τὰ
2203 4919 2305 4986 τῆς
2359 4913 2642 4982 θεολογίας
2692 4909 2784 4962 ἐπὶ
2835 4908 2934 4976 τὴν
2989 4901 3304 4972 οἰκονομίαν
3358 4896 3622 4969 μετάγειν
3649 4937 3672 4960 ,

2092 5009 2348 5082 ἐροῦμεν,
2390 5007 2440 5059 εἰ
2491 5003 2584 5056 ἐπὶ
2617 5002 2716 5071 τῆς
2750 4997 3028 5066 θεολογίας
3078 4993 3240 5065 μόνον
3287 4991 3502 5061 εἴρηται
3542 4990 3673 5053 τοῖς

2092 5102 2361 5174 Πατράσι,
2394 5097 2492 5153 καὶ
2518 5096 2623 5150 οὐκ
2655 5094 2770 5147 ἐστι
2804 5093 2900 5145 καὶ
2932 5087 3070 5162 μετὰ
3097 5087 3196 5156 τὴν
3251 5084 3525 5156 σάρκωσιν
3556 5082 3676 5150 τῆς

477 5259 523 5293 ⁸¹
550 5260 744 5316 Matth.
770 5275 908 5325 vm,‘
946 5259 1000 5315 '5.
1096 5257 1318 5314 "toan.
1347 5274 1423 5326 vi,
1461 5257 1547 5311 ll.
1624 5257 1669 5290 ³⁸
1696 5257 1912 5313 Videsis
1960 5257 2063 5313 PP.
2103 5229 2225 5312 loca
2258 5263 2365 5310 act.
2396 5251 2464 5310 10
2515 5258 2683 5308 sextae
2735 5245 2932 5320 synodi
3025 5243 3070 5276 ⁸³
3113 5241 3267 5298 Orat.
3296 5239 3365 5294 de
3382 5247 3576 5294 natura
3606 5245 3680 5292 et

407 5327 539 5401 hyp.
581 5333 679 5387 Est
705 5331 870 5386 etiam
906 5331 1049 5386 inter
1101 5327 1270 5386 Basil.
1303 5329 1394 5384 45.
1474 5328 1520 5360 ³⁸
1551 5327 1692 5382 Max.
1727 5329 1872 5382 Dial.
1903 5345 2022 5382 cum
2050 5327 2283 5399 Pyrrho.

1702 5466 1937 5524 VARIE
1980 5455 2387 5524 LECTIONES.

479 5579 668 5655 dCod.
703 5581 760 5636 S.
783 5582 894 5638 Hi1.
919 5580 1224 5655 exemend.
1242 5578 1646 5655 καὶ-διάφορος.
1729 5582 1892 5655 ech.
1923 5581 1978 5650 Ξ,
2016 5579 2170 5637 Colb.
2200 5579 2225 5635 1
2269 5559 2578 5648 θεοφόρους.
2637 5571 2706 5629 Ν.
2735 5569 2918 5643 ἁγίας.
2997 5562 3018 5606 ί
3053 5561 3196 5621 Edit.
3222 5557 3312 5614 hic
3360 5560 3416 5612 et
3467 5549 3622 5608 infra
3648 5565 3674 5610 ι

409 5653 528 5706 κατ’
555 5649 858 5721 ἐνέργειαν.
935 5662 960 5701 κ
985 5651 1205 5723 ἔρησαν.
1241 5649 1307 5708 R.
1342 5653 1365 5706 1
1391 5649 1658 5719 ἔφθασαν.
