3950 6304
195 334 339 402 1053

1226 340 1324 400 DE
1364 341 1540 399 FIDE
1583 341 2045 405 ORTHODOXA
2086 349 2230 409 LIB.
2284 347 2399 409 III.

3301 345 3441 415 1054

190 448 475 519 ἐνεργείας
528 449 557 503 ὁ
588 449 718 514 Υίδς
748 450 827 520 τῷ
879 450 1056 521 Πατρὶ
1103 453 1203 522 τῆς
1237 453 1452 522 αὐτῆς,
1503 452 1627 506 οὐδέ
1676 454 1777 524 τῆς

1898 459 1964 513 iis
1992 459 2065 511 ita
2094 462 2575 529 respondebimus:
2608 460 2665 516 Si
2697 460 2763 515 de
2807 459 3093 515 divinitate
3121 460 3298 516 solum
3332 463 3438 520 hoc

188 542 359 611 αὐτῆς
400 540 553 594 ἔσται
605 541 816 604 οὐσίας.
873 542 992 594 Τίνι
1044 542 1101 594 δὲ
1139 542 1522 613 ἀπονεμοῦμεν
1556 544 1647 596 τόο
1700 546 1765 596 '0

188 631 395 699 Πατήρ
420 650 538 700 μου
580 632 691 698 ἕως
722 632 852 701 ἄρτι
896 631 1215 702 ἐργάζεται,
1242 634 1404 701 κάγὼ
1435 634 1765 703 ἐργάζομαι,

189 724 318 776 καίο
354 726 420 777 Ἃ
466 724 543 776 ἂν
565 724 787 788 βλέπει
824 724 931 778 τὸν
966 726 1195 792 Πατέρα
1234 725 1554 790 ποιοῦντα,
1582 726 1768 780 ταῦτα

191 814 291 867 καὶ
340 819 373 868 ὀ
430 815 559 881 Υἱὸς
612 818 828 884 ὁμοίως
873 818 1049 879 ποιεῖ,
1091 816 1216 870 καί⁵
1271 820 1339 871 El
1392 818 1521 886 ἐμοὶ
1563 820 1634 871 οὐ
1670 833 1768 870 πι-

191 908 438 959 στεύετε
465 946 479 970 ,
523 906 645 972 τοῖς
684 908 881 976 ἔργοις
925 924 1045 976 μου
1079 908 1479 972 πιστεύσατε,
1526 907 1619 961 καί
1641 922 1657 938 °
1694 908 1770 962 Τὰ

191 998 369 1063 ἔργα,
414 997 454 1050 ἁ
506 998 621 1066 ἐγω
670 998 839 1063 ποιῶ,
890 998 1190 1068 μαρτυρεῖ
1243 999 1377 1066 περὶ
1423 1000 1590 1068 ἐμοῦ,
1633 1000 1767 1052 καίο

197 1089 426 1155 Ὥσπερ
454 1092 487 1141 ὁ
537 1088 740 1155 Πατὴρ
774 1090 985 1157 ἐγείρει
1013 1090 1155 1156 τοὺς
1207 1091 1458 1157 νεκροὺς
1497 1093 1599 1143 καὶ
1635 1090 1771 1151 ζωο-

196 1180 371 1243 ποιεῖ,
396 1181 548 1234 οὕτω
574 1182 671 1233 καὶ
703 1184 735 1234 ὀ
771 1180 924 1247 Υἱός,
943 1182 1048 1247 οὓς
1077 1181 1235 1236 θέλει
1266 1180 1556 1245 ζωοποιεῖ;
1586 1182 1772 1236 Ταῦτα

197 1270 307 1338 γὰρ
337 1270 514 1323 πάντα
548 1271 609 1322 οὑ
662 1270 821 1339 μόνον
861 1271 1146 1341 ὁμοούσιον
1180 1271 1275 1325 καὶ
1307 1274 1444 1342 μετά
1496 1274 1771 1343 σάρκωσιν

197 1361 277 1430 τῷ
304 1362 481 1432 Πατρὶ
502 1362 779 1416 δείκνυσιν
799 1363 983 1428 αὐτὸν,
1017 1362 1153 1417 ἀλλά
1174 1365 1271 1418 καὶ
1297 1364 1397 1436 τῆς
1428 1364 1601 1435 αὐτῆς
1624 1366 1774 1436 ἐνερ-

200 1452 380 1521 γείας.

274 1716 384 1771 Καὶ
410 1716 605 1771 πάλιν·
626 1717 674 1769 εί
728 1717 761 1787 ἡ
813 1716 941 1787 περὶ
988 1715 1059 1769 τὰ
1092 1715 1221 1769 ὄντα
1256 1715 1485 1787 πρόνοια
1514 1717 1575 1770 οὐ
1611 1718 1773 1787 μόνον

1872 565 1900 601 a
1942 550 2200 606 Patribus
2227 553 2434 607 dictum
2463 563 2569 621 est,
2605 568 2668 607 ac
2689 568 2796 606 non
2826 553 2989 607 etiam
3023 559 3145 622 post
3179 554 3440 609 incarna—

1868 640 2068 693 tionem
2089 639 2260 696 Filius
2277 644 2522 698 eamdem
2543 659 2706 713 quam
2730 642 2889 696 Pater
2906 642 3171 697 actionem
3195 643 3438 710 habet",

1868 728 2111 797 profecto
2142 745 2242 784 nec
2268 731 2513 799 ejusdem
2536 749 2659 785 cum
2691 748 2754 786 eo
2776 733 3097 786 substantiae
3123 733 3243 787 erit.
3266 734 3331 786 At
3353 736 3439 787 cui

1868 822 2085 874 tandem
2114 822 2245 875 illud
2275 823 2720 891 assignabimus:
2752 823 2913 876 Pater
2937 840 3077 876 meus
3106 841 3265 892 usque
3288 827 3441 877 modo

1868 922 2135 980 operatur,
2168 924 2217 967 et
2255 930 2346 983 ego
2370 930 2556 981 operor
2572 915 2637 976 ³³,
2661 923 2716 969 et
2756 933 2769 966 :
2797 914 2925 978 Qua:
2949 915 3081 966 ridet
3111 914 3326 968 Patrem
3355 917 3443 985 fa-

1870 1006 2110 1069 cientem,
2145 1005 2256 1058 Itwc
2298 1016 2347 1060 et
2380 1005 2557 1061 Filius
2589 1008 2834 1059 similiter
2855 1007 2983 1069 facit
3002 1008 3070 1071 ³⁹,
3114 1019 3204 1061 et:
3238 1009 3297 1062 Si
3344 1011 3443 1061 mi-

1870 1095 1925 1146 hi
1955 1112 2058 1148 non
2089 1096 2327 1163 creditis,
2364 1097 2607 1166 operibus
2638 1098 2795 1167 233
2836 1099 2962 1150 meis
2992 1098 3186 1150 credite
3227 1099 3293 1162 ⁸ο,
3337 1111 3389 1153 et
3425 1119 3440 1155 :

1879 1183 2054 1253 Opera
2076 1203 2193 1255 qua:
2221 1204 2312 1257 ego
2353 1188 2493 1255 facio
2524 1190 2642 1257 ipsa
2700 1191 3057 1242 testimonium
3087 1189 3350 1256 perhibent
3382 1190 3446 1243 de

1874 1292 1952 1329 me
1977 1279 2043 1341 “,
2082 1288 2135 1331 et
2165 1298 2176 1332 :
2204 1278 2351 1332 Sicut
2382 1280 2546 1333 Pater
2583 1281 2805 1333 suscitat
2838 1290 3075 1334 mortuos
3101 1289 3149 1332 et
3177 1281 3400 1347 viviﬁcat
3426 1295 3446 1331 :

1871 1365 1949 1418 ita
1982 1375 2033 1418 et
2064 1365 2240 1421 Filius
2272 1384 2398 1438 quos
2430 1370 2558 1435 vult,
2586 1370 2813 1437 viviﬁcat
2835 1370 2919 1422 "‘l
2948 1368 3071 1423 Haec
3100 1371 3241 1423 enim
3264 1370 3446 1421 omnia

1874 1470 1983 1509 non
2035 1457 2193 1510 modo
2242 1473 2390 1523 eum,
2423 1458 2585 1512 etiam
2635 1468 2759 1527 post
2792 1459 3249 1521 incarnationem,
3296 1455 3444 1511 Patri

1874 1547 2394 1603 consubstantialem
2429 1564 2550 1604 esse
2605 1550 2919 1616 ostendunt,
2968 1548 3063 1603 sed
3094 1557 3148 1602 et
3197 1546 3446 1602 eamdem

1876 1653 1998 1691 cum
2027 1639 2120 1691 illo
2146 1641 2424 1694 actionem
2464 1655 2705 1696 servare.

1947 1730 2024 1782 Ac
2058 1744 2274 1791 rursus,
2323 1731 2367 1785 si
2417 1732 2759 1800 providentia
2810 1733 2977 1786 totius
3028 1732 3298 1794 universi,
3338 1745 3446 1784 non

205 1810 422 1880 Πατρὸς
467 1809 563 1862 καὶ
620 1808 775 1876 ἁγίου
810 1807 1148 1875 Πνεῦματος,
1184 1806 1321 1861 ἀλλά
1362 1808 1458 1861 καὶ
1498 1809 1592 1862 τοῦ
1644 1809 1778 1862 Υίοῦ

1895 1819 2056 1874 solum
2092 1820 2159 1873 ad
2214 1820 2428 1875 Patrem
2462 1832 2512 1877 et
2546 1821 2808 1891 Spiritum
2844 1834 3118 1887 sanctum,
3156 1823 3251 1877 sed
3282 1824 3446 1877 etiam

209 1900 326 1951 ἐστὶ
360 1899 452 1951 καὶ
508 1896 646 1969 μετά
692 1896 789 1968 τὴν
839 1897 1149 1965 σάρκωσιν,
1191 1896 1443 1967 ἐνέργεια
1507 1896 1566 1948 δέ
1618 1895 1778 1950 τοῦτό

209 1991 388 2043 ἐστιν’
422 1990 531 2061 ἄρα
556 1991 649 2043 καὶ
678 1990 815 2060 μετά
845 1988 944 2059 τὴν
993 1990 1270 2060 σάρκωσιν
1298 1990 1397 2060 τῆς
1427 1987 1599 2058 αὐτῆς
1630 1988 1778 2042 ἐστιν

210 2082 491 2153 ἐνεργείας
518 2082 597 2151 τῷ
628 2081 824 2152 Πατρί.

282 2177 347 2229 Εἰ
372 2177 427 2229 δὲ
457 2178 520 2229 ἐκ
545 2176 652 2228 τῶν
680 2174 976 2245 θαυμάτων
1006 2174 1106 2244 τῆς
1135 2174 1305 2244 αὐτῆς
1335 2172 1523 2235 οὐσίας
1547 2172 1677 2226 ὄντα
1700 2172 1780 2243 τῷ

209 2268 389 2337 Πατρῖ⁵
413 2267 502 2319 τὸν
531 2267 762 2338 Χριστὸν
790 2266 1055 2336 ἔγνωμεν,
1073 2266 1325 2335 ἐνέργεια
1343 2264 1398 2317 δὲ
1411 2262 1545 2317 Θεοῦ
1574 2264 1780 2333 τυγχά-

210 2376 297 2415 νει
316 2360 384 2412 τὰ
404 2358 677 2430 θαύματα,
706 2360 814 2430 ἄρα
835 2357 971 2429 μετά
1003 2357 1278 2426 σάρκωσιν
1306 2356 1405 2425 τῆς
1429 2355 1600 2426 αὐτῆς
1626 2358 1780 2425 ἐνερ-

211 2452 368 2520 γείας
398 2451 515 2505 ἐστὶ
540 2450 617 2521 τῷ
650 2449 845 2521 Πατρί.
1238 2513 1252 2533 ⁸

284 2542 349 2595 Εἰ
378 2542 434 2594 δὲ
457 2541 553 2611 μία
615 2539 867 2611 ἐνέργεια
914 2539 1014 2609 τῆς
1064 2537 1318 2608 θεότητος
1357 2536 1521 2591 αὐτοῦ
1552 2536 1648 2589 καὶ
1683 2535 1783 2605 τῆς

214 2631 419 2702 σαρκὸς
440 2630 625 2697 αὑτοῦ,
654 2630 906 2693 σύνθετος
932 2629 1106 2693 ἔσται,
1146 2629 1238 2682 καὶ
1262 2627 1436 2691 ἐσται,
1466 2628 1500 2697 ἢ
1532 2627 1723 2697 ἐτέρας
1751 2628 1782 2667 h

213 2725 496 2794 ἐνεργείας
538 2724 687 2794 παρά
742 2722 835 2777 τὸν
899 2722 1141 2792 Πατέρα,
1171 2720 1206 2791 ἢ
1242 2720 1335 2774 καὶ⁸
1367 2721 1395 2772 ὁ
1435 2719 1624 2789 Πατὴρ
1655 2736 1783 2773 συν-

217 2815 377 2869 θέτου
404 2815 683 2885 ἐνεργείας
738 2814 911 2867 ἔσται.
964 2814 1027 2866 Ei
1080 2812 1138 2866 δὲ
1174 2810 1428 2865 συνθέτου
1483 2810 1783 2881 ἐνεργείας,

216 2906 377 2979 δῆλον
406 2907 487 2960 ὅτι
511 2908 605 2961 καὶ
632 2904 870 2975 φύσεως.

287 2998 351 3050 Ei
382 2995 438 3048 δὲ
458 2997 684 3061 εἴποιεν,
717 2997 799 3048 ὅτι
849 2996 915 3065 τῇ
952 2992 1201 3065 ἐνεργείᾳ
1246 2992 1535 3064 πρόσωπον
1574 3009 1786 3047 συνεισ-

216 3087 430 3155 άγεται,
457 3085 807 3157 ἐροῦμεν,ὂτι
842 3086 972 3152 είτῇ
995 3083 1247 3156 ἐνεργεία
1263 3084 1552 3155 πρόσωπον
1577 3102 1787 3138 συνεισ-

1885 1907 1951 1961 ad
2004 1906 2224 1974 Filium,
2276 1925 2491 1964 necnon
2551 1919 2674 1980 post
2734 1912 3166 1966 incarnationem
3212 1919 3444 1980 spectat,

1884 1997 2128 2067 profecto
2154 2016 2276 2055 cum
2320 2001 2436 2070 ipsa
2471 2001 2544 2055 sit
2569 2003 2733 2066 actio,
2769 2004 3019 2072 sequitur
3048 2017 3171 2056 eum
3202 2002 3448 2056 eamdem

1885 2100 2009 2140 cum
2040 2085 2203 2141 Patre
2241 2089 2513 2144 actionem
2547 2089 2767 2143 habere.

1956 2176 2110 2242 Quod
2145 2177 2191 2232 si
2234 2195 2301 2234 ex
2349 2178 2511 2235 editis
2559 2180 2842 2234 miraculis
2873 2178 3152 2234 Christum
3203 2177 3450 2249 ejusdem

1885 2282 2009 2322 cum
2066 2267 2229 2325 Patre
2275 2271 2528 2325 essentia:
2583 2286 2708 2326 esse
2757 2271 3152 2340 comperimus,
3190 2269 3282 2323 Dei
3324 2281 3452 2322 vero

1887 2360 2131 2414 actiones
2184 2362 2446 2415 miracula
2482 2370 2643 2428 sunt,
2682 2369 2898 2429 oportet
2929 2370 2987 2414 ut
3018 2361 3181 2414 etiam
3216 2366 3340 2428 post
3367 2358 3455 2411 in-

1887 2451 2260 2507 carnationem
2291 2453 2536 2522 ejusdem
2566 2468 2689 2507 cum
2722 2451 2882 2505 Patre
2911 2451 3144 2504 actionis
3172 2451 3265 2506 sit.

1957 2542 2113 2607 Quod
2142 2543 2185 2599 si
2226 2559 2332 2598 una
2360 2544 2668 2599 divinitatis
2693 2554 2748 2598 et
2769 2543 2955 2598 carnis
2987 2543 3160 2612 ipsius
3183 2544 3325 2596 actio
3347 2548 3454 2603 est.

1888 2634 2003 2688 haec
2036 2636 2337 2704 composita
2372 2637 2498 2702 erit,
2550 2645 2716 2705 atque
2772 2636 2865 2698 ita,
2912 2642 3006 2689 aut
3051 2634 3325 2688 diversam
3369 2631 3460 2686 ille

1890 2740 1921 2779 a
1951 2724 2111 2780 Patre
2144 2726 2412 2781 actionem
2449 2727 2692 2790 habebit,
2745 2735 2838 2780 aut
2868 2727 3034 2780 etiam
3086 2724 3266 2779 Patris
3314 2722 3460 2778 actio

1890 2815 2193 2884 composita
2234 2817 2357 2870 erit.
2406 2815 2464 2870 Si
2499 2816 2802 2886 composita
2851 2815 3026 2885 ipsius
3072 2815 3215 2869 actio
3266 2810 3456 2877 fuerit,

1892 2920 2025 2961 sane
2045 2913 2101 2959 et
2134 2914 2354 2962 natura.

1963 2994 2089 3049 Non
2119 2996 2306 3065 inferri
2328 3011 2392 3050 ea;
2417 2997 2625 3051 actione
2652 3012 2953 3065 personam,
2990 2995 3069 3049 vel
3106 2993 3362 3048 vicissim.
3390 3020 3461 3030 —

1892 3086 2046 3151 Quod
2084 3087 2130 3141 si
2162 3088 2496 3143 contendant
2523 3103 2631 3142 una
2657 3103 2781 3143 cum
2812 3087 3029 3141 actione
3055 3098 3345 3156 personam
3381 3083 3464 3135 in-

218 3180 434 3248 ἀγεται,
474 3178 617 3231 κατά
644 3178 743 3248 τὴν
777 3176 997 3244 εὕλογον
1022 3175 1381 3247 ἀντιστροφὴν
1406 3177 1500 3229 καὶ
1528 3176 1605 3247 τῷ
1626 3194 1782 3247 προσ-

1895 3176 2039 3241 duci,
2092 3184 2205 3231 tum
2265 3178 2664 3248 subjungamus
2689 3178 2777 3233 υς
2814 3176 2870 3231 Si
2917 3192 3024 3231 una
3073 3190 3197 3230 cum
3249 3174 3465 3228 actione

217 3270 353 3339 ώπῳ
383 3270 633 3341 ἐνέργεια
666 3268 1182 3338 συνεισαχθήσεταιο
1216 3268 1315 3322 καὶ
1359 3266 1574 3321 ἔσονται
1603 3266 1782 3337 ὥσπερ

1895 3282 2119 3336 persona
2165 3268 2467 3335 inducitur,
2518 3278 2950 3326 consentaneum
2983 3269 3226 3323 vicissim
3257 3272 3366 3327 est,
3396 3271 3458 3318 ut

215 3362 347 3428 τρία
371 3362 660 3433 πρόσωπα,
682 3360 804 3431 ἦτοι
838 3360 1185 3422 ὑποστάσεις,
1219 3359 1318 3428 τῆς
1348 3357 1509 3426 ἁγίας
1542 3357 1791 3427 Τριὰδος,

217 3448 477 3505 οὕτωκαὶ
508 3451 656 3519 τρεῖς
705 3448 1001 3521 ἐνέργειαι,
1054 3447 1088 3519 ἢ
1140 3447 1330 3516 ὥσπερ
1372 3445 1470 3517 μία
1518 3445 1790 3515 ἐνέργεια,

1888 3365 1943 3411 et
1978 3373 2085 3412 una
2121 3375 2245 3413 cum
2277 3375 2511 3429 persona
2556 3362 2700 3416 actio
2728 3360 3020 3415 inferatur.
3052 3360 3229 3428 Atque
3255 3357 3328 3410 ita
3351 3356 3461 3417 lict,

1889 3455 1948 3500 ut
1978 3448 2123 3503 sicut
2153 3455 2268 3504 tres
2302 3457 2431 3504 sunt
2462 3465 2728 3519 personae,
2762 3450 2878 3505 sive
2909 3458 3021 3502 tres
3047 3456 3255 3502 sancta:
3283 3443 3467 3498 Trini-

216 3541 362 3596 οὕτω
399 3540 456 3593 ἓν
492 3540 785 3610 πρόσωπον
831 3540 928 3592 καὶ
968 3539 1066 3609 μία
1120 3537 1437 3600 ὑπόστασις.
1478 3536 1540 3588 Οί
1564 3535 1620 3588 δὲ
1646 3535 1782 3603 ἅγιοι

1895 3540 2017 3595 latis
2043 3539 2385 3610 bypostases,
2413 3541 2495 3596 sic
2521 3548 2635 3596 tres
2661 3554 2880 3610 quoque
2910 3539 3158 3592 actiones
3183 3537 3294 3592 sint
3324 3553 3339 3591 :
3372 3543 3467 3588 aut

218 3633 463 3703 Πατέρες
494 3632 800 3701 συμφώνως
829 3632 1108 3702 εἰρήκασι,
1137 3628 1207 3683 τά
1242 3630 1344 3699 τῆς
1378 3627 1549 3697 αὐτῆς
1581 3625 1791 3692 οὐσίας,

217 3727 315 3779 καὶ
336 3725 438 3796 τῆς
475 3724 647 3793 αὐτῆς
678 3717 818 3776 εἶναι
845 3720 1144 3794 ἐνεργείας.

1888 3639 2110 3694 contra,
2139 3629 2604 3699 quemadmodum
2635 3643 2743 3683 una
2775 3636 2862 3684 est
2890 3628 3055 3692 actio,
3095 3628 3170 3682 ita
3193 3639 3301 3679 una
3328 3638 3466 3693 quo-

1892 3734 2001 3791 que
2030 3734 2286 3790 persona,
2308 3729 2363 3775 et
2394 3720 2727 3791 bypostasis.
2758 3719 2920 3789 Atqui
2946 3716 3124 3774 sancti
3154 3715 3346 3771 Patres
3362 3716 3466 3770 hoc

219 3833 330 3876 una
392 3832 526 3872 voce
555 3815 883 3878 docuerunt,
930 3828 995 3869 ea
1048 3827 1169 3883 quae
1214 3809 1460 3881 ejusdem
1513 3807 1833 3866 substantia
1852 3819 2001 3878 sunt,
2029 3809 2274 3880 ejusdem
2304 3824 2525 3880 quoque
2556 3809 2789 3864 actionis
2819 3823 2963 3864 esse.

294 3909 418 3960 Ἐτι
446 3906 526 3970 δὲ,
557 3906 607 3958 εί
638 3906 704 3974 τῇ
754 3903 1007 3974 ἐνεργείᾳ
1064 3901 1358 3972 πρόσωπον
1390 3900 1793 3966 συνεισάγεται,

1962 3899 2170 3955 Deinde
2211 3914 2362 3964 vero,
2396 3899 2444 3955 si
2478 3913 2709 3969 persona
2736 3884 3010 3953 una'cum
3054 3896 3272 3951 actione
3298 3892 3469 3951 infer-

216 4002 267 4056 οί
298 4000 439 4071 μήτε
471 3996 620 4068 μίαν,
655 3997 794 4066 μήτε
816 3993 909 4047 δύο
935 3991 1171 4063 Χριστοῦ
1202 3991 1301 4054 τάς
1318 3989 1597 4061 ἐνεργείας
1617 3989 1782 4058 λέγειι

1895 3998 2007 4055 tur,
2040 3991 2136 4060 qui
2165 4005 2266 4046 nec
2292 4006 2484 4054 unam,
2523 4004 2626 4044 nec
2671 3989 2810 4044 duas
2850 3987 3054 4043 Christi
3103 3987 3353 4042 actiones
3380 3985 3468 4042 di-

219 4090 601 4152 Θεσπίσαντες,
632 4084 756 4138 οὔτε
791 4082 851 4139 ἓν
882 4083 1173 4154 πρόσωπον
1221 4080 1386 4135 αὐτοῦ
1428 4080 1633 4149 λέγειν,
1667 4077 1782 4134 οὔτε

1895 4080 2102 4137 cendas
2149 4080 2630 4151 praescripserunt,
2674 4078 2908 4148 proinde
2955 4092 3132 4147 neque
3176 4090 3468 4147 personam

216 4180 315 4235 δύο
344 4175 702 4249 προσέταξαν.

291 4270 403 4323 Καὶ
428 4267 523 4320 ἐπὶ
550 4265 648 4334 τῆς
674 4260 1186 4333 πεπυρακτωμένης
1215 4259 1272 4314 δέ
1296 4259 1589 4331 μαχαίρας,
1605 4258 1794 4332 ὥσπερ

219 4362 276 4418 αἱ
309 4358 501 4430 φύσεις
524 4355 785 4419 σώζονται
820 4351 914 4405 τοῦ
961 4369 1021 4405 τε
1058 4351 1230 4422 πυρὸς
1268 4352 1367 4405 καὶ
1402 4351 1497 4405 τοῦ
1548 4352 1788 4423 σιδήρου,

1893 4188 2087 4236 unam,
2119 4187 2298 4242 neque
2330 4172 2469 4227 duas
2497 4171 2682 4226 dicere
2703 4176 3107 4241 praeceperunt.

1960 4262 2271 4333 Exemplum
2310 4262 2514 4318 Basilio
2595 4262 2820 4331 aliisque
2891 4261 3185 4331 familiare.
3237 4289 3304 4301 —
3358 4257 3468 4313 Sed

1896 4359 1953 4407 et
2001 4354 2057 4407 in
2110 4354 2361 4407 candenti
2409 4350 2609 4423 gladio,
2644 4351 2721 4407 uti
2783 4359 2899 4404 tum
2957 4349 3122 4419 ignis,
3170 4354 3284 4401 tum
3339 4344 3469 4400 ferri

217 4417 365 4508 οῦτίο
398 4417 495 4504 καί
513 4417 926 4518 δύοήένέργειαι,
939 4443 1035 4497 uati
1048 4441 1117 4494 τὰ
1132 4417 1337 4496 τούτων
1352 4417 1782 4513 ἀποτελέσματα.

1898 4450 2107 4497 naturas
2170 4454 2459 4498 servantur
2516 4442 2597 4507 “,
2655 4444 2732 4497 ita
2787 4451 2842 4496 et
2901 4440 3022 4495 duae
3070 4439 3357 4500 actiones,
3414 4441 3471 4490 et

222 4546 385 4613 ,εχει
420 4541 518 4612 μὲν
548 4539 677 4610 γὰρ,
727 4539 757 4590 ὁ
813 4535 912 4607 μὲν
958 4534 1175 4604 σίδηρος
1220 4532 1279 4586 τὸ
1317 4534 1606 4604 τμητικὸν,
1651 4534 1796 4588 τὸδὲ

221 4633 358 4705 πῦρ,
413 4632 474 4684 τὸ
518 4627 837 4692 καυστικὺν,
904 4626 1000 4680 καὶ
1060 4627 1094 4696 ἡ
1126 4623 1265 4695 τομὴ
1295 4624 1415 4693 μὲν,
1450 4624 1550 4691 τῆς
1582 4624 1675 4679 τοῦ
1717 4643 1799 4679 σι-

220 4728 393 4797 δήρου
438 4720 719 4793 ἐνεργείας
769 4719 916 4773 ἐστὶν
969 4716 1345 4785 ἀποτέλεσμα,
1391 4715 1424 4785 ἡ
1471 4716 1529 4769 δέ
1582 4715 1796 4781 καῦσις,

1891 4550 2080 4590 earum
2130 4533 2343 4590 eﬂecta.
2381 4534 2517 4589 Nam
2561 4542 2616 4589 et
2662 4534 2864 4588 ferrum
2928 4531 3170 4591 secandi,
3232 4536 3285 4583 et
3329 4526 3473 4595 ignis

1894 4624 2088 4678 urendi
2145 4623 2253 4676 vim
2306 4623 2538 4688 habent;
2613 4631 2673 4676 ut
2734 4621 2903 4677 sectio
2970 4620 3189 4689 quidem
3239 4615 3472 4671 actionis

1895 4712 2027 4769 ferri
2081 4727 2220 4782 opus
2271 4713 2362 4777 sit,
2418 4713 2561 4768 ustio
2624 4718 2805 4767 autem
2854 4711 2997 4780 ignis
3060 4727 3073 4764 :
3142 4723 3207 4761 ac
3272 4704 3472 4761 discri-

221 4818 329 4889 τῆς
356 4814 449 4869 τοῦ
482 4815 687 4884 πυρός’
716 4811 809 4865 καὶ
852 4808 1083 4875 σώζεται
1125 4808 1184 4861 τὺ
1226 4806 1433 4861 τούτων
1462 4808 1716 4880 διάφορον
1742 4810 1782 4862 ἐι

1900 4820 2048 4870 men,
2099 4814 2212 4859 tum
2266 4805 2323 4858 in
2373 4800 2502 4858 ferri
2538 4803 2749 4858 ardenti
2792 4801 3059 4861 sectione,
3091 4806 3205 4851 tum
3238 4798 3290 4850 in
3324 4806 3474 4850 secta

221 4914 294 4981 τῇ
324 4907 643 4978 κεκαυμένῃ
700 4906 866 4975 τομῇ,
903 4903 995 4956 καὶ
1050 4905 1108 4954 ἐν
1133 4903 1197 4972 τῇ
1228 4901 1546 4972 τετμημένῃ
1581 4901 1796 4969 καύσει,

1904 4897 2122 4952 ustione
2151 4903 2399 4951 servatur
2423 4912 2438 4961 ;
2464 4896 2679 4949 tametsi
2706 4900 2828 4964 post
2859 4888 3171 4960 hujusmodi
3197 4888 3471 4949 unionem,

224 4977 396 5053 εἶκαὶ
433 4977 627 5067 μήτεή
663 4993 858 5056 καῦσις
889 4996 988 5063 τῆς
1007 4990 1182 5062 τομῆς
1230 4990 1352 5060 δίχα
1392 4991 1631 5059 γίγνοιτο
1661 4991 1782 5061 μετέ

1904 5002 2005 5044 nec
2026 4987 2168 5042 ustio
2188 4987 2324 5042 citra
2350 4986 2642 5040 sectionem
2663 4986 2754 5048 sit,
2772 4998 2869 5037 nec
2891 4982 3063 5037 sectio
3079 4980 3197 5035 sine
3221 4977 3473 5031 ustione:

225 5090 330 5160 τὴν
378 5087 593 5150 ἕνωσιν,
638 5086 776 5156 μήτε
829 5085 863 5154 ἡ
918 5081 1061 5153 τομὴ
1110 5081 1233 5151 δίχα
1258 5081 1359 5150 τῆς
1390 5082 1667 5146 καύσεως·
1706 5084 1782 5134 κα¹

1903 5097 2003 5136 nec
2025 5080 2152 5150 quia
2190 5080 2387 5149 duplex
2417 5089 2501 5134 est
2543 5078 2808 5132 naturalis
2834 5080 2976 5131 actio
2997 5116 3012 5141 ,
3054 5074 3191 5128 duos
3253 5068 3481 5140 proinde

227 5180 354 5234 οὔτε
382 5177 470 5232 διὰ
515 5177 579 5230 τὸ
634 5174 808 5229 διττὸν
851 5173 951 5245 τῆς
1010 5173 1245 5244 φυσικῆς
1274 5172 1557 5244 ἐνεργείας
1590 5173 1684 5226 δύο
1710 5190 1810 5226 πε-

312 5356 357 5388 ³⁷
388 5354 529 5411 Max.
561 5354 704 5409 Dial.
728 5371 844 5409 cum
867 5354 1075 5428 Pyrrho
1106 5354 1241 5410 ibid.
1323 5355 1371 5387 ³⁸
1412 5351 1571 5407 Joan.
1628 5368 1684 5419 ν,
1712 5354 1799 5408 17.

232 5444 289 5485 v.
316 5426 408 5483 ‘31.
496 5426 544 5458 ’⁵⁸
565 5424 709 5481 Max.
744 5426 881 5482 ibid.
965 5426 1012 5461 “
1050 5425 1271 5480 Maxim.
1306 5423 1404 5479 lib.
1436 5424 1512 5479 De
1540 5423 1702 5477 duab.
1742 5441 1798 5479 vo

272 5470 289 5497 ’
324 5462 408 5483 Α..

1898 5172 2196 5229 candentes
2223 5170 2433 5241 gladios
2464 5168 2700 5223 dicimus
2730 5185 2744 5234 ;
2784 5182 2884 5223 nec
2910 5181 3125 5230 rursus,
3162 5163 3291 5233 quia
3335 5175 3478 5215 unus

1898 5353 1942 5387 '9
1973 5354 2109 5410 ibid.
2146 5354 2233 5409 19.
2311 5352 2356 5385 ιο
2377 5351 2538 5406 Joan.
2571 5367 2621 5417 ν,
2651 5349 2741 5403 21.
2829 5346 2871 5378 ⁵³
2898 5342 3031 5399 ibid.
3058 5340 3149 5396 25.
3244 5340 3289 5372 “
3314 5335 3478 5393 Joan.

496 5426 544 5458 "
565 5424 709 5481 Max.
744 5426 881 5482 ibid.
916 5420 938 5428 ⁷
965 5426 1012 5461 ⁸⁵
1050 5425 1271 5480 Maxim.
1306 5423 1404 5479 lib.
1436 5424 1512 5479 De
1540 5423 1702 5477 duab.
1742 5423 1843 5479 vol.
1890 5431 1943 5479 et
1973 5424 2123 5480 Dial.
2161 5440 2280 5478 cum
2316 5420 2544 5494 Pyrrho.

1542 5575 1775 5631 VARIIE
1808 5575 2213 5634 LECTIONES.

307 5713 339 5759 ³
362 5711 502 5772 Cod.
528 5712 587 5770 S.
624 5712 738 5772 ΗΠ.
770 5712 839 5770 Β.
872 5711 899 5768 1
937 5719 992 5768 et
1023 5709 1093 5765 Μ.
1142 5711 1236 5765 καὶ
1289 5707 1508 5779 ἐτέρας.
