3950 6304
391 240 532 312 1055

1572 247 1635 309 S.
1672 246 1993 308 JOANNIS
2020 249 2452 311 DAMASCENI

3519 248 3674 316 1056

385 364 658 420 duntaxat
695 360 954 419 incensus
1003 367 1091 418 est
1140 358 1380 431 gladius,
1434 357 1504 414 ob
1557 373 1680 415 eam
1737 373 1965 414 causam

2076 361 2511 431 πυρακτωμένας
2544 361 2819 431 μαχαίρας
2876 361 3075 432 φαμὲν,
3116 362 3237 416 οὕτε
3265 362 3356 417 διὰ
3386 361 3448 416 τὺ
3497 381 3680 434 μονα-

386 453 803 512 substantialem
834 453 1032 508 horum
1077 451 1491 509 distinctionem
1541 451 1962 506 confundimus.

387 544 590 600 Eodem
625 544 788 598 modo
811 543 867 599 in
901 544 1122 601 Christo
1155 559 1376 615 quoque
1405 543 1720 599 divinitatis
1745 543 1967 614 quidem

387 635 582 703 ipsius,
619 635 802 690 divina
821 643 875 691 et
904 637 1250 706 omnipotens
1278 636 1524 706 operatio
1549 642 1635 690 est
1665 653 1678 688 :
1712 634 1970 688 humani-

387 727 515 781 tatis
587 735 771 782 autem
833 727 1030 797 ipsius,
1088 729 1326 781 humana
1376 733 1431 780 et
1479 735 1683 780 nostra:
1747 723 1966 779 similis.

389 815 652 872 Humana;
695 833 858 886 porro
909 819 1141 872 actionis
1175 832 1317 887 opus
1347 816 1403 871 id
1449 815 1571 881 fuit,
1617 815 1769 884 quod
1803 830 1970 870 manu

385 907 624 977 puellam
676 909 916 964 tenuerit
963 920 1125 978 atque
1171 908 1398 963 traxerit
1435 907 1518 972 1’⁸;
1554 907 1749 962 divinae
1779 915 1963 960 autem

387 1000 535 1069 quod
583 1015 704 1056 eam
761 1001 829 1056 ad
879 1003 1042 1055 vitam
1094 1001 1435 1055 revocaverit
1482 1000 1551 1054 “.
1607 999 1766 1053 Aliud
1819 997 1968 1058 enim

386 1089 514 1156 hoc,
539 1096 596 1144 et
631 1090 778 1144 aliud
805 1090 940 1145 illud
972 1099 1093 1153 est;
1128 1090 1346 1144 tametsi
1377 1091 1433 1142 in
1462 1087 1834 1146 Theandrica,
1869 1099 1968 1140 seu

387 1179 446 1234 in
479 1179 576 1234 Dei
605 1181 768 1235 simul
799 1190 853 1237 et
878 1182 1118 1236 hoininis
1143 1180 1362 1235 actione
1393 1189 1671 1248 nequeant
1699 1175 1965 1246 disjungi.

391 1272 546 1338 Quod
577 1271 647 1336 si,
679 1273 806 1343 quia
837 1287 945 1327 una
977 1272 1194 1328 Domini
1225 1285 1462 1342 persona
1493 1269 1610 1324 sive
1650 1266 1968 1339 hypostasis

389 1368 495 1428 est,
522 1378 626 1418 una
644 1379 862 1436 quoque
884 1363 1134 1434 operatio
1158 1361 1343 1416 futura
1363 1367 1487 1425 est;
1510 1359 1759 1429 profecto
1780 1358 1966 1424 etiam,

391 1453 614 1522 eoquod
633 1470 740 1508 una
761 1469 993 1525 persona
1013 1456 1105 1520 sit,
1125 1470 1234 1510 una
1247 1470 1468 1525 quoque
1492 1454 1803 1510 substantia
1824 1451 1950 1507 erit.

2069 452 2217 504 δικὸν
2239 453 2340 522 τῆς
2373 453 2886 522 πεπυρακτωμένης
2925 454 3223 523 μαχαίρας,
3263 455 3532 525 σύγχυσιν
3558 456 3674 525 τῆς

2067 538 2363 603 οὑσιώδους
2421 541 2602 594 αὑτῶν
2645 541 2909 612 διαφορᾶς
2943 543 3315 614 ἐργαζόμεθα.
3363 547 3524 598 υὺτω
3565 546 3673 600 καί

2068 631 2128 684 ὲν
2162 629 2241 700 τῷ
2266 631 2508 702 Χριστῷ,
2544 631 2644 701 τῆς
2678 632 2779 702 μὲν
2834 632 3090 702 θεότητος
3118 633 3310 698 αὑτοῦ,
3339 636 3374 705 ὴ
3403 635 3523 688 θεία
3563 636 3673 688 καὶ

2068 719 2478 790 παντοδύναμος
2500 722 2771 792 ἐνέργεια,
2788 723 2886 792 τῆς
2905 723 2962 774 δὲ
2989 722 3412 794 ἀνθρωπότητος
3467 723 3666 787 αὑτοῦ,

2070 811 2104 880 ἠ
2141 812 2264 864 καθ’
2286 813 2455 881 ἡμᾶς.
2482 813 2857 884 Ἀποτέλεσμα
2883 814 2942 866 δὲ
2958 815 3054 885 τῆς
3077 816 3176 885 μὲν
3197 815 3569 887 ἀνθρωπίνης,
3593 816 3666 868 τὸ

2070 903 2407 973 κρατηθῆναι
2426 903 2523 973 τὴν
2546 907 2702 976 χεῖρα
2736 904 2829 957 τοῦ
2849 905 3039 968 παιδὸς
3062 908 3152 959 καὶ
3177 906 3525 976 ἑλκυσθῆναι,
3557 907 3665 975 τῆς

2077 994 2135 1048 δὲ
2161 994 2334 1059 Θείας,
2364 997 2397 1066 ὴ
2423 995 2946 1066 ζωοποίησις.¹⁹Αλλο
2967 999 3077 1070 γὰρ
3097 999 3514 1062 τοῦτο,κάκεῖνο
3535 999 3664 1050 ἓτε-

2069 1102 2182 1156 ρον,
2231 1087 2280 1137 εί
2340 1088 2432 1139 καὶ⁸
2485 1086 2733 1158 ἀλλήλων
2782 1088 3079 1160 ἀχώριστοι
3129 1090 3468 1161 ὑπάρχουσιν
3503 1090 3659 1158 ὲντῇ

2068 1173 2355 1246 θεανδρικῇ
2380 1177 2651 1248 ἐνεργείᾳ.
2691 1179 2751 1230 Εἰ
2780 1179 2837 1231 δὲ
2875 1180 2965 1232 διὰ
3002 1180 3064 1233 τὸ
3100 1181 3228 1251 μίαν
3255 1177 3396 1234 εἶναι
3429 1179 3531 1250 τὴν
3562 1178 3663 1232 τοῦ

2068 1267 2278 1339 Κυρίου
2329 1268 2646 1335 ὑπόστασιν,
2707 1271 2804 1341 μία
2857 1272 3012 1325 ἐσται
3051 1273 3146 1344 καὶ
3189 1275 3222 1343 ἡ
3257 1273 3531 1344 ἐνέργεια,
3564 1271 3664 1326 διὰ

2067 1357 2168 1428 τὴν
2198 1359 2326 1428 μίαν
2363 1363 2690 1429 ὑπόστασιν,
2728 1363 2828 1432 μία
2849 1364 3006 1418 ἔσται
3035 1365 3130 1419 καὶ
3161 1366 3195 1436 ἠ
3225 1365 3400 1419 οὐσία.

470 1501 614 1522 ς.---
635 1501 740 1508 ---—
761 1501 993 1525 ,ιν---η-
1013 1501 1105 1520 ---.
1128 1501 1468 1525 ----η.-ν-ι-ν
1492 1501 1803 1510 ----------
1828 1501 1948 1507 ν--τ-

464 1542 628 1614 234
649 1543 714 1598 Ει
744 1560 960 1610 rursus,
987 1544 1034 1600 si
1062 1545 1434 1615 operationem
1454 1558 1620 1598 unam
1655 1542 1711 1596 in
1745 1540 1968 1595 Domino

2149 1537 2261 1590 Kal.
2283 1537 2479 1592 πάλινο
2515 1543 2563 1594 εἰ
2595 1541 2724 1612 μίαν
2769 1501 3050 1612 ἐνέργειαν
3080 1542 3172 1595 ἐπὶ
3209 1543 3302 1596 τοῦ
3335 1546 3543 1612 Κυρίου
3578 1546 3671 1599 ει-

393 1633 642 1691 dicamus
667 1675 682 1700 ,
719 1643 815 1690 aut
849 1635 1096 1690 divinam
1147 1651 1310 1704 esse,
1360 1643 1456 1690 aut
1505 1635 1838 1698 humanam,
1874 1638 1972 1686 aut

391 1733 642 1780 neutram
678 1726 995 1782 fatebimur.
1039 1726 1096 1781 Si
1127 1726 1371 1781 divinam
1401 1726 1445 1758 "
1466 1766 1482 1791 ,
1520 1724 1689 1780 Deum
1723 1729 1974 1776 tantum-

389 1818 555 1872 modo
579 1819 758 1888 ipsum
787 1826 973 1873 nostra
997 1832 1229 1872 vacuum
1260 1817 1600 1871 humanitate
1632 1828 1967 1869 asseremus.

393 1909 453 1967 Si
484 1910 803 1975 humanam,
843 1908 1120 1963 hominem
1153 1908 1305 1962 illum
1346 1921 1544 1976 purum
1569 1904 1736 1974 impie
1760 1910 1972 1957 astrue-

388 2017 535 2058 mus.
578 1999 635 2055 Si
666 2001 901 2070 denique
938 2015 1039 2054 nec
1068 1998 1333 2062 divinam,
1377 2013 1478 2054 nec
1523 1998 1854 2059 humanam,
1899 2009 1970 2049 ne

390 2091 558 2148 Deum
583 2091 828 2162 quidem,
851 2104 953 2145 nec
984 2089 1262 2144 hominem
1283 2129 1298 2152 ,
1338 2103 1440 2144 nec
1471 2087 1642 2151 Patri,
1677 2101 1776 2141 nec
1806 2085 1969 2140 nobis

385 2197 511 2240 esse
539 2181 1066 2238 consubstantialem
1109 2188 1446 2236 statuemus.
1481 2177 1767 2248 Contingit
1818 2177 1966 2232 enim

385 2289 453 2331 ex
484 2274 688 2329 unione
721 2272 986 2328 identitas
1011 2270 1320 2326 secundum
1356 2270 1722 2340 hypostasim,
1760 2283 1864 2323 nec
1897 2266 1968 2322 ob

385 2365 444 2421 id
469 2373 654 2419 tamen
671 2369 990 2417 naturarum
1009 2361 1306 2416 discrimen
1325 2362 1598 2416 aufertur.
1619 2358 1844 2414 Servata
1871 2373 1969 2412 au-

386 2463 497 2512 tem
546 2462 873 2510 naturarum
929 2451 1314 2515 distinctione,
1370 2453 1533 2522 plane
1591 2449 1968 2506 servabuntur

383 2546 550 2604 etiam
596 2559 785 2602 earum
829 2545 1204 2614 operationes.
1253 2542 1413 2598 Nulla
1458 2543 1606 2599 enim
1654 2549 1856 2596 natura
1883 2548 1968 2598 est

385 2637 622 2692 actionis
643 2651 866 2707 expers.

455 2726 610 2783 Actio
655 2727 944 2792 naturalis,
989 2735 1198 2781 natura:
1247 2723 1406 2779 inde;
1431 2733 1484 2779 et
1519 2735 1670 2780 nota.
1701 2755 1772 2768 —-
1811 2726 1968 2780 Insu—

387 2836 488 2891 per
515 2820 582 2887 “,
620 2819 668 2875 si
692 2836 800 2875 una
834 2819 1039 2875 Christi
1074 2817 1292 2872 Domini
1329 2817 1474 2872 actio
1501 2827 1608 2882 est,
1643 2827 1738 2872 aut
1779 2826 1963 2873 creata

395 2911 514 2973 erit,
548 2918 644 2966 aut
675 2910 960 2976 lnereata;
994 2923 1176 2978 neque
1194 2908 1340 2962 enim
1373 2907 1556 2962 media
1585 2910 1692 2964 alia
1716 2910 1964 2980 operatio

389 3002 675 3072 interjecta
701 3007 806 3065 est,
842 3002 923 3056 uti
951 3015 1053 3054 nec
1087 3007 1308 3054 natura.
1359 2999 1540 3066 Quare
1571 3001 1619 3056 si
1644 3011 1828 3057 creata
1859 3009 1968 3066 est,

388 3097 561 3152 solam
607 3101 848 3149 creatam
897 3099 1154 3147 naturam
1202 3091 1469 3147 indicabit
1497 3110 1512 3148 :
1541 3093 1626 3148 sin
1659 3102 1844 3149 autem
1884 3093 1970 3147 in-

387 3195 596 3247 creata,
644 3184 814 3239 solam
848 3184 1147 3239 increatam
1174 3185 1479 3238 essentiam
1505 3183 1799 3253 exprimet.
1830 3182 1969 3238 Nam

388 3289 510 3345 qua
564 3273 840 3328 naturalia
886 3280 1037 3337 sunt,
1091 3285 1156 3325 ea
1213 3287 1338 3327 cum
1401 3273 1618 3326 naturis
1663 3282 1972 3343 congruant

391 3379 617 3422 necesse
663 3371 769 3419 est.
802 3361 991 3433 Neque
1034 3363 1181 3417 enim
1232 3363 1348 3418 fieri
1401 3370 1624 3433 potest,
1660 3373 1722 3418 ut
1773 3374 1968 3419 natura

389 3456 616 3512 exsistat
655 3467 777 3524 quae
823 3452 1046 3508 minime
1084 3451 1326 3522 perfecta
1377 3452 1471 3506 sit.
1517 3451 1787 3508 Caeterum
1823 3456 1969 3511 actio

391 3555 600 3602 naturae
628 3553 1018 3610 consentanea,
1051 3558 1120 3599 ex
1146 3543 1214 3599 iis
1238 3559 1348 3598 non
1379 3549 1465 3600 est.
1487 3558 1610 3614 quae
1632 3553 1787 3600 extra
1817 3557 1966 3601 sunt.
2001 3569 2021 3585 ο

395 3637 544 3706 Quod
575 3634 774 3692 exinde
806 3636 1155 3706 perspicuum
1190 3634 1272 3702 lit,
1302 3635 1451 3706 quod
1486 3636 1605 3692 sine
1649 3638 1970 3706 operatione

397 3737 600 3784 natura:
623 3735 1016 3792 consentanea,
1035 3741 1139 3783 nec
1149 3742 1296 3799 esse,
1324 3742 1424 3783 nec
1443 3728 1704 3798 cognosci
1735 3729 1846 3782 ulla
1865 3744 1962 3783 na-

1991 2878 2034 2936 (Ξ

2072 1645 2292 1700 ποιμεν,
2343 1631 2377 1702 ἢ
2423 1631 2573 1685 θείαν
2620 1631 2829 1702 ταύτην
2869 1631 3174 1703 λέξομεν,ἢ
3217 1632 3589 1705 ἀνθρωπίνην,
3622 1635 3664 1707 ἦ

2068 1720 2382 1793 οὐδετέραν.
2432 1722 2574 1776 Ἀλλ’
2621 1726 2670 1776 εί
2720 1724 2820 1794 μὲν
2875 1723 3049 1789 θείαν,
3096 1724 3230 1779 Θεὸν
3285 1726 3446 1795 μόνον
3491 1728 3672 1780 αὑτὸν

2069 1812 2276 1881 γυμνὸν
2306 1813 2408 1882 τῆς
2439 1814 2563 1868 καθ’
2587 1817 2737 1886 ἡμᾶς
2766 1815 3187 1888 ἀνθρωπότητος
3224 1817 3474 1886 λέξομεν.
3511 1821 3575 1872 El
3598 1821 3664 1873 δὲ

2069 1905 2439 1975 ἀνθρωπίνην,
2473 1906 2630 1976 ψιλὸν
2656 1908 2818 1962 αὑτὸν
2851 1908 3138 1980 ἄνθρωπον
3157 1908 3658 1981 βλασφημήσομεν.

2069 1995 2132 2048 El
2157 1995 2214 2048 δὲ
2242 1996 2362 2050 οὑδὲ
2393 1997 2547 2050 θείαν
2580 1997 2702 2050 οὐδὲ
2743 1998 3116 2068 ἀνθρωπίνην,
3169 1999 3288 2052 οὑδὲ
3343 1999 3474 2053 Θεὸν
3529 2001 3664 2054 οὐδὲ

2068 2086 2374 2157 ἄνθρωπον,
2399 2087 2518 2140 οὑδὲ
2549 2087 2627 2157 τῷ
2654 2088 2852 2158 Πατρὶ,
2889 2089 3011 2142 οὑδὲ
3043 2091 3178 2160 ἡμῖν
3205 2090 3514 2159 ύμοούσιον.
3552 2092 3662 2144 Ἐκ

2067 2179 2178 2252 γὰρ
2214 2181 2312 2251 τῆς
2337 2180 2586 2246 ένώσεως
2603 2184 2636 2251 ἡ
2653 2182 2779 2236 καθ’
2799 2182 3095 2238 ὑπόστασιν
3114 2186 3381 2255 ταυτότης
3401 2185 3661 2254 γέγονεν,

2067 2270 2130 2324 οὑ
2159 2273 2267 2341 μὴν
2289 2272 2368 2336 δὲ,
2405 2273 2500 2326 καὶ
2523 2274 2556 2343 ή
2584 2274 2819 2345 διαφορὰ
2843 2273 2953 2327 τῶν
2979 2273 3196 2344 φύσεων
3226 2274 3510 2347 ἀνῄρηται.
3533 2277 3666 2347 Τῆς

2067 2362 2408 2434 δὲδιαφορᾶς
2466 2365 2786 2435 σωζομένης
2842 2365 2952 2419 τῶν
3020 2366 3258 2436 φύσεων,
3312 2369 3664 2440 σωθήσονται

2066 2452 2269 2525 δηλαδὴ
2307 2455 2403 2508 καὶ
2430 2455 2489 2509 ai
2520 2455 2726 2510 τούτων
2755 2456 3049 2528 ἐνέργειαι.
3082 2459 3159 2512 οὑ
3191 2460 3301 2532 γάρ
3340 2462 3454 2515 ἑστι
3487 2461 3668 2529 φύσις

2067 2543 2451 2616 ἀνενέργητος.
2853 2557 2856 2560 ’

2141 2725 2202 2777 El
2229 2724 2325 2794 μία
2345 2722 2441 2778 τοῦ
2490 2724 2761 2778 Δεσπότου
2800 2723 3039 2795 Χριστοῦ
3087 2726 3120 2796 ὴ
3165 2725 3434 2797 ἐνέργεια,
3467 2727 3500 2797 ἢ
3536 2744 3675 2782 κτε-

2072 2815 2173 2886 στὴ
2200 2816 2375 2878 ἔσται,
2406 2817 2438 2886 ἢ
2468 2815 2724 2880 ἄκτιστος
2742 2832 2758 2848 ⁶
2795 2817 2959 2886 μέσον
2982 2816 3090 2888 γὰρ
3134 2817 3346 2871 τούτων
3375 2819 3471 2871 ούκ
3497 2818 3670 2873 ἔστιν

2067 2908 2338 2977 ἐνέργεια,
2360 2907 2550 2978 ὥσπερ
2577 2908 2700 2962 οὑδὲ
2757 2907 2939 2977 φύσις.
2974 2911 3037 2962 Εί
3061 2906 3156 2963 οὖν
3183 2910 3395 2982 κτιστὴ,
3422 2911 3670 2984 κτιστὴν

2070 2999 2239 3069 μόνην
2267 2997 2497 3068 δηλώσει
2518 2999 2701 3067 φύσιν·
2729 3000 2778 3052 εί
2804 2999 2862 3052 δὲ
2893 3000 3169 3064 ἄκτιστος,
3189 3000 3442 3055 ἄκτιστον
3478 3003 3672 3072 μόνην

2066 3091 2464 3162 χαρακτηρίσει
2526 3091 2736 3146 ούσίαν.
2797 3093 2890 3145 Δεῖ
2930 3091 3040 3164 γὰρ
3072 3081 3296 3158 πάντως
3337 3093 3672 3165 κατάλληλα

2067 3188 2187 3248 ταῖς
2217 3183 2443 3254 φύσεσιν
2485 3181 2715 3239 εἶναιτά
2746 3186 2983 3254 φυσικά·
3035 3186 3297 3243 ἀδύνατον
3336 3189 3443 3260 γὰρ
3473 3189 3672 3243 ἐλλει-

2069 3275 2206 3340 ποῦς
2230 3277 2448 3347 φύσεως
2503 3276 2740 3348 ὕπαρξιν
2783 3273 2945 3334 εἶναι.
2987 3277 3054 3332 Ἦ
3111 3281 3127 3320 ί
3190 3279 3248 3334 δὲ
3300 3281 3440 3334 κατά
3484 3281 3674 3350 φύσιν

2065 3368 2338 3439 ἐνέργεια,
2361 3371 2423 3422 οὑ
2459 3369 2569 3422 τῶν
2614 3370 2770 3434 ἐκτὸς
2821 3371 3058 3441 ὑπάρχει
3090 3373 3186 3425 καὶ
3225 3371 3383 3441 δῆλον
3414 3375 3497 3426 ὅτι
3523 3371 3668 3427 οὔτε

2066 3459 2227 3526 εἶναι,
2251 3461 2374 3515 οὕτε
2406 3461 2773 3530 γινώσκεσθαι
2805 3463 2904 3533 τὴν
2949 3463 3112 3534 φύσιν
3139 3464 3366 3518 δυνατὸν
3389 3465 3517 3518 ἄνευ
3550 3467 3678 3537 τῆς

2066 3553 2209 3606 κατά
2239 3553 2402 3622 φύσιν
2428 3553 2729 3623 ἐνεργείας.
2766 3555 2842 3606 Δι’
2874 3547 2948 3607 ὧν
2998 3555 3110 3625 γὰρ
3157 3555 3371 3626 ἐνεργεῖ
3393 3553 3670 3616 ἕκαστον,

2065 3643 2164 3714 τὴν
2190 3644 2398 3697 οἰκείαν
2451 3643 2614 3713 φύσιν
2658 3643 2967 3710 πιστοῦται,
3017 3646 3156 3716 ὅπερ
3186 3646 3303 3699 ἐστὶ
3335 3647 3410 3719 μὴ
3449 3647 3670 3717 τρεπό-

2073 3751 2253 3805 μενον.

399 3832 512 3874 zura
530 3825 729 3889 potest.
747 3817 826 3872 Ex
838 3832 906 3872 eo
929 3818 1075 3873 enim
1093 3819 1239 3888 quod
1260 3819 1468 3889 aliquid
1491 3819 1626 3890 agit,
1661 3828 1872 3878 naturae
1897 3837 2014 3881 suae
2045 3835 2424 3899 argumentum
2450 3825 2582 3893 edit,
2598 3827 2665 3883 ab
2686 3842 2751 3883 eo
2773 3827 2918 3898 quod
2953 3837 3037 3885 est
3060 3829 3284 3884 minime
3309 3829 3667 3890 desciscens~

459 3904 730 3962 Praterea
774 3907 822 3962 si
869 3922 977 3962 una
1007 3906 1214 3964 Christi
1247 3909 1394 3964 actio
1421 3916 1528 3974 est,
1560 3909 1752 3966 eadem
1787 3919 1846 3966 et
1874 3911 1962 3966 di-

397 3996 642 4050 vinarum
674 4003 730 4050 et
759 3995 1127 4051 humanarum
1155 4011 1342 4054 rerum
1375 3997 1481 4052 erit
1503 3996 1774 4054 eﬂectrix.
1798 3999 1965 4071 Atqui

2141 3915 2206 3971 Ei
2245 3918 2341 3988 μία
2385 3917 2621 3989 Χριστοῦ
2667 3920 2700 3989 ὴ
2759 3918 3033 3991 ἐνέργεια,
3096 3921 3130 3991 ἡ
3169 3919 3306 3990 αὑτὴ
3334 3920 3445 3973 τῶν
3491 3921 3674 3975 θείων

2141 3936 2206 3971 ιιι
2245 3936 2341 3988 μια
2386 3936 2621 3989 Αριστου
2667 3936 2700 3989 η
2759 3936 2845 3971 ενε
2887 3936 3033 3987 γεια,
3096 3936 3130 3991 η
3169 3936 3306 3990 αυτη
3334 3937 3445 3973 των
3491 3936 3673 3975 υειων

2071 4007 2167 4062 καὶ
2222 4007 2580 4080 ἀνθρωπίνων
2625 3936 2886 4082 ποιητικὲ
2919 4025 2933 4040 ·
2985 4011 3139 4065 οὐδὲν
3164 4011 3220 4065 δὲ
3259 4011 3364 4065 τῶν
3390 4013 3560 4066 ὄντων
3593 4015 3673 4068 ὲν

389 4087 542 4141 nulla
587 4100 678 4141 res
716 4091 800 4141 est
833 4100 956 4156 quae
997 4085 1055 4141 in
1103 4089 1343 4143 naturali
1381 4102 1485 4144 suo
1533 4097 1681 4144 statu
1733 4104 1965 4146 manens

2076 4102 2182 4164 τοῖς
2213 4100 2354 4154 κατά
2388 4101 2548 4171 φύσιν
2589 4101 2748 4172 μένον
2778 4102 2849 4157 τὰ
2899 4103 3120 4156 ἐναντία
3163 4107 3340 4158 ποιεῖν
3377 4104 3606 4157 δύναται
3650 4123 3666 4135 ο

391 4177 672 4234 contraria
711 4177 926 4234 efﬁcere
971 4186 1160 4249 queat.
1194 4179 1385 4252 Neque
1421 4181 1571 4237 enim
1618 4182 1763 4254 ignis
1795 4181 1965 4238 refri-

391 4277 548 4343 gerat
571 4279 629 4328 et
655 4269 908 4326 calefacit
935 4288 950 4326 :
990 4285 1170 4341 neque
1203 4286 1346 4343 aqua
1378 4272 1647 4337 exsiccat,
1682 4281 1738 4329 et
1777 4274 1972 4329 hume-

390 4371 526 4420 ctat.
566 4362 816 4430 Quonam
871 4368 1035 4433 pacto
1083 4363 1250 4433 igitur
1296 4365 1390 4420 ille
1436 4366 1533 4437 qui
1581 4374 1778 4421 natura
1827 4365 1969 4422 Deus

389 4465 496 4521 est,
525 4462 582 4511 et
619 4462 820 4510 natura
853 4453 1034 4511 factus
1057 4463 1144 4518 est
1173 4456 1362 4521 homo,
1393 4459 1560 4513 unica
1600 4459 1824 4514 actione
1852 4465 1968 4513 tum

392 4546 658 4604 miracula
683 4545 936 4615 ediderit,
969 4554 1086 4604 tum
1115 4547 1402 4620 passiones
1435 4549 1634 4606 obierit
1659 4550 1684 4604 ἓ

465 4635 623 4704 Quod
667 4636 717 4692 si
763 4634 1018 4693 Christus
1053 4644 1290 4693 mentem
1319 4637 1615 4695 humanam
1646 4643 1967 4714 assumpsit,

394 4727 503 4783 hoc
529 4736 636 4793 est,
669 4727 907 4783 animam
941 4729 1157 4786 ratione
1189 4738 1245 4786 et
1271 4729 1632 4802 intelligentia
1658 4735 1968 4804 praeditam,

397 4819 662 4890 cogitavit
698 4821 893 4890 procul
931 4821 1131 4886 dubio,
1178 4828 1235 4878 et
1278 4835 1498 4894 semper
1541 4826 1807 4896 cogitabit
1841 4846 1854 4882 :
1905 4840 1972 4881 ac

400 4911 628 4983 proinde
655 4915 784 4983 quia
819 4913 1081 4984 cogitatio
1120 4911 1207 4970 est
1246 4915 1450 4972 mentis
1497 4917 1664 4984 actio,
1714 4917 1972 4986 Christus

399 5008 566 5068 certe,
596 5010 870 5073 quatenus
901 5003 1068 5060 homo
1094 5011 1202 5072 est,
1237 5011 1500 5064 actuosus
1529 5015 1636 5077 est,
1669 5015 1724 5066 et
1755 5025 1970 5080 semper

400 5099 681 5151 actuosus.

471 5183 671 5242 Christi
704 5187 884 5259 passio
923 5190 1065 5244 actio
1090 5198 1188 5246 est.
1222 5218 1293 5230 —
1316 5191 1458 5258 Quin
1490 5191 1653 5248 etiam
1678 5193 1970 5265 sapientis-

2068 4191 2131 4246 οὑ
2152 4193 2261 4264 γὰρ
2285 4193 2347 4246 τὸ
2376 4193 2489 4266 πῦρ
2531 4192 2694 4264 ψύχει
2745 4193 2841 4247 καὶ⁵
2900 4193 3206 4267 θερμαίνει,
3252 4195 3375 4251 οὐδὲ
3402 4195 3672 4268 ξηραίνει

2069 4288 2163 4343 καὶ
2193 4289 2442 4360 ὑγραίνει
2508 4289 2570 4341 τὸ
2614 4287 2792 4360 ὓδωρ’
2831 4287 2949 4351 πῶς
2995 4284 3088 4343 οῦν
3114 4289 3144 4342 δ
3183 4288 3343 4356 φύσει
3387 4288 3460 4343 ὢν
3486 4288 3669 4354 Θεὸς,

2068 4379 2164 4432 καὶ
2190 4378 2349 4447 φύσει
2391 4377 2685 4448 γενόμενος
2714 4376 3026 4448 ἄνθρωπος,
3066 4377 3136 4432 τά
3179 4394 3237 4431 τε
3269 4375 3516 4446 θαύματα
3551 4380 3669 4432 καὶ

2066 4471 2138 4526 τὰ
2159 4470 2306 4543 πάθη
2333 4471 2431 4542 μιᾷ
2451 4470 2700 4542 ἐνεργείᾳ
2723 4468 3052 4524 ἀπετέλεσεν
3071 4486 3085 4536 ;

2145 4645 2207 4698 Εί
2259 4641 2353 4699 οὖν
2414 4641 2678 4698 ἀνέλαϐεν
2723 4643 2752 4696 ὁ
2803 4643 3038 4715 Χριστὸς
3085 4644 3212 4698 νοῦν
3259 4643 3602 4715 ἀνθρώπινον
3643 4687 3664 4710 ,

2073 4736 2243 4807 ἧγουν
2281 4735 2462 4806 ψυχὴν
2491 4736 2684 4806 νοεράν
2713 4752 2774 4789 τε
2804 4735 2898 4790 καὶ
2949 4735 3194 4806 λογικὴν,
3234 4735 3670 4804 διανοηθήσεται

2073 4828 2313 4892 πάντως,
2335 4828 2432 4880 καὶ
2456 4827 2541 4880 ἀεὶ
2601 4827 3016 4898 διανοηθήσεται
3035 4843 3051 4860 ο
3102 4827 3350 4898 ἐνέργεια
3382 4827 3437 4880 δὲ
3463 4827 3575 4892 νοῦ,
3618 4833 3662 4901 ὴ

2073 4919 2308 4972 διάνοια·
2340 4919 2449 4990 ἄρα
2479 4919 2570 4973 καὶ
2601 4919 2738 4974 καθὸ
2759 4919 3046 4991 ἄνθρωπος
3074 4921 3302 4992 ἐνεργὴς
3335 4922 3361 4972 ὁ
3387 4918 3663 4990 Χριστὸς,

2075 5010 2171 5066 καὶ
2198 5010 2288 5064 ἀεὶ
2317 5010 2564 5082 ἐνεργής.

2159 5190 2220 5244 '0
2247 5190 2303 5244 δὲ
2331 5190 2603 5259 πάνσοφος
2622 5191 2716 5244 καὶ
2741 5189 2913 5262 μέγας
2937 5189 3088 5259 ἀγιος
3117 5189 3368 5262 Ἰωάννης
3388 5190 3415 5241 ὁ
3433 5182 3669 5257 Χρυσό-

468 5355 518 5391 “
549 5355 686 5414 Luc.
719 5373 843 5427 vm,
889 5359 978 5416 54.
1070 5360 1116 5392 ⁸⁸
1152 5359 1294 5415 Max.
1334 5361 1478 5418 Dial.
1503 5378 1622 5416 cum
1647 5361 1876 5433 Pyrrho.
1953 5361 1998 5394 δ’
2022 5360 2163 5415 Max.
2199 5361 2336 5418 ibid.
2426 5361 2471 5394 ⁸⁸
2493 5359 2634 5416 Max.
2663 5360 2798 5418 ibid.

1700 5515 1930 5572 ΥΑῐίΙίΕ
1971 5515 2374 5574 LECTIONES.

473 5650 490 5693 ί
532 5645 688 5702 Multi
739 5649 900 5709 codd.
937 5653 1007 5705 si.
1061 5652 1232 5709 Vetus
1288 5655 1564 5724 interpres
1598 5657 1663 5710 si.
