  <div class='ocr_page' id='page_1' title='image "/cluster/home/n/w/nwhite01/storage/ocr_20150623/94/hvd.32044052838174/626.png"; bbox 0 0 3950 6304; ppageno 0'>
   <div class='ocr_carea' id='block_1_1' title="bbox 237 343 374 411">
    <p class='ocr_par' dir='ltr' id='par_1_1' title="bbox 237 343 374 411">
     <span class='ocr_line' id='line_1_1' title="bbox 237 343 374 411; baseline 0.015 -4"><span class='ocrx_word' id='word_1_1' title='bbox 237 343 374 411; x_wconf 84' lang='grc'><strong>1057</strong></span> 
     </span>
    </p>
   </div>
   <div class='ocr_carea' id='block_1_2' title="bbox 1256 347 2397 409">
    <p class='ocr_par' dir='ltr' id='par_1_2' title="bbox 1256 347 2397 409">
     <span class='ocr_line' id='line_1_2' title="bbox 1256 347 2397 409; baseline 0.001 -2"><span class='ocrx_word' id='word_1_2' title='bbox 1256 347 1353 407; x_wconf 91' lang='lat' dir='ltr'>DE</span> <span class='ocrx_word' id='word_1_3' title='bbox 1375 347 1554 408; x_wconf 87' lang='lat' dir='ltr'><strong>FIDE</strong></span> <span class='ocrx_word' id='word_1_4' title='bbox 1585 347 2053 408; x_wconf 82' lang='lat' dir='ltr'><strong>ORTHODOXA</strong></span> <span class='ocrx_word' id='word_1_5' title='bbox 2093 350 2240 409; x_wconf 89' lang='lat' dir='ltr'><strong>LIB.</strong></span> <span class='ocrx_word' id='word_1_6' title='bbox 2280 349 2397 409; x_wconf 86' lang='lat' dir='ltr'><strong>III.</strong></span> 
     </span>
    </p>
   </div>
   <div class='ocr_carea' id='block_1_3' title="bbox 3355 347 3494 416">
    <p class='ocr_par' dir='ltr' id='par_1_3' title="bbox 3355 347 3494 416">
     <span class='ocr_line' id='line_1_3' title="bbox 3355 347 3494 416; baseline 0.014 -2"><span class='ocrx_word' id='word_1_7' title='bbox 3355 347 3494 416; x_wconf 85' lang='grc'><strong>1058</strong></span> 
     </span>
    </p>
   </div>
   <div class='ocr_carea' id='block_1_4' title="bbox 234 456 1822 537">
    <p class='ocr_par' dir='ltr' id='par_1_4' title="bbox 234 456 1809 531">
     <span class='ocr_line' id='line_1_4' title="bbox 234 456 1809 531; baseline 0 -18"><span class='ocrx_word' id='word_1_8' title='bbox 234 474 433 528; x_wconf 85' lang='grc' dir='ltr'>στομος</span> <span class='ocrx_word' id='word_1_9' title='bbox 456 458 511 509; x_wconf 81' lang='grc' dir='ltr'><strong>ὲν</strong></span> <span class='ocrx_word' id='word_1_10' title='bbox 534 458 598 528; x_wconf 82' lang='grc' dir='ltr'>τῇ</span> <span class='ocrx_word' id='word_1_11' title='bbox 635 456 900 529; x_wconf 80' lang='grc' dir='ltr'><strong>ἑρμηνείᾳ</strong></span> <span class='ocrx_word' id='word_1_12' title='bbox 931 458 1036 512; x_wconf 92' lang='grc' dir='ltr'><strong>τῶν</strong></span> <span class='ocrx_word' id='word_1_13' title='bbox 1064 459 1343 530; x_wconf 73' lang='grc' dir='ltr'>Πράξεων,</span> <span class='ocrx_word' id='word_1_14' title='bbox 1381 459 1620 531; x_wconf 84' lang='grc' dir='ltr'><strong>δευτέρῳ</strong></span> <span class='ocrx_word' id='word_1_15' title='bbox 1647 460 1809 530; x_wconf 85' lang='grc' dir='ltr'>λόγῳ,</span> 
     </span>
    </p>
   </div>
   <div class='ocr_carea' id='block_1_5' title="bbox 1926 456 3495 537">
    <p class='ocr_par' dir='ltr' id='par_1_5' title="bbox 1926 461 3495 537">
     <span class='ocr_line' id='line_1_5' title="bbox 1926 461 3495 537; baseline 0.003 -20"><span class='ocrx_word' id='word_1_16' title='bbox 1926 462 2090 517; x_wconf 84' lang='lat' dir='ltr'><strong>simus</strong></span> <span class='ocrx_word' id='word_1_17' title='bbox 2108 471 2161 516; x_wconf 92' lang='lat' dir='ltr'><strong>et</strong></span> <span class='ocrx_word' id='word_1_18' title='bbox 2184 478 2414 533; x_wconf 82' lang='lat' dir='ltr'><strong>magnus</strong></span> <span class='ocrx_word' id='word_1_19' title='bbox 2445 462 2534 517; x_wconf 90' lang='lat' dir='ltr'><strong>ille</strong></span> <span class='ocrx_word' id='word_1_20' title='bbox 2554 463 2637 517; x_wconf 89' lang='lat' dir='ltr'><strong>vir</strong></span> <span class='ocrx_word' id='word_1_21' title='bbox 2664 461 3141 520; x_wconf 82' lang='lat' dir='ltr'><strong>sanctusJoannes</strong></span> <span class='ocrx_word' id='word_1_22' title='bbox 3162 463 3495 537; x_wconf 83' lang='lat' dir='ltr'><strong>Chrysosto-</strong></span> 
     </span>
    </p>
   </div>
   <div class='ocr_carea' id='block_1_6' title="bbox 230 548 1819 622">
    <p class='ocr_par' dir='ltr' id='par_1_6' title="bbox 230 548 1819 622">
     <span class='ocr_line' id='line_1_6' title="bbox 230 548 1819 622; baseline 0.001 -20"><span class='ocrx_word' id='word_1_23' title='bbox 230 549 377 602; x_wconf 84' lang='grc' dir='ltr'>οὑτω</span> <span class='ocrx_word' id='word_1_24' title='bbox 400 548 599 620; x_wconf 71' lang='grc' dir='ltr'>φησίνο</span> <span class='ocrx_word' id='word_1_25' title='bbox 640 567 657 599; x_wconf 82' lang='grc' dir='ltr'><strong>ι</strong></span> <span class='ocrx_word' id='word_1_26' title='bbox 690 549 803 602; x_wconf 88' lang='grc' dir='ltr'>Ούκ</span> <span class='ocrx_word' id='word_1_27' title='bbox 850 549 915 603; x_wconf 80' lang='grc' dir='ltr'>ἄν</span> <span class='ocrx_word' id='word_1_28' title='bbox 955 568 1039 613; x_wconf 87' lang='grc' dir='ltr'><strong>τις</strong></span> <span class='ocrx_word' id='word_1_29' title='bbox 1091 552 1348 622; x_wconf 82' lang='grc' dir='ltr'><strong>ἁμάρτοι,</strong></span> <span class='ocrx_word' id='word_1_30' title='bbox 1396 553 1486 605; x_wconf 68' lang='grc' dir='ltr'><strong>καὶ</strong></span> <span class='ocrx_word' id='word_1_31' title='bbox 1541 553 1600 607; x_wconf 81' lang='grc' dir='ltr'><strong>τὸ</strong></span> <span class='ocrx_word' id='word_1_32' title='bbox 1649 551 1819 615; x_wconf 80' lang='grc' dir='ltr'>πάθος</span> 
     </span>
    </p>
   </div>
   <div class='ocr_carea' id='block_1_7' title="bbox 231 638 1820 712">
    <p class='ocr_par' dir='ltr' id='par_1_7' title="bbox 231 638 1820 712">
     <span class='ocr_line' id='line_1_7' title="bbox 231 638 1820 712; baseline 0.002 -21"><span class='ocrx_word' id='word_1_33' title='bbox 231 639 400 692; x_wconf 87' lang='grc' dir='ltr'>αὑτοῦ</span> <span class='ocrx_word' id='word_1_34' title='bbox 428 638 626 708; x_wconf 79' lang='grc' dir='ltr'>πρᾶξιν</span> <span class='ocrx_word' id='word_1_35' title='bbox 664 640 921 703; x_wconf 63' lang='grc' dir='ltr'>καὶέσας.</span> <span class='ocrx_word' id='word_1_36' title='bbox 966 641 1053 693; x_wconf 84' lang='grc' dir='ltr'>Ἐν</span> <span class='ocrx_word' id='word_1_37' title='bbox 1091 640 1169 712; x_wconf 84' lang='grc' dir='ltr'><strong>τῷ</strong></span> <span class='ocrx_word' id='word_1_38' title='bbox 1202 641 1310 711; x_wconf 82' lang='grc' dir='ltr'>γὰρ</span> <span class='ocrx_word' id='word_1_39' title='bbox 1339 642 1409 694; x_wconf 79' lang='grc' dir='ltr'>τὰ</span> <span class='ocrx_word' id='word_1_40' title='bbox 1450 640 1466 691; x_wconf 83' lang='lat' dir='ltr'><strong>i</strong></span> <span class='ocrx_word' id='word_1_41' title='bbox 1503 643 1684 696; x_wconf 76' lang='grc' dir='ltr'>πάντα</span> <span class='ocrx_word' id='word_1_42' title='bbox 1716 659 1820 694; x_wconf 89' lang='grc' dir='ltr'>πα-</span> 
     </span>
    </p>
   </div>
   <div class='ocr_carea' id='block_1_8' title="bbox 231 734 1816 812">
    <p class='ocr_par' dir='ltr' id='par_1_8' title="bbox 231 734 1816 812">
     <span class='ocr_line' id='line_1_8' title="bbox 231 734 1816 812; baseline 0.006 -25"><span class='ocrx_word' id='word_1_43' title='bbox 231 735 368 791; x_wconf 85' lang='grc' dir='ltr'>θεῖν.</span> <span class='ocrx_word' id='word_1_44' title='bbox 395 734 621 804; x_wconf 77' lang='grc' dir='ltr'>ἐποίησε</span> <span class='ocrx_word' id='word_1_45' title='bbox 646 736 707 789; x_wconf 85' lang='grc' dir='ltr'><strong>τὸ</strong></span> <span class='ocrx_word' id='word_1_46' title='bbox 740 737 883 807; x_wconf 84' lang='grc' dir='ltr'>μέγα</span> <span class='ocrx_word' id='word_1_47' title='bbox 934 740 1029 791; x_wconf 73' lang='grc' dir='ltr'>καὶ</span> <span class='ocrx_word' id='word_1_48' title='bbox 1076 739 1391 810; x_wconf 77' lang='grc' dir='ltr'>θαυμαστὸν</span> <span class='ocrx_word' id='word_1_49' title='bbox 1432 742 1611 794; x_wconf 78' lang='grc' dir='ltr'>έκεῖνο</span> <span class='ocrx_word' id='word_1_50' title='bbox 1635 740 1816 812; x_wconf 83' lang='grc' dir='ltr'>ἔργον,</span> 
     </span>
    </p>
   </div>
   <div class='ocr_carea' id='block_1_9' title="bbox 230 825 1816 905">
    <p class='ocr_par' dir='ltr' id='par_1_9' title="bbox 230 825 1816 905">
     <span class='ocr_line' id='line_1_9' title="bbox 230 825 1816 905; baseline 0.009 -28"><span class='ocrx_word' id='word_1_51' title='bbox 230 826 325 878; x_wconf 76' lang='grc' dir='ltr'><strong>τὸν</strong></span> <span class='ocrx_word' id='word_1_52' title='bbox 354 825 585 881; x_wconf 74' lang='grc' dir='ltr'>θάνατον</span> <span class='ocrx_word' id='word_1_53' title='bbox 613 828 945 896; x_wconf 74' lang='grc' dir='ltr'><strong>καταλύσας,</strong></span> <span class='ocrx_word' id='word_1_54' title='bbox 984 832 1079 884; x_wconf 75' lang='grc' dir='ltr'><strong>καὶ</strong></span> <span class='ocrx_word' id='word_1_55' title='bbox 1112 832 1183 885; x_wconf 70' lang='grc' dir='ltr'>τὰ</span> <span class='ocrx_word' id='word_1_56' title='bbox 1211 833 1346 887; x_wconf 79' lang='grc' dir='ltr'>ἄλλα</span> <span class='ocrx_word' id='word_1_57' title='bbox 1373 833 1548 888; x_wconf 86' lang='grc' dir='ltr'>πάντα</span> <span class='ocrx_word' id='word_1_58' title='bbox 1578 836 1816 905; x_wconf 78' lang='grc' dir='ltr'>ἐργασά-</span> 
     </span>
    </p>
   </div>
   <div class='ocr_carea' id='block_1_10' title="bbox 239 927 1038 986">
    <p class='ocr_par' dir='ltr' id='par_1_10' title="bbox 239 927 1038 986">
     <span class='ocr_line' id='line_1_10' title="bbox 239 927 1038 986; baseline 0 -17"><span class='ocrx_word' id='word_1_59' title='bbox 239 933 425 986; x_wconf 82' lang='grc' dir='ltr'>μενος.</span> <span class='ocrx_word' id='word_1_60' title='bbox 467 938 487 969; x_wconf 85' lang='grc'>›</span> <span class='ocrx_word' id='word_1_61' title='bbox 1032 927 1038 933; x_wconf 83' lang='grc'><strong>’</strong></span> 
     </span>
    </p>
   </div>
   <div class='ocr_carea' id='block_1_11' title="bbox 305 1102 1819 1183">
    <p class='ocr_par' dir='ltr' id='par_1_11' title="bbox 305 1102 1819 1183">
     <span class='ocr_line' id='line_1_11' title="bbox 305 1102 1819 1183; baseline 0.005 -26"><span class='ocrx_word' id='word_1_62' title='bbox 305 1105 369 1157; x_wconf 74' lang='lat' dir='ltr'><strong>Ei</strong></span> <span class='ocrx_word' id='word_1_63' title='bbox 392 1104 543 1158; x_wconf 79' lang='grc' dir='ltr'>πᾶσα</span> <span class='ocrx_word' id='word_1_64' title='bbox 569 1102 839 1175; x_wconf 83' lang='grc' dir='ltr'>ἐνέργεια,</span> <span class='ocrx_word' id='word_1_65' title='bbox 879 1103 1097 1173; x_wconf 84' lang='grc' dir='ltr'>φύσεώς</span> <span class='ocrx_word' id='word_1_66' title='bbox 1155 1123 1301 1169; x_wconf 89' lang='grc' dir='ltr'>τινος</span> <span class='ocrx_word' id='word_1_67' title='bbox 1330 1107 1592 1179; x_wconf 83' lang='grc' dir='ltr'>οὑσιὼδης</span> <span class='ocrx_word' id='word_1_68' title='bbox 1642 1111 1819 1183; x_wconf 81' lang='grc' dir='ltr'>ὁρίζε-</span> 
     </span>
    </p>
   </div>
   <div class='ocr_carea' id='block_1_12' title="bbox 234 1195 1817 1270">
    <p class='ocr_par' dir='ltr' id='par_1_12' title="bbox 234 1195 1817 1270">
     <span class='ocr_line' id='line_1_12' title="bbox 234 1195 1817 1270; baseline 0.004 -21"><span class='ocrx_word' id='word_1_69' title='bbox 234 1214 326 1249; x_wconf 85' lang='grc' dir='ltr'><strong>ται</strong></span> <span class='ocrx_word' id='word_1_70' title='bbox 359 1195 591 1266; x_wconf 86' lang='grc' dir='ltr'>κίνησις,</span> <span class='ocrx_word' id='word_1_71' title='bbox 620 1195 697 1259; x_wconf 84' lang='grc' dir='ltr'>ὡς</span> <span class='ocrx_word' id='word_1_72' title='bbox 731 1197 779 1249; x_wconf 78' lang='grc' dir='ltr'>οἱ</span> <span class='ocrx_word' id='word_1_73' title='bbox 811 1197 939 1264; x_wconf 72' lang='grc' dir='ltr'>περὶ</span> <span class='ocrx_word' id='word_1_74' title='bbox 965 1196 1138 1250; x_wconf 82' lang='grc' dir='ltr'>ταῦτα</span> <span class='ocrx_word' id='word_1_75' title='bbox 1167 1197 1330 1251; x_wconf 85' lang='grc' dir='ltr'>δεινοὶ</span> <span class='ocrx_word' id='word_1_76' title='bbox 1356 1200 1689 1270; x_wconf 83' lang='grc' dir='ltr'>διειλήφασι,</span> <span class='ocrx_word' id='word_1_77' title='bbox 1714 1203 1817 1256; x_wconf 86' lang='grc' dir='ltr'><strong>ποῦ</strong></span> 
     </span>
    </p>
   </div>
   <div class='ocr_carea' id='block_1_13' title="bbox 237 1287 1838 1365">
    <p class='ocr_par' dir='ltr' id='par_1_13' title="bbox 237 1287 1838 1365">
     <span class='ocr_line' id='line_1_13' title="bbox 237 1287 1838 1365; baseline 0.004 -23"><span class='ocrx_word' id='word_1_78' title='bbox 237 1289 402 1359; x_wconf 87' lang='grc' dir='ltr'>φύσιν</span> <span class='ocrx_word' id='word_1_79' title='bbox 444 1307 531 1353; x_wconf 84' lang='grc' dir='ltr'><strong>τις</strong></span> <span class='ocrx_word' id='word_1_80' title='bbox 583 1287 723 1342; x_wconf 76' lang='grc' dir='ltr'>οἶδεν</span> <span class='ocrx_word' id='word_1_81' title='bbox 772 1290 1107 1360; x_wconf 79' lang='grc' dir='ltr'>ἀκίνητον,ῆ</span> <span class='ocrx_word' id='word_1_82' title='bbox 1149 1292 1427 1356; x_wconf 83' lang='grc' dir='ltr'><strong>παντελῶς</strong></span> <span class='ocrx_word' id='word_1_83' title='bbox 1458 1294 1838 1365; x_wconf 85' lang='grc' dir='ltr'>ἁνενέργητον,</span> 
     </span>
    </p>
   </div>
   <div class='ocr_carea' id='block_1_14' title="bbox 235 1368 1819 1460">
    <p class='ocr_par' dir='ltr' id='par_1_14' title="bbox 235 1368 1819 1460">
     <span class='ocr_line' id='line_1_14' title="bbox 235 1368 1819 1460; baseline 0.005 -26"><span class='ocrx_word' id='word_1_84' title='bbox 235 1382 270 1455; x_wconf 79' lang='grc' dir='ltr'><strong>ἢ</strong></span> <span class='ocrx_word' id='word_1_85' title='bbox 304 1380 584 1453; x_wconf 79' lang='grc' dir='ltr'><strong>ἐνέργειαν</strong></span> <span class='ocrx_word' id='word_1_86' title='bbox 639 1381 874 1452; x_wconf 77' lang='grc' dir='ltr'>εὕρηκεν</span> <span class='ocrx_word' id='word_1_87' title='bbox 900 1382 927 1421; x_wconf 74' lang='grc' dir='ltr'>ιι</span> <span class='ocrx_word' id='word_1_88' title='bbox 955 1368 1035 1435; x_wconf 54' lang='grc' dir='ltr'>οὗ</span> <span class='ocrx_word' id='word_1_89' title='bbox 1055 1384 1293 1454; x_wconf 81' lang='grc' dir='ltr'><strong>φυσικῆς</strong></span> <span class='ocrx_word' id='word_1_90' title='bbox 1327 1385 1609 1456; x_wconf 87' lang='grc' dir='ltr'>δυνάμεως</span> <span class='ocrx_word' id='word_1_91' title='bbox 1639 1388 1819 1460; x_wconf 87' lang='grc' dir='ltr'>ὑπάρ-</span> 
     </span>
    </p>
   </div>
   <div class='ocr_carea' id='block_1_15' title="bbox 237 1473 1817 1548">
    <p class='ocr_par' dir='ltr' id='par_1_15' title="bbox 237 1473 1817 1548">
     <span class='ocr_line' id='line_1_15' title="bbox 237 1473 1817 1548; baseline 0.004 -22"><span class='ocrx_word' id='word_1_92' title='bbox 237 1491 440 1545; x_wconf 85' lang='grc' dir='ltr'>χουσαν</span> <span class='ocrx_word' id='word_1_93' title='bbox 474 1474 729 1544; x_wconf 87' lang='grc' dir='ltr'>κίνησιν;</span> <span class='ocrx_word' id='word_1_94' title='bbox 760 1473 904 1527; x_wconf 87' lang='grc' dir='ltr'>Μίαν</span> <span class='ocrx_word' id='word_1_95' title='bbox 933 1474 989 1526; x_wconf 78' lang='grc' dir='ltr'>δὲ</span> <span class='ocrx_word' id='word_1_96' title='bbox 1018 1475 1253 1544; x_wconf 82' lang='grc' dir='ltr'>φυσικὴν</span> <span class='ocrx_word' id='word_1_97' title='bbox 1278 1476 1389 1546; x_wconf 80' lang='lat'><strong>(&#39;57)</strong></span> <span class='ocrx_word' id='word_1_98' title='bbox 1412 1478 1509 1548; x_wconf 79' lang='grc' dir='ltr'>τὴν</span> <span class='ocrx_word' id='word_1_99' title='bbox 1536 1479 1817 1548; x_wconf 81' lang='grc' dir='ltr'>ἐνέργειαν</span> 
     </span>
    </p>
   </div>
   <div class='ocr_carea' id='block_1_16' title="bbox 238 1561 1819 1639">
    <p class='ocr_par' dir='ltr' id='par_1_16' title="bbox 238 1561 1819 1639">
     <span class='ocr_line' id='line_1_16' title="bbox 238 1561 1819 1639; baseline 0.003 -20"><span class='ocrx_word' id='word_1_100' title='bbox 238 1565 373 1619; x_wconf 84' lang='grc' dir='ltr'>Θεοῦ</span> <span class='ocrx_word' id='word_1_101' title='bbox 408 1565 503 1619; x_wconf 70' lang='grc' dir='ltr'><strong>καὶ</strong></span> <span class='ocrx_word' id='word_1_102' title='bbox 526 1566 833 1636; x_wconf 84' lang='grc' dir='ltr'><strong>ποιήματος</strong></span> <span class='ocrx_word' id='word_1_103' title='bbox 858 1566 957 1618; x_wconf 89' lang='grc' dir='ltr'><strong>οὑκ</strong></span> <span class='ocrx_word' id='word_1_104' title='bbox 974 1564 1039 1619; x_wconf 80' lang='grc' dir='ltr'>ἄν</span> <span class='ocrx_word' id='word_1_105' title='bbox 1056 1583 1139 1629; x_wconf 85' lang='grc' dir='ltr'><strong>τις</strong></span> <span class='ocrx_word' id='word_1_106' title='bbox 1170 1561 1229 1621; x_wconf 83' lang='grc' dir='ltr'>εὖ</span> <span class='ocrx_word' id='word_1_107' title='bbox 1260 1568 1473 1637; x_wconf 80' lang='grc' dir='ltr'>φρονῶν</span> <span class='ocrx_word' id='word_1_108' title='bbox 1508 1568 1647 1639; x_wconf 83' lang='grc' dir='ltr'>δοίη,</span> <span class='ocrx_word' id='word_1_109' title='bbox 1677 1569 1819 1624; x_wconf 82' lang='grc' dir='ltr'>κατὰ</span> 
     </span>
    </p>
   </div>
   <div class='ocr_carea' id='block_1_17' title="bbox 235 1656 1818 1733">
    <p class='ocr_par' dir='ltr' id='par_1_17' title="bbox 235 1656 1818 1733">
     <span class='ocr_line' id='line_1_17' title="bbox 235 1656 1818 1733; baseline 0.003 -22"><span class='ocrx_word' id='word_1_110' title='bbox 235 1657 328 1711; x_wconf 81' lang='grc' dir='ltr'><strong>τὸν</strong></span> <span class='ocrx_word' id='word_1_111' title='bbox 355 1658 623 1728; x_wconf 84' lang='grc' dir='ltr'>μακάριον</span> <span class='ocrx_word' id='word_1_112' title='bbox 667 1656 970 1727; x_wconf 85' lang='grc' dir='ltr'>Κύριλλον·</span> <span class='ocrx_word' id='word_1_113' title='bbox 999 1657 1122 1711; x_wconf 84' lang='grc' dir='ltr'>οὐδὲ</span> <span class='ocrx_word' id='word_1_114' title='bbox 1161 1656 1420 1721; x_wconf 78' lang='grc' dir='ltr'>ζωοποιεῖ</span> <span class='ocrx_word' id='word_1_115' title='bbox 1438 1660 1530 1713; x_wconf 85' lang='grc' dir='ltr'><strong>τὸν</strong></span> <span class='ocrx_word' id='word_1_116' title='bbox 1568 1661 1818 1733; x_wconf 82' lang='grc' dir='ltr'>Λάζαρον</span> 
     </span>
    </p>
   </div>
   <div class='ocr_carea' id='block_1_18' title="bbox 238 1747 1813 1824">
    <p class='ocr_par' dir='ltr' id='par_1_18' title="bbox 238 1747 1813 1824">
     <span class='ocr_line' id='line_1_18' title="bbox 238 1747 1813 1824; baseline 0.003 -21"><span class='ocrx_word' id='word_1_117' title='bbox 238 1749 272 1820; x_wconf 77' lang='grc' dir='ltr'><strong>ἡ</strong></span> <span class='ocrx_word' id='word_1_118' title='bbox 302 1748 616 1823; x_wconf 81' lang='grc' dir='ltr'>ἀνθρωπίνη</span> <span class='ocrx_word' id='word_1_119' title='bbox 645 1747 830 1816; x_wconf 83' lang='grc' dir='ltr'><strong>φύσις,</strong></span> <span class='ocrx_word' id='word_1_120' title='bbox 856 1747 980 1801; x_wconf 77' lang='grc' dir='ltr'>οὔτε</span> <span class='ocrx_word' id='word_1_121' title='bbox 1026 1749 1256 1820; x_wconf 81' lang='grc' dir='ltr'>δακρύει</span> <span class='ocrx_word' id='word_1_122' title='bbox 1284 1752 1317 1822; x_wconf 84' lang='grc' dir='ltr'>ὴ</span> <span class='ocrx_word' id='word_1_123' title='bbox 1354 1750 1511 1824; x_wconf 81' lang='grc' dir='ltr'>θεῖκὴ</span> <span class='ocrx_word' id='word_1_124' title='bbox 1566 1752 1813 1818; x_wconf 75' lang='grc' dir='ltr'>ἐξουσίαο</span> 
     </span>
    </p>
   </div>
   <div class='ocr_carea' id='block_1_19' title="bbox 237 1837 1819 1912">
    <p class='ocr_par' dir='ltr' id='par_1_19' title="bbox 237 1837 1819 1912">
     <span class='ocr_line' id='line_1_19' title="bbox 237 1837 1819 1912; baseline 0.003 -19"><span class='ocrx_word' id='word_1_125' title='bbox 237 1839 303 1893; x_wconf 79' lang='grc' dir='ltr'>τὸ</span> <span class='ocrx_word' id='word_1_126' title='bbox 345 1840 443 1910; x_wconf 83' lang='grc' dir='ltr'><strong>μὲν</strong></span> <span class='ocrx_word' id='word_1_127' title='bbox 481 1838 590 1908; x_wconf 83' lang='grc' dir='ltr'>γὰρ</span> <span class='ocrx_word' id='word_1_128' title='bbox 614 1837 873 1909; x_wconf 83' lang='grc' dir='ltr'>δάκρυον,</span> <span class='ocrx_word' id='word_1_129' title='bbox 914 1837 1014 1909; x_wconf 82' lang='grc' dir='ltr'>τῆς</span> <span class='ocrx_word' id='word_1_130' title='bbox 1046 1840 1469 1911; x_wconf 85' lang='grc' dir='ltr'>ἀνθρωπότητος</span> <span class='ocrx_word' id='word_1_131' title='bbox 1506 1842 1662 1907; x_wconf 77' lang='grc' dir='ltr'>ἴδιον,</span> <span class='ocrx_word' id='word_1_132' title='bbox 1699 1845 1731 1912; x_wconf 82' lang='grc' dir='ltr'>ἡ</span> <span class='ocrx_word' id='word_1_133' title='bbox 1764 1843 1819 1897; x_wconf 85' lang='grc' dir='ltr'>δὲ</span> 
     </span>
    </p>
   </div>
   <div class='ocr_carea' id='block_1_20' title="bbox 239 1920 1822 2003">
    <p class='ocr_par' dir='ltr' id='par_1_20' title="bbox 239 1920 1822 2003">
     <span class='ocr_line' id='line_1_20' title="bbox 239 1920 1822 2003; baseline 0.002 -20"><span class='ocrx_word' id='word_1_134' title='bbox 239 1920 375 2001; x_wconf 82' lang='grc' dir='ltr'>ζωὴ,</span> <span class='ocrx_word' id='word_1_135' title='bbox 405 1931 503 2001; x_wconf 81' lang='grc' dir='ltr'>τῆς</span> <span class='ocrx_word' id='word_1_136' title='bbox 548 1932 916 1984; x_wconf 77' lang='grc' dir='ltr'>ὲνυποστάτου</span> <span class='ocrx_word' id='word_1_137' title='bbox 975 1932 1144 2001; x_wconf 82' lang='grc' dir='ltr'>ζωῆς.</span> <span class='ocrx_word' id='word_1_138' title='bbox 1207 1933 1347 1985; x_wconf 82' lang='grc' dir='ltr'><strong>Ἀλλ’</strong></span> <span class='ocrx_word' id='word_1_139' title='bbox 1415 1934 1566 2003; x_wconf 80' lang='grc' dir='ltr'>ὅμως</span> <span class='ocrx_word' id='word_1_140' title='bbox 1625 1934 1822 1998; x_wconf 85' lang='grc' dir='ltr'>κοινῶς</span> 
     </span>
    </p>
   </div>
   <div class='ocr_carea' id='block_1_21' title="bbox 235 2023 1819 2097">
    <p class='ocr_par' dir='ltr' id='par_1_21' title="bbox 235 2023 1819 2097">
     <span class='ocr_line' id='line_1_21' title="bbox 235 2023 1819 2097; baseline 0.004 -20"><span class='ocrx_word' id='word_1_141' title='bbox 235 2024 567 2094; x_wconf 80' lang='grc' dir='ltr'>ἀμφοτέρων</span> <span class='ocrx_word' id='word_1_142' title='bbox 596 2023 856 2095; x_wconf 82' lang='grc' dir='ltr'>ἑκάτερα,</span> <span class='ocrx_word' id='word_1_143' title='bbox 881 2024 969 2077; x_wconf 86' lang='grc' dir='ltr'>διὰ</span> <span class='ocrx_word' id='word_1_144' title='bbox 995 2025 1053 2077; x_wconf 83' lang='grc' dir='ltr'><strong>τὸ</strong></span> <span class='ocrx_word' id='word_1_145' title='bbox 1096 2025 1295 2079; x_wconf 84' lang='grc' dir='ltr'>ταὺτὸν</span> <span class='ocrx_word' id='word_1_146' title='bbox 1320 2027 1419 2097; x_wconf 86' lang='grc' dir='ltr'>τῆς</span> <span class='ocrx_word' id='word_1_147' title='bbox 1446 2026 1819 2089; x_wconf 81' lang='grc' dir='ltr'>ὑποστάσεως.</span> 
     </span>
    </p>
   </div>
   <div class='ocr_carea' id='block_1_22' title="bbox 236 2102 1823 2188">
    <p class='ocr_par' dir='ltr' id='par_1_22' title="bbox 236 2102 1823 2188">
     <span class='ocr_line' id='line_1_22' title="bbox 236 2102 1823 2188; baseline 0 -19"><span class='ocrx_word' id='word_1_148' title='bbox 236 2109 335 2178; x_wconf 74' lang='grc' dir='ltr'><strong>Εἷς</strong></span> <span class='ocrx_word' id='word_1_149' title='bbox 368 2115 466 2186; x_wconf 78' lang='grc' dir='ltr'>μὲν</span> <span class='ocrx_word' id='word_1_150' title='bbox 494 2114 602 2185; x_wconf 82' lang='grc' dir='ltr'>γάρ</span> <span class='ocrx_word' id='word_1_151' title='bbox 640 2102 790 2168; x_wconf 78' lang='grc' dir='ltr'>ἐστιν</span> <span class='ocrx_word' id='word_1_152' title='bbox 808 2116 836 2167; x_wconf 83' lang='grc' dir='ltr'>ὁ</span> <span class='ocrx_word' id='word_1_153' title='bbox 860 2114 1115 2185; x_wconf 81' lang='grc' dir='ltr'>Χριστὸς,</span> <span class='ocrx_word' id='word_1_154' title='bbox 1146 2116 1240 2169; x_wconf 72' lang='grc' dir='ltr'><strong>καὶ</strong></span> <span class='ocrx_word' id='word_1_155' title='bbox 1279 2114 1337 2169; x_wconf 85' lang='grc' dir='ltr'>ἓν</span> <span class='ocrx_word' id='word_1_156' title='bbox 1367 2116 1529 2169; x_wconf 88' lang='grc' dir='ltr'>αὑτοῦ</span> <span class='ocrx_word' id='word_1_157' title='bbox 1558 2117 1618 2170; x_wconf 84' lang='grc' dir='ltr'><strong>τὸ</strong></span> <span class='ocrx_word' id='word_1_158' title='bbox 1652 2118 1823 2188; x_wconf 81' lang='grc' dir='ltr'>πρόσ-</span> 
     </span>
    </p>
   </div>
   <div class='ocr_carea' id='block_1_23' title="bbox 237 2204 1819 2278">
    <p class='ocr_par' dir='ltr' id='par_1_23' title="bbox 237 2204 1819 2278">
     <span class='ocr_line' id='line_1_23' title="bbox 237 2204 1819 2278; baseline 0.001 -18"><span class='ocrx_word' id='word_1_159' title='bbox 237 2223 408 2270; x_wconf 78' lang='grc' dir='ltr'>ωπον,</span> <span class='ocrx_word' id='word_1_160' title='bbox 436 2207 605 2277; x_wconf 82' lang='grc' dir='ltr'>ῆτοιή</span> <span class='ocrx_word' id='word_1_161' title='bbox 626 2204 924 2269; x_wconf 78' lang='grc' dir='ltr'>ὑπόστασις</span> <span class='ocrx_word' id='word_1_162' title='bbox 944 2222 957 2237; x_wconf 68' lang='grc' dir='ltr'><strong>ο</strong></span> <span class='ocrx_word' id='word_1_163' title='bbox 990 2206 1105 2259; x_wconf 82' lang='grc' dir='ltr'><strong>ἀλλ’</strong></span> <span class='ocrx_word' id='word_1_164' title='bbox 1149 2209 1300 2278; x_wconf 80' lang='grc' dir='ltr'>ὅμως</span> <span class='ocrx_word' id='word_1_165' title='bbox 1335 2207 1449 2278; x_wconf 72' lang='grc' dir='ltr'>ἔχει</span> <span class='ocrx_word' id='word_1_166' title='bbox 1479 2207 1572 2261; x_wconf 89' lang='grc' dir='ltr'><strong>δύο</strong></span> <span class='ocrx_word' id='word_1_167' title='bbox 1606 2210 1819 2276; x_wconf 85' lang='grc' dir='ltr'>φύσεις,</span> 
     </span>
    </p>
   </div>
   <div class='ocr_carea' id='block_1_24' title="bbox 236 2298 1822 2371">
    <p class='ocr_par' dir='ltr' id='par_1_24' title="bbox 236 2298 1822 2371">
     <span class='ocr_line' id='line_1_24' title="bbox 236 2298 1822 2371; baseline -0.002 -18"><span class='ocrx_word' id='word_1_168' title='bbox 236 2300 337 2371; x_wconf 80' lang='grc' dir='ltr'>τῆς</span> <span class='ocrx_word' id='word_1_169' title='bbox 364 2298 615 2369; x_wconf 84' lang='grc' dir='ltr'>θεότητος</span> <span class='ocrx_word' id='word_1_170' title='bbox 645 2298 741 2351; x_wconf 74' lang='grc' dir='ltr'>καὶ</span> <span class='ocrx_word' id='word_1_171' title='bbox 769 2298 869 2368; x_wconf 82' lang='grc' dir='ltr'>τῆς</span> <span class='ocrx_word' id='word_1_172' title='bbox 906 2298 1329 2368; x_wconf 84' lang='grc' dir='ltr'>ἀνθρωπότητος</span> <span class='ocrx_word' id='word_1_173' title='bbox 1368 2298 1557 2353; x_wconf 87' lang='grc' dir='ltr'>αὑτοῦ.</span> <span class='ocrx_word' id='word_1_174' title='bbox 1603 2299 1696 2351; x_wconf 87' lang='grc' dir='ltr'>Ἐκ</span> <span class='ocrx_word' id='word_1_175' title='bbox 1722 2298 1822 2367; x_wconf 77' lang='grc' dir='ltr'><strong>μὲν</strong></span> 
     </span>
    </p>
   </div>
   <div class='ocr_carea' id='block_1_25' title="bbox 235 2386 1823 2460">
    <p class='ocr_par' dir='ltr' id='par_1_25' title="bbox 235 2386 1823 2460">
     <span class='ocr_line' id='line_1_25' title="bbox 235 2386 1823 2460; baseline -0.003 -15"><span class='ocrx_word' id='word_1_176' title='bbox 235 2386 331 2445; x_wconf 79' lang='grc' dir='ltr'><strong>οὖν</strong></span> <span class='ocrx_word' id='word_1_177' title='bbox 360 2390 460 2460; x_wconf 81' lang='grc' dir='ltr'>τῆς</span> <span class='ocrx_word' id='word_1_178' title='bbox 488 2390 744 2460; x_wconf 85' lang='grc' dir='ltr'>θεότητος</span> <span class='ocrx_word' id='word_1_179' title='bbox 773 2390 806 2459; x_wconf 84' lang='grc' dir='ltr'><strong>ἡ</strong></span> <span class='ocrx_word' id='word_1_180' title='bbox 864 2389 991 2455; x_wconf 85' lang='grc' dir='ltr'>δόξα</span> <span class='ocrx_word' id='word_1_181' title='bbox 1025 2388 1272 2458; x_wconf 84' lang='grc' dir='ltr'>φυσικῶς</span> <span class='ocrx_word' id='word_1_182' title='bbox 1307 2387 1595 2459; x_wconf 84' lang='grc' dir='ltr'>προιοῦσα,</span> <span class='ocrx_word' id='word_1_183' title='bbox 1626 2387 1823 2441; x_wconf 77' lang='grc' dir='ltr'>ἑκατέ-</span> 
     </span>
    </p>
   </div>
   <div class='ocr_carea' id='block_1_26' title="bbox 239 2466 1823 2555">
    <p class='ocr_par' dir='ltr' id='par_1_26' title="bbox 239 2466 1823 2555">
     <span class='ocr_line' id='line_1_26' title="bbox 239 2466 1823 2555; baseline -0.003 -20"><span class='ocrx_word' id='word_1_184' title='bbox 239 2501 336 2555; x_wconf 82' lang='grc' dir='ltr'><strong>ρου</strong></span> <span class='ocrx_word' id='word_1_185' title='bbox 361 2482 516 2550; x_wconf 82' lang='grc' dir='ltr'>κοινὴ</span> <span class='ocrx_word' id='word_1_186' title='bbox 540 2481 628 2535; x_wconf 82' lang='grc' dir='ltr'>διὰ</span> <span class='ocrx_word' id='word_1_187' title='bbox 650 2482 747 2552; x_wconf 82' lang='grc' dir='ltr'>τὴν</span> <span class='ocrx_word' id='word_1_188' title='bbox 766 2481 864 2550; x_wconf 86' lang='grc' dir='ltr'>τῆς</span> <span class='ocrx_word' id='word_1_189' title='bbox 880 2480 1235 2544; x_wconf 82' lang='grc' dir='ltr'>ὑποστάσεως</span> <span class='ocrx_word' id='word_1_190' title='bbox 1257 2480 1475 2549; x_wconf 79' lang='grc' dir='ltr'>ἐγένετο</span> <span class='ocrx_word' id='word_1_191' title='bbox 1498 2466 1823 2548; x_wconf 75' lang='grc' dir='ltr'>ταυτότητᾶ,</span> 
     </span>
    </p>
   </div>
   <div class='ocr_carea' id='block_1_27' title="bbox 236 2566 1824 2645">
    <p class='ocr_par' dir='ltr' id='par_1_27' title="bbox 236 2566 1824 2645">
     <span class='ocr_line' id='line_1_27' title="bbox 236 2566 1824 2645; baseline -0.003 -17"><span class='ocrx_word' id='word_1_192' title='bbox 236 2577 302 2628; x_wconf 80' lang='grc' dir='ltr'>ὲκ</span> <span class='ocrx_word' id='word_1_193' title='bbox 329 2574 384 2629; x_wconf 79' lang='grc' dir='ltr'>δὲ</span> <span class='ocrx_word' id='word_1_194' title='bbox 418 2574 515 2644; x_wconf 84' lang='grc' dir='ltr'>τῆς</span> <span class='ocrx_word' id='word_1_195' title='bbox 552 2574 775 2644; x_wconf 85' lang='grc' dir='ltr'>σαρκὸς,</span> <span class='ocrx_word' id='word_1_196' title='bbox 808 2573 877 2626; x_wconf 82' lang='grc' dir='ltr'>τὰ</span> <span class='ocrx_word' id='word_1_197' title='bbox 898 2573 1133 2627; x_wconf 84' lang='grc' dir='ltr'>ταπεινὰ</span> <span class='ocrx_word' id='word_1_198' title='bbox 1157 2573 1408 2645; x_wconf 81' lang='grc' dir='ltr'>ἑκατέρῳ</span> <span class='ocrx_word' id='word_1_199' title='bbox 1443 2570 1462 2610; x_wconf 81' lang='grc' dir='ltr'>ι</span> <span class='ocrx_word' id='word_1_200' title='bbox 1501 2572 1677 2627; x_wconf 79' lang='grc' dir='ltr'>κοινά.</span> <span class='ocrx_word' id='word_1_201' title='bbox 1727 2566 1824 2635; x_wconf 77' lang='grc' dir='ltr'><strong>Εἷς</strong></span> 
     </span>
    </p>
   </div>
   <div class='ocr_carea' id='block_1_28' title="bbox 237 2663 1825 2737">
    <p class='ocr_par' dir='ltr' id='par_1_28' title="bbox 237 2663 1825 2737">
     <span class='ocr_line' id='line_1_28' title="bbox 237 2663 1825 2737; baseline -0.004 -16"><span class='ocrx_word' id='word_1_202' title='bbox 237 2669 347 2737; x_wconf 83' lang='grc' dir='ltr'>γάρ</span> <span class='ocrx_word' id='word_1_203' title='bbox 378 2668 495 2719; x_wconf 79' lang='grc' dir='ltr'>ἐστι</span> <span class='ocrx_word' id='word_1_204' title='bbox 529 2668 623 2720; x_wconf 70' lang='grc' dir='ltr'><strong>καὶ</strong></span> <span class='ocrx_word' id='word_1_205' title='bbox 656 2666 817 2729; x_wconf 84' lang='grc' dir='ltr'>αὑτὸς</span> <span class='ocrx_word' id='word_1_206' title='bbox 849 2666 877 2717; x_wconf 85' lang='grc' dir='ltr'><strong>ὁ</strong></span> <span class='ocrx_word' id='word_1_207' title='bbox 899 2665 1057 2719; x_wconf 84' lang='grc' dir='ltr'>τοῦτό</span> <span class='ocrx_word' id='word_1_208' title='bbox 1080 2683 1139 2718; x_wconf 90' lang='grc' dir='ltr'><strong>τε</strong></span> <span class='ocrx_word' id='word_1_209' title='bbox 1169 2667 1392 2719; x_wconf 83' lang='grc' dir='ltr'>κάκεῖνο</span> <span class='ocrx_word' id='word_1_210' title='bbox 1428 2664 1525 2730; x_wconf 83' lang='grc' dir='ltr'><strong>ῶν,</strong></span> <span class='ocrx_word' id='word_1_211' title='bbox 1555 2665 1673 2735; x_wconf 74' lang='grc' dir='ltr'>ἦτοι</span> <span class='ocrx_word' id='word_1_212' title='bbox 1691 2663 1825 2726; x_wconf 83' lang='grc' dir='ltr'>Θεὸς</span> 
     </span>
    </p>
   </div>
   <div class='ocr_carea' id='block_1_29' title="bbox 236 2755 1824 2831">
    <p class='ocr_par' dir='ltr' id='par_1_29' title="bbox 236 2755 1824 2831">
     <span class='ocr_line' id='line_1_29' title="bbox 236 2755 1824 2831; baseline -0.006 -16"><span class='ocrx_word' id='word_1_213' title='bbox 236 2762 335 2815; x_wconf 75' lang='grc' dir='ltr'><strong>καὶ</strong></span> <span class='ocrx_word' id='word_1_214' title='bbox 366 2760 678 2831; x_wconf 79' lang='grc' dir='ltr'>ἄνθρωπος,</span> <span class='ocrx_word' id='word_1_215' title='bbox 708 2761 803 2813; x_wconf 75' lang='grc' dir='ltr'><strong>καὶ</strong></span> <span class='ocrx_word' id='word_1_216' title='bbox 838 2757 935 2811; x_wconf 85' lang='grc' dir='ltr'><strong>τοῦ</strong></span> <span class='ocrx_word' id='word_1_217' title='bbox 981 2756 1172 2821; x_wconf 85' lang='grc' dir='ltr'>αὑτοῦ,</span> <span class='ocrx_word' id='word_1_218' title='bbox 1215 2757 1284 2811; x_wconf 83' lang='grc' dir='ltr'>τά</span> <span class='ocrx_word' id='word_1_219' title='bbox 1337 2774 1395 2810; x_wconf 87' lang='grc' dir='ltr'><strong>τε</strong></span> <span class='ocrx_word' id='word_1_220' title='bbox 1429 2757 1530 2826; x_wconf 80' lang='grc' dir='ltr'>τῆς</span> <span class='ocrx_word' id='word_1_221' title='bbox 1570 2755 1824 2824; x_wconf 83' lang='grc' dir='ltr'>θεότητος</span> 
     </span>
    </p>
   </div>
   <div class='ocr_carea' id='block_1_30' title="bbox 1921 552 3493 622">
    <p class='ocr_par' dir='ltr' id='par_1_30' title="bbox 1921 552 3493 622">
     <span class='ocr_line' id='line_1_30' title="bbox 1921 552 3493 622; baseline 0.004 -17"><span class='ocrx_word' id='word_1_222' title='bbox 1921 568 2065 613; x_wconf 88' lang='lat' dir='ltr'><strong>mus,</strong></span> <span class='ocrx_word' id='word_1_223' title='bbox 2106 553 2161 605; x_wconf 94' lang='lat' dir='ltr'><strong>in</strong></span> <span class='ocrx_word' id='word_1_224' title='bbox 2196 552 2456 605; x_wconf 87' lang='lat' dir='ltr'><strong>Actorum</strong></span> <span class='ocrx_word' id='word_1_225' title='bbox 2491 553 2877 622; x_wconf 76' lang='lat' dir='ltr'><strong>explanatione</strong></span> <span class='ocrx_word' id='word_1_226' title='bbox 2908 553 2976 615; x_wconf 80' lang='lat'><strong>&quot;,</strong></span> <span class='ocrx_word' id='word_1_227' title='bbox 3006 554 3226 609; x_wconf 82' lang='lat' dir='ltr'><strong>homilia</strong></span> <span class='ocrx_word' id='word_1_228' title='bbox 3252 556 3493 611; x_wconf 84' lang='lat' dir='ltr'><strong>secunda</strong></span> 
     </span>
    </p>
   </div>
   <div class='ocr_carea' id='block_1_31' title="bbox 1921 643 3493 715">
    <p class='ocr_par' dir='ltr' id='par_1_31' title="bbox 1921 643 3493 715">
     <span class='ocr_line' id='line_1_31' title="bbox 1921 643 3493 715; baseline 0 -15"><span class='ocrx_word' id='word_1_229' title='bbox 1921 645 2001 700; x_wconf 90' lang='lat' dir='ltr'><strong>sic</strong></span> <span class='ocrx_word' id='word_1_230' title='bbox 2049 645 2331 714; x_wconf 89' lang='lat' dir='ltr'><strong>loquitur:</strong></span> <span class='ocrx_word' id='word_1_231' title='bbox 2379 663 2398 696; x_wconf 76' lang='grc' dir='ltr'><strong>ι</strong></span> <span class='ocrx_word' id='word_1_232' title='bbox 2447 643 2603 698; x_wconf 82' lang='lat' dir='ltr'><strong>Haud</strong></span> <span class='ocrx_word' id='word_1_233' title='bbox 2659 646 2940 715; x_wconf 82' lang='lat' dir='ltr'><strong>quispiam</strong></span> <span class='ocrx_word' id='word_1_234' title='bbox 2998 646 3336 701; x_wconf 83' lang='lat' dir='ltr'><strong>aberraverit</strong></span> <span class='ocrx_word' id='word_1_235' title='bbox 3367 685 3381 708; x_wconf 89' lang='lat'><strong>,</strong></span> <span class='ocrx_word' id='word_1_236' title='bbox 3443 645 3493 700; x_wconf 84' lang='lat' dir='ltr'><strong>si</strong></span> 
     </span>
    </p>
   </div>
   <div class='ocr_carea' id='block_1_32' title="bbox 1920 737 3496 808">
    <p class='ocr_par' dir='ltr' id='par_1_32' title="bbox 1920 737 3496 808">
     <span class='ocr_line' id='line_1_32' title="bbox 1920 737 3496 808; baseline 0.001 -17"><span class='ocrx_word' id='word_1_237' title='bbox 1920 737 2093 807; x_wconf 88' lang='lat' dir='ltr'><strong>ipsius</strong></span> <span class='ocrx_word' id='word_1_238' title='bbox 2116 750 2335 805; x_wconf 89' lang='lat' dir='ltr'><strong>quoque</strong></span> <span class='ocrx_word' id='word_1_239' title='bbox 2376 737 2685 806; x_wconf 83' lang='lat' dir='ltr'><strong>passionem</strong></span> <span class='ocrx_word' id='word_1_240' title='bbox 2714 739 2969 791; x_wconf 79' lang='lat' dir='ltr'><strong>actionem</strong></span> <span class='ocrx_word' id='word_1_241' title='bbox 3001 739 3309 808; x_wconf 85' lang='lat' dir='ltr'><strong>appellarit.</strong></span> <span class='ocrx_word' id='word_1_242' title='bbox 3337 739 3395 792; x_wconf 89' lang='lat' dir='ltr'><strong>In</strong></span> <span class='ocrx_word' id='word_1_243' title='bbox 3428 751 3496 792; x_wconf 89' lang='lat' dir='ltr'><strong>eo</strong></span> 
     </span>
    </p>
   </div>
   <div class='ocr_carea' id='block_1_33' title="bbox 1919 825 3497 897">
    <p class='ocr_par' dir='ltr' id='par_1_33' title="bbox 1919 825 3497 897">
     <span class='ocr_line' id='line_1_33' title="bbox 1919 825 3497 897; baseline 0.002 -16"><span class='ocrx_word' id='word_1_244' title='bbox 1919 826 2062 882; x_wconf 89' lang='lat' dir='ltr'><strong>enim</strong></span> <span class='ocrx_word' id='word_1_245' title='bbox 2090 825 2236 896; x_wconf 90' lang='lat' dir='ltr'><strong>quod</strong></span> <span class='ocrx_word' id='word_1_246' title='bbox 2259 826 2446 880; x_wconf 88' lang='lat' dir='ltr'><strong>omnia</strong></span> <span class='ocrx_word' id='word_1_247' title='bbox 2483 842 2775 895; x_wconf 87' lang='lat' dir='ltr'><strong>perpessus</strong></span> <span class='ocrx_word' id='word_1_248' title='bbox 2803 838 2907 890; x_wconf 89' lang='lat' dir='ltr'><strong>est,</strong></span> <span class='ocrx_word' id='word_1_249' title='bbox 2935 828 3132 897; x_wconf 78' lang='lat' dir='ltr'><strong>ingens</strong></span> <span class='ocrx_word' id='word_1_250' title='bbox 3168 829 3297 884; x_wconf 89' lang='lat' dir='ltr'><strong>illud</strong></span> <span class='ocrx_word' id='word_1_251' title='bbox 3333 837 3497 897; x_wconf 87' lang='lat' dir='ltr'><strong>atque</strong></span> 
     </span>
    </p>
   </div>
   <div class='ocr_carea' id='block_1_34' title="bbox 1919 918 3495 988">
    <p class='ocr_par' dir='ltr' id='par_1_34' title="bbox 1919 918 3495 988">
     <span class='ocr_line' id='line_1_34' title="bbox 1919 918 3495 988; baseline 0 -15"><span class='ocrx_word' id='word_1_252' title='bbox 1919 918 2229 973; x_wconf 87' lang='lat' dir='ltr'><strong>mirandum</strong></span> <span class='ocrx_word' id='word_1_253' title='bbox 2262 933 2403 988; x_wconf 92' lang='lat' dir='ltr'><strong>opus</strong></span> <span class='ocrx_word' id='word_1_254' title='bbox 2445 919 2704 987; x_wconf 90' lang='lat' dir='ltr'><strong>patravit,</strong></span> <span class='ocrx_word' id='word_1_255' title='bbox 2735 927 2965 974; x_wconf 89' lang='lat' dir='ltr'><strong>mortem</strong></span> <span class='ocrx_word' id='word_1_256' title='bbox 3000 922 3313 985; x_wconf 87' lang='lat' dir='ltr'><strong>destruens,</strong></span> <span class='ocrx_word' id='word_1_257' title='bbox 3355 920 3495 974; x_wconf 86' lang='lat' dir='ltr'><strong>alia-</strong></span> 
     </span>
    </p>
   </div>
   <div class='ocr_carea' id='block_1_35' title="bbox 1919 1010 2589 1080">
    <p class='ocr_par' dir='ltr' id='par_1_35' title="bbox 1919 1010 2589 1080">
     <span class='ocr_line' id='line_1_35' title="bbox 1919 1010 2589 1080; baseline -0.004 -15"><span class='ocrx_word' id='word_1_258' title='bbox 1919 1026 2026 1080; x_wconf 89' lang='lat' dir='ltr'><strong>que</strong></span> <span class='ocrx_word' id='word_1_259' title='bbox 2059 1010 2241 1064; x_wconf 86' lang='lat' dir='ltr'><strong>omnia</strong></span> <span class='ocrx_word' id='word_1_260' title='bbox 2270 1026 2525 1080; x_wconf 92' lang='lat' dir='ltr'><strong>operans.</strong></span> <span class='ocrx_word' id='word_1_261' title='bbox 2570 1029 2589 1062; x_wconf 73' lang='grc' dir='ltr'><strong>ι</strong></span> 
     </span>
    </p>
   </div>
   <div class='ocr_carea' id='block_1_36' title="bbox 1989 1102 3497 1174">
    <p class='ocr_par' dir='ltr' id='par_1_36' title="bbox 1989 1102 3497 1174">
     <span class='ocr_line' id='line_1_36' title="bbox 1989 1102 3497 1174; baseline 0.001 -17"><span class='ocrx_word' id='word_1_262' title='bbox 1989 1102 2192 1157; x_wconf 81' lang='lat' dir='ltr'><strong>Christi</strong></span> <span class='ocrx_word' id='word_1_263' title='bbox 2220 1106 2454 1157; x_wconf 80' lang='lat' dir='ltr'><strong>actiones</strong></span> <span class='ocrx_word' id='word_1_264' title='bbox 2486 1104 2762 1174; x_wconf 85' lang='lat' dir='ltr'><strong>utriusque</strong></span> <span class='ocrx_word' id='word_1_265' title='bbox 2804 1104 2992 1173; x_wconf 66' lang='lat' dir='ltr'><strong>formae</strong></span> <span class='ocrx_word' id='word_1_266' title='bbox 3021 1107 3388 1160; x_wconf 81' lang='lat' dir='ltr'><strong>communiter.</strong></span> <span class='ocrx_word' id='word_1_267' title='bbox 3425 1133 3497 1145; x_wconf 96' lang='lat'>—</span> 
     </span>
    </p>
   </div>
   <div class='ocr_carea' id='block_1_37' title="bbox 1916 1191 3498 1262">
    <p class='ocr_par' dir='ltr' id='par_1_37' title="bbox 1916 1191 3498 1262">
     <span class='ocr_line' id='line_1_37' title="bbox 1916 1191 3498 1262; baseline -0.001 -15"><span class='ocrx_word' id='word_1_268' title='bbox 1916 1191 2039 1247; x_wconf 80' lang='lat' dir='ltr'><strong>Jam</strong></span> <span class='ocrx_word' id='word_1_269' title='bbox 2086 1192 2133 1248; x_wconf 88' lang='lat' dir='ltr'><strong>si</strong></span> <span class='ocrx_word' id='word_1_270' title='bbox 2176 1193 2356 1247; x_wconf 88' lang='lat' dir='ltr'><strong>omnis</strong></span> <span class='ocrx_word' id='word_1_271' title='bbox 2386 1194 2632 1262; x_wconf 86' lang='lat' dir='ltr'><strong>operatio</strong></span> <span class='ocrx_word' id='word_1_272' title='bbox 2662 1194 2736 1247; x_wconf 86' lang='lat' dir='ltr'><strong>ita</strong></span> <span class='ocrx_word' id='word_1_273' title='bbox 2769 1193 3051 1256; x_wconf 81' lang='lat' dir='ltr'><strong>deﬁnitur.</strong></span> <span class='ocrx_word' id='word_1_274' title='bbox 3087 1204 3147 1248; x_wconf 89' lang='lat' dir='ltr'><strong>ut</strong></span> <span class='ocrx_word' id='word_1_275' title='bbox 3180 1195 3251 1249; x_wconf 91' lang='lat' dir='ltr'><strong>sit</strong></span> <span class='ocrx_word' id='word_1_276' title='bbox 3286 1203 3498 1247; x_wconf 67' lang='lat' dir='ltr'><strong>natura</strong></span> 
     </span>
    </p>
   </div>
   <div class='ocr_carea' id='block_1_38' title="bbox 1918 1282 3495 1355">
    <p class='ocr_par' dir='ltr' id='par_1_38' title="bbox 1918 1282 3495 1355">
     <span class='ocr_line' id='line_1_38' title="bbox 1918 1282 3495 1355; baseline -0.003 -14"><span class='ocrx_word' id='word_1_277' title='bbox 1918 1285 2226 1355; x_wconf 73' lang='lat' dir='ltr'><strong>cuiuspiam</strong></span> <span class='ocrx_word' id='word_1_278' title='bbox 2259 1285 2640 1340; x_wconf 82' lang='lat' dir='ltr'><strong>substantialis</strong></span> <span class='ocrx_word' id='word_1_279' title='bbox 2685 1293 2901 1351; x_wconf 90' lang='lat' dir='ltr'><strong>motus,</strong></span> <span class='ocrx_word' id='word_1_280' title='bbox 2934 1286 3080 1341; x_wconf 88' lang='lat' dir='ltr'><strong>sicut</strong></span> <span class='ocrx_word' id='word_1_281' title='bbox 3112 1285 3303 1343; x_wconf 86' lang='lat' dir='ltr'><strong>harum</strong></span> <span class='ocrx_word' id='word_1_282' title='bbox 3333 1282 3495 1354; x_wconf 77' lang='lat' dir='ltr'><strong>periti</strong></span> 
     </span>
    </p>
   </div>
   <div class='ocr_carea' id='block_1_39' title="bbox 1918 1377 3497 1447">
    <p class='ocr_par' dir='ltr' id='par_1_39' title="bbox 1918 1377 3497 1447">
     <span class='ocr_line' id='line_1_39' title="bbox 1918 1377 3497 1447; baseline 0.001 -17"><span class='ocrx_word' id='word_1_283' title='bbox 1918 1377 2279 1441; x_wconf 88' lang='lat' dir='ltr'><strong>tradiderunt,</strong></span> <span class='ocrx_word' id='word_1_284' title='bbox 2298 1378 2520 1431; x_wconf 88' lang='lat' dir='ltr'><strong>ubinam</strong></span> <span class='ocrx_word' id='word_1_285' title='bbox 2547 1378 2765 1432; x_wconf 86' lang='lat' dir='ltr'><strong>tandem</strong></span> <span class='ocrx_word' id='word_1_286' title='bbox 2794 1378 2993 1447; x_wconf 91' lang='lat' dir='ltr'><strong>aliquis</strong></span> <span class='ocrx_word' id='word_1_287' title='bbox 3026 1387 3276 1431; x_wconf 87' lang='lat' dir='ltr'><strong>naturam</strong></span> <span class='ocrx_word' id='word_1_288' title='bbox 3307 1377 3497 1431; x_wconf 81' lang='lat' dir='ltr'><strong>immo-</strong></span> 
     </span>
    </p>
   </div>
   <div class='ocr_carea' id='block_1_40' title="bbox 1916 1468 3494 1539">
    <p class='ocr_par' dir='ltr' id='par_1_40' title="bbox 1916 1468 3494 1539">
     <span class='ocr_line' id='line_1_40' title="bbox 1916 1468 3494 1539; baseline -0.001 -16"><span class='ocrx_word' id='word_1_289' title='bbox 1916 1468 2107 1533; x_wconf 86' lang='lat' dir='ltr'><strong>bilem,</strong></span> <span class='ocrx_word' id='word_1_290' title='bbox 2132 1480 2226 1523; x_wconf 90' lang='lat' dir='ltr'><strong>aut</strong></span> <span class='ocrx_word' id='word_1_291' title='bbox 2258 1470 2596 1538; x_wconf 85' lang='lat' dir='ltr'><strong>operationis</strong></span> <span class='ocrx_word' id='word_1_292' title='bbox 2636 1477 2917 1539; x_wconf 72' lang='lat' dir='ltr'><strong>erpertem</strong></span> <span class='ocrx_word' id='word_1_293' title='bbox 2966 1471 3141 1534; x_wconf 90' lang='lat' dir='ltr'><strong>novit,</strong></span> <span class='ocrx_word' id='word_1_294' title='bbox 3208 1477 3302 1522; x_wconf 91' lang='lat' dir='ltr'><strong>aut</strong></span> <span class='ocrx_word' id='word_1_295' title='bbox 3345 1468 3494 1536; x_wconf 86' lang='lat' dir='ltr'><strong>ejus-</strong></span> 
     </span>
    </p>
   </div>
   <div class='ocr_carea' id='block_1_41' title="bbox 1918 1556 3546 1627">
    <p class='ocr_par' dir='ltr' id='par_1_41' title="bbox 1918 1556 3546 1627">
     <span class='ocr_line' id='line_1_41' title="bbox 1918 1556 3546 1627; baseline 0.001 -15"><span class='ocrx_word' id='word_1_296' title='bbox 1918 1557 2066 1612; x_wconf 89' lang='lat' dir='ltr'><strong>modi</strong></span> <span class='ocrx_word' id='word_1_297' title='bbox 2091 1558 2465 1627; x_wconf 76' lang='lat' dir='ltr'><strong>Operationem</strong></span> <span class='ocrx_word' id='word_1_298' title='bbox 2499 1556 2732 1621; x_wconf 90' lang='lat' dir='ltr'><strong>invenit,</strong></span> <span class='ocrx_word' id='word_1_299' title='bbox 2767 1574 2890 1627; x_wconf 62' lang='lat' dir='ltr'><strong>qua:</strong></span> <span class='ocrx_word' id='word_1_300' title='bbox 2918 1558 3181 1627; x_wconf 69' lang='lat' dir='ltr'><strong>potentiae</strong></span> <span class='ocrx_word' id='word_1_301' title='bbox 3221 1559 3500 1613; x_wconf 88' lang='lat' dir='ltr'><strong>naturalis</strong></span> <span class='ocrx_word' id='word_1_302' title='bbox 3540 1590 3546 1596; x_wconf 59' lang='grc' dir='ltr'><strong>ε</strong></span> 
     </span>
    </p>
   </div>
   <div class='ocr_carea' id='block_1_42' title="bbox 1918 1647 3502 1727">
    <p class='ocr_par' dir='ltr' id='par_1_42' title="bbox 1918 1647 3502 1727">
     <span class='ocr_line' id='line_1_42' title="bbox 1918 1647 3502 1727; baseline 0.001 -26"><span class='ocrx_word' id='word_1_303' title='bbox 1918 1655 2101 1704; x_wconf 88' lang='lat' dir='ltr'><strong>motus</strong></span> <span class='ocrx_word' id='word_1_304' title='bbox 2152 1663 2261 1703; x_wconf 91' lang='lat' dir='ltr'><strong>non</strong></span> <span class='ocrx_word' id='word_1_305' title='bbox 2304 1648 2493 1727; x_wconf 79' lang='lat' dir='ltr'><strong>esset?</strong></span> <span class='ocrx_word' id='word_1_306' title='bbox 2537 1647 2710 1704; x_wconf 88' lang='lat' dir='ltr'><strong>Unam</strong></span> <span class='ocrx_word' id='word_1_307' title='bbox 2754 1664 2922 1717; x_wconf 88' lang='lat' dir='ltr'><strong>porro</strong></span> <span class='ocrx_word' id='word_1_308' title='bbox 2974 1649 3279 1703; x_wconf 88' lang='lat' dir='ltr'><strong>naturalem</strong></span> <span class='ocrx_word' id='word_1_309' title='bbox 3339 1647 3502 1719; x_wconf 77' lang='lat'><strong>235</strong></span> 
     </span>
    </p>
   </div>
   <div class='ocr_carea' id='block_1_43' title="bbox 1921 1737 3500 1809">
    <p class='ocr_par' dir='ltr' id='par_1_43' title="bbox 1921 1737 3500 1809">
     <span class='ocr_line' id='line_1_43' title="bbox 1921 1737 3500 1809; baseline 0.001 -15"><span class='ocrx_word' id='word_1_310' title='bbox 1921 1741 2191 1796; x_wconf 87' lang='lat' dir='ltr'><strong>actionem</strong></span> <span class='ocrx_word' id='word_1_311' title='bbox 2222 1737 2313 1795; x_wconf 90' lang='lat' dir='ltr'><strong>Dei</strong></span> <span class='ocrx_word' id='word_1_312' title='bbox 2344 1747 2396 1795; x_wconf 90' lang='lat' dir='ltr'><strong>et</strong></span> <span class='ocrx_word' id='word_1_313' title='bbox 2419 1747 2705 1804; x_wconf 71' lang='lat' dir='ltr'><strong>creaturae,</strong></span> <span class='ocrx_word' id='word_1_314' title='bbox 2736 1756 2898 1795; x_wconf 91' lang='lat' dir='ltr'><strong>nemo</strong></span> <span class='ocrx_word' id='word_1_315' title='bbox 2921 1741 3166 1809; x_wconf 89' lang='lat' dir='ltr'><strong>prudens</strong></span> <span class='ocrx_word' id='word_1_316' title='bbox 3205 1755 3500 1796; x_wconf 82' lang='lat' dir='ltr'><strong>concesse-</strong></span> 
     </span>
    </p>
   </div>
   <div class='ocr_carea' id='block_1_44' title="bbox 1922 1831 3502 1904">
    <p class='ocr_par' dir='ltr' id='par_1_44' title="bbox 1922 1831 3502 1904">
     <span class='ocr_line' id='line_1_44' title="bbox 1922 1831 3502 1904; baseline -0.001 -17"><span class='ocrx_word' id='word_1_317' title='bbox 1922 1833 2014 1899; x_wconf 88' lang='lat' dir='ltr'><strong>rit,</strong></span> <span class='ocrx_word' id='word_1_318' title='bbox 2040 1840 2263 1887; x_wconf 88' lang='lat' dir='ltr'><strong>auctore</strong></span> <span class='ocrx_word' id='word_1_319' title='bbox 2297 1832 2460 1887; x_wconf 89' lang='lat' dir='ltr'><strong>beato</strong></span> <span class='ocrx_word' id='word_1_320' title='bbox 2484 1832 2690 1904; x_wconf 87' lang='lat' dir='ltr'><strong>Cyrillo</strong></span> <span class='ocrx_word' id='word_1_321' title='bbox 2724 1834 2792 1887; x_wconf 82' lang='lat'><strong>&#39;°.</strong></span> <span class='ocrx_word' id='word_1_322' title='bbox 2815 1831 2929 1888; x_wconf 88' lang='lat' dir='ltr'><strong>Nec</strong></span> <span class='ocrx_word' id='word_1_323' title='bbox 2958 1834 3105 1888; x_wconf 91' lang='lat' dir='ltr'><strong>enim</strong></span> <span class='ocrx_word' id='word_1_324' title='bbox 3132 1834 3371 1887; x_wconf 87' lang='lat' dir='ltr'><strong>humana</strong></span> <span class='ocrx_word' id='word_1_325' title='bbox 3403 1848 3502 1886; x_wconf 85' lang='lat' dir='ltr'><strong>na-</strong></span> 
     </span>
    </p>
   </div>
   <div class='ocr_carea' id='block_1_45' title="bbox 1922 1916 3501 1989">
    <p class='ocr_par' dir='ltr' id='par_1_45' title="bbox 1922 1916 3501 1989">
     <span class='ocr_line' id='line_1_45' title="bbox 1922 1916 3501 1989; baseline -0.001 -12"><span class='ocrx_word' id='word_1_326' title='bbox 1922 1930 2048 1978; x_wconf 85' lang='lat' dir='ltr'><strong>tura</strong></span> <span class='ocrx_word' id='word_1_327' title='bbox 2106 1922 2373 1977; x_wconf 81' lang='lat' dir='ltr'><strong>Lazarum</strong></span> <span class='ocrx_word' id='word_1_328' title='bbox 2423 1916 2454 1976; x_wconf 74' lang='lat' dir='ltr'><strong>a</strong></span> <span class='ocrx_word' id='word_1_329' title='bbox 2513 1923 2747 1977; x_wconf 88' lang='lat' dir='ltr'><strong>mortuis</strong></span> <span class='ocrx_word' id='word_1_330' title='bbox 2782 1923 2985 1977; x_wconf 82' lang='lat' dir='ltr'><strong>excitat</strong></span> <span class='ocrx_word' id='word_1_331' title='bbox 3019 1923 3100 1989; x_wconf 81' lang='lat'><strong>&#39;“;</strong></span> <span class='ocrx_word' id='word_1_332' title='bbox 3164 1938 3266 1978; x_wconf 90' lang='lat' dir='ltr'><strong>nec</strong></span> <span class='ocrx_word' id='word_1_333' title='bbox 3302 1937 3501 1977; x_wconf 84' lang='lat' dir='ltr'><strong>rursus</strong></span> 
     </span>
    </p>
   </div>
   <div class='ocr_carea' id='block_1_46' title="bbox 1922 2014 3504 2087">
    <p class='ocr_par' dir='ltr' id='par_1_46' title="bbox 1922 2014 3504 2087">
     <span class='ocr_line' id='line_1_46' title="bbox 1922 2014 3504 2087; baseline 0 -18"><span class='ocrx_word' id='word_1_334' title='bbox 1922 2016 2256 2087; x_wconf 85' lang='lat' dir='ltr'><strong>lacrytnatur</strong></span> <span class='ocrx_word' id='word_1_335' title='bbox 2294 2015 2481 2069; x_wconf 88' lang='lat' dir='ltr'><strong>divina</strong></span> <span class='ocrx_word' id='word_1_336' title='bbox 2509 2016 2753 2085; x_wconf 89' lang='lat' dir='ltr'><strong>potentia</strong></span> <span class='ocrx_word' id='word_1_337' title='bbox 2780 2014 3062 2085; x_wconf 72' lang='lat' dir='ltr'><strong>(lacryma:</strong></span> <span class='ocrx_word' id='word_1_338' title='bbox 3092 2014 3359 2084; x_wconf 84' lang='lat' dir='ltr'><strong>siquidem</strong></span> <span class='ocrx_word' id='word_1_339' title='bbox 3402 2014 3504 2069; x_wconf 87' lang='lat' dir='ltr'><strong>hu-</strong></span> 
     </span>
    </p>
   </div>
   <div class='ocr_carea' id='block_1_47' title="bbox 1922 2106 3503 2178">
    <p class='ocr_par' dir='ltr' id='par_1_47' title="bbox 1922 2106 3503 2178">
     <span class='ocr_line' id='line_1_47' title="bbox 1922 2106 3503 2178; baseline -0.001 -16"><span class='ocrx_word' id='word_1_340' title='bbox 1922 2106 2204 2162; x_wconf 89' lang='lat' dir='ltr'><strong>manitatis</strong></span> <span class='ocrx_word' id='word_1_341' title='bbox 2232 2107 2471 2178; x_wconf 73' lang='lat' dir='ltr'><strong>propria:</strong></span> <span class='ocrx_word' id='word_1_342' title='bbox 2498 2118 2659 2173; x_wconf 88' lang='lat' dir='ltr'><strong>sunt;</strong></span> <span class='ocrx_word' id='word_1_343' title='bbox 2692 2107 2800 2161; x_wconf 86' lang='lat' dir='ltr'><strong>vita</strong></span> <span class='ocrx_word' id='word_1_344' title='bbox 2838 2117 3043 2170; x_wconf 90' lang='lat' dir='ltr'><strong>autem,</strong></span> <span class='ocrx_word' id='word_1_345' title='bbox 3077 2122 3221 2161; x_wconf 85' lang='lat' dir='ltr'><strong>verae</strong></span> <span class='ocrx_word' id='word_1_346' title='bbox 3246 2107 3393 2162; x_wconf 91' lang='lat' dir='ltr'><strong>illius</strong></span> <span class='ocrx_word' id='word_1_347' title='bbox 3439 2121 3503 2161; x_wconf 84' lang='lat' dir='ltr'><strong>ac</strong></span> 
     </span>
    </p>
   </div>
   <div class='ocr_carea' id='block_1_48' title="bbox 1923 2199 3504 2269">
    <p class='ocr_par' dir='ltr' id='par_1_48' title="bbox 1923 2199 3504 2269">
     <span class='ocr_line' id='line_1_48' title="bbox 1923 2199 3504 2269; baseline -0.001 -14"><span class='ocrx_word' id='word_1_348' title='bbox 1923 2199 2282 2255; x_wconf 87' lang='lat' dir='ltr'><strong>subsistentis</strong></span> <span class='ocrx_word' id='word_1_349' title='bbox 2316 2199 2494 2266; x_wconf 56' lang='lat' dir='ltr'><strong>vitae):</strong></span> <span class='ocrx_word' id='word_1_350' title='bbox 2524 2209 2653 2252; x_wconf 88' lang='lat' dir='ltr'><strong>sunt</strong></span> <span class='ocrx_word' id='word_1_351' title='bbox 2672 2208 2855 2253; x_wconf 86' lang='lat' dir='ltr'><strong>tamen</strong></span> <span class='ocrx_word' id='word_1_352' title='bbox 2882 2206 3114 2269; x_wconf 87' lang='lat' dir='ltr'><strong>utraque</strong></span> <span class='ocrx_word' id='word_1_353' title='bbox 3138 2199 3223 2253; x_wconf 86' lang='lat' dir='ltr'><strong>his</strong></span> <span class='ocrx_word' id='word_1_354' title='bbox 3253 2214 3504 2253; x_wconf 90' lang='lat' dir='ltr'><strong>commu-</strong></span> 
     </span>
    </p>
   </div>
   <div class='ocr_carea' id='block_1_49' title="bbox 1922 2290 3504 2360">
    <p class='ocr_par' dir='ltr' id='par_1_49' title="bbox 1922 2290 3504 2360">
     <span class='ocr_line' id='line_1_49' title="bbox 1922 2290 3504 2360; baseline 0.003 -16"><span class='ocrx_word' id='word_1_355' title='bbox 1922 2291 2014 2345; x_wconf 91' lang='lat' dir='ltr'><strong>nia</strong></span> <span class='ocrx_word' id='word_1_356' title='bbox 2050 2291 2115 2350; x_wconf 82' lang='grc'><strong>⁵²,</strong></span> <span class='ocrx_word' id='word_1_357' title='bbox 2144 2290 2272 2359; x_wconf 82' lang='lat' dir='ltr'><strong>quia</strong></span> <span class='ocrx_word' id='word_1_358' title='bbox 2304 2305 2412 2343; x_wconf 87' lang='lat' dir='ltr'><strong>una</strong></span> <span class='ocrx_word' id='word_1_359' title='bbox 2453 2290 2756 2359; x_wconf 89' lang='lat' dir='ltr'><strong>eademque</strong></span> <span class='ocrx_word' id='word_1_360' title='bbox 2786 2305 3021 2360; x_wconf 89' lang='lat' dir='ltr'><strong>persona</strong></span> <span class='ocrx_word' id='word_1_361' title='bbox 3052 2298 3157 2345; x_wconf 90' lang='lat' dir='ltr'><strong>est.</strong></span> <span class='ocrx_word' id='word_1_362' title='bbox 3189 2291 3326 2345; x_wconf 79' lang='lat' dir='ltr'><strong>Nam</strong></span> <span class='ocrx_word' id='word_1_363' title='bbox 3360 2306 3504 2348; x_wconf 86' lang='lat' dir='ltr'><strong>unus</strong></span> 
     </span>
    </p>
   </div>
   <div class='ocr_carea' id='block_1_50' title="bbox 1922 2380 3500 2451">
    <p class='ocr_par' dir='ltr' id='par_1_50' title="bbox 1922 2380 3500 2451">
     <span class='ocr_line' id='line_1_50' title="bbox 1922 2380 3500 2451; baseline 0.004 -18"><span class='ocrx_word' id='word_1_364' title='bbox 1922 2381 2142 2451; x_wconf 85' lang='lat' dir='ltr'><strong>quidem</strong></span> <span class='ocrx_word' id='word_1_365' title='bbox 2185 2380 2437 2435; x_wconf 87' lang='lat' dir='ltr'><strong>Christus</strong></span> <span class='ocrx_word' id='word_1_366' title='bbox 2467 2389 2587 2444; x_wconf 89' lang='lat' dir='ltr'><strong>est,</strong></span> <span class='ocrx_word' id='word_1_367' title='bbox 2620 2391 2783 2450; x_wconf 88' lang='lat' dir='ltr'><strong>atque</strong></span> <span class='ocrx_word' id='word_1_368' title='bbox 2812 2396 2918 2434; x_wconf 91' lang='lat' dir='ltr'><strong>una</strong></span> <span class='ocrx_word' id='word_1_369' title='bbox 2948 2381 3069 2449; x_wconf 88' lang='lat' dir='ltr'><strong>ejus</strong></span> <span class='ocrx_word' id='word_1_370' title='bbox 3102 2398 3360 2451; x_wconf 86' lang='lat' dir='ltr'><strong>persona,</strong></span> <span class='ocrx_word' id='word_1_371' title='bbox 3402 2400 3500 2439; x_wconf 89' lang='lat' dir='ltr'><strong>seu</strong></span> 
     </span>
    </p>
   </div>
   <div class='ocr_carea' id='block_1_51' title="bbox 1923 2471 3505 2544">
    <p class='ocr_par' dir='ltr' id='par_1_51' title="bbox 1923 2471 3505 2544">
     <span class='ocr_line' id='line_1_51' title="bbox 1923 2471 3505 2544; baseline 0.002 -17"><span class='ocrx_word' id='word_1_372' title='bbox 1923 2472 2238 2544; x_wconf 84' lang='lat' dir='ltr'><strong>bypostasis</strong></span> <span class='ocrx_word' id='word_1_373' title='bbox 2265 2491 2278 2526; x_wconf 92' lang='lat'><strong>:</strong></span> <span class='ocrx_word' id='word_1_374' title='bbox 2309 2480 2565 2526; x_wconf 78' lang='lat' dir='ltr'><strong>caeterum</strong></span> <span class='ocrx_word' id='word_1_375' title='bbox 2598 2471 2736 2527; x_wconf 87' lang='lat' dir='ltr'><strong>duas</strong></span> <span class='ocrx_word' id='word_1_376' title='bbox 2776 2480 3003 2527; x_wconf 88' lang='lat' dir='ltr'><strong>naturas</strong></span> <span class='ocrx_word' id='word_1_377' title='bbox 3044 2473 3231 2539; x_wconf 84' lang='lat' dir='ltr'><strong>habet,</strong></span> <span class='ocrx_word' id='word_1_378' title='bbox 3282 2474 3505 2531; x_wconf 87' lang='lat' dir='ltr'><strong>deitatis</strong></span> 
     </span>
    </p>
   </div>
   <div class='ocr_carea' id='block_1_52' title="bbox 1923 2561 3500 2632">
    <p class='ocr_par' dir='ltr' id='par_1_52' title="bbox 1923 2561 3500 2632">
     <span class='ocr_line' id='line_1_52' title="bbox 1923 2561 3500 2632; baseline 0.003 -16"><span class='ocrx_word' id='word_1_379' title='bbox 1923 2562 2183 2616; x_wconf 87' lang='lat' dir='ltr'><strong>nimirum</strong></span> <span class='ocrx_word' id='word_1_380' title='bbox 2234 2571 2288 2616; x_wconf 93' lang='lat' dir='ltr'><strong>et</strong></span> <span class='ocrx_word' id='word_1_381' title='bbox 2334 2561 2693 2617; x_wconf 88' lang='lat' dir='ltr'><strong>humanitatis</strong></span> <span class='ocrx_word' id='word_1_382' title='bbox 2728 2577 2859 2617; x_wconf 60' lang='lat' dir='ltr'><strong>suae.</strong></span> <span class='ocrx_word' id='word_1_383' title='bbox 2910 2562 2973 2618; x_wconf 90' lang='lat' dir='ltr'><strong>Et</strong></span> <span class='ocrx_word' id='word_1_384' title='bbox 3004 2563 3226 2632; x_wconf 83' lang='lat' dir='ltr'><strong>quidem</strong></span> <span class='ocrx_word' id='word_1_385' title='bbox 3270 2565 3500 2621; x_wconf 88' lang='lat' dir='ltr'><strong>claritas</strong></span> 
     </span>
    </p>
   </div>
   <div class='ocr_carea' id='block_1_53' title="bbox 1925 2652 3506 2725">
    <p class='ocr_par' dir='ltr' id='par_1_53' title="bbox 1925 2652 3506 2725">
     <span class='ocr_line' id='line_1_53' title="bbox 1925 2652 3506 2725; baseline 0.001 -17"><span class='ocrx_word' id='word_1_386' title='bbox 1925 2653 2253 2708; x_wconf 88' lang='lat' dir='ltr'><strong>naturaliter</strong></span> <span class='ocrx_word' id='word_1_387' title='bbox 2273 2669 2339 2707; x_wconf 80' lang='lat' dir='ltr'><strong>ex</strong></span> <span class='ocrx_word' id='word_1_388' title='bbox 2369 2652 2657 2708; x_wconf 87' lang='lat' dir='ltr'><strong>divinitate</strong></span> <span class='ocrx_word' id='word_1_389' title='bbox 2685 2655 2967 2723; x_wconf 77' lang='lat' dir='ltr'><strong>prodiens,</strong></span> <span class='ocrx_word' id='word_1_390' title='bbox 3001 2656 3223 2725; x_wconf 88' lang='lat' dir='ltr'><strong>utrique</strong></span> <span class='ocrx_word' id='word_1_391' title='bbox 3248 2656 3506 2711; x_wconf 87' lang='lat' dir='ltr'><strong>substan-</strong></span> 
     </span>
    </p>
   </div>
   <div class='ocr_carea' id='block_1_54' title="bbox 1922 2745 3504 2815">
    <p class='ocr_par' dir='ltr' id='par_1_54' title="bbox 1922 2745 3504 2815">
     <span class='ocr_line' id='line_1_54' title="bbox 1922 2745 3504 2815; baseline -0.001 -14"><span class='ocrx_word' id='word_1_392' title='bbox 1922 2746 2014 2801; x_wconf 70' lang='lat' dir='ltr'><strong>tiae</strong></span> <span class='ocrx_word' id='word_1_393' title='bbox 2044 2747 2359 2800; x_wconf 87' lang='lat' dir='ltr'><strong>communis</strong></span> <span class='ocrx_word' id='word_1_394' title='bbox 2390 2745 2582 2799; x_wconf 76' lang='lat' dir='ltr'><strong>eﬂecta</strong></span> <span class='ocrx_word' id='word_1_395' title='bbox 2613 2751 2698 2800; x_wconf 90' lang='lat' dir='ltr'><strong>est</strong></span> <span class='ocrx_word' id='word_1_396' title='bbox 2735 2746 2807 2799; x_wconf 92' lang='lat' dir='ltr'><strong>ob</strong></span> <span class='ocrx_word' id='word_1_397' title='bbox 2842 2761 3092 2815; x_wconf 64' lang='lat' dir='ltr'><strong>personae</strong></span> <span class='ocrx_word' id='word_1_398' title='bbox 3121 2746 3459 2801; x_wconf 88' lang='lat' dir='ltr'><strong>identitatem</strong></span> <span class='ocrx_word' id='word_1_399' title='bbox 3485 2763 3504 2815; x_wconf 89' lang='lat'><strong>;</strong></span> 
     </span>
    </p>
   </div>
   <div class='ocr_carea' id='block_1_55' title="bbox 238 2838 1822 2923">
    <p class='ocr_par' dir='ltr' id='par_1_55' title="bbox 238 2844 1822 2923">
     <span class='ocr_line' id='line_1_55' title="bbox 238 2844 1822 2923; baseline -0.007 -16"><span class='ocrx_word' id='word_1_400' title='bbox 238 2852 335 2907; x_wconf 50' lang='grc' dir='ltr'><strong>καί¹</strong></span> <span class='ocrx_word' id='word_1_401' title='bbox 358 2853 425 2905; x_wconf 75' lang='grc' dir='ltr'><strong>τὰ</strong></span> <span class='ocrx_word' id='word_1_402' title='bbox 444 2852 545 2922; x_wconf 82' lang='grc' dir='ltr'>τῆς</span> <span class='ocrx_word' id='word_1_403' title='bbox 579 2851 1000 2923; x_wconf 83' lang='grc' dir='ltr'>ἀνθρωπότητος</span> <span class='ocrx_word' id='word_1_404' title='bbox 1020 2866 1034 2881; x_wconf 76' lang='grc' dir='ltr'><strong><em>ο</em></strong></span> <span class='ocrx_word' id='word_1_405' title='bbox 1066 2850 1165 2911; x_wconf 82' lang='grc' dir='ltr'>τὰς</span> <span class='ocrx_word' id='word_1_406' title='bbox 1219 2849 1319 2919; x_wconf 81' lang='grc' dir='ltr'>μὲν</span> <span class='ocrx_word' id='word_1_407' title='bbox 1342 2848 1451 2918; x_wconf 85' lang='grc' dir='ltr'>γὰρ</span> <span class='ocrx_word' id='word_1_408' title='bbox 1496 2844 1822 2916; x_wconf 87' lang='grc' dir='ltr'>θεοσημείας</span> 
     </span>
    </p>
   </div>
   <div class='ocr_carea' id='block_1_56' title="bbox 1926 2838 3508 2923">
    <p class='ocr_par' dir='ltr' id='par_1_56' title="bbox 1926 2838 3508 2908">
     <span class='ocr_line' id='line_1_56' title="bbox 1926 2838 3508 2908; baseline 0 -15"><span class='ocrx_word' id='word_1_409' title='bbox 1926 2846 1980 2893; x_wconf 91' lang='lat' dir='ltr'><strong>et</strong></span> <span class='ocrx_word' id='word_1_410' title='bbox 2010 2854 2205 2895; x_wconf 88' lang='lat' dir='ltr'><strong>rursus</strong></span> <span class='ocrx_word' id='word_1_411' title='bbox 2236 2839 2308 2893; x_wconf 92' lang='lat' dir='ltr'><strong>ob</strong></span> <span class='ocrx_word' id='word_1_412' title='bbox 2336 2852 2590 2903; x_wconf 87' lang='lat' dir='ltr'><strong>carnem,</strong></span> <span class='ocrx_word' id='word_1_413' title='bbox 2625 2852 2746 2907; x_wconf 70' lang='lat' dir='ltr'><strong>quae</strong></span> <span class='ocrx_word' id='word_1_414' title='bbox 2794 2838 3023 2892; x_wconf 84' lang='lat' dir='ltr'><strong>humilia</strong></span> <span class='ocrx_word' id='word_1_415' title='bbox 3067 2847 3253 2905; x_wconf 85' lang='lat' dir='ltr'><strong>erant,</strong></span> <span class='ocrx_word' id='word_1_416' title='bbox 3285 2840 3508 2908; x_wconf 80' lang='lat' dir='ltr'><strong>utrique</strong></span> 
     </span>
    </p>
   </div>
   <div class='ocr_carea' id='block_1_57' title="bbox 236 2929 1822 3013">
    <p class='ocr_par' dir='ltr' id='par_1_57' title="bbox 236 2933 1821 3013">
     <span class='ocr_line' id='line_1_57' title="bbox 236 2933 1821 3013; baseline -0.006 -19"><span class='ocrx_word' id='word_1_417' title='bbox 236 2942 273 3013; x_wconf 79' lang='grc' dir='ltr'><strong>ἠ</strong></span> <span class='ocrx_word' id='word_1_418' title='bbox 303 2942 492 3011; x_wconf 83' lang='grc' dir='ltr'>θεότης</span> <span class='ocrx_word' id='word_1_419' title='bbox 517 2942 826 3012; x_wconf 77' lang='grc' dir='ltr'>εἰργάζετο,</span> <span class='ocrx_word' id='word_1_420' title='bbox 874 2938 987 2990; x_wconf 78' lang='grc' dir='ltr'><strong>ἀλλ’</strong></span> <span class='ocrx_word' id='word_1_421' title='bbox 1031 2938 1091 2991; x_wconf 91' lang='grc' dir='ltr'><strong>οὑ</strong></span> <span class='ocrx_word' id='word_1_422' title='bbox 1120 2937 1245 3006; x_wconf 83' lang='grc' dir='ltr'>δίχα</span> <span class='ocrx_word' id='word_1_423' title='bbox 1285 2939 1386 3008; x_wconf 80' lang='grc' dir='ltr'>τῆς</span> <span class='ocrx_word' id='word_1_424' title='bbox 1418 2934 1651 3006; x_wconf 71' lang='grc' dir='ltr'>σαρκόςο</span> <span class='ocrx_word' id='word_1_425' title='bbox 1673 2934 1744 2986; x_wconf 84' lang='grc' dir='ltr'>τὰ</span> <span class='ocrx_word' id='word_1_426' title='bbox 1764 2933 1821 2985; x_wconf 86' lang='grc' dir='ltr'>δὲ</span> 
     </span>
    </p>
   </div>
   <div class='ocr_carea' id='block_1_58' title="bbox 1926 2929 3505 3013">
    <p class='ocr_par' dir='ltr' id='par_1_58' title="bbox 1926 2929 3505 2995">
     <span class='ocr_line' id='line_1_58' title="bbox 1926 2929 3505 2995; baseline -0.001 -10"><span class='ocrx_word' id='word_1_427' title='bbox 1926 2939 2135 2985; x_wconf 84' lang='lat' dir='ltr'><strong>naturae</strong></span> <span class='ocrx_word' id='word_1_428' title='bbox 2164 2930 2481 2985; x_wconf 89' lang='lat' dir='ltr'><strong>communia</strong></span> <span class='ocrx_word' id='word_1_429' title='bbox 2526 2930 2700 2985; x_wconf 82' lang='lat' dir='ltr'><strong>fuere.</strong></span> <span class='ocrx_word' id='word_1_430' title='bbox 2746 2929 2902 2985; x_wconf 90' lang='lat' dir='ltr'><strong>Unus</strong></span> <span class='ocrx_word' id='word_1_431' title='bbox 2936 2931 3080 2985; x_wconf 91' lang='lat' dir='ltr'><strong>enim</strong></span> <span class='ocrx_word' id='word_1_432' title='bbox 3127 2939 3182 2984; x_wconf 85' lang='lat' dir='ltr'><strong>et</strong></span> <span class='ocrx_word' id='word_1_433' title='bbox 3214 2930 3354 2985; x_wconf 90' lang='lat' dir='ltr'><strong>idem</strong></span> <span class='ocrx_word' id='word_1_434' title='bbox 3396 2940 3505 2995; x_wconf 88' lang='lat' dir='ltr'><strong>est,</strong></span> 
     </span>
    </p>
   </div>
   <div class='ocr_carea' id='block_1_59' title="bbox 236 3019 1822 3105">
    <p class='ocr_par' dir='ltr' id='par_1_59' title="bbox 236 3025 1822 3105">
     <span class='ocr_line' id='line_1_59' title="bbox 236 3025 1822 3105; baseline -0.006 -17"><span class='ocrx_word' id='word_1_435' title='bbox 236 3034 475 3089; x_wconf 79' lang='grc' dir='ltr'>ταπεινὰ</span> <span class='ocrx_word' id='word_1_436' title='bbox 522 3036 556 3105; x_wconf 84' lang='grc' dir='ltr'><strong>ἡ</strong></span> <span class='ocrx_word' id='word_1_437' title='bbox 607 3032 764 3103; x_wconf 79' lang='grc' dir='ltr'>σὰρξ,</span> <span class='ocrx_word' id='word_1_438' title='bbox 795 3030 910 3085; x_wconf 85' lang='grc' dir='ltr'><strong>ἀλλ’</strong></span> <span class='ocrx_word' id='word_1_439' title='bbox 956 3030 1018 3083; x_wconf 90' lang='grc' dir='ltr'><strong>οὑ</strong></span> <span class='ocrx_word' id='word_1_440' title='bbox 1065 3030 1235 3102; x_wconf 72' lang='grc' dir='ltr'>χωρὶς</span> <span class='ocrx_word' id='word_1_441' title='bbox 1277 3029 1379 3099; x_wconf 80' lang='grc' dir='ltr'>τῆς</span> <span class='ocrx_word' id='word_1_442' title='bbox 1417 3025 1822 3096; x_wconf 78' lang='grc' dir='ltr'>θεότητος.Καὶ</span> 
     </span>
    </p>
   </div>
   <div class='ocr_carea' id='block_1_60' title="bbox 1926 3019 3503 3105">
    <p class='ocr_par' dir='ltr' id='par_1_60' title="bbox 1926 3019 3503 3093">
     <span class='ocr_line' id='line_1_60' title="bbox 1926 3019 3503 3093; baseline 0 -17"><span class='ocrx_word' id='word_1_443' title='bbox 1926 3023 2020 3093; x_wconf 90' lang='lat' dir='ltr'><strong>qui</strong></span> <span class='ocrx_word' id='word_1_444' title='bbox 2059 3030 2114 3077; x_wconf 90' lang='lat' dir='ltr'><strong>et</strong></span> <span class='ocrx_word' id='word_1_445' title='bbox 2162 3020 2268 3076; x_wconf 87' lang='lat' dir='ltr'><strong>hoc</strong></span> <span class='ocrx_word' id='word_1_446' title='bbox 2308 3027 2364 3074; x_wconf 90' lang='lat' dir='ltr'><strong>et</strong></span> <span class='ocrx_word' id='word_1_447' title='bbox 2407 3019 2543 3074; x_wconf 91' lang='lat' dir='ltr'><strong>illud</strong></span> <span class='ocrx_word' id='word_1_448' title='bbox 2595 3028 2704 3086; x_wconf 91' lang='lat' dir='ltr'><strong>est,</strong></span> <span class='ocrx_word' id='word_1_449' title='bbox 2763 3035 2963 3091; x_wconf 84' lang='lat' dir='ltr'><strong>nempe</strong></span> <span class='ocrx_word' id='word_1_450' title='bbox 3013 3019 3160 3076; x_wconf 88' lang='lat' dir='ltr'><strong>Deus</strong></span> <span class='ocrx_word' id='word_1_451' title='bbox 3206 3029 3261 3075; x_wconf 90' lang='lat' dir='ltr'><strong>et</strong></span> <span class='ocrx_word' id='word_1_452' title='bbox 3308 3020 3503 3088; x_wconf 86' lang='lat' dir='ltr'><strong>homo;</strong></span> 
     </span>
    </p>
   </div>
   <div class='ocr_carea' id='block_1_61' title="bbox 236 3112 1822 3207">
    <p class='ocr_par' dir='ltr' id='par_1_61' title="bbox 236 3115 1819 3197">
     <span class='ocr_line' id='line_1_61' title="bbox 236 3115 1819 3197; baseline 0.001 -19"><span class='ocrx_word' id='word_1_453' title='bbox 236 3123 522 3197; x_wconf 85' lang='grc' dir='ltr'>πασχούσῃ</span> <span class='ocrx_word' id='word_1_454' title='bbox 563 3124 672 3193; x_wconf 81' lang='grc' dir='ltr'>γὰρ</span> <span class='ocrx_word' id='word_1_455' title='bbox 716 3126 782 3194; x_wconf 80' lang='grc' dir='ltr'>τῇ</span> <span class='ocrx_word' id='word_1_456' title='bbox 832 3122 996 3193; x_wconf 77' lang='grc' dir='ltr'>σαρκὶ</span> <span class='ocrx_word' id='word_1_457' title='bbox 1050 3120 1373 3191; x_wconf 85' lang='grc' dir='ltr'>συνημμένη</span> <span class='ocrx_word' id='word_1_458' title='bbox 1420 3115 1490 3191; x_wconf 78' lang='grc' dir='ltr'>ἦν</span> <span class='ocrx_word' id='word_1_459' title='bbox 1536 3121 1569 3189; x_wconf 80' lang='grc' dir='ltr'><strong>ἡ</strong></span> <span class='ocrx_word' id='word_1_460' title='bbox 1610 3117 1819 3186; x_wconf 69' lang='grc' dir='ltr'>θεότηςν</span> 
     </span>
    </p>
   </div>
   <div class='ocr_carea' id='block_1_62' title="bbox 1926 3112 3508 3207">
    <p class='ocr_par' dir='ltr' id='par_1_62' title="bbox 1928 3112 3508 3183">
     <span class='ocr_line' id='line_1_62' title="bbox 1928 3112 3508 3183; baseline -0.001 -14"><span class='ocrx_word' id='word_1_461' title='bbox 1928 3113 2291 3183; x_wconf 84' lang='lat' dir='ltr'><strong>ejusdemque</strong></span> <span class='ocrx_word' id='word_1_462' title='bbox 2330 3121 2479 3177; x_wconf 91' lang='lat' dir='ltr'><strong>sunt,</strong></span> <span class='ocrx_word' id='word_1_463' title='bbox 2530 3118 2644 3165; x_wconf 92' lang='lat' dir='ltr'><strong>tum</strong></span> <span class='ocrx_word' id='word_1_464' title='bbox 2696 3128 2819 3181; x_wconf 75' lang='lat' dir='ltr'><strong>qua:</strong></span> <span class='ocrx_word' id='word_1_465' title='bbox 2853 3112 3170 3181; x_wconf 88' lang='lat' dir='ltr'><strong>divinitati,</strong></span> <span class='ocrx_word' id='word_1_466' title='bbox 3228 3118 3341 3167; x_wconf 91' lang='lat' dir='ltr'><strong>tum</strong></span> <span class='ocrx_word' id='word_1_467' title='bbox 3385 3124 3508 3182; x_wconf 66' lang='lat' dir='ltr'><strong>qua</strong></span> 
     </span>
    </p>
   </div>
   <div class='ocr_carea' id='block_1_63' title="bbox 237 3209 1867 3287">
    <p class='ocr_par' dir='ltr' id='par_1_63' title="bbox 237 3209 1867 3287">
     <span class='ocr_line' id='line_1_63' title="bbox 237 3209 1867 3287; baseline -0.005 -17"><span class='ocrx_word' id='word_1_468' title='bbox 237 3216 457 3287; x_wconf 77' lang='grc' dir='ltr'>ἀπαθὴς</span> <span class='ocrx_word' id='word_1_469' title='bbox 481 3215 835 3285; x_wconf 81' lang='grc' dir='ltr'>διαμένουσα,</span> <span class='ocrx_word' id='word_1_470' title='bbox 880 3214 977 3268; x_wconf 81' lang='grc' dir='ltr'>καὶ</span> <span class='ocrx_word' id='word_1_471' title='bbox 1012 3212 1079 3266; x_wconf 85' lang='grc' dir='ltr'>τὰ</span> <span class='ocrx_word' id='word_1_472' title='bbox 1106 3212 1255 3283; x_wconf 86' lang='grc' dir='ltr'>πάθη</span> <span class='ocrx_word' id='word_1_473' title='bbox 1291 3210 1589 3265; x_wconf 75' lang='grc' dir='ltr'>ἐκτελοῦσα</span> <span class='ocrx_word' id='word_1_474' title='bbox 1618 3209 1687 3263; x_wconf 81' lang='grc' dir='ltr'>τὰ</span> <span class='ocrx_word' id='word_1_475' title='bbox 1715 3226 1824 3263; x_wconf 78' lang='grc' dir='ltr'>σω·</span> <span class='ocrx_word' id='word_1_476' title='bbox 1862 3244 1867 3249; x_wconf 61' lang='grc' dir='ltr'><strong>ο</strong></span> 
     </span>
    </p>
   </div>
   <div class='ocr_carea' id='block_1_64' title="bbox 235 3302 1822 3377">
    <p class='ocr_par' dir='ltr' id='par_1_64' title="bbox 235 3302 1822 3377">
     <span class='ocr_line' id='line_1_64' title="bbox 235 3302 1822 3377; baseline -0.005 -17"><span class='ocrx_word' id='word_1_477' title='bbox 235 3308 429 3377; x_wconf 79' lang='grc' dir='ltr'>τήρια,</span> <span class='ocrx_word' id='word_1_478' title='bbox 460 3306 554 3359; x_wconf 72' lang='grc' dir='ltr'><strong>καὶ</strong></span> <span class='ocrx_word' id='word_1_479' title='bbox 580 3305 882 3377; x_wconf 75' lang='grc' dir='ltr'>ὲνεργούσῃ</span> <span class='ocrx_word' id='word_1_480' title='bbox 935 3307 1004 3376; x_wconf 84' lang='grc' dir='ltr'>τῇ</span> <span class='ocrx_word' id='word_1_481' title='bbox 1071 3302 1169 3359; x_wconf 86' lang='grc' dir='ltr'><strong>τοῦ</strong></span> <span class='ocrx_word' id='word_1_482' title='bbox 1217 3302 1394 3372; x_wconf 88' lang='grc' dir='ltr'>Λόγου</span> <span class='ocrx_word' id='word_1_483' title='bbox 1445 3302 1663 3372; x_wconf 85' lang='grc' dir='ltr'>θεότητι</span> <span class='ocrx_word' id='word_1_484' title='bbox 1695 3317 1822 3353; x_wconf 82' lang='grc' dir='ltr'>συν-</span> 
     </span>
    </p>
   </div>
   <div class='ocr_carea' id='block_1_65' title="bbox 238 3392 1825 3471">
    <p class='ocr_par' dir='ltr' id='par_1_65' title="bbox 238 3392 1825 3471">
     <span class='ocr_line' id='line_1_65' title="bbox 238 3392 1825 3471; baseline -0.004 -19"><span class='ocrx_word' id='word_1_485' title='bbox 238 3398 488 3471; x_wconf 81' lang='grc' dir='ltr'>ημμένος</span> <span class='ocrx_word' id='word_1_486' title='bbox 532 3394 600 3471; x_wconf 76' lang='grc' dir='ltr'>ἦν</span> <span class='ocrx_word' id='word_1_487' title='bbox 637 3401 665 3453; x_wconf 89' lang='grc' dir='ltr'>ὁ</span> <span class='ocrx_word' id='word_1_488' title='bbox 714 3398 871 3467; x_wconf 75' lang='grc' dir='ltr'>ἅγιος</span> <span class='ocrx_word' id='word_1_489' title='bbox 899 3395 1047 3463; x_wconf 83' lang='grc' dir='ltr'>νοῦς,</span> <span class='ocrx_word' id='word_1_490' title='bbox 1078 3395 1217 3453; x_wconf 89' lang='grc' dir='ltr'>νοῶν</span> <span class='ocrx_word' id='word_1_491' title='bbox 1232 3396 1327 3451; x_wconf 80' lang='grc' dir='ltr'>καὶ</span> <span class='ocrx_word' id='word_1_492' title='bbox 1354 3394 1513 3458; x_wconf 79' lang='grc' dir='ltr'>εἰδὼς</span> <span class='ocrx_word' id='word_1_493' title='bbox 1538 3392 1607 3448; x_wconf 84' lang='grc' dir='ltr'>τὰ</span> <span class='ocrx_word' id='word_1_494' title='bbox 1635 3392 1825 3447; x_wconf 87' lang='grc' dir='ltr'>τελού-</span> 
     </span>
    </p>
   </div>
   <div class='ocr_carea' id='block_1_66' title="bbox 287 3506 405 3545">
    <p class='ocr_par' dir='ltr' id='par_1_66' title="bbox 287 3506 405 3545">
     <span class='ocr_line' id='line_1_66' title="bbox 287 3506 405 3545; baseline 0.017 -2"><span class='ocrx_word' id='word_1_495' title='bbox 287 3506 405 3545; x_wconf 89' lang='grc' dir='ltr'>ενα.</span> 
     </span>
    </p>
   </div>
   <div class='ocr_carea' id='block_1_67' title="bbox 238 3507 1714 3655">
    <p class='ocr_par' dir='ltr' id='par_1_67' title="bbox 238 3507 1714 3655">
     <span class='ocr_line' id='line_1_67' title="bbox 287 3507 405 3546; baseline 0.025 -3"><span class='ocrx_word' id='word_1_496' title='bbox 287 3507 405 3546; x_wconf 87' lang='grc' dir='ltr'>ενα.</span> 
     </span>
     <span class='ocr_line' id='line_1_68' title="bbox 238 3508 1714 3655; baseline -0.005 -18"><span class='ocrx_word' id='word_1_497' title='bbox 238 3508 639 3655; x_wconf 52' lang='grc' dir='ltr'>ἕοεείοηεεηοε</span> <span class='ocrx_word' id='word_1_498' title='bbox 684 3579 959 3636; x_wconf 88' lang='lat' dir='ltr'><strong>salutares</strong></span> <span class='ocrx_word' id='word_1_499' title='bbox 1006 3578 1241 3634; x_wconf 87' lang='lat' dir='ltr'><strong>reddens</strong></span> <span class='ocrx_word' id='word_1_500' title='bbox 1276 3584 1331 3633; x_wconf 87' lang='lat' dir='ltr'><strong>et</strong></span> <span class='ocrx_word' id='word_1_501' title='bbox 1360 3574 1654 3647; x_wconf 83' lang='lat' dir='ltr'><strong>perﬁciens</strong></span> <span class='ocrx_word' id='word_1_502' title='bbox 1699 3592 1714 3629; x_wconf 90' lang='lat'><strong>:</strong></span> 
     </span>
    </p>
   </div>
   <div class='ocr_carea' id='block_1_68' title="bbox 1932 3203 3505 3276">
    <p class='ocr_par' dir='ltr' id='par_1_68' title="bbox 1932 3203 3505 3276">
     <span class='ocr_line' id='line_1_69' title="bbox 1932 3203 3505 3276; baseline -0.002 -14"><span class='ocrx_word' id='word_1_503' title='bbox 1932 3205 2262 3262; x_wconf 89' lang='lat' dir='ltr'><strong>humanitati</strong></span> <span class='ocrx_word' id='word_1_504' title='bbox 2287 3204 2643 3260; x_wconf 90' lang='lat' dir='ltr'><strong>conveniunt.</strong></span> <span class='ocrx_word' id='word_1_505' title='bbox 2670 3203 2879 3260; x_wconf 88' lang='lat' dir='ltr'><strong>Etenim</strong></span> <span class='ocrx_word' id='word_1_506' title='bbox 2904 3205 3086 3259; x_wconf 89' lang='lat' dir='ltr'><strong>divina</strong></span> <span class='ocrx_word' id='word_1_507' title='bbox 3116 3205 3272 3276; x_wconf 82' lang='lat' dir='ltr'><strong>signa</strong></span> <span class='ocrx_word' id='word_1_508' title='bbox 3290 3205 3505 3272; x_wconf 83' lang='lat' dir='ltr'><strong>edebat,</strong></span> 
     </span>
    </p>
   </div>
   <div class='ocr_carea' id='block_1_69' title="bbox 1932 3295 3511 3363">
    <p class='ocr_par' dir='ltr' id='par_1_69' title="bbox 1932 3295 3511 3363">
     <span class='ocr_line' id='line_1_70' title="bbox 1932 3295 3511 3363; baseline 0.004 -14"><span class='ocrx_word' id='word_1_509' title='bbox 1932 3302 1989 3349; x_wconf 89' lang='lat' dir='ltr'><strong>at</strong></span> <span class='ocrx_word' id='word_1_510' title='bbox 2024 3309 2130 3349; x_wconf 92' lang='lat' dir='ltr'><strong>non</strong></span> <span class='ocrx_word' id='word_1_511' title='bbox 2173 3295 2294 3350; x_wconf 91' lang='lat' dir='ltr'><strong>sine</strong></span> <span class='ocrx_word' id='word_1_512' title='bbox 2340 3308 2547 3349; x_wconf 89' lang='lat' dir='ltr'><strong>carne:</strong></span> <span class='ocrx_word' id='word_1_513' title='bbox 2592 3308 2723 3349; x_wconf 90' lang='lat' dir='ltr'><strong>caro</strong></span> <span class='ocrx_word' id='word_1_514' title='bbox 2756 3309 2951 3350; x_wconf 80' lang='lat' dir='ltr'><strong>rursus</strong></span> <span class='ocrx_word' id='word_1_515' title='bbox 2995 3295 3222 3349; x_wconf 89' lang='lat' dir='ltr'><strong>humilia</strong></span> <span class='ocrx_word' id='word_1_516' title='bbox 3248 3336 3264 3363; x_wconf 92' lang='lat'><strong>,</strong></span> <span class='ocrx_word' id='word_1_517' title='bbox 3296 3303 3352 3349; x_wconf 91' lang='lat' dir='ltr'><strong>at</strong></span> <span class='ocrx_word' id='word_1_518' title='bbox 3396 3310 3511 3355; x_wconf 89' lang='lat' dir='ltr'><strong>non</strong></span> 
     </span>
    </p>
   </div>
   <div class='ocr_carea' id='block_1_70' title="bbox 1931 3382 3511 3455">
    <p class='ocr_par' dir='ltr' id='par_1_70' title="bbox 1931 3382 3511 3455">
     <span class='ocr_line' id='line_1_71' title="bbox 1931 3382 3511 3455; baseline 0.001 -12"><span class='ocrx_word' id='word_1_519' title='bbox 1931 3386 2164 3443; x_wconf 85' lang='lat' dir='ltr'><strong>seorsim</strong></span> <span class='ocrx_word' id='word_1_520' title='bbox 2200 3401 2231 3439; x_wconf 93' lang='lat' dir='ltr'><strong>a</strong></span> <span class='ocrx_word' id='word_1_521' title='bbox 2263 3385 2571 3440; x_wconf 85' lang='lat' dir='ltr'><strong>divinitate.</strong></span> <span class='ocrx_word' id='word_1_522' title='bbox 2621 3382 2759 3439; x_wconf 83' lang='lat' dir='ltr'><strong>Nam</strong></span> <span class='ocrx_word' id='word_1_523' title='bbox 2797 3392 2852 3439; x_wconf 92' lang='lat' dir='ltr'><strong>et</strong></span> <span class='ocrx_word' id='word_1_524' title='bbox 2900 3386 3131 3455; x_wconf 86' lang='lat' dir='ltr'><strong>patienti</strong></span> <span class='ocrx_word' id='word_1_525' title='bbox 3178 3388 3332 3440; x_wconf 86' lang='lat' dir='ltr'><strong>carni</strong></span> <span class='ocrx_word' id='word_1_526' title='bbox 3375 3399 3511 3445; x_wconf 75' lang='lat' dir='ltr'><strong>con-</strong></span> 
     </span>
    </p>
   </div>
   <div class='ocr_carea' id='block_1_71' title="bbox 1926 3476 3509 3549">
    <p class='ocr_par' dir='ltr' id='par_1_71' title="bbox 1926 3476 3509 3549">
     <span class='ocr_line' id='line_1_72' title="bbox 1926 3476 3509 3549; baseline 0.003 -18"><span class='ocrx_word' id='word_1_527' title='bbox 1926 3477 2118 3549; x_wconf 86' lang='lat' dir='ltr'><strong>juncta</strong></span> <span class='ocrx_word' id='word_1_528' title='bbox 2179 3484 2300 3531; x_wconf 89' lang='lat' dir='ltr'><strong>erat</strong></span> <span class='ocrx_word' id='word_1_529' title='bbox 2354 3476 2639 3541; x_wconf 90' lang='lat' dir='ltr'><strong>divinitas,</strong></span> <span class='ocrx_word' id='word_1_530' title='bbox 2704 3476 3062 3545; x_wconf 88' lang='lat' dir='ltr'><strong>impassibilis</strong></span> <span class='ocrx_word' id='word_1_531' title='bbox 3121 3493 3509 3547; x_wconf 86' lang='lat' dir='ltr'><strong>perseverans,</strong></span> 
     </span>
    </p>
   </div>
   <div class='ocr_carea' id='block_1_72' title="bbox 1787 3566 3507 3638">
    <p class='ocr_par' dir='ltr' id='par_1_72' title="bbox 1787 3566 3507 3638">
     <span class='ocr_line' id='line_1_73' title="bbox 1787 3566 3507 3638; baseline -0.002 -10"><span class='ocrx_word' id='word_1_532' title='bbox 1787 3586 1854 3628; x_wconf 79' lang='lat' dir='ltr'><strong>ac</strong></span> <span class='ocrx_word' id='word_1_533' title='bbox 1925 3583 2127 3625; x_wconf 88' lang='lat' dir='ltr'><strong>rursus</strong></span> <span class='ocrx_word' id='word_1_534' title='bbox 2192 3568 2444 3638; x_wconf 88' lang='lat' dir='ltr'><strong>operanti</strong></span> <span class='ocrx_word' id='word_1_535' title='bbox 2516 3566 2682 3623; x_wconf 83' lang='lat' dir='ltr'><strong>Verbi</strong></span> <span class='ocrx_word' id='word_1_536' title='bbox 2746 3566 3028 3622; x_wconf 85' lang='lat' dir='ltr'><strong>divinitati</strong></span> <span class='ocrx_word' id='word_1_537' title='bbox 3084 3583 3243 3624; x_wconf 88' lang='lat' dir='ltr'><strong>mens</strong></span> <span class='ocrx_word' id='word_1_538' title='bbox 3310 3579 3507 3627; x_wconf 72' lang='lat' dir='ltr'><strong>sancta</strong></span> 
     </span>
    </p>
   </div>
   <div class='ocr_carea' id='block_1_73' title="bbox 238 3654 2082 3745">
    <p class='ocr_par' dir='ltr' id='par_1_73' title="bbox 238 3654 2082 3745">
     <span class='ocr_line' id='line_1_74' title="bbox 238 3654 2082 3745; baseline -0.009 -12"><span class='ocrx_word' id='word_1_539' title='bbox 238 3654 497 3745; x_wconf 83' lang='lat' dir='ltr'><strong>copulata</strong></span> <span class='ocrx_word' id='word_1_540' title='bbox 525 3681 667 3736; x_wconf 87' lang='lat' dir='ltr'><strong>erat,</strong></span> <span class='ocrx_word' id='word_1_541' title='bbox 698 3673 949 3743; x_wconf 80' lang='lat' dir='ltr'><strong>cogitans</strong></span> <span class='ocrx_word' id='word_1_542' title='bbox 980 3681 1033 3727; x_wconf 89' lang='lat' dir='ltr'><strong>et</strong></span> <span class='ocrx_word' id='word_1_543' title='bbox 1067 3671 1379 3741; x_wconf 83' lang='lat' dir='ltr'><strong>intelligens</strong></span> <span class='ocrx_word' id='word_1_544' title='bbox 1410 3654 1472 3724; x_wconf 83' lang='lat' dir='ltr'><strong>ea</strong></span> <span class='ocrx_word' id='word_1_545' title='bbox 1507 3683 1627 3739; x_wconf 67' lang='lat' dir='ltr'><strong>qua:</strong></span> <span class='ocrx_word' id='word_1_546' title='bbox 1658 3664 2082 3737; x_wconf 79' lang='lat' dir='ltr'><strong>peragebantur.</strong></span> 
     </span>
    </p>
   </div>
   <div class='ocr_carea' id='block_1_74' title="bbox 315 3756 1824 3835">
    <p class='ocr_par' dir='ltr' id='par_1_74' title="bbox 315 3756 1824 3835">
     <span class='ocr_line' id='line_1_75' title="bbox 315 3756 1824 3835; baseline -0.005 -17"><span class='ocrx_word' id='word_1_547' title='bbox 315 3765 437 3818; x_wconf 89' lang='grc' dir='ltr'>Τῶν</span> <span class='ocrx_word' id='word_1_548' title='bbox 474 3766 571 3835; x_wconf 66' lang='grc' dir='ltr'><strong>μὲν</strong></span> <span class='ocrx_word' id='word_1_549' title='bbox 600 3760 692 3819; x_wconf 82' lang='grc' dir='ltr'><strong>οὖν</strong></span> <span class='ocrx_word' id='word_1_550' title='bbox 715 3764 933 3818; x_wconf 83' lang='grc' dir='ltr'>οἰκείων</span> <span class='ocrx_word' id='word_1_551' title='bbox 956 3763 1291 3835; x_wconf 77' lang='grc' dir='ltr'>αὐχημάτων</span> <span class='ocrx_word' id='word_1_552' title='bbox 1321 3763 1355 3831; x_wconf 79' lang='grc' dir='ltr'><strong>ἡ</strong></span> <span class='ocrx_word' id='word_1_553' title='bbox 1379 3760 1571 3831; x_wconf 86' lang='grc' dir='ltr'>θεότης</span> <span class='ocrx_word' id='word_1_554' title='bbox 1608 3758 1686 3829; x_wconf 86' lang='grc' dir='ltr'>τῷ</span> <span class='ocrx_word' id='word_1_555' title='bbox 1718 3756 1824 3811; x_wconf 84' lang='grc' dir='ltr'><strong>σώ-</strong></span> 
     </span>
    </p>
   </div>
   <div class='ocr_carea' id='block_1_75' title="bbox 245 3850 1825 3931">
    <p class='ocr_par' dir='ltr' id='par_1_75' title="bbox 245 3850 1825 3931">
     <span class='ocr_line' id='line_1_76' title="bbox 245 3850 1825 3931; baseline -0.003 -21"><span class='ocrx_word' id='word_1_556' title='bbox 245 3873 380 3931; x_wconf 82' lang='grc' dir='ltr'>ματι</span> <span class='ocrx_word' id='word_1_557' title='bbox 412 3856 797 3927; x_wconf 58' lang='grc' dir='ltr'>μεταδίδωσιν</span> <span class='ocrx_word' id='word_1_558' title='bbox 824 3854 965 3927; x_wconf 78' lang='grc' dir='ltr'>αὕτη</span> <span class='ocrx_word' id='word_1_559' title='bbox 996 3856 1054 3909; x_wconf 81' lang='grc' dir='ltr'>δὲ</span> <span class='ocrx_word' id='word_1_560' title='bbox 1100 3853 1209 3908; x_wconf 84' lang='grc' dir='ltr'><strong>τῶν</strong></span> <span class='ocrx_word' id='word_1_561' title='bbox 1244 3853 1345 3923; x_wconf 81' lang='grc' dir='ltr'>τῆς</span> <span class='ocrx_word' id='word_1_562' title='bbox 1381 3852 1584 3923; x_wconf 84' lang='grc' dir='ltr'>σαρκὸς</span> <span class='ocrx_word' id='word_1_563' title='bbox 1634 3850 1825 3906; x_wconf 87' lang='grc' dir='ltr'>παθῶν</span> 
     </span>
    </p>
   </div>
   <div class='ocr_carea' id='block_1_76' title="bbox 314 4032 1822 4109">
    <p class='ocr_par' dir='ltr' id='par_1_76' title="bbox 314 4034 1822 4109">
     <span class='ocr_line' id='line_1_77' title="bbox 314 4034 1822 4109; baseline -0.007 -16"><span class='ocrx_word' id='word_1_564' title='bbox 314 4036 548 4109; x_wconf 66' lang='lat' dir='ltr'><strong>“ﬂom.</strong></span> <span class='ocrx_word' id='word_1_565' title='bbox 586 4037 639 4094; x_wconf 74' lang='grc'><strong>1.</strong></span> <span class='ocrx_word' id='word_1_566' title='bbox 704 4037 752 4069; x_wconf 81' lang='grc' dir='ltr'><strong>⁵ο</strong></span> <span class='ocrx_word' id='word_1_567' title='bbox 780 4038 900 4093; x_wconf 88' lang='lat' dir='ltr'><strong>Lib.</strong></span> <span class='ocrx_word' id='word_1_568' title='bbox 931 4050 1079 4089; x_wconf 68' lang='grc' dir='ltr'>χχιιι</span> <span class='ocrx_word' id='word_1_569' title='bbox 1107 4034 1286 4104; x_wconf 81' lang='lat' dir='ltr'><strong>Tltes.,</strong></span> <span class='ocrx_word' id='word_1_570' title='bbox 1323 4053 1373 4096; x_wconf 69' lang='grc' dir='ltr'><strong>(ε.</strong></span> <span class='ocrx_word' id='word_1_571' title='bbox 1399 4037 1457 4094; x_wconf 76' lang='grc'><strong>2.</strong></span> <span class='ocrx_word' id='word_1_572' title='bbox 1497 4036 1713 4093; x_wconf 69' lang='lat' dir='ltr'><strong>Citamr</strong></span> <span class='ocrx_word' id='word_1_573' title='bbox 1740 4045 1822 4091; x_wconf 66' lang='lat' dir='ltr'><strong>ac:</strong></span> 
     </span>
    </p>
   </div>
   <div class='ocr_carea' id='block_1_77' title="bbox 1926 4032 2399 4109">
    <p class='ocr_par' dir='ltr' id='par_1_77' title="bbox 1926 4032 2399 4105">
     <span class='ocr_line' id='line_1_78' title="bbox 1926 4032 2399 4105; baseline -0.004 -16"><span class='ocrx_word' id='word_1_574' title='bbox 1926 4034 1955 4089; x_wconf 88' lang='lat'><strong>0</strong></span> <span class='ocrx_word' id='word_1_575' title='bbox 1982 4044 2154 4092; x_wconf 68' lang='lat' dir='ltr'><strong>sextae</strong></span> <span class='ocrx_word' id='word_1_576' title='bbox 2182 4032 2399 4105; x_wconf 87' lang='lat' dir='ltr'><strong>synodi.</strong></span> 
     </span>
    </p>
   </div>
   <div class='ocr_carea' id='block_1_78' title="bbox 2003 3751 3509 3823">
    <p class='ocr_par' dir='ltr' id='par_1_78' title="bbox 2003 3751 3509 3823">
     <span class='ocr_line' id='line_1_79' title="bbox 2003 3751 3509 3823; baseline 0.002 -17"><span class='ocrx_word' id='word_1_577' title='bbox 2003 3754 2076 3809; x_wconf 85' lang='lat' dir='ltr'><strong>At</strong></span> <span class='ocrx_word' id='word_1_578' title='bbox 2108 3752 2370 3809; x_wconf 89' lang='lat' dir='ltr'><strong>divinitas</strong></span> <span class='ocrx_word' id='word_1_579' title='bbox 2417 3751 2639 3821; x_wconf 87' lang='lat' dir='ltr'><strong>quidem</strong></span> <span class='ocrx_word' id='word_1_580' title='bbox 2690 3751 2909 3821; x_wconf 91' lang='lat' dir='ltr'><strong>corpori</strong></span> <span class='ocrx_word' id='word_1_581' title='bbox 2947 3753 3344 3823; x_wconf 62' lang='lat' dir='ltr'><strong>praerogativas</strong></span> <span class='ocrx_word' id='word_1_582' title='bbox 3378 3770 3509 3810; x_wconf 89' lang='lat' dir='ltr'><strong>suas</strong></span> 
     </span>
    </p>
   </div>
   <div class='ocr_carea' id='block_1_79' title="bbox 1921 3844 3508 3917">
    <p class='ocr_par' dir='ltr' id='par_1_79' title="bbox 1921 3844 3508 3917">
     <span class='ocr_line' id='line_1_80' title="bbox 1921 3844 3508 3917; baseline 0.001 -15"><span class='ocrx_word' id='word_1_583' title='bbox 1921 3845 2290 3917; x_wconf 88' lang='lat' dir='ltr'><strong>impertiebat,</strong></span> <span class='ocrx_word' id='word_1_584' title='bbox 2360 3859 2481 3900; x_wconf 92' lang='lat' dir='ltr'><strong>cum</strong></span> <span class='ocrx_word' id='word_1_585' title='bbox 2534 3844 2754 3899; x_wconf 89' lang='lat' dir='ltr'><strong>interim</strong></span> <span class='ocrx_word' id='word_1_586' title='bbox 2803 3844 2923 3915; x_wconf 88' lang='lat' dir='ltr'><strong>ipsa</strong></span> <span class='ocrx_word' id='word_1_587' title='bbox 2966 3845 3213 3914; x_wconf 91' lang='lat' dir='ltr'><strong>corporis</strong></span> <span class='ocrx_word' id='word_1_588' title='bbox 3260 3847 3508 3903; x_wconf 86' lang='lat' dir='ltr'><strong>dolorum</strong></span> 
     </span>
    </p>
   </div>
   <div class='ocr_carea' id='block_1_80' title="bbox 2494 4030 3509 4102">
    <p class='ocr_par' dir='ltr' id='par_1_80' title="bbox 2494 4030 3509 4102">
     <span class='ocr_line' id='line_1_81' title="bbox 2494 4030 3509 4102; baseline -0.004 -15"><span class='ocrx_word' id='word_1_589' title='bbox 2494 4032 2539 4064; x_wconf 83' lang='grc'><strong>³¹</strong></span> <span class='ocrx_word' id='word_1_590' title='bbox 2573 4030 2735 4087; x_wconf 85' lang='lat' dir='ltr'><strong>Joan.</strong></span> <span class='ocrx_word' id='word_1_591' title='bbox 2766 4048 2841 4095; x_wconf 71' lang='lat' dir='ltr'><strong>xu,</strong></span> <span class='ocrx_word' id='word_1_592' title='bbox 2868 4031 2920 4086; x_wconf 81' lang='grc'><strong>1.</strong></span> <span class='ocrx_word' id='word_1_593' title='bbox 3002 4032 3046 4064; x_wconf 77' lang='grc'>⁸³</span> <span class='ocrx_word' id='word_1_594' title='bbox 3074 4030 3203 4096; x_wconf 87' lang='lat' dir='ltr'><strong>Leo,</strong></span> <span class='ocrx_word' id='word_1_595' title='bbox 3228 4034 3391 4102; x_wconf 89' lang='lat' dir='ltr'><strong>epist.</strong></span> <span class='ocrx_word' id='word_1_596' title='bbox 3422 4031 3509 4087; x_wconf 78' lang='lat' dir='ltr'><strong>i0.</strong></span> 
     </span>
    </p>
   </div>
   <div class='ocr_carea' id='block_1_81' title="bbox 1547 4186 2237 4245">
    <p class='ocr_par' dir='ltr' id='par_1_81' title="bbox 1547 4186 2237 4245">
     <span class='ocr_line' id='line_1_82' title="bbox 1547 4186 2237 4245; baseline -0.004 -1"><span class='ocrx_word' id='word_1_597' title='bbox 1547 4188 1784 4245; x_wconf 66' lang='grc' dir='ltr'>γΑοιΑι</span> <span class='ocrx_word' id='word_1_598' title='bbox 1833 4186 2237 4242; x_wconf 82' lang='lat' dir='ltr'><strong>LECTIONES.</strong></span> 
     </span>
    </p>
   </div>
   <div class='ocr_carea' id='block_1_82' title="bbox 323 4304 2886 4378">
    <p class='ocr_par' dir='ltr' id='par_1_82' title="bbox 323 4304 2886 4378">
     <span class='ocr_line' id='line_1_83' title="bbox 323 4304 2886 4378; baseline -0.001 -15"><span class='ocrx_word' id='word_1_599' title='bbox 323 4309 339 4378; x_wconf 65' lang='grc' dir='ltr'><strong>ξ</strong></span> <span class='ocrx_word' id='word_1_600' title='bbox 369 4309 501 4363; x_wconf 84' lang='lat' dir='ltr'><strong>Cod.</strong></span> <span class='ocrx_word' id='word_1_601' title='bbox 553 4306 613 4363; x_wconf 91' lang='lat' dir='ltr'><strong>S.</strong></span> <span class='ocrx_word' id='word_1_602' title='bbox 647 4307 752 4363; x_wconf 84' lang='lat' dir='ltr'><strong>Hil.</strong></span> <span class='ocrx_word' id='word_1_603' title='bbox 779 4315 831 4364; x_wconf 90' lang='lat' dir='ltr'><strong>et</strong></span> <span class='ocrx_word' id='word_1_604' title='bbox 862 4308 982 4362; x_wconf 86' lang='lat' dir='ltr'><strong>aliis</strong></span> <span class='ocrx_word' id='word_1_605' title='bbox 1013 4304 1163 4365; x_wconf 86' lang='lat' dir='ltr'><strong>deest</strong></span> <span class='ocrx_word' id='word_1_606' title='bbox 1191 4309 1290 4363; x_wconf 66' lang='grc' dir='ltr'><strong>τά*</strong></span> <span class='ocrx_word' id='word_1_607' title='bbox 1319 4309 1461 4377; x_wconf 87' lang='lat' dir='ltr'><strong>apud</strong></span> <span class='ocrx_word' id='word_1_608' title='bbox 1492 4308 1777 4378; x_wconf 84' lang='lat' dir='ltr'><strong>Chrysost.</strong></span> <span class='ocrx_word' id='word_1_609' title='bbox 1805 4308 2022 4376; x_wconf 76' lang='lat' dir='ltr'><strong>legitur,</strong></span> <span class='ocrx_word' id='word_1_610' title='bbox 2054 4308 2112 4359; x_wconf 81' lang='grc' dir='ltr'>ὲν</span> <span class='ocrx_word' id='word_1_611' title='bbox 2146 4306 2257 4375; x_wconf 80' lang='grc' dir='ltr'>γὰρ</span> <span class='ocrx_word' id='word_1_612' title='bbox 2287 4305 2364 4378; x_wconf 68' lang='grc' dir='ltr'><strong>τῷ</strong></span> <span class='ocrx_word' id='word_1_613' title='bbox 2396 4304 2608 4371; x_wconf 81' lang='grc' dir='ltr'>παθεῖν,</span> <span class='ocrx_word' id='word_1_614' title='bbox 2644 4307 2886 4378; x_wconf 83' lang='grc' dir='ltr'>ἐποίησε.</span> 
     </span>
    </p>
   </div>
   <div class='ocr_carea' id='block_1_83' title="bbox 251 4327 2879 4450">
    <p class='ocr_par' dir='ltr' id='par_1_83' title="bbox 251 4327 2879 4450">
     <span class='ocr_line' id='line_1_84' title="bbox 323 4327 2879 4378; baseline 0 -18"><span class='ocrx_word' id='word_1_615' title='bbox 323 4327 339 4360; x_wconf 81' lang='grc' dir='ltr'><strong>ι</strong></span> <span class='ocrx_word' id='word_1_616' title='bbox 369 4327 501 4363; x_wconf 74' lang='lat' dir='ltr'><strong>LOU.</strong></span> <span class='ocrx_word' id='word_1_617' title='bbox 555 4327 613 4363; x_wconf 68' lang='grc' dir='ltr'><strong>δ.</strong></span> <span class='ocrx_word' id='word_1_618' title='bbox 647 4327 752 4363; x_wconf 86' lang='lat' dir='ltr'><strong>nu.</strong></span> <span class='ocrx_word' id='word_1_619' title='bbox 779 4327 831 4364; x_wconf 85' lang='lat' dir='ltr'><strong>et</strong></span> <span class='ocrx_word' id='word_1_620' title='bbox 862 4327 982 4362; x_wconf 83' lang='lat' dir='ltr'><strong>auls</strong></span> <span class='ocrx_word' id='word_1_621' title='bbox 1013 4327 1163 4365; x_wconf 81' lang='lat' dir='ltr'><strong>uee5t</strong></span> <span class='ocrx_word' id='word_1_622' title='bbox 1191 4327 1290 4363; x_wconf 68' lang='grc' dir='ltr'>ταν</span> <span class='ocrx_word' id='word_1_623' title='bbox 1319 4327 1461 4377; x_wconf 86' lang='lat' dir='ltr'><strong>apuu</strong></span> <span class='ocrx_word' id='word_1_624' title='bbox 1492 4327 1777 4378; x_wconf 63' lang='lat' dir='ltr'><strong>unrysosx.</strong></span> <span class='ocrx_word' id='word_1_625' title='bbox 1808 4327 2022 4376; x_wconf 76' lang='lat' dir='ltr'><strong>tegitur,</strong></span> <span class='ocrx_word' id='word_1_626' title='bbox 2054 4327 2112 4359; x_wconf 87' lang='grc' dir='ltr'><strong>εν</strong></span> <span class='ocrx_word' id='word_1_627' title='bbox 2146 4327 2257 4375; x_wconf 81' lang='grc' dir='ltr'><strong>γαρ</strong></span> <span class='ocrx_word' id='word_1_628' title='bbox 2287 4327 2364 4374; x_wconf 85' lang='grc' dir='ltr'>τῳ</span> <span class='ocrx_word' id='word_1_629' title='bbox 2396 4327 2608 4371; x_wconf 78' lang='grc' dir='ltr'>παυειν,</span> <span class='ocrx_word' id='word_1_630' title='bbox 2644 4327 2761 4360; x_wconf 66' lang='lat' dir='ltr'><strong>eno:</strong></span> <span class='ocrx_word' id='word_1_631' title='bbox 2807 4327 2879 4361; x_wconf 89' lang='grc' dir='ltr'><strong>σε.</strong></span> 
     </span>
     <span class='ocr_line' id='line_1_85' title="bbox 251 4327 2879 4450; baseline -0.002 -17"><span class='ocrx_word' id='word_1_632' title='bbox 251 4377 270 4421; x_wconf 74' lang='grc' dir='ltr'><strong><em>ι</em></strong></span> <span class='ocrx_word' id='word_1_633' title='bbox 305 4377 374 4434; x_wconf 79' lang='lat' dir='ltr'><strong>R.</strong></span> <span class='ocrx_word' id='word_1_634' title='bbox 418 4380 725 4449; x_wconf 78' lang='grc' dir='ltr'>1ὲκατέρων</span> <span class='ocrx_word' id='word_1_635' title='bbox 778 4379 953 4434; x_wconf 83' lang='grc' dir='ltr'>κοινά.</span> <span class='ocrx_word' id='word_1_636' title='bbox 990 4378 1081 4434; x_wconf 88' lang='lat' dir='ltr'><strong>Sic</strong></span> <span class='ocrx_word' id='word_1_637' title='bbox 1102 4387 1258 4435; x_wconf 87' lang='lat' dir='ltr'><strong>vetus</strong></span> <span class='ocrx_word' id='word_1_638' title='bbox 1294 4380 1523 4448; x_wconf 87' lang='lat' dir='ltr'><strong>interpr.</strong></span> <span class='ocrx_word' id='word_1_639' title='bbox 1554 4380 1937 4433; x_wconf 82' lang='lat' dir='ltr'><strong>alterutrorum</strong></span> <span class='ocrx_word' id='word_1_640' title='bbox 1972 4380 2292 4432; x_wconf 86' lang='lat' dir='ltr'><strong>communia.</strong></span> <span class='ocrx_word' id='word_1_641' title='bbox 2325 4375 2456 4448; x_wconf 80' lang='lat' dir='ltr'><strong>Reg.</strong></span> <span class='ocrx_word' id='word_1_642' title='bbox 2484 4378 2622 4432; x_wconf 84' lang='lat' dir='ltr'><strong>alter</strong></span> <span class='ocrx_word' id='word_1_643' title='bbox 2644 4327 2879 4450; x_wconf 47' lang='lat' dir='ltr'><strong>éxargpqt</strong></span> 
     </span>
    </p>
   </div>
   <div class='ocr_carea' id='block_1_84' title="bbox 2988 4303 3511 4379">
    <p class='ocr_par' dir='ltr' id='par_1_84' title="bbox 2988 4303 3511 4379">
     <span class='ocr_line' id='line_1_86' title="bbox 2988 4303 3511 4379; baseline 0.008 -17"><span class='ocrx_word' id='word_1_644' title='bbox 2988 4308 3015 4348; x_wconf 63' lang='grc' dir='ltr'>ι</span> <span class='ocrx_word' id='word_1_645' title='bbox 3052 4307 3281 4375; x_wconf 88' lang='lat' dir='ltr'><strong>Quidam</strong></span> <span class='ocrx_word' id='word_1_646' title='bbox 3331 4303 3511 4379; x_wconf 71' lang='grc' dir='ltr'>εὗρεν.</span> 
     </span>
    </p>
   </div>
   <div class='ocr_carea' id='block_1_85' title="bbox 1718 4516 1953 4572">
    <p class='ocr_par' dir='ltr' id='par_1_85' title="bbox 1718 4516 1953 4572">
     <span class='ocr_line' id='line_1_87' title="bbox 1718 4516 1953 4572; baseline 0.004 -1"><span class='ocrx_word' id='word_1_647' title='bbox 1718 4516 1953 4572; x_wconf 70' lang='lat' dir='ltr'><strong>NOT/E.</strong></span> 
     </span>
    </p>
   </div>
   <div class='ocr_carea' id='block_1_86' title="bbox 323 4614 3511 4705">
    <p class='ocr_par' dir='ltr' id='par_1_86' title="bbox 323 4614 3511 4705">
     <span class='ocr_line' id='line_1_88' title="bbox 323 4614 3511 4705; baseline 0.003 -20"><span class='ocrx_word' id='word_1_648' title='bbox 323 4633 437 4705; x_wconf 77' lang='lat'><strong>(37)</strong></span> <span class='ocrx_word' id='word_1_649' title='bbox 464 4632 618 4687; x_wconf 82' lang='grc' dir='ltr'>Μίαν</span> <span class='ocrx_word' id='word_1_650' title='bbox 647 4632 715 4705; x_wconf 57' lang='lat' dir='ltr'><strong>de</strong></span> <span class='ocrx_word' id='word_1_651' title='bbox 736 4632 1026 4705; x_wconf 72' lang='grc' dir='ltr'>φυσικήν.</span> <span class='ocrx_word' id='word_1_652' title='bbox 1069 4630 1460 4705; x_wconf 63' lang='grc' dir='ltr'>Πηρηιροηῇο,</span> <span class='ocrx_word' id='word_1_653' title='bbox 1489 4641 1596 4687; x_wconf 88' lang='lat' dir='ltr'><strong>etc.</strong></span> <span class='ocrx_word' id='word_1_654' title='bbox 1633 4631 1827 4705; x_wconf 75' lang='lat' dir='ltr'><strong>Mono-</strong></span> <span class='ocrx_word' id='word_1_655' title='bbox 1860 4614 1905 4666; x_wconf 74' lang='grc' dir='ltr'><strong>θ</strong></span> <span class='ocrx_word' id='word_1_656' title='bbox 1934 4631 2089 4688; x_wconf 87' lang='lat' dir='ltr'><strong>deret</strong></span> <span class='ocrx_word' id='word_1_657' title='bbox 2147 4648 2312 4687; x_wconf 90' lang='lat' dir='ltr'><strong>unam</strong></span> <span class='ocrx_word' id='word_1_658' title='bbox 2349 4650 2494 4705; x_wconf 81' lang='lat' dir='ltr'><strong>esse</strong></span> <span class='ocrx_word' id='word_1_659' title='bbox 2539 4634 2915 4704; x_wconf 86' lang='lat' dir='ltr'><strong>operationem</strong></span> <span class='ocrx_word' id='word_1_660' title='bbox 2970 4636 3284 4691; x_wconf 87' lang='lat' dir='ltr'><strong>divinitatis</strong></span> <span class='ocrx_word' id='word_1_661' title='bbox 3314 4676 3329 4701; x_wconf 91' lang='lat'><strong>,</strong></span> <span class='ocrx_word' id='word_1_662' title='bbox 3395 4639 3511 4695; x_wconf 87' lang='lat' dir='ltr'><strong>sive</strong></span> 
     </span>
    </p>
   </div>
   <div class='ocr_carea' id='block_1_87' title="bbox 247 4700 1835 4772">
    <p class='ocr_par' dir='ltr' id='par_1_87' title="bbox 247 4700 1835 4772">
     <span class='ocr_line' id='line_1_89' title="bbox 247 4700 1835 4772; baseline 0.002 -16"><span class='ocrx_word' id='word_1_663' title='bbox 247 4700 467 4761; x_wconf 70' lang='lat' dir='ltr'><strong>thelette</strong></span> <span class='ocrx_word' id='word_1_664' title='bbox 499 4711 621 4770; x_wconf 91' lang='lat' dir='ltr'><strong>post</strong></span> <span class='ocrx_word' id='word_1_665' title='bbox 678 4700 1090 4772; x_wconf 81' lang='lat' dir='ltr'><strong>severumhoc</strong></span> <span class='ocrx_word' id='word_1_666' title='bbox 1139 4700 1336 4772; x_wconf 83' lang='lat' dir='ltr'><strong>Cyrilli</strong></span> <span class='ocrx_word' id='word_1_667' title='bbox 1394 4704 1513 4757; x_wconf 90' lang='lat' dir='ltr'><strong>loco</strong></span> <span class='ocrx_word' id='word_1_668' title='bbox 1555 4707 1631 4770; x_wconf 85' lang='lat' dir='ltr'><strong>(in</strong></span> <span class='ocrx_word' id='word_1_669' title='bbox 1669 4701 1835 4759; x_wconf 84' lang='lat' dir='ltr'><strong>Joan.</strong></span> 
     </span>
    </p>
   </div>
   <div class='ocr_carea' id='block_1_88' title="bbox 248 4770 1840 4846">
    <p class='ocr_par' dir='ltr' id='par_1_88' title="bbox 248 4770 1840 4846">
     <span class='ocr_line' id='line_1_90' title="bbox 248 4770 1840 4846; baseline 0.001 -19"><span class='ocrx_word' id='word_1_670' title='bbox 248 4773 796 4846; x_wconf 14' lang='lat' dir='ltr'><strong>p.3rIiI)Anitehantur</strong></span> <span class='ocrx_word' id='word_1_671' title='bbox 824 4791 835 4824; x_wconf 89' lang='lat'><strong>:</strong></span> <span class='ocrx_word' id='word_1_672' title='bbox 874 4771 1007 4846; x_wconf 81' lang='lat' dir='ltr'><strong>Cum</strong></span> <span class='ocrx_word' id='word_1_673' title='bbox 1033 4770 1439 4846; x_wconf 63' lang='lat' dir='ltr'><strong>arcltiéynagogi</strong></span> <span class='ocrx_word' id='word_1_674' title='bbox 1469 4773 1636 4841; x_wconf 83' lang='lat' dir='ltr'><strong>ﬁliam</strong></span> <span class='ocrx_word' id='word_1_675' title='bbox 1670 4776 1840 4846; x_wconf 76' lang='lat' dir='ltr'><strong>susci-</strong></span> 
     </span>
    </p>
   </div>
   <div class='ocr_carea' id='block_1_89' title="bbox 249 4840 1834 4912">
    <p class='ocr_par' dir='ltr' id='par_1_89' title="bbox 249 4840 1834 4912">
     <span class='ocr_line' id='line_1_91' title="bbox 249 4840 1834 4912; baseline 0 -14"><span class='ocrx_word' id='word_1_676' title='bbox 249 4840 406 4901; x_wconf 64' lang='lat' dir='ltr'><strong>iavit.</strong></span> <span class='ocrx_word' id='word_1_677' title='bbox 436 4842 673 4906; x_wconf 78' lang='lat' dir='ltr'><strong>dicendo,</strong></span> <span class='ocrx_word' id='word_1_678' title='bbox 701 4861 719 4893; x_wconf 77' lang='grc' dir='ltr'><strong>ι</strong></span> <span class='ocrx_word' id='word_1_679' title='bbox 756 4840 968 4912; x_wconf 83' lang='lat' dir='ltr'><strong>Puella,</strong></span> <span class='ocrx_word' id='word_1_680' title='bbox 994 4858 1169 4911; x_wconf 83' lang='lat' dir='ltr'><strong>surge,</strong></span> <span class='ocrx_word' id='word_1_681' title='bbox 1206 4860 1225 4891; x_wconf 72' lang='grc' dir='ltr'><strong>ι</strong></span> <span class='ocrx_word' id='word_1_682' title='bbox 1266 4840 1429 4895; x_wconf 80' lang='lat' dir='ltr'><strong>tenuit</strong></span> <span class='ocrx_word' id='word_1_683' title='bbox 1452 4840 1667 4895; x_wconf 87' lang='lat' dir='ltr'><strong>manum</strong></span> <span class='ocrx_word' id='word_1_684' title='bbox 1693 4844 1834 4912; x_wconf 80' lang='lat' dir='ltr'><strong>ejus;</strong></span> 
     </span>
    </p>
   </div>
   <div class='ocr_carea' id='block_1_90' title="bbox 238 4910 1836 4985">
    <p class='ocr_par' dir='ltr' id='par_1_90' title="bbox 238 4910 1836 4985">
     <span class='ocr_line' id='line_1_92' title="bbox 238 4910 1836 4985; baseline 0.001 -20"><span class='ocrx_word' id='word_1_685' title='bbox 238 4916 405 4985; x_wconf 88' lang='lat' dir='ltr'><strong>jussu</strong></span> <span class='ocrx_word' id='word_1_686' title='bbox 427 4913 634 4985; x_wconf 69' lang='lat' dir='ltr'><strong>quidem</strong></span> <span class='ocrx_word' id='word_1_687' title='bbox 657 4913 819 4985; x_wconf 80' lang='lat' dir='ltr'><strong>vitam</strong></span> <span class='ocrx_word' id='word_1_688' title='bbox 835 4910 1076 4977; x_wconf 89' lang='lat' dir='ltr'><strong>reddens,</strong></span> <span class='ocrx_word' id='word_1_689' title='bbox 1096 4910 1203 4985; x_wconf 75' lang='lat' dir='ltr'><strong>quo</strong></span> <span class='ocrx_word' id='word_1_690' title='bbox 1234 4912 1410 4985; x_wconf 80' lang='lat' dir='ltr'><strong>omnia</strong></span> <span class='ocrx_word' id='word_1_691' title='bbox 1439 4912 1694 4985; x_wconf 75' lang='lat' dir='ltr'><strong>condidit,</strong></span> <span class='ocrx_word' id='word_1_692' title='bbox 1717 4910 1836 4985; x_wconf 73' lang='lat' dir='ltr'><strong>ian-</strong></span> 
     </span>
    </p>
   </div>
   <div class='ocr_carea' id='block_1_91' title="bbox 251 4981 1834 5053">
    <p class='ocr_par' dir='ltr' id='par_1_91' title="bbox 251 4981 1834 5053">
     <span class='ocr_line' id='line_1_93' title="bbox 251 4981 1834 5053; baseline -0.001 -17"><span class='ocrx_word' id='word_1_693' title='bbox 251 4998 417 5053; x_wconf 78' lang='lat' dir='ltr'><strong>quam</strong></span> <span class='ocrx_word' id='word_1_694' title='bbox 461 4981 631 5053; x_wconf 15' lang='lat' dir='ltr'><strong>peius.</strong></span> <span class='ocrx_word' id='word_1_695' title='bbox 688 4983 911 5053; x_wconf 79' lang='lat' dir='ltr'><strong>itemque</strong></span> <span class='ocrx_word' id='word_1_696' title='bbox 954 4982 1184 5053; x_wconf 69' lang='lat' dir='ltr'><strong>propriae</strong></span> <span class='ocrx_word' id='word_1_697' title='bbox 1219 4982 1423 5053; x_wconf 79' lang='lat' dir='ltr'><strong>carnis,</strong></span> <span class='ocrx_word' id='word_1_698' title='bbox 1481 4982 1609 5052; x_wconf 87' lang='grc' dir='ltr'>μίαν</span> <span class='ocrx_word' id='word_1_699' title='bbox 1647 4999 1706 5034; x_wconf 88' lang='grc' dir='ltr'><strong>τε</strong></span> <span class='ocrx_word' id='word_1_700' title='bbox 1740 4984 1834 5037; x_wconf 74' lang='grc' dir='ltr'>καὶ</span> 
     </span>
    </p>
   </div>
   <div class='ocr_carea' id='block_1_92' title="bbox 251 5050 1832 5121">
    <p class='ocr_par' dir='ltr' id='par_1_92' title="bbox 251 5050 1832 5121">
     <span class='ocr_line' id='line_1_94' title="bbox 251 5050 1832 5121; baseline 0.001 -15"><span class='ocrx_word' id='word_1_701' title='bbox 251 5050 497 5119; x_wconf 80' lang='grc' dir='ltr'>συγγενῆ</span> <span class='ocrx_word' id='word_1_702' title='bbox 517 5052 584 5102; x_wconf 88' lang='grc' dir='ltr'>δι’</span> <span class='ocrx_word' id='word_1_703' title='bbox 613 5052 815 5120; x_wconf 84' lang='grc' dir='ltr'>ἀμφοῖν</span> <span class='ocrx_word' id='word_1_704' title='bbox 843 5050 1059 5115; x_wconf 84' lang='grc' dir='ltr'>δεικνὺς</span> <span class='ocrx_word' id='word_1_705' title='bbox 1090 5051 1187 5121; x_wconf 85' lang='grc' dir='ltr'><strong>τὴν</strong></span> <span class='ocrx_word' id='word_1_706' title='bbox 1236 5050 1543 5121; x_wconf 76' lang='grc' dir='ltr'>ἐνέργειαν,</span> <span class='ocrx_word' id='word_1_707' title='bbox 1576 5068 1735 5105; x_wconf 90' lang='lat' dir='ltr'><strong>unam</strong></span> <span class='ocrx_word' id='word_1_708' title='bbox 1782 5063 1832 5107; x_wconf 87' lang='lat' dir='ltr'><strong>et</strong></span> 
     </span>
    </p>
   </div>
   <div class='ocr_carea' id='block_1_93' title="bbox 248 5121 1831 5189">
    <p class='ocr_par' dir='ltr' id='par_1_93' title="bbox 248 5121 1831 5189">
     <span class='ocr_line' id='line_1_95' title="bbox 248 5121 1831 5189; baseline -0.001 -14"><span class='ocrx_word' id='word_1_709' title='bbox 248 5137 591 5189; x_wconf 83' lang='lat' dir='ltr'><strong>congenerem</strong></span> <span class='ocrx_word' id='word_1_710' title='bbox 621 5136 711 5187; x_wconf 86' lang='lat' dir='ltr'><strong>per</strong></span> <span class='ocrx_word' id='word_1_711' title='bbox 736 5135 1011 5189; x_wconf 88' lang='lat' dir='ltr'><strong>utramque</strong></span> <span class='ocrx_word' id='word_1_712' title='bbox 1048 5121 1404 5188; x_wconf 88' lang='lat' dir='ltr'><strong>operationem</strong></span> <span class='ocrx_word' id='word_1_713' title='bbox 1436 5122 1611 5175; x_wconf 81' lang='lat' dir='ltr'><strong>edens.</strong></span> <span class='ocrx_word' id='word_1_714' title='bbox 1658 5122 1831 5174; x_wconf 78' lang='lat' dir='ltr'><strong>Maxi-</strong></span> 
     </span>
    </p>
   </div>
   <div class='ocr_carea' id='block_1_94' title="bbox 250 5190 1832 5261">
    <p class='ocr_par' dir='ltr' id='par_1_94' title="bbox 250 5190 1832 5261">
     <span class='ocr_line' id='line_1_96' title="bbox 250 5190 1832 5261; baseline -0.002 -15"><span class='ocrx_word' id='word_1_715' title='bbox 250 5207 405 5261; x_wconf 82' lang='lat' dir='ltr'><strong>mus,</strong></span> <span class='ocrx_word' id='word_1_716' title='bbox 442 5191 584 5244; x_wconf 81' lang='lat' dir='ltr'><strong>Dial.</strong></span> <span class='ocrx_word' id='word_1_717' title='bbox 642 5205 761 5243; x_wconf 86' lang='lat' dir='ltr'><strong>cum</strong></span> <span class='ocrx_word' id='word_1_718' title='bbox 809 5190 1264 5261; x_wconf 27' lang='lat' dir='ltr'><strong>Pyrrhtuocnon</strong></span> <span class='ocrx_word' id='word_1_719' title='bbox 1324 5191 1575 5258; x_wconf 83' lang='lat' dir='ltr'><strong>epistolis</strong></span> <span class='ocrx_word' id='word_1_720' title='bbox 1629 5191 1694 5246; x_wconf 87' lang='lat' dir='ltr'><strong>ad</strong></span> <span class='ocrx_word' id='word_1_721' title='bbox 1740 5192 1832 5246; x_wconf 88' lang='lat' dir='ltr'><strong>Ni-</strong></span> 
     </span>
    </p>
   </div>
   <div class='ocr_carea' id='block_1_95' title="bbox 247 5258 1829 5329">
    <p class='ocr_par' dir='ltr' id='par_1_95' title="bbox 247 5258 1829 5329">
     <span class='ocr_line' id='line_1_97' title="bbox 247 5258 1829 5329; baseline -0.001 -14"><span class='ocrx_word' id='word_1_722' title='bbox 247 5260 444 5315; x_wconf 88' lang='lat' dir='ltr'><strong>candr.</strong></span> <span class='ocrx_word' id='word_1_723' title='bbox 474 5269 527 5313; x_wconf 90' lang='lat' dir='ltr'><strong>et</strong></span> <span class='ocrx_word' id='word_1_724' title='bbox 558 5262 626 5313; x_wconf 89' lang='lat' dir='ltr'><strong>ad</strong></span> <span class='ocrx_word' id='word_1_725' title='bbox 655 5258 957 5315; x_wconf 86' lang='lat' dir='ltr'><strong>monachos</strong></span> <span class='ocrx_word' id='word_1_726' title='bbox 1004 5258 1161 5314; x_wconf 87' lang='lat' dir='ltr'><strong>Sicil.</strong></span> <span class='ocrx_word' id='word_1_727' title='bbox 1192 5262 1409 5329; x_wconf 88' lang='lat' dir='ltr'><strong>reponit</strong></span> <span class='ocrx_word' id='word_1_728' title='bbox 1447 5268 1697 5315; x_wconf 88' lang='lat' dir='ltr'><strong>sanctum</strong></span> <span class='ocrx_word' id='word_1_729' title='bbox 1728 5262 1829 5314; x_wconf 84' lang='lat' dir='ltr'><strong>do-</strong></span> 
     </span>
    </p>
   </div>
   <div class='ocr_carea' id='block_1_96' title="bbox 249 5329 1826 5395">
    <p class='ocr_par' dir='ltr' id='par_1_96' title="bbox 249 5329 1826 5395">
     <span class='ocr_line' id='line_1_98' title="bbox 249 5329 1826 5395; baseline 0.001 -12"><span class='ocrx_word' id='word_1_730' title='bbox 249 5339 463 5383; x_wconf 89' lang='lat' dir='ltr'><strong>ctorem</strong></span> <span class='ocrx_word' id='word_1_731' title='bbox 492 5330 596 5383; x_wconf 89' lang='lat' dir='ltr'><strong>alio</strong></span> <span class='ocrx_word' id='word_1_732' title='bbox 620 5330 761 5392; x_wconf 91' lang='lat' dir='ltr'><strong>loco,</strong></span> <span class='ocrx_word' id='word_1_733' title='bbox 795 5329 975 5393; x_wconf 81' lang='lat' dir='ltr'><strong>(Thes.</strong></span> <span class='ocrx_word' id='word_1_734' title='bbox 1006 5331 1101 5385; x_wconf 90' lang='lat' dir='ltr'><strong>lib.</strong></span> <span class='ocrx_word' id='word_1_735' title='bbox 1127 5330 1826 5395; x_wconf 68' lang='lat' dir='ltr'><strong>xxxu.assert.2)dixisse,</strong></span> 
     </span>
    </p>
   </div>
   <div class='ocr_carea' id='block_1_97' title="bbox 247 5399 1829 5470">
    <p class='ocr_par' dir='ltr' id='par_1_97' title="bbox 247 5399 1829 5470">
     <span class='ocr_line' id='line_1_99' title="bbox 247 5399 1829 5470; baseline -0.001 -17"><span class='ocrx_word' id='word_1_736' title='bbox 247 5402 341 5470; x_wconf 81' lang='grc' dir='ltr'>ὅτι</span> <span class='ocrx_word' id='word_1_737' title='bbox 359 5400 580 5467; x_wconf 81' lang='grc' dir='ltr'>ποιητοῦ</span> <span class='ocrx_word' id='word_1_738' title='bbox 607 5401 699 5453; x_wconf 73' lang='grc' dir='ltr'><strong>καὶ</strong></span> <span class='ocrx_word' id='word_1_739' title='bbox 724 5400 1029 5470; x_wconf 85' lang='grc' dir='ltr'>ποιήματος</span> <span class='ocrx_word' id='word_1_740' title='bbox 1067 5400 1192 5468; x_wconf 86' lang='grc' dir='ltr'>μίαν</span> <span class='ocrx_word' id='word_1_741' title='bbox 1217 5399 1496 5470; x_wconf 74' lang='grc' dir='ltr'>ἐνέργειαν</span> <span class='ocrx_word' id='word_1_742' title='bbox 1519 5401 1620 5453; x_wconf 86' lang='grc' dir='ltr'><strong>οὑκ</strong></span> <span class='ocrx_word' id='word_1_743' title='bbox 1655 5400 1720 5454; x_wconf 80' lang='grc' dir='ltr'>ἄν</span> <span class='ocrx_word' id='word_1_744' title='bbox 1745 5419 1829 5463; x_wconf 84' lang='grc' dir='ltr'><strong>τις</strong></span> 
     </span>
    </p>
   </div>
   <div class='ocr_carea' id='block_1_98' title="bbox 247 5468 1827 5539">
    <p class='ocr_par' dir='ltr' id='par_1_98' title="bbox 247 5468 1827 5539">
     <span class='ocr_line' id='line_1_100' title="bbox 247 5468 1827 5539; baseline 0.001 -17"><span class='ocrx_word' id='word_1_745' title='bbox 247 5468 371 5538; x_wconf 83' lang='grc' dir='ltr'>δοίη</span> <span class='ocrx_word' id='word_1_746' title='bbox 409 5469 731 5539; x_wconf 78' lang='grc' dir='ltr'>σωφρόνως’</span> <span class='ocrx_word' id='word_1_747' title='bbox 776 5468 948 5523; x_wconf 67' lang='lat' dir='ltr'><strong>Uitam</strong></span> <span class='ocrx_word' id='word_1_748' title='bbox 986 5471 1210 5537; x_wconf 80' lang='lat' dir='ltr'><strong>factoris</strong></span> <span class='ocrx_word' id='word_1_749' title='bbox 1260 5468 1319 5523; x_wconf 77' lang='lat' dir='ltr'><strong>et</strong></span> <span class='ocrx_word' id='word_1_750' title='bbox 1366 5470 1593 5537; x_wconf 73' lang='lat' dir='ltr'><strong>factura:</strong></span> <span class='ocrx_word' id='word_1_751' title='bbox 1635 5487 1827 5538; x_wconf 82' lang='lat' dir='ltr'><strong>opera-</strong></span> 
     </span>
    </p>
   </div>
   <div class='ocr_carea' id='block_1_99' title="bbox 251 5539 1825 5606">
    <p class='ocr_par' dir='ltr' id='par_1_99' title="bbox 251 5539 1825 5606">
     <span class='ocr_line' id='line_1_101' title="bbox 251 5539 1825 5606; baseline 0.001 -14"><span class='ocrx_word' id='word_1_752' title='bbox 251 5541 454 5593; x_wconf 80' lang='lat' dir='ltr'><strong>tionem</strong></span> <span class='ocrx_word' id='word_1_753' title='bbox 486 5555 597 5591; x_wconf 86' lang='lat' dir='ltr'><strong>esse</strong></span> <span class='ocrx_word' id='word_1_754' title='bbox 655 5539 884 5606; x_wconf 78' lang='lat' dir='ltr'><strong>prudens</strong></span> <span class='ocrx_word' id='word_1_755' title='bbox 942 5557 1092 5593; x_wconf 88' lang='lat' dir='ltr'><strong>nemo</strong></span> <span class='ocrx_word' id='word_1_756' title='bbox 1114 5541 1473 5606; x_wconf 83' lang='lat' dir='ltr'><strong>concesserit;</strong></span> <span class='ocrx_word' id='word_1_757' title='bbox 1504 5551 1551 5594; x_wconf 86' lang='lat' dir='ltr'><strong>et</strong></span> <span class='ocrx_word' id='word_1_758' title='bbox 1590 5557 1825 5604; x_wconf 87' lang='lat' dir='ltr'><strong>rursum,</strong></span> 
     </span>
    </p>
   </div>
   <div class='ocr_carea' id='block_1_100' title="bbox 248 5608 1824 5680">
    <p class='ocr_par' dir='ltr' id='par_1_100' title="bbox 248 5608 1824 5680">
     <span class='ocr_line' id='line_1_102' title="bbox 248 5608 1824 5680; baseline 0.001 -17"><span class='ocrx_word' id='word_1_759' title='bbox 248 5625 439 5663; x_wconf 81' lang='lat' dir='ltr'><strong>eorum</strong></span> <span class='ocrx_word' id='word_1_760' title='bbox 466 5624 582 5677; x_wconf 79' lang='lat' dir='ltr'><strong>qua:</strong></span> <span class='ocrx_word' id='word_1_761' title='bbox 606 5608 826 5662; x_wconf 69' lang='lat' dir='ltr'><strong>diversa:</strong></span> <span class='ocrx_word' id='word_1_762' title='bbox 852 5621 1054 5663; x_wconf 77' lang='lat' dir='ltr'><strong>natura:</strong></span> <span class='ocrx_word' id='word_1_763' title='bbox 1097 5621 1239 5672; x_wconf 84' lang='lat' dir='ltr'><strong>sunt,</strong></span> <span class='ocrx_word' id='word_1_764' title='bbox 1270 5611 1528 5664; x_wconf 82' lang='lat' dir='ltr'><strong>diversam</strong></span> <span class='ocrx_word' id='word_1_765' title='bbox 1557 5627 1671 5665; x_wconf 87' lang='lat' dir='ltr'><strong>esse</strong></span> <span class='ocrx_word' id='word_1_766' title='bbox 1701 5627 1824 5680; x_wconf 80' lang='lat' dir='ltr'><strong>ope-</strong></span> 
     </span>
    </p>
   </div>
   <div class='ocr_carea' id='block_1_101' title="bbox 250 5680 1816 5749">
    <p class='ocr_par' dir='ltr' id='par_1_101' title="bbox 250 5680 1816 5749">
     <span class='ocr_line' id='line_1_103' title="bbox 250 5680 1816 5749; baseline 0.001 -18"><span class='ocrx_word' id='word_1_767' title='bbox 250 5680 517 5749; x_wconf 74' lang='lat' dir='ltr'><strong>rationem</strong></span> <span class='ocrx_word' id='word_1_768' title='bbox 549 5694 691 5749; x_wconf 86' lang='lat' dir='ltr'><strong>:_nee</strong></span> <span class='ocrx_word' id='word_1_769' title='bbox 749 5695 1013 5749; x_wconf 57' lang='lat' dir='ltr'><strong>namque:</strong></span> <span class='ocrx_word' id='word_1_770' title='bbox 1061 5690 1180 5732; x_wconf 85' lang='lat' dir='ltr'><strong>sunt</strong></span> <span class='ocrx_word' id='word_1_771' title='bbox 1208 5680 1443 5747; x_wconf 84' lang='lat' dir='ltr'><strong>ejusdem</strong></span> <span class='ocrx_word' id='word_1_772' title='bbox 1471 5683 1816 5749; x_wconf 83' lang='lat' dir='ltr'><strong>operationis,</strong></span> 
     </span>
    </p>
   </div>
   <div class='ocr_carea' id='block_1_102' title="bbox 245 5747 1821 5822">
    <p class='ocr_par' dir='ltr' id='par_1_102' title="bbox 245 5747 1821 5822">
     <span class='ocr_line' id='line_1_104' title="bbox 245 5747 1821 5822; baseline 0.005 -24"><span class='ocrx_word' id='word_1_773' title='bbox 245 5747 493 5816; x_wconf 82' lang='lat' dir='ltr'><strong>ejusdem</strong></span> <span class='ocrx_word' id='word_1_774' title='bbox 511 5747 842 5805; x_wconf 78' lang='lat' dir='ltr'><strong>substantiw.</strong></span> <span class='ocrx_word' id='word_1_775' title='bbox 861 5747 1231 5815; x_wconf 82' lang='lat' dir='ltr'><strong>Quamobrem</strong></span> <span class='ocrx_word' id='word_1_776' title='bbox 1249 5747 1532 5822; x_wconf 72' lang='lat' dir='ltr'><strong>Cyrillum,</strong></span> <span class='ocrx_word' id='word_1_777' title='bbox 1560 5759 1619 5807; x_wconf 90' lang='lat' dir='ltr'><strong>ut</strong></span> <span class='ocrx_word' id='word_1_778' title='bbox 1636 5760 1821 5807; x_wconf 86' lang='lat' dir='ltr'><strong>osten-</strong></span> 
     </span>
    </p>
   </div>
   <div class='ocr_carea' id='block_1_103' title="bbox 1945 4704 3513 4779">
    <p class='ocr_par' dir='ltr' id='par_1_103' title="bbox 1945 4704 3513 4779">
     <span class='ocr_line' id='line_1_105' title="bbox 1945 4704 3513 4779; baseline 0.004 -23"><span class='ocrx_word' id='word_1_779' title='bbox 1945 4718 2069 4756; x_wconf 89' lang='lat' dir='ltr'><strong>cum</strong></span> <span class='ocrx_word' id='word_1_780' title='bbox 2103 4717 2290 4766; x_wconf 84' lang='lat' dir='ltr'><strong>carne.</strong></span> <span class='ocrx_word' id='word_1_781' title='bbox 2316 4704 2631 4779; x_wconf 5' lang='lat' dir='ltr'><strong>siveqextra‘</strong></span> <span class='ocrx_word' id='word_1_782' title='bbox 2663 4720 2908 4779; x_wconf 65' lang='lat' dir='ltr'><strong>carnem,</strong></span> <span class='ocrx_word' id='word_1_783' title='bbox 2948 4721 3110 4779; x_wconf 76' lang='lat' dir='ltr'><strong>unam</strong></span> <span class='ocrx_word' id='word_1_784' title='bbox 3153 4708 3361 4763; x_wconf 73' lang='lat' dir='ltr'><strong>dixisse</strong></span> <span class='ocrx_word' id='word_1_785' title='bbox 3386 4726 3513 4779; x_wconf 71' lang='lat' dir='ltr'><strong>qua:</strong></span> 
     </span>
    </p>
   </div>
   <div class='ocr_carea' id='block_1_104' title="bbox 1942 4774 3510 4848">
    <p class='ocr_par' dir='ltr' id='par_1_104' title="bbox 1942 4774 3510 4848">
     <span class='ocr_line' id='line_1_106' title="bbox 1942 4774 3510 4848; baseline 0.007 -25"><span class='ocrx_word' id='word_1_786' title='bbox 1942 4787 2038 4841; x_wconf 90' lang='lat' dir='ltr'><strong>per</strong></span> <span class='ocrx_word' id='word_1_787' title='bbox 2067 4776 2539 4848; x_wconf 27' lang='lat' dir='ltr'><strong>utramqtteAedita</strong></span> <span class='ocrx_word' id='word_1_788' title='bbox 2589 4775 2679 4838; x_wconf 91' lang='lat' dir='ltr'><strong>sit,</strong></span> <span class='ocrx_word' id='word_1_789' title='bbox 2716 4774 2934 4848; x_wconf 86' lang='lat' dir='ltr'><strong>quando</strong></span> <span class='ocrx_word' id='word_1_790' title='bbox 2960 4774 3510 4848; x_wconf 67' lang='lat' dir='ltr'><strong>Verbumassunipta</strong></span> 
     </span>
    </p>
   </div>
   <div class='ocr_carea' id='block_1_105' title="bbox 1940 4844 3511 4913">
    <p class='ocr_par' dir='ltr' id='par_1_105' title="bbox 1940 4844 3511 4913">
     <span class='ocr_line' id='line_1_107' title="bbox 1940 4844 3511 4913; baseline 0.004 -16"><span class='ocrx_word' id='word_1_791' title='bbox 1940 4857 2125 4907; x_wconf 84' lang='lat' dir='ltr'><strong>carne,</strong></span> <span class='ocrx_word' id='word_1_792' title='bbox 2157 4858 2267 4897; x_wconf 92' lang='lat' dir='ltr'><strong>non</strong></span> <span class='ocrx_word' id='word_1_793' title='bbox 2302 4844 2419 4899; x_wconf 90' lang='lat' dir='ltr'><strong>solo</strong></span> <span class='ocrx_word' id='word_1_794' title='bbox 2460 4845 2652 4913; x_wconf 86' lang='lat' dir='ltr'><strong>jussu,</strong></span> <span class='ocrx_word' id='word_1_795' title='bbox 2686 4846 2953 4899; x_wconf 88' lang='lat' dir='ltr'><strong>miracula</strong></span> <span class='ocrx_word' id='word_1_796' title='bbox 3008 4847 3267 4913; x_wconf 86' lang='lat' dir='ltr'><strong>patravit,</strong></span> <span class='ocrx_word' id='word_1_797' title='bbox 3318 4844 3511 4903; x_wconf 54' lang='lat' dir='ltr'><strong>sed&#39;et</strong></span> 
     </span>
    </p>
   </div>
   <div class='ocr_carea' id='block_1_106' title="bbox 1939 4916 3507 4994">
    <p class='ocr_par' dir='ltr' id='par_1_106' title="bbox 1939 4916 3507 4994">
     <span class='ocr_line' id='line_1_108' title="bbox 1939 4916 3507 4994; baseline 0.002 -28"><span class='ocrx_word' id='word_1_798' title='bbox 1939 4922 2225 4979; x_wconf 88' lang='lat' dir='ltr'><strong>contactu,</strong></span> <span class='ocrx_word' id='word_1_799' title='bbox 2284 4928 2577 4994; x_wconf 61' lang='lat' dir='ltr'><strong>corppt&#39;utti</strong></span> <span class='ocrx_word' id='word_1_800' title='bbox 2637 4930 2810 4977; x_wconf 89' lang='lat' dir='ltr'><strong>more,</strong></span> <span class='ocrx_word' id='word_1_801' title='bbox 2840 4923 2899 4968; x_wconf 90' lang='lat' dir='ltr'><strong>ut</strong></span> <span class='ocrx_word' id='word_1_802' title='bbox 2948 4917 3123 4994; x_wconf 70' lang='lat' dir='ltr'><strong>palam</strong></span> <span class='ocrx_word' id='word_1_803' title='bbox 3159 4916 3507 4994; x_wconf 56' lang='lat' dir='ltr'><strong>l&#39;aceretean</strong></span> 
     </span>
    </p>
   </div>
   <div class='ocr_carea' id='block_1_107' title="bbox 1938 4983 3506 5053">
    <p class='ocr_par' dir='ltr' id='par_1_107' title="bbox 1938 4983 3506 5053">
     <span class='ocr_line' id='line_1_109' title="bbox 1938 4983 3506 5053; baseline 0.003 -18"><span class='ocrx_word' id='word_1_804' title='bbox 1938 4997 2059 5053; x_wconf 82' lang='lat' dir='ltr'><strong>nem</strong></span> <span class='ocrx_word' id='word_1_805' title='bbox 2091 4998 2249 5036; x_wconf 84' lang='lat' dir='ltr'><strong>suam</strong></span> <span class='ocrx_word' id='word_1_806' title='bbox 2288 4983 2563 5037; x_wconf 82' lang='lat' dir='ltr'><strong>viviﬁcam</strong></span> <span class='ocrx_word' id='word_1_807' title='bbox 2591 4999 2735 5048; x_wconf 87' lang='lat' dir='ltr'><strong>esse,</strong></span> <span class='ocrx_word' id='word_1_808' title='bbox 2765 4999 2887 5053; x_wconf 72' lang='lat' dir='ltr'><strong>utne</strong></span> <span class='ocrx_word' id='word_1_809' title='bbox 2912 4983 3199 5052; x_wconf 86' lang='lat' dir='ltr'><strong>sttiipsius.</strong></span> <span class='ocrx_word' id='word_1_810' title='bbox 3232 5002 3342 5039; x_wconf 86' lang='lat' dir='ltr'><strong>nou</strong></span> <span class='ocrx_word' id='word_1_811' title='bbox 3372 4988 3506 5040; x_wconf 87' lang='lat' dir='ltr'><strong>alte-</strong></span> 
     </span>
    </p>
   </div>
   <div class='ocr_carea' id='block_1_108' title="bbox 1937 5051 3513 5123">
    <p class='ocr_par' dir='ltr' id='par_1_108' title="bbox 1937 5051 3513 5123">
     <span class='ocr_line' id='line_1_110' title="bbox 1937 5051 3513 5123; baseline 0.003 -18"><span class='ocrx_word' id='word_1_812' title='bbox 1937 5051 2055 5123; x_wconf 80' lang='lat' dir='ltr'><strong>rius</strong></span> <span class='ocrx_word' id='word_1_813' title='bbox 2073 5064 2255 5123; x_wconf 76' lang='lat' dir='ltr'><strong>esset;</strong></span> <span class='ocrx_word' id='word_1_814' title='bbox 2280 5069 2345 5106; x_wconf 91' lang='lat' dir='ltr'><strong>eo</strong></span> <span class='ocrx_word' id='word_1_815' title='bbox 2372 5056 2482 5107; x_wconf 79' lang='lat' dir='ltr'><strong>fere</strong></span> <span class='ocrx_word' id='word_1_816' title='bbox 2512 5058 2674 5106; x_wconf 81' lang='lat' dir='ltr'><strong>modo</strong></span> <span class='ocrx_word' id='word_1_817' title='bbox 2702 5051 2812 5123; x_wconf 87' lang='lat' dir='ltr'><strong>quo</strong></span> <span class='ocrx_word' id='word_1_818' title='bbox 2838 5054 2977 5121; x_wconf 81' lang='lat' dir='ltr'><strong>ignis</strong></span> <span class='ocrx_word' id='word_1_819' title='bbox 3001 5051 3186 5109; x_wconf 25' lang='lat' dir='ltr'><strong>tt’nitus</strong></span> <span class='ocrx_word' id='word_1_820' title='bbox 3215 5070 3337 5108; x_wconf 88' lang='lat' dir='ltr'><strong>cum</strong></span> <span class='ocrx_word' id='word_1_821' title='bbox 3364 5055 3513 5110; x_wconf 85' lang='lat' dir='ltr'><strong>ferro</strong></span> 
     </span>
    </p>
   </div>
   <div class='ocr_carea' id='block_1_109' title="bbox 1934 5120 3510 5188">
    <p class='ocr_par' dir='ltr' id='par_1_109' title="bbox 1934 5120 3510 5188">
     <span class='ocr_line' id='line_1_111' title="bbox 1934 5120 3510 5188; baseline 0.002 -13"><span class='ocrx_word' id='word_1_822' title='bbox 1934 5120 2123 5186; x_wconf 74' lang='lat' dir='ltr'><strong>eliicit,</strong></span> <span class='ocrx_word' id='word_1_823' title='bbox 2154 5132 2212 5174; x_wconf 91' lang='lat' dir='ltr'><strong>ut</strong></span> <span class='ocrx_word' id='word_1_824' title='bbox 2239 5122 2443 5176; x_wconf 78' lang='lat' dir='ltr'><strong>ferrum</strong></span> <span class='ocrx_word' id='word_1_825' title='bbox 2500 5120 2811 5188; x_wconf 69' lang='lat' dir='ltr'><strong>comburat,</strong></span> <span class='ocrx_word' id='word_1_826' title='bbox 2844 5120 2979 5179; x_wconf 86' lang='lat' dir='ltr'><strong>adeo</strong></span> <span class='ocrx_word' id='word_1_827' title='bbox 3013 5134 3071 5178; x_wconf 85' lang='lat' dir='ltr'><strong>ut</strong></span> <span class='ocrx_word' id='word_1_828' title='bbox 3114 5126 3330 5181; x_wconf 88' lang='lat' dir='ltr'><strong>adustio</strong></span> <span class='ocrx_word' id='word_1_829' title='bbox 3356 5125 3510 5186; x_wconf 83' lang='lat' dir='ltr'><strong>ferri.</strong></span> 
     </span>
    </p>
   </div>
   <div class='ocr_carea' id='block_1_110' title="bbox 1935 5190 3511 5266">
    <p class='ocr_par' dir='ltr' id='par_1_110' title="bbox 1935 5190 3511 5266">
     <span class='ocr_line' id='line_1_112' title="bbox 1935 5190 3511 5266; baseline 0.003 -22"><span class='ocrx_word' id='word_1_830' title='bbox 1935 5190 2132 5266; x_wconf 74' lang='lat' dir='ltr'><strong>ipsius,</strong></span> <span class='ocrx_word' id='word_1_831' title='bbox 2162 5192 2360 5266; x_wconf 85' lang='lat' dir='ltr'><strong>nedum</strong></span> <span class='ocrx_word' id='word_1_832' title='bbox 2390 5193 2557 5266; x_wconf 77' lang='lat' dir='ltr'><strong>ignis.</strong></span> <span class='ocrx_word' id='word_1_833' title='bbox 2584 5197 2802 5263; x_wconf 86' lang='lat' dir='ltr'><strong>propria</strong></span> <span class='ocrx_word' id='word_1_834' title='bbox 2833 5197 2922 5248; x_wconf 89' lang='lat' dir='ltr'><strong>sit.</strong></span> <span class='ocrx_word' id='word_1_835' title='bbox 2963 5195 3200 5249; x_wconf 89' lang='lat' dir='ltr'><strong>Basilius</strong></span> <span class='ocrx_word' id='word_1_836' title='bbox 3250 5205 3375 5249; x_wconf 89' lang='lat' dir='ltr'><strong>ante</strong></span> <span class='ocrx_word' id='word_1_837' title='bbox 3404 5195 3511 5266; x_wconf 81' lang='lat' dir='ltr'><strong>Cy-</strong></span> 
     </span>
    </p>
   </div>
   <div class='ocr_carea' id='block_1_111' title="bbox 1934 5262 3511 5333">
    <p class='ocr_par' dir='ltr' id='par_1_111' title="bbox 1934 5262 3511 5333">
     <span class='ocr_line' id='line_1_113' title="bbox 1934 5262 3511 5333; baseline 0.003 -18"><span class='ocrx_word' id='word_1_838' title='bbox 1934 5262 2143 5324; x_wconf 88' lang='lat' dir='ltr'><strong>rillum,</strong></span> <span class='ocrx_word' id='word_1_839' title='bbox 2208 5264 2455 5317; x_wconf 87' lang='lat' dir='ltr'><strong>omnium</strong></span> <span class='ocrx_word' id='word_1_840' title='bbox 2509 5262 2701 5317; x_wconf 76' lang='lat' dir='ltr'><strong>forsan</strong></span> <span class='ocrx_word' id='word_1_841' title='bbox 2751 5265 2995 5333; x_wconf 76' lang='lat' dir='ltr'><strong>primus,</strong></span> <span class='ocrx_word' id='word_1_842' title='bbox 3044 5266 3350 5333; x_wconf 75' lang='lat' dir='ltr'><strong>exemplum</strong></span> <span class='ocrx_word' id='word_1_843' title='bbox 3407 5262 3511 5321; x_wconf 77' lang='lat' dir='ltr'><strong>hoc</strong></span> 
     </span>
    </p>
   </div>
   <div class='ocr_carea' id='block_1_112' title="bbox 1934 5332 3509 5391">
    <p class='ocr_par' dir='ltr' id='par_1_112' title="bbox 1934 5332 3509 5391">
     <span class='ocr_line' id='line_1_114' title="bbox 1934 5332 3509 5391; baseline 0.004 -7"><span class='ocrx_word' id='word_1_844' title='bbox 1934 5333 2265 5386; x_wconf 80' lang='lat' dir='ltr'><strong>adhibuerat</strong></span> <span class='ocrx_word' id='word_1_845' title='bbox 2315 5335 2367 5385; x_wconf 90' lang='lat' dir='ltr'><strong>in</strong></span> <span class='ocrx_word' id='word_1_846' title='bbox 2427 5333 2572 5385; x_wconf 87' lang='lat' dir='ltr'><strong>hom.</strong></span> <span class='ocrx_word' id='word_1_847' title='bbox 2626 5334 2679 5387; x_wconf 91' lang='lat' dir='ltr'><strong>in</strong></span> <span class='ocrx_word' id='word_1_848' title='bbox 2719 5333 2852 5387; x_wconf 89' lang='lat' dir='ltr'><strong>Chr.</strong></span> <span class='ocrx_word' id='word_1_849' title='bbox 2895 5332 3019 5387; x_wconf 85' lang='lat' dir='ltr'><strong>Nat.</strong></span> <span class='ocrx_word' id='word_1_850' title='bbox 3086 5332 3509 5391; x_wconf 79' lang='lat' dir='ltr'><strong>SchOliastcsin</strong></span> 
     </span>
    </p>
   </div>
   <div class='ocr_carea' id='block_1_113' title="bbox 1931 5401 3511 5475">
    <p class='ocr_par' dir='ltr' id='par_1_113' title="bbox 1931 5401 3511 5475">
     <span class='ocr_line' id='line_1_115' title="bbox 1931 5401 3511 5475; baseline 0.004 -21"><span class='ocrx_word' id='word_1_851' title='bbox 1931 5401 2231 5475; x_wconf 76' lang='lat' dir='ltr'><strong>Colleetan.</strong></span> <span class='ocrx_word' id='word_1_852' title='bbox 2262 5411 2409 5458; x_wconf 89' lang='lat' dir='ltr'><strong>cont.</strong></span> <span class='ocrx_word' id='word_1_853' title='bbox 2442 5402 2629 5475; x_wconf 59' lang='grc' dir='ltr'>ξενον.</span> <span class='ocrx_word' id='word_1_854' title='bbox 2655 5419 2705 5455; x_wconf 83' lang='lat' dir='ltr'><strong>c.</strong></span> <span class='ocrx_word' id='word_1_855' title='bbox 2727 5402 2817 5467; x_wconf 66' lang='lat'><strong>20,</strong></span> <span class='ocrx_word' id='word_1_856' title='bbox 2842 5402 2918 5475; x_wconf 10' lang='lat' dir='ltr'><strong>ad;</strong></span> <span class='ocrx_word' id='word_1_857' title='bbox 2943 5404 3085 5458; x_wconf 87' lang='lat' dir='ltr'><strong>hunc</strong></span> <span class='ocrx_word' id='word_1_858' title='bbox 3115 5404 3305 5475; x_wconf 82' lang='lat' dir='ltr'><strong>Cyrilli</strong></span> <span class='ocrx_word' id='word_1_859' title='bbox 3329 5407 3511 5475; x_wconf 84' lang='lat' dir='ltr'><strong>locum</strong></span> 
     </span>
    </p>
   </div>
   <div class='ocr_carea' id='block_1_114' title="bbox 1930 5472 3510 5543">
    <p class='ocr_par' dir='ltr' id='par_1_114' title="bbox 1930 5472 3510 5543">
     <span class='ocr_line' id='line_1_116' title="bbox 1930 5472 3510 5543; baseline 0.004 -18"><span class='ocrx_word' id='word_1_860' title='bbox 1930 5472 2209 5537; x_wconf 88' lang='lat' dir='ltr'><strong>observat,</strong></span> <span class='ocrx_word' id='word_1_861' title='bbox 2235 5473 2473 5543; x_wconf 85' lang='grc' dir='ltr'>συγγενῆ</span> <span class='ocrx_word' id='word_1_862' title='bbox 2502 5473 2804 5542; x_wconf 79' lang='grc' dir='ltr'>ἐνέργειαν,</span> <span class='ocrx_word' id='word_1_863' title='bbox 2846 5473 2980 5526; x_wconf 86' lang='lat' dir='ltr'><strong>nihil</strong></span> <span class='ocrx_word' id='word_1_864' title='bbox 3026 5472 3174 5530; x_wconf 56' lang='lat' dir='ltr'><strong>esse&#39;</strong></span> <span class='ocrx_word' id='word_1_865' title='bbox 3196 5474 3367 5535; x_wconf 89' lang='lat' dir='ltr'><strong>aliud,</strong></span> <span class='ocrx_word' id='word_1_866' title='bbox 3404 5477 3510 5531; x_wconf 84' lang='lat' dir='ltr'><strong>nisi</strong></span> 
     </span>
    </p>
   </div>
   <div class='ocr_carea' id='block_1_115' title="bbox 1930 5543 3510 5613">
    <p class='ocr_par' dir='ltr' id='par_1_115' title="bbox 1930 5543 3510 5613">
     <span class='ocr_line' id='line_1_117' title="bbox 1930 5543 3510 5613; baseline 0.003 -18"><span class='ocrx_word' id='word_1_867' title='bbox 1930 5557 2097 5613; x_wconf 83' lang='lat' dir='ltr'><strong>unum</strong></span> <span class='ocrx_word' id='word_1_868' title='bbox 2122 5543 2489 5613; x_wconf 82' lang='grc' dir='ltr'>ἀποτέλεσμα,</span> <span class='ocrx_word' id='word_1_869' title='bbox 2512 5543 2773 5612; x_wconf 71' lang='lat' dir='ltr'><strong>effectum,</strong></span> <span class='ocrx_word' id='word_1_870' title='bbox 2806 5545 2949 5613; x_wconf 92' lang='lat' dir='ltr'><strong>quod</strong></span> <span class='ocrx_word' id='word_1_871' title='bbox 2975 5560 3001 5598; x_wconf 88' lang='lat' dir='ltr'><strong>a</strong></span> <span class='ocrx_word' id='word_1_872' title='bbox 3024 5545 3204 5599; x_wconf 78' lang='lat' dir='ltr'><strong>Verbo</strong></span> <span class='ocrx_word' id='word_1_873' title='bbox 3250 5552 3510 5599; x_wconf 84' lang='lat' dir='ltr'><strong>contactu</strong></span> 
     </span>
    </p>
   </div>
   <div class='ocr_carea' id='block_1_116' title="bbox 1930 5610 3513 5684">
    <p class='ocr_par' dir='ltr' id='par_1_116' title="bbox 1930 5610 3513 5684">
     <span class='ocr_line' id='line_1_118' title="bbox 1930 5610 3513 5684; baseline 0.002 -20"><span class='ocrx_word' id='word_1_874' title='bbox 1930 5610 2116 5684; x_wconf 85' lang='lat' dir='ltr'><strong>carnis</strong></span> <span class='ocrx_word' id='word_1_875' title='bbox 2165 5610 2500 5667; x_wconf 48' lang='lat' dir='ltr'><strong>editum&#39;sit</strong></span> <span class='ocrx_word' id='word_1_876' title='bbox 2525 5610 2847 5684; x_wconf 55' lang='lat' dir='ltr'><strong>{quinimo</strong></span> <span class='ocrx_word' id='word_1_877' title='bbox 2886 5615 3139 5669; x_wconf 83' lang='lat' dir='ltr'><strong>addendo</strong></span> <span class='ocrx_word' id='word_1_878' title='bbox 3170 5615 3266 5667; x_wconf 68' lang='grc' dir='ltr'><strong>καὶ</strong></span> <span class='ocrx_word' id='word_1_879' title='bbox 3309 5614 3375 5668; x_wconf 86' lang='grc' dir='ltr'>δι’</span> <span class='ocrx_word' id='word_1_880' title='bbox 3405 5617 3513 5684; x_wconf 70' lang='lat' dir='ltr'><strong>ap.—</strong></span> 
     </span>
    </p>
   </div>
   <div class='ocr_carea' id='block_1_117' title="bbox 1929 5682 3511 5761">
    <p class='ocr_par' dir='ltr' id='par_1_117' title="bbox 1929 5682 3511 5761">
     <span class='ocr_line' id='line_1_119' title="bbox 1929 5682 3511 5761; baseline 0.005 -30"><span class='ocrx_word' id='word_1_881' title='bbox 1929 5682 2210 5761; x_wconf 73' lang='grc' dir='ltr'>φοζν,άαασ</span> <span class='ocrx_word' id='word_1_882' title='bbox 2264 5693 2491 5738; x_wconf 87' lang='lat' dir='ltr'><strong>naturas</strong></span> <span class='ocrx_word' id='word_1_883' title='bbox 2546 5682 2774 5753; x_wconf 81' lang='lat' dir='ltr'><strong>propter</strong></span> <span class='ocrx_word' id='word_1_884' title='bbox 2823 5683 3074 5742; x_wconf 87' lang='lat' dir='ltr'><strong>diversas</strong></span> <span class='ocrx_word' id='word_1_885' title='bbox 3127 5686 3373 5741; x_wconf 86' lang='lat' dir='ltr'><strong>actiones</strong></span> <span class='ocrx_word' id='word_1_886' title='bbox 3429 5682 3511 5739; x_wconf 73' lang='grc' dir='ltr'><strong>ἰο-</strong></span> 
     </span>
    </p>
   </div>
   <div class='ocr_carea' id='block_1_118' title="bbox 1929 5764 2140 5808">
    <p class='ocr_par' dir='ltr' id='par_1_118' title="bbox 1929 5764 2140 5808">
     <span class='ocr_line' id='line_1_120' title="bbox 1929 5764 2140 5808; baseline 0.014 -3"><span class='ocrx_word' id='word_1_887' title='bbox 1929 5764 2140 5808; x_wconf 62' lang='grc' dir='ltr'>ηοιθεθέ</span> 
     </span>
    </p>
   </div>
  </div>
