3950 6304
459 341 483 408 Ῑ
495 343 600 408 059

1651 345 1713 404 S.
1742 344 2060 406 JOANNIS
2093 347 2523 408 DAMASCENI

3571 343 3714 412 1060

451 449 714 508 immunis
734 453 998 504 maneret.
1027 443 1147 502 Non
1174 443 1340 511 enim,
1366 444 1824 514 quemadmodum
1855 445 2015 502 Verbi

2127 453 2365 523 διαμένει
2395 455 2680 526 ἀμέτοχος.
2716 452 2792 507 Οὐ
2821 452 2950 525 γὰρ,
2988 451 3181 525 ὥσπερ
3201 452 3289 507 διὰ
3314 451 3416 523 τῆς
3442 456 3642 524 σαρκὸς
3673 458 3708 526 ἡ

451 543 710 599 divinitas
741 555 836 610 per
862 553 1084 594 carnem
1120 549 1396 609 operatur,
1443 538 1518 592 ita
1562 538 1722 593 etiam
1756 553 1855 608 per
1879 539 2022 593 divi-

448 635 676 694 nitatem
704 645 835 686 caro
865 631 1039 701 ipsius
1067 630 1497 701 perpetiebatur.
1527 629 1839 684 Divinitatis
1872 632 2019 685 enim

445 739 716 795 organum
743 737 872 777 caro
911 722 1032 776 fuit.
1066 721 1388 791 Quanquam
1418 722 1586 792 igitur
1616 737 1645 775 a
1683 723 1860 792 prima
1889 738 2022 778 con-

447 818 702 884 ceptione
749 815 959 870 nullum
1007 815 1228 868 omnino
1282 813 1423 867 inter
1473 821 1758 882 utramque
1789 813 2020 869 formam

358 903 371 924 ‘
448 906 649 962 divisio
681 907 862 960 locum
896 907 1126 970 invenit,
1157 921 1344 964 verum
1381 904 1545 959 unius
1574 921 1820 973 persona:
1849 906 2022 960 actio-

447 1013 570 1060 nes,
623 997 822 1066 quovis
874 1005 1118 1067 tempore
1159 997 1318 1050 editae
1371 996 1500 1059 sint,
1561 998 1852 1066 utriusque
1903 996 2022 1050 lor-

445 1104 549 1144 mae
578 1090 943 1156 exstiterunt;
981 1103 1080 1143 nos
1115 1097 1297 1142 tamen
1346 1102 1408 1142 ea
1459 1103 1581 1157 quae
1627 1089 1767 1142 citra
1799 1104 2022 1158 separa-

448 1180 651 1235 tionem
685 1188 845 1250 gesta
882 1187 1030 1245 sunt,
1077 1179 1231 1233 nullo
1278 1179 1439 1233 modo
1472 1177 1889 1244 contundimus,
1925 1181 2019 1236 sed

447 1272 578 1342 quid
614 1272 885 1341 cujusque
933 1269 1122 1326 formae
1161 1277 1311 1326 esset
1364 1286 1432 1326 ex
1482 1285 1710 1341 operum
1745 1272 2020 1342 qualitate

447 1363 853 1432 cognoscimus.

533 1451 684 1507 Verbi
717 1463 847 1506 nutu
882 1452 1185 1506 humanitas
1214 1468 1315 1506 sua
1349 1453 1746 1522 exsequebatur.
1774 1483 1844 1495 —
1874 1454 2020 1520 Quo.

447 1544 596 1599 circa
646 1545 694 1577 ⁸³
743 1544 1002 1600 Christus
1051 1544 1354 1600 secundum
1415 1553 1708 1615 utramque
1765 1556 2018 1600 naturam

447 1648 603 1689 suam
634 1641 913 1702 operatur,
958 1649 1024 1688 ac
1071 1635 1126 1688 in
1174 1649 1241 1689 eo
1293 1643 1526 1702 utraque
1561 1643 1757 1688 natura
1789 1651 1912 1690 cum
1940 1636 2020 1689 al-

2125 544 2317 617 θεότης
2347 548 2589 618 ἐνήργει,
2650 545 2790 600 οὕτω
2839 547 2934 601 καὶ
2964 547 3052 600 διὰ
3075 546 3176 613 τῆς
3225 544 3537 616 θεότητοςή
3569 547 3714 618 σὰρξ

2123 638 2289 692 αὐτοῦ
2323 638 2580 709 ἔπασχεν.
2626 640 2896 711 Ὀργανον
2930 639 3040 707 γὰρ
3069 641 3102 710 ἡ
3140 637 3280 708 σὰρξ
3319 639 3418 709 τῆς
3452 639 3713 710 θεότητος

2123 727 2512 797 ἐχρημάτισεν.
2548 729 2610 781 Et
2650 729 2742 783 καὶ
2768 729 2947 782 τοίνυν
2972 729 3029 795 ἐξ
3061 730 3236 798 ἄκρας
3261 728 3574 798 συλλήψεως
3597 729 3710 781 οὐδ’

2122 819 2303 873 ὁτιοῦν
2349 821 2682 893 διῃρημένον
2733 817 2800 892 ἦν
2851 821 2950 892 τῆς
3003 821 3273 890 ἑκατέρας
3318 821 3555 891 μορφῆς,
3589 821 3711 874 ἀλλ’

2125 911 2244 974 ἐνὸς
2278 911 2574 981 προσώπου
2600 913 2657 965 αἱ
2689 912 2782 966 τοῦ
2815 913 3011 976 παντὸς
3038 912 3231 983 χρόνου
3254 912 3481 981 πράξεις
3509 899 3718 964 exarsi:

2124 1019 2226 1073 ρας
2257 1004 2471 1074 μορφῆς
2504 1005 2816 1072 γεγόνασιν,
2846 1006 2996 1075 ὅμως
3046 1005 3187 1058 αὐτὰ
3216 1004 3361 1074 ἆπερ
3384 1002 3710 1074 ἀχωρίστως

2120 1093 2466 1164 γεγένηνται,
2490 1095 2612 1147 κατ’
2644 1093 2835 1148 οὐδένα
2866 1094 3067 1164 τρόπον
3112 1093 3433 1163 συγχέομεν,
3466 1091 3605 1146 ἀλλά
3633 1094 3706 1153 τί.

2121 1185 2282 1247 ποίας
2305 1185 2389 1256 εἴη
2421 1187 2636 1258 μορφῆς
2662 1187 2728 1239 ἐκ
2744 1185 2846 1256 τῆς
2873 1185 2982 1239 τῶν
3004 1185 3182 1258 ἔργων
3202 1185 3489 1256 ποιότητος
3512 1183 3710 1238 αἰσθα-

2121 1275 2346 1347 νόμεθα.

2208 1455 2451 1525 Ἐνεργεῖ
2477 1453 2658 1507 τοίνυν
2707 1455 2736 1507 ὁ
2786 1453 3021 1524 Χριστὸς
3060 1452 3182 1507 καθ’
3230 1453 3496 1524 ἑκατέραν
3539 1451 3708 1508 αὑτοῦ

2119 1545 2230 1598 τῶν
2251 1545 2488 1614 φύσεων,
2514 1545 2612 1598 καὶ
2640 1546 2856 1616 ἐνεργεί
2875 1546 3113 1616 ἑκατέρα
3137 1544 3299 1614 φύσις
3321 1547 3378 1598 ὲν
3396 1543 3543 1614 αὐτῷ
3568 1544 3709 1614 μετά

2121 1638 2220 1709 τῆς
2253 1637 2487 1708 θατέρου
2515 1637 2798 1700 κοινωνίας
2821 1653 2836 1669 ο
2867 1635 2964 1689 τοῦ
3003 1636 3104 1707 μὲν
3135 1637 3314 1705 Λόγου
3363 1636 3709 1705 κατεργαζο·

447 1725 619 1779 terius
652 1725 1040 1779 communione
1073 1734 1332 1794 operatur
1363 1742 1378 1780 :
1417 1724 1591 1780 Verbo
1617 1727 1875 1781 nimirum
1900 1742 2018 1798 qua!

2127 1730 2290 1800 μένου
2327 1730 2471 1802 ἅπερ
2511 1731 2630 1783 ἐστὶ
2657 1728 2752 1782 τοῦ
2779 1729 2977 1796 Λόγου,
3011 1728 3101 1781 διὰ
3148 1728 3247 1799 τὴν
3274 1727 3564 1781 αὑθεντίαν
3612 1727 3709 1781 καὶ

453 1812 615 1870 Verbi
665 1823 817 1878 sunt,
857 1830 981 1870 cum
1033 1817 1361 1870 auctoritate
1399 1824 1455 1871 et
1503 1819 1748 1886 potentia
1795 1795 2018 1874 deitatis

2127 1795 2370 1887 ἐξουσίαν
2416 1795 2516 1895 τῆς
2550 1823 2823 1895 θεότητος,
2871 1795 2974 1878 ὅσα
3015 1823 3162 1876 ἐστὶν
3195 1795 3400 1892 ἀρχικά
3430 1822 3526 1876 καὶ
3553 1821 3709 1892 βασι-

444 1905 742 1974 etliciente;
778 1907 882 1962 hoc
901 1915 987 1962 est
1020 1909 1167 1977 regia
1200 1909 1388 1962 omnia
1415 1916 1470 1964 et
1496 1925 1620 1979 quat
1649 1911 2017 1982 principatum

444 1997 642 2053 decent
674 2018 688 2053 :
731 2013 964 2068 corpore
995 2009 1202 2064 autem,
1235 2016 1359 2070 quae
1395 2010 1526 2055 sunt
1576 2002 1826 2074 corporis
1857 2019 2018 2059 exse-

445 2099 668 2159 quente,
701 2090 770 2144 ad
799 2089 962 2146 Verbi
995 2091 1097 2146 sibi
1127 2092 1285 2158 uniti,
1317 2091 1480 2162 cujus
1519 2093 1688 2148 etiam
1734 2095 2016 2164 proprium

445 2178 650 2234 factum
681 2186 786 2246 est,
823 2181 1132 2236 arbitrium.
1160 2181 1346 2252 Neque
1379 2183 1528 2237 enim
1553 2193 1752 2252 suopte
1792 2193 1924 2238 nutu
1950 2185 2018 2239 ad

444 2271 725 2326 naturales
758 2270 987 2326 allectus
1019 2271 1360 2342 prosiliebat,
1398 2287 1502 2328 nec
1551 2289 1745 2328 rursus
1783 2275 2020 2330 molesta

445 2360 770 2430 refugiebat,
800 2376 864 2416 ac
888 2360 1253 2427 detrectabat,
1285 2370 1380 2417 aut
1416 2378 1480 2418 ea
1519 2380 1640 2434 qua:
1663 2379 1890 2420 externe
1934 2365 2020 2418 in-

443 2451 732 2522 gruebant,
764 2453 1113 2522 patiebatur;
1146 2452 1243 2508 sed
1286 2455 1588 2509 secundum
1636 2464 1848 2511 natura:
1880 2472 2018 2511 eon-

442 2541 708 2598 ditionem
772 2543 1131 2609 movebatur,
1187 2541 1368 2600 Verbo
1437 2547 1655 2602 volente
1685 2586 1700 2610 ,
1758 2557 2020 2618 certoque

444 2635 678 2690 consilio
741 2636 1090 2704 permittente
1142 2637 1319 2707 ipsum
1383 2639 1494 2707 pati
1551 2645 1606 2694 et
1658 2653 1818 2710 agere
1873 2640 2020 2710 quod

443 2727 727 2796 proprium
753 2735 896 2790 erat,
931 2734 988 2781 ut
1015 2742 1112 2798 per
1151 2742 1318 2798 Opera
1369 2729 1594 2784 veritati
1641 2739 1850 2786 natura:
1884 2731 2018 2789 lides

441 2826 805 2876 astrueretur.

514 2908 768 2964 Humana
809 2909 1050 2966 Christus
1085 2911 1264 2968 divino
1303 2914 1464 2968 modo
1495 2913 1703 2985 agebat,
1725 2912 1791 2969 et
1833 2933 1862 2970 e
1895 2932 2021 2970 con-

444 3007 545 3056 tra.
574 3030 646 3040 —
671 3001 1143 3066 Quemadmodum
1173 3004 1222 3035 "
1259 3012 1442 3061 autem
1491 3021 1655 3076 supra
1691 3023 1855 3077 quam
1884 3008 2021 3063 sub-

2117 1912 2247 1966 λικά
2265 1929 2280 1943 ο
2313 1911 2408 1966 τοῦ
2439 1913 2498 1966 δὲ
2529 1911 2801 1983 σώματος,
2838 1914 2974 1985 πρὸς
3000 1913 3062 1967 τὸ
3088 1912 3336 1984 βούλημα
3358 1912 3452 1965 τοῦ
3477 1912 3710 1965 ἑνωθέν-

2117 2021 2209 2067 τος
2239 2002 2389 2074 αὑτῷ
2424 2003 2624 2072 Λόγου,
2661 1998 2722 2058 οὗ
2767 2005 2861 2057 καὶ
2906 2004 3138 2073 ’γέγονεν
3174 2003 3326 2058 tam
3357 2003 3433 2056 Οὐ
3467 2003 3578 2074 γάρ
3607 2003 3706 2070 ἀφ’

2119 2093 2316 2148 ἑαυτοῦ
2357 2093 2498 2165 πρὸς
2531 2095 2598 2149 τὰ
2640 2095 2849 2164 φυσικά
2880 2095 3030 2166 πάθη
3083 2095 3181 2166 τὴν
3226 2095 3406 2167 ὁρμὴν
3439 2095 3703 2167 ἐποιεῖτο,

2117 2185 2226 2239 οὐδ’
2259 2185 2430 2256 αὐτὴν
2462 2186 2526 2240 ἐκ
2572 2186 2679 2240 τῶν
2720 2187 2982 2258 λυπηρῶν
3014 2187 3270 2260 ἀφορμὴν
3296 2187 3392 2241 καὶ
3429 2186 3705 2255 παραίτη-

2119 2296 2230 2343 σιν,
2263 2278 2296 2350 ἢ
2336 2278 2405 2332 τὰ
2432 2277 2630 2344 ἔξωθεν
2671 2281 3086 2349 προσπίπτοντα
3130 2279 3390 2350 ἔπασχεν,
3426 2277 3544 2332 ἀλλ’
3589 2278 3706 2330 tacto

2119 2375 2262 2429 νεῖτο
2295 2373 2438 2427 κατά
2469 2373 2568 2444 τὴν
2602 2373 2926 2427 ἀκολουθίαν
2968 2373 3066 2442 τῆς
3097 2370 3338 2441 φύσεως,
3387 2369 3482 2424 τοῦ
3524 2369 3702 2438 Λόγου

2119 2468 2386 2531 θέλοντος,
2426 2468 2520 2521 καὶ
2563 2467 3023 2540 παραχωροῦντος
3061 2467 3420 2538 οἰκονομικῶς
3469 2468 3703 2538 πάσχειν

2119 2561 2252 2614 αὐτὸ
2282 2561 2377 2613 καὶ
2415 2560 2674 2631 πράττειν
2716 2560 2785 2614 τὰ
2847 2561 2985 2627 ἴδιαί
3010 2562 3099 2615 ἵνα
3120 2560 3228 2630 ⁵διὰ
3251 2560 3361 2614 τῶν
3397 2561 3574 2631 Εργων
3603 2562 3704 2632 τῆς

2120 2651 2336 2721 φύσεως
2362 2653 2610 2725 πιστωθῇ
2637 2653 2670 2724 ἡ
2695 2652 2944 2723 ἀλήθεια.

2193 2924 2404 2996 ’Ὠσπερ
2437 2925 2495 2980 δὲ
2521 2924 2664 2997 ὑπὲρ
2689 2926 2880 2980 οὐσίαν
2899 2925 3137 2998 οὐσιώθη
3165 2928 3228 2980 ὲκ
3265 2923 3532 2998 παρθένου
3557 2943 3700 2996 κυη-

2120 3010 2253 3076 θεὶς,
2299 3012 2440 3067 οὕτω
2492 3016 2587 3068 καὶ
2639 3016 2776 3086 ὑπὲρ
2808 3015 3096 3087 ἄνθρωπον
3118 3017 3190 3070 τὰ
3236 3018 3346 3070 τῶν
3391 3015 3704 3088 ἀνθρώπων

442 3092 647 3160 stantia
681 3091 842 3160 ierat,
879 3093 1124 3164 virgineo
1174 3102 1334 3164 partu
1389 3097 1762 3152 substantiam
1815 3099 2013 3165 induit,

2127 3105 2360 3175 ἐνήργει,
2391 3107 2484 3159 ἐπὶ
2508 3108 2745 3162 ἀστάτου
2783 3109 2976 3174 ὕδατος
2999 3110 3208 3180 γητνοις
3233 3111 3362 3163 ποσὶ
3394 3110 3704 3181 πορευόμε-

443 3185 520 3240 ita
549 3185 714 3240 etiam
743 3200 910 3256 supra
943 3201 1104 3256 quam
1151 3185 1294 3240 lerat
1339 3187 1578 3242 humana
1620 3188 1886 3254 conditio,
1947 3204 2012 3245 ea

2127 3210 2229 3258 νος,
2253 3197 2314 3248 οὐ
2343 3196 2640 3264 γεωθέντος
2663 3199 2758 3251 τοῦ
2801 3199 3012 3265 ὕδατος,
3050 3199 3185 3254 ἀλλὰ
3218 3203 3284 3271 τῇ
3312 3199 3411 3270 τῆς
3449 3198 3705 3269 θεότητος

441 3287 564 3343 quae
595 3273 879 3327 hominum
909 3281 1039 3330 sunt
1070 3274 1297 3344 agebat;
1331 3282 1390 3329 ut
1423 3291 1548 3330 cum
1589 3277 1643 3330 in
1675 3275 1820 3330 llum
1855 3277 2014 3332 mini-

441 3379 637 3435 meque
676 3364 859 3419 stabili
895 3379 1035 3435 aqua
1071 3367 1312 3422 terrenis
1363 3367 1592 3437 pedibus
1626 3367 2011 3437 gradiebatur,

440 3470 554 3511 non
589 3465 648 3510 ut
676 3466 834 3510 terra:
861 3457 1037 3512 instar
1069 3471 1210 3527 aqua
1239 3458 1647 3524 ohduresceret,
1682 3459 1778 3514 sed
1805 3467 1864 3514 ut
1915 3475 2014 3515 su-

441 3547 829 3617 perexcellenti
854 3547 1157 3603 divinitatis
1195 3549 1436 3618 potentia
1464 3550 1540 3603 ita
1573 3560 2011 3621 compararetur,

2120 3287 2395 3356 ὑπερφυεῖ
2425 3288 2652 3358 δυνάμει
2684 3291 3081 3361 συνισταμένου
3118 3289 3256 3363 πρὸς
3293 3289 3355 3344 τὸ
3386 3290 3700 3361 ἀδιὰχυτον,

2121 3378 2216 3432 καὶ
2241 3377 2399 3449 βάρει
2423 3379 2624 3433 ὑλικῶν
2651 3381 2828 3434 ποδῶν
2861 3382 2938 3452 μὴ
2971 3382 3313 3446 ὑπείκοντος.
3348 3383 3462 3436 Οὐκ
3490 3382 3703 3453 ἀνθρω-

2121 3466 2292 3533 πίνως
2323 3469 2431 3541 γὰρ
2459 3471 2697 3542 ἔπραττε
2721 3471 2790 3525 τά
2819 3470 3138 3543 ἀνθρώπινα
3157 3491 3171 3504 ·
3194 3475 3257 3527 οὐ
3280 3475 3390 3544 γὰρ
3411 3473 3704 3544 ἄνθρωπος

2123 3560 2305 3630 μόνον,
2332 3561 2468 3616 ἀλλά
2487 3565 2581 3616 καὶ
2603 3562 2738 3628 Θεός
2759 3581 2774 3595 ⁸
2799 3565 2923 3619 ὅθεν
2949 3567 3044 3619 καὶ
3071 3565 3139 3620 τά
3168 3564 3361 3620 τούτου
3386 3565 3535 3634 πάθη
3564 3564 3701 3630 ζωο-

440 3643 501 3691 ut
532 3652 881 3708 nequaquam
911 3638 1212 3706 difﬂueret,
1248 3657 1350 3697 nec
1397 3657 1783 3712 corporeorum
1815 3643 2013 3712 pedum

2127 3650 2247 3704 ποιά
2276 3651 2372 3704 καὶ
2399 3653 2644 3726 σωτήρια
2664 3671 2680 3686 ο
2715 3655 2835 3708 οὐδὲ
2862 3655 3062 3720 θεῐκῶς
3101 3657 3325 3728 ἐνήργει
3353 3656 3423 3709 τὰ
3449 3656 3568 3709 θεῖα
3587 3673 3601 3686 ο
3632 3655 3696 3708 οὗ

439 3727 694 3796 gravitati
722 3729 966 3784 cederet.
998 3730 1118 3785 Non
1147 3732 1295 3786 enim
1329 3733 1572 3787 humano
1599 3749 1754 3798 more,
1773 3734 2013 3788 humana

2127 3740 2224 3812 γὰρ
2253 3741 2386 3806 Θεὸς
2420 3744 2602 3814 μόνον,
2637 3745 2777 3800 ἀλλά
2806 3747 2902 3800 καὶ
2934 3727 3258 3818 ἄνθρωπος’
3286 3748 3408 3801 ὅθεν
3432 3747 3500 3801 δι’
3525 3746 3697 3815 ἁφῆς,

441 3815 748 3881 factitabat,
793 3819 887 3889 qui
939 3835 1050 3875 non
1094 3821 1259 3877 homo
1307 3825 1509 3887 solum.
1555 3840 1741 3880 verum
1774 3834 1828 3880 et
1863 3825 2012 3882 Deus

2127 3831 2212 3884 ml.
2235 3830 2420 3902 λόγου,
2455 3835 2681 3890 καὶτῶν
2711 3836 2970 3893 τοιούτων
3001 3815 3104 3902 τάς
3133 3837 3466 3910 θεοσημείας
3505 3839 3698 3910 εἰργά-

439 3917 584 3965 esset
610 3909 778 3979 (unde
806 3911 1094 3980 passiones
1133 3929 1353 3984 quoque
1399 3917 1576 3986 ipsius
1602 3917 1832 3972 vivifica:
1882 3917 2003 3973 fue-
2109 3918 2253 3985 ζετο.

439 4011 571 4058 runt
594 4011 648 4060 et
669 4005 968 4074 salutares)
999 4023 1099 4063 nec
1140 4007 1328 4064 divina
1369 4024 1589 4066 rursum
1621 4011 1811 4067 divino
1841 4013 2004 4068 modo
2041 4016 2272 4088 agebat;
2317 4019 2482 4094 236
2527 4022 2730 4094 quippe
2779 4027 2876 4096 qui
2918 4042 3029 4082 non
3073 4028 3220 4084 Deus
3295 4034 3530 4094 tantum,
3597 4027 3696 4083 ard

439 4095 666 4243 insupﬁr
723 4098 886 4156 homo
925 4109 1082 4158 erat:
1131 4104 1489 4173 quamobrem
1554 4114 1726 4173 tactu,
1777 4115 1834 4164 et
1884 4115 2183 4180 sermone,’
2231 4115 2466 4188 aliisque
2529 4095 2813 4190 ejusmodi
2865 4122 3238 4188 adminiculis,
3277 4122 3466 4178 divina
3533 4123 3695 4194 signa

439 4194 597 4243 natra
637 4194 714 4243 at.

438 4194 714 4258 patrahat.

508 4274 986 4335 Honotheletarum
1032 4285 1322 4352 responsio.
1367 4283 1588 4342 Nullius
1619 4290 1696 4343 rei
1745 4298 1917 4347 status
1947 4307 2012 4346 ea:

2179 4292 2242 4346 Et
2277 4292 2335 4348 δὲ
2368 4295 2515 4364 λέγοι
2573 4307 2614 4330 ¹²ι
2670 4315 2755 4364 τις
2779 4299 2854 4364 ὡς
2881 4300 2996 4356 Οὐκ
3025 4302 3115 4356 ἐπ’
3142 4303 3420 4376 ἀναιρέσει
3460 4304 3563 4374 τῆς
3593 4307 3696 4360 ἀν-

437 4369 828 4436 comparatione
889 4377 1244 4442 cognoscitur.
1276 4405 1346 4417 -
1385 4377 1482 4432 Sin
1539 4387 1725 4436 autem
1776 4383 1823 4416 ⁸⁸
1883 4385 2011 4454 quis

2127 4388 2390 4462 Ιρωπίνης
2416 4392 2720 4464 ἐνεργείας,
2753 4396 2882 4466 μίαν
2910 4398 3191 4470 ἐνέργειαν
3219 4369 3312 4453 ιτὲι
3329 4369 3572 4472 Χριστοῦ
3599 4401 3694 4455 λέ-

435 4456 623 4513 dicat:
656 4456 776 4514 Non
825 4461 1211 4522 submovendae
1262 4467 1515 4524 humanae
1558 4472 1793 4527 actionis
1833 4477 2010 4546 gratia

2127 4456 2299 4551 (ομεν,
2342 4456 2463 4538 ἀλλ’
2502 4456 2715 4556 ἐπειδη⁷
2739 4456 2852 4560 (58)
2892 4456 3444 4562 ἀντιδιαστελλομένη
3471 4494 3539 4563 τῇ
3571 4491 3697 4563 θείᾳ

437 4563 604 4606 unam
647 4551 702 4606 in
751 4551 972 4611 Christo
999 4558 1272 4616 actionem
1308 4561 1578 4630 dicimus;
1610 4563 1707 4620 sed
1738 4567 1866 4636 quia
1893 4569 1999 4624 hu-

2127 4573 2358 4646 ;νεργείᾳ
2380 4575 2553 4640 πάθος
2577 4551 2794 4647 λέγεται
2883 4581 3202 4654 ἀνθρωπίνη
3234 4551 3696 4655 ἐνέργεια,“κατά

505 4727 554 4762 ⁸³
578 4727 708 4795 Leo,
739 4729 899 4802 epist.
926 4729 1024 4787 cit.
1095 4732 1143 4766 “
1160 4731 1320 4793 Dion.
1346 4751 1472 4809 cap.
1510 4739 1570 4794 2.
1594 4739 1673 4796 De
1693 4740 1800 4796 div.
1821 4759 1963 4802 nom.
1997 4759 2053 4803 et
2077 4747 2241 4824 epist.
2273 4752 2328 4806 4.
2379 4753 2446 4820 ,⁵⁸
2472 4755 2622 4810 Max.
2661 4755 2805 4812 Dial.
2835 4775 2954 4812 cum
2989 4757 3218 4830 Pyrrho.

1731 4901 1965 4961 VARIE
2005 4905 2411 4968 LECTIONES.

505 4978 549 5012 ιι
573 4971 730 5030 Edita
766 4974 935 5044 λέγει.

429 5561 944 5654 ἑῖὢ·
965 5561 1335 5659 ἒινξῃὲῗέυιῗω
1361 5561 1506 5597 “res
1543 5561 1898 5630 εκοθςιενεειις
1937 5561 1991 5606 ει
2099 5561 2378 5645 quidpiam
2421 5561 2526 5631 est,
2556 5585 2656 5624 nec
2683 5587 2710 5624 ιι
2735 5573 2938 5631 deitale
2961 5561 3147 5632 Verbi
3176 5561 3691 5648 diremptastiane-v

430 5675 650 5712 “nonne
684 5664 845 5712 mem
871 5669 1090 5712 animm
1129 5681 1181 5712 Μ
1211 5622 1565 5712 ξξΙξξηὲιρξξηεξξξ
1587 5625 1988 5712 acrl‘lfzflf'tttta
2101 5643 2683 5712 rumttnstrumentum
2713 5645 3069 5712 conjunctqu
3095 5647 3403 5703 divinitatis
3431 5660 3553 5705 erat
3585 5662 3695 5706 nu-

807 5669 817 5679 ο
943 5671 954 5683 ι
1045 5671 1056 5682 ο
1419 5681 1429 5692 ,
1497 5664 1560 5692 ',‘
1589 5664 1750 5679 *νην
1781 5664 1857 5674 ἠν
1884 5664 1988 5702 ὐτυ-
2101 5664 2221 5684 qul
2264 5664 2683 5693 Illau'lllllcullllll
2713 5664 2816 5697 (30"
2846 5664 3069 5700 "DCIIII"
3095 5664 3403 5703 οινιῐιιιιιῑιε
3431 5664 3553 5705 erat
3585 5664 3692 5706 Ιιιι-

430 5675 650 5778 ἓᾘῖξξ
674 5664 1791 5778 ἓλῖξὲξηξξξὲῑίξξλξβξξίξζξιηξηὲιξιιξξοἸῼιιριί
1823 5691 1989 5778 δίωξις
2099 5703 2355 5768 niauitas,
2409 5713 2631 5776 quando
2689 5664 2945 5770 ChriJstus
2999 5720 3260 5776 miracula
3307 5720 3530 5778 edebat.
3582 5738 3692 5778 nec

421 5731 642 5788 mus'in
674 5731 959 5803 Opusculis
993 5738 1300 5812 Polemicis,
1327 5731 1791 5820 pietasiiiii
1823 5731 2001 5818 "regl-
2099 5731 3260 5852 733$}?Z’atiiiiiéugrai:lii'éiliiuiiiiiigilia
3307 5731 3530 5790 malum
