3950 6304
285 329 422 395 1061

1284 333 1381 393 DE
1416 333 1593 393 FIDE
1634 333 2103 394 ORTHODOXA
2142 336 2290 398 LIB.
2333 340 2429 400 III

3397 346 3532 415 1062

262 445 425 500 τοῦτο
457 442 589 517 μίαν
612 443 896 515 ἐνέργειαν
926 445 1018 500 ἐπὶ
1037 444 1260 517 Χριστῷ
1285 445 1517 519 λέγομεν
1540 465 1555 479 ’
1593 448 1838 520 ἐροῦμεν.

1963 463 2124 503 mana
2156 452 2322 516 actio,
2356 463 2413 508 ut
2444 464 2635 509 contra
2665 453 2909 510 divinam
2939 456 3207 514 actionem
3244 459 3530 534 distingui-

261 539 346 592 ὅτι
375 549 404 576 ιι
440 537 582 592 κατά
615 536 806 590 τοῦτον
835 537 926 591 τὸν
955 538 1142 606 λόγον,
1179 539 1275 591 καὶ
1315 541 1363 592 οἱ
1412 540 1540 609 μίαν
1570 540 1733 609 φύσιν
1763 540 1848 592 λέ-

261 647 475 698 γοντες,
530 630 631 682 οὐκ
661 630 749 681 ἐπ’
800 629 1081 701 ἀναιρέσει
1114 630 1215 700 τῆς
1262 630 1612 703 ἀνθρωπίνης
1642 633 1847 706 ταύτην

260 721 533 788 λέγουσιν,
552 720 667 773 ἀλλ’
690 720 881 790 ἐπειδὴ
900 721 1443 793 ἀντιδιαστελλομένη
1468 726 1501 794 ἡ
1528 725 1844 797 ἀνθρωπίνη

262 811 425 880 φύσις
481 811 618 881 πρὸς
674 810 775 881 τὴν
828 811 981 865 Θείαν
1037 813 1220 882 φύσιν,
1273 813 1553 885 παθητικὴ
1601 816 1844 885 λέγεται.

271 902 336 955 Ἦ
344 903 452 972 μᾶς
472 903 529 955 δὲ
562 902 636 972 μὴ
660 904 870 971 γένοιτο
898 906 963 975 τῇ
981 904 1120 974 πρὸς
1136 904 1236 976 τὴν
1260 904 1409 959 Θείαν
1437 906 1719 978 ἐνέργειαν
1740 909 1849 963 δια-

263 993 425 1063 στολῇ
456 993 628 1056 πάθος
659 994 761 1064 τὴν
814 994 1166 1067 ἀνθρωπίνην
1211 998 1653 1069 προσαγορεῦσαι
1689 999 1846 1072 κίνη-

262 1099 370 1137 σιν.
405 1082 632 1145 Οὐδενδς
665 1083 795 1154 γὰρ,
832 1084 1063 1138 καθόλου
1100 1083 1288 1153 φάναι,
1313 1084 1547 1156 ὗπαρξις
1576 1089 1641 1140 ἐκ
1664 1105 1845 1159 παρα-

261 1176 556 1246 θέσεως,ἢ
604 1177 669 1229 ἐκ
717 1176 1059 1247 συγκρίσεως
1115 1176 1448 1245 γινώσκεται
1499 1178 1530 1247 ἢ
1583 1180 1840 1250 ὁρίζεται.

260 1266 446 1329 υῦτως
470 1266 868 1336 ὑπαλληλαίτια
891 1266 1254 1338 εὐρηθήσεται
1274 1267 1343 1320 τὰ
1370 1267 1496 1321 ὄντα
1520 1268 1842 1339 πράγματα.

258 1357 324 1411 Εἰ
354 1358 465 1428 γάρ
494 1358 582 1412 διὰ
612 1358 673 1411 τὸ
712 1358 994 1429 ἐνέργειαν
1049 1354 1189 1411 εἶναι
1219 1359 1319 1429 τὴν
1357 1359 1509 1413 θείαν
1564 1362 1778 1432 κίνησιν
1807 1364 1839 1433 ἡ

258 1447 574 1521 ἀνθρωπίνη
614 1449 785 1512 πάθος
824 1448 964 1513 ἐστὶ,
994 1450 1216 1515 πάντως
1255 1452 1350 1506 κα)⁸
1375 1450 1463 1504 διά
1491 1451 1550 1503 τὸ
1583 1452 1791 1522 ἀγαθὴν
1818 1460 1843 1487 ο

257 1539 402 1598 εἶναι
433 1546 531 1614 τὴν
569 1543 720 1597 θείαν
760 1544 923 1609 φύσιν
978 1542 1190 1615 πονηρά
1239 1543 1391 1597 ἐσται
1420 1545 1452 1614 ή
1483 1544 1799 1616 ἀνθρωπίνη
1825 1561 1841 1577 ·

259 1637 353 1690 καὶ
381 1635 524 1689 κατά
545 1636 644 1707 τὴν
671 1636 769 1689 σὺν
795 1633 1070 1689 ἀντιθέσει
1100 1634 1485 1705 ἀντιστροφὴν,
1520 1635 1610 1689 διά
1640 1636 1701 1689 τὸ
1735 1635 1842 1689 πά-

258 1726 355 1791 θος
377 1727 628 1796 λέγεσθαι
661 1727 761 1799 τὴν
784 1726 1134 1798 ἀνθρωπίνην
1163 1728 1396 1799 κίνησιν,
1420 1730 1453 1798 ἡ
1478 1727 1595 1780 θεία
1627 1728 1841 1798 κίνησις

259 1818 510 1889 ἐνέργεια
538 1817 778 1885 λέγεται,
810 1818 906 1870 καὶ
933 1816 1023 1869 διὰ
1050 1817 1111 1868 τὸ
1142 1817 1400 1888 πονηράν
1445 1813 1586 1871 εἶναι
1614 1818 1713 1887 τὴν
1745 1818 1841 1870 άν-

260 1909 541 1981 θρωπίνην
570 1907 756 1978 φύσιν,
785 1904 966 1977 ἀγαθὴ
999 1904 1152 1958 ἔσται
1190 1908 1224 1977 ἡ
1261 1906 1381 1961 θεία
1401 1923 1415 1936 ο
1450 1909 1543 1961 καὶ
1572 1908 1750 1961 πάντα
1784 1907 1841 1960 δὲ

257 1999 331 2054 τὰ
358 1999 632 2069 κτίσματα
664 1997 838 2061 οὕτως
876 1996 1030 2049 ἐσται
1073 1997 1309 2067 πονηρὰ,
1341 1998 1436 2051 καὶ
1487 1996 1750 2067 ψεύσεται
1810 1997 1840 2050 ό

259 2088 431 2144 εἰπών
451 2092 605 2144 "Kal
644 2084 807 2143 εἶδεν
826 2090 860 2143 ὁ
889 2086 1036 2154 Θεὸς
1064 2085 1264 2141 πάντα
1286 2087 1403 2143 ὅσα
1427 2088 1699 2156 ἐποίησε,
1738 2087 1839 2141 καὶ

258 2181 392 2238 ἰδοὺ
420 2181 578 2237 καλά
599 2182 763 2236 λίαν.

339 2447 532 2519 Ἡμεῖς
559 2448 615 2503 δέ
639 2466 841 2520 φαμεν,
869 2449 951 2503 ὅτι
971 2450 1019 2503 οἱ
1044 2448 1189 2517 ἆγιοι
1221 2447 1465 2519 Πατέρες
1488 2445 1839 2518 πολυτρόπως

255 2539 359 2610 τὴν
384 2539 733 2611 ἀνθρωπίνην
756 2539 1046 2611 ὠνόμασαν
1077 2540 1292 2610 κίνησιν
1325 2539 1459 2608 πρὸς
1488 2537 1587 2601 τὰς
1619 2540 1841 2591 ὑποκει-

262 2632 433 2702 μένας
461 2632 692 2695 ἐννοίας.
726 2632 1187 2704 Προσηγόρευσαν
1218 2630 1327 2701 γὰρ
1353 2630 1521 2700 αὐτὴν
1551 2630 1644 2683 καὶ
1681 2629 1839 2681 δύνα-

263 2740 381 2793 μιν,
419 2724 513 2776 καὶ
539 2723 853 2794 ἐνέργειαν,
890 2724 987 2778 καὶ
1025 2722 1312 2794 διαφορὰν,
1357 2722 1451 2775 καὶ
1482 2722 1716 2791 κίνησιν,
1748 2720 1840 2774 καὶ

264 2816 525 2886 ἰδιότητα,
562 2815 655 2868 καὶ
682 2814 965 2885 ποιότητα,
997 2815 1093 2869 καὶ
1126 2815 1326 2878 πάθος,
1352 2815 1412 2867 οὐ
1438 2812 1576 2867 κατά
1601 2812 1839 2866 ἀντιδιαο

262 2906 457 2975 στολὴν
485 2907 585 2975 τῆς
616 2905 787 2969 θείας,
815 2905 932 2959 ἀλλ’
957 2905 1032 2969 ὡς
1055 2906 1380 2976 συνεκτικὴν
1419 2905 1519 2975 μὲν
1554 2905 1647 2957 καὶ
1673 2903 1837 2957 ἀναλ-

259 2996 483 3050 λοίωτον
506 2995 735 3065 δύναμιν
753 3013 766 3026 ·
796 2997 1077 3067 ἐνέργειαν
1103 2997 1180 3063 δὲ,
1208 2997 1283 3060 ὡς
1313 2995 1837 3066 χαρακτηριστικὴν,

1952 542 2057 600 tur,
2090 534 2292 591 dicitur
2324 541 2529 607 passio,
2568 541 2783 612 hacque
2818 545 3031 601 ratione
3049 563 3208 602 unam
3231 549 3285 603 in
3309 550 3529 609 Christo

1949 628 2222 682 actionem
2283 629 2590 700 docemus;
2646 650 2977 704 reponemus
3051 640 3240 695 eadem
3306 658 3529 713 quoque

1948 719 2162 774 ratione
2201 720 2281 774 illi
2315 722 2408 790 qui
2442 731 2696 779 naturam
2736 743 2899 781 unam
2936 740 3214 797 asserunt,
3260 749 3368 788 non
3417 737 3527 790 tol-

1947 806 2124 863 lendae
2174 811 2428 866 humanae
2477 827 2646 870 causa
2702 816 2841 871 hanc
2890 826 3177 889 astruere;
3237 826 3334 880 sed
3396 828 3527 895 quia

1949 900 2190 956 humana
2242 915 2462 970 natura,
2519 922 2641 961 cum
2692 924 2757 963 ex
2805 911 3035 968 adverso
3083 915 3267 969 divina
3328 927 3527 973 natura

1947 990 2327 1063 distinguitur,
2380 997 2623 1066 patibilis
2669 999 2892 1055 dicitur.
2942 1004 3095 1058 Absit
3130 1016 3309 1060 autem
3352 1009 3453 1063 hoc
3495 1024 3526 1062 a

1946 1084 2128 1148 nobis,
2171 1094 2230 1138 ut
2261 1086 2329 1139 ad
2362 1088 2653 1142 humanam
2689 1092 2958 1146 actionem
3016 1110 3046 1148 a
3099 1096 3286 1150 divina
3331 1100 3529 1155 distin-

1947 1176 2243 1242 guendam,
2267 1176 2568 1233 humanum
2593 1189 2797 1235 motum
2829 1184 3139 1252 passionem
3168 1189 3523 1256 appellemus.

1945 1264 2160 1321 Nullius
2190 1267 2335 1322 enim
2370 1270 2471 1334 rei,
2509 1278 2569 1325 ut
2611 1272 2863 1327 universe
2892 1273 3098 1341 dicam,
3127 1281 3400 1333 cristantia
3431 1289 3527 1336 aut
3586 1315 3595 1325 -

1946 1363 2122 1411 status
2161 1373 2224 1412 ex
2259 1361 2677 1429 comparatione
2712 1370 2766 1418 et
2801 1364 3101 1420 collatione
3145 1370 3524 1439 cognoscitur,

1945 1455 2040 1501 aut
2067 1442 2345 1503 delinitur.
2395 1450 2510 1505 Hoc
2550 1453 2701 1507 enim
2745 1466 2905 1523 pacto
2939 1472 3028 1511 res
3074 1474 3195 1527 quae
3226 1470 3378 1527 sunt,
3419 1462 3524 1516 sibi

1944 1547 2137 1594 mutuo
2158 1554 2337 1595 causa:
2362 1556 2484 1597 esse
2513 1543 2913 1600 invenirentur.
2954 1546 3087 1601 Nam
3122 1551 3189 1614 si,
3218 1551 3348 1619 quia
3381 1553 3523 1607 divi-

1944 1644 2050 1684 nus
2097 1638 2279 1686 motus
2319 1632 2463 1687 actio
2485 1642 2591 1699 est,
2628 1635 2837 1691 idcirco
2873 1636 3106 1692 efficitur
3146 1651 3204 1695 ut
3252 1642 3526 1700 humanus

1944 1722 2131 1790 passio
2164 1722 2256 1789 sit,
2298 1726 2491 1793 procul
2542 1725 2710 1781 dubio
2756 1728 2920 1782 etiam
2970 1732 3111 1785 mala
3165 1733 3269 1786 erit
3321 1741 3522 1789 natura

1943 1812 2204 1876 humana,
2238 1814 2368 1883 quia
2410 1814 2596 1869 divina
2631 1816 2771 1870 bona
2801 1824 2907 1873 est.
2934 1817 3000 1872 Et
3047 1820 3291 1876 vicissim
3327 1838 3357 1877 e
3391 1838 3525 1879 con-

1945 1903 2135 1969 trario,
2169 1904 2215 1958 si
2247 1905 2376 1973 quia
2410 1905 2686 1962 humanus
2720 1918 2903 1964 motus
2951 1912 3137 1980 passio
3174 1913 3399 1979 dicitur,
3438 1917 3527 1971 di-

1940 1995 2102 2052 vinus
2144 1996 2378 2066 proinde
2426 2006 2610 2053 motus
2663 1999 2811 2055 actio
2863 2011 3161 2068 censetur,
3223 2006 3299 2060 ita
3356 2007 3524 2062 etiam

1941 2087 2127 2143 divina
2179 2098 2377 2144 natura
2417 2090 2561 2144 bona
2600 2092 2725 2157 erit,
2758 2092 2886 2163 quia
2938 2092 3178 2149 humana
3229 2098 3369 2151 mala
3397 2109 3521 2155 est:

1942 2190 2105 2251 atque
2139 2180 2209 2235 ita
2240 2192 2507 2236 creaturae
2530 2196 2724 2238 omnes
2753 2185 2910 2239 malae
2944 2194 3128 2252 erunt,
3157 2189 3525 2260 mentitusque

1941 2271 2251 2341 reperietur
2283 2272 2375 2327 ille
2403 2273 2496 2342 qui
2543 2272 2683 2328 dixit
2709 2290 2727 2327 :
2751 2274 2821 2329 Et
2857 2277 2987 2331 vidit
3015 2277 3154 2332 Deus
3178 2292 3374 2335 cuncta
3406 2300 3523 2353 qua:

1943 2362 2157 2427 fecerat,
2185 2373 2237 2416 et
2264 2371 2416 2417 erant
2442 2364 2593 2418 valde
2614 2368 2749 2419 bona
2777 2366 2845 2421 ".

2021 2453 2185 2508 Varia
2214 2456 2431 2508 nomina
2457 2455 2743 2511 humanam
2769 2461 3028 2514 actionem
3053 2460 3407 2519 declarantia.
3446 2495 3520 2506 —

1941 2545 2190 2602 Dicimus
2257 2547 2444 2616 itaque
2483 2548 2528 2580 "
2586 2556 2811 2606 sanctos
2864 2550 3052 2608 Patres
3099 2570 3203 2623 pro
3254 2556 3519 2624 subjectis

1942 2638 2044 2694 sibi
2109 2639 2650 2695 considerationibus
2706 2640 3008 2696 humanum
3074 2656 3283 2700 motum
3348 2648 3519 2703 variis

1941 2729 2117 2785 modis
2149 2729 2476 2798 appellasse.
2515 2730 2652 2784 Eum
2685 2732 2959 2801 siquidem
2994 2743 3048 2790 et
3089 2740 3412 2806 potentiam.
3462 2750 3517 2795 et

1941 2822 2345 2890 operationem,
2400 2828 2456 2877 et
2497 2822 2890 2900 differentiam,
2939 2836 2993 2881 et
3047 2810 3272 2898 motum,
3305 2841 3357 2886 et
3391 2847 3520 2900 pro-

1940 2915 2253 2983 prietatem,
2290 2921 2342 2967 et
2389 2897 2733 2983 qualitatem,
2785 2925 2837 2971 et
2885 2919 3209 2987 passionem
3263 2897 3519 2976 nomina-

1940 3015 2104 3071 runt;
2145 3019 2252 3058 non
2284 3004 2406 3058 ideo
2439 3014 2619 3060 tamen
2652 3015 2710 3059 ut
2742 3006 2894 3061 illum
2919 3018 3108 3063 contra
3134 3011 3374 3065 divinum
3402 3028 3520 3067 mo-

259 3089 358 3145 καὶ
386 3090 487 3159 τὴν
515 3091 572 3143 ἐν
605 3090 739 3142 πᾶσι
768 3091 879 3153 τοῖς
930 3089 1234 3159 όμοειδέσιν
1282 3086 1697 3159 ἀπαραλλαξίαν
1737 3088 1838 3155 ἐμ-

1943 3102 2056 3148 tum
2092 3094 2528 3164 distinguerent;
2566 3110 2755 3150 verum
2806 3099 3106 3166 potentiam
3169 3100 3412 3169 quidem,
3462 3110 3520 3156 ut

258 3183 560 3253 φαίνουσαν
588 3198 602 3213 ·
632 3183 900 3254 διαφορὰν
943 3183 1020 3249 δὲ,
1063 3184 1138 3245 ὡς
1172 3182 1528 3252 ἀφοριστικήν
1549 3198 1562 3211 ·
1622 3179 1837 3250 κίνησιν

256 3275 337 3338 δὲ,
365 3275 440 3338 ὠς
461 3276 800 3346 ἐνδεικτικήν
822 3292 836 3305 ο
868 3275 1106 3345 ἰδιότητα
1132 3274 1210 3337 δὲ,
1234 3273 1311 3336 ὡς
1342 3272 1697 3341 συστατικὴν,
1744 3271 1839 3325 καὶ

260 3363 400 3436 μόνῃ
430 3364 587 3434 αὐτῇ,
626 3365 719 3416 καὶ
766 3364 865 3416 οὐκ
898 3362 1033 3435 ἄλλῃ
1088 3363 1398 3434 προσοῦσαν
1421 3380 1433 3393 ·
1469 3363 1729 3432 ποιότητα
1758 3361 1834 3425 δὲ,

256 3456 334 3519 ὡς
362 3455 628 3508 εἰδοποιόν
648 3471 661 3484 ⁸
689 3454 861 3518 πάθος
881 3455 938 3508 δὲ
959 3495 973 3519 ,
1011 3454 1086 3516 ὡς
1116 3454 1463 3524 κινουμένην.
1497 3453 1682 3507 Πάντα
1729 3451 1838 3520 γὰρ

256 3545 325 3599 τά
358 3547 423 3598 ἐκ
450 3544 543 3598 τοῦ
570 3543 704 3597 Θεοῦ
740 3556 789 3610 P,
816 3545 910 3598 καὶ
944 3545 1083 3615 μετά
1104 3543 1258 3607 Θεὸν,
1297 3544 1497 3613 πάσχει
1543 3542 1621 3611 τῷ
1666 3543 1838 3595 κινεῖ-

258 3634 406 3701 σθαι,
441 3634 518 3697 ὡς
553 3635 627 3705 μὴ
649 3633 777 3688 ὄντα
803 3632 1233 3704 αὐτοκίνησις,ἦ
1262 3632 1623 3701 αὐτοδύναμις
1646 3647 1662 3663 ο
1695 3629 1838 3684 κατά

256 3723 666 3794 ἀντιδιαστο).ὴν
720 3718 832 3787 οὖν,
875 3725 951 3787 ὡς
992 3722 1228 3794 εἴρηται,
1264 3722 1399 3775 ἀλλά
1430 3723 1571 3775 κατὰ
1617 3721 1708 3774 τὸν
1743 3721 1837 3792 δη-

258 3816 597 3888 μιουργικῶς
642 3817 776 3887 αὐτῇ
806 3825 834 3866 ει
875 3816 1161 3869 ἐντεθέντα
1188 3814 1338 3884 παρά
1366 3816 1467 3884 τῆς
1504 3813 1564 3866 τὸ
1598 3814 1705 3866 πᾶν
1745 3829 1838 3865 συ-

257 3907 607 3979 στησαμένης
639 3907 817 3971 αἰτίας
848 3906 1005 3975 λόγον
1028 3924 1043 3938 θ
1074 3905 1196 3959 ὅθεν
1226 3906 1321 3958 καὶ
1371 3904 1511 3974 μετὰ
1538 3904 1636 3973 τῆς
1686 3902 1837 3966 θείας

255 3997 733 4068 συνεκνρωνοῠντες
778 3998 947 4067 αὐτὴν
974 4037 989 4063 ,
1033 3996 1317 4065 ἐνέργειαν
1360 3993 1831 4066 προσηγόρευσαν.

254 4094 326 4147 Ὀ
361 4096 469 4164 γὰρ
503 4092 707 4145 εἰπών’
737 4109 756 4142 ι
800 4089 1049 4161 Ἐνεργεῖ
1072 4089 1181 4160 γὰρ
1211 4088 1448 4159 ἑκατέρα
1481 4085 1663 4157 μορφὴ
1698 4084 1834 4155 μετά

251 4182 353 4255 τῆς
380 4184 610 4255 θατέρου
646 4182 953 4247 κοινωνίας,
996 4198 1015 4232 ι
1057 4181 1110 4232 τί
1152 4179 1339 4249 ἕτερον
1383 4178 1705 4249 πεποίηκεν,
1747 4177 1835 4249 ἢὸ

251 4274 425 4329 εἰπών
445 4294 457 4308 ι
487 4276 597 4330 Kal
631 4276 737 4345 γὰρ
778 4271 1237 4341 τεσσαράκοντα
1266 4270 1493 4340 ἡμέρας
1541 4271 1835 4334 ἀπόσιτος

246 4369 483 4438 μείνας,
514 4367 775 4435 ὕστερον
801 4365 1152 4420 ἐπείνασεν-⁸
1194 4363 1359 4416 ἔδωκε
1390 4363 1499 4433 γὰρ
1549 4366 1614 4433 τῇ
1650 4362 1830 4432 φύσει,

1940 3186 2024 3241 vis
2051 3196 2134 3240 est
2165 3187 2547 3240 conservatrix
2590 3194 2645 3241 et
2698 3187 3079 3257 invariabilis;
3135 3193 3512 3262 operationem

1940 3286 2145 3341 autem,
2180 3286 2237 3332 ut
2257 3293 2378 3349 quae
2403 3287 2552 3333 certa
2582 3288 2714 3334 nota
2745 3295 2857 3336 rem
2888 3281 3145 3351 exprimit
3168 3322 3183 3348 ,
3205 3293 3258 3337 et
3281 3284 3520 3354 undique

1940 3370 2245 3440 absolutam
2292 3370 2346 3423 in
2377 3370 2635 3425 omnibus
2675 3386 2796 3439 quae
2834 3372 3079 3440 ejusdem
3117 3374 3320 3443 speciei
3362 3384 3516 3440 sunt,

1939 3460 2351 3515 similitudinem
2403 3460 2684 3528 declarat;
2715 3461 3079 3516 differentiam
3113 3478 3264 3527 vero,
3307 3472 3367 3518 ut
3397 3465 3516 3520 dis-

1940 3550 2359 3617 criminantem;
2413 3558 2663 3613 motum,
2718 3557 2776 3604 ut
2842 3551 3325 3619 manifestantem;
3384 3569 3514 3623 pro-

1938 3641 2248 3711 prietatem,
2275 3649 2335 3694 ut
2354 3642 2804 3706 constituentem,
2829 3649 2882 3697 et
2903 3642 3032 3711 quia
3057 3642 3135 3696 illi
3168 3643 3292 3708 soli,
3324 3650 3378 3698 et
3400 3658 3512 3699 non

1938 3730 2031 3784 alii
2088 3729 2247 3796 insit;
2312 3730 2635 3800 qualitatem
2686 3745 2906 3794 rursus,
2965 3739 3025 3784 ut
3082 3730 3509 3800 informantem;

1936 3820 2249 3891 passionem
2312 3821 2580 3891 denique,
2639 3822 2767 3892 quia
2836 3822 3108 3877 movendo
3179 3822 3258 3877 fit.
3318 3821 3513 3879 Omnia

1934 3915 2106 3977 enim,
2138 3928 2259 3982 quae
2288 3928 2357 3967 ex
2392 3912 2523 3977 Deo,
2557 3920 2611 3968 et
2641 3923 2766 3984 post
2795 3913 2965 3969 Deum
3008 3922 3159 3996 sunt,
3188 3928 3252 3969 ea
3297 3916 3513 3970 ratione

1935 4005 2239 4075 patiuntur,
2299 4019 2408 4074 qua
2471 4015 2807 4060 moventur:
2842 4013 3031 4075 utpote
3064 4020 3184 4075 quae
3233 4022 3343 4060 non
3392 4008 3511 4077 ipsa

1934 4095 2125 4160 motio,
2160 4110 2262 4150 nec
2290 4096 2405 4165 ipsa
2446 4095 2621 4151 virtus
2669 4106 2817 4151 sunt.
2864 4097 3065 4164 Quare,
3117 4099 3259 4152 sicut
3306 4099 3511 4154 dictum

1932 4195 2040 4259 est,
2072 4202 2183 4242 non
2227 4196 2287 4243 ut
2315 4204 2383 4243 ex
2412 4187 2644 4244 adverso
2665 4189 3087 4259 distinguerent,
3118 4190 3191 4243 ita
3221 4205 3510 4260 nuncupa-

1932 4283 2082 4342 runt,
2108 4275 2202 4331 sed
2225 4276 2530 4332 secundum
2559 4278 2825 4332 rationem
2856 4293 2977 4348 quae
3016 4276 3101 4333 illi
3124 4278 3193 4333 ab
3220 4279 3510 4335 universo-

1933 4381 2056 4420 rum
2101 4365 2380 4422 eﬂ‘ectrice
2409 4382 2576 4423 causa
2610 4368 2914 4424 conditoris
2964 4384 3115 4425 more
3163 4370 3333 4425 indita
3382 4370 3505 4425 fuit.

252 4461 344 4514 ὅτε
373 4459 530 4532 ἡθελε
560 4460 631 4513 τά
678 4458 787 4511 ῐδια
831 4458 1106 4528 ἐνεργεῖν·
1140 4454 1173 4525 ἢ
1206 4457 1254 4508 οἱ
1278 4454 1533 4525 διάφορον
1587 4454 1646 4508 ἐν
1677 4455 1828 4525 αὐτῷ

1942 4457 2065 4511 Nam
2118 4458 2211 4529 qui
2264 4459 2440 4514 dixit:
2468 4458 2594 4529 Agit
2640 4459 2785 4514 enim
2821 4460 2867 4491 ³⁸
2901 4469 3131 4530 utraque
3178 4461 3351 4516 forma
3381 4475 3509 4514 cum

252 4554 528 4623 φήσαντες
558 4550 869 4622 ἐνέργειαν,
900 4548 933 4619 ἢ
963 4549 1013 4601 οἱ
1041 4547 1254 4615 διπλῆν,
1278 4545 1310 4617 ἦ
1334 4547 1384 4598 οἱ
1418 4545 1584 4616 ἄλλην
1613 4546 1709 4599 καὶ
1733 4547 1829 4601 ἀλ-

250 4644 596 4714 λην;Ταῦτα
624 4644 735 4713 γὰρ
780 4641 847 4695 δι’
889 4639 1234 4710 ἀντωνυμίας
1272 4637 1366 4690 δύο
1397 4637 1497 4699 τὰς
1550 4638 1832 4706 ἐνεργείας

253 4736 599 4807 σημαίνουσι.
624 4735 736 4789 Καὶ
761 4734 827 4787 δι’
860 4732 1205 4802 ἀντωνυμίας
1235 4729 1345 4800 γὰρ
1370 4728 1629 4792 πολλάκις
1663 4729 1692 4781 ό
1713 4729 1834 4800 ἀρι-

236 4828 392 4899 τθμὸς
443 4828 791 4893 ἐνδείκνυται,
845 4826 939 4879 καὶ
990 4824 1078 4876 διὰ
1127 4822 1220 4875 τοῦ
1253 4822 1449 4885 εἰπεῖν,
1487 4820 1630 4874 θεῖον
1685 4831 1706 4858 ι’
1739 4821 1833 4873 καὶ

250 4920 616 4990 ἀνθρώπινον.
653 4920 719 4973 Ἠ
748 4918 855 4989 γὰρ
876 4914 1109 4986 διαφορά
1141 4913 1511 4983 διαφερόντων
1564 4912 1681 4965 ἐστὶ
1711 4912 1830 4965 δια-

253 5011 398 5082 φορά
420 5025 436 5041 ο
465 5010 536 5064 τά
568 5009 643 5081 μὴ
673 5009 823 5074 ὄντα,
853 5007 972 5070 πῶς
1010 5004 1337 5068 διοίσουσιν;

1938 4547 2165 4603 alterius
2204 4550 2613 4615 communione,
2647 4548 2781 4619 quid
2812 4550 2961 4603 aliud
3005 4549 3162 4614 fecit,
3203 4566 3367 4619 quam
3413 4549 3509 4619 qui

1937 4638 2077 4694 dixit
2105 4657 2120 4693 :
2156 4639 2223 4692 Et
2244 4656 2363 4693 cum
2380 4640 2683 4709 jejunasset
2713 4641 3071 4712 quadraginta
3093 4642 3296 4707 diebus,
3325 4653 3509 4709 postea

1937 4731 2126 4785 esuriit
2164 4731 2209 4762 ⁸⁹
2241 4730 2412 4801 (dedit
2434 4734 2580 4787 enim
2610 4742 2821 4788 naturae
2840 4734 3061 4803 quando
3084 4735 3258 4787 voluit
3310 4741 3510 4805 utquaa

1939 4836 2038 4877 sua
2068 4830 2225 4875 crant
2256 4830 2441 4891 ageret
2457 4823 2525 4893 °°)
2556 4833 2648 4879 aut
2673 4810 2764 4894 qui
2796 4824 3070 4880 diversam
3104 4824 3161 4879 in
3191 4824 3311 4895 ipso
3334 4823 3508 4881 actio-

1937 4926 2063 4967 nem
2092 4912 2483 4982 prazdicarunt,
2519 4925 2613 4969 aut
2637 4917 2730 4986 qui
2759 4916 3055 4986 duplicem,
3097 4924 3191 4970 aut
3214 4916 3309 4986 qui
3346 4917 3507 4970 aliam

1939 5012 2104 5075 atque
2134 5005 2298 5059 aliam
2322 5007 2399 5061 ιιι
2421 5006 2579 5077 237
2602 5007 2729 5063 Haec
2758 5008 2985 5078 quippe,
3009 5014 3233 5064 mutatis
3265 5006 3507 5062 nomini—

252 5100 362 5156 bus
412 5100 659 5156 actiones
706 5100 846 5155 duas
886 5095 1216 5168 signiﬁcant.
1260 5091 1397 5147 Nam
1449 5101 1502 5149 et
1537 5108 1824 5159 numerus,
1866 5095 2016 5150 haud
2048 5110 2176 5150 raro
2209 5099 2616 5166 permutatione
2649 5100 2932 5154 nominum
2974 5097 3285 5164 indicatur;
3322 5109 3509 5169 quem-

310 5256 361 5289 ⁸⁸
384 5256 522 5312 Gen.
576 5273 613 5321 ι,
639 5256 728 5311 51.
782 5256 849 5325 ,⁸⁷
880 5251 1419 5325 Μοκίῐηὶμτοεροηείρ
1449 5252 1509 5325 in
1539 5252 1706 5308 citato
1739 5252 1835 5308 Dia

1942 5269 1989 5307 ο.
2079 5255 2125 5285 ⁸⁸
2170 5253 2300 5319 Leo,
2342 5255 2504 5325 epist.
2546 5256 2630 5311 10.
2709 5256 2754 5289 ⁵⁹
2792 5254 2981 5310 Matth.
3025 5271 3103 5320 ιν,
3136 5254 3190 5308 2.
3274 5250 3503 5323 “Nysa.

250 5326 393 5382 Adv.
420 5327 596 5398 Apoll.
664 5328 708 5358 ⁶¹
762 5324 1051 5397 Chrysost.
1088 5321 1246 5378 Hom.
1280 5326 1335 5376 in
1362 5322 1423 5377 S.
1446 5321 1645 5375 Thom.

1568 5469 1802 5528 VARIE
1844 5468 2139 5524 LECTION
2149 5470 2253 5525 ES.

327 5669 361 5697 ιι
384 5658 543 5712 Deest
595 5658 677 5711 ὅτι
708 5658 761 5711 in
790 5658 1045 5711 omnibus
1081 5669 1213 5709 mss.

1292 5663 1316 5689 θ
1361 5652 1514 5707 Edita
1548 5660 1603 5705 et
1661 5650 1910 5705 nonnulli
1961 5649 2084 5703 cod.
2145 5649 2367 5716 ἀγαθόν.
2448 5662 2474 5701 P
2541 5651 2699 5709 Edita
2732 5655 2796 5708 ἐκ
2824 5656 2929 5710 τοῦ
2970 5657 3125 5715 Θεοῦ.
3200 5668 3227 5708 ει
3258 5656 3412 5716 Edita
3451 5668 3508 5717 et

250 5745 395 5787 mss.
430 5729 634 5791 αὐτοῖς.
666 5728 735 5782 At
764 5725 1127 5784 Combefisius
1150 5724 1435 5797 legendum
1455 5724 1592 5793 αὐτῇ
1622 5722 1855 5811 monuit.
1936 5730 1957 5757 ι
1992 5720 2171 5787 Edita,
2208 5718 2350 5774 θεῖον
2378 5720 2455 5776 δέ.
