3950 6304
446 309 590 380 1063

1613 308 1674 367 S.
1707 305 2026 366 JOANNIS
2055 302 2488 364 DAMASCENI

3560 289 3702 354 1064

451 423 745 482 admodum
771 430 826 478 et
852 419 1103 478 dicendo.
1132 418 1277 488 quod
1315 417 1562 472 divinum
1621 425 1675 470 et
1722 417 2020 470 humanum
2061 425 2148 472 est
2190 416 2258 468 ⁸³.
2301 411 2615 468 Ditl'erentia
2655 411 2802 466 enim
2849 421 3033 464 rerum
3081 417 3272 462 earum
3313 411 3399 460 est
3439 402 3700 460 diﬂercn-

447 518 551 582 tia,
593 531 696 587 qua
729 515 873 568 inter
901 528 961 568 se
995 511 1271 577 dilTerunt;
1305 525 1414 578 quo
1447 519 1624 564 autem
1653 518 1813 580 pacto
1851 508 2131 572 diil‘erant,
2164 521 2286 576 quae
2317 521 2428 560 non
2458 504 2630 560 sunt?

1064 605 1216 659 (MP.
1247 603 1392 657 XVI.

449 701 706 755 Adversus
726 713 812 752 eos
835 698 926 766 qui
946 697 1159 750 dicunt:
1185 697 1246 752 Si
1265 695 1489 764 duplicis
1511 702 1715 766 natura:
1731 705 1776 747 et
1793 695 2016 748 actionis

514 781 591 825 est
622 773 795 830 homo,
828 764 1031 822 necesse
1055 781 1132 821 est
1163 778 1263 821 tres
1295 785 1405 821 esse
1438 767 1491 820 in
1525 764 1736 818 Christo
1769 775 2014 828 naturas,

516 841 828 910 totidemque
869 840 1098 892 actiones
1127 838 1317 892 dicere.

518 995 702 1061 Quiris
755 995 909 1048 homo
956 993 1180 1056 duplicis
1231 991 1776 1058 naturw.—Quivis
1830 989 2016 1052 homo,

445 1103 569 1142 cum
603 1105 667 1142 ex
709 1087 926 1142 naturis
972 1088 1209 1150 duabus,
1253 1095 1383 1156 puta
1423 1087 1608 1139 anima
1661 1092 1717 1139 et
1761 1097 2018 1152 corpore.

447 1179 789 1246 compositus
825 1177 918 1243 sit,
950 1193 1126 1247 eaque
1151 1178 1202 1230 in
1229 1177 1414 1246 seipso
1444 1175 1758 1230 invaribilia
1791 1174 2017 1236 habeat,

447 1271 572 1325 duae
602 1268 836 1323 subinde
874 1279 1082 1324 natura:
1119 1270 1350 1323 dicetur.
1376 1269 1674 1322 Amborum
1703 1267 1849 1320 enim
1889 1279 2019 1334 pro-

449 1362 735 1430 prietates,
789 1362 953 1414 etiam
1007 1369 1130 1430 post
1178 1361 1484 1414 unitionem
1545 1360 1766 1413 retinet.
1835 1354 2021 1424 Neque

448 1452 593 1507 enim
625 1467 825 1521 corpus
851 1451 1156 1504 immortale
1175 1457 1281 1514 est,
1301 1449 1394 1504 sed
1425 1449 1670 1502 interimi
1696 1445 2016 1511 obnoxium;

449 1558 551 1598 nec
582 1543 762 1596 anima
810 1543 1077 1606 mortalis,
1123 1543 1215 1596 sed
1256 1541 1583 1594 immortalis
1616 1557 1628 1591 :
1667 1553 1768 1591 nec
1800 1551 2022 1590 rursum

450 1647 653 1698 corpus
701 1631 972 1686 invisibile
1017 1641 1122 1694 est,
1172 1645 1274 1684 nec
1310 1631 1491 1684 anima
1531 1629 1710 1683 oculis
1741 1628 2024 1696 corporeis

450 1725 693 1793 conspici
729 1731 908 1792 potest
938 1742 951 1776 :
987 1724 1081 1778 sed
1131 1723 1246 1777 haec
1285 1723 1504 1792 quidem
1555 1721 1880 1784 rationalis,
1937 1720 2025 1773 in-

445 1817 717 1886 telligens,
748 1824 802 1870 et
835 1815 1155 1884 incorporea
1185 1824 1302 1881 est;
1343 1813 1475 1867 illud
1525 1822 1706 1866 autem
1747 1827 2021 1875 crassum,

451 1908 803 1977 aspectabile,
836 1916 890 1962 et
937 1907 1151 1960 ratione
1191 1921 1403 1960 carens.
1449 1904 1566 1959 Non
1626 1905 1796 1959 unius
1843 1915 2021 1958 autem

2046 613 2094 668 Α

2639 595 2891 650 ΚΕΦΛΛ.
2928 589 3176 664 1:7[3'].

2120 691 2279 760 Πρὸς
2331 689 2475 756 τοὺς
2515 689 2807 758 λέγοντας
2836 685 2949 756 (39)
2984 700 3000 717 ο
3038 686 3105 737 Et
3159 682 3268 736 δύο
3309 682 3554 750 φύσεων
3597 683 3698 736 καὶ

2190 759 2502 830 ἐνεργειῶν
2550 763 2582 811 ὁ
2626 758 2935 825 ἄνθρωπος
2955 797 2970 820 ,
2997 754 3248 830 ,ἀνάγκῃ
3303 751 3402 804 ἐπὶ
3443 751 3702 830 βριεγτοῦ

2189 821 2348 897 τρεῖςῖ
2391 830 2638 900 φύσεις,
2668 821 2764 880 aedi
2822 825 3124 890 τοσαύτας
3145 821 3360 891 derata-
3400 822 3504 886 τὰς
3534 821 3702 890 erep-

2190 901 2376 969 γείας.

2203 990 2264 1044 Ὀ
2299 991 2397 1061 μὲν
2418 988 2543 1044 καθ’
2563 989 2771 1042 ἕκαστα
2803 985 3186 1058 ἄνθρωπος,ὲκ
3211 983 3306 1037 δύο
3344 983 3702 1053 συγκείμενος

2123 1085 2359 1154 φύσεων,
2392 1082 2572 1152 ψυχῆς
2602 1097 2662 1132 τε
2701 1080 2795 1132 καὶ
2825 1079 3081 1147 σώματος
3100 1118 3113 1140 ,
3142 1077 3236 1128 καὶ
3262 1074 3467 1136 ταύτας
3496 1075 3702 1142 tipata-

2121 1175 2358 1244 ϐλήτους
2390 1174 2528 1244 ἔχων
2557 1175 2614 1225 ὲν
2647 1171 2846 1242 ἐαυτῷ,
2877 1170 2971 1223 δύο
3010 1168 3200 1239 φύσεις
3229 1168 3490 1229 εἰκότως’
3509 1165 3704 1236 λεχθή-

2125 1281 2298 1317 σεται’
2338 1263 2500 1325 σώζει
2559 1262 2667 1331 γὰρ
2703 1260 3003 1329 ἑκατέρων,
3037 1257 3133 1310 καὶ
3182 1256 3321 1326 μετὰ
3357 1255 3457 1326 τὴν
3481 1255 3702 1314 ἕνωσιν.

2121 1356 2220 1426 τὴν
2254 1355 2488 1424 φυσικὴν
2526 1353 2783 1420 ἰδιότητα.
2817 1351 2958 1404 υῦτε
2985 1351 3096 1419 γὰρ
3123 1348 3184 1402 τὸ
3213 1347 3374 1416 σῶμα
3407 1346 3702 1407 ἀθάνατον.

2123 1445 2262 1499 ἀλλὰ
2289 1445 2528 1514 φθαρτόν
2556 1461 2568 1475 ·
2601 1442 2726 1495 οὕτε
2759 1443 2793 1513 ἠ
2820 1440 2967 1510 ψυχὴ
3009 1440 3199 1510 θνητὴ,
3235 1439 3352 1492 ἀλλ’
3386 1437 3654 1500 ἀθάνατος
3689 1452 3702 1467 θ

2123 1535 2248 1589 οὕτε
2282 1535 2342 1588 τὸ
2387 1535 2546 1605 σῶμα
2597 1535 2851 1604 ἀόρατον,
2901 1530 3025 1584 οῦτε
3073 1532 3107 1600 ἡ
3157 1529 3306 1600 ψυχὴ
3371 1529 3706 1598 σωματικοῖς

2124 1627 2420 1697 ὀφθαλμοῖς
2457 1627 2628 1696 ὁρατή
2669 1642 2683 1656 ο
2717 1623 2853 1678 ἀλλὰ
2891 1626 2926 1693 ἡ
2961 1624 3058 1694 μὲν
3077 1667 3092 1689 ,
3120 1622 3314 1691 λογικὴ
3339 1663 3354 1687 ,
3380 1620 3475 1674 καὶ
3504 1620 3667 1690 νοερὰ
3687 1658 3705 1683 ,

2125 1723 2219 1773 καὶ
2244 1719 2550 1789 ἀσώματος,
2583 1719 2644 1772 τὸ
2670 1718 2746 1781 δὲ,
2781 1718 2926 1788 παχύ
2960 1733 3043 1783 τε,
3077 1717 3170 1769 καὶ
3202 1714 3420 1785 ὁρατὸν,
3458 1713 3554 1767 καὶ
3583 1712 3708 1765 ἄλο-

2125 1827 2241 1880 γον.
2272 1810 2346 1864 Οὐ
2391 1811 2519 1880 μιᾶς
2549 1809 2604 1862 δὲ
2633 1809 2868 1872 φύσεως.
2888 1807 2955 1860 τὰ
2987 1805 3106 1859 κατ’
3133 1806 3322 1858 οὐσίαν
3345 1805 3705 1872 ἀντιδιαιρού-

2129 1919 2268 1973 μενα
2290 1919 2304 1932 ο
2337 1901 2399 1954 οῦ
2436 1902 2567 1972 μιᾶς
2598 1901 2705 1970 ἄρα
2727 1899 2915 1962 οὐσίας
2933 1898 3085 1968 ψυχή
3116 1915 3177 1950 τε
3211 1898 3306 1950 καὶ
3347 1895 3528 1966 σῶμα.

451 2009 659 2053 naturae
706 2011 834 2053 sunt
865 2013 951 2063 ea,
985 2015 1105 2068 quae
1144 1999 1393 2052 essentia:
1429 1998 1641 2052 ratione
1669 2013 1734 2052 ex
1767 1997 2020 2067 Opposito
2060 1994 2428 2050 dividuntur:
2461 2008 2573 2046 non
2617 2007 2750 2063 ergo
2809 1991 2992 2044 anima
3072 1997 3126 2044 et
3178 2003 3380 2058 corpus
3455 1985 3703 2056 ejusdem

451 2099 581 2146 Sunt
621 2093 900 2156 essentiaa.

520 2181 598 2236 Ac
636 2197 849 2246 rursus,
895 2182 940 2236 si
991 2181 1195 2234 animal
1225 2179 1515 2243 rationale,
1566 2180 1815 2242 mortale,
1858 2179 2021 2232 homo

2191 2173 2306 2228 Καὶ
2348 2173 2510 2228 πάλιν
2539 2187 2552 2201 ·
2585 2172 2634 2224 εί
2669 2170 2807 2236 ζῶον
2849 2169 3067 2239 λογικὸν
3104 2169 3298 2240 θνητὸν
3325 2171 3354 2223 6
3395 2168 3706 2240 ἄνθρωπος,

450 2280 574 2338 est;
604 2273 783 2326 omnis
819 2281 1001 2325 autem
1044 2271 1286 2326 deﬁnitio
1331 2271 1611 2338 subiectas
1655 2279 1878 2324 naturas
1936 2284 2025 2323 ex-

451 2365 666 2434 plicat:
708 2361 956 2430 proi'ecto
1003 2376 1128 2414 cum
1183 2376 1288 2414 non
1351 2361 1491 2416 idem
1551 2369 1753 2414 natura
1815 2359 1884 2413 sit
1933 2373 2025 2411 ra-

450 2456 654 2512 tionale
704 2462 869 2523 atque
925 2454 1188 2515 mortale,
1224 2453 1477 2522 sequitur
1515 2466 1647 2522 ergo
1703 2458 1764 2506 ut
1820 2466 2018 2505 secun-

451 2548 579 2603 dum
607 2545 943 2602 deﬁnitionis
973 2561 1085 2600 sua:
1107 2559 1375 2612 normam,
1412 2545 1579 2598 homo
1609 2559 1718 2598 non
1757 2543 1827 2598 sit
1860 2544 2023 2598 unius

451 2649 682 2695 natura.

527 2730 692 2786 Unius
719 2739 925 2784 natura:
955 2745 1130 2782 omnes
1181 2727 1411 2781 homines
1437 2734 1560 2780 sunt
1597 2733 1806 2794 sumpta
1834 2733 2025 2777 natura

449 2839 544 2893 pro
577 2823 765 2892 specie.
803 2823 943 2888 Quin
973 2829 1022 2874 et
1057 2835 1234 2873 omnes
1263 2835 1346 2872 res
1375 2826 1589 2871 creatae.
1625 2814 1826 2870 Neutra
1871 2813 2025 2868 modo

449 2915 509 2968 in
537 2912 748 2968 Christo
798 2928 904 2964 una
955 2920 1150 2963 natura
1199 2917 1297 2963 est.
1329 2937 1400 2947 —
1425 2907 1579 2973 Quod
1616 2905 1664 2960 si
1695 2905 2028 2975 quandoque

450 3004 616 3058 unius
649 3012 861 3054 naturae
888 3001 1054 3053 homo
1077 3014 1203 3054 esse
1235 2997 1471 3061 dicatur,
1501 3007 1629 3052 tunc
1657 2997 1862 3066 speciei
1907 2997 2028 3050 loco

450 3103 665 3150 natura:
705 3107 903 3146 nomen
953 3099 1287 3158 usurpatur;
1325 3097 1381 3144 ut
1413 3091 1540 3145 dum
1591 3090 1847 3154 dicimus,
1879 3091 2028 3145 nulla

451 3193 666 3240 natura;
693 3182 1004 3237 diﬂ‘erentia
1035 3181 1308 3236 hominem
1337 3181 1407 3236 ab
1433 3181 1652 3236 homine
1681 3181 2026 3252 discrepare;

451 3275 564 3331 imo
594 3290 718 3330 cum
749 3274 938 3329 eodem
966 3273 1128 3327 modo
1153 3287 1344 3328 omnes
1379 3272 1630 3327 homines
1660 3274 2026 3343 coagmentati

451 3366 583 3432 sint,
635 3381 700 3420 ex
751 3367 934 3418 anima
979 3371 1033 3419 et
1069 3379 1299 3435 corpore
1347 3363 1662 3434 compositi.
1715 3363 2029 3434 singulique

451 3456 575 3510 dua:
620 3457 731 3511 sint
764 3465 1001 3521 naturae,
1037 3456 1141 3511 sub
1173 3471 1337 3509 unam
1385 3455 1612 3526 proinde
1658 3452 2028 3508 deﬁnitionem

2127 2267 2235 2328 πᾶς
2267 2263 2322 2316 δὲ
2360 2264 2486 2335 ὅρος
2528 2261 2636 2316 τῶν
2667 2261 3048 2332 ὑποκειμένων
3094 2260 3310 2330 φύσεών
3344 2261 3493 2314 ἐστιν
3539 2261 3708 2329 519.co-

2124 2363 2306 2428 τικὺς,
2341 2362 2400 2415 οὐ
2432 2361 2627 2415 ταυτὸν
2657 2363 2715 2415 δὲ
2761 2359 2902 2415 κατὰ
2949 2360 3038 2414 τὸν
3073 2360 3174 2430 τῆς
3209 2360 3424 2430 φύσεως
3458 2360 3614 2428 λόγον
3648 2361 3706 2413 τὸ

2127 2453 2345 2522 λογικὸν
2383 2452 2458 2523 τῷ
2493 2452 2690 2523 Θνητῷ.
2729 2453 2844 2506 Οὐκ
2881 2451 2987 2523 ἄρα
3019 2452 3149 2522 μιᾶς
3184 2450 3398 2519 φύσεως
3434 2453 3518 2522 εἴη
3557 2453 3586 2503 6
3613 2453 3708 2506 ἄν·

2128 2544 2348 2616 θρωπος
2379 2543 2520 2598 κατὰ.
2550 2544 2642 2597 τὸν
2663 2542 2755 2597 τοῦ
2779 2543 2982 2598 οἰκείου
3005 2543 3236 2613 ὁρισμοῦ
3271 2543 3494 2598 κανόνα.

2197 2726 2261 2779 Ei
2289 2724 2346 2778 δὲ
2371 2724 2582 2794 λέγοιτό
2631 2741 2761 2778 ποτε
2795 2725 2924 2795 μιᾶς
2954 2723 3170 2794 φύσεως
3203 2724 3230 2776 6
3251 2723 3558 2795 ἄνθρωπος.
3588 2724 3711 2777 ἀντὶ

2127 2819 2221 2873 τοῦ
2269 2817 2440 2881 εῐδους
2483 2816 2544 2870 τὺ
2583 2816 2685 2887 τῆς
2734 2817 2948 2886 φύσεως
2988 2817 3474 2889 παραλαμϐάνεται
3513 2817 3708 2885 ὄνομα,

2129 2911 2398 2980 λεγόντων
2434 2912 2466 2980 ἡ
2479 2909 2596 2979 μῶν
2622 2948 2638 2972 ,
2675 2910 2758 2962 ὅτι
2805 2910 2866 2963 οὐ
2903 2911 3210 2964 διαλλάττει
3269 2911 3555 2980 ἄνθρωπος
3611 2911 3712 2962 ἀν·

2130 3000 2349 3072 θρώπου
2397 2999 2537 3053 κατά
2569 3017 2690 3052 τινα
2727 2999 2945 3070 φύσεως
2981 3000 3276 3072 διαφοράν·
3304 3000 3440 3054 ἀλλὰ
3476 2999 3575 3070 τὴν
3616 3001 3712 3052 αῦ-

2129 3093 2228 3164 τὴν
2273 3091 2534 3146 σύστασιν
2557 3091 2774 3162 ἔχοντες
2810 3093 3014 3155 πάντες
3055 3093 3106 3145 oi
3156 3092 3468 3163 ἄνθρωποι,
3505 3091 3600 3144 καὶ
3647 3093 3712 3144 ἐκ

2129 3184 2306 3255 ψυχῆς
2358 3184 2758 3254 συντεθειμένοι
2790 3186 2884 3238 καὶ
2932 3184 3182 3255 σώματος
3203 3225 3216 3247 ,
3242 3185 3336 3237 καὶ
3361 3183 3452 3236 δύο
3480 3183 3712 3246 ἕκαστος

2135 3275 2331 3346 φύσεις
2351 3275 2652 3339 τελοῦντες,
2676 3276 2878 3347 ὐφ’ἒνα
2908 3276 3111 3340 πάντες
3137 3277 3362 3349 ὁρισμὸν
3395 3278 3710 3344 ἀνάγονται.

2133 3366 2245 3422 Καὶ
2292 3367 2354 3420 οὐ
2390 3368 2698 3439 παράλογον
2746 3367 2905 3421 τοῦτο
2938 3409 2952 3433 ,
2986 3369 3149 3422 ὁπότε
3196 3369 3288 3422 καὶ
3344 3369 3566 3422 πάντων
3604 3368 3713 3420 τῶν

2133 3457 2386 3524 κτιστῶν,
2414 3458 2490 3521 ὡς
2529 3458 2772 3528 γενητῶν
2798 3499 2812 3524 ,
2846 3459 2976 3528 μίαν
3029 3459 3192 3527 φύσιν
3231 3463 3259 3514 6
3297 3460 3441 3532 ἱερὸς
3480 3459 3716 3513 Ἀθανά-

449 3549 647 3619 redigi.
677 3548 867 3618 Neque
902 3548 954 3601 id
987 3562 1016 3599 a
1046 3549 1258 3602 ratione
1280 3542 1521 3601 alienum
1544 3546 1790 3612 videtur;
1823 3545 2024 3615 quippe

2137 3565 2250 3612 σιος
2303 3548 2506 3619 ἔφησεν
2529 3526 2548 3616 ,ν
2575 3526 2755 3621 ἐν-τῷ
2807 3526 2948 3606 κατὰ
2996 3526 3103 3605 τῶν
3143 3526 3612 3624 βλασφημούντων
3651 3552 3718 3606 τδ

452 3654 579 3696 eum
618 3655 777 3694 sacer
801 3639 1162 3702 Athanasius,
1193 3641 1247 3693 in
1281 3655 1345 3693 ea
1383 3639 1656 3701 oratione,
1686 3653 1850 3707 quam
1887 3637 2030 3693 scri-

453 3730 566 3798 psit
603 3729 868 3782 adversus
909 3729 1052 3792 illos,
1098 3729 1190 3798 qui
1241 3728 1504 3798 Spiritum
1555 3737 1808 3781 sanctum
1861 3727 2029 3796 impie

454 3819 857 3889 deprimebant,
879 3835 1040 3874 unam
1061 3820 1305 3873 omnium
1336 3834 1517 3873 rerum
1539 3818 1904 3881 conditarum,
1925 3834 2032 3889 qua

457 3918 586 3967 sunt
618 3912 874 3974 conditae,
915 3918 1173 3964 naturam
1215 3925 1338 3966 esse
1371 3911 1593 3973 dixerit,
1626 3909 1692 3964 ad
1725 3911 1870 3965 hunc
1908 3926 2026 3965 mo-

456 4003 587 4058 dum
641 4003 871 4071 loquens
947 4016 961 4054 :
1043 4001 1201 4068 Quod
1255 4009 1438 4056 autem
1492 4000 1738 4071 Spiritus
1798 4011 2030 4057 sanctus

457 4105 627 4161 supra
675 4107 761 4146 res
805 4098 1022 4146 creatas
1071 4091 1331 4155 emineat,
1393 4091 1652 4160 aliudque
1707 4092 1780 4146 sit
1839 4102 2034 4162 praeter

456 4191 834 4238 creaturarum
862 4193 1135 4246 naturam,
1161 4197 1222 4237 ac
1249 4184 1508 4253 proprius
1538 4184 1866 4252 divinitatis,
1904 4185 2035 4240 hinc

522 4359 568 4394 ⁶¹
589 4360 778 4430 Cyrill.
819 4362 872 4414 in
897 4359 1058 4415 Joan.
1101 4362 1196 4416 lib.
1227 4376 1350 4417 vm.

2133 3639 2360 3710 Πνεῦμα
2384 3641 2444 3694 τὸ
2471 3641 2626 3710 ἅγιον
2650 3642 2795 3713 λόγῳ
2822 3645 3025 3697 οὑτωσὶ
3052 3644 3228 3714 λέγων
3249 3662 3261 3675 ”
3287 3647 3367 3699 ὅτι
3389 3645 3445 3698 δὲ
3474 3646 3587 3699 ἄνω
3616 3645 3716 3715 τῆς

2137 3732 2372 3796 κτίσεὼς
2405 3735 2521 3788 ἐστι
2567 3734 2628 3788 τὸ
2683 3736 2907 3807 Πνεῦμα
2947 3738 3009 3791 τὸ
3056 3740 3209 3806 ἅγιον
3248 3743 3288 3803 ⁸,
3315 3741 3410 3792 καὶ
3457 3739 3586 3792 ἄλλο
3615 3739 3715 3807 μὲν

2140 3824 2291 3892 παρὰ
2319 3824 2417 3895 τὴν
2440 3825 2548 3878 τῶν
2579 3828 2820 3896 γενητῶν
2849 3828 3033 3897 φύσιν,
3067 3830 3196 3883 ἴδιον
3223 3829 3278 3883 δὲ
3313 3831 3411 3900 τῆς
3437 3829 3714 3899 Θεότητος,

2133 3915 2310 3981 ἔξεστι
2343 3917 2506 3971 πάλιν
2542 3919 2790 3972 συνιδεῖν.
2812 3921 2927 3972 Πᾶν
2955 3921 3065 3994 γὰρ
3095 3923 3122 3974 ὃ
3153 3921 3345 3984 κοινῶς
3378 3923 3473 3974 καὶ
3495 3922 3554 3973 ὲν
3585 3921 3713 3974 πολο

2135 4007 2247 4070 λοῖς
2280 4009 2572 4080 Θεωρεῖται
2599 4051 2613 4076 ,
2644 4009 2704 4063 οὔ
2735 4029 2840 4064 τινι
2873 4014 2974 4083 μὲν
3013 4015 3174 4068 πλέον
3194 4055 3209 4080 ,
3244 4015 3352 4067 τινὶ
3389 4014 3448 4068 δὲ
3491 4014 3719 4066 ἔλαττον

2140 4098 2414 4169 ὑπάρχον,
2443 4101 2598 4155 οὐσία
2629 4103 2973 4174 ὀνομάζεται.
3020 4101 3174 4159 Ἐπεὶ
3216 4101 3309 4159 οὖν
3357 4107 3463 4169 πᾶς
3505 4105 3720 4175 ἄνθρω-

2142 4206 2243 4252 πος
2269 4192 2333 4242 ἐκ
2363 4190 2543 4261 ψυχῆς
2576 4194 2691 4246 ἐστι
2723 4197 3129 4267 συντεθειμένος
3151 4199 3244 4251 καὶ
3283 4199 3554 4268 σώματος,
3573 4196 3722 4249 κατὰ

1740 4451 1972 4508 VARIE
2017 4453 2425 4513 LECTIONES.

533 4574 558 4604 ι
593 4565 662 4621 R.
693 4567 832 4648 $926
871 4567 1012 4648 ἔχειν
1052 4568 1295 4648 εἰκότως,
1333 4552 1796 4648 ita'emendatum
1826 4568 1878 4621 in
1915 4570 2038 4648 cod.
2067 4569 2124 4626 S.
2162 4569 2272 4627 llil.
2351 4575 2368 4611 ι
2405 4574 2567 4631 Deest
2599 4576 2660 4628 τὸ
2689 4575 2843 4646 ἅγιον
2877 4577 2931 4631 in
2979 4577 3306 4648 quibusdam
3336 4594 3471 4635 mss.
3529 4578 3720 4636 Locus

463 4634 553 4690 hic
608 4639 788 4693 verbis
826 4634 1051 4693 totidem
1105 4655 1214 4693 non
1273 4639 1468 4708 legitur
1518 4637 1662 4708 apud
1710 4638 2104 4694 Athanasium.

1935 4774 2167 4830 NOT/E.
2259 4829 2264 4834 .

533 4863 644 4936 (39)
684 4864 1031 4938 Hp6¢_rgbc
1083 4867 1399 4938 λέγοντας.
1445 4865 1729 4938 Adversus
1759 4882 1888 4929 eos,
1921 4876 2027 4922 etc.
2062 4871 2107 4926 Ι)
2137 4883 2248 4938 non
2305 4868 2740 4938 acceperit,vel
2809 4883 2918 4924 non
2975 4872 3300 4928 custodierit
3356 4873 3730 4934 incolumem.

467 4913 706 4988 llieram
729 4913 902 4990 'sol‘vit
917 4913 1334 4990 SeJeriaIiorum
1348 4913 2025 5006 ,argumentatiotietn,vut,

461 5007 713 5073 quamvis
773 5008 934 5059 homo
979 5021 1046 5058 ex
1092 5007 1258 5060 rebus
1309 5005 1538 5060 diversze
1576 5017 1805 5066 naturae,
1843 5007 2027 5060 anima

463 5077 676 5129 scilicet
698 5083 752 5128 et
771 5089 1022 5142 corpore,
1040 5083 1276 5138 constet,
1313 5090 1417 5129 una
1451 5085 1630 5128 tamen
1657 5075 1898 5130 humana
1929 5091 2029 5129 na-

461 5151 585 5203 tura
619 5147 709 5207 sit,
756 5145 918 5212 idque
968 5145 1040 5198 ob
1073 5147 1313 5199 rationes
1357 5147 1576 5199 easdem
1622 5161 1760 5213 quas
1788 5186 1802 5206 .
1828 5162 1948 5214 cap.
1974 5147 2030 5206 5,

462 5215 646 5267 attulit
665 5229 681 5276 ;
699 5214 942 5284 adeoque
961 5218 1175 5284 pr0prie
1201 5214 1473 5284 loquendo
1496 5216 1635 5269 duas
1657 5215 2032 5268 tantummodo

466 5294 696 5337 naturas
734 5286 931 5339 habere
963 5285 1270 5340 Christum.
1303 5285 1468 5338 Favet
1509 5285 1790 5348 Leontius,
1822 5285 1916 5338 lib.
1952 5284 2033 5338 De

463 5361 590 5423 sect.
644 5362 752 5408 act.
789 5350 840 5417 7,
878 5363 932 5409 et
988 5357 1084 5410 lib.
1119 5354 1317 5410 lCout.
1366 5353 1520 5410 Nest.
1570 5365 1620 5409 et
1655 5353 1903 5423 Eutych,
1939 5355 2034 5410 ubi

465 5421 722 5476 observat
755 5425 1040 5480 haereticos
1069 5426 1183 5480 hanc
1211 5425 1503 5491 objecisse,
1535 5440 1647 5479 non
1681 5434 1738 5478 ut
1768 5421 1920 5479 'tluas
1946 5440 2037 5478 na-

467 5498 623 5565 turas
652 5502 962 5565 astruere-nt
979 5495 1122 5564 (nam
1151 5505 1199 5549 et
1228 5512 1344 5559 nos,
1361 5495 1559 5564 inquit,
1582 5498 1675 5548 καὶ
1699 5493 1858 5548 τοῦτο
1879 5496 2034 5565 στέρ-

463 5559 776 5634 ξομενλῇΙιοε
807 5559 1224 5634 amplectentur),
1263 5565 1356 5620 sed
1415 5559 1472 5618 ut
1501 5566 1840 5628 evincerent,
1867 5559 2030 5620 unam

461 5627 586 5687 esse
612 5627 818 5704 Christi
849 5627 1122 5697 naturam,
1151 5627 1260 5688 non
1294 5634 1453 5698 duas,
1485 5634 1884 5704 hominumque
1906 5636 2034 5689 alie-

456 5711 592 5756 num
642 5698 882 5755 facerent
903 5718 933 5757 ιι
963 5711 1153 5757 nostra
1200 5715 1425 5770 natura,
1447 5719 1614 5774 quam
1649 5705 1732 5760 vel
1764 5698 1831 5761 ab
1872 5706 2029 5760 initio

2138 4937 2479 5014 Subjungit}
2521 4939 2583 4990 'il
2627 4937 2685 4990 δὲ
2707 4939 2822 5014 τῶν
2855 4940 3039 5011 μερῶν
3075 4943 3263 5014 είςίτὰ
3299 4945 3441 5014 μέρη
3471 4945 3728 5000 ὑποδιαί-

2139 5024 2310 5078 ρεσις,
2344 5009 2405 5081 οῦ
2435 5007 2772 5081 δογματῳιῆς
2803 5007 3281 5081 ἐστι’συντομίας,
3300 5007 3441 5067 ὀύὃὲ
3463 5014 3557 5067 τοῦ
3586 5032 3727 5068 συν-

2135 5079 2694 5160 οιτετμίημξνουκκατὰΔ
2719 5079 2786 5160 τὸ
2816 5079 3149 5150 Εὑαγγέλιον
3169 5084 3364 5160 Δλύγου,
3403 5083 3539 5136 ἀλλὰ
3591 5102 3732 5160 σκε-

2137 5149 2337 5217 πτικῆς
2364 5148 2596 5218 Θεωρίας
2615 5165 2629 5180 ο
2663 5147 2846 5204 Altera
2877 5147 2992 5203 vero
3037 5147 3274 5215 partium
3300 5154 3355 5207 in
3383 5163 3560 5221 partes
3591 5156 3732 5209 sub-

2135 5217 2469 5294 divisio_non
2520 5228 2598 5272 est
2651 5219 2765 5288 ejus
2818 5221 3088 5294 breuitatis
3136 5240 3252 5294 qui;
3296 5224 3425 5294 fidei
3461 5225 3736 5280 doctrina

2137 5288 2444 5362 conveniat,
2487 5304 2646 5362 neque
2703 5292 2956 5345 sermonis
3031 5288 3316 5346 secundum
3371 5292 3737 5362 Evangelia”:

2139 5357 2450 5438 aobreviuti,
2471 5430 2483 5438 _
2501 5357 2633 5438 sed__
2651 5362 3323 5438 scepticteuspecu‘lationis
3344 5379 3358 5394 ·
3394 5357 3577 5438 ,Ψυγξὴ
3630 5367 3737 5438 καὶ

2141 5429 2301 5497 σῶμα
2323 5429 2384 5480 οὐ
2421 5430 2560 5498 μέρη
2591 5430 2850 5501 Χριστοῦ,
2885 5429 3024 5503 una;
3047 5433 3186 5502 μέρη
3219 5431 3310 5485 τοῦ
3341 5429 3577 5503 primo},
3597 5437 3738 5487 ani-

2138 5513 2226 5550 ma
2261 5508 2309 5552 st
2348 5514 2534 5572 corpus
2558 5500 2686 5572 _no’n
2743 5509 2865 5554 sunt
2903 5500 3099 5556 Christi
3125 5500 3372 5570 ‘partes',
3403 5500 3495 5556 sed
3549 5505 3737 5572 portis

2134 5577 2346 5640 partes:
2370 5568 2568 5638 alioqui
2597 5587 2701 5622 non
2731 5579 2833 5624 tres
2861 5574 3056 5636 solum,
3084 5568 3175 5626 sed
3207 5573 3382 5640 plures
3415 5568 3646 5626 naturas
3678 5576 3736 5626 in

2136 5637 2345 5761 tim-isto
2375 5637 2618 5708 conﬁteri
2642 5649 2896 5709 oporteat.
2945 5640 3175 5699 Leontio
3207 5637 3412 5700 Noster
3452 5642 3742 5718 suifragag

2161 5723 2243 5760 ur.
3739 5719 3742 5723 ’

2161 5723 2243 5760 ur.
3739 5719 3746 5724 “
