3950 6304
447 279 580 345 1071
1638 284 1697 342 S.
1727 283 2011 346 JOANNI:

2121 287 2509 349 DAMASCENI
2661 338 2666 343 .
3565 292 3697 358 1072

451 397 504 450 id
543 411 607 450 ex
639 411 699 451 se
731 411 839 450 non
875 395 1210 465 potuerit":
1272 395 1398 464 quia
1463 407 1658 466 nempe
1690 395 1800 452 Deo
1845 396 2011 453 νει-δ(

2130 399 2309 469 ἐαυτῷ
2372 401 2588 470 ἀληθῶς
2644 401 2886 471 ὑπάρχον
2939 404 2998 455 τὸ
3045 403 3270 466 ἀσθενὲς
3337 403 3432 456 τοῦ
3483 403 3692 476 ἀνθρω-

431 489 715 554 placebat,
750 494 808 540 ut
857 496 984 541 vere
1037 486 1144 541 sibi
1197 487 1380 541 inesse
1432 488 1687 542 humanae
1721 491 2018 545 voluntati-3

447 577 822 632 inﬁrmitatem
878 579 1214 634 ostenderet.
1275 579 1626 650 Rursumque
1663 582 1898 637 volando
1939 583 2018 638 le-

444 671 590 739 prosi
642 670 1056 726 inundationem
1117 673 1444 742 patravit",
1490 682 1716 744 propter
1761 674 2018 730 unionem

443 777 570 814 cum
601 762 785 816 divina
812 762 1119 817 voluntate.

513 852 809 907 Sciendum
845 863 1026 908 autem
1057 862 1160 918 est,
1205 862 1416 910 natura:
1441 863 1496 909 et
1525 854 1832 909 voluntatis
1860 852 2017 910 deiti-

441 948 681 1010 catione,
720 961 986 1017 perquam
1020 947 1229 1016 liquido
1253 954 1308 1001 et
1337 961 1598 1017 expresse
1624 947 1763 1002 duas
1790 953 2020 1002 naturas

440 1049 486 1094 el
523 1039 832 1092 voluntates
859 1037 1153 1091 declarari.
1189 1035 1343 1091 Sicut
1369 1038 1513 1092 enim
1548 1036 1746 1107 ἱειιίιίνο
1803 1051 1912 1092 non
1938 1037 2018 1092 rci

399 1189 404 1192 _
443 1130 626 1200 ignita
657 1138 909 1183 naturam
938 1127 994 1181 in
1027 1127 1170 1199 ignis
1205 1135 1457 1182 naturam
1503 1137 1696 1193 mutat,
1735 1141 1931 1198 verum
1966 1136 2020 1184 et

441 1220 492 1274 id
505 1219 649 1289 quod
669 1218 900 1289 ignitum
933 1227 1014 1272 est
1031 1225 1084 1271 et
1102 1217 1153 1270 id
1174 1217 1317 1286 quod
1331 1217 1557 1288 ignitum
1581 1219 1725 1280 fecit,
1743 1219 2016 1273 ostendit:

441 1310 521 1363 sic
538 1309 702 1364 etiam
719 1306 993 1362 deiﬁcatio
1026 1321 1133 1360 non
1174 1321 1338 1360 unam
1367 1306 1729 1376 compositam
1769 1315 2020 1361 naturam

443 1401 595 1464 facit,
618 1399 714 1454 sed
745 1399 906 1466 duas,
935 1399 1304 1468 unionemque
1332 1397 1631 1452 secundum
1661 1397 2018 1469 hypostasim.

438 1493 526 1546 Ait
548 1493 747 1562 quippe
769 1490 1078 1560 'l'heologus
1106 1488 1404 1560 Gregorius
1430 1508 1443 1545 :
1473 1507 1492 1540 ι
1517 1490 1760 1555 Quorum
1789 1489 2020 1545 alterum

438 1583 730 1647 deiﬁcavit,
759 1582 991 1636 alterum
1021 1582 1330 1636 deitieatum
1353 1581 1538 1635 οδω.»
1575 1579 1813 1635 Dicendo
1851 1579 2018 1645 enim,

2121 491 2278 544 πίνου
2325 491 2649 561 Θελήματος.
2697 493 2880 546 Θέλων
2937 494 2993 547 δὲ
3052 494 3150 565 τὴν
3209 494 3302 548 τοῦ
3361 495 3564 568 λεπροῦ
3612 498 3695 550 ὲν-

2121 583 2330 653 ήργησε
2374 585 2682 655 κάθαρσιν,
2741 585 2828 639 διὰ
2867 586 2966 657 τὴν
3006 587 3144 654 πρὸς
3197 587 3264 639 τὸ
3303 587 3451 641 θεῖον
3491 587 3694 659 Θέλημα

2119 673 2336 727 ἕνωσιν.

2204 848 2400 926 ’ἰστέον
2450 849 2505 902 δὲ
2539 849 2616 913 ὡς
2649 850 2682 920 ὴ
2715 847 2911 915 Θέωσις
2952 847 3054 922 τῆς
3103 867 3163 906 τε
3205 853 3428 923 φύσεως
3467 855 3560 909 καὶ
3597 855 3696 911 τοῦ

2121 936 2423 1008 Θελήματος
2481 939 2937 1008 ὲμξρατικώτατον
2980 943 3077 995 καὶ
3116 941 3539 997 δεικτικώτατόν
3580 945 3696 998 ἐστι

2119 1029 2229 1083 τῶν
2261 1046 2323 1082 τε
2356 1029 2450 1083 δύο
2473 1030 2711 1100 φύσεων,
2745 1032 2972 1086 καὶτῶν
2999 1032 3094 1086 δύο
3113 1033 3442 1104 θελημάτων
3461 1053 3476 1067 ·
3511 1034 3698 1106 ὥσπερ

2121 1121 2231 1192 γὰρ
2258 1123 2290 1194 ἠ
2322 1122 2571 1194 πύρωσις
2603 1124 2664 1177 οὺ
2703 1123 3032 1193 μεταϐάλλει
3069 1125 3172 1198 τὴν
3213 1125 3309 1180 τοῦ
3351 1126 3698 1200 πυρωθέντος

2123 1212 2286 1282 φύσιν
2313 1216 2396 1278 είς
2418 1214 2518 1286 τὴν
2547 1215 2644 1268 τοῦ
2679 1215 2874 1288 πυρὸς,
2913 1217 3050 1271 ἀλλὰ
3073 1217 3224 1288 δηλοῖ
3247 1218 3312 1271 τό
3330 1235 3390 1271 τε
3423 1217 3698 1288 πυρωθὲν,

2122 1306 2218 1360 καὶ
2249 1306 2308 1359 τὸ
2343 1307 2628 1378 πυρῶσαν,
2657 1308 2754 1361 καὶ
2778 1310 2878 1379 οὐχ
2919 1309 3064 1375 ἑνὸς,
3090 1309 3229 1364 ἀλλὰ
3254 1309 3354 1364 δύο
3385 1311 3510 1364 ἐστὶ
3538 1309 3700 1380 δηλω-

2120 1397 2274 1451 τικόν
2297 1413 2311 1427 ⁶
2354 1398 2498 1452 οὓτω
2549 1399 2646 1452 καὶ
2677 1401 2710 1471 ἡ
2747 1400 2948 1465 θέωσις
2967 1402 3030 1454 οὐ
3069 1402 3198 1472 μίαν
3232 1402 3397 1471 φύσιν
3445 1403 3700 1457 ἀποτελεῖ

2123 1489 2411 1554 σύνθετον,
2448 1488 2586 1543 ἀλλὰ
2617 1490 2717 1554 τὰς
2765 1489 2892 1556 δύο,
2943 1491 3037 1545 καὶ
3081 1493 3180 1562 τὴν
3223 1491 3350 1546 καθ’
3393 1493 3696 1547 ὑπόστασιν

2123 1582 2317 1636 ἕνωσιν
2337 1600 2350 1614 ·
2381 1582 2519 1654 φησὶ
2549 1581 2680 1652 γοῦν
2716 1584 2744 1636 6
2773 1582 3034 1652 Θεολόγος
3073 1584 3373 1656 Γρηγόριος
3394 1601 3408 1615 ·
3443 1603 3462 1636 ε
3497 1579 3600 1638 Ὧν
3633 1585 3694 1637 τὸ

439 1689 656 1740 quarunt
682 1680 734 1728 et
769 1671 1016 1736 alterum,
1048 1681 1211 1740 atque
1234 1673 1458 1724 alterunt
1487 1669 1628 1724 duas
1658 1667 1905 1738 profecto
1929 1683 2011 1725 res

2129 1674 2226 1745 μὲν
2263 1674 2488 1738 ὲθέωσε,
2523 1675 2584 1728 τὸ
2619 1675 2676 1728 δὲ
2707 1673 2914 1747 ὲθεὼθη
2938 1691 2952 1704 ·
2991 1694 3008 1726 ι
3042 1669 3130 1730 ὧν
3169 1677 3279 1747 γὰρ
3314 1675 3487 1730 εἰπὼν
3509 1716 3526 1742 ,
3574 1678 3690 1740 καὶ,

439 1765 721 1820 indicavit.

1041 1853 1195 1910 CAP.
1232 1852 1424 1907 XVIII.

442 1951 639 2004 lterum
671 1949 740 2001 de
782 1948 981 2015 duplici
1027 1947 1317 2008 voluntate,
1365 1943 1679 2013 arbitriique
1717 1943 2011 2006 libertate;

507 2028 674 2073 meme
702 2020 848 2083 item,
879 2019 1222 2086 scientiaque,
1255 2027 1304 2070 et
1340 2016 1603 2084 sapientia
1628 2015 1850 2082 duplici.

505 2110 794 2175 Asstunpta
835 2118 1029 2160 natura
1057 2106 1316 2170 humana,
1352 2115 1407 2160 ut
1441 2106 1556 2174 ipsa
1595 2105 1648 2162 in
1680 2103 1898 2159 Christo
1937 2105 2014 2159 υἰ-

439 2201 576 2254 ctria;
636 2201 782 2268 ﬁeret
847 2197 1070 2252 diaboli.
1119 2227 1190 2238 —--
1227 2195 1682 2265 Quandoquidem
1731 2195 2013 2252 Christum

441 2291 737 2361 perlectum
767 2291 938 2346 Deum
984 2306 1049 2344 ac
1085 2288 1384 2358 perfectum
1441 2287 1721 2343 hominem
1753 2287 2011 2350 dicimus,

440 2386 597 2455 plane
627 2384 810 2438 omnia
839 2399 959 2453 qum
993 2390 1107 2436 tum
1149 2380 1338 2446 Patri,
1373 2391 1486 2434 tum
1527 2378 1692 2433 Matri
1743 2379 2013 2434 naturalia

435 2486 583 2544 sunt,
623 2476 672 2530 ei
715 2475 1048 2530 tribuamus.
1101 2471 1276 2528 Hemo
1322 2472 1524 2542 quippe
1571 2469 1752 2526 factus
1795 2478 1914 2536 est,
1955 2477 2014 2524 ut

435 2565 579 2636 quod
609 2566 814 2622 victum
851 2563 1029 2618 fuerat
1055 2563 1329 2619 vinceret.
1380 2559 1538 2616 Haud
1584 2561 1728 2616 enim
1758 2561 1880 2631 eius
1915 2562 2014 2616 im-

427 2659 748 2714 becillitatis
775 2666 895 2713 erat
919 2657 1031 2723 ille,
1055 2655 1153 2726 qui
1183 2655 1369 2710 omnia
1415 2661 1617 2725 potest,
1658 2655 1788 2725 quin
1838 2653 2014 2708 omni-

423 2748 642 2818 .potenti
677 2762 777 2803 sua
808 2747 1012 2800 virtute
1045 2744 1323 2800 hominem
1359 2759 1424 2799 ex
1466 2743 1686 2814 tyranni
1728 2742 2010 2798 dominatu

432 2840 650 2909 eripere
680 2839 910 2894 valeret.
945 2835 1148 2891 Verum
1182 2843 1449 2906 tyrannus
1479 2834 1719 2904 querelae
1761 2834 2010 2889 occasio-

423 2945 558 2984 nem
590 2929 892 2992 habuisset,
921 2927 966 2982 si
995 2933 1286 2996 postquam
1319 2925 1598 2979 hominem
1639 2924 1755 2993 ipse
1781 2923 2009 2987 vicerat,

437 3023 587 3074 illata
619 3019 671 3073 vi
702 3033 731 3072 a
764 3017 873 3072 Deo
898 3017 1170 3087 spoliatus
1207 3025 1375 3071 esset.
1410 3014 1684 3081 Quocirca
1717 3013 1878 3070 .Deus
1909 3028 2010 3084 pro

434 3128 532 3169 sua
562 3110 968 3176 misericordia,
1001 3117 1056 3165 et
1085 3123 1214 3179 erga
1283 3106 1538 3164 homines
1586 3107 1966 3162 benevolentia
1990 3149 2010 3174 ,

433 3207 599 3260 homo
624 3203 704 3267 tit,
741 3218 850 3272 quo
882 3201 1061 3257 simile
1100 3200 1298 3256 similis
1323 3213 1488 3270 opera
1517 3199 1808 3254 instauret.

498 3297 788 3364 Assutnpla
845 3294 1028 3348 anima
1074 3302 1232 3363 atque
1293 3307 1438 3345 mens
1493 3292 1731 3345 humana
1761 3333 1776 3353 ,
1826 3299 2012 3346 contra

373 3419 386 3428 ι
433 3389 871 3459 Apollinaristas.
913 3417 977 3428 —
1003 3384 1164 3452 Quod
1198 3392 1381 3439 autem
1405 3382 1569 3438 homo
1587 3382 1660 3438 sit
1682 3381 1887 3438 animal
1923 3397 2012 3436 ra-

431 3487 579 3538 tione
604 3489 660 3536 ot
687 3479 1044 3550 intelligentia
1072 3475 1385 3547 praeditum,
1420 3489 1582 3530 nemo
1612 3473 1738 3528 ierit
1767 3472 2005 3529 inﬁcias.

430 3575 666 3640 Quinam
703 3572 870 3642 igitur
901 3569 1082 3624 Iactus
1131 3574 1216 3622 est
1253 3567 1436 3632 homo,
1475 3565 1520 3622 si
1562 3579 1786 3620 carnem
1820 3565 2003 3618 inani-

431 3675 656 3730 matam,
687 3675 782 3718 aut
817 3669 1100 3732 expertem
1155 3658 1354 3714 mentis
1415 3657 1654 3712 animam
1711 3656 2002 3726 suscepit?

430 3759 547 3812 Iloc
575 3756 720 3811 enim
742 3767 1087 3825 nequaquam
1119 3751 1290 3806 homo
1304 3756 1412 3806 est.
1453 3747 1596 3815 Quid
1632 3762 1760 3804 vero
1783 3763 2001 3806 rursum

427 3867 494 3904 ex
519 3857 800 3918 assumpta
842 3845 913 3900 ab
939 3859 1005 3900 eo
1041 3843 1384 3898 humanitate
1413 3839 1770 3896 emolumenti
1799 3838 1866 3894 ad
1901 3854 2002 3896 nos

427 3940 609 4004 rediit,
639 3939 688 3994 si
718 3938 794 3992 illi
837 3937 929 4008 qui
964 3935 1224 4006 primario
1254 3932 1530 3989 contraxit
1587 3931 1788 4000 labem,
1851 3932 2002 3989 salus

411 4033 596 4086 allata
628 4045 738 4084 non
773 4035 856 4084 est
882 4046 897 4095 ;
926 4041 1104 4096 neque
1137 4025 1193 4080 id
1233 4030 1416 4080 actum
1450 4023 1573 4089 fuit,
1607 4031 1668 4078 ut
1725 4039 1823 4094 per
1870 4039 2002 4080 con-

417 4124 769 4195 .junctionem
807 4135 932 4175 cum
969 4117 1252 4174 divinitate
1291 4117 1672 4181 innovaretur,
1729 4121 1784 4170 et
1837 4114 2007 4170 robur

425 4214 736 4272 obtineret?
759 4211 892 4267 Nam
918 4219 1169 4266 curatum
1197 4223 1304 4262 non
1329 4207 1456 4271 fuit,
1483 4206 1628 4277 quod
1655 4215 2003 4277 assumptum

426 4326 534 4364 non
565 4318 681 4375 est;
718 4312 1052 4379 quapropter
1084 4309 1258 4357 totum
1318 4299 1596 4356 hominem
1663 4298 2004 4369 assumpsit,

2043 1736 2094 1798 Β
2121 1736 2188 1816 τὸ
2211 1763 2348 1833 μὲν,
2377 1736 2482 1818 και
2497 1764 2564 1817 τὸ
2596 1763 2684 1828 δὲ,
2719 1762 2814 1817 δύο
2838 1736 3061 1829 εδὲιξεν.

2610 1853 2862 1907 ΚΕΦΑΔ.
2894 1855 2982 1906 nr
3030 1852 3198 1926 [ειη.

2119 1943 2240 1998 Ἐ’τι
2269 1945 2402 2012 περὶ
2439 1944 2788 2013 detondetur
2821 1944 2919 1999 καὶ
2946 1946 3382 2010 αὐτεξουσίων,
3414 1943 3576 2000 νοῶν
3605 1964 3690 2012 τε,

2469 2016 2567 2069 καὶ
2611 2014 2911 2084 imbuatur,
2959 2017 3057 2069 καί
3087 2015 3340 2086 σσφιῶν.

2185 2105 2318 2159 Θεὸν
2341 2104 2549 2159 τέλειον
2569 2105 2682 2176 (65)
2727 2106 2822 2160 καὶ
2871 2105 3163 2178 ἄνθρωπον
3201 2107 3409 2162 τέλειον
3447 2109 3696 2180 λέγοντες

2115 2197 2206 2250 τὸν
2245 2197 2479 2268 Χριστὸν
2504 2239 2518 2261 ,
2567 2198 2791 2262 πάντως
2833 2198 3013 2253 πάντα
3067 2197 3348 2271 δώσομεν,
3391 2202 3462 2256 τά
3509 2220 3569 2255 τε
3601 2201 3696 2256 τοῦ

2118 2289 2332 2358 Πατρὸς
2363 2289 2592 2358 φυσικὰ,
2623 2289 2691 2343 τά
2716 2305 2776 2342 τε
2806 2289 2907 2360 τῆς
2930 2290 3154 2362 Μητρός
3174 2305 3189 2321 ·
3243 2291 3440 2360 γέγονε
3468 2293 3579 2365 τὰρ
3605 2295 3696 2349 ἄν·

2118 2378 2357 2450 θρωπος,
2401 2381 2488 2433 ἵνα
2518 2380 2579 2434 τὸ
2609 2381 2830 2451 νικηθὲν
2879 2381 3102 2453 νικήσῃ.
3139 2382 3253 2436 οὐκ
3295 2384 3560 2450 ἀδύνατος
3587 2385 3698 2459 γὰρ

2116 2466 2184 2540 ἦν
2213 2472 2240 2523 6
2268 2468 2338 2523 τὰ
2376 2470 2557 2524 πάντα
2591 2469 2915 2542 δυνάμενος,
2943 2471 3038 2524 καὶ
3061 2473 3129 2543 τῇ
3164 2474 3569 2547 παντοδυνάμῳ
3598 2477 3693 2530 a6-

2115 2567 2209 2621 τοῦ
2237 2568 2458 2640 ἐξουσίᾳ
2485 2567 2579 2623 καὶ
2599 2567 2832 2638 δυνάμει
2860 2566 3136 2634 ἐξελέσθαι
3163 2567 3258 2621 τοῦ
3296 2569 3693 2641 τυραννοῦντας

2105 2661 2208 2713 ΊΙτὸν
2239 2654 2524 2729 ἄνθρωπον
2551 2677 2563 2691 ·
2597 2659 2711 2714 ἀλλ’
2739 2655 2807 2732 ἦν
2838 2659 3188 2730 ἐγκλήματος
3223 2660 3301 2730 τῷ
3336 2661 3695 2733 τυραννοῦντι

2116 2753 2393 2817 ὑπόθεσις.
2427 2753 2716 2824 ἄνθρωπον
2753 2753 3077 2824 νικήσαντι,
3129 2755 3223 2807 καὶ
3264 2754 3369 2806 ὑπὸ
3407 2753 3543 2808 Θεοῦ
3576 2754 3684 2824 βια-

2117 2843 2316 2898 σθέντι.
2361 2843 2537 2897 Αὑτὶν
2574 2839 2667 2896 οὖν
2721 2843 2813 2897 τὸν
2858 2845 3097 2897 πεσόντα
3144 2842 3374 2914 νικητὴν
3418 2842 3698 2910 ἀναδεῖξαι

2115 2935 2402 3005 βουληθεὶς
2463 2937 2493 2988 ό
2553 2935 2852 3006 συμπαθὴς
2916 2934 3050 2998 Θεὸς
3118 2933 3216 2988 καὶ
3277 2935 3686 3006 φιλάνθρωπος,

2113 3026 2400 3097 ἄνθρωπος
2440 3026 2652 3094 γίνεται
2703 3026 2781 3098 τῷ
2825 3026 2998 3098 ὁμοίῳ
3041 3024 3103 3080 τὸ
3153 3027 3340 3097 ὅμοιον
3382 3025 3692 3081 ἀνακαλού-

2117 3134 2300 3188 μενος.

2187 3298 2312 3350 ’Ότι
2372 3296 2429 3350 δὲ
2487 3297 2708 3366 λογικὸν
2751 3295 2846 3351 καὶ
2894 3296 3080 3368 νοερὸν
3133 3295 3272 3361 ζῶον
3316 3297 3344 3351 6
3379 3295 3692 3368 ἄνθρωπος.

2110 3391 2286 3453 οὐδεὶς
2339 3391 2561 3460 ἀντερεῖ
2593 3407 2606 3420 ⁸
2667 3389 2784 3453 πῶς
2837 3384 2931 3443 οὖν
2995 3387 3285 3461 ἄνθρωπος
3334 3389 3584 3458 γέγονεν,
3621 3391 3690 3442 ,εί

2111 3481 2294 3552 σάρκα
2318 3479 2528 3550 ἄψυχον
2559 3481 2592 3552 ἢ
2617 3479 2800 3550 ψυχὴν
2830 3480 2992 3535 ἄνουν
3013 3477 3243 3548 ἓλαϐεν;
3281 3480 3358 3533 Οὑ
3389 3477 3552 3533 τοῦτο
3582 3479 3692 3550 γὰρ

2113 3573 2424 3643 ἄνθρωπος.
2459 3573 2526 3624 Τί
2569 3571 2626 3626 δὲ
2678 3572 2774 3624 καὶ
2807 3571 2905 3641 τῆς
2956 3571 3428 3642 ὲνανθρωπήσεως
3466 3570 3690 3624 amys-

2115 3663 2276 3736 μεθα,
2320 3662 2417 3716 τοῦ
2449 3662 2988 3734 πρωτοπαθήσαντος
3030 3663 3105 3733 μὴ
3144 3662 3514 3733 σεσωσμένον,
3549 3661 3690 3732 μηδι

2109 3757 2176 3826 τῇ
2209 3754 2474 3824 συναφείᾳ
2504 3753 2606 3823 τῆς
2641 3753 2892 3824 Θεόιητος
2927 3753 3456 3824 ἁνακεκαινισμένου
3485 3769 3547 3806 τε
3591 3755 3689 3807 καὶ

2109 3845 2518 3916 νενευρωμένου
2547 3861 2562 3909 ;
2590 3844 2665 3896 Τὸ
2696 3844 2807 3914 γὰρ
2837 3844 3247 3915 ἁπρόσληπτον,
3274 3844 3683 3913 ἀθεράπευτον.

2121 3936 2520 4007 Ἀναλαμϐάνει
2563 3935 2744 3989 τοίνυν
2788 3935 2910 3988 ὅλον
2967 3935 3060 3988 τὸν
3111 3933 3398 4006 ἄνθρωπον
3419 3976 3436 4000 ,
3489 3936 3588 3988 καὶ
3621 3935 3688 3987 τδ

2099 4028 2294 4083 τούτου
2337 4027 2656 4091 κάλλιστον,
2699 4026 2804 4081 ὑπὸ
2851 4027 3033 4098 ἁῤῥωε
3051 4025 3164 4079 τίαν
3190 4026 3388 4090 πεσὸν,
3437 4026 3529 4080 ἵνα
3574 4025 3686 4096 ὅλῳ

2101 4118 2200 4190 τὴν
2248 4116 2525 4189 σωτηρίαν
2556 4115 2892 4187 χαρίσηται·
2925 4113 3049 4177 νοῦς
3099 4113 3156 4166 δὲ
3198 4112 3418 4179 dco-90;,
3454 4113 3686 4182 ἑστερη-

2106 4207 2264 4278 μένος
2297 4206 2578 4276 γνώσεως,
2611 4204 2712 4259 οὐκ
2744 4203 2810 4258 ἂν
2848 4204 2933 4275 εἴη
2964 4203 3115 4257 ποτέ.
3151 4203 3218 4256 Εἰ
3253 4201 3362 4272 γὰρ
3392 4201 3688 4273 ἀνενέρτη-

2105 4317 2197 4363 τος
2225 4299 2322 4353 καλ⁸
2349 4297 2632 4367 ἀκίνητος,
2663 4298 2758 4350 καὶ
2789 4295 3138 4366 ἀνύπαρκτος
3175 4294 3410 4356 πάντως.

425 4403 682 4471 illamque
718 4398 857 4453 adeo
895 4395 1074 4466 ipsius
1116 4401 1327 4465 partem
1367 4405 1488 4462 qua
1537 4389 1776 4444 obnoxia
1823 4389 2014 4446 morbo
2051 4387 2253 4456 fuerat,
2310 4397 2371 4444 ut
2420 4389 2520 4463 toti
2578 4387 2810 4445 salutem
2875 4385 3165 4456 largiretur
3188 4384 3254 4438 ⁷³.
3312 4382 3472 4437 Nulla
3514 4398 3688 4453 porro

424 4509 580 4549 mens
611 4507 838 4563 usquam
877 4489 1066 4558 fuerit,
1116 4503 1240 4560 quae
1279 4485 1548 4558 sapientia
1580 4491 1634 4540 et
1673 4484 1985 4556 cognitione
2017 4485 2278 4542 destituta
2323 4485 2417 4540 sit.
2469 4481 2603 4538 Nam
2633 4483 2678 4538 si
2709 4483 2859 4538 iners
2905 4490 2959 4534 et
2984 4479 3104 4535 sine
3129 4488 3300 4540 motu.
3332 4478 3480 4532 nulla
3522 4495 3688 4548 pror-

423 4601 518 4642 sus
549 4585 759 4638 ratione
789 4582 1030 4639 exsistit.

492 4677 650 4748 241
685 4674 832 4730 Mens
862 4673 1148 4729 inliomine
1178 4672 1243 4726 τὸ
1296 4673 1421 4724 κατ’
1461 4671 1668 4725 εἰκόνα
1732 4667 1886 4726 Verbi
1942 4678 1991 4723 et

2169 4665 2241 4719 Τδ
2294 4661 2386 4720 οὖν
2428 4673 2450 4701 ³
2493 4665 2611 4717 κατ’
2654 4661 2842 4716 εἰκόνα
2893 4660 3240 4715 ἀνακαινίσαι
3288 4659 3614 4730 βουλόμενος
3655 4663 3687 4716 6

407 4766 597 4822 carnis
624 4764 817 4820 media.
847 4793 916 4805 —-
943 4762 1130 4833 Itaque
1180 4760 1325 4816 Deus
1367 4757 1611 4815 Verbum
1634 4759 1702 4824 ⁷⁸,
1737 4758 1791 4814 id
1846 4757 1992 4828 quod

2101 4757 2232 4821 Θεὸς
2257 4756 2448 4824 Λόγος,
2478 4753 2701 4823 γέγονεν
2727 4751 3034 4822 ἄνθρωπος.
3057 4751 3122 4804 Τί
3145 4751 3202 4805 δὲ
3233 4751 3293 4803 τὸ
3325 4751 3447 4804 κατ’
3468 4753 3683 4819 εἰκόνα,

489 4945 541 4982 ⁷⁰
574 4949 739 5004 Marc.
779 4962 877 5008 vn.
903 4945 974 4999 24
1045 4945 1088 4977 '"
1120 4931 1313 4998 Matth.
1370 4958 1491 5005 vni,
1526 4943 1580 4996 5.
1678 4941 1723 4973 "
1781 4939 1942 5010 Greg.
1975 4937 2109 5010 Naz.
2138 5009 2145 5010 γ
2175 4945 2319 4993 orat.
2351 4938 2440 4992 4‘2.
2533 4933 2578 4965 ⁷³
2617 4930 2778 5004 Greg.
2820 4929 2952 4986 Naz.
2988 4931 3067 4987 Ad
3101 4929 3320 4986 Cledon.
3416 4930 3465 4963 '"
3503 4927 3677 5002 Greg.

417 5017 549 5075 ΝΜ..
581 5033 751 5075 carm.
778 5031 961 5072 senar.
1003 5015 1126 5068 adv.
1149 5014 1411 5085 Apollin.,
1443 5012 1606 5082 epist.
1641 5010 1731 5066 ad.
1767 5009 1916 5066 Cled.
1939 5018 1994 5065 et
2021 5009 2174 5064 alibi.

1720 5161 1962 5219 VARIE
2001 5159 2408 5219 LECTIONES.

490 5281 513 5308 ι
547 5271 712 5328 Abest
743 5257 917 5324 il-latio
940 5261 1032 5320 οὖν
1068 5264 1122 5318 in
1156 5275 1289 5318 mss.

1892 5317 2124 5375 ΝΟΤᾹΞ.

489 5429 600 5502 (l3)
653 5429 771 5502 Καὶ
808 5425 1260 5502 Θεὸν-τέλειονι
1335 5411 1984 5502 ραωιάοᾳιιξαεῃ-Ιςξζὶ-

413 5482 598 5564 slain,"
610 5482 949 5566 etc—Pugnat
979 5496 1085 5549 hoc
1110 5503 1226 5566 t_o_to
1255 5482 1434 5566 capite
1456 5482 1681 5566 __cor_itra_
1702 5482 1982 5566 apollina-

412 5557 576 5626 εἱειεέ
601 5575 663 5622 et
687 5557 1098 5622 Monotheletas.
1125 5563 1260 5617 Nam
1289 5557 1432 5618 sicut
1455 5558 1531 5612 illi
1552 5557 1832 5611 Christum
1865 5557 1986 5626 ani-

411 5622 510 5693 in;
528 5622 787 5694 rationali
817 5633 1126 5706 spoliando,
1157 5633 1398 5706 divinam
1436 5628 1776 5706 voluntatem
1795 5622 1982 5706 solam

401 5706 781 5776 agnoscebant
814 5695 945 5762 :'sic
976 5703 1066 5756 isti
1095 5695 1313 5779 dempta
1334 5701 1575 5757 humana
1623 5695 1904 5779 voluntate
1932 5699 1986 5746 et

2092 5411 2341 5483 actione_,_
2369 5425 2478 5467 uno
2518 5413 2630 5466 ictu
2666 5412 2863 5466 anima:
2891 5412 3011 5482 ejus
3038 5409 3403 5467 substantiam
3435 5407 3685 5483 perime-

2093 5481 2225 5552 bant
2242 5496 2258 5552 :_
2289 5479 2456 5552 Nulla
2475 5484 2660 5552 quippe
2687 5491 2884 5552 natura
2914 5479 3090 5552 exstat
3112 5479 3673 5549 operationis'espers.

2091 5559 2140 5604 et
2170 5550 2260 5604 ubi
2297 5551 2446 5604 nulla
2482 5550 2560 5606 est
2600 5551 2835 5619 operatio
2862 5591 2877 5615 ,
2930 5551 3084 5606 nulla
3140 5552 3336 5604 ibidem
3369 5560 3568 5604 natura
3596 5552 3678 5606 sit

2093 5620 2594 5692 oportet,_inquiunt
2644 5621 2808 5692 prisci
2851 5620 3110 5689 theologi,
3153 5635 3384 5690 quorum
3404 5621 3678 5692 testimo-

2093 5691 2205 5769 nia,
2229 5701 2266 5745 t.
2301 5689 2344 5745 ll
2381 5689 2616 5762 Operum
2647 5689 2706 5748 Β.
2730 5690 2949 5747 Maximi
2983 5689 3272 5757 habentur,
3305 5705 3358 5761 ι).
3393 5689 3522 5747 ίῦ-ι.
