  <div class='ocr_page' id='page_1' title='image "/cluster/home/n/w/nwhite01/storage/ocr_20150623/94/hvd.32044052838174/635.png"; bbox 0 0 3950 6304; ppageno 0'>
   <div class='ocr_carea' id='block_1_1' title="bbox 452 371 592 442">
    <p class='ocr_par' dir='ltr' id='par_1_1' title="bbox 452 371 592 442">
     <span class='ocr_line' id='line_1_1' title="bbox 452 371 592 442; baseline 0.014 -2"><span class='ocrx_word' id='word_1_1' title='bbox 452 371 592 442; x_wconf 74' lang='lat'><strong>1075</strong></span> 
     </span>
    </p>
   </div>
   <div class='ocr_carea' id='block_1_2' title="bbox 1654 369 2539 431">
    <p class='ocr_par' dir='ltr' id='par_1_2' title="bbox 1654 369 2539 431">
     <span class='ocr_line' id='line_1_2' title="bbox 1654 369 2539 431; baseline 0.002 -3"><span class='ocrx_word' id='word_1_2' title='bbox 1654 370 1713 429; x_wconf 92' lang='lat' dir='ltr'><strong>S.</strong></span> <span class='ocrx_word' id='word_1_3' title='bbox 1754 369 2074 431; x_wconf 80' lang='lat' dir='ltr'><strong>JOANNIS</strong></span> <span class='ocrx_word' id='word_1_4' title='bbox 2108 369 2539 430; x_wconf 75' lang='lat' dir='ltr'><strong>DAMASCENI</strong></span> 
     </span>
    </p>
   </div>
   <div class='ocr_carea' id='block_1_3' title="bbox 3588 370 3742 438">
    <p class='ocr_par' dir='ltr' id='par_1_3' title="bbox 3588 370 3742 438">
     <span class='ocr_line' id='line_1_3' title="bbox 3588 370 3742 438; baseline 0.013 -2"><span class='ocrx_word' id='word_1_5' title='bbox 3588 370 3742 438; x_wconf 79' lang='lat'><strong>1076</strong></span> 
     </span>
    </p>
   </div>
   <div class='ocr_carea' id='block_1_4' title="bbox 451 477 2038 552">
    <p class='ocr_par' dir='ltr' id='par_1_4' title="bbox 451 477 2036 552">
     <span class='ocr_line' id='line_1_4' title="bbox 451 477 2036 552; baseline -0.005 -13"><span class='ocrx_word' id='word_1_6' title='bbox 451 495 562 539; x_wconf 86' lang='lat' dir='ltr'><strong>tem</strong></span> <span class='ocrx_word' id='word_1_7' title='bbox 597 477 962 552; x_wconf 85' lang='lat' dir='ltr'><strong>comparavit.</strong></span> <span class='ocrx_word' id='word_1_8' title='bbox 989 477 1068 533; x_wconf 86' lang='lat' dir='ltr'><strong>Ita</strong></span> <span class='ocrx_word' id='word_1_9' title='bbox 1096 477 1302 549; x_wconf 81' lang='lat' dir='ltr'><strong>quippe</strong></span> <span class='ocrx_word' id='word_1_10' title='bbox 1335 487 1465 532; x_wconf 88' lang='lat' dir='ltr'><strong>ante</strong></span> <span class='ocrx_word' id='word_1_11' title='bbox 1517 477 1862 532; x_wconf 70' lang='lat' dir='ltr'><strong>salutiferam</strong></span> <span class='ocrx_word' id='word_1_12' title='bbox 1911 493 2036 548; x_wconf 90' lang='lat' dir='ltr'><strong>pas-</strong></span> 
     </span>
    </p>
   </div>
   <div class='ocr_carea' id='block_1_5' title="bbox 2148 477 3740 552">
    <p class='ocr_par' dir='ltr' id='par_1_5' title="bbox 2148 477 3740 552">
     <span class='ocr_line' id='line_1_5' title="bbox 2148 477 3740 552; baseline 0.005 -22"><span class='ocrx_word' id='word_1_13' title='bbox 2148 495 2241 542; x_wconf 84' lang='grc' dir='ltr'><strong>πος</strong></span> <span class='ocrx_word' id='word_1_14' title='bbox 2268 478 2328 532; x_wconf 82' lang='grc' dir='ltr'>τὸ</span> <span class='ocrx_word' id='word_1_15' title='bbox 2356 481 2620 549; x_wconf 86' lang='grc' dir='ltr'>ποτήριον</span> <span class='ocrx_word' id='word_1_16' title='bbox 2678 478 2854 534; x_wconf 84' lang='grc' dir='ltr'>πίνειν</span> <span class='ocrx_word' id='word_1_17' title='bbox 2883 477 3142 552; x_wconf 73' lang='grc' dir='ltr'>ἔμελλενο</span> <span class='ocrx_word' id='word_1_18' title='bbox 3177 480 3236 535; x_wconf 90' lang='grc' dir='ltr'><strong>οὐ</strong></span> <span class='ocrx_word' id='word_1_19' title='bbox 3283 481 3392 552; x_wconf 83' lang='grc' dir='ltr'><strong>γὰρ</strong></span> <span class='ocrx_word' id='word_1_20' title='bbox 3446 480 3523 546; x_wconf 84' lang='grc' dir='ltr'><strong>ὡς</strong></span> <span class='ocrx_word' id='word_1_21' title='bbox 3569 483 3740 548; x_wconf 80' lang='grc' dir='ltr'>Θεὸς.</span> 
     </span>
    </p>
   </div>
   <div class='ocr_carea' id='block_1_6' title="bbox 450 571 2034 642">
    <p class='ocr_par' dir='ltr' id='par_1_6' title="bbox 450 571 2034 642">
     <span class='ocr_line' id='line_1_6' title="bbox 450 571 2034 642; baseline -0.004 -10"><span class='ocrx_word' id='word_1_22' title='bbox 450 579 665 633; x_wconf 78' lang='lat' dir='ltr'><strong>sionem</strong></span> <span class='ocrx_word' id='word_1_23' title='bbox 701 589 860 630; x_wconf 82' lang='lat' dir='ltr'><strong>suam</strong></span> <span class='ocrx_word' id='word_1_24' title='bbox 895 572 1178 642; x_wconf 86' lang='lat' dir='ltr'><strong>loquitur:</strong></span> <span class='ocrx_word' id='word_1_25' title='bbox 1205 571 1388 637; x_wconf 76' lang='lat' dir='ltr'><strong>Pater,</strong></span> <span class='ocrx_word' id='word_1_26' title='bbox 1410 571 1458 625; x_wconf 89' lang='lat' dir='ltr'><strong>si</strong></span> <span class='ocrx_word' id='word_1_27' title='bbox 1479 571 1597 638; x_wconf 79' lang='lat' dir='ltr'><strong>ﬁeri</strong></span> <span class='ocrx_word' id='word_1_28' title='bbox 1630 580 1821 640; x_wconf 81' lang='lat' dir='ltr'><strong>potest,</strong></span> <span class='ocrx_word' id='word_1_29' title='bbox 1857 579 2034 626; x_wconf 81' lang='lat' dir='ltr'><strong>trans-</strong></span> 
     </span>
    </p>
   </div>
   <div class='ocr_carea' id='block_1_7' title="bbox 449 662 2035 733">
    <p class='ocr_par' dir='ltr' id='par_1_7' title="bbox 449 662 2035 733">
     <span class='ocr_line' id='line_1_7' title="bbox 449 662 2035 733; baseline -0.005 -10"><span class='ocrx_word' id='word_1_30' title='bbox 449 678 536 724; x_wconf 81' lang='lat' dir='ltr'><strong>eat</strong></span> <span class='ocrx_word' id='word_1_31' title='bbox 573 683 608 722; x_wconf 79' lang='grc' dir='ltr'><strong>α</strong></span> <span class='ocrx_word' id='word_1_32' title='bbox 639 681 722 722; x_wconf 79' lang='lat' dir='ltr'><strong>nte</strong></span> <span class='ocrx_word' id='word_1_33' title='bbox 749 665 898 720; x_wconf 71' lang='lat' dir='ltr'><strong>alia:</strong></span> <span class='ocrx_word' id='word_1_34' title='bbox 924 665 1024 720; x_wconf 85' lang='lat' dir='ltr'><strong>iste</strong></span> <span class='ocrx_word' id='word_1_35' title='bbox 1038 665 1104 718; x_wconf 77' lang='grc' dir='ltr'><strong>τ’.</strong></span> <span class='ocrx_word' id='word_1_36' title='bbox 1134 662 1272 718; x_wconf 80' lang='lat' dir='ltr'><strong>Illud</strong></span> <span class='ocrx_word' id='word_1_37' title='bbox 1299 677 1466 733; x_wconf 85' lang='lat' dir='ltr'><strong>porro</strong></span> <span class='ocrx_word' id='word_1_38' title='bbox 1497 669 1735 726; x_wconf 84' lang='lat' dir='ltr'><strong>constat,</strong></span> <span class='ocrx_word' id='word_1_39' title='bbox 1766 662 1914 732; x_wconf 84' lang='lat' dir='ltr'><strong>quod</strong></span> <span class='ocrx_word' id='word_1_40' title='bbox 1977 668 2035 716; x_wconf 85' lang='lat' dir='ltr'><strong>ut</strong></span> 
     </span>
    </p>
   </div>
   <div class='ocr_carea' id='block_1_8' title="bbox 453 754 2031 816">
    <p class='ocr_par' dir='ltr' id='par_1_8' title="bbox 453 754 2031 816">
     <span class='ocr_line' id='line_1_8' title="bbox 453 754 2031 816; baseline -0.004 0"><span class='ocrx_word' id='word_1_41' title='bbox 453 762 620 816; x_wconf 83' lang='lat' dir='ltr'><strong>homo</strong></span> <span class='ocrx_word' id='word_1_42' title='bbox 659 759 889 816; x_wconf 82' lang='lat' dir='ltr'><strong>calicem</strong></span> <span class='ocrx_word' id='word_1_43' title='bbox 915 757 1196 813; x_wconf 87' lang='lat' dir='ltr'><strong>bibiturus</strong></span> <span class='ocrx_word' id='word_1_44' title='bbox 1229 765 1381 810; x_wconf 88' lang='lat' dir='ltr'><strong>erat:</strong></span> <span class='ocrx_word' id='word_1_45' title='bbox 1416 768 1524 809; x_wconf 79' lang='lat' dir='ltr'><strong>non</strong></span> <span class='ocrx_word' id='word_1_46' title='bbox 1562 756 1710 808; x_wconf 85' lang='lat' dir='ltr'><strong>enim</strong></span> <span class='ocrx_word' id='word_1_47' title='bbox 1749 763 1809 808; x_wconf 91' lang='lat' dir='ltr'><strong>ut</strong></span> <span class='ocrx_word' id='word_1_48' title='bbox 1867 754 2031 809; x_wconf 82' lang='lat' dir='ltr'><strong>Deus.</strong></span> 
     </span>
    </p>
   </div>
   <div class='ocr_carea' id='block_1_9' title="bbox 451 845 2034 921">
    <p class='ocr_par' dir='ltr' id='par_1_9' title="bbox 451 845 2034 921">
     <span class='ocr_line' id='line_1_9' title="bbox 451 845 2034 921; baseline -0.003 -15"><span class='ocrx_word' id='word_1_49' title='bbox 451 853 635 920; x_wconf 81' lang='lat' dir='ltr'><strong>Quare</strong></span> <span class='ocrx_word' id='word_1_50' title='bbox 660 860 927 921; x_wconf 87' lang='lat' dir='ltr'><strong>tanquam</strong></span> <span class='ocrx_word' id='word_1_51' title='bbox 967 849 1132 903; x_wconf 84' lang='lat' dir='ltr'><strong>homo</strong></span> <span class='ocrx_word' id='word_1_52' title='bbox 1169 847 1399 902; x_wconf 81' lang='lat' dir='ltr'><strong>calicem</strong></span> <span class='ocrx_word' id='word_1_53' title='bbox 1433 847 1669 902; x_wconf 80' lang='lat' dir='ltr'><strong>transire</strong></span> <span class='ocrx_word' id='word_1_54' title='bbox 1706 847 1841 901; x_wconf 87' lang='lat' dir='ltr'><strong>vult.</strong></span> <span class='ocrx_word' id='word_1_55' title='bbox 1907 845 2034 902; x_wconf 66' lang='lat' dir='ltr'><strong>Haec</strong></span> 
     </span>
    </p>
   </div>
   <div class='ocr_carea' id='block_1_10' title="bbox 427 939 2035 1008">
    <p class='ocr_par' dir='ltr' id='par_1_10' title="bbox 427 939 2035 1008">
     <span class='ocr_line' id='line_1_10' title="bbox 427 939 2035 1008; baseline -0.002 -12"><span class='ocrx_word' id='word_1_56' title='bbox 427 943 638 998; x_wconf 72' lang='lat' dir='ltr'><strong>autem</strong></span> <span class='ocrx_word' id='word_1_57' title='bbox 667 942 836 998; x_wconf 85' lang='lat' dir='ltr'><strong>verba</strong></span> <span class='ocrx_word' id='word_1_58' title='bbox 871 955 903 995; x_wconf 90' lang='lat' dir='ltr'><strong>a</strong></span> <span class='ocrx_word' id='word_1_59' title='bbox 928 939 1169 994; x_wconf 89' lang='lat' dir='ltr'><strong>naturali</strong></span> <span class='ocrx_word' id='word_1_60' title='bbox 1205 944 1380 1006; x_wconf 89' lang='lat' dir='ltr'><strong>metu,</strong></span> <span class='ocrx_word' id='word_1_61' title='bbox 1412 947 1466 994; x_wconf 88' lang='lat' dir='ltr'><strong>et</strong></span> <span class='ocrx_word' id='word_1_62' title='bbox 1493 939 1872 994; x_wconf 85' lang='lat' dir='ltr'><strong>imbecillitate</strong></span> <span class='ocrx_word' id='word_1_63' title='bbox 1909 953 2035 1008; x_wconf 84' lang='lat' dir='ltr'><strong>pro-</strong></span> 
     </span>
    </p>
   </div>
   <div class='ocr_carea' id='block_1_11' title="bbox 457 1029 2036 1100">
    <p class='ocr_par' dir='ltr' id='par_1_11' title="bbox 457 1029 2036 1100">
     <span class='ocr_line' id='line_1_11' title="bbox 457 1029 2036 1100; baseline -0.003 -11"><span class='ocrx_word' id='word_1_64' title='bbox 457 1032 596 1089; x_wconf 76' lang='lat' dir='ltr'><strong>iecta</strong></span> <span class='ocrx_word' id='word_1_65' title='bbox 637 1041 786 1088; x_wconf 85' lang='lat' dir='ltr'><strong>sunt.</strong></span> <span class='ocrx_word' id='word_1_66' title='bbox 831 1029 1230 1096; x_wconf 67' lang='lat' dir='ltr'><strong>Verumtamen,</strong></span> <span class='ocrx_word' id='word_1_67' title='bbox 1264 1029 1468 1100; x_wconf 87' lang='lat' dir='ltr'><strong>inquit,</strong></span> <span class='ocrx_word' id='word_1_68' title='bbox 1522 1045 1626 1084; x_wconf 81' lang='lat' dir='ltr'><strong>non</strong></span> <span class='ocrx_word' id='word_1_69' title='bbox 1643 1045 1756 1084; x_wconf 84' lang='lat' dir='ltr'><strong>mea</strong></span> <span class='ocrx_word' id='word_1_70' title='bbox 1789 1029 2036 1084; x_wconf 76' lang='lat' dir='ltr'><strong>voluntas</strong></span> 
     </span>
    </p>
   </div>
   <div class='ocr_carea' id='block_1_12' title="bbox 453 1121 2035 1195">
    <p class='ocr_par' dir='ltr' id='par_1_12' title="bbox 453 1121 2035 1195">
     <span class='ocr_line' id='line_1_12' title="bbox 453 1121 2035 1195; baseline -0.001 -17"><span class='ocrx_word' id='word_1_71' title='bbox 453 1124 635 1195; x_wconf 73' lang='lat' dir='ltr'><strong>ﬁat”,</strong></span> <span class='ocrx_word' id='word_1_72' title='bbox 670 1129 775 1178; x_wconf 82' lang='lat' dir='ltr'><strong>hoc</strong></span> <span class='ocrx_word' id='word_1_73' title='bbox 814 1133 924 1188; x_wconf 87' lang='lat' dir='ltr'><strong>est,</strong></span> <span class='ocrx_word' id='word_1_74' title='bbox 959 1137 1069 1192; x_wconf 88' lang='lat' dir='ltr'><strong>qua</strong></span> <span class='ocrx_word' id='word_1_75' title='bbox 1105 1122 1322 1177; x_wconf 83' lang='lat' dir='ltr'><strong>ratione</strong></span> <span class='ocrx_word' id='word_1_76' title='bbox 1347 1121 1582 1177; x_wconf 75' lang='lat' dir='ltr'><strong>diversa:</strong></span> <span class='ocrx_word' id='word_1_77' title='bbox 1611 1136 1640 1175; x_wconf 88' lang='lat' dir='ltr'><strong>a</strong></span> <span class='ocrx_word' id='word_1_78' title='bbox 1667 1128 1722 1176; x_wconf 90' lang='lat' dir='ltr'><strong>te</strong></span> <span class='ocrx_word' id='word_1_79' title='bbox 1751 1137 1872 1176; x_wconf 90' lang='lat' dir='ltr'><strong>sum</strong></span> <span class='ocrx_word' id='word_1_80' title='bbox 1904 1123 2035 1177; x_wconf 85' lang='lat' dir='ltr'><strong>sub-</strong></span> 
     </span>
    </p>
   </div>
   <div class='ocr_carea' id='block_1_13' title="bbox 453 1213 2034 1283">
    <p class='ocr_par' dir='ltr' id='par_1_13' title="bbox 453 1213 2034 1283">
     <span class='ocr_line' id='line_1_13' title="bbox 453 1213 2034 1283; baseline -0.005 -9"><span class='ocrx_word' id='word_1_81' title='bbox 453 1218 714 1282; x_wconf 71' lang='lat' dir='ltr'><strong>stantiae;</strong></span> <span class='ocrx_word' id='word_1_82' title='bbox 766 1215 859 1270; x_wconf 86' lang='lat' dir='ltr'><strong>sed</strong></span> <span class='ocrx_word' id='word_1_83' title='bbox 911 1225 1028 1280; x_wconf 85' lang='lat' dir='ltr'><strong>tua,</strong></span> <span class='ocrx_word' id='word_1_84' title='bbox 1056 1215 1162 1270; x_wconf 91' lang='lat' dir='ltr'><strong>hoc</strong></span> <span class='ocrx_word' id='word_1_85' title='bbox 1211 1222 1295 1270; x_wconf 92' lang='lat' dir='ltr'><strong>est</strong></span> <span class='ocrx_word' id='word_1_86' title='bbox 1343 1228 1484 1279; x_wconf 88' lang='lat' dir='ltr'><strong>mea,</strong></span> <span class='ocrx_word' id='word_1_87' title='bbox 1519 1221 1793 1283; x_wconf 82' lang='lat' dir='ltr'><strong>quatenus</strong></span> <span class='ocrx_word' id='word_1_88' title='bbox 1842 1213 2034 1268; x_wconf 88' lang='lat' dir='ltr'><strong>eadem</strong></span> 
     </span>
    </p>
   </div>
   <div class='ocr_carea' id='block_1_14' title="bbox 453 1305 2034 1376">
    <p class='ocr_par' dir='ltr' id='par_1_14' title="bbox 453 1305 2034 1376">
     <span class='ocr_line' id='line_1_14' title="bbox 453 1305 2034 1376; baseline -0.003 -12"><span class='ocrx_word' id='word_1_89' title='bbox 453 1310 588 1364; x_wconf 83' lang='lat' dir='ltr'><strong>mihi</strong></span> <span class='ocrx_word' id='word_1_90' title='bbox 623 1324 687 1364; x_wconf 89' lang='lat' dir='ltr'><strong>ac</strong></span> <span class='ocrx_word' id='word_1_91' title='bbox 719 1309 819 1368; x_wconf 84' lang='lat' dir='ltr'><strong>tibi</strong></span> <span class='ocrx_word' id='word_1_92' title='bbox 844 1308 1155 1364; x_wconf 81' lang='lat' dir='ltr'><strong>substantia</strong></span> <span class='ocrx_word' id='word_1_93' title='bbox 1172 1316 1278 1363; x_wconf 90' lang='lat' dir='ltr'><strong>est.</strong></span> <span class='ocrx_word' id='word_1_94' title='bbox 1300 1305 1433 1373; x_wconf 80' lang='lat' dir='ltr'><strong>Qtwe</strong></span> <span class='ocrx_word' id='word_1_95' title='bbox 1453 1306 1674 1376; x_wconf 85' lang='lat' dir='ltr'><strong>quidem</strong></span> <span class='ocrx_word' id='word_1_96' title='bbox 1699 1305 1894 1360; x_wconf 83' lang='lat' dir='ltr'><strong>iterum</strong></span> <span class='ocrx_word' id='word_1_97' title='bbox 1917 1306 2034 1361; x_wconf 84' lang='lat' dir='ltr'><strong>lor-</strong></span> 
     </span>
    </p>
   </div>
   <div class='ocr_carea' id='block_1_15' title="bbox 453 1399 2034 1471">
    <p class='ocr_par' dir='ltr' id='par_1_15' title="bbox 453 1399 2034 1471">
     <span class='ocr_line' id='line_1_15' title="bbox 453 1399 2034 1471; baseline -0.003 -13"><span class='ocrx_word' id='word_1_98' title='bbox 453 1403 526 1458; x_wconf 80' lang='lat' dir='ltr'><strong>tis</strong></span> <span class='ocrx_word' id='word_1_99' title='bbox 553 1403 722 1457; x_wconf 90' lang='lat' dir='ltr'><strong>animi</strong></span> <span class='ocrx_word' id='word_1_100' title='bbox 761 1403 925 1457; x_wconf 89' lang='lat' dir='ltr'><strong>verba</strong></span> <span class='ocrx_word' id='word_1_101' title='bbox 975 1400 1304 1471; x_wconf 53' lang='lat' dir='ltr'><strong>suunﬁﬁz</strong></span> <span class='ocrx_word' id='word_1_102' title='bbox 1327 1399 1542 1454; x_wconf 83' lang='lat' dir='ltr'><strong>Etenim</strong></span> <span class='ocrx_word' id='word_1_103' title='bbox 1572 1399 1758 1453; x_wconf 84' lang='lat' dir='ltr'><strong>anima</strong></span> <span class='ocrx_word' id='word_1_104' title='bbox 1792 1399 2034 1468; x_wconf 85' lang='lat' dir='ltr'><strong>Domini,</strong></span> 
     </span>
    </p>
   </div>
   <div class='ocr_carea' id='block_1_16' title="bbox 454 1483 2035 1558">
    <p class='ocr_par' dir='ltr' id='par_1_16' title="bbox 454 1483 2035 1558">
     <span class='ocr_line' id='line_1_16' title="bbox 454 1483 2035 1558; baseline -0.003 -18"><span class='ocrx_word' id='word_1_105' title='bbox 454 1487 548 1558; x_wconf 92' lang='lat' dir='ltr'><strong>qui</strong></span> <span class='ocrx_word' id='word_1_106' title='bbox 581 1486 816 1556; x_wconf 75' lang='lat' dir='ltr'><strong>benigna</strong></span> <span class='ocrx_word' id='word_1_107' title='bbox 847 1499 947 1539; x_wconf 89' lang='lat' dir='ltr'><strong>sua</strong></span> <span class='ocrx_word' id='word_1_108' title='bbox 989 1484 1276 1538; x_wconf 79' lang='lat' dir='ltr'><strong>voluntate</strong></span> <span class='ocrx_word' id='word_1_109' title='bbox 1313 1483 1480 1536; x_wconf 88' lang='lat' dir='ltr'><strong>homo</strong></span> <span class='ocrx_word' id='word_1_110' title='bbox 1512 1497 1642 1538; x_wconf 83' lang='lat' dir='ltr'><strong>vere</strong></span> <span class='ocrx_word' id='word_1_111' title='bbox 1675 1483 1854 1538; x_wconf 80' lang='lat' dir='ltr'><strong>factus</strong></span> <span class='ocrx_word' id='word_1_112' title='bbox 1887 1489 2035 1548; x_wconf 88' lang='lat' dir='ltr'><strong>erat,</strong></span> 
     </span>
    </p>
   </div>
   <div class='ocr_carea' id='block_1_17' title="bbox 452 1576 2036 1645">
    <p class='ocr_par' dir='ltr' id='par_1_17' title="bbox 452 1576 2036 1645">
     <span class='ocr_line' id='line_1_17' title="bbox 452 1576 2036 1645; baseline -0.004 -11"><span class='ocrx_word' id='word_1_113' title='bbox 452 1595 579 1634; x_wconf 91' lang='lat' dir='ltr'><strong>cum</strong></span> <span class='ocrx_word' id='word_1_114' title='bbox 631 1579 934 1633; x_wconf 84' lang='lat' dir='ltr'><strong>naturalem</strong></span> <span class='ocrx_word' id='word_1_115' title='bbox 983 1576 1360 1631; x_wconf 75' lang='lat' dir='ltr'><strong>inﬁrmitatem</strong></span> <span class='ocrx_word' id='word_1_116' title='bbox 1401 1583 1532 1630; x_wconf 88' lang='lat' dir='ltr'><strong>ante</strong></span> <span class='ocrx_word' id='word_1_117' title='bbox 1581 1583 1808 1645; x_wconf 80' lang='lat' dir='ltr'><strong>experta</strong></span> <span class='ocrx_word' id='word_1_118' title='bbox 1865 1583 2036 1642; x_wconf 80' lang='lat' dir='ltr'><strong>esset,</strong></span> 
     </span>
    </p>
   </div>
   <div class='ocr_carea' id='block_1_18' title="bbox 452 1666 2036 1742">
    <p class='ocr_par' dir='ltr' id='par_1_18' title="bbox 452 1666 2036 1742">
     <span class='ocr_line' id='line_1_18' title="bbox 452 1666 2036 1742; baseline -0.001 -18"><span class='ocrx_word' id='word_1_119' title='bbox 452 1679 718 1742; x_wconf 86' lang='lat' dir='ltr'><strong>percepto</strong></span> <span class='ocrx_word' id='word_1_120' title='bbox 748 1670 964 1724; x_wconf 90' lang='lat' dir='ltr'><strong>doloris</strong></span> <span class='ocrx_word' id='word_1_121' title='bbox 1034 1682 1200 1724; x_wconf 86' lang='lat' dir='ltr'><strong>sensu</strong></span> <span class='ocrx_word' id='word_1_122' title='bbox 1234 1683 1302 1722; x_wconf 83' lang='lat' dir='ltr'><strong>ex</strong></span> <span class='ocrx_word' id='word_1_123' title='bbox 1337 1667 1586 1738; x_wconf 86' lang='lat' dir='ltr'><strong>corporis</strong></span> <span class='ocrx_word' id='word_1_124' title='bbox 1633 1666 2036 1738; x_wconf 73' lang='lat' dir='ltr'><strong>disiunctione,</strong></span> 
     </span>
    </p>
   </div>
   <div class='ocr_carea' id='block_1_19' title="bbox 453 1758 2038 1823">
    <p class='ocr_par' dir='ltr' id='par_1_19' title="bbox 453 1758 2038 1823">
     <span class='ocr_line' id='line_1_19' title="bbox 453 1758 2038 1823; baseline -0.003 -3"><span class='ocrx_word' id='word_1_125' title='bbox 453 1763 639 1820; x_wconf 89' lang='lat' dir='ltr'><strong>divina</strong></span> <span class='ocrx_word' id='word_1_126' title='bbox 695 1775 921 1817; x_wconf 85' lang='lat' dir='ltr'><strong>rursum</strong></span> <span class='ocrx_word' id='word_1_127' title='bbox 967 1761 1257 1817; x_wconf 74' lang='lat' dir='ltr'><strong>voluntate</strong></span> <span class='ocrx_word' id='word_1_128' title='bbox 1309 1758 1706 1823; x_wconf 84' lang='lat' dir='ltr'><strong>corroborata,</strong></span> <span class='ocrx_word' id='word_1_129' title='bbox 1773 1759 2038 1816; x_wconf 85' lang='lat' dir='ltr'><strong>dversus</strong></span> 
     </span>
    </p>
   </div>
   <div class='ocr_carea' id='block_1_20' title="bbox 2148 568 3742 645">
    <p class='ocr_par' dir='ltr' id='par_1_20' title="bbox 2148 568 3742 645">
     <span class='ocr_line' id='line_1_20' title="bbox 2148 568 3742 645; baseline 0.004 -23"><span class='ocrx_word' id='word_1_130' title='bbox 2148 569 2236 632; x_wconf 82' lang='grc' dir='ltr'>Ὦς</span> <span class='ocrx_word' id='word_1_131' title='bbox 2268 568 2558 641; x_wconf 78' lang='grc' dir='ltr'>ἄνθρωπος</span> <span class='ocrx_word' id='word_1_132' title='bbox 2599 570 2781 625; x_wconf 83' lang='grc' dir='ltr'><strong>τοίνυν</strong></span> <span class='ocrx_word' id='word_1_133' title='bbox 2821 571 2962 626; x_wconf 82' lang='grc' dir='ltr'>θέλει</span> <span class='ocrx_word' id='word_1_134' title='bbox 2995 573 3057 626; x_wconf 58' lang='lat' dir='ltr'><strong>ea</strong></span> <span class='ocrx_word' id='word_1_135' title='bbox 3093 575 3351 644; x_wconf 82' lang='grc' dir='ltr'>ποτήριον</span> <span class='ocrx_word' id='word_1_136' title='bbox 3389 574 3697 645; x_wconf 79' lang='grc' dir='ltr'>παρελθεῖν</span> <span class='ocrx_word' id='word_1_137' title='bbox 3721 589 3742 608; x_wconf 75' lang='grc'><strong><em>⁸</em></strong></span> 
     </span>
    </p>
   </div>
   <div class='ocr_carea' id='block_1_21' title="bbox 2136 658 3742 736">
    <p class='ocr_par' dir='ltr' id='par_1_21' title="bbox 2136 658 3742 736">
     <span class='ocr_line' id='line_1_21' title="bbox 2136 658 3742 736; baseline 0.006 -24"><span class='ocrx_word' id='word_1_138' title='bbox 2136 658 2312 713; x_wconf 84' lang='grc' dir='ltr'>ταῦτα</span> <span class='ocrx_word' id='word_1_139' title='bbox 2341 660 2438 730; x_wconf 78' lang='grc' dir='ltr'>τῆς</span> <span class='ocrx_word' id='word_1_140' title='bbox 2493 662 2730 733; x_wconf 80' lang='grc' dir='ltr'><strong>φυσικῆς</strong></span> <span class='ocrx_word' id='word_1_141' title='bbox 2774 662 2976 728; x_wconf 78' lang='grc' dir='ltr'>δειλίας</span> <span class='ocrx_word' id='word_1_142' title='bbox 3020 663 3090 717; x_wconf 79' lang='grc' dir='ltr'>τὰ</span> <span class='ocrx_word' id='word_1_143' title='bbox 3146 665 3398 736; x_wconf 80' lang='grc' dir='ltr'>ῥήματα·</span> <span class='ocrx_word' id='word_1_144' title='bbox 3441 665 3618 734; x_wconf 74' lang='grc' dir='ltr'><em>Πλὴν</em></span> <span class='ocrx_word' id='word_1_145' title='bbox 3641 667 3742 736; x_wconf 74' lang='grc' dir='ltr'>μὴ</span> 
     </span>
    </p>
   </div>
   <div class='ocr_carea' id='block_1_22' title="bbox 2136 751 3740 829">
    <p class='ocr_par' dir='ltr' id='par_1_22' title="bbox 2136 751 3740 829">
     <span class='ocr_line' id='line_1_22' title="bbox 2136 751 3740 829; baseline 0.005 -25"><span class='ocrx_word' id='word_1_146' title='bbox 2136 753 2203 805; x_wconf 80' lang='grc' dir='ltr'>τὸ</span> <span class='ocrx_word' id='word_1_147' title='bbox 2237 751 2386 822; x_wconf 76' lang='grc' dir='ltr'><strong>ἐμὸν</strong></span> <span class='ocrx_word' id='word_1_148' title='bbox 2413 753 2676 822; x_wconf 79' lang='grc' dir='ltr'><strong>γενέσθω</strong></span> <span class='ocrx_word' id='word_1_149' title='bbox 2714 754 2964 824; x_wconf 73' lang='grc' dir='ltr'>θέλημα,</span> <span class='ocrx_word' id='word_1_150' title='bbox 2987 756 3106 826; x_wconf 74' lang='grc' dir='ltr'>ἦτοι</span> <span class='ocrx_word' id='word_1_151' title='bbox 3153 756 3275 810; x_wconf 87' lang='grc' dir='ltr'>καθ’</span> <span class='ocrx_word' id='word_1_152' title='bbox 3299 756 3327 809; x_wconf 81' lang='grc' dir='ltr'><strong>ὅ</strong></span> <span class='ocrx_word' id='word_1_153' title='bbox 3360 755 3453 810; x_wconf 92' lang='grc' dir='ltr'><strong>σοῦ</strong></span> <span class='ocrx_word' id='word_1_154' title='bbox 3478 757 3740 829; x_wconf 80' lang='grc' dir='ltr'>ὲτεροού-</span> 
     </span>
    </p>
   </div>
   <div class='ocr_carea' id='block_1_23' title="bbox 2139 834 3748 918">
    <p class='ocr_par' dir='ltr' id='par_1_23' title="bbox 2139 834 3748 918">
     <span class='ocr_line' id='line_1_23' title="bbox 2139 834 3748 918; baseline 0.002 -20"><span class='ocrx_word' id='word_1_155' title='bbox 2139 845 2256 909; x_wconf 79' lang='grc' dir='ltr'>σιός</span> <span class='ocrx_word' id='word_1_156' title='bbox 2283 847 2421 917; x_wconf 79' lang='grc' dir='ltr'>εἰμι,</span> <span class='ocrx_word' id='word_1_157' title='bbox 2458 847 2594 901; x_wconf 79' lang='grc' dir='ltr'><strong>ἀλλά</strong></span> <span class='ocrx_word' id='word_1_158' title='bbox 2618 849 2680 900; x_wconf 73' lang='grc' dir='ltr'><strong>τὸ</strong></span> <span class='ocrx_word' id='word_1_159' title='bbox 2705 847 2816 914; x_wconf 69' lang='grc' dir='ltr'>σὺν,</span> <span class='ocrx_word' id='word_1_160' title='bbox 2850 849 2972 918; x_wconf 71' lang='grc' dir='ltr'>ἦτοι</span> <span class='ocrx_word' id='word_1_161' title='bbox 3001 847 3064 900; x_wconf 84' lang='grc' dir='ltr'><strong>τδ</strong></span> <span class='ocrx_word' id='word_1_162' title='bbox 3107 846 3240 918; x_wconf 79' lang='grc' dir='ltr'>ὲμδν</span> <span class='ocrx_word' id='word_1_163' title='bbox 3273 847 3368 901; x_wconf 75' lang='grc' dir='ltr'>καὶ</span> <span class='ocrx_word' id='word_1_164' title='bbox 3390 846 3481 901; x_wconf 79' lang='grc' dir='ltr'><strong>σὺν</strong></span> <span class='ocrx_word' id='word_1_165' title='bbox 3513 847 3567 913; x_wconf 69' lang='grc' dir='ltr'>δ,</span> <span class='ocrx_word' id='word_1_166' title='bbox 3602 834 3748 902; x_wconf 71' lang='grc' dir='ltr'>καθ’</span> 
     </span>
    </p>
   </div>
   <div class='ocr_carea' id='block_1_24' title="bbox 2136 936 3792 1012">
    <p class='ocr_par' dir='ltr' id='par_1_24' title="bbox 2136 936 3792 1012">
     <span class='ocr_line' id='line_1_24' title="bbox 2136 936 3792 1012; baseline 0.001 -21"><span class='ocrx_word' id='word_1_167' title='bbox 2136 937 2166 991; x_wconf 84' lang='grc' dir='ltr'><strong>δ</strong></span> <span class='ocrx_word' id='word_1_168' title='bbox 2204 939 2288 992; x_wconf 79' lang='grc' dir='ltr'>σοὶ</span> <span class='ocrx_word' id='word_1_169' title='bbox 2317 939 2539 1010; x_wconf 85' lang='grc' dir='ltr'>πέφυκα</span> <span class='ocrx_word' id='word_1_170' title='bbox 2573 939 2893 1012; x_wconf 82' lang='grc' dir='ltr'>όμοούσιος·</span> <span class='ocrx_word' id='word_1_171' title='bbox 2927 939 3104 994; x_wconf 85' lang='grc' dir='ltr'>ταῦτα</span> <span class='ocrx_word' id='word_1_172' title='bbox 3132 941 3233 1009; x_wconf 79' lang='grc' dir='ltr'>τῆς</span> <span class='ocrx_word' id='word_1_173' title='bbox 3255 941 3546 1010; x_wconf 73' lang='grc' dir='ltr'><strong>εὐτολμίας</strong></span> <span class='ocrx_word' id='word_1_174' title='bbox 3563 941 3738 995; x_wconf 70' lang='grc' dir='ltr'>πάλιν</span> <span class='ocrx_word' id='word_1_175' title='bbox 3783 936 3792 941; x_wconf 73' lang='grc'><em>’</em></span> 
     </span>
    </p>
   </div>
   <div class='ocr_carea' id='block_1_25' title="bbox 2141 1030 3736 1102">
    <p class='ocr_par' dir='ltr' id='par_1_25' title="bbox 2141 1030 3736 1102">
     <span class='ocr_line' id='line_1_25' title="bbox 2141 1030 3736 1102; baseline 0 -20"><span class='ocrx_word' id='word_1_176' title='bbox 2141 1030 2365 1100; x_wconf 76' lang='grc' dir='ltr'>ῥήματα</span> <span class='ocrx_word' id='word_1_177' title='bbox 2387 1045 2400 1058; x_wconf 90' lang='grc'><strong>·</strong></span> <span class='ocrx_word' id='word_1_178' title='bbox 2437 1030 2703 1102; x_wconf 86' lang='grc' dir='ltr'>πρότερον</span> <span class='ocrx_word' id='word_1_179' title='bbox 2733 1031 2842 1102; x_wconf 83' lang='grc' dir='ltr'>γὰρ</span> <span class='ocrx_word' id='word_1_180' title='bbox 2876 1031 2977 1100; x_wconf 81' lang='grc' dir='ltr'>τῆς</span> <span class='ocrx_word' id='word_1_181' title='bbox 3026 1031 3265 1101; x_wconf 80' lang='grc' dir='ltr'><strong>φυσικῆς</strong></span> <span class='ocrx_word' id='word_1_182' title='bbox 3293 1030 3580 1095; x_wconf 75' lang='grc' dir='ltr'><strong>ἀσθενείας</strong></span> <span class='ocrx_word' id='word_1_183' title='bbox 3603 1047 3736 1084; x_wconf 84' lang='grc' dir='ltr'>πει-</span> 
     </span>
    </p>
   </div>
   <div class='ocr_carea' id='block_1_26' title="bbox 2143 1113 3736 1192">
    <p class='ocr_par' dir='ltr' id='par_1_26' title="bbox 2143 1113 3736 1192">
     <span class='ocr_line' id='line_1_26' title="bbox 2143 1113 3736 1192; baseline 0.001 -19"><span class='ocrx_word' id='word_1_184' title='bbox 2143 1120 2390 1190; x_wconf 82' lang='grc' dir='ltr'>ραθεῖσα,</span> <span class='ocrx_word' id='word_1_185' title='bbox 2424 1123 2546 1174; x_wconf 81' lang='grc' dir='ltr'>κατ’</span> <span class='ocrx_word' id='word_1_186' title='bbox 2581 1121 2834 1192; x_wconf 70' lang='grc' dir='ltr'>αἴσθησιν</span> <span class='ocrx_word' id='word_1_187' title='bbox 2857 1121 2958 1190; x_wconf 76' lang='grc' dir='ltr'>τὴν</span> <span class='ocrx_word' id='word_1_188' title='bbox 2992 1122 3086 1175; x_wconf 73' lang='grc' dir='ltr'><strong>ἐπὶ</strong></span> <span class='ocrx_word' id='word_1_189' title='bbox 3114 1121 3192 1191; x_wconf 80' lang='grc' dir='ltr'>τῷ</span> <span class='ocrx_word' id='word_1_190' title='bbox 3221 1113 3491 1192; x_wconf 83' lang='grc' dir='ltr'>χωρισμῷ</span> <span class='ocrx_word' id='word_1_191' title='bbox 3518 1122 3616 1176; x_wconf 72' lang='grc' dir='ltr'>καὶ</span> <span class='ocrx_word' id='word_1_192' title='bbox 3635 1120 3736 1174; x_wconf 81' lang='grc' dir='ltr'><strong>τοῦ</strong></span> 
     </span>
    </p>
   </div>
   <div class='ocr_carea' id='block_1_27' title="bbox 2140 1209 3737 1284">
    <p class='ocr_par' dir='ltr' id='par_1_27' title="bbox 2140 1209 3737 1284">
     <span class='ocr_line' id='line_1_27' title="bbox 2140 1209 3737 1284; baseline 0.001 -21"><span class='ocrx_word' id='word_1_193' title='bbox 2140 1209 2395 1282; x_wconf 87' lang='grc' dir='ltr'>σώματος</span> <span class='ocrx_word' id='word_1_194' title='bbox 2443 1212 2537 1265; x_wconf 76' lang='grc' dir='ltr'>καὶ</span> <span class='ocrx_word' id='word_1_195' title='bbox 2582 1213 2818 1284; x_wconf 87' lang='grc' dir='ltr'>φυσικὴν</span> <span class='ocrx_word' id='word_1_196' title='bbox 2872 1210 3220 1284; x_wconf 82' lang='grc' dir='ltr'><strong>συμπάθειαν</strong></span> <span class='ocrx_word' id='word_1_197' title='bbox 3265 1212 3513 1265; x_wconf 82' lang='grc' dir='ltr'>παθοῦσα</span> <span class='ocrx_word' id='word_1_198' title='bbox 3569 1214 3604 1283; x_wconf 82' lang='grc' dir='ltr'><strong>ἡ</strong></span> <span class='ocrx_word' id='word_1_199' title='bbox 3636 1211 3737 1266; x_wconf 80' lang='grc' dir='ltr'><strong>τοῦ</strong></span> 
     </span>
    </p>
   </div>
   <div class='ocr_carea' id='block_1_28' title="bbox 2139 1301 3740 1376">
    <p class='ocr_par' dir='ltr' id='par_1_28' title="bbox 2139 1301 3740 1376">
     <span class='ocr_line' id='line_1_28' title="bbox 2139 1301 3740 1376; baseline 0.001 -20"><span class='ocrx_word' id='word_1_200' title='bbox 2139 1303 2353 1375; x_wconf 80' lang='grc' dir='ltr'>Κυρίου</span> <span class='ocrx_word' id='word_1_201' title='bbox 2384 1303 2554 1374; x_wconf 75' lang='grc' dir='ltr'>ψυχὴ,</span> <span class='ocrx_word' id='word_1_202' title='bbox 2593 1302 2671 1367; x_wconf 84' lang='grc' dir='ltr'>ὡς</span> <span class='ocrx_word' id='word_1_203' title='bbox 2697 1301 2918 1374; x_wconf 82' lang='grc' dir='ltr'>ἀληθῶς</span> <span class='ocrx_word' id='word_1_204' title='bbox 2957 1302 3252 1376; x_wconf 83' lang='grc' dir='ltr'>ἀνθρώπου</span> <span class='ocrx_word' id='word_1_205' title='bbox 3279 1303 3577 1374; x_wconf 82' lang='grc' dir='ltr'>γενομένου</span> <span class='ocrx_word' id='word_1_206' title='bbox 3608 1305 3740 1357; x_wconf 83' lang='grc' dir='ltr'>κατ’</span> 
     </span>
    </p>
   </div>
   <div class='ocr_carea' id='block_1_29' title="bbox 2139 1391 3737 1470">
    <p class='ocr_par' dir='ltr' id='par_1_29' title="bbox 2139 1391 3737 1470">
     <span class='ocr_line' id='line_1_29' title="bbox 2139 1391 3737 1470; baseline 0 -20"><span class='ocrx_word' id='word_1_207' title='bbox 2139 1396 2394 1451; x_wconf 77' lang='grc' dir='ltr'><strong>εὐδοκίαν</strong></span> <span class='ocrx_word' id='word_1_208' title='bbox 2419 1394 2587 1450; x_wconf 87' lang='grc' dir='ltr'>αὐτοῦ</span> <span class='ocrx_word' id='word_1_209' title='bbox 2610 1412 2622 1425; x_wconf 88' lang='grc'><strong>·</strong></span> <span class='ocrx_word' id='word_1_210' title='bbox 2647 1391 2808 1460; x_wconf 85' lang='grc' dir='ltr'>αὖθις</span> <span class='ocrx_word' id='word_1_211' title='bbox 2825 1395 2904 1467; x_wconf 86' lang='grc' dir='ltr'><strong>τῷ</strong></span> <span class='ocrx_word' id='word_1_212' title='bbox 2929 1396 3060 1468; x_wconf 84' lang='grc' dir='ltr'>θείῳ</span> <span class='ocrx_word' id='word_1_213' title='bbox 3086 1397 3418 1470; x_wconf 82' lang='grc' dir='ltr'>νευρωθεῖσα</span> <span class='ocrx_word' id='word_1_214' title='bbox 3437 1395 3737 1468; x_wconf 74' lang='grc' dir='ltr'>θελήματι,</span> 
     </span>
    </p>
   </div>
   <div class='ocr_carea' id='block_1_30' title="bbox 2137 1488 3739 1563">
    <p class='ocr_par' dir='ltr' id='par_1_30' title="bbox 2137 1488 3739 1563">
     <span class='ocr_line' id='line_1_30' title="bbox 2137 1488 3739 1563; baseline -0.001 -19"><span class='ocrx_word' id='word_1_215' title='bbox 2137 1490 2233 1544; x_wconf 88' lang='grc' dir='ltr'><strong>τοῦ</strong></span> <span class='ocrx_word' id='word_1_216' title='bbox 2266 1489 2501 1545; x_wconf 81' lang='grc' dir='ltr'>θανάτου</span> <span class='ocrx_word' id='word_1_217' title='bbox 2546 1489 3049 1563; x_wconf 80' lang='grc' dir='ltr'>καταθαῤῥύνεται.</span> <span class='ocrx_word' id='word_1_218' title='bbox 3095 1488 3314 1561; x_wconf 80' lang='grc' dir='ltr'>Ἐπειδὴ</span> <span class='ocrx_word' id='word_1_219' title='bbox 3351 1489 3460 1561; x_wconf 80' lang='grc' dir='ltr'>γὰρ</span> <span class='ocrx_word' id='word_1_220' title='bbox 3498 1492 3529 1544; x_wconf 86' lang='grc' dir='ltr'><strong>ό</strong></span> <span class='ocrx_word' id='word_1_221' title='bbox 3567 1489 3739 1552; x_wconf 82' lang='grc' dir='ltr'>αὐτὸς</span> 
     </span>
    </p>
   </div>
   <div class='ocr_carea' id='block_1_31' title="bbox 2139 1579 3738 1655">
    <p class='ocr_par' dir='ltr' id='par_1_31' title="bbox 2139 1579 3738 1655">
     <span class='ocr_line' id='line_1_31' title="bbox 2139 1579 3738 1655; baseline -0.005 -16"><span class='ocrx_word' id='word_1_222' title='bbox 2139 1584 2258 1648; x_wconf 84' lang='grc' dir='ltr'><strong>ὅλος</strong></span> <span class='ocrx_word' id='word_1_223' title='bbox 2286 1579 2355 1655; x_wconf 77' lang='grc' dir='ltr'>ἧν</span> <span class='ocrx_word' id='word_1_224' title='bbox 2384 1583 2517 1646; x_wconf 80' lang='grc' dir='ltr'>Θεὸς</span> <span class='ocrx_word' id='word_1_225' title='bbox 2537 1583 2676 1654; x_wconf 87' lang='grc' dir='ltr'><strong>μετά</strong></span> <span class='ocrx_word' id='word_1_226' title='bbox 2691 1584 2791 1654; x_wconf 85' lang='grc' dir='ltr'>τῆς</span> <span class='ocrx_word' id='word_1_227' title='bbox 2811 1582 2908 1637; x_wconf 86' lang='grc' dir='ltr'><strong>ἀνθ</strong></span> <span class='ocrx_word' id='word_1_228' title='bbox 2919 1581 3239 1653; x_wconf 82' lang='grc' dir='ltr'>ρωπότητος</span> <span class='ocrx_word' id='word_1_229' title='bbox 3268 1580 3458 1648; x_wconf 86' lang='grc' dir='ltr'>αὐτοῦ,</span> <span class='ocrx_word' id='word_1_230' title='bbox 3487 1581 3587 1634; x_wconf 75' lang='grc' dir='ltr'>καὶ</span> <span class='ocrx_word' id='word_1_231' title='bbox 3613 1581 3738 1643; x_wconf 83' lang='grc' dir='ltr'>ὅλος</span> 
     </span>
    </p>
   </div>
   <div class='ocr_carea' id='block_1_32' title="bbox 2140 1669 3737 1746">
    <p class='ocr_par' dir='ltr' id='par_1_32' title="bbox 2140 1669 3737 1746">
     <span class='ocr_line' id='line_1_32' title="bbox 2140 1669 3737 1746; baseline -0.004 -17"><span class='ocrx_word' id='word_1_232' title='bbox 2140 1675 2430 1746; x_wconf 74' lang='grc' dir='ltr'>ἄνθρωπος</span> <span class='ocrx_word' id='word_1_233' title='bbox 2461 1675 2602 1744; x_wconf 83' lang='grc' dir='ltr'><strong>μετά</strong></span> <span class='ocrx_word' id='word_1_234' title='bbox 2631 1673 2733 1746; x_wconf 85' lang='grc' dir='ltr'>τῆς</span> <span class='ocrx_word' id='word_1_235' title='bbox 2780 1671 2948 1728; x_wconf 91' lang='grc' dir='ltr'>αὐτοῦ</span> <span class='ocrx_word' id='word_1_236' title='bbox 2997 1671 3250 1741; x_wconf 79' lang='grc' dir='ltr'><strong>θεότητος</strong></span> <span class='ocrx_word' id='word_1_237' title='bbox 3269 1712 3284 1736; x_wconf 94' lang='grc'><strong>,</strong></span> <span class='ocrx_word' id='word_1_238' title='bbox 3330 1671 3495 1734; x_wconf 84' lang='grc' dir='ltr'>αὐτὸς</span> <span class='ocrx_word' id='word_1_239' title='bbox 3525 1669 3606 1732; x_wconf 84' lang='grc' dir='ltr'>ὠς</span> <span class='ocrx_word' id='word_1_240' title='bbox 3637 1669 3737 1723; x_wconf 78' lang='grc' dir='ltr'><strong>ἆν-</strong></span> 
     </span>
    </p>
   </div>
   <div class='ocr_carea' id='block_1_33' title="bbox 2141 1761 3738 1837">
    <p class='ocr_par' dir='ltr' id='par_1_33' title="bbox 2141 1761 3738 1837">
     <span class='ocr_line' id='line_1_33' title="bbox 2141 1761 3738 1837; baseline -0.014 -16"><span class='ocrx_word' id='word_1_241' title='bbox 2141 1765 2360 1837; x_wconf 81' lang='grc' dir='ltr'>Θρωπος</span> <span class='ocrx_word' id='word_1_242' title='bbox 2391 1768 2452 1820; x_wconf 75' lang='grc' dir='ltr'>ἐν</span> <span class='ocrx_word' id='word_1_243' title='bbox 2484 1765 2666 1836; x_wconf 78' lang='grc' dir='ltr'>ἑαυτῷ</span> <span class='ocrx_word' id='word_1_244' title='bbox 2697 1764 2794 1818; x_wconf 76' lang='grc' dir='ltr'>καὶ</span> <span class='ocrx_word' id='word_1_245' title='bbox 2820 1763 2887 1818; x_wconf 84' lang='grc' dir='ltr'>δι’</span> <span class='ocrx_word' id='word_1_246' title='bbox 2919 1763 3116 1819; x_wconf 82' lang='grc' dir='ltr'>ἑαυτοῦ</span> <span class='ocrx_word' id='word_1_247' title='bbox 3151 1762 3386 1828; x_wconf 80' lang='grc' dir='ltr'>ὑπέταξε</span> <span class='ocrx_word' id='word_1_248' title='bbox 3418 1762 3480 1815; x_wconf 81' lang='grc' dir='ltr'>τὸ</span> <span class='ocrx_word' id='word_1_249' title='bbox 3516 1761 3738 1832; x_wconf 73' lang='grc' dir='ltr'>ἀνθρώ..</span> 
     </span>
    </p>
   </div>
   <div class='ocr_carea' id='block_1_34' title="bbox 453 1849 2038 1929">
    <p class='ocr_par' dir='ltr' id='par_1_34' title="bbox 453 1849 2034 1922">
     <span class='ocr_line' id='line_1_34' title="bbox 453 1849 2034 1922; baseline -0.002 -12"><span class='ocrx_word' id='word_1_250' title='bbox 453 1862 686 1910; x_wconf 86' lang='lat' dir='ltr'><strong>mortem</strong></span> <span class='ocrx_word' id='word_1_251' title='bbox 715 1854 1008 1910; x_wconf 83' lang='lat' dir='ltr'><strong>audaciam</strong></span> <span class='ocrx_word' id='word_1_252' title='bbox 1041 1851 1308 1922; x_wconf 83' lang='lat' dir='ltr'><strong>concipit.</strong></span> <span class='ocrx_word' id='word_1_253' title='bbox 1376 1849 1514 1904; x_wconf 80' lang='lat' dir='ltr'><strong>Nam</strong></span> <span class='ocrx_word' id='word_1_254' title='bbox 1569 1850 1701 1920; x_wconf 85' lang='lat' dir='ltr'><strong>quia</strong></span> <span class='ocrx_word' id='word_1_255' title='bbox 1763 1858 1820 1904; x_wconf 88' lang='lat' dir='ltr'><strong>et</strong></span> <span class='ocrx_word' id='word_1_256' title='bbox 1884 1857 2034 1907; x_wconf 85' lang='lat' dir='ltr'><strong>totus</strong></span> 
     </span>
    </p>
   </div>
   <div class='ocr_carea' id='block_1_35' title="bbox 2148 1849 3738 1929">
    <p class='ocr_par' dir='ltr' id='par_1_35' title="bbox 2148 1855 3738 1929">
     <span class='ocr_line' id='line_1_35' title="bbox 2148 1855 3738 1929; baseline -0.003 -18"><span class='ocrx_word' id='word_1_257' title='bbox 2148 1874 2301 1911; x_wconf 82' lang='grc' dir='ltr'>πινον</span> <span class='ocrx_word' id='word_1_258' title='bbox 2318 1860 2398 1928; x_wconf 85' lang='grc' dir='ltr'><strong>τῷ</strong></span> <span class='ocrx_word' id='word_1_259' title='bbox 2419 1856 2540 1928; x_wconf 84' lang='grc' dir='ltr'><strong>Θεῷ</strong></span> <span class='ocrx_word' id='word_1_260' title='bbox 2568 1859 2660 1912; x_wconf 72' lang='grc' dir='ltr'>καὶ</span> <span class='ocrx_word' id='word_1_261' title='bbox 2696 1856 2898 1929; x_wconf 69' lang='grc' dir='ltr'>Πατρὶ,</span> <span class='ocrx_word' id='word_1_262' title='bbox 2920 1855 3093 1910; x_wconf 81' lang='grc' dir='ltr'>τύπον</span> <span class='ocrx_word' id='word_1_263' title='bbox 3126 1855 3260 1926; x_wconf 75' lang='grc' dir='ltr'>ἡμῖν</span> <span class='ocrx_word' id='word_1_264' title='bbox 3291 1855 3484 1908; x_wconf 73' lang='grc' dir='ltr'>ἑαυτὸν</span> <span class='ocrx_word' id='word_1_265' title='bbox 3507 1855 3738 1924; x_wconf 76' lang='grc' dir='ltr'>ἄριστον</span> 
     </span>
    </p>
   </div>
   <div class='ocr_carea' id='block_1_36' title="bbox 457 1939 2034 2004">
    <p class='ocr_par' dir='ltr' id='par_1_36' title="bbox 457 1939 2034 2004">
     <span class='ocr_line' id='line_1_36' title="bbox 457 1939 2034 2004; baseline -0.003 -4"><span class='ocrx_word' id='word_1_266' title='bbox 457 1943 604 2000; x_wconf 89' lang='lat' dir='ltr'><strong>Deus</strong></span> <span class='ocrx_word' id='word_1_267' title='bbox 638 1952 758 2000; x_wconf 88' lang='lat' dir='ltr'><strong>erat</strong></span> <span class='ocrx_word' id='word_1_268' title='bbox 787 1957 913 1998; x_wconf 81' lang='lat' dir='ltr'><strong>cum</strong></span> <span class='ocrx_word' id='word_1_269' title='bbox 939 1955 1038 1997; x_wconf 86' lang='lat' dir='ltr'><strong>sua</strong></span> <span class='ocrx_word' id='word_1_270' title='bbox 1067 1941 1437 2004; x_wconf 74' lang='lat' dir='ltr'><strong>humanitate,</strong></span> <span class='ocrx_word' id='word_1_271' title='bbox 1469 1947 1522 1994; x_wconf 93' lang='lat' dir='ltr'><strong>et</strong></span> <span class='ocrx_word' id='word_1_272' title='bbox 1542 1946 1692 1995; x_wconf 89' lang='lat' dir='ltr'><strong>totus</strong></span> <span class='ocrx_word' id='word_1_273' title='bbox 1720 1939 1887 1995; x_wconf 83' lang='lat' dir='ltr'><strong>homo</strong></span> <span class='ocrx_word' id='word_1_274' title='bbox 1908 1955 2034 1996; x_wconf 89' lang='lat' dir='ltr'><strong>eum</strong></span> 
     </span>
    </p>
   </div>
   <div class='ocr_carea' id='block_1_37' title="bbox 459 2031 2033 2105">
    <p class='ocr_par' dir='ltr' id='par_1_37' title="bbox 459 2031 2033 2105">
     <span class='ocr_line' id='line_1_37' title="bbox 459 2031 2033 2105; baseline -0.004 -9"><span class='ocrx_word' id='word_1_275' title='bbox 459 2050 560 2096; x_wconf 84' lang='lat' dir='ltr'><strong>sua</strong></span> <span class='ocrx_word' id='word_1_276' title='bbox 595 2036 908 2102; x_wconf 80' lang='lat' dir='ltr'><strong>divinitate,</strong></span> <span class='ocrx_word' id='word_1_277' title='bbox 945 2035 1064 2105; x_wconf 87' lang='lat' dir='ltr'><strong>ipse</strong></span> <span class='ocrx_word' id='word_1_278' title='bbox 1091 2042 1350 2104; x_wconf 76' lang='lat' dir='ltr'><strong>tanquam</strong></span> <span class='ocrx_word' id='word_1_279' title='bbox 1382 2031 1551 2086; x_wconf 89' lang='lat' dir='ltr'><strong>bomo</strong></span> <span class='ocrx_word' id='word_1_280' title='bbox 1585 2031 1638 2084; x_wconf 92' lang='lat' dir='ltr'><strong>in</strong></span> <span class='ocrx_word' id='word_1_281' title='bbox 1670 2047 1730 2086; x_wconf 90' lang='lat' dir='ltr'><strong>se</strong></span> <span class='ocrx_word' id='word_1_282' title='bbox 1761 2042 1815 2086; x_wconf 89' lang='lat' dir='ltr'><strong>et</strong></span> <span class='ocrx_word' id='word_1_283' title='bbox 1849 2048 1946 2102; x_wconf 82' lang='lat' dir='ltr'><strong>per</strong></span> <span class='ocrx_word' id='word_1_284' title='bbox 1973 2048 2033 2089; x_wconf 82' lang='lat' dir='ltr'><strong>se</strong></span> 
     </span>
    </p>
   </div>
   <div class='ocr_carea' id='block_1_38' title="bbox 2142 1945 3734 2021">
    <p class='ocr_par' dir='ltr' id='par_1_38' title="bbox 2142 1945 3734 2021">
     <span class='ocr_line' id='line_1_38' title="bbox 2142 1945 3734 2021; baseline -0.002 -20"><span class='ocrx_word' id='word_1_285' title='bbox 2142 1949 2235 2002; x_wconf 78' lang='grc' dir='ltr'>καὶ</span> <span class='ocrx_word' id='word_1_286' title='bbox 2269 1950 2638 2021; x_wconf 85' lang='grc' dir='ltr'>ύπόγραμμον</span> <span class='ocrx_word' id='word_1_287' title='bbox 2663 1948 2859 2014; x_wconf 78' lang='grc' dir='ltr'>διδοὺς,</span> <span class='ocrx_word' id='word_1_288' title='bbox 2897 1947 2994 2002; x_wconf 76' lang='grc' dir='ltr'>καὶ</span> <span class='ocrx_word' id='word_1_289' title='bbox 3029 1947 3274 2018; x_wconf 80' lang='grc' dir='ltr'>ὑπήκοος</span> <span class='ocrx_word' id='word_1_290' title='bbox 3306 1947 3385 2017; x_wconf 81' lang='grc' dir='ltr'>τῷ</span> <span class='ocrx_word' id='word_1_291' title='bbox 3419 1947 3601 2018; x_wconf 77' lang='grc' dir='ltr'>Πατρὶ</span> <span class='ocrx_word' id='word_1_292' title='bbox 3637 1945 3734 2014; x_wconf 83' lang='grc' dir='ltr'><strong>γέ-</strong></span> 
     </span>
    </p>
   </div>
   <div class='ocr_carea' id='block_1_39' title="bbox 2139 2057 2316 2109">
    <p class='ocr_par' dir='ltr' id='par_1_39' title="bbox 2139 2057 2316 2109">
     <span class='ocr_line' id='line_1_39' title="bbox 2139 2057 2316 2109; baseline 0.006 -16"><span class='ocrx_word' id='word_1_293' title='bbox 2139 2057 2316 2109; x_wconf 80' lang='grc' dir='ltr'>γονεν.</span> 
     </span>
    </p>
   </div>
   <div class='ocr_carea' id='block_1_40' title="bbox 478 2122 3738 2203">
    <p class='ocr_par' dir='ltr' id='par_1_40' title="bbox 478 2122 3738 2203">
     <span class='ocr_line' id='line_1_40' title="bbox 478 2122 3738 2203; baseline 0 -20"><span class='ocrx_word' id='word_1_294' title='bbox 478 2127 514 2183; x_wconf 92' lang='lat' dir='ltr'><strong>d</strong></span> <span class='ocrx_word' id='word_1_295' title='bbox 539 2127 690 2197; x_wconf 83' lang='lat' dir='ltr'><strong>quod</strong></span> <span class='ocrx_word' id='word_1_296' title='bbox 723 2128 1027 2182; x_wconf 85' lang='lat' dir='ltr'><strong>humanum</strong></span> <span class='ocrx_word' id='word_1_297' title='bbox 1056 2131 1197 2192; x_wconf 88' lang='lat' dir='ltr'><strong>erat,</strong></span> <span class='ocrx_word' id='word_1_298' title='bbox 1231 2123 1344 2179; x_wconf 89' lang='lat' dir='ltr'><strong>Deo</strong></span> <span class='ocrx_word' id='word_1_299' title='bbox 1376 2132 1430 2180; x_wconf 88' lang='lat' dir='ltr'><strong>et</strong></span> <span class='ocrx_word' id='word_1_300' title='bbox 1463 2122 1614 2177; x_wconf 83' lang='lat' dir='ltr'><strong>Patri</strong></span> <span class='ocrx_word' id='word_1_301' title='bbox 1671 2124 1932 2194; x_wconf 77' lang='lat' dir='ltr'><strong>subjecit,</strong></span> <span class='ocrx_word' id='word_1_302' title='bbox 1968 2137 2024 2180; x_wconf 87' lang='lat' dir='ltr'><strong>et</strong></span> <span class='ocrx_word' id='word_1_303' title='bbox 2064 2127 2214 2186; x_wconf 82' lang='lat' dir='ltr'><strong>Patri</strong></span> <span class='ocrx_word' id='word_1_304' title='bbox 2246 2133 2430 2188; x_wconf 83' lang='lat' dir='ltr'><strong>lactus</strong></span> <span class='ocrx_word' id='word_1_305' title='bbox 2487 2131 2774 2200; x_wconf 86' lang='lat' dir='ltr'><strong>obediens,</strong></span> <span class='ocrx_word' id='word_1_306' title='bbox 2817 2130 3333 2203; x_wconf 61' lang='lat' dir='ltr'><strong>praestantissimum</strong></span> <span class='ocrx_word' id='word_1_307' title='bbox 3386 2145 3510 2186; x_wconf 88' lang='lat' dir='ltr'><strong>sese</strong></span> <span class='ocrx_word' id='word_1_308' title='bbox 3579 2129 3738 2185; x_wconf 70' lang='lat' dir='ltr'><strong>nobiS</strong></span> 
     </span>
    </p>
   </div>
   <div class='ocr_carea' id='block_1_41' title="bbox 456 2214 1394 2288">
    <p class='ocr_par' dir='ltr' id='par_1_41' title="bbox 456 2214 1394 2288">
     <span class='ocr_line' id='line_1_41' title="bbox 456 2214 1394 2288; baseline 0.001 -19"><span class='ocrx_word' id='word_1_309' title='bbox 456 2214 685 2275; x_wconf 75' lang='lat' dir='ltr'><strong>{ot-mam</strong></span> <span class='ocrx_word' id='word_1_310' title='bbox 715 2227 773 2273; x_wconf 91' lang='lat' dir='ltr'><strong>et</strong></span> <span class='ocrx_word' id='word_1_311' title='bbox 797 2219 1106 2288; x_wconf 81' lang='lat' dir='ltr'><strong>exemplum</strong></span> <span class='ocrx_word' id='word_1_312' title='bbox 1142 2215 1394 2288; x_wconf 68' lang='lat' dir='ltr'><strong>prazbuit.</strong></span> 
     </span>
    </p>
   </div>
   <div class='ocr_carea' id='block_1_42' title="bbox 526 2307 2040 2374">
    <p class='ocr_par' dir='ltr' id='par_1_42' title="bbox 526 2307 2040 2374">
     <span class='ocr_line' id='line_1_42' title="bbox 526 2307 2040 2374; baseline -0.001 -9"><span class='ocrx_word' id='word_1_313' title='bbox 526 2309 761 2366; x_wconf 81' lang='lat' dir='ltr'><strong>Frustra</strong></span> <span class='ocrx_word' id='word_1_314' title='bbox 813 2312 954 2366; x_wconf 78' lang='lat' dir='ltr'><strong>ratio</strong></span> <span class='ocrx_word' id='word_1_315' title='bbox 981 2313 1033 2364; x_wconf 85' lang='lat' dir='ltr'><strong>in</strong></span> <span class='ocrx_word' id='word_1_316' title='bbox 1066 2310 1298 2374; x_wconf 74' lang='lat' dir='ltr'><strong>homine,</strong></span> <span class='ocrx_word' id='word_1_317' title='bbox 1325 2309 1372 2365; x_wconf 86' lang='lat' dir='ltr'><strong>si</strong></span> <span class='ocrx_word' id='word_1_318' title='bbox 1401 2307 1536 2364; x_wconf 76' lang='lat' dir='ltr'><strong>desit</strong></span> <span class='ocrx_word' id='word_1_319' title='bbox 1572 2307 1657 2364; x_wconf 86' lang='lat' dir='ltr'><strong>illi</strong></span> <span class='ocrx_word' id='word_1_320' title='bbox 1701 2309 1942 2364; x_wconf 76' lang='lat' dir='ltr'><strong>libertas.</strong></span> <span class='ocrx_word' id='word_1_321' title='bbox 1969 2341 2040 2354; x_wconf 83' lang='lat'><strong>-</strong></span> 
     </span>
    </p>
   </div>
   <div class='ocr_carea' id='block_1_43' title="bbox 455 2401 2040 2474">
    <p class='ocr_par' dir='ltr' id='par_1_43' title="bbox 455 2401 2040 2474">
     <span class='ocr_line' id='line_1_43' title="bbox 455 2401 2040 2474; baseline -0.002 -14"><span class='ocrx_word' id='word_1_322' title='bbox 455 2404 658 2462; x_wconf 83' lang='lat' dir='ltr'><strong>Libere</strong></span> <span class='ocrx_word' id='word_1_323' title='bbox 693 2419 855 2474; x_wconf 89' lang='lat' dir='ltr'><strong>porro</strong></span> <span class='ocrx_word' id='word_1_324' title='bbox 917 2403 1137 2458; x_wconf 86' lang='lat' dir='ltr'><strong>volebat</strong></span> <span class='ocrx_word' id='word_1_325' title='bbox 1179 2409 1295 2456; x_wconf 90' lang='lat' dir='ltr'><strong>tum</strong></span> <span class='ocrx_word' id='word_1_326' title='bbox 1331 2401 1550 2466; x_wconf 65' lang='lat' dir='ltr'><strong>divinas,</strong></span> <span class='ocrx_word' id='word_1_327' title='bbox 1610 2413 1722 2455; x_wconf 90' lang='lat' dir='ltr'><strong>tum</strong></span> <span class='ocrx_word' id='word_1_328' title='bbox 1785 2402 2040 2457; x_wconf 69' lang='lat' dir='ltr'><strong>humanae</strong></span> 
     </span>
    </p>
   </div>
   <div class='ocr_carea' id='block_1_44' title="bbox 457 2492 2039 2564">
    <p class='ocr_par' dir='ltr' id='par_1_44' title="bbox 457 2492 2039 2564">
     <span class='ocr_line' id='line_1_44' title="bbox 457 2492 2039 2564; baseline -0.003 -12"><span class='ocrx_word' id='word_1_329' title='bbox 457 2499 763 2554; x_wconf 87' lang='lat' dir='ltr'><strong>voluntatis</strong></span> <span class='ocrx_word' id='word_1_330' title='bbox 794 2495 1028 2550; x_wconf 79' lang='lat' dir='ltr'><strong>ratione.</strong></span> <span class='ocrx_word' id='word_1_331' title='bbox 1061 2493 1226 2551; x_wconf 86' lang='lat' dir='ltr'><strong>Omni</strong></span> <span class='ocrx_word' id='word_1_332' title='bbox 1273 2492 1477 2564; x_wconf 82' lang='lat' dir='ltr'><strong>quippe</strong></span> <span class='ocrx_word' id='word_1_333' title='bbox 1528 2501 1738 2547; x_wconf 66' lang='lat' dir='ltr'><strong>natura:</strong></span> <span class='ocrx_word' id='word_1_334' title='bbox 1784 2494 2039 2548; x_wconf 84' lang='lat' dir='ltr'><strong>rationali</strong></span> 
     </span>
    </p>
   </div>
   <div class='ocr_carea' id='block_1_45' title="bbox 457 2585 2035 2652">
    <p class='ocr_par' dir='ltr' id='par_1_45' title="bbox 457 2585 2035 2652">
     <span class='ocr_line' id='line_1_45' title="bbox 457 2585 2035 2652; baseline 0 -10"><span class='ocrx_word' id='word_1_335' title='bbox 457 2589 630 2645; x_wconf 88' lang='lat' dir='ltr'><strong>libera</strong></span> <span class='ocrx_word' id='word_1_336' title='bbox 657 2589 916 2644; x_wconf 82' lang='lat' dir='ltr'><strong>voluntas</strong></span> <span class='ocrx_word' id='word_1_337' title='bbox 949 2601 978 2641; x_wconf 89' lang='lat' dir='ltr'><strong>a</strong></span> <span class='ocrx_word' id='word_1_338' title='bbox 1011 2596 1208 2641; x_wconf 87' lang='lat' dir='ltr'><strong>natura</strong></span> <span class='ocrx_word' id='word_1_339' title='bbox 1239 2586 1406 2641; x_wconf 88' lang='lat' dir='ltr'><strong>insita</strong></span> <span class='ocrx_word' id='word_1_340' title='bbox 1433 2592 1540 2640; x_wconf 91' lang='lat' dir='ltr'><strong>est.</strong></span> <span class='ocrx_word' id='word_1_341' title='bbox 1578 2585 1856 2652; x_wconf 85' lang='lat' dir='ltr'><strong>Quorsum</strong></span> <span class='ocrx_word' id='word_1_342' title='bbox 1889 2587 2035 2642; x_wconf 88' lang='lat' dir='ltr'><strong>enim</strong></span> 
     </span>
    </p>
   </div>
   <div class='ocr_carea' id='block_1_46' title="bbox 457 2677 2042 2751">
    <p class='ocr_par' dir='ltr' id='par_1_46' title="bbox 457 2677 2042 2751">
     <span class='ocr_line' id='line_1_46' title="bbox 457 2677 2042 2751; baseline -0.001 -16"><span class='ocrx_word' id='word_1_343' title='bbox 457 2679 662 2751; x_wconf 87' lang='lat' dir='ltr'><strong>alioqui</strong></span> <span class='ocrx_word' id='word_1_344' title='bbox 691 2688 899 2750; x_wconf 86' lang='lat' dir='ltr'><strong>partem</strong></span> <span class='ocrx_word' id='word_1_345' title='bbox 937 2679 1270 2734; x_wconf 85' lang='lat' dir='ltr'><strong>rationalem</strong></span> <span class='ocrx_word' id='word_1_346' title='bbox 1312 2677 1560 2741; x_wconf 83' lang='lat' dir='ltr'><strong>habebit,</strong></span> <span class='ocrx_word' id='word_1_347' title='bbox 1611 2678 1660 2732; x_wconf 90' lang='lat' dir='ltr'><strong>si</strong></span> <span class='ocrx_word' id='word_1_348' title='bbox 1719 2693 1828 2733; x_wconf 91' lang='lat' dir='ltr'><strong>non</strong></span> <span class='ocrx_word' id='word_1_349' title='bbox 1870 2677 2042 2734; x_wconf 85' lang='lat' dir='ltr'><strong>libere</strong></span> 
     </span>
    </p>
   </div>
   <div class='ocr_carea' id='block_1_47' title="bbox 457 2767 2036 2840">
    <p class='ocr_par' dir='ltr' id='par_1_47' title="bbox 457 2767 2036 2840">
     <span class='ocr_line' id='line_1_47' title="bbox 457 2767 2036 2840; baseline -0.001 -14"><span class='ocrx_word' id='word_1_350' title='bbox 457 2771 869 2827; x_wconf 76' lang='lat' dir='ltr'><strong>ratiocinator?</strong></span> <span class='ocrx_word' id='word_1_351' title='bbox 917 2769 1054 2823; x_wconf 81' lang='lat' dir='ltr'><strong>Nam</strong></span> <span class='ocrx_word' id='word_1_352' title='bbox 1096 2767 1406 2824; x_wconf 81' lang='lat' dir='ltr'><strong>naturalem</strong></span> <span class='ocrx_word' id='word_1_353' title='bbox 1447 2768 1670 2838; x_wconf 82' lang='lat' dir='ltr'><strong>quidem</strong></span> <span class='ocrx_word' id='word_1_354' title='bbox 1725 2770 2036 2840; x_wconf 81' lang='lat' dir='ltr'><strong>appetitum</strong></span> 
     </span>
    </p>
   </div>
   <div class='ocr_carea' id='block_1_48' title="bbox 457 2857 2042 2933">
    <p class='ocr_par' dir='ltr' id='par_1_48' title="bbox 457 2857 2042 2933">
     <span class='ocr_line' id='line_1_48' title="bbox 457 2857 2042 2933; baseline -0.003 -15"><span class='ocrx_word' id='word_1_355' title='bbox 457 2877 709 2918; x_wconf 88' lang='lat' dir='ltr'><strong>summus</strong></span> <span class='ocrx_word' id='word_1_356' title='bbox 741 2861 945 2933; x_wconf 77' lang='lat' dir='ltr'><strong>Opilex</strong></span> <span class='ocrx_word' id='word_1_357' title='bbox 989 2861 1170 2916; x_wconf 88' lang='lat' dir='ltr'><strong>brutis</strong></span> <span class='ocrx_word' id='word_1_358' title='bbox 1203 2860 1374 2914; x_wconf 83' lang='lat' dir='ltr'><strong>etiam</strong></span> <span class='ocrx_word' id='word_1_359' title='bbox 1410 2857 1630 2924; x_wconf 80' lang='lat' dir='ltr'><strong>indidit,</strong></span> <span class='ocrx_word' id='word_1_360' title='bbox 1664 2869 1778 2928; x_wconf 86' lang='lat' dir='ltr'><strong>quo</strong></span> <span class='ocrx_word' id='word_1_361' title='bbox 1826 2859 1893 2914; x_wconf 89' lang='lat' dir='ltr'><strong>ad</strong></span> <span class='ocrx_word' id='word_1_362' title='bbox 1927 2871 2042 2914; x_wconf 76' lang='lat' dir='ltr'><strong>aute</strong></span> 
     </span>
    </p>
   </div>
   <div class='ocr_carea' id='block_1_49' title="bbox 465 2951 2036 3009">
    <p class='ocr_par' dir='ltr' id='par_1_49' title="bbox 465 2951 2036 3009">
     <span class='ocr_line' id='line_1_49' title="bbox 465 2951 2036 3009; baseline -0.001 0"><span class='ocrx_word' id='word_1_363' title='bbox 465 2963 680 3009; x_wconf 62' lang='lat' dir='ltr'><strong>natura:</strong></span> <span class='ocrx_word' id='word_1_364' title='bbox 710 2954 1192 3008; x_wconf 82' lang='lat' dir='ltr'><strong>conservationem</strong></span> <span class='ocrx_word' id='word_1_365' title='bbox 1223 2955 1552 3009; x_wconf 82' lang='lat' dir='ltr'><strong>necessitate</strong></span> <span class='ocrx_word' id='word_1_366' title='bbox 1577 2951 1876 3007; x_wconf 89' lang='lat' dir='ltr'><strong>ducuntur.</strong></span> <span class='ocrx_word' id='word_1_367' title='bbox 1898 2951 2036 3008; x_wconf 88' lang='lat' dir='ltr'><strong>Cum</strong></span> 
     </span>
    </p>
   </div>
   <div class='ocr_carea' id='block_1_50' title="bbox 455 3043 2038 3112">
    <p class='ocr_par' dir='ltr' id='par_1_50' title="bbox 455 3043 2038 3112">
     <span class='ocr_line' id='line_1_50' title="bbox 455 3043 2038 3112; baseline -0.001 -12"><span class='ocrx_word' id='word_1_368' title='bbox 455 3045 606 3100; x_wconf 91' lang='lat' dir='ltr'><strong>cnim</strong></span> <span class='ocrx_word' id='word_1_369' title='bbox 642 3043 855 3098; x_wconf 86' lang='lat' dir='ltr'><strong>ratione</strong></span> <span class='ocrx_word' id='word_1_370' title='bbox 881 3049 1126 3106; x_wconf 86' lang='lat' dir='ltr'><strong>careant,</strong></span> <span class='ocrx_word' id='word_1_371' title='bbox 1169 3043 1374 3097; x_wconf 88' lang='lat' dir='ltr'><strong>ducere</strong></span> <span class='ocrx_word' id='word_1_372' title='bbox 1413 3057 1522 3096; x_wconf 90' lang='lat' dir='ltr'><strong>non</strong></span> <span class='ocrx_word' id='word_1_373' title='bbox 1563 3050 1815 3112; x_wconf 85' lang='lat' dir='ltr'><strong>possunt,</strong></span> <span class='ocrx_word' id='word_1_374' title='bbox 1846 3057 2038 3098; x_wconf 89' lang='lat' dir='ltr'><strong>verum</strong></span> 
     </span>
    </p>
   </div>
   <div class='ocr_carea' id='block_1_51' title="bbox 456 3131 2040 3204">
    <p class='ocr_par' dir='ltr' id='par_1_51' title="bbox 456 3131 2040 3204">
     <span class='ocr_line' id='line_1_51' title="bbox 456 3131 2040 3204; baseline -0.002 -13"><span class='ocrx_word' id='word_1_375' title='bbox 456 3135 698 3192; x_wconf 86' lang='lat' dir='ltr'><strong>naturali</strong></span> <span class='ocrx_word' id='word_1_376' title='bbox 727 3133 1011 3189; x_wconf 86' lang='lat' dir='ltr'><strong>ducuntur</strong></span> <span class='ocrx_word' id='word_1_377' title='bbox 1036 3134 1304 3204; x_wconf 85' lang='lat' dir='ltr'><strong>appetitu.</strong></span> <span class='ocrx_word' id='word_1_378' title='bbox 1363 3131 1442 3186; x_wconf 77' lang='lat' dir='ltr'><strong>Ex</strong></span> <span class='ocrx_word' id='word_1_379' title='bbox 1501 3148 1612 3204; x_wconf 91' lang='lat' dir='ltr'><strong>quo</strong></span> <span class='ocrx_word' id='word_1_380' title='bbox 1647 3133 1725 3198; x_wconf 88' lang='lat' dir='ltr'><strong>llt,</strong></span> <span class='ocrx_word' id='word_1_381' title='bbox 1783 3141 1840 3188; x_wconf 91' lang='lat' dir='ltr'><strong>ut</strong></span> <span class='ocrx_word' id='word_1_382' title='bbox 1875 3134 2040 3189; x_wconf 86' lang='lat' dir='ltr'><strong>simul</strong></span> 
     </span>
    </p>
   </div>
   <div class='ocr_carea' id='block_1_52' title="bbox 2214 2307 3735 2385">
    <p class='ocr_par' dir='ltr' id='par_1_52' title="bbox 2214 2307 3735 2385">
     <span class='ocr_line' id='line_1_52' title="bbox 2214 2307 3735 2385; baseline -0.001 -20"><span class='ocrx_word' id='word_1_383' title='bbox 2214 2311 2597 2375; x_wconf 74' lang='grc' dir='ltr'>Λύτεεουσίως</span> <span class='ocrx_word' id='word_1_384' title='bbox 2652 2310 2710 2365; x_wconf 76' lang='grc' dir='ltr'>δὲ</span> <span class='ocrx_word' id='word_1_385' title='bbox 2753 2309 2913 2383; x_wconf 71' lang='grc' dir='ltr'>ἧθελε</span> <span class='ocrx_word' id='word_1_386' title='bbox 2956 2309 3036 2380; x_wconf 83' lang='grc' dir='ltr'>τῷ</span> <span class='ocrx_word' id='word_1_387' title='bbox 3093 2307 3225 2380; x_wconf 85' lang='grc' dir='ltr'>θείῳ</span> <span class='ocrx_word' id='word_1_388' title='bbox 3269 2309 3365 2362; x_wconf 83' lang='grc' dir='ltr'>καὶ</span> <span class='ocrx_word' id='word_1_389' title='bbox 3403 2310 3735 2385; x_wconf 78' lang='grc' dir='ltr'>ἀνθρωπίνῳ</span> 
     </span>
    </p>
   </div>
   <div class='ocr_carea' id='block_1_53' title="bbox 2142 2400 3734 2474">
    <p class='ocr_par' dir='ltr' id='par_1_53' title="bbox 2142 2400 3734 2474">
     <span class='ocr_line' id='line_1_53' title="bbox 2142 2400 3734 2474; baseline 0.002 -18"><span class='ocrx_word' id='word_1_390' title='bbox 2142 2401 2429 2472; x_wconf 84' lang='grc' dir='ltr'>θελήματι.</span> <span class='ocrx_word' id='word_1_391' title='bbox 2461 2403 2619 2474; x_wconf 86' lang='grc' dir='ltr'>ΙΙάσῃ</span> <span class='ocrx_word' id='word_1_392' title='bbox 2642 2402 2750 2474; x_wconf 83' lang='grc' dir='ltr'>γὰρ</span> <span class='ocrx_word' id='word_1_393' title='bbox 2787 2402 2980 2472; x_wconf 83' lang='grc' dir='ltr'>λογικῇ</span> <span class='ocrx_word' id='word_1_394' title='bbox 3014 2400 3174 2471; x_wconf 85' lang='grc' dir='ltr'>φύσει</span> <span class='ocrx_word' id='word_1_395' title='bbox 3201 2401 3418 2465; x_wconf 85' lang='grc' dir='ltr'>πάντως</span> <span class='ocrx_word' id='word_1_396' title='bbox 3440 2404 3734 2474; x_wconf 78' lang='grc' dir='ltr'>ἐμπέφυκε</span> 
     </span>
    </p>
   </div>
   <div class='ocr_carea' id='block_1_54' title="bbox 2139 2494 3732 2573">
    <p class='ocr_par' dir='ltr' id='par_1_54' title="bbox 2139 2494 3732 2573">
     <span class='ocr_line' id='line_1_54' title="bbox 2139 2494 3732 2573; baseline 0.006 -27"><span class='ocrx_word' id='word_1_397' title='bbox 2139 2494 2202 2547; x_wconf 79' lang='grc' dir='ltr'>τὸ</span> <span class='ocrx_word' id='word_1_398' title='bbox 2233 2494 2584 2561; x_wconf 74' lang='grc' dir='ltr'>αὐτεξούσιον</span> <span class='ocrx_word' id='word_1_399' title='bbox 2633 2496 2866 2570; x_wconf 85' lang='grc' dir='ltr'>θέλημα.</span> <span class='ocrx_word' id='word_1_400' title='bbox 2899 2497 2995 2564; x_wconf 66' lang='lat' dir='ltr'><strong>El;</strong></span> <span class='ocrx_word' id='word_1_401' title='bbox 3029 2501 3082 2554; x_wconf 87' lang='grc' dir='ltr'><strong>τί</strong></span> <span class='ocrx_word' id='word_1_402' title='bbox 3106 2501 3216 2573; x_wconf 77' lang='grc' dir='ltr'><strong>γὰρ</strong></span> <span class='ocrx_word' id='word_1_403' title='bbox 3253 2501 3363 2567; x_wconf 75' lang='grc' dir='ltr'>ἕξει</span> <span class='ocrx_word' id='word_1_404' title='bbox 3392 2503 3455 2556; x_wconf 84' lang='grc' dir='ltr'>τὸ</span> <span class='ocrx_word' id='word_1_405' title='bbox 3487 2503 3732 2573; x_wconf 80' lang='grc' dir='ltr'>λογικὸν,</span> 
     </span>
    </p>
   </div>
   <div class='ocr_carea' id='block_1_55' title="bbox 2144 2585 3733 2666">
    <p class='ocr_par' dir='ltr' id='par_1_55' title="bbox 2144 2585 3733 2666">
     <span class='ocr_line' id='line_1_55' title="bbox 2144 2585 3733 2666; baseline 0.008 -29"><span class='ocrx_word' id='word_1_406' title='bbox 2144 2585 2219 2656; x_wconf 75' lang='grc' dir='ltr'>μὴ</span> <span class='ocrx_word' id='word_1_407' title='bbox 2257 2585 2626 2653; x_wconf 80' lang='grc' dir='ltr'>αὐτεξουσίως</span> <span class='ocrx_word' id='word_1_408' title='bbox 2675 2587 3032 2660; x_wconf 72' lang='grc' dir='ltr'>λογιζομένης</span> <span class='ocrx_word' id='word_1_409' title='bbox 3089 2591 3189 2662; x_wconf 83' lang='grc' dir='ltr'>τὴν</span> <span class='ocrx_word' id='word_1_410' title='bbox 3219 2592 3317 2664; x_wconf 81' lang='grc' dir='ltr'>μὲν</span> <span class='ocrx_word' id='word_1_411' title='bbox 3351 2594 3462 2665; x_wconf 81' lang='grc' dir='ltr'><strong>γὰρ</strong></span> <span class='ocrx_word' id='word_1_412' title='bbox 3491 2595 3733 2666; x_wconf 73' lang='grc' dir='ltr'>φυσικὴν</span> 
     </span>
    </p>
   </div>
   <div class='ocr_carea' id='block_1_56' title="bbox 2137 2673 3766 2759">
    <p class='ocr_par' dir='ltr' id='par_1_56' title="bbox 2137 2673 3766 2759">
     <span class='ocr_line' id='line_1_56' title="bbox 2137 2673 3766 2759; baseline 0.008 -31"><span class='ocrx_word' id='word_1_413' title='bbox 2137 2673 2318 2747; x_wconf 75' lang='grc' dir='ltr'>ὄρεξιν</span> <span class='ocrx_word' id='word_1_414' title='bbox 2337 2676 2432 2730; x_wconf 76' lang='grc' dir='ltr'>καὶ</span> <span class='ocrx_word' id='word_1_415' title='bbox 2458 2681 2572 2742; x_wconf 81' lang='grc' dir='ltr'>τοῖς</span> <span class='ocrx_word' id='word_1_416' title='bbox 2597 2679 2816 2748; x_wconf 77' lang='grc' dir='ltr'>ἀλόγοις</span> <span class='ocrx_word' id='word_1_417' title='bbox 2847 2680 3006 2747; x_wconf 81' lang='grc' dir='ltr'>ζώοις</span> <span class='ocrx_word' id='word_1_418' title='bbox 3024 2685 3052 2737; x_wconf 83' lang='grc' dir='ltr'><em>ὁ</em></span> <span class='ocrx_word' id='word_1_419' title='bbox 3073 2685 3412 2756; x_wconf 81' lang='grc' dir='ltr'>Δημιουργὺς</span> <span class='ocrx_word' id='word_1_420' title='bbox 3445 2686 3732 2759; x_wconf 81' lang='grc' dir='ltr'>ἑνέσπειρε</span> <span class='ocrx_word' id='word_1_421' title='bbox 3761 2707 3766 2709; x_wconf 90' lang='grc'>·</span> 
     </span>
    </p>
   </div>
   <div class='ocr_carea' id='block_1_57' title="bbox 2139 2766 3734 2844">
    <p class='ocr_par' dir='ltr' id='par_1_57' title="bbox 2139 2766 3734 2844">
     <span class='ocr_line' id='line_1_57' title="bbox 2139 2766 3734 2844; baseline 0.006 -26"><span class='ocrx_word' id='word_1_422' title='bbox 2139 2766 2278 2837; x_wconf 68' lang='grc' dir='ltr'>πρὸς</span> <span class='ocrx_word' id='word_1_423' title='bbox 2331 2766 2592 2821; x_wconf 85' lang='grc' dir='ltr'>σύστασιν</span> <span class='ocrx_word' id='word_1_424' title='bbox 2637 2770 2741 2840; x_wconf 83' lang='grc' dir='ltr'>τῆς</span> <span class='ocrx_word' id='word_1_425' title='bbox 2795 2770 3004 2835; x_wconf 78' lang='grc' dir='ltr'>οἰκείας</span> <span class='ocrx_word' id='word_1_426' title='bbox 3040 2772 3256 2840; x_wconf 88' lang='grc' dir='ltr'>φύσεως</span> <span class='ocrx_word' id='word_1_427' title='bbox 3299 2773 3734 2844; x_wconf 73' lang='grc' dir='ltr'>ἡναγκασμένως</span> 
     </span>
    </p>
   </div>
   <div class='ocr_carea' id='block_1_58' title="bbox 2138 2860 3733 2935">
    <p class='ocr_par' dir='ltr' id='par_1_58' title="bbox 2138 2860 3733 2935">
     <span class='ocr_line' id='line_1_58' title="bbox 2138 2860 3733 2935; baseline 0.003 -21"><span class='ocrx_word' id='word_1_428' title='bbox 2138 2860 2276 2914; x_wconf 89' lang='grc' dir='ltr'><strong>αὐτά</strong></span> <span class='ocrx_word' id='word_1_429' title='bbox 2303 2860 2566 2929; x_wconf 78' lang='grc' dir='ltr'>ἄγουσαν.</span> <span class='ocrx_word' id='word_1_430' title='bbox 2603 2861 2781 2930; x_wconf 84' lang='grc' dir='ltr'>Λόγου</span> <span class='ocrx_word' id='word_1_431' title='bbox 2821 2862 2932 2935; x_wconf 79' lang='grc' dir='ltr'>γὰρ</span> <span class='ocrx_word' id='word_1_432' title='bbox 2965 2863 3306 2935; x_wconf 80' lang='grc' dir='ltr'>ἀμοιροῦντα</span> <span class='ocrx_word' id='word_1_433' title='bbox 3339 2875 3362 2904; x_wconf 80' lang='grc' dir='ltr'><strong>ο</strong></span> <span class='ocrx_word' id='word_1_434' title='bbox 3403 2865 3464 2918; x_wconf 90' lang='grc' dir='ltr'><strong>οὐ</strong></span> <span class='ocrx_word' id='word_1_435' title='bbox 3504 2864 3733 2920; x_wconf 82' lang='grc' dir='ltr'>δύναται</span> 
     </span>
    </p>
   </div>
   <div class='ocr_carea' id='block_1_59' title="bbox 2142 2952 3735 3026">
    <p class='ocr_par' dir='ltr' id='par_1_59' title="bbox 2142 2952 3735 3026">
     <span class='ocr_line' id='line_1_59' title="bbox 2142 2952 3735 3026; baseline 0.001 -19"><span class='ocrx_word' id='word_1_436' title='bbox 2142 2952 2318 3022; x_wconf 77' lang='grc' dir='ltr'>ἄγειν,</span> <span class='ocrx_word' id='word_1_437' title='bbox 2368 2952 2484 3006; x_wconf 81' lang='grc' dir='ltr'>ἀλλ’</span> <span class='ocrx_word' id='word_1_438' title='bbox 2514 2953 2709 3022; x_wconf 74' lang='grc' dir='ltr'>ἄγεται</span> <span class='ocrx_word' id='word_1_439' title='bbox 2740 2954 2846 3007; x_wconf 88' lang='grc' dir='ltr'><strong>ύπδ</strong></span> <span class='ocrx_word' id='word_1_440' title='bbox 2874 2955 2973 3025; x_wconf 83' lang='grc' dir='ltr'><strong>τῆς</strong></span> <span class='ocrx_word' id='word_1_441' title='bbox 3006 2957 3245 3026; x_wconf 83' lang='grc' dir='ltr'>φυσικῆς</span> <span class='ocrx_word' id='word_1_442' title='bbox 3265 2955 3518 3026; x_wconf 73' lang='grc' dir='ltr'>ὀρέξεως.</span> <span class='ocrx_word' id='word_1_443' title='bbox 3564 2956 3735 3010; x_wconf 86' lang='grc' dir='ltr'>Ὅθεν</span> 
     </span>
    </p>
   </div>
   <div class='ocr_carea' id='block_1_60' title="bbox 2145 3042 3735 3120">
    <p class='ocr_par' dir='ltr' id='par_1_60' title="bbox 2145 3042 3735 3120">
     <span class='ocr_line' id='line_1_60' title="bbox 2145 3042 3735 3120; baseline 0.002 -21"><span class='ocrx_word' id='word_1_444' title='bbox 2145 3042 2262 3112; x_wconf 66' lang='grc' dir='ltr'>ἅμα</span> <span class='ocrx_word' id='word_1_445' title='bbox 2300 3046 2334 3115; x_wconf 79' lang='grc' dir='ltr'><strong>ἡ</strong></span> <span class='ocrx_word' id='word_1_446' title='bbox 2369 3043 2550 3114; x_wconf 76' lang='grc' dir='ltr'>θρεξις</span> <span class='ocrx_word' id='word_1_447' title='bbox 2580 3045 2828 3116; x_wconf 73' lang='grc' dir='ltr'>γένηται,</span> <span class='ocrx_word' id='word_1_448' title='bbox 2859 3046 3063 3111; x_wconf 81' lang='grc' dir='ltr'>εὐθέως</span> <span class='ocrx_word' id='word_1_449' title='bbox 3093 3049 3188 3101; x_wconf 78' lang='grc' dir='ltr'>καὶ</span> <span class='ocrx_word' id='word_1_450' title='bbox 3231 3051 3264 3119; x_wconf 80' lang='grc' dir='ltr'><strong>ή</strong></span> <span class='ocrx_word' id='word_1_451' title='bbox 3297 3049 3432 3120; x_wconf 70' lang='grc' dir='ltr'>πρὸς</span> <span class='ocrx_word' id='word_1_452' title='bbox 3460 3049 3560 3120; x_wconf 74' lang='grc' dir='ltr'>τὴν</span> <span class='ocrx_word' id='word_1_453' title='bbox 3591 3052 3735 3120; x_wconf 75' lang='grc' dir='ltr'>πρᾶ-</span> 
     </span>
    </p>
   </div>
   <div class='ocr_carea' id='block_1_61' title="bbox 2149 3133 3732 3211">
    <p class='ocr_par' dir='ltr' id='par_1_61' title="bbox 2149 3133 3732 3211">
     <span class='ocr_line' id='line_1_61' title="bbox 2149 3133 3732 3211; baseline 0.004 -24"><span class='ocrx_word' id='word_1_454' title='bbox 2149 3133 2228 3198; x_wconf 80' lang='grc' dir='ltr'>ξιν</span> <span class='ocrx_word' id='word_1_455' title='bbox 2249 3135 2394 3206; x_wconf 82' lang='grc' dir='ltr'>ὁρμή</span> <span class='ocrx_word' id='word_1_456' title='bbox 2418 3151 2431 3168; x_wconf 80' lang='grc' dir='ltr'><strong>ο</strong></span> <span class='ocrx_word' id='word_1_457' title='bbox 2463 3136 2526 3188; x_wconf 81' lang='grc' dir='ltr'><strong>οὐ</strong></span> <span class='ocrx_word' id='word_1_458' title='bbox 2561 3136 2670 3207; x_wconf 72' lang='grc' dir='ltr'>γὰρ</span> <span class='ocrx_word' id='word_1_459' title='bbox 2697 3135 2862 3208; x_wconf 83' lang='grc' dir='ltr'>λόγῳ,</span> <span class='ocrx_word' id='word_1_460' title='bbox 2893 3136 2926 3208; x_wconf 79' lang='grc' dir='ltr'>ἢ</span> <span class='ocrx_word' id='word_1_461' title='bbox 2955 3136 3140 3209; x_wconf 75' lang='grc' dir='ltr'>βουλῇ,</span> <span class='ocrx_word' id='word_1_462' title='bbox 3173 3137 3206 3209; x_wconf 85' lang='grc' dir='ltr'>ἢ</span> <span class='ocrx_word' id='word_1_463' title='bbox 3244 3139 3455 3208; x_wconf 74' lang='grc' dir='ltr'>σκέψει,</span> <span class='ocrx_word' id='word_1_464' title='bbox 3487 3139 3520 3211; x_wconf 72' lang='grc' dir='ltr'>ἦ</span> <span class='ocrx_word' id='word_1_465' title='bbox 3551 3139 3732 3210; x_wconf 85' lang='grc' dir='ltr'>κρίσει</span> 
     </span>
    </p>
   </div>
   <div class='ocr_carea' id='block_1_62' title="bbox 455 3215 2038 3299">
    <p class='ocr_par' dir='ltr' id='par_1_62' title="bbox 455 3222 2036 3296">
     <span class='ocr_line' id='line_1_62' title="bbox 455 3222 2036 3296; baseline -0.002 -16"><span class='ocrx_word' id='word_1_466' title='bbox 455 3232 628 3296; x_wconf 84' lang='lat' dir='ltr'><strong>atque</strong></span> <span class='ocrx_word' id='word_1_467' title='bbox 667 3223 941 3294; x_wconf 81' lang='lat' dir='ltr'><strong>appetitus</strong></span> <span class='ocrx_word' id='word_1_468' title='bbox 972 3222 1173 3289; x_wconf 87' lang='lat' dir='ltr'><strong>oritur,</strong></span> <span class='ocrx_word' id='word_1_469' title='bbox 1207 3223 1392 3280; x_wconf 86' lang='lat' dir='ltr'><strong>statim</strong></span> <span class='ocrx_word' id='word_1_470' title='bbox 1426 3223 1496 3277; x_wconf 84' lang='lat' dir='ltr'><strong>ad</strong></span> <span class='ocrx_word' id='word_1_471' title='bbox 1539 3223 1810 3295; x_wconf 78' lang='lat' dir='ltr'><strong>agendum</strong></span> <span class='ocrx_word' id='word_1_472' title='bbox 1853 3223 2036 3295; x_wconf 85' lang='lat' dir='ltr'><strong>prosi-</strong></span> 
     </span>
    </p>
   </div>
   <div class='ocr_carea' id='block_1_63' title="bbox 2148 3215 3732 3299">
    <p class='ocr_par' dir='ltr' id='par_1_63' title="bbox 2148 3224 3732 3299">
     <span class='ocr_line' id='line_1_63' title="bbox 2148 3224 3732 3299; baseline 0.002 -19"><span class='ocrx_word' id='word_1_473' title='bbox 2148 3225 2434 3298; x_wconf 81' lang='grc' dir='ltr'>κέχρηται.</span> <span class='ocrx_word' id='word_1_474' title='bbox 2468 3225 2630 3280; x_wconf 82' lang='grc' dir='ltr'>Ὅθεν</span> <span class='ocrx_word' id='word_1_475' title='bbox 2651 3226 2776 3280; x_wconf 82' lang='grc' dir='ltr'>οὔτε</span> <span class='ocrx_word' id='word_1_476' title='bbox 2805 3228 2881 3291; x_wconf 79' lang='grc' dir='ltr'>ὡς</span> <span class='ocrx_word' id='word_1_477' title='bbox 2901 3227 3100 3299; x_wconf 80' lang='grc' dir='ltr'>ἀρετὴν</span> <span class='ocrx_word' id='word_1_478' title='bbox 3125 3230 3378 3299; x_wconf 79' lang='grc' dir='ltr'>μετιόντα</span> <span class='ocrx_word' id='word_1_479' title='bbox 3407 3224 3732 3296; x_wconf 75' lang='grc' dir='ltr'>ἐπαινεῖται,</span> 
     </span>
    </p>
   </div>
   <div class='ocr_carea' id='block_1_64' title="bbox 457 3314 2044 3387">
    <p class='ocr_par' dir='ltr' id='par_1_64' title="bbox 457 3314 2044 3387">
     <span class='ocr_line' id='line_1_64' title="bbox 457 3314 2044 3387; baseline 0 -16"><span class='ocrx_word' id='word_1_480' title='bbox 457 3317 617 3372; x_wconf 87' lang='lat' dir='ltr'><strong>liant.</strong></span> <span class='ocrx_word' id='word_1_481' title='bbox 649 3315 840 3387; x_wconf 78' lang='lat' dir='ltr'><strong>Neque</strong></span> <span class='ocrx_word' id='word_1_482' title='bbox 863 3316 1011 3372; x_wconf 90' lang='lat' dir='ltr'><strong>enim</strong></span> <span class='ocrx_word' id='word_1_483' title='bbox 1039 3315 1258 3370; x_wconf 84' lang='lat' dir='ltr'><strong>ratione</strong></span> <span class='ocrx_word' id='word_1_484' title='bbox 1281 3322 1379 3370; x_wconf 89' lang='lat' dir='ltr'><strong>aut</strong></span> <span class='ocrx_word' id='word_1_485' title='bbox 1410 3314 1669 3382; x_wconf 90' lang='lat' dir='ltr'><strong>consilio,</strong></span> <span class='ocrx_word' id='word_1_486' title='bbox 1695 3321 1793 3370; x_wconf 86' lang='lat' dir='ltr'><strong>aut</strong></span> <span class='ocrx_word' id='word_1_487' title='bbox 1851 3314 2044 3371; x_wconf 82' lang='lat' dir='ltr'><strong>consi-</strong></span> 
     </span>
    </p>
   </div>
   <div class='ocr_carea' id='block_1_65' title="bbox 455 3406 2043 3478">
    <p class='ocr_par' dir='ltr' id='par_1_65' title="bbox 455 3406 2043 3478">
     <span class='ocr_line' id='line_1_65' title="bbox 455 3406 2043 3478; baseline 0 -15"><span class='ocrx_word' id='word_1_488' title='bbox 455 3409 765 3476; x_wconf 71' lang='lat' dir='ltr'><strong>iteratione,</strong></span> <span class='ocrx_word' id='word_1_489' title='bbox 816 3417 911 3464; x_wconf 86' lang='lat' dir='ltr'><strong>aut</strong></span> <span class='ocrx_word' id='word_1_490' title='bbox 957 3408 1169 3478; x_wconf 80' lang='lat' dir='ltr'><strong>judicio</strong></span> <span class='ocrx_word' id='word_1_491' title='bbox 1227 3414 1479 3462; x_wconf 83' lang='lat' dir='ltr'><strong>utuntur.</strong></span> <span class='ocrx_word' id='word_1_492' title='bbox 1538 3407 1618 3463; x_wconf 83' lang='lat' dir='ltr'><strong>Ac</strong></span> <span class='ocrx_word' id='word_1_493' title='bbox 1663 3406 1898 3478; x_wconf 86' lang='lat' dir='ltr'><strong>proinde</strong></span> <span class='ocrx_word' id='word_1_494' title='bbox 1937 3421 2043 3463; x_wconf 88' lang='lat' dir='ltr'><strong>nec</strong></span> 
     </span>
    </p>
   </div>
   <div class='ocr_carea' id='block_1_66' title="bbox 456 3499 2043 3564">
    <p class='ocr_par' dir='ltr' id='par_1_66' title="bbox 456 3499 2043 3564">
     <span class='ocr_line' id='line_1_66' title="bbox 456 3499 2043 3564; baseline -0.002 -9"><span class='ocrx_word' id='word_1_495' title='bbox 456 3501 611 3556; x_wconf 90' lang='lat' dir='ltr'><strong>velut</strong></span> <span class='ocrx_word' id='word_1_496' title='bbox 634 3501 826 3558; x_wconf 88' lang='lat' dir='ltr'><strong>virtuti</strong></span> <span class='ocrx_word' id='word_1_497' title='bbox 853 3499 1136 3556; x_wconf 87' lang='lat' dir='ltr'><strong>studentia</strong></span> <span class='ocrx_word' id='word_1_498' title='bbox 1172 3499 1498 3564; x_wconf 84' lang='lat' dir='ltr'><strong>laudantur,</strong></span> <span class='ocrx_word' id='word_1_499' title='bbox 1529 3513 1596 3554; x_wconf 88' lang='lat' dir='ltr'><strong>ac</strong></span> <span class='ocrx_word' id='word_1_500' title='bbox 1630 3499 1789 3554; x_wconf 87' lang='lat' dir='ltr'><strong>beata</strong></span> <span class='ocrx_word' id='word_1_501' title='bbox 1813 3513 2043 3554; x_wconf 87' lang='lat' dir='ltr'><strong>censen-</strong></span> 
     </span>
    </p>
   </div>
   <div class='ocr_carea' id='block_1_67' title="bbox 457 3588 2045 3661">
    <p class='ocr_par' dir='ltr' id='par_1_67' title="bbox 457 3588 2045 3661">
     <span class='ocr_line' id='line_1_67' title="bbox 457 3588 2045 3661; baseline -0.002 -16"><span class='ocrx_word' id='word_1_502' title='bbox 457 3599 594 3659; x_wconf 88' lang='lat' dir='ltr'><strong>tur;</strong></span> <span class='ocrx_word' id='word_1_503' title='bbox 628 3605 732 3646; x_wconf 88' lang='lat' dir='ltr'><strong>nee</strong></span> <span class='ocrx_word' id='word_1_504' title='bbox 769 3601 1032 3661; x_wconf 85' lang='lat' dir='ltr'><strong>tanquam</strong></span> <span class='ocrx_word' id='word_1_505' title='bbox 1063 3589 1271 3645; x_wconf 86' lang='lat' dir='ltr'><strong>malum</strong></span> <span class='ocrx_word' id='word_1_506' title='bbox 1306 3589 1526 3660; x_wconf 72' lang='lat' dir='ltr'><strong>agentia</strong></span> <span class='ocrx_word' id='word_1_507' title='bbox 1559 3589 1896 3661; x_wconf 88' lang='lat' dir='ltr'><strong>plectuntur.</strong></span> <span class='ocrx_word' id='word_1_508' title='bbox 1935 3588 2045 3644; x_wconf 80' lang='lat' dir='ltr'><strong>Na-</strong></span> 
     </span>
    </p>
   </div>
   <div class='ocr_carea' id='block_1_68' title="bbox 460 3681 2044 3752">
    <p class='ocr_par' dir='ltr' id='par_1_68' title="bbox 460 3681 2044 3752">
     <span class='ocr_line' id='line_1_68' title="bbox 460 3681 2044 3752; baseline -0.001 -16"><span class='ocrx_word' id='word_1_509' title='bbox 460 3695 580 3738; x_wconf 87' lang='lat' dir='ltr'><strong>tura</strong></span> <span class='ocrx_word' id='word_1_510' title='bbox 618 3697 750 3738; x_wconf 87' lang='lat' dir='ltr'><strong>vero</strong></span> <span class='ocrx_word' id='word_1_511' title='bbox 781 3681 1068 3738; x_wconf 74' lang='lat' dir='ltr'><strong>rationalis</strong></span> <span class='ocrx_word' id='word_1_512' title='bbox 1119 3682 1282 3738; x_wconf 80' lang='lat' dir='ltr'><strong>liabet</strong></span> <span class='ocrx_word' id='word_1_513' title='bbox 1313 3681 1538 3752; x_wconf 90' lang='lat' dir='ltr'><strong>quidem</strong></span> <span class='ocrx_word' id='word_1_514' title='bbox 1589 3682 1896 3737; x_wconf 86' lang='lat' dir='ltr'><strong>naturalem</strong></span> <span class='ocrx_word' id='word_1_515' title='bbox 1944 3695 2044 3750; x_wconf 88' lang='lat' dir='ltr'><strong>ap-</strong></span> 
     </span>
    </p>
   </div>
   <div class='ocr_carea' id='block_1_69' title="bbox 457 3771 2038 3844">
    <p class='ocr_par' dir='ltr' id='par_1_69' title="bbox 457 3771 2038 3844">
     <span class='ocr_line' id='line_1_69' title="bbox 457 3771 2038 3844; baseline -0.001 -16"><span class='ocrx_word' id='word_1_516' title='bbox 457 3775 715 3843; x_wconf 87' lang='lat' dir='ltr'><strong>petitum,</strong></span> <span class='ocrx_word' id='word_1_517' title='bbox 740 3774 834 3844; x_wconf 90' lang='lat' dir='ltr'><strong>qui</strong></span> <span class='ocrx_word' id='word_1_518' title='bbox 859 3782 1192 3841; x_wconf 80' lang='lat' dir='ltr'><strong>moveatur;</strong></span> <span class='ocrx_word' id='word_1_519' title='bbox 1232 3771 1506 3843; x_wconf 77' lang='lat' dir='ltr'><strong>ejusmodi</strong></span> <span class='ocrx_word' id='word_1_520' title='bbox 1557 3782 1762 3837; x_wconf 89' lang='lat' dir='ltr'><strong>tamen,</strong></span> <span class='ocrx_word' id='word_1_521' title='bbox 1796 3779 1855 3826; x_wconf 90' lang='lat' dir='ltr'><strong>ut</strong></span> <span class='ocrx_word' id='word_1_522' title='bbox 1891 3771 1943 3826; x_wconf 89' lang='lat' dir='ltr'><strong>in</strong></span> <span class='ocrx_word' id='word_1_523' title='bbox 1969 3771 2038 3827; x_wconf 88' lang='lat' dir='ltr'><strong>iis</strong></span> 
     </span>
    </p>
   </div>
   <div class='ocr_carea' id='block_1_70' title="bbox 455 3866 2036 3938">
    <p class='ocr_par' dir='ltr' id='par_1_70' title="bbox 455 3866 2036 3938">
     <span class='ocr_line' id='line_1_70' title="bbox 455 3866 2036 3938; baseline -0.001 -20"><span class='ocrx_word' id='word_1_524' title='bbox 455 3879 580 3938; x_wconf 71' lang='lat' dir='ltr'><strong>quae</strong></span> <span class='ocrx_word' id='word_1_525' title='bbox 613 3875 830 3922; x_wconf 72' lang='lat' dir='ltr'><strong>natura:</strong></span> <span class='ocrx_word' id='word_1_526' title='bbox 865 3875 1293 3922; x_wconf 87' lang='lat' dir='ltr'><strong>consentaneam</strong></span> <span class='ocrx_word' id='word_1_527' title='bbox 1343 3866 1730 3922; x_wconf 82' lang='lat' dir='ltr'><strong>rectitudinem</strong></span> <span class='ocrx_word' id='word_1_528' title='bbox 1783 3871 2036 3930; x_wconf 80' lang='lat' dir='ltr'><strong>servant,</strong></span> 
     </span>
    </p>
   </div>
   <div class='ocr_carea' id='block_1_71' title="bbox 457 3953 2038 4028">
    <p class='ocr_par' dir='ltr' id='par_1_71' title="bbox 457 3953 2038 4028">
     <span class='ocr_line' id='line_1_71' title="bbox 457 3953 2038 4028; baseline -0.001 -18"><span class='ocrx_word' id='word_1_529' title='bbox 457 3971 489 4010; x_wconf 88' lang='lat' dir='ltr'><strong>a</strong></span> <span class='ocrx_word' id='word_1_530' title='bbox 514 3957 726 4011; x_wconf 88' lang='lat' dir='ltr'><strong>ratione</strong></span> <span class='ocrx_word' id='word_1_531' title='bbox 746 3957 1084 4028; x_wconf 79' lang='lat' dir='ltr'><strong>gubernetur</strong></span> <span class='ocrx_word' id='word_1_532' title='bbox 1111 3970 1174 4011; x_wconf 85' lang='lat' dir='ltr'><strong>ac</strong></span> <span class='ocrx_word' id='word_1_533' title='bbox 1201 3963 1588 4026; x_wconf 87' lang='lat' dir='ltr'><strong>componatur.</strong></span> <span class='ocrx_word' id='word_1_534' title='bbox 1615 3953 1869 4010; x_wconf 85' lang='lat' dir='ltr'><strong>Rationis</strong></span> <span class='ocrx_word' id='word_1_535' title='bbox 1891 3954 2038 4009; x_wconf 89' lang='lat' dir='ltr'><strong>enim</strong></span> 
     </span>
    </p>
   </div>
   <div class='ocr_carea' id='block_1_72' title="bbox 2140 3316 3734 3392">
    <p class='ocr_par' dir='ltr' id='par_1_72' title="bbox 2140 3316 3734 3392">
     <span class='ocr_line' id='line_1_72' title="bbox 2140 3316 3734 3392; baseline 0.002 -20"><span class='ocrx_word' id='word_1_536' title='bbox 2140 3318 2237 3372; x_wconf 77' lang='grc' dir='ltr'>καὶ</span> <span class='ocrx_word' id='word_1_537' title='bbox 2270 3316 2661 3389; x_wconf 81' lang='grc' dir='ltr'>μακαρίζεται,</span> <span class='ocrx_word' id='word_1_538' title='bbox 2715 3316 2842 3371; x_wconf 81' lang='grc' dir='ltr'>οὐτε</span> <span class='ocrx_word' id='word_1_539' title='bbox 2883 3317 2962 3382; x_wconf 84' lang='grc' dir='ltr'><strong>ὡς</strong></span> <span class='ocrx_word' id='word_1_540' title='bbox 2991 3318 3189 3374; x_wconf 86' lang='grc' dir='ltr'>κακίαν</span> <span class='ocrx_word' id='word_1_541' title='bbox 3219 3321 3528 3392; x_wconf 81' lang='grc' dir='ltr'>πράττοντα</span> <span class='ocrx_word' id='word_1_542' title='bbox 3566 3321 3734 3376; x_wconf 74' lang='grc' dir='ltr'>κολά-</span> 
     </span>
    </p>
   </div>
   <div class='ocr_carea' id='block_1_73' title="bbox 2140 3406 3738 3485">
    <p class='ocr_par' dir='ltr' id='par_1_73' title="bbox 2140 3406 3738 3485">
     <span class='ocr_line' id='line_1_73' title="bbox 2140 3406 3738 3485; baseline 0.004 -25"><span class='ocrx_word' id='word_1_543' title='bbox 2140 3407 2315 3473; x_wconf 79' lang='grc' dir='ltr'>ζεται.</span> <span class='ocrx_word' id='word_1_544' title='bbox 2350 3406 2413 3462; x_wconf 86' lang='lat' dir='ltr'><strong>&#39;H</strong></span> <span class='ocrx_word' id='word_1_545' title='bbox 2443 3408 2498 3462; x_wconf 79' lang='grc' dir='ltr'>δὲ</span> <span class='ocrx_word' id='word_1_546' title='bbox 2528 3408 2722 3481; x_wconf 82' lang='grc' dir='ltr'>λογικὴ</span> <span class='ocrx_word' id='word_1_547' title='bbox 2757 3408 2922 3479; x_wconf 82' lang='grc' dir='ltr'>φύσις</span> <span class='ocrx_word' id='word_1_548' title='bbox 2945 3409 3062 3480; x_wconf 71' lang='grc' dir='ltr'>ἔχει</span> <span class='ocrx_word' id='word_1_549' title='bbox 3096 3411 3194 3480; x_wconf 80' lang='grc' dir='ltr'>μὲν</span> <span class='ocrx_word' id='word_1_550' title='bbox 3229 3412 3326 3482; x_wconf 85' lang='grc' dir='ltr'>τὴν</span> <span class='ocrx_word' id='word_1_551' title='bbox 3357 3413 3594 3484; x_wconf 80' lang='grc' dir='ltr'>φυσικὴν</span> <span class='ocrx_word' id='word_1_552' title='bbox 3615 3412 3738 3485; x_wconf 77' lang='grc' dir='ltr'>δρε-</span> 
     </span>
    </p>
   </div>
   <div class='ocr_carea' id='block_1_74' title="bbox 2139 3497 3739 3574">
    <p class='ocr_par' dir='ltr' id='par_1_74' title="bbox 2139 3497 3739 3574">
     <span class='ocr_line' id='line_1_74' title="bbox 2139 3497 3739 3574; baseline 0.004 -23"><span class='ocrx_word' id='word_1_553' title='bbox 2139 3497 2223 3566; x_wconf 80' lang='grc' dir='ltr'><strong>ξιν</strong></span> <span class='ocrx_word' id='word_1_554' title='bbox 2252 3499 2608 3570; x_wconf 76' lang='grc' dir='ltr'>κινουμένην,</span> <span class='ocrx_word' id='word_1_555' title='bbox 2657 3499 2762 3553; x_wconf 83' lang='grc' dir='ltr'><strong>ὑπὸ</strong></span> <span class='ocrx_word' id='word_1_556' title='bbox 2794 3501 2851 3554; x_wconf 78' lang='grc' dir='ltr'>δὲ</span> <span class='ocrx_word' id='word_1_557' title='bbox 2889 3499 2984 3554; x_wconf 87' lang='grc' dir='ltr'><strong>τοῦ</strong></span> <span class='ocrx_word' id='word_1_558' title='bbox 3014 3502 3190 3570; x_wconf 84' lang='grc' dir='ltr'>Λόγου</span> <span class='ocrx_word' id='word_1_559' title='bbox 3230 3503 3506 3574; x_wconf 76' lang='grc' dir='ltr'>ἀγομένην</span> <span class='ocrx_word' id='word_1_560' title='bbox 3539 3521 3600 3557; x_wconf 87' lang='grc' dir='ltr'><strong>τε</strong></span> <span class='ocrx_word' id='word_1_561' title='bbox 3634 3505 3739 3559; x_wconf 76' lang='grc' dir='ltr'>καὶ</span> 
     </span>
    </p>
   </div>
   <div class='ocr_carea' id='block_1_75' title="bbox 2143 3589 3736 3663">
    <p class='ocr_par' dir='ltr' id='par_1_75' title="bbox 2143 3589 3736 3663">
     <span class='ocr_line' id='line_1_75' title="bbox 2143 3589 3736 3663; baseline 0.003 -19"><span class='ocrx_word' id='word_1_562' title='bbox 2143 3589 2554 3662; x_wconf 80' lang='grc' dir='ltr'>ρυθμιζομένην</span> <span class='ocrx_word' id='word_1_563' title='bbox 2583 3592 2676 3646; x_wconf 66' lang='grc' dir='ltr'><strong>ἐπὶ</strong></span> <span class='ocrx_word' id='word_1_564' title='bbox 2700 3591 2810 3646; x_wconf 86' lang='grc' dir='ltr'><strong>τῶν</strong></span> <span class='ocrx_word' id='word_1_565' title='bbox 2840 3593 3226 3663; x_wconf 83' lang='grc' dir='ltr'>φυλασσόντων</span> <span class='ocrx_word' id='word_1_566' title='bbox 3254 3595 3315 3648; x_wconf 80' lang='grc' dir='ltr'>τὸ</span> <span class='ocrx_word' id='word_1_567' title='bbox 3347 3596 3488 3648; x_wconf 83' lang='grc' dir='ltr'><strong>κατά</strong></span> <span class='ocrx_word' id='word_1_568' title='bbox 3526 3595 3697 3663; x_wconf 79' lang='grc' dir='ltr'>φύσιν</span> <span class='ocrx_word' id='word_1_569' title='bbox 3721 3615 3736 3628; x_wconf 87' lang='grc'><strong>·</strong></span> 
     </span>
    </p>
   </div>
   <div class='ocr_carea' id='block_1_76' title="bbox 2139 3670 3706 3757">
    <p class='ocr_par' dir='ltr' id='par_1_76' title="bbox 2139 3670 3706 3757">
     <span class='ocr_line' id='line_1_76' title="bbox 2139 3670 3706 3757; baseline 0.003 -21"><span class='ocrx_word' id='word_1_570' title='bbox 2139 3680 2233 3736; x_wconf 81' lang='grc' dir='ltr'><strong>τοῦ</strong></span> <span class='ocrx_word' id='word_1_571' title='bbox 2268 3683 2377 3754; x_wconf 74' lang='grc' dir='ltr'>γὰρ</span> <span class='ocrx_word' id='word_1_572' title='bbox 2411 3683 2588 3752; x_wconf 84' lang='grc' dir='ltr'>Λόγου</span> <span class='ocrx_word' id='word_1_573' title='bbox 2621 3670 2951 3757; x_wconf 69' lang='grc' dir='ltr'>προτέρήμα</span> <span class='ocrx_word' id='word_1_574' title='bbox 2989 3683 3148 3740; x_wconf 85' lang='grc' dir='ltr'>τοῦτό</span> <span class='ocrx_word' id='word_1_575' title='bbox 3187 3687 3356 3749; x_wconf 77' lang='grc' dir='ltr'>ἐστιν,</span> <span class='ocrx_word' id='word_1_576' title='bbox 3399 3688 3433 3756; x_wconf 79' lang='grc' dir='ltr'><strong>ἡ</strong></span> <span class='ocrx_word' id='word_1_577' title='bbox 3473 3687 3706 3754; x_wconf 78' lang='grc' dir='ltr'>αὐτεξού</span> 
     </span>
    </p>
   </div>
   <div class='ocr_carea' id='block_1_77' title="bbox 2147 3771 3738 3846">
    <p class='ocr_par' dir='ltr' id='par_1_77' title="bbox 2147 3771 3738 3846">
     <span class='ocr_line' id='line_1_77' title="bbox 2147 3771 3738 3846; baseline 0.003 -21"><span class='ocrx_word' id='word_1_578' title='bbox 2147 3788 2264 3833; x_wconf 85' lang='grc' dir='ltr'>σιος</span> <span class='ocrx_word' id='word_1_579' title='bbox 2301 3771 2540 3841; x_wconf 76' lang='grc' dir='ltr'>θέλησις,</span> <span class='ocrx_word' id='word_1_580' title='bbox 2571 3773 2766 3845; x_wconf 74' lang='grc' dir='ltr'>ἥντινα</span> <span class='ocrx_word' id='word_1_581' title='bbox 2814 3774 3054 3845; x_wconf 66' lang='grc' dir='ltr'>φυσικὴν</span> <span class='ocrx_word' id='word_1_582' title='bbox 3085 3776 3143 3828; x_wconf 76' lang='grc' dir='ltr'>ὲν</span> <span class='ocrx_word' id='word_1_583' title='bbox 3180 3774 3260 3844; x_wconf 83' lang='grc' dir='ltr'>τῷ</span> <span class='ocrx_word' id='word_1_584' title='bbox 3289 3775 3494 3846; x_wconf 85' lang='grc' dir='ltr'>λογικῷ</span> <span class='ocrx_word' id='word_1_585' title='bbox 3549 3793 3738 3846; x_wconf 82' lang='grc' dir='ltr'>φαμεν</span> 
     </span>
    </p>
   </div>
   <div class='ocr_carea' id='block_1_78' title="bbox 2146 3861 3740 3936">
    <p class='ocr_par' dir='ltr' id='par_1_78' title="bbox 2146 3861 3740 3936">
     <span class='ocr_line' id='line_1_78' title="bbox 2146 3861 3740 3936; baseline 0.003 -20"><span class='ocrx_word' id='word_1_586' title='bbox 2146 3861 2397 3935; x_wconf 74' lang='grc' dir='ltr'>κίνησινο</span> <span class='ocrx_word' id='word_1_587' title='bbox 2425 3862 2508 3916; x_wconf 79' lang='grc' dir='ltr'>διὸ</span> <span class='ocrx_word' id='word_1_588' title='bbox 2531 3865 2627 3917; x_wconf 81' lang='grc' dir='ltr'>καὶ</span> <span class='ocrx_word' id='word_1_589' title='bbox 2655 3863 2730 3927; x_wconf 81' lang='grc' dir='ltr'><strong>ὡς</strong></span> <span class='ocrx_word' id='word_1_590' title='bbox 2755 3864 2959 3936; x_wconf 76' lang='grc' dir='ltr'>ἀρετὴν</span> <span class='ocrx_word' id='word_1_591' title='bbox 2997 3864 3258 3936; x_wconf 83' lang='grc' dir='ltr'>μετιοῦσα</span> <span class='ocrx_word' id='word_1_592' title='bbox 3297 3867 3604 3920; x_wconf 78' lang='grc' dir='ltr'>ἐπαινεῖται</span> <span class='ocrx_word' id='word_1_593' title='bbox 3635 3868 3740 3921; x_wconf 81' lang='grc' dir='ltr'>καὶ</span> 
     </span>
    </p>
   </div>
   <div class='ocr_carea' id='block_1_79' title="bbox 2151 3953 3661 4026">
    <p class='ocr_par' dir='ltr' id='par_1_79' title="bbox 2151 3953 3661 4026">
     <span class='ocr_line' id='line_1_79' title="bbox 2151 3953 3661 4026; baseline 0.001 -18"><span class='ocrx_word' id='word_1_594' title='bbox 2151 3953 2542 4026; x_wconf 78' lang='grc' dir='ltr'>μακαρίζεται,</span> <span class='ocrx_word' id='word_1_595' title='bbox 2585 3955 2681 4008; x_wconf 69' lang='grc' dir='ltr'>καὶ</span> <span class='ocrx_word' id='word_1_596' title='bbox 2704 3955 2779 4018; x_wconf 84' lang='grc' dir='ltr'>ὼς</span> <span class='ocrx_word' id='word_1_597' title='bbox 2810 3954 3014 4008; x_wconf 85' lang='grc' dir='ltr'>κακίαν</span> <span class='ocrx_word' id='word_1_598' title='bbox 3053 3955 3318 4025; x_wconf 85' lang='grc' dir='ltr'>μετιοῦσα</span> <span class='ocrx_word' id='word_1_599' title='bbox 3345 3953 3661 4019; x_wconf 76' lang='grc' dir='ltr'>κολάζεται.</span> 
     </span>
    </p>
   </div>
   <div class='ocr_carea' id='block_1_80' title="bbox 461 4046 3740 4122">
    <p class='ocr_par' dir='ltr' id='par_1_80' title="bbox 461 4046 3740 4122">
     <span class='ocr_line' id='line_1_80' title="bbox 461 4046 3740 4122; baseline -0 -18"><span class='ocrx_word' id='word_1_600' title='bbox 461 4050 826 4122; x_wconf 58' lang='lat' dir='ltr'><strong>praecellentia</strong></span> <span class='ocrx_word' id='word_1_601' title='bbox 855 4050 973 4105; x_wconf 67' lang='lat' dir='ltr'><strong>haec</strong></span> <span class='ocrx_word' id='word_1_602' title='bbox 1001 4055 1109 4116; x_wconf 88' lang='lat' dir='ltr'><strong>est,</strong></span> <span class='ocrx_word' id='word_1_603' title='bbox 1153 4048 1344 4104; x_wconf 69' lang='lat' dir='ltr'><strong>libera:</strong></span> <span class='ocrx_word' id='word_1_604' title='bbox 1397 4047 1684 4119; x_wconf 88' lang='lat' dir='ltr'><strong>potestatis</strong></span> <span class='ocrx_word' id='word_1_605' title='bbox 1718 4047 2014 4102; x_wconf 85' lang='lat' dir='ltr'><strong>voluntas:</strong></span> <span class='ocrx_word' id='word_1_606' title='bbox 2054 4061 2218 4116; x_wconf 90' lang='lat' dir='ltr'><strong>quam</strong></span> <span class='ocrx_word' id='word_1_607' title='bbox 2249 4047 2469 4117; x_wconf 88' lang='lat' dir='ltr'><strong>quidem</strong></span> <span class='ocrx_word' id='word_1_608' title='bbox 2499 4046 2804 4103; x_wconf 85' lang='lat' dir='ltr'><strong>naturalem</strong></span> <span class='ocrx_word' id='word_1_609' title='bbox 2849 4057 3059 4102; x_wconf 88' lang='lat' dir='ltr'><strong>motum</strong></span> <span class='ocrx_word' id='word_1_610' title='bbox 3125 4048 3182 4103; x_wconf 92' lang='lat' dir='ltr'><strong>in</strong></span> <span class='ocrx_word' id='word_1_611' title='bbox 3268 4049 3574 4105; x_wconf 87' lang='lat' dir='ltr'><strong>substantia</strong></span> <span class='ocrx_word' id='word_1_612' title='bbox 3645 4063 3740 4102; x_wconf 79' lang='lat' dir='ltr'><strong>ra-</strong></span> 
     </span>
    </p>
   </div>
   <div class='ocr_carea' id='block_1_81' title="bbox 457 4137 3733 4212">
    <p class='ocr_par' dir='ltr' id='par_1_81' title="bbox 457 4137 3733 4212">
     <span class='ocr_line' id='line_1_81' title="bbox 457 4137 3733 4212; baseline -0.002 -10"><span class='ocrx_word' id='word_1_613' title='bbox 457 4147 648 4202; x_wconf 88' lang='lat' dir='ltr'><strong>tionali</strong></span> <span class='ocrx_word' id='word_1_614' title='bbox 685 4145 942 4201; x_wconf 85' lang='lat' dir='ltr'><strong>dicimus.</strong></span> <span class='ocrx_word' id='word_1_615' title='bbox 987 4141 1172 4212; x_wconf 87' lang='lat' dir='ltr'><strong>anue</strong></span> <span class='ocrx_word' id='word_1_616' title='bbox 1207 4139 1276 4195; x_wconf 90' lang='lat' dir='ltr'><strong>de</strong></span> <span class='ocrx_word' id='word_1_617' title='bbox 1315 4155 1482 4196; x_wconf 88' lang='lat' dir='ltr'><strong>causa</strong></span> <span class='ocrx_word' id='word_1_618' title='bbox 1525 4147 1580 4196; x_wconf 91' lang='lat' dir='ltr'><strong>et</strong></span> <span class='ocrx_word' id='word_1_619' title='bbox 1611 4154 1736 4194; x_wconf 90' lang='lat' dir='ltr'><strong>cum</strong></span> <span class='ocrx_word' id='word_1_620' title='bbox 1781 4139 2034 4196; x_wconf 88' lang='lat' dir='ltr'><strong>virtutem</strong></span> <span class='ocrx_word' id='word_1_621' title='bbox 2067 4137 2226 4206; x_wconf 91' lang='lat' dir='ltr'><strong>colit,</strong></span> <span class='ocrx_word' id='word_1_622' title='bbox 2255 4139 2472 4196; x_wconf 85' lang='lat' dir='ltr'><strong>laudem</strong></span> <span class='ocrx_word' id='word_1_623' title='bbox 2495 4139 2726 4204; x_wconf 86' lang='lat' dir='ltr'><strong>obtinet,</strong></span> <span class='ocrx_word' id='word_1_624' title='bbox 2773 4153 2836 4194; x_wconf 86' lang='lat' dir='ltr'><strong>ac</strong></span> <span class='ocrx_word' id='word_1_625' title='bbox 2869 4139 3024 4194; x_wconf 89' lang='lat' dir='ltr'><strong>beata</strong></span> <span class='ocrx_word' id='word_1_626' title='bbox 3049 4139 3422 4209; x_wconf 68' lang='lat' dir='ltr'><strong>praedicatur;</strong></span> <span class='ocrx_word' id='word_1_627' title='bbox 3491 4152 3546 4195; x_wconf 92' lang='lat' dir='ltr'><strong>et</strong></span> <span class='ocrx_word' id='word_1_628' title='bbox 3603 4154 3733 4194; x_wconf 80' lang='lat' dir='ltr'><strong>cum</strong></span> 
     </span>
    </p>
   </div>
   <div class='ocr_carea' id='block_1_82' title="bbox 458 4235 1158 4306">
    <p class='ocr_par' dir='ltr' id='par_1_82' title="bbox 458 4235 1158 4306">
     <span class='ocr_line' id='line_1_82' title="bbox 458 4235 1158 4306; baseline -0.014 -8"><span class='ocrx_word' id='word_1_629' title='bbox 458 4257 518 4298; x_wconf 88' lang='lat' dir='ltr'><strong>se</strong></span> <span class='ocrx_word' id='word_1_630' title='bbox 542 4241 672 4296; x_wconf 88' lang='lat' dir='ltr'><strong>vitio</strong></span> <span class='ocrx_word' id='word_1_631' title='bbox 705 4239 876 4300; x_wconf 88' lang='lat' dir='ltr'><strong>dedit,</strong></span> <span class='ocrx_word' id='word_1_632' title='bbox 911 4235 1158 4306; x_wconf 89' lang='lat' dir='ltr'><strong>punitur.</strong></span> 
     </span>
    </p>
   </div>
   <div class='ocr_carea' id='block_1_83' title="bbox 533 4324 2040 4388">
    <p class='ocr_par' dir='ltr' id='par_1_83' title="bbox 533 4324 2040 4388">
     <span class='ocr_line' id='line_1_83' title="bbox 533 4324 2040 4388; baseline -0.007 0"><span class='ocrx_word' id='word_1_633' title='bbox 533 4333 744 4388; x_wconf 77' lang='lat' dir='ltr'><strong>Divina:</strong></span> <span class='ocrx_word' id='word_1_634' title='bbox 772 4339 820 4384; x_wconf 86' lang='lat' dir='ltr'><strong>et</strong></span> <span class='ocrx_word' id='word_1_635' title='bbox 845 4329 1094 4383; x_wconf 74' lang='lat' dir='ltr'><strong>humana:</strong></span> <span class='ocrx_word' id='word_1_636' title='bbox 1127 4327 1417 4382; x_wconf 77' lang='lat' dir='ltr'><strong>voluntatis</strong></span> <span class='ocrx_word' id='word_1_637' title='bbox 1441 4325 1733 4380; x_wconf 81' lang='lat' dir='ltr'><strong>discrimen</strong></span> <span class='ocrx_word' id='word_1_638' title='bbox 1769 4326 1826 4379; x_wconf 85' lang='lat' dir='ltr'><strong>in</strong></span> <span class='ocrx_word' id='word_1_639' title='bbox 1879 4324 2040 4381; x_wconf 80' lang='lat' dir='ltr'><strong>Chri-</strong></span> 
     </span>
    </p>
   </div>
   <div class='ocr_carea' id='block_1_84' title="bbox 458 4413 2044 4489">
    <p class='ocr_par' dir='ltr' id='par_1_84' title="bbox 458 4413 2044 4489">
     <span class='ocr_line' id='line_1_84' title="bbox 458 4413 2044 4489; baseline -0.004 -11"><span class='ocrx_word' id='word_1_640' title='bbox 458 4432 562 4478; x_wconf 80' lang='lat' dir='ltr'><strong>sto.</strong></span> <span class='ocrx_word' id='word_1_641' title='bbox 585 4449 658 4462; x_wconf 89' lang='lat'><strong>--</strong></span> <span class='ocrx_word' id='word_1_642' title='bbox 688 4422 830 4489; x_wconf 78' lang='lat' dir='ltr'><strong>Ergo</strong></span> <span class='ocrx_word' id='word_1_643' title='bbox 844 4418 889 4452; x_wconf 79' lang='lat'>&quot;</span> <span class='ocrx_word' id='word_1_644' title='bbox 929 4416 1150 4471; x_wconf 87' lang='lat' dir='ltr'><strong>volebat</strong></span> <span class='ocrx_word' id='word_1_645' title='bbox 1177 4415 1398 4486; x_wconf 85' lang='lat' dir='ltr'><strong>quidem</strong></span> <span class='ocrx_word' id='word_1_646' title='bbox 1431 4413 1650 4470; x_wconf 87' lang='lat' dir='ltr'><strong>Domini</strong></span> <span class='ocrx_word' id='word_1_647' title='bbox 1671 4414 2044 4472; x_wconf 84' lang='lat' dir='ltr'><strong>animalibero</strong></span> 
     </span>
    </p>
   </div>
   <div class='ocr_carea' id='block_1_85' title="bbox 456 4504 2042 4578">
    <p class='ocr_par' dir='ltr' id='par_1_85' title="bbox 456 4504 2042 4578">
     <span class='ocr_line' id='line_1_85' title="bbox 456 4504 2042 4578; baseline -0.008 -8"><span class='ocrx_word' id='word_1_648' title='bbox 456 4516 718 4578; x_wconf 77' lang='lat' dir='ltr'><strong>excitata,</strong></span> <span class='ocrx_word' id='word_1_649' title='bbox 755 4509 850 4566; x_wconf 89' lang='lat' dir='ltr'><strong>sed</strong></span> <span class='ocrx_word' id='word_1_650' title='bbox 891 4523 957 4564; x_wconf 89' lang='lat' dir='ltr'><strong>ea</strong></span> <span class='ocrx_word' id='word_1_651' title='bbox 980 4507 1149 4562; x_wconf 89' lang='lat' dir='ltr'><strong>libere</strong></span> <span class='ocrx_word' id='word_1_652' title='bbox 1177 4505 1396 4561; x_wconf 90' lang='lat' dir='ltr'><strong>demum</strong></span> <span class='ocrx_word' id='word_1_653' title='bbox 1437 4504 1674 4571; x_wconf 72' lang='lat' dir='ltr'><strong>valebat,</strong></span> <span class='ocrx_word' id='word_1_654' title='bbox 1709 4520 1832 4576; x_wconf 78' lang='lat' dir='ltr'><strong>quae</strong></span> <span class='ocrx_word' id='word_1_655' title='bbox 1857 4504 2042 4559; x_wconf 89' lang='lat' dir='ltr'><strong>divina</strong></span> 
     </span>
    </p>
   </div>
   <div class='ocr_carea' id='block_1_86' title="bbox 459 4595 2042 4675">
    <p class='ocr_par' dir='ltr' id='par_1_86' title="bbox 459 4595 2042 4675">
     <span class='ocr_line' id='line_1_86' title="bbox 459 4595 2042 4675; baseline -0.004 -17"><span class='ocrx_word' id='word_1_656' title='bbox 459 4603 635 4675; x_wconf 87' lang='lat' dir='ltr'><strong>ipsius</strong></span> <span class='ocrx_word' id='word_1_657' title='bbox 663 4600 921 4656; x_wconf 79' lang='lat' dir='ltr'><strong>voluntas</strong></span> <span class='ocrx_word' id='word_1_658' title='bbox 949 4597 1089 4654; x_wconf 88' lang='lat' dir='ltr'><strong>velle</strong></span> <span class='ocrx_word' id='word_1_659' title='bbox 1116 4612 1236 4652; x_wconf 85' lang='lat' dir='ltr'><strong>eam</strong></span> <span class='ocrx_word' id='word_1_660' title='bbox 1271 4598 1513 4652; x_wconf 84' lang='lat' dir='ltr'><strong>volebat.</strong></span> <span class='ocrx_word' id='word_1_661' title='bbox 1542 4595 1664 4651; x_wconf 84' lang='lat' dir='ltr'><strong>Non</strong></span> <span class='ocrx_word' id='word_1_662' title='bbox 1693 4597 1841 4652; x_wconf 90' lang='lat' dir='ltr'><strong>enim</strong></span> <span class='ocrx_word' id='word_1_663' title='bbox 1878 4595 2042 4652; x_wconf 80' lang='lat' dir='ltr'><strong>Verbi</strong></span> 
     </span>
    </p>
   </div>
   <div class='ocr_carea' id='block_1_87' title="bbox 459 4688 2040 4758">
    <p class='ocr_par' dir='ltr' id='par_1_87' title="bbox 459 4688 2040 4758">
     <span class='ocr_line' id='line_1_87' title="bbox 459 4688 2040 4758; baseline -0.004 -8"><span class='ocrx_word' id='word_1_664' title='bbox 459 4703 598 4750; x_wconf 92' lang='lat' dir='ltr'><strong>nutu</strong></span> <span class='ocrx_word' id='word_1_665' title='bbox 632 4708 762 4748; x_wconf 88' lang='lat' dir='ltr'><strong>caro</strong></span> <span class='ocrx_word' id='word_1_666' title='bbox 794 4692 1151 4755; x_wconf 79' lang='lat' dir='ltr'><strong>movebatur,</strong></span> <span class='ocrx_word' id='word_1_667' title='bbox 1195 4688 1358 4758; x_wconf 75' lang='lat' dir='ltr'><strong>juxta</strong></span> <span class='ocrx_word' id='word_1_668' title='bbox 1409 4703 1474 4743; x_wconf 85' lang='lat' dir='ltr'><strong>ac</strong></span> <span class='ocrx_word' id='word_1_669' title='bbox 1520 4688 1702 4744; x_wconf 72' lang='lat' dir='ltr'><strong>Moses</strong></span> <span class='ocrx_word' id='word_1_670' title='bbox 1753 4699 1808 4744; x_wconf 88' lang='lat' dir='ltr'><strong>et</strong></span> <span class='ocrx_word' id='word_1_671' title='bbox 1860 4689 2040 4744; x_wconf 87' lang='lat' dir='ltr'><strong>sancti</strong></span> 
     </span>
    </p>
   </div>
   <div class='ocr_carea' id='block_1_88' title="bbox 441 4779 2039 4852">
    <p class='ocr_par' dir='ltr' id='par_1_88' title="bbox 441 4779 2039 4852">
     <span class='ocr_line' id='line_1_88' title="bbox 441 4779 2039 4852; baseline -0.003 -11"><span class='ocrx_word' id='word_1_672' title='bbox 441 4801 650 4842; x_wconf 85' lang='lat' dir='ltr'><strong>omnes</strong></span> <span class='ocrx_word' id='word_1_673' title='bbox 682 4785 872 4840; x_wconf 92' lang='lat' dir='ltr'><strong>divino</strong></span> <span class='ocrx_word' id='word_1_674' title='bbox 896 4791 1035 4838; x_wconf 84' lang='lat' dir='ltr'><strong>nutu</strong></span> <span class='ocrx_word' id='word_1_675' title='bbox 1069 4779 1475 4837; x_wconf 80' lang='lat' dir='ltr'><strong>movebantur:</strong></span> <span class='ocrx_word' id='word_1_676' title='bbox 1507 4797 1694 4837; x_wconf 89' lang='lat' dir='ltr'><strong>verum</strong></span> <span class='ocrx_word' id='word_1_677' title='bbox 1727 4781 1868 4837; x_wconf 89' lang='lat' dir='ltr'><strong>idem</strong></span> <span class='ocrx_word' id='word_1_678' title='bbox 1901 4781 2039 4852; x_wconf 86' lang='lat' dir='ltr'><strong>ipse,</strong></span> 
     </span>
    </p>
   </div>
   <div class='ocr_carea' id='block_1_89' title="bbox 457 4874 2038 4942">
    <p class='ocr_par' dir='ltr' id='par_1_89' title="bbox 457 4874 2038 4942">
     <span class='ocr_line' id='line_1_89' title="bbox 457 4874 2038 4942; baseline -0.002 -7"><span class='ocrx_word' id='word_1_679' title='bbox 457 4894 582 4935; x_wconf 88' lang='lat' dir='ltr'><strong>cum</strong></span> <span class='ocrx_word' id='word_1_680' title='bbox 615 4887 670 4934; x_wconf 89' lang='lat' dir='ltr'><strong>ct</strong></span> <span class='ocrx_word' id='word_1_681' title='bbox 703 4875 849 4932; x_wconf 88' lang='lat' dir='ltr'><strong>Deus</strong></span> <span class='ocrx_word' id='word_1_682' title='bbox 879 4884 935 4932; x_wconf 85' lang='lat' dir='ltr'><strong>et</strong></span> <span class='ocrx_word' id='word_1_683' title='bbox 965 4876 1131 4930; x_wconf 87' lang='lat' dir='ltr'><strong>homo</strong></span> <span class='ocrx_word' id='word_1_684' title='bbox 1161 4881 1340 4936; x_wconf 83' lang='lat' dir='ltr'><strong>esset,</strong></span> <span class='ocrx_word' id='word_1_685' title='bbox 1377 4883 1491 4930; x_wconf 89' lang='lat' dir='ltr'><strong>tum</strong></span> <span class='ocrx_word' id='word_1_686' title='bbox 1527 4874 1752 4942; x_wconf 88' lang='lat' dir='ltr'><strong>divina,</strong></span> <span class='ocrx_word' id='word_1_687' title='bbox 1788 4883 1902 4931; x_wconf 87' lang='lat' dir='ltr'><strong>tum</strong></span> <span class='ocrx_word' id='word_1_688' title='bbox 1935 4878 2038 4932; x_wconf 82' lang='lat' dir='ltr'><strong>hu-</strong></span> 
     </span>
    </p>
   </div>
   <div class='ocr_carea' id='block_1_90' title="bbox 458 4951 2042 5025">
    <p class='ocr_par' dir='ltr' id='par_1_90' title="bbox 458 4951 2042 5025">
     <span class='ocr_line' id='line_1_90' title="bbox 458 4951 2042 5025; baseline -0.001 -1"><span class='ocrx_word' id='word_1_689' title='bbox 458 4986 621 5025; x_wconf 85' lang='lat' dir='ltr'><strong>mana</strong></span> <span class='ocrx_word' id='word_1_690' title='bbox 649 4969 932 5025; x_wconf 79' lang='lat' dir='ltr'><strong>voluntate</strong></span> <span class='ocrx_word' id='word_1_691' title='bbox 958 4969 1199 5022; x_wconf 88' lang='lat' dir='ltr'><strong>volebat.</strong></span> <span class='ocrx_word' id='word_1_692' title='bbox 1229 4965 1319 5023; x_wconf 77' lang='grc' dir='ltr'>οι)</span> <span class='ocrx_word' id='word_1_693' title='bbox 1347 4981 1468 5023; x_wconf 86' lang='lat' dir='ltr'><strong>eam</strong></span> <span class='ocrx_word' id='word_1_694' title='bbox 1505 4951 1733 5024; x_wconf 51' lang='lat' dir='ltr'><strong>causam</strong></span> <span class='ocrx_word' id='word_1_695' title='bbox 1766 4983 1876 5024; x_wconf 91' lang='lat' dir='ltr'><strong>non</strong></span> <span class='ocrx_word' id='word_1_696' title='bbox 1908 4983 2042 5024; x_wconf 87' lang='lat' dir='ltr'><strong>con-</strong></span> 
     </span>
    </p>
   </div>
   <div class='ocr_carea' id='block_1_91' title="bbox 457 5060 2041 5131">
    <p class='ocr_par' dir='ltr' id='par_1_91' title="bbox 457 5060 2041 5131">
     <span class='ocr_line' id='line_1_91' title="bbox 457 5060 2041 5131; baseline -0.003 -11"><span class='ocrx_word' id='word_1_697' title='bbox 457 5065 584 5120; x_wconf 88' lang='lat' dir='ltr'><strong>silio</strong></span> <span class='ocrx_word' id='word_1_698' title='bbox 618 5079 683 5119; x_wconf 89' lang='lat' dir='ltr'><strong>ac</strong></span> <span class='ocrx_word' id='word_1_699' title='bbox 721 5061 1039 5126; x_wconf 88' lang='lat' dir='ltr'><strong>sententia,</strong></span> <span class='ocrx_word' id='word_1_700' title='bbox 1080 5060 1176 5116; x_wconf 92' lang='lat' dir='ltr'><strong>sed</strong></span> <span class='ocrx_word' id='word_1_701' title='bbox 1215 5060 1490 5115; x_wconf 83' lang='lat' dir='ltr'><strong>naturalis</strong></span> <span class='ocrx_word' id='word_1_702' title='bbox 1532 5061 1716 5131; x_wconf 90' lang='lat' dir='ltr'><strong>potius</strong></span> <span class='ocrx_word' id='word_1_703' title='bbox 1753 5060 2041 5116; x_wconf 81' lang='lat' dir='ltr'><strong>facultatis</strong></span> 
     </span>
    </p>
   </div>
   <div class='ocr_carea' id='block_1_92' title="bbox 458 5152 2040 5220">
    <p class='ocr_par' dir='ltr' id='par_1_92' title="bbox 458 5152 2040 5220">
     <span class='ocr_line' id='line_1_92' title="bbox 458 5152 2040 5220; baseline 0 -10"><span class='ocrx_word' id='word_1_704' title='bbox 458 5157 711 5220; x_wconf 78' lang='lat' dir='ltr'><strong>ratione,</strong></span> <span class='ocrx_word' id='word_1_705' title='bbox 742 5154 867 5209; x_wconf 76' lang='lat' dir='ltr'><strong>dum</strong></span> <span class='ocrx_word' id='word_1_706' title='bbox 908 5152 1126 5207; x_wconf 86' lang='lat' dir='ltr'><strong>Domini</strong></span> <span class='ocrx_word' id='word_1_707' title='bbox 1161 5153 1484 5208; x_wconf 87' lang='lat' dir='ltr'><strong>voluntates</strong></span> <span class='ocrx_word' id='word_1_708' title='bbox 1523 5153 1667 5210; x_wconf 89' lang='lat' dir='ltr'><strong>inter</strong></span> <span class='ocrx_word' id='word_1_709' title='bbox 1707 5169 1767 5211; x_wconf 87' lang='lat' dir='ltr'><strong>se</strong></span> <span class='ocrx_word' id='word_1_710' title='bbox 1801 5153 2040 5210; x_wconf 73' lang='lat' dir='ltr'><strong>disside-</strong></span> 
     </span>
    </p>
   </div>
   <div class='ocr_carea' id='block_1_93' title="bbox 459 5244 2042 5317">
    <p class='ocr_par' dir='ltr' id='par_1_93' title="bbox 459 5244 2042 5317">
     <span class='ocr_line' id='line_1_93' title="bbox 459 5244 2042 5317; baseline -0.002 -15"><span class='ocrx_word' id='word_1_711' title='bbox 459 5247 612 5303; x_wconf 86' lang='lat' dir='ltr'><strong>bant.</strong></span> <span class='ocrx_word' id='word_1_712' title='bbox 661 5246 876 5304; x_wconf 80' lang='lat' dir='ltr'><strong>Etenim</strong></span> <span class='ocrx_word' id='word_1_713' title='bbox 932 5245 1119 5300; x_wconf 85' lang='lat' dir='ltr'><strong>divina</strong></span> <span class='ocrx_word' id='word_1_714' title='bbox 1174 5245 1301 5316; x_wconf 82' lang='lat' dir='ltr'><strong>ejus</strong></span> <span class='ocrx_word' id='word_1_715' title='bbox 1352 5245 1608 5301; x_wconf 74' lang='lat' dir='ltr'><strong>voluntas</strong></span> <span class='ocrx_word' id='word_1_716' title='bbox 1646 5244 1905 5317; x_wconf 83' lang='lat' dir='ltr'><strong>principii</strong></span> <span class='ocrx_word' id='word_1_717' title='bbox 1944 5260 2042 5300; x_wconf 80' lang='lat' dir='ltr'><strong>es-</strong></span> 
     </span>
    </p>
   </div>
   <div class='ocr_carea' id='block_1_94' title="bbox 2221 4318 3734 4392">
    <p class='ocr_par' dir='ltr' id='par_1_94' title="bbox 2221 4318 3734 4392">
     <span class='ocr_line' id='line_1_94' title="bbox 2221 4318 3734 4392; baseline -0.001 -18"><span class='ocrx_word' id='word_1_718' title='bbox 2221 4321 2387 4374; x_wconf 81' lang='grc' dir='ltr'>’Ὦστε</span> <span class='ocrx_word' id='word_1_719' title='bbox 2403 4318 2561 4392; x_wconf 70' lang='grc' dir='ltr'>ἤθελε</span> <span class='ocrx_word' id='word_1_720' title='bbox 2597 4319 2696 4391; x_wconf 82' lang='grc' dir='ltr'>μὲν</span> <span class='ocrx_word' id='word_1_721' title='bbox 2729 4319 3092 4387; x_wconf 82' lang='grc' dir='ltr'>αὐτεξουσίως</span> <span class='ocrx_word' id='word_1_722' title='bbox 3120 4321 3411 4392; x_wconf 77' lang='grc' dir='ltr'>κινουμένη</span> <span class='ocrx_word' id='word_1_723' title='bbox 3441 4321 3475 4390; x_wconf 82' lang='grc' dir='ltr'>ἡ</span> <span class='ocrx_word' id='word_1_724' title='bbox 3494 4319 3591 4373; x_wconf 84' lang='grc' dir='ltr'><strong>τοῦ</strong></span> <span class='ocrx_word' id='word_1_725' title='bbox 3619 4323 3734 4374; x_wconf 83' lang='grc' dir='ltr'><strong>Κυ-</strong></span> 
     </span>
    </p>
   </div>
   <div class='ocr_carea' id='block_1_95' title="bbox 2145 4411 3735 4485">
    <p class='ocr_par' dir='ltr' id='par_1_95' title="bbox 2145 4411 3735 4485">
     <span class='ocr_line' id='line_1_95' title="bbox 2145 4411 3735 4485; baseline -0.001 -17"><span class='ocrx_word' id='word_1_726' title='bbox 2145 4412 2267 4485; x_wconf 75' lang='grc' dir='ltr'>ρίου</span> <span class='ocrx_word' id='word_1_727' title='bbox 2307 4411 2479 4484; x_wconf 71' lang='grc' dir='ltr'>ψυχὴ,</span> <span class='ocrx_word' id='word_1_728' title='bbox 2503 4413 2618 4466; x_wconf 81' lang='grc' dir='ltr'>ἀλλ’</span> <span class='ocrx_word' id='word_1_729' title='bbox 2649 4414 2830 4466; x_wconf 78' lang='grc' dir='ltr'>ἐκεῖνα</span> <span class='ocrx_word' id='word_1_730' title='bbox 2861 4411 3224 4478; x_wconf 78' lang='grc' dir='ltr'>αὐτεξουσίως</span> <span class='ocrx_word' id='word_1_731' title='bbox 3245 4413 3458 4484; x_wconf 77' lang='grc' dir='ltr'>ἤθελεν,</span> <span class='ocrx_word' id='word_1_732' title='bbox 3491 4413 3526 4467; x_wconf 78' lang='grc' dir='ltr'><strong>ἀ</strong></span> <span class='ocrx_word' id='word_1_733' title='bbox 3549 4415 3583 4484; x_wconf 83' lang='grc' dir='ltr'>ἡ</span> <span class='ocrx_word' id='word_1_734' title='bbox 3613 4413 3735 4468; x_wconf 86' lang='grc' dir='ltr'>θεία</span> 
     </span>
    </p>
   </div>
   <div class='ocr_carea' id='block_1_96' title="bbox 2150 4503 3736 4577">
    <p class='ocr_par' dir='ltr' id='par_1_96' title="bbox 2150 4503 3736 4577">
     <span class='ocr_line' id='line_1_96' title="bbox 2150 4503 3736 4577; baseline 0.001 -17"><span class='ocrx_word' id='word_1_735' title='bbox 2150 4505 2319 4560; x_wconf 85' lang='grc' dir='ltr'>αὐτοῦ</span> <span class='ocrx_word' id='word_1_736' title='bbox 2352 4505 2574 4576; x_wconf 74' lang='grc' dir='ltr'>θέλησις</span> <span class='ocrx_word' id='word_1_737' title='bbox 2603 4504 2763 4576; x_wconf 52' lang='lat' dir='ltr'><strong>{male</strong></span> <span class='ocrx_word' id='word_1_738' title='bbox 2795 4503 2973 4560; x_wconf 75' lang='grc' dir='ltr'>θέλειν</span> <span class='ocrx_word' id='word_1_739' title='bbox 3023 4505 3224 4575; x_wconf 82' lang='grc' dir='ltr'>αὐτήν.</span> <span class='ocrx_word' id='word_1_740' title='bbox 3256 4506 3332 4558; x_wconf 88' lang='grc' dir='ltr'><strong>Οὐ</strong></span> <span class='ocrx_word' id='word_1_741' title='bbox 3367 4505 3480 4576; x_wconf 84' lang='grc' dir='ltr'><strong>γὰρ</strong></span> <span class='ocrx_word' id='word_1_742' title='bbox 3499 4503 3736 4577; x_wconf 80' lang='grc' dir='ltr'>νεύματι</span> 
     </span>
    </p>
   </div>
   <div class='ocr_carea' id='block_1_97' title="bbox 2144 4595 3742 4669">
    <p class='ocr_par' dir='ltr' id='par_1_97' title="bbox 2144 4595 3742 4669">
     <span class='ocr_line' id='line_1_97' title="bbox 2144 4595 3742 4669; baseline 0 -17"><span class='ocrx_word' id='word_1_743' title='bbox 2144 4597 2242 4652; x_wconf 85' lang='grc' dir='ltr'><strong>τοῦ</strong></span> <span class='ocrx_word' id='word_1_744' title='bbox 2275 4597 2456 4666; x_wconf 89' lang='grc' dir='ltr'>Λόγου</span> <span class='ocrx_word' id='word_1_745' title='bbox 2488 4598 2520 4666; x_wconf 82' lang='grc' dir='ltr'>ἡ</span> <span class='ocrx_word' id='word_1_746' title='bbox 2553 4595 2695 4669; x_wconf 76' lang='grc' dir='ltr'>σὰρξ</span> <span class='ocrx_word' id='word_1_747' title='bbox 2726 4599 2959 4651; x_wconf 68' lang='grc' dir='ltr'>ἐκινεῖτο</span> <span class='ocrx_word' id='word_1_748' title='bbox 2983 4611 2997 4628; x_wconf 80' lang='lat'><strong><em>°</em></strong></span> <span class='ocrx_word' id='word_1_749' title='bbox 3029 4597 3124 4650; x_wconf 72' lang='grc' dir='ltr'>καὶ</span> <span class='ocrx_word' id='word_1_750' title='bbox 3157 4595 3401 4666; x_wconf 80' lang='grc' dir='ltr'>Μωῦσῆς</span> <span class='ocrx_word' id='word_1_751' title='bbox 3430 4595 3458 4636; x_wconf 72' lang='grc' dir='ltr'><strong>ἀ</strong></span> <span class='ocrx_word' id='word_1_752' title='bbox 3487 4596 3594 4667; x_wconf 81' lang='grc' dir='ltr'>γὰρ</span> <span class='ocrx_word' id='word_1_753' title='bbox 3638 4599 3742 4652; x_wconf 74' lang='grc' dir='ltr'>καὶ</span> 
     </span>
    </p>
   </div>
   <div class='ocr_carea' id='block_1_98' title="bbox 2148 4688 3744 4761">
    <p class='ocr_par' dir='ltr' id='par_1_98' title="bbox 2148 4688 3744 4761">
     <span class='ocr_line' id='line_1_98' title="bbox 2148 4688 3744 4761; baseline 0 -19"><span class='ocrx_word' id='word_1_754' title='bbox 2148 4689 2352 4752; x_wconf 79' lang='grc' dir='ltr'>πάντες</span> <span class='ocrx_word' id='word_1_755' title='bbox 2379 4691 2433 4744; x_wconf 82' lang='lat' dir='ltr'><strong>oi</strong></span> <span class='ocrx_word' id='word_1_756' title='bbox 2465 4690 2612 4760; x_wconf 77' lang='grc' dir='ltr'>ἅγιοι</span> <span class='ocrx_word' id='word_1_757' title='bbox 2639 4689 2871 4760; x_wconf 85' lang='grc' dir='ltr'>νεύματι</span> <span class='ocrx_word' id='word_1_758' title='bbox 2892 4689 3022 4761; x_wconf 79' lang='grc' dir='ltr'>θείῳ</span> <span class='ocrx_word' id='word_1_759' title='bbox 3043 4688 3348 4744; x_wconf 80' lang='grc' dir='ltr'>ἐκινοῦντο·</span> <span class='ocrx_word' id='word_1_760' title='bbox 3381 4688 3498 4742; x_wconf 79' lang='grc' dir='ltr'>ἀλλ’</span> <span class='ocrx_word' id='word_1_761' title='bbox 3517 4690 3546 4742; x_wconf 83' lang='grc' dir='ltr'><strong>ό</strong></span> <span class='ocrx_word' id='word_1_762' title='bbox 3572 4689 3744 4756; x_wconf 71' lang='grc' dir='ltr'>αὐτὸς</span> 
     </span>
    </p>
   </div>
   <div class='ocr_carea' id='block_1_99' title="bbox 2148 4780 3740 4852">
    <p class='ocr_par' dir='ltr' id='par_1_99' title="bbox 2148 4780 3740 4852">
     <span class='ocr_line' id='line_1_99' title="bbox 2148 4780 3740 4852; baseline 0.001 -16"><span class='ocrx_word' id='word_1_763' title='bbox 2148 4780 2230 4846; x_wconf 83' lang='grc' dir='ltr'><strong>είς</strong></span> <span class='ocrx_word' id='word_1_764' title='bbox 2252 4782 2328 4837; x_wconf 83' lang='grc' dir='ltr'>ὢν</span> <span class='ocrx_word' id='word_1_765' title='bbox 2363 4783 2497 4846; x_wconf 83' lang='grc' dir='ltr'>Θεός</span> <span class='ocrx_word' id='word_1_766' title='bbox 2520 4797 2580 4837; x_wconf 86' lang='grc' dir='ltr'><strong>τε</strong></span> <span class='ocrx_word' id='word_1_767' title='bbox 2610 4782 2705 4835; x_wconf 69' lang='grc' dir='ltr'>καὶ</span> <span class='ocrx_word' id='word_1_768' title='bbox 2743 4782 3050 4852; x_wconf 79' lang='grc' dir='ltr'>ἄνθρωπος,</span> <span class='ocrx_word' id='word_1_769' title='bbox 3075 4782 3219 4837; x_wconf 83' lang='grc' dir='ltr'><strong>κατά</strong></span> <span class='ocrx_word' id='word_1_770' title='bbox 3240 4797 3298 4836; x_wconf 85' lang='grc' dir='ltr'><strong>τε</strong></span> <span class='ocrx_word' id='word_1_771' title='bbox 3331 4781 3432 4852; x_wconf 78' lang='grc' dir='ltr'>τὴν</span> <span class='ocrx_word' id='word_1_772' title='bbox 3462 4781 3616 4836; x_wconf 87' lang='grc' dir='ltr'>θείαν</span> <span class='ocrx_word' id='word_1_773' title='bbox 3637 4783 3740 4837; x_wconf 78' lang='grc' dir='ltr'>καὶ</span> 
     </span>
    </p>
   </div>
   <div class='ocr_carea' id='block_1_100' title="bbox 2147 4871 3739 4948">
    <p class='ocr_par' dir='ltr' id='par_1_100' title="bbox 2147 4871 3739 4948">
     <span class='ocr_line' id='line_1_100' title="bbox 2147 4871 3739 4948; baseline -0.002 -18"><span class='ocrx_word' id='word_1_774' title='bbox 2147 4877 2248 4948; x_wconf 85' lang='grc' dir='ltr'>τὴν</span> <span class='ocrx_word' id='word_1_775' title='bbox 2284 4873 2638 4948; x_wconf 82' lang='grc' dir='ltr'>ἀνθρωπίνην</span> <span class='ocrx_word' id='word_1_776' title='bbox 2663 4871 2826 4945; x_wconf 72' lang='grc' dir='ltr'>ἥθελε</span> <span class='ocrx_word' id='word_1_777' title='bbox 2858 4873 3080 4945; x_wconf 83' lang='grc' dir='ltr'>θέλησιν</span> <span class='ocrx_word' id='word_1_778' title='bbox 3097 4891 3112 4905; x_wconf 77' lang='grc'><strong>⁸</strong></span> <span class='ocrx_word' id='word_1_779' title='bbox 3144 4873 3225 4928; x_wconf 79' lang='grc' dir='ltr'><strong>διδ</strong></span> <span class='ocrx_word' id='word_1_780' title='bbox 3245 4875 3307 4928; x_wconf 92' lang='grc' dir='ltr'><strong>οὐ</strong></span> <span class='ocrx_word' id='word_1_781' title='bbox 3332 4872 3548 4946; x_wconf 70' lang='grc' dir='ltr'>γνώμῃ,</span> <span class='ocrx_word' id='word_1_782' title='bbox 3575 4891 3739 4942; x_wconf 75' lang='grc' dir='ltr'>φυσι-</span> 
     </span>
    </p>
   </div>
   <div class='ocr_carea' id='block_1_101' title="bbox 2148 4963 3735 5038">
    <p class='ocr_par' dir='ltr' id='par_1_101' title="bbox 2148 4963 3735 5038">
     <span class='ocr_line' id='line_1_101' title="bbox 2148 4963 3735 5038; baseline -0.003 -17"><span class='ocrx_word' id='word_1_783' title='bbox 2148 4968 2219 5038; x_wconf 80' lang='grc' dir='ltr'>κῇ</span> <span class='ocrx_word' id='word_1_784' title='bbox 2243 4966 2298 5020; x_wconf 81' lang='grc' dir='ltr'>δὲ</span> <span class='ocrx_word' id='word_1_785' title='bbox 2329 4965 2531 5037; x_wconf 78' lang='grc' dir='ltr'>μᾶλλον</span> <span class='ocrx_word' id='word_1_786' title='bbox 2575 4965 2826 5038; x_wconf 79' lang='grc' dir='ltr'>δυνάμει,</span> <span class='ocrx_word' id='word_1_787' title='bbox 2873 4965 2930 5019; x_wconf 79' lang='lat' dir='ltr'><strong>al</strong></span> <span class='ocrx_word' id='word_1_788' title='bbox 2971 4965 3069 5018; x_wconf 88' lang='grc' dir='ltr'><strong>δύο</strong></span> <span class='ocrx_word' id='word_1_789' title='bbox 3113 4963 3209 5018; x_wconf 84' lang='grc' dir='ltr'><strong>τοῦ</strong></span> <span class='ocrx_word' id='word_1_790' title='bbox 3239 4965 3447 5036; x_wconf 84' lang='grc' dir='ltr'>Κυρίου</span> <span class='ocrx_word' id='word_1_791' title='bbox 3486 4963 3735 5035; x_wconf 79' lang='grc' dir='ltr'>θελήσεις</span> 
     </span>
    </p>
   </div>
   <div class='ocr_carea' id='block_1_102' title="bbox 2145 5055 3735 5130">
    <p class='ocr_par' dir='ltr' id='par_1_102' title="bbox 2145 5055 3735 5130">
     <span class='ocr_line' id='line_1_102' title="bbox 2145 5055 3735 5130; baseline -0.002 -19"><span class='ocrx_word' id='word_1_792' title='bbox 2145 5058 2398 5129; x_wconf 84' lang='grc' dir='ltr'>διέφερον</span> <span class='ocrx_word' id='word_1_793' title='bbox 2431 5057 2698 5130; x_wconf 78' lang='grc' dir='ltr'>ἀλλήλων.</span> <span class='ocrx_word' id='word_1_794' title='bbox 2767 5058 2832 5110; x_wconf 81' lang='grc' dir='ltr'><em>Ἦ</em></span> <span class='ocrx_word' id='word_1_795' title='bbox 2868 5057 2969 5128; x_wconf 76' lang='grc' dir='ltr'>μὲν</span> <span class='ocrx_word' id='word_1_796' title='bbox 3000 5057 3110 5129; x_wconf 78' lang='grc' dir='ltr'>γὰρ</span> <span class='ocrx_word' id='word_1_797' title='bbox 3140 5057 3262 5111; x_wconf 83' lang='grc' dir='ltr'>θεία</span> <span class='ocrx_word' id='word_1_798' title='bbox 3308 5055 3478 5111; x_wconf 80' lang='grc' dir='ltr'>αὐτοῦ</span> <span class='ocrx_word' id='word_1_799' title='bbox 3513 5055 3735 5125; x_wconf 81' lang='grc' dir='ltr'>θέλησις</span> 
     </span>
    </p>
   </div>
   <div class='ocr_carea' id='block_1_103' title="bbox 2146 5149 3736 5225">
    <p class='ocr_par' dir='ltr' id='par_1_103' title="bbox 2146 5149 3736 5225">
     <span class='ocr_line' id='line_1_103' title="bbox 2146 5149 3736 5225; baseline -0.003 -17"><span class='ocrx_word' id='word_1_800' title='bbox 2146 5154 2380 5224; x_wconf 79' lang='grc' dir='ltr'>ᾶναρχός</span> <span class='ocrx_word' id='word_1_801' title='bbox 2411 5170 2471 5206; x_wconf 86' lang='grc' dir='ltr'><strong>τε</strong></span> <span class='ocrx_word' id='word_1_802' title='bbox 2505 5155 2601 5206; x_wconf 74' lang='grc' dir='ltr'>καὶ</span> <span class='ocrx_word' id='word_1_803' title='bbox 2626 5155 2966 5225; x_wconf 79' lang='grc' dir='ltr'>παντουργὸς</span> <span class='ocrx_word' id='word_1_804' title='bbox 2993 5149 3082 5224; x_wconf 77' lang='grc' dir='ltr'>ἧν,</span> <span class='ocrx_word' id='word_1_805' title='bbox 3109 5153 3384 5222; x_wconf 75' lang='grc' dir='ltr'>ἑπομένην</span> <span class='ocrx_word' id='word_1_806' title='bbox 3410 5151 3612 5222; x_wconf 79' lang='grc' dir='ltr'>ἔχουσα</span> <span class='ocrx_word' id='word_1_807' title='bbox 3631 5152 3736 5221; x_wconf 72' lang='grc' dir='ltr'><strong>τὴν</strong></span> 
     </span>
    </p>
   </div>
   <div class='ocr_carea' id='block_1_104' title="bbox 2148 5239 3734 5316">
    <p class='ocr_par' dir='ltr' id='par_1_104' title="bbox 2148 5239 3734 5316">
     <span class='ocr_line' id='line_1_104' title="bbox 2148 5239 3734 5316; baseline -0.005 -15"><span class='ocrx_word' id='word_1_808' title='bbox 2148 5243 2400 5316; x_wconf 77' lang='grc' dir='ltr'>δύναμιν,</span> <span class='ocrx_word' id='word_1_809' title='bbox 2433 5241 2527 5298; x_wconf 75' lang='grc' dir='ltr'>καὶ</span> <span class='ocrx_word' id='word_1_810' title='bbox 2547 5243 2763 5316; x_wconf 77' lang='grc' dir='ltr'>ἀπαθής</span> <span class='ocrx_word' id='word_1_811' title='bbox 2787 5260 2800 5276; x_wconf 71' lang='grc' dir='ltr'><strong>ο</strong></span> <span class='ocrx_word' id='word_1_812' title='bbox 2826 5244 2859 5314; x_wconf 83' lang='grc' dir='ltr'><strong>ή</strong></span> <span class='ocrx_word' id='word_1_813' title='bbox 2884 5243 2941 5298; x_wconf 85' lang='grc' dir='ltr'>δὲ</span> <span class='ocrx_word' id='word_1_814' title='bbox 2971 5243 3292 5316; x_wconf 67' lang='grc' dir='ltr'>ἀνθρωπίνη</span> <span class='ocrx_word' id='word_1_815' title='bbox 3323 5241 3488 5297; x_wconf 86' lang='grc' dir='ltr'>αὐτοῦ</span> <span class='ocrx_word' id='word_1_816' title='bbox 3512 5239 3734 5312; x_wconf 81' lang='grc' dir='ltr'>θέλησις</span> 
     </span>
    </p>
   </div>
   <div class='ocr_carea' id='block_1_105' title="bbox 530 5418 3732 5497">
    <p class='ocr_par' dir='ltr' id='par_1_105' title="bbox 530 5418 3732 5497">
     <span class='ocr_line' id='line_1_105' title="bbox 530 5418 3732 5497; baseline -0.001 -19"><span class='ocrx_word' id='word_1_817' title='bbox 530 5423 590 5497; x_wconf 24' lang='grc' dir='ltr'><strong>⁶⁹λ</strong></span> <span class='ocrx_word' id='word_1_818' title='bbox 608 5423 801 5480; x_wconf 76' lang='lat' dir='ltr'><strong>Matth.</strong></span> <span class='ocrx_word' id='word_1_819' title='bbox 855 5443 1010 5493; x_wconf 75' lang='lat' dir='ltr'><strong>xxvi,</strong></span> <span class='ocrx_word' id='word_1_820' title='bbox 1047 5427 1152 5495; x_wconf 77' lang='lat'><strong>39;</strong></span> <span class='ocrx_word' id='word_1_821' title='bbox 1200 5422 1342 5481; x_wconf 82' lang='lat' dir='ltr'><strong>Luc.</strong></span> <span class='ocrx_word' id='word_1_822' title='bbox 1397 5441 1538 5490; x_wconf 78' lang='lat' dir='ltr'><strong>xm,</strong></span> <span class='ocrx_word' id='word_1_823' title='bbox 1569 5424 1661 5497; x_wconf 67' lang='grc' dir='ltr'><strong>ιε.</strong></span> <span class='ocrx_word' id='word_1_824' title='bbox 1695 5423 1884 5497; x_wconf 86' lang='lat' dir='ltr'><strong>Locu_s_</strong></span> <span class='ocrx_word' id='word_1_825' title='bbox 1909 5439 2070 5497; x_wconf 24' lang='lat' dir='ltr'><strong>sape;</strong></span> <span class='ocrx_word' id='word_1_826' title='bbox 2088 5423 2159 5497; x_wconf 77' lang='lat' dir='ltr'><strong>ab</strong></span> <span class='ocrx_word' id='word_1_827' title='bbox 2191 5424 2518 5497; x_wconf 71' lang='lat' dir='ltr'><strong>Athanasio,</strong></span> <span class='ocrx_word' id='word_1_828' title='bbox 2551 5421 2899 5497; x_wconf 43' lang='grc' dir='ltr'>δεύεται-οι</span> <span class='ocrx_word' id='word_1_829' title='bbox 2963 5423 3392 5497; x_wconf 49' lang='lat' dir='ltr'><strong>Cltrysostotntn</strong></span> <span class='ocrx_word' id='word_1_830' title='bbox 3440 5418 3732 5492; x_wconf 69' lang='lat' dir='ltr'><strong>expositus</strong></span> 
     </span>
    </p>
   </div>
   <div class='ocr_carea' id='block_1_106' title="bbox 454 5489 3417 5575">
    <p class='ocr_par' dir='ltr' id='par_1_106' title="bbox 454 5489 3417 5575">
     <span class='ocr_line' id='line_1_106' title="bbox 454 5489 3417 5575; baseline -0.002 -24"><span class='ocrx_word' id='word_1_831' title='bbox 454 5493 638 5575; x_wconf 71' lang='lat' dir='ltr'><strong>eteit.</strong></span> <span class='ocrx_word' id='word_1_832' title='bbox 670 5503 779 5550; x_wconf 86' lang='lat' dir='ltr'><strong>act.</strong></span> <span class='ocrx_word' id='word_1_833' title='bbox 813 5497 880 5551; x_wconf 72' lang='lat' dir='ltr'><strong>lo</strong></span> <span class='ocrx_word' id='word_1_834' title='bbox 939 5489 1149 5554; x_wconf 59' lang='lat' dir='ltr'><strong>sextae</strong></span> <span class='ocrx_word' id='word_1_835' title='bbox 1178 5497 1401 5569; x_wconf 84' lang='lat' dir='ltr'><strong>synodi.</strong></span> <span class='ocrx_word' id='word_1_836' title='bbox 1456 5489 1677 5553; x_wconf 78' lang='lat' dir='ltr'><strong>“ibid.</strong></span> <span class='ocrx_word' id='word_1_837' title='bbox 1761 5497 1805 5528; x_wconf 79' lang='grc'><strong><em>⁸³</em></strong></span> <span class='ocrx_word' id='word_1_838' title='bbox 1835 5489 2006 5550; x_wconf 59' lang='grc' dir='ltr'>δίδυμ’</span> <span class='ocrx_word' id='word_1_839' title='bbox 2035 5491 2160 5550; x_wconf 83' lang='lat' dir='ltr'><strong>Dial</strong></span> <span class='ocrx_word' id='word_1_840' title='bbox 2189 5510 2309 5549; x_wconf 70' lang='lat' dir='ltr'><strong>cum</strong></span> <span class='ocrx_word' id='word_1_841' title='bbox 2335 5489 2566 5564; x_wconf 72' lang='lat' dir='ltr'><strong>Pyrrho.</strong></span> <span class='ocrx_word' id='word_1_842' title='bbox 2597 5493 2761 5565; x_wconf 71' lang='lat' dir='ltr'><strong>Greg.</strong></span> <span class='ocrx_word' id='word_1_843' title='bbox 2789 5492 2920 5551; x_wconf 67' lang='lat' dir='ltr'><strong>Nae.</strong></span> <span class='ocrx_word' id='word_1_844' title='bbox 2947 5509 3035 5563; x_wconf 88' lang='lat' dir='ltr'><strong>ep.</strong></span> <span class='ocrx_word' id='word_1_845' title='bbox 3081 5489 3134 5559; x_wconf 71' lang='grc' dir='ltr'>ἰ,</span> <span class='ocrx_word' id='word_1_846' title='bbox 3168 5492 3236 5548; x_wconf 86' lang='lat' dir='ltr'><strong>ad</strong></span> <span class='ocrx_word' id='word_1_847' title='bbox 3265 5489 3417 5547; x_wconf 85' lang='lat' dir='ltr'><strong>Cled.</strong></span> 
     </span>
    </p>
   </div>
   <div class='ocr_carea' id='block_1_107' title="bbox 1777 5606 2474 5722">
    <p class='ocr_par' dir='ltr' id='par_1_107' title="bbox 1777 5606 2474 5722">
     <span class='ocr_line' id='line_1_107' title="bbox 1777 5606 2474 5722; baseline -0.003 -55"><span class='ocrx_word' id='word_1_848' title='bbox 1777 5606 2474 5722; x_wconf 64' lang='lat' dir='ltr'><strong>VARIE.LECTIONES.</strong></span> 
     </span>
    </p>
   </div>
   <div class='ocr_carea' id='block_1_108' title="bbox 522 5728 2203 5798">
    <p class='ocr_par' dir='ltr' id='par_1_108' title="bbox 522 5728 2203 5798">
     <span class='ocr_line' id='line_1_108' title="bbox 522 5728 2203 5798; baseline -0.004 -9"><span class='ocrx_word' id='word_1_849' title='bbox 522 5734 556 5773; x_wconf 64' lang='grc' dir='ltr'>δ</span> <span class='ocrx_word' id='word_1_850' title='bbox 586 5732 650 5789; x_wconf 83' lang='lat' dir='ltr'><strong>in</strong></span> <span class='ocrx_word' id='word_1_851' title='bbox 675 5731 838 5785; x_wconf 89' lang='lat' dir='ltr'><strong>editis</strong></span> <span class='ocrx_word' id='word_1_852' title='bbox 864 5729 1018 5785; x_wconf 88' lang='lat' dir='ltr'><strong>deest</strong></span> <span class='ocrx_word' id='word_1_853' title='bbox 1044 5733 1136 5786; x_wconf 77' lang='grc' dir='ltr'>καὶ</span> <span class='ocrx_word' id='word_1_854' title='bbox 1157 5730 1272 5783; x_wconf 89' lang='grc' dir='ltr'>σύν.</span> <span class='ocrx_word' id='word_1_855' title='bbox 1315 5741 1340 5771; x_wconf 74' lang='grc' dir='ltr'><strong>ο</strong></span> <span class='ocrx_word' id='word_1_856' title='bbox 1372 5730 1522 5786; x_wconf 81' lang='lat' dir='ltr'><strong>Multi</strong></span> <span class='ocrx_word' id='word_1_857' title='bbox 1550 5730 1770 5785; x_wconf 83' lang='lat' dir='ltr'><strong>codices</strong></span> <span class='ocrx_word' id='word_1_858' title='bbox 1792 5728 2100 5798; x_wconf 79' lang='grc' dir='ltr'>ἀμοιροῦσα</span> <span class='ocrx_word' id='word_1_859' title='bbox 2137 5768 2148 5780; x_wconf 95' lang='grc'><strong>.</strong></span> <span class='ocrx_word' id='word_1_860' title='bbox 2189 5767 2203 5782; x_wconf 93' lang='grc'><strong>.</strong></span> 
     </span>
    </p>
   </div>
   <div class='ocr_carea' id='block_1_109' title="bbox 2243 5718 3730 5795">
    <p class='ocr_par' dir='ltr' id='par_1_109' title="bbox 2243 5718 3730 5795">
     <span class='ocr_line' id='line_1_109' title="bbox 2243 5718 3730 5795; baseline -0.003 -17"><span class='ocrx_word' id='word_1_861' title='bbox 2243 5767 2258 5784; x_wconf 89' lang='grc'><strong>.</strong></span> <span class='ocrx_word' id='word_1_862' title='bbox 2302 5723 2584 5795; x_wconf 65' lang='lat' dir='ltr'><strong>ueneﬁca,</strong></span> <span class='ocrx_word' id='word_1_863' title='bbox 2617 5719 3376 5795; x_wconf 55' lang='lat' dir='ltr'><strong>commorationisseriem,</strong></span> <span class='ocrx_word' id='word_1_864' title='bbox 3413 5732 3536 5788; x_wconf 67' lang='lat' dir='ltr'><strong>qua:</strong></span> <span class='ocrx_word' id='word_1_865' title='bbox 3565 5718 3730 5776; x_wconf 77' lang='lat' dir='ltr'><strong>bruta</strong></span> 
     </span>
    </p>
   </div>
   <div class='ocr_carea' id='block_1_110' title="bbox 465 5789 3435 5871">
    <p class='ocr_par' dir='ltr' id='par_1_110' title="bbox 465 5789 3435 5871">
     <span class='ocr_line' id='line_1_110' title="bbox 465 5789 3435 5871; baseline -0.006 -9"><span class='ocrx_word' id='word_1_866' title='bbox 465 5812 595 5862; x_wconf 67' lang='lat' dir='ltr'><strong>an</strong></span> <span class='ocrx_word' id='word_1_867' title='bbox 623 5799 1008 5858; x_wconf 67' lang='lat' dir='ltr'><strong>rationalibus</strong></span> <span class='ocrx_word' id='word_1_868' title='bbox 1037 5801 1368 5858; x_wconf 82' lang='lat' dir='ltr'><strong>substantiis</strong></span> <span class='ocrx_word' id='word_1_869' title='bbox 1399 5809 1705 5871; x_wconf 84' lang='lat' dir='ltr'><strong>comparat.</strong></span> <span class='ocrx_word' id='word_1_870' title='bbox 1739 5789 1913 5855; x_wconf 59' lang='lat' dir='ltr'><strong>Etli&#39;tis</strong></span> <span class='ocrx_word' id='word_1_871' title='bbox 1933 5789 2132 5854; x_wconf 66' lang='lat' dir='ltr'><strong>lavent</strong></span> <span class='ocrx_word' id='word_1_872' title='bbox 2152 5789 2482 5868; x_wconf 76' lang='lat' dir='ltr'><strong>interpretes</strong></span> <span class='ocrx_word' id='word_1_873' title='bbox 2508 5802 2562 5851; x_wconf 89' lang='lat' dir='ltr'><strong>et</strong></span> <span class='ocrx_word' id='word_1_874' title='bbox 2582 5795 2738 5852; x_wconf 82' lang='lat' dir='ltr'><strong>Colb.</strong></span> <span class='ocrx_word' id='word_1_875' title='bbox 2777 5789 2952 5849; x_wconf 52' lang='lat' dir='ltr'><strong>“559C</strong></span> <span class='ocrx_word' id='word_1_876' title='bbox 3009 5791 3034 5831; x_wconf 73' lang='grc' dir='ltr'>ἀ</span> <span class='ocrx_word' id='word_1_877' title='bbox 3069 5791 3179 5847; x_wconf 81' lang='lat' dir='ltr'><strong>Als.</strong></span> <span class='ocrx_word' id='word_1_878' title='bbox 3211 5790 3435 5861; x_wconf 79' lang='grc' dir='ltr'>Μωσῆς.</span> 
     </span>
    </p>
   </div>
  </div>
