3950 6304
382 350 522 421 i079

1544 356 1604 416 S.
1635 354 1958 418 JOANNIS
1998 353 2430 417 DAMASCENI

3511 352 3667 420 1080

380 469 557 526 tinnis
581 507 596 532 ,
625 484 748 539 quae
782 483 846 524 ex
879 467 1146 524 iuell'ahili
1185 466 1434 522 unitioue
1458 467 1659 530 oritur,
1696 466 1966 532 rationem

2098 483 2272 519 νωσιν
2299 466 2619 529 ἀντιδόσεως
2642 483 2656 496 ο
2706 466 2767 518 ού
2809 463 2918 536 γὰρ
2965 463 3306 535 διῃρημένας
3338 463 3520 534 φαμὲν
3559 463 3673 529 τὰς

385 559 676 614 indicaret.
737 558 853 614 Non
897 560 1043 614 enim
1086 568 1182 614 aut
1215 559 1496 628 sejunctas
1532 558 1817 620 actiones,
1873 564 1969 611 aut

388 660 617 705 naturas
648 649 869 706 divisim
911 650 1129 719 Operari
1174 649 1418 704 dicimus
1443 689 1458 714 ,
1495 649 1590 702 sed
1627 647 1967 717 coniunctim

387 747 682 810 utramque
727 755 852 794 cum
910 741 1140 796 alterius
1189 743 1579 795 communione
1632 737 1766 792 illud
1821 734 1971 807 quod

389 849 626 902 qumque
657 833 942 904 proprium
979 833 1145 888 habet
1175 847 1342 904 agere
1371 832 1439 888 ⁸⁸.
1474 829 1665 902 Neque
1692 830 1838 885 enim
1870 829 1973 882 hu-

393 939 556 979 mana
589 925 914 982 humanitus
945 924 1255 991 eliiriehat,
1291 939 1416 978 cum
1451 939 1627 995 purus
1663 923 1825 977 homo
1862 935 1973 976 non

392 1025 540 1072 esset
568 1035 583 1081 ;
637 1033 739 1072 nec
773 1033 968 1072 rursus
1000 1017 1186 1072 divina
1219 1016 1408 1072 divino
1453 1015 1724 1072 duntaxat
1773 1013 1973 1080 modo,

394 1107 845 1178 quandoquidem
877 1125 984 1164 non
1020 1112 1200 1164 solum
1231 1105 1378 1163 Deus
1409 1113 1562 1169 erat,
1597 1106 1690 1161 sed
1723 1104 1867 1160 Deus
1899 1105 1976 1168 si-

397 1201 510 1254 mul
542 1209 597 1254 et
645 1199 826 1255 homo.
857 1199 994 1254 Nam
1041 1201 1118 1254 uti
1145 1207 1479 1270 naturarum
1521 1206 1635 1252 tum
1677 1197 1974 1264 unionem,

399 1301 512 1345 tum
553 1293 858 1345 naturalem
895 1291 1307 1346 distinctionem
1345 1290 1649 1358 habemus,
1697 1291 1768 1344 ita
1809 1290 1976 1346 etiam

401 1385 734 1438 naturalium
766 1385 1114 1438 voluntatum
1146 1393 1200 1438 ct
1233 1383 1636 1451 operationum.

471 1477 751 1528 Aelianum
777 1474 980 1530 Christi
1005 1476 1214 1528 alterna
1242 1474 1673 1530 communicatio.
1704 1504 1770 1517 —
1792 1474 1982 1545 Itaque

403 1567 688 1622 sciendum
720 1577 800 1622 est
825 1607 839 1630 ,
873 1567 928 1620 iu
962 1567 1193 1621 Domino
1229 1575 1426 1622 nostro
1459 1565 1586 1623 Jesu
1623 1565 1850 1622 Christo
1881 1583 1981 1624 nos

402 1659 677 1714 interdum
703 1698 718 1723 ,
763 1667 1026 1729 tanquam
1067 1658 1136 1714 de
1164 1657 1382 1714 duabus
1419 1660 1638 1714 naturis
1667 1674 1981 1715 sermonem

401 1749 642 1812 habere,
683 1749 963 1805 interdum
998 1759 1262 1819 tanquam
1298 1748 1368 1804 de
1415 1763 1522 1803 una
1572 1765 1851 1821 persona:
1901 1758 1984 1804 at-

402 1855 510 1910 que
539 1841 644 1894 hoc
669 1848 725 1895 et
751 1839 890 1894 illud
920 1839 987 1894 ad
1015 1839 1270 1895 eumdem
1306 1854 1529 1895 sensum
1560 1841 1818 1894 refertur.
1846 1837 1981 1894 Nam

403 1939 458 1987 et
489 1931 614 1986 dum
645 1939 859 1986 natura
885 1947 1030 1988 unus
1063 1930 1324 1986 Christus
1359 1938 1483 1998 est;
1526 1939 1580 1986 et
1630 1948 1775 1988 unus
1818 1930 1984 1986 Chri-

405 2031 562 2089 stus,
599 2025 722 2080 duae
771 2033 1003 2079 naturae.
1055 2022 1246 2094 Itaque
1293 2024 1521 2080 dicere:
1557 2025 1681 2094 Agit
1731 2024 1987 2080 Christus

405 2117 714 2172 secundum
770 2123 1064 2186 utramque
1119 2123 1412 2182 naturam;
1466 2115 1697 2186 perinde
1749 2125 1870 2179 est,
1924 2131 1989 2170 ac

405 2219 534 2260 cum
588 2205 833 2260 dicimus
869 2223 882 2260 :
917 2205 1043 2276 Agit
1103 2214 1340 2276 utraque
1392 2212 1591 2260 natura
1660 2205 1714 2260 in
1765 2205 1990 2261 Christo

407 2310 536 2351 cum
577 2295 809 2354 alterius
852 2297 1264 2352 communione.
1310 2295 1496 2364 Quare
1537 2296 1726 2351 divina
1767 2295 1989 2366 quidem

410 2391 609 2442 natura
638 2401 707 2444 eo
736 2388 960 2443 nomine
993 2402 1120 2442 cum
1165 2403 1334 2443 carne
1373 2395 1640 2458 operante
1681 2388 1993 2442 communi-

409 2485 535 2544 cat,
567 2478 715 2548 quod
745 2493 877 2534 caro
905 2479 1108 2535 divina:
1133 2479 1438 2536 voluntatis
1470 2480 1838 2551 beneplacito,
1873 2495 1994 2551 qua:

409 2569 518 2640 ipsi
559 2570 787 2641 prepria
825 2579 996 2636 sunt,
1025 2571 1139 2642 pati
1173 2581 1224 2628 et
1259 2587 1424 2642 agere
1464 2571 1702 2638 sinatur,
1737 2573 1996 2643 quodque

407 2663 599 2719 carnis
629 2663 777 2720 actio
802 2678 1036 2734 prorsus
1068 2663 1360 2720 salutifera
1401 2663 1520 2730 sit;
1577 2662 1630 2718 id
1685 2664 1831 2734 quod
1884 2679 1994 2719 non

413 2757 670 2816 humanae
691 2795 706 2820 ,
749 2757 844 2812 sed
879 2756 1076 2812 divina:
1105 2756 1298 2828 potius
1333 2755 1580 2812 actionis
1613 2763 1716 2810 est.
1761 2755 1831 2809 At
1862 2770 1996 2810 caro

411 2849 662 2905 vicissim
691 2863 817 2905 cum
852 2855 1121 2920 operante
1146 2847 1314 2904 Verbi
1350 2847 1646 2904 divinitate
1683 2845 1998 2901 communi-

411 2937 616 3004 eabat,
645 2945 760 2992 tum
795 2938 928 3007 quia
960 2953 1060 3009 per
1089 2953 1299 3008 corpus
1327 2937 1503 2992 veluti
1528 2953 1626 3007 per
1659 2937 2000 2992 instrumen-

2018 1803 2060 1859 Β

2072 556 2378 626 ἐνεργείας,
2415 555 2538 614 ούδέ
2563 555 2907 630 διῃρημένως
2946 554 3278 626 ἐνεργούσας
3305 553 3402 618 τὰς
3441 553 3670 625 φύσεις,

2072 646 2500 718 ἁλλ’ὴνωμένως
2539 647 2779 717 ἑκάστην
2813 646 2952 718 μετὰ
2977 647 3075 715 τῆς
3111 645 3342 720 θατέρου
3371 648 3674 710 κοινωνία-ς

2074 737 2406 809 ἐνεργοῦσαν
2429 737 2580 791 τοῦθ’
2603 739 2740 816 ὅπερ
2791 737 2922 791 ῖδιον
2971 738 3225 808 ἔσχηκεν.
3276 734 3417 791 Οὔτε
3455 737 3567 811 γὰρ
3596 738 3674 791 τὰ

2076 830 2403 902 ἁνθρώπ;να
2481 829 2839 902 ἀνθρωπίνως
2895 829 3198 901 ἐνήργησεν
3221 840 3240 858 ⁸
3278 827 3340 882 οὑ
3367 829 3476 899 γὰρ
3505 829 3674 899 ψιλὸς

2077 919 2146 996 ἦν
2183 923 2507 995 ἄνθρωπος’
2551 921 2676 978 οὔτε
2714 921 2786 978 τὰ
2831 921 2954 978 θεῖα
2993 922 3138 976 κατὰ
3177 919 3312 974 Θεὸν
3357 921 3517 992 μόνον
3540 938 3554 952 ⁸
3603 922 3675 974 οὐ

2077 1015 2186 1087 γὰρ
2224 1011 2294 1088 ἦν
2327 1013 2533 1084 γυμνὸς
2593 1013 2748 1079 Θεὸς,
2787 1011 2925 1068 ἀλλὰ
2976 1012 3109 1077 Θεὸς
3145 1012 3284 1083 ὁμοῦ
3342 1012 3612 1083 ὑπάρχων
3649 1011 3670 1050 Ι

2079 1107 2176 1165 καὶ
2210 1106 2518 1178 ἄνθρωπος.
2550 1106 2763 1178 Ὠσπερ
2819 1104 2928 1178 γὰρ
2965 1103 3076 1157 τῶν
3137 1104 3379 1174 φύσεων,
3426 1103 3522 1158 καὶ
3565 1102 3679 1173 τὴν

2079 1198 2297 1264 ἕνωσιν,
2355 1200 2449 1255 καὶ
2506 1199 2604 1270 τὴν
2665 1198 2902 1272 φυσικὴν
2967 1196 3232 1269 διαφορὰν
3299 1194 3679 1266 ἐπιστάμεθα,

2081 1291 2344 1346 οὕτωκαὶ
2413 1291 2525 1344 τῶν
2582 1290 2828 1360 φυσικῶν
2881 1288 3204 1361 θελημάτων
3254 1306 3316 1342 τε
3370 1289 3464 1342 καὶ
3507 1288 3679 1359 ἐνερ-

2081 1384 2270 1455 γειῶν.

2166 1478 2366 1532 ’ἰστέον
2401 1476 2716 1548 τοιγαροῦν,
2748 1475 2823 1541 ὡς
2865 1476 2960 1528 ἐπὶ
2999 1471 3094 1528 τοῦ
3125 1472 3332 1544 Κυρίου
3362 1471 3519 1542 ἡμῶν
3568 1471 3686 1541 ’1ης

2087 1570 2180 1627 σοῦ
2238 1567 2500 1643 Χριστοῦ,
2543 1568 2674 1623 ποτὲ
2726 1569 2826 1640 μὲν
2875 1567 2952 1631 ὡς
2985 1566 3082 1621 ἐπὶ
3133 1565 3228 1620 δύο
3265 1567 3290 1606 Β
3331 1563 3544 1633 φύσεων
3582 1563 3688 1616 τὸν

2086 1666 2243 1735 λόγον
2271 1662 2602 1733 ποιούμεθα,
2643 1661 2775 1715 ποτὲ
2831 1660 2889 1714 δὲ
2917 1659 2992 1722 ὡς
3041 1660 3126 1727 ἐφ’
3175 1657 3295 1721 ἐνὸς
3349 1656 3685 1728 προσώπου,

2087 1758 2182 1811 καὶ
2209 1751 2367 1809 τοῦτο
2391 1753 2448 1807 δέ
2481 1754 2704 1808 κάκεῖνο
2727 1753 2806 1816 είς
2833 1749 2962 1822 μίαν
2987 1747 3322 1820 ἀναφέρεται
3354 1747 3590 1800 ἐννοιαψ
3625 1746 3690 1799 αἱ

2085 1850 2196 1920 γὰρ
2221 1847 2315 1901 δύο
2347 1845 2537 1916 φύσεις
2566 1838 2648 1908 εἷς
2692 1845 2808 1898 ἐστι
2845 1839 3100 1913 Χριστὸς,
3134 1841 3230 1894 καὶ
3271 1843 3299 1896 ό
3332 1834 3412 1901 είς
3438 1837 3688 1908 Χριστὸς

2086 1943 2180 1996 δύο
2214 1938 2404 2010 φύσεις
2425 1935 2542 1993 ἐστί
2563 1955 2575 1968 ο
2607 1935 2806 1991 ταὺτδν
2851 1929 2943 1989 οῦν
2973 1931 3120 1988 ἔστιν
3161 1935 3339 1987 εἰπεῖν
3361 1949 3374 1962 ·
3406 1933 3635 2001 ἐνεργεῖ
3660 1932 3694 1982 ὁ

2087 2033 2323 2106 Χριστὸς
2385 2030 2508 2085 καθ’
2574 2029 2844 2100 ἑκατέραν
2904 2028 3014 2082 τῶν
3068 2026 3234 2082 αὑτοῦ
3291 2023 3526 2096 φύσεων,
3583 2021 3694 2076 καὶ

2089 2126 2303 2197 ἐνεργεῖ
2335 2122 2572 2194 ἑκατέρα
2612 2118 2775 2192 φύσις
2805 2121 2863 2172 ἐν
2896 2118 2974 2190 τῷ
3019 2117 3246 2188 Χριστῷ
3287 2115 3425 2184 μετὰ
3451 2116 3552 2185 τῆς
3579 2115 3694 2168 θα-

2088 2216 2251 2291 τέρου
2279 2213 2586 2276 κοινωνίας.
2655 2211 2923 2266 Κοινωνεῖ
2970 2208 3150 2264 τοίνυν
3181 2210 3214 2277 ἠ
3250 2209 3347 2278 μὲν
3367 2206 3486 2259 θεία
3516 2203 3695 2274 φύσις

2091 2308 2157 2384 τῇ
2188 2306 2352 2378 σαρκὶ
2381 2303 2682 2377 ἐνεργοὺσῃ
2712 2301 2802 2356 διὰ
2841 2299 2904 2355 ct
2929 2299 3151 2370 εὑδοκίᾳ
3184 2302 3282 2370 τῆς
3333 2297 3482 2360 θείας
3514 2297 3696 2366 θελή-

2093 2415 2232 2460 σεως
2263 2391 2712 2466 παραχωρεῖσθαι
2739 2391 2971 2460 πάσχειν
3005 2387 3102 2444 καὶ
3135 2389 3396 2459 πράττειν
3423 2387 3493 2440 τὰ
3537 2385 3698 2451 ἴδια,

2094 2489 2190 2544 καὶ
2213 2487 2304 2543 διὰ
2330 2486 2392 2541 τὸ
2417 2485 2515 2556 τὴν
2543 2484 2827 2556 ἐνέργειαν
2859 2482 2957 2552 τῆς
2994 2481 3200 2553 σαρκὸς
3239 2480 3457 2542 πάντως
3481 2480 3509 2519 ιι
3537 2474 3698 2533 εἶναι

2097 2581 2394 2651 σωτήριον
2428 2577 2566 2647 ὅπερ
2596 2575 2656 2628 οὑ
2688 2575 2790 2644 τῆς
2811 2572 3162 2643 ἀνθρωπίνης
3192 2571 3476 2642 ἐνεργείας
3503 2571 3696 2638 ἐστὶν,

2096 2667 2234 2722 ἀλλὰ
2261 2670 2361 2738 τῆς
2401 2665 2574 2728 θείας.
2617 2663 2684 2718 Ἦ
2732 2663 2789 2716 δὲ
2847 2661 2985 2734 σὰρξ
3010 2665 3077 2733 τῇ
3109 2661 3326 2732 θεότητι
3363 2660 3457 2720 τοῦ
3497 2660 3697 2729 Λόγου

2097 2757 2421 2829 ἐνεργούσῃ,
2443 2755 2534 2810 διά
2549 2772 2611 2808 τε
2643 2755 2705 2809 τὸ
2731 2753 2804 2818 ὡς
2834 2753 2902 2808 δι’
2923 2753 3159 2825 ὀργάνου
3185 2751 3280 2806 τοῦ
3307 2749 3554 2819 σώματος
3577 2751 3703 2816 τὰς

2097 2850 2246 2914 Θείας
2302 2847 2642 2903 ἐκτελεῖσθαι
2707 2847 3015 2918 ἐνεργείας,
3073 2845 3168 2898 καὶ
3222 2844 3310 2897 διὰ
3357 2843 3419 2896 τδ
3461 2842 3559 2896 ἕνα
3598 2839 3700 2897 εἵσ-

2099 2961 2188 2998 ναι
2241 2943 2335 2998 τὸν
2394 2940 2726 3016 ἐνεργοῦντα
2782 2937 2981 3002 θεῖκῶς
3023 2954 3086 2993 τε
3135 2935 3276 3008 ἅμα,
3320 2933 3416 2994 καὶ
3464 2934 3700 3008 ἀνθρω-

413 3035 529 3080 tum
565 3025 882 3096 quoddam,
939 3026 1159 3086 divinas
1207 3027 1456 3084 actiones
1515 3027 1828 3094 eiiiciehat;
1881 3036 1996 3083 tum
2101 3034 2293 3098 πίνως.

415 3117 549 3188 quia
578 3133 730 3176 unus.
755 3117 1014 3190 idemque
1041 3126 1165 3176 erat
1185 3159 1200 3186 ,
1232 3120 1329 3192 Qui
1375 3127 1429 3175 et
1459 3119 1649 3176 divino
1693 3121 1897 3186 simul,
1943 3126 1998 3176 et
2023 3142 2070 3204 α

415 3209 664 3268 humano
697 3209 860 3266 modo
891 3212 1250 3282 operabatur.

490 3299 645 3356 Mens
667 3301 921 3365 humana,
949 3315 1005 3358 ut
1035 3303 1203 3360 Verbo
1223 3307 1600 3364 communicet.
1621 3339 1690 3351 —
1713 3306 1872 3364 Scire
1903 3323 2002 3365 au-

416 3399 528 3448 tem
561 3392 794 3458 attinet,
830 3403 1084 3448 sanctam
1116 3410 1337 3467 quoque
1367 3396 1544 3468 ipsius
1573 3408 1810 3456 mentem
1839 3399 2004 3472 246,

418 3483 708 3539 naturales
738 3499 869 3540 suas
900 3483 1154 3542 actiones
1202 3489 1454 3559 exsequi.
1500 3488 1637 3544 Nam
1687 3499 1744 3546 et
1795 3507 1856 3546 se
1905 3491 2000 3547 Dei

419 3584 661 3631 mentem
696 3590 861 3642 esse,
902 3583 1072 3648 atque
1113 3578 1185 3635 ab
1233 3580 1493 3636 omnibus
1547 3582 1714 3640 rebus
1764 3583 2002 3641 conditis

420 3666 644 3725 adorari
673 3667 888 3738 cogitat
910 3677 964 3724 et
987 3671 1270 3741 agnoscit,
1298 3686 1361 3727 ac
1387 3687 1582 3732 eorum
1615 3690 1738 3743 quae
1765 3673 1819 3730 in
1857 3683 2004 3731 terra

423 3759 596 3829 gessit
629 3769 684 3816 et
724 3761 988 3831 pertulit,
1023 3765 1368 3820 recordatur.
1401 3765 1674 3821 Caeterum
1703 3782 1834 3822 cum
1867 3785 2003 3840 ope-

425 3861 584 3907 rante
615 3851 780 3908 Verbi
813 3852 1056 3919 deitate,
1093 3871 1203 3927 qua
1244 3865 1445 3911 cuncta
1491 3866 1760 3928 reguntur
1799 3867 1854 3914 et
1903 3875 2005 3931 gu-

427 3943 761 4008 bernantur,
810 3945 1224 4010 communicat,
1279 3946 1465 4000 omnia
1520 3947 2007 4020 intelligens,co-

2175 3298 2390 3356 Εἰδέναι
2431 3298 2490 3354 δὲ
2547 3295 2654 3370 χρὴ
2707 3293 2821 3369 (47)
2872 3293 2948 3359 ὡς
2989 3295 3018 3349 ὁ
3052 3291 3209 3363 ᾇγιος
3243 3290 3410 3346 αὑτοῦ
3433 3289 3556 3354 νοῦς
3590 3291 3705 3345 καὶ

2102 3397 2200 3461 τὰς
2233 3392 2471 3464 φυσικὰς
2518 3388 2685 3444 αὑτοῦ
2726 3388 2945 3461 ἐνεργεῖ
3003 3385 3308 3457 ἐνεργείας,
3337 3383 3473 3438 νοῶν
3500 3401 3560 3436 τε
3590 3385 3704 3438 καὶ

2101 3486 2388 3557 γινώσκων
2421 3481 2644 3542 ὃτ-ιῑστι
2671 3479 2808 3536 Θεοῦ
2873 3477 3020 3545 νοῦς,
3077 3478 3174 3533 καὶ
3217 3478 3300 3532 ὅτι
3358 3476 3462 3531 ὑπὸ
3505 3476 3704 3548 πάσης

2105 3580 2497 3653 προσκυνεῖται
2534 3575 2638 3646 τῆς
2667 3573 2924 3637 κτίσεως,
2950 3571 3048 3626 καὶ
3074 3569 3427 3644 μεμνημένος
3463 3568 3573 3622 τῶν
3596 3567 3706 3622 ἐπὶ

2103 3671 2205 3744 τῆς
2233 3673 2336 3741 γῆς
2357 3666 2525 3723 αὑτοῦ
2551 3663 2846 3738 διατριϐῶν
2879 3681 2941 3722 τε
2981 3663 3077 3718 καὶ
3119 3660 3332 3726 παθῶν,
3369 3660 3706 3720 κοινωνεῖδὲ

2105 3763 2409 3836 ἐνεργούσῃ
2438 3763 2504 3831 τῇ
2553 3758 2648 3813 τοῦ
2703 3757 2878 3826 Λόγου
2906 3756 3143 3826 θεότητι,
3187 3756 3282 3809 καὶ
3303 3752 3566 3826 διεπούσῃ
3597 3753 3708 3808 καὶ

2108 3855 2240 3910 κυδε
2251 3853 2432 3925 ρνώσῃ
2446 3852 2507 3905 τὸ
2543 3851 2675 3914 πᾶν,
2712 3848 2872 3915 νοῶν,
2906 3847 3002 3902 καὶ
3024 3845 3335 3916 γινώσκων,
3353 3845 3448 3900 καὶ
3467 3845 3707 3912 διέπων,

2108 3949 2208 4018 οὑχ
2245 3946 2322 4009 ὡς
2388 3943 2542 4015 ψιλὸς
2590 3939 2883 4012 ἀνθρώπου
2941 3937 3089 4003 νοῦς,
3139 3937 3258 3994 ἀλλ’
3306 3937 3382 4002 ὡς
3413 3936 3532 4007 Θεῷ
3567 3936 3708 3998 καθ’

427 4045 744 4101 guoscens,
794 4040 850 4110 et
905 4032 1346 4100 administrans,
1400 4052 1508 4090 non
1565 4042 1626 4092 ut
1676 4039 1911 4109 simplex
1953 4057 1990 4097 et

2113 4040 2414 4098 ὑπόστασιν
2450 4035 2750 4108 ἡνωμένος,
2781 4031 2877 4088 καὶ
2893 4030 3030 4086 Θεοῦ
3058 4029 3182 4095 νοῦς
3198 4028 3566 4101 χρηματίσας.

422 4119 574 4176 nuda
594 4135 752 4179 mens
785 4121 1048 4187 hominis,
1076 4122 1173 4178 sed
1205 4132 1264 4178 ut
1293 4140 1416 4195 qua:
1450 4124 1559 4180 Deo
1590 4126 1894 4182 secundum
1914 4128 2010 4200 hy-

427 4214 705 4284 postasim
737 4214 893 4269 unita
921 4216 1018 4282 sit,
1048 4215 1260 4285 Deique
1290 4231 1446 4272 mens
1478 4217 1726 4273 exsistat.

505 4304 838 4364 Theandrica
864 4304 1062 4360 Christi
1085 4306 1249 4366 actio.
1268 4305 1496 4362 --.-Nihil
1527 4307 1693 4378 igitur
1717 4307 1863 4364 aliud
1889 4307 2012 4366 the~

431 4398 664 4456 andrica
697 4400 846 4454 actio
875 4399 1160 4466 declarat,
1191 4415 1357 4470 quam
1387 4400 1536 4472 quod
1565 4399 1675 4460 Deo
1701 4401 1851 4458 iacto
1872 4403 2012 4468 viro,

2185 4301 2359 4358 Τοῦτο
2380 4296 2472 4357 οὖν
2504 4299 2656 4372 δηλοῖ
2753 4296 3045 4371 θεανδρικὴ
3079 4297 3352 4368 ἐνέργεια,
3380 4297 3459 4352 ὃτι
3485 4295 3714 4372 ἀνδρων

2116 4393 2301 4454 θέντος
2332 4391 2494 4457 Θεοῦ,
2525 4391 2694 4461 ῆγουν
2726 4388 3270 4460 ἐνανθρωπήσαντος,
3291 4388 3388 4442 καὶ
3415 4390 3448 4460 ὴ
3484 4387 3714 4458 ἀνθρωο

434 4492 543 4546 hoc
575 4498 663 4547 est
686 4530 700 4556 ,
733 4491 1027 4546 incantato
1049 4528 1066 4554 ,
1098 4492 1342 4548 humana
1373 4508 1606 4564 quaaque
1647 4493 1825 4565 ipsius
1868 4497 1990 4551 actit

2119 4484 2247 4556 πίνη
2272 4483 2438 4536 αὑτοῦ
2466 4483 2716 4555 ἐνέργεια
2739 4480 2860 4534 θεία
2884 4476 2976 4549 ἦν,
3023 4480 3194 4550 ἤγουν
3234 4477 3566 4550 τεθεωμένη,
3601 4480 3714 4532 καὶ

432 4581 619 4639 divina
650 4590 803 4650 erat,
833 4583 954 4640 sive
982 4583 1239 4642 deiﬁcata
1261 4623 1276 4650 ,
1318 4599 1419 4642 nec
1443 4583 1644 4641 divina:
1676 4584 1852 4656 ipsius
1882 4601 2016 4655 ope—

2119 4577 2220 4630 οὑκ
2243 4575 2470 4647 ἄμοιρος
2500 4575 2598 4644 τῆς
2625 4571 2775 4636 θείας
2817 4571 2985 4626 αὑτοῦ
3044 4571 3349 4643 ἐνεργείας,
3391 4574 3484 4624 καὶ
3516 4571 3547 4640 ἡ
3574 4569 3718 4624 θεία

367 4675 666 4732 ~rationis
715 4690 960 4744 expers:
1011 4691 1354 4747 rursumque
1402 4676 1590 4732 divina
1645 4677 1825 4747 ipsius
1872 4678 1990 4734 sctit

2119 4667 2288 4723 αὑτοῦ
2316 4667 2566 4738 ἐνέργεια
2629 4665 2730 4719 οὑκ
2758 4664 2988 4736 ἄμοιρος
3020 4664 3120 4734 τῆς
3152 4662 3502 4734 ἀνθρωπίνης
3527 4661 3714 4716 αὑτοῦ

433 4768 691 4823 humanae
719 4767 902 4839 ipsius
939 4769 1182 4825 actionis
1216 4783 1415 4825 exsors
1454 4785 1564 4824 non
1603 4779 1766 4837 erat;
1817 4785 1990 4825 verun

2121 4761 2425 4833 ἐνεργείας,
2456 4759 2575 4815 ἀλλ’
2599 4757 2839 4829 ἑκατέρα
2883 4757 2982 4810 σὺν
3029 4759 3095 4827 τῇ
3131 4756 3295 4828 ἐτέρᾳ
3323 4752 3712 4827 θεωρουμένη.

434 4871 673 4931 utraque
725 4875 840 4922 una
893 4876 1020 4924 cum
1072 4863 1245 4924 altera
1299 4860 1782 4925 considerabam".
1835 4861 1990 4926 Porri

2122 4857 2358 4934 Λέγεται
2389 4855 2448 4918 δὲ
2477 4856 2505 4915 ὁ
2532 4851 2733 4926 τρόπος
2761 4845 2914 4916 οὗτος
2949 4849 3305 4931 περίφρασις,
3334 4849 3463 4904 ὅταν
3492 4864 3573 4914 τις
3603 4846 3718 4910 δύο

515 5035 561 5068 ⁸⁸
589 5035 700 5092 Leo
746 5036 960 5106 epis-Li.
997 5036 1066 5092 ad
1104 5035 1258 5094 Fiav.

1685 5187 1922 5245 νΑιιιΑι
1980 5186 2382 5245 LECTiONES.

516 5313 533 5351 ί
569 5312 728 5370 Deest
762 5314 1048 5385 ὑπάρχων,
1085 5314 1139 5370 in
1173 5312 1360 5371 editis.
1403 5310 1434 5354 3
1485 5312 1628 5367 Edit.
1683 5312 1792 5368 τῶν
1824 5311 1938 5364 δύο.
1983 5311 2010 5350 ιι
2041 5309 2106 5365 R.
2145 5310 2170 5364 ί
2210 5307 2369 5366 Colb.
2403 5308 2429 5362 1
2469 5307 2706 5362 πάντων.

1956 5443 2189 5499 NOTE.

513 5548 632 5621 (47)
671 5547 910 5604 Εὶόέναι
953 5549 1022 5603 δὲ
1060 5548 1200 5620 χρή.
1259 5547 1407 5621 Scire
1445 5555 1617 5621 autem
1651 5546 1863 5621 attinet,
1921 5551 2030 5621 etc.

437 5615 571 5676 Haec
594 5615 953 5687 transumpta
996 5615 1128 5689 puto
1155 5615 1224 5673 ex
1257 5619 1353 5672 lib.
1381 5635 1480 5673 vm
1508 5617 1742 5671 Joannis
1783 5615 2029 5689 _S_cytho-

2143 5541 2388 5596 Antirrh.
2432 5555 2516 5604 ιιι,
2547 5553 2600 5592 c.
2633 5537 2724 5606 59,
2765 5536 2928 5607 cujus
2957 5537 3140 5593 locum
3195 5537 3282 5593 hic
3317 5536 3554 5593 recitare
3592 5551 3718 5607 non

2142 5611 2278 5666 satis
2305 5609 2496 5666 refert.
2525 5604 2740 5664 Dixisse
2772 5604 3028 5672 suiﬁciat,
3052 5607 3373 5664 inductione
3404 5607 3508 5662 ista
3528 5604 3718 5660 evinci

435 5691 648 5759 politae.
695 5678 1252 5759 cujus'frag'mentum
1287 5689 1484 5743 lectum
1509 5696 1594 5759 est
1633 5696 1739 5759 aet.
1777 5685 1842 5738 ιθ
1867 5678 2033 5759 sextae
2145 5682 2438 5759 humanam
2465 5678 2667 5759 Christi
2705 5680 2976 5759 animam,
3015 5693 3114 5734 nec
3151 5689 3348 5748 mente,
3383 5692 3482 5736 uec
3509 5689 3720 5754 open.

430 5758 642 5838 synodi
674 5776 687 5813 :
717 5753 1012 5832 fusiusque
1045 5774 1106 5811 ea
1133 5761 1487 5834 prosequitur
1523 5756 1866 5832 Nicephorus
1915 5753 2020 5809 CP.

2129 5752 2284 5807 tione
2322 5750 2542 5826 propria
2569 5749 2836 5809 caruisse.
