3950 6304
164 388 173 393 ’
244 374 373 443 1081

1264 384 1361 444 DE
1430 386 1610 447 FIDE
1646 385 2109 457 ORTHODOXA
2186 392 2328 451 LIB.
2362 391 2479 451 IIl.

3355 397 3374 459 1
3384 399 3490 463 082

236 491 359 546 τινὰ
409 490 498 545 διὰ
533 490 665 561 μιᾶς
700 465 991 563 ’περιλάϐῃ
1033 492 1249 559 λέξεως.
1297 498 1511 568 Ὠσπερ
1550 499 1657 569 γὰρ
1690 499 1814 569 μίαν

1920 501 2118 555 modus
2162 502 2251 558 hic
2302 504 2565 574 loquendi
2623 505 2957 576 περίφρασις
2996 502 3221 568 dicitur,
3278 504 3496 569 quando

236 584 334 656 τὴν
354 582 705 653 τετμημένην
761 584 959 638 καῦσιν
1004 585 1255 657 λέγομεν,
1296 590 1504 660 καὶτὴν
1537 590 1814 660 κεκαυμέ-

233 693 332 745 νην
376 676 550 745 τομὴν
589 678 692 746 τῆς
736 682 1247 752 πεπυρακτωμένης
1294 685 1602 754 μαχαίρας,
1647 686 1814 756 ἄλλην

233 767 293 820 δὲ
322 767 606 837 ὲνέργειάν
635 785 817 838 φαμεν
840 769 938 841 τὴν
958 772 1154 842 τομὴν,
1183 774 1452 846 καὶᾶλλην
1471 774 1567 846 τὴν
1594 774 1809 842 καῦσιν,

234 859 330 910 καὶ
359 857 525 928 ἄλλης
558 859 655 912 καὶ
714 860 879 931 ἄλλης
938 861 1175 930 φύσεως,
1211 864 1305 918 τοῦ
1358 866 1457 936 μὲν
1509 868 1678 938 πυρὸς
1714 869 1813 939 τὴν

233 949 453 1014 καῦσιν,
496 949 589 1003 τοῦ
616 951 674 1004 δὲ
732 952 953 1023 σιδήρου
1002 954 1101 1023 τὴν
1143 957 1340 1026 τομὴν,
1382 956 1525 1012 οὕτω
1563 960 1655 1012 καὶ
1684 961 1813 1031 μίαν

232 1039 329 1091 τοῦ
350 1041 592 1111 Χριστοῦ
619 1041 941 1115 θεανδρικὴν
970 1043 1253 1116 ἐνέργειαν
1291 1049 1562 1117 λέγοντες,
1587 1050 1680 1105 δύο
1711 1053 1813 1119 τὰς

236 1134 519 1201 ἐνεργείας
547 1134 777 1206 νοοῦμεν
817 1137 928 1191 τῶν
960 1137 1053 1192 δύο
1098 1139 1316 1208 φύσεων
1348 1143 1534 1211 αὑτοῦ,
1584 1145 1680 1215 τῆς
1712 1147 1813 1217 μὲν

238 1229 495 1300 θεότητος
522 1228 712 1296 αὑτοῦ,
747 1231 845 1301 τὴν
885 1231 1058 1297 θείαν,
1118 1235 1219 1305 τῆς
1278 1235 1334 1289 δὲ
1393 1238 1813 1311 ἁνθρωπότητος

237 1321 425 1387 αὑτοῦ,
453 1321 552 1392 τὴν
579 1321 929 1395 ἀνθρωπίνην
966 1324 1267 1397 ἐνέργειαν.

724 1516 977 1571 necas.
1027 1516 1111 1571 κ’.
1158 1517 1323 1591 [san]

310 1607 459 1676 Περὶ
491 1606 611 1662 τῶν
654 1609 930 1678 φυσικῶν
974 1610 1071 1664 καί
1112 1612 1488 1680 ἁδιαϐλήτων
1512 1612 1739 1669 παθῶν.

323 1700 719 1772 ὐμολογοῦμεν
757 1702 869 1773 (48)
920 1703 997 1768 δὲ,
1031 1704 1114 1757 ὅτι
1149 1704 1326 1757 πάντα
1376 1705 1445 1758 τὰ
1484 1706 1689 1773 φυσικὰ
1718 1708 1813 1760 καὶ

237 1793 542 1863 ἀδιάϐλητα
594 1793 742 1865 πάθη
780 1796 796 1835 ί
832 1793 927 1848 τοῦ
978 1795 1269 1865 ἀνθρώπου
1318 1796 1602 1851 ἀνέλαϐεν.
1653 1798 1815 1851 Ὅλον

237 1885 348 1957 γὰρ
384 1886 477 1938 τὸν
522 1884 834 1956 ἄνθρωπον,
887 1886 984 1941 καὶ
1043 1887 1221 1941 πάντα
1270 1886 1340 1941 τὰ
1376 1886 1468 1944 τοῦ
1520 1886 1811 1959 ἀνθρώπου

236 1977 488 2038 ἀνέλαϐε.
516 1976 654 2047 πλὴν
690 1976 792 2046 τῆς
838 1977 1133 2050 ἁμαρτίας.
1167 1976 1314 2048 Αῦτη
1341 1977 1449 2048 γὰρ
1490 1978 1551 2032 οὐ
1607 1978 1809 2048 φυσική

238 2071 409 2131 ἐστιν,
443 2067 565 2120 οὐδὲ
595 2065 699 2119 ὑπὸ
736 2065 830 2119 τοῦ
875 2065 1222 2138 Δημιουργοῦ
1276 2068 1407 2136 ἡμῖν
1456 2068 1810 2137 ὲνσπαρεῖσα,

236 2160 355 2212 ἀλλ’
395 2162 457 2212 ὲκ
488 2159 587 2228 τῆς
621 2158 715 2211 τοῦ
746 2158 992 2213 διαϐόλου
1037 2160 1343 2229 ἐπισπορᾶς
1393 2159 1448 2212 ὲν
1477 2160 1542 2230 τῇ
1568 2157 1814 2231 ἡμετέρᾳ

237 2250 557 2322 προαιρέσει
585 2249 846 2311 ἑκουσίως
875 2248 1266 2319 συνισταμένη,
1288 2248 1349 2301 οὺ
1377 2247 1469 2319 βίᾳ
1496 2248 1653 2318 ἡμῶν
1677 2264 1815 2319 κρα-

232 2343 426 2396 τοῦσα.
464 2342 673 2397 Φυσικὰ
710 2342 766 2395 δὲ
798 2342 891 2399 καὶ
930 2341 1229 2411 ἀδιάϐλητα
1260 2340 1406 2412 πάθη
1448 2341 1577 2406 εἰσὶ,
1608 2339 1677 2393 τὰ
1715 2340 1815 2394 οὐκ

235 2435 324 2502 ἐφ’
350 2437 504 2504 ἡμῖν,
538 2435 635 2493 ὅσα
697 2435 761 2485 ὲκ
822 2432 922 2505 τῆς
966 2433 1059 2486 ἐπὶ
1093 2436 1160 2503 τῇ
1206 2432 1518 2502 παραϐάσει
1546 2433 1812 2502 κατακρί-

238 2543 379 2591 σεως
411 2530 489 2590 εἰς
517 2527 608 2579 τὸν
632 2524 977 2598 ἀνθρώπινον
1024 2525 1240 2596 εἰσῆλθε
1278 2525 1391 2594 βίον
1412 2542 1426 2555 ·
1482 2510 1605 2579 οἷον
1632 2527 1810 2591 πεῖνα,

237 2619 388 2687 δίψα,
412 2619 601 2681 κόπος,
626 2617 806 2681 πόνος,
840 2617 900 2670 τὸ
921 2617 1175 2689 δάκρυον,
1198 2617 1441 2690 ἡφθορὰ,
1470 2618 1503 2688 ἡ
1530 2616 1623 2670 τοῦ
1650 2616 1815 2671 θανά-

235 2728 331 2763 του
369 2709 725 2779 παραίτησις,
755 2708 1003 2778 ήδειλία,
1051 2709 1083 2778 ἠ
1117 2707 1347 2776 ἀγωνία,
1391 2707 1449 2772 ἐξ
1474 2702 1541 2779 ἦς
1573 2709 1621 2761 οἱ
1653 2706 1812 2780 ἱδρῶ-

234 2818 348 2863 τες,
382 2803 431 2853 οί
461 2800 688 2870 θρόμϐοι
744 2797 839 2852 τοῦ
868 2799 1125 2869 αἵματος,
1160 2800 1193 2869 ὴ
1232 2798 1321 2852 διὰ
1368 2797 1428 2852 τὸ
1454 2798 1678 2862 ἀσθενὲς
1716 2798 1814 2869 τῆς

237 2892 452 2958 φύσεως
489 2889 595 2944 ὑπὸ
650 2890 759 2943 τῶν
818 2888 1068 2958 ἀγγέλων
1140 2887 1379 2959 βοήθεια,
1442 2888 1537 2943 καὶ
1574 2886 1641 2942 τὰ
1705 2904 1815 2943 τοι·

234 2983 398 3048 αῦτα,
426 2982 585 3036 ἅτινα
615 2982 751 3035 πᾶσι
792 2983 904 3045 τοῖς
941 2980 1251 3051 ἀνθρώποις
1304 2979 1551 3048 φυσικῶς
1575 2979 1814 3050 ἐνυπάρ-

238 3093 332 3145 χου
341 3092 392 3128 σι
402 3114 416 3129 .

308 3333 493 3390 Πάντα
514 3333 696 3389 τοίνυν
732 3333 1019 3400 ἀνέλαϐεν,
1044 3333 1133 3387 ἵνα
1163 3334 1340 3388 πάντα
1372 3332 1594 3406 ἁγιάσῃ.
1638 3334 1817 3388 Ἐπει-

240 3426 424 3498 ράσθη
455 3427 549 3479 καὶ
578 3425 849 3497 ἐνίκησεν,
883 3425 973 3479 ἵνα
998 3425 1129 3496 ἡμῖν
1152 3424 1251 3497 τὴν
1278 3424 1434 3494 νίκην
1459 3426 1817 3497 πραγματεύ-

242 3536 426 3586 σηται,
462 3518 556 3570 καὶ
589 3517 662 3587 δῷ
692 3520 760 3588 τῇ
797 3516 956 3586 φύσει
990 3516 1221 3587 δύναμιν
1259 3518 1416 3588 νικᾷν
1450 3517 1541 3569 τὸν
1583 3517 1813 3571 ἀντίπα-

241 3610 354 3674 λον,
395 3610 541 3673 ὅπως
571 3611 603 3680 ἡ
631 3607 794 3677 φύσις
821 3611 855 3681 ἡ
899 3608 1067 3663 πάλαι
1100 3609 1417 3679 νικηθεῖσα,
1447 3610 1514 3663 δι’
1538 3603 1612 3663 ὧν
1652 3625 1815 3681 προτ-

239 3697 414 3752 ϐολῶν
440 3699 685 3771 ἐνικήθη,
716 3700 805 3754 διὰ
853 3698 1059 3754 τούτων
1093 3701 1290 3774 κινήσῃ
1328 3699 1420 3754 τὸν
1457 3700 1624 3754 πάλαι
1655 3702 1816 3771 νικήσ

241 3808 435 3845 σαντα.
1167 3805 1171 3809 ’

326 3878 385 3931 '0
407 3879 503 3948 μὲν
526 3874 620 3934 οὖν
672 3879 909 3951 πονηρὸς
969 3878 1081 3952 (i9)
1126 3878 1325 3945 ἔξωθεν
1363 3880 1719 3951 προσέϐαλεν,
1754 3881 1815 3936 οὐ

240 3971 333 4027 διὰ
356 3972 654 4043 λογισμῶν,
691 3971 881 4043 ῶσπερ
907 3975 1003 4027 καὶ
1048 3973 1128 4042 τῷ
1172 3972 1379 4043 Ἀδάμο
1426 3973 1664 4044 κάκείνῳ
1684 3974 1816 4047 γὰρ,

240 4062 306 4113 οὐ
331 4061 417 4113 διὰ
443 4060 743 4132 λογισμῶν,
780 4061 915 4115 ἀλλὰ
962 4061 1051 4116 διὰ
1088 4061 1182 4115 τοῦ
1235 4061 1440 4130 ὅφεως’
1467 4065 1495 4116 ὁ
1519 4062 1575 4116 δὲ
1613 4063 1820 4134 Κύριος

242 4153 345 4220 τὴν
386 4150 691 4221 προσϐολὴν
716 4152 1126 4223 ἀπεκρούσατο,
1175 4153 1269 4206 καὶ
1294 4152 1369 4217 ὡς
1412 4153 1617 4208 καπνὸν
1649 4155 1822 4210 διέλυ-

245 4258 362 4310 σεν,
387 4243 476 4296 ἵνα
512 4244 890 4315 προσϐαλόντα
917 4244 1067 4315 αὐτῷ
1097 4246 1163 4299 τὰ
1202 4244 1371 4315 πάθη,
1392 4247 1485 4299 καὶ
1504 4246 1817 4318 νικηθέντα,

312 4374 362 4411 ⁸⁵
391 4376 532 4437 Max.
568 4377 758 4448 Dogm.
786 4377 855 4433 ad
887 4375 1086 4435 Mat-in.
1121 4393 1175 4447 p.
1198 4378 1288 4436 43.

1917 591 2045 660 quis
2098 591 2207 645 duo
2258 594 2508 661 quaedam
2552 610 2660 649 una
2710 594 2958 649 dictione
3005 592 3393 662 complectitur
3425 599 3491 650 θ’.

1915 682 2393 749 Quemadmodum
2431 687 2579 740 enim
2624 686 2782 756 igniti
2825 686 2996 757 gladii
3039 686 3269 741 incisam
3323 700 3489 741 unam

1916 774 2224 839 ustionem,
2274 784 2440 845 atque
2489 777 2728 831 inustam
2776 779 3079 833 sectionem
3119 776 3400 842 dicimus,
3432 782 3489 832 et
3518 800 3527 831 ,·

1916 873 2094 919 tamen
2123 866 2422 923 sectionem
2458 868 2771 923 distinctam
2804 868 2873 922 ab
2912 868 3130 923 ustione
3167 884 3322 933 esse,
3356 883 3488 923 nec-

1915 970 2021 1008 non
2054 954 2196 1010 alius
2226 955 2480 1026 aliusque
2512 966 2725 1011 natura:
2755 960 3059 1012 asserimus
3083 975 3097 1024 ;
3125 959 3266 1027 ignis
3294 972 3488 1026 nempe

1914 1047 2183 1101 ustionem
2205 1088 2219 1114 ,
2249 1062 2313 1102 ac
2338 1048 2466 1103 ferri
2496 1049 2795 1104 sectionem
2823 1070 2834 1104 :
2871 1050 2937 1103 ad
2971 1050 3234 1103 eumdem
3264 1049 3484 1103 modum

1916 1136 2294 1192 theandricam
2323 1154 2486 1192 unam
2510 1139 2719 1195 Christi
2749 1139 3021 1193 actionem
3050 1138 3318 1201 dicentes.
3347 1138 3486 1193 duas

1914 1229 2201 1283 ambarum
2239 1230 2411 1299 ipsius
2441 1238 2769 1283 naturarum
2806 1229 3057 1284 actiones
3089 1228 3485 1297 intelligimus;

1912 1318 2221 1374 divinitatis
2263 1320 2514 1374 videlicet
2555 1320 2765 1389 ipsius,
2800 1319 3049 1375 divinam
3072 1358 3086 1380 ,
3120 1318 3485 1372 humanitatis

1912 1419 2093 1466 autem
2116 1450 2130 1476 ,
2161 1412 2459 1466 humanam
2495 1414 2789 1467 actionem.

2548 1501 2699 1560 CAP.
2738 1503 2855 1559 XX.

2089 1597 2160 1654 De
2193 1600 2530 1653 naturalibus
2562 1610 2609 1653 et
2643 1601 2931 1670 inculpatis
2960 1600 3316 1674 pastionibus.

1983 1690 2226 1745 lnnoxiw
2262 1694 2533 1761 passiones
2567 1709 2597 1744 a
2634 1690 2851 1747 Christo
2891 1692 3487 1762 assumptaﬂuaenam

1917 1782 2190 1836 naturales
2225 1793 2271 1837 et
2312 1783 2597 1852 inculpatae
2636 1784 2907 1852 passiones
2937 1784 3206 1838 humanm.
3237 1784 3488 1839 -—-Chri-

1915 1882 2059 1929 stum
2087 1889 2249 1943 porro
2282 1875 2588 1940 naturales,
2633 1876 2971 1945 minimeque
3008 1874 3487 1945 reprehendendas

1915 1966 2154 2024 hominis
2199 1968 2486 2037 passiones
2530 1967 2903 2036 assumpsisse
2954 1968 3301 2022 confitemur.
3347 1966 3482 2022 Nam

1914 2059 2160 2129 suscepit
2192 2066 2365 2114 totum
2401 2059 2677 2113 hominem
2700 2098 2716 2121 ,
2748 2066 2804 2112 et
2853 2074 3200 2129 quascunque
3240 2058 3487 2116 hominis

1914 2158 2080 2215 sunt,
2111 2160 2340 2220 excepto
2371 2158 2619 2220 peccato.
2659 2148 2843 2220 Neque
2876 2150 3023 2205 enim
3055 2149 3199 2203 istud
3237 2146 3489 2203 naturale

1914 2247 2020 2304 est,
2040 2256 2218 2310 neque
2241 2257 2270 2295 a
2293 2241 2553 2297 Creatore
2577 2242 2739 2298 nobis
2768 2242 2994 2298 insitum
3018 2259 3032 2307 ;
3075 2256 3262 2296 verum
3290 2254 3489 2310 super-

1913 2338 2131 2386 serente
2195 2328 2416 2385 diabolo
2480 2331 2535 2386 in
2586 2332 2760 2386 libera
2834 2338 3025 2386 nostra
3068 2331 3353 2386 voluntate
3393 2343 3490 2383 ex-

1914 2420 2126 2490 surgit,
2164 2434 2274 2475 non
2310 2427 2495 2475 tamen
2530 2429 2589 2474 ut
2622 2435 2720 2490 per
2769 2421 2876 2475 vim
2933 2419 3090 2474 nobis
3145 2419 3484 2474 dominetur.

1913 2510 2207 2567 Naturales
2244 2526 2407 2580 porro
2433 2519 2487 2566 et
2517 2511 2812 2582 inculpatae
2838 2506 3133 2581 passiones
3199 2509 3283 2562 lue
3317 2518 3443 2564 sunt
3467 2546 3485 2573 ,

1913 2618 2035 2675 quae
2068 2601 2123 2657 in
2158 2603 2393 2657 arbitrio
2426 2610 2617 2658 nostro
2646 2603 2768 2658 sita:
2801 2618 2912 2657 non
2952 2611 3124 2669 sunt;
3158 2616 3283 2672 qua:
3320 2600 3485 2654 nimi-

1913 2710 2036 2752 rum
2072 2696 2127 2749 in
2159 2695 2348 2750 violati
2381 2695 2645 2767 praecepti
2678 2710 2897 2767 poenam
2939 2695 3193 2749 humana:
3238 2694 3361 2749 vitae
3407 2691 3487 2745 ir-

1914 2796 2247 2858 repserunt:
2284 2786 2436 2842 velut
2478 2787 2683 2852 fames,
2725 2787 2884 2851 sitis,
2917 2784 3273 2855 defatigatio,
3308 2782 3484 2843 labor.

1914 2880 2192 2951 lacrymae,
2227 2880 2509 2944 interitus,
2546 2879 2745 2934 mortis
2781 2877 2928 2949 fuga,
2966 2882 3146 2931 metus
3180 2884 3235 2929 et
3260 2872 3485 2944 agonia,

1917 2986 1983 3026 ex
2017 2986 2122 3041 qua
2155 2970 2388 3027 sudores
2421 2978 2476 3025 et
2516 2968 2809 3041 sanguinis
2858 2975 3064 3039 guttze;
3106 2966 3375 3020 auxilium
3411 2962 3483 3018 ob

1919 3072 2129 3118 natura:
2152 3063 2527 3118 infirmitatem
2556 3063 2624 3117 ab
2652 3061 2861 3132 angelis
2892 3061 3120 3114 allatum
3144 3097 3158 3123 ,
3184 3059 3408 3127 aliaque
3431 3055 3485 3110 id

1833 3176 1881 3235 ε
1914 3155 2166 3224 generis,
2203 3168 2325 3223 quae
2377 3152 2600 3223 quidem
2652 3160 2853 3208 natura
2905 3153 3168 3208 universo
3199 3149 3487 3205 hominum

1916 3246 2107 3315 generi
2142 3244 2505 3300 conveniunt.

1985 3338 2186 3397 Omnia
2207 3338 2375 3409 igitur
2399 3336 2736 3408 assumpsit,
2762 3344 2820 3391 ut
2843 3334 3101 3390 omnibus
3131 3332 3485 3388 sanctitatem

1916 3431 2273 3487 conciliaret.
2310 3429 2580 3485 Tentatus
2619 3436 2742 3496 est,
2782 3428 3061 3497 vicitque,
3102 3434 3161 3480 ut
3198 3424 3486 3478 victoriam

1913 3521 2075 3578 nobis
2109 3527 2372 3591 pararet,
2405 3519 2817 3589 adversariique
2852 3516 3107 3573 vincendi
3140 3516 3248 3570 vim
3278 3521 3489 3570 natura

1915 3610 2198 3666 conferret
2229 3628 2243 3663 :
2280 3625 2392 3680 quo
2427 3609 2684 3666 videlicet
2718 3618 2915 3666 natura
2941 3604 3270 3678 jampridem
3304 3605 3447 3660 victa
3469 3643 3487 3669 ,

1917 3715 2014 3771 per
2044 3710 2185 3771 quos
2214 3699 2460 3755 insultus
2493 3706 2751 3769 superata
2778 3698 2992 3764 fuerat,
3025 3711 3127 3752 suo
3156 3694 3375 3752 tandem
3404 3695 3487 3750 vi~

1916 3790 2056 3844 ctori
2087 3788 2376 3844 victoriam
2409 3797 2785 3859 extorqueret.

1989 3881 2234 3937 Christus
2271 3891 2505 3936 tentatus
2542 3881 2739 3951 absque
2785 3881 2995 3935 interna
3042 3878 3390 3950 suggestione.
3418 3907 3488 3921 --

1911 3973 2181 4030 Caeterum
2215 3974 2394 4029 malus
2438 3974 2566 4033 ille.
2611 3974 2991 4036 extrinsecus,
3046 3988 3156 4027 non
3212 3973 3486 4043 suggestis

1913 4068 2076 4141 245
2108 4068 2545 4138 cogitationibus
2570 4068 2853 4123 Christum
2888 4068 3116 4123 adortus
3147 4073 3263 4129 est,
3293 4082 3486 4136 quem-

1915 4158 2211 4215 admodum
2246 4170 2302 4214 ct
2337 4160 2629 4214 Adamum.
2665 4158 2800 4213 Nam
2838 4175 2904 4213 ne
2938 4159 3092 4213 illum
3127 4158 3345 4229 quidem
3393 4171 3491 4226 per

1916 4250 2198 4308 immissas
2254 4252 2653 4324 cogitationes,
2696 4253 2790 4308 sed
2831 4267 2929 4323 per
2972 4260 3278 4319 serpentem
3319 4248 3489 4319 impe-

1552 4510 1786 4567 V'ARIAE
1825 4512 2226 4572 LECTIONES.

327 4628 343 4666 i
380 4623 483 4678 R2
514 4624 586 4680 92
610 4625 644 4679 5
681 4624 829 4696 πάθη
856 4624 1035 4696 ἡμῶν.
1056 4621 1117 4678 in
1158 4623 1436 4681 nonnullis
1460 4624 1679 4680 additur
1707 4626 1968 4682 ἀνέλαϐεν
1999 4630 2026 4682 ὁ
2049 4631 2304 4701 Χριστός.

1821 4765 2052 4822 ΝΟΤᾹΣ.

321 4881 926 4956 (ἇὸὶμὊμολογξοῦμενι
981 4879 1277 4956 Christum“
1304 4895 1503 4956 porro,
1542 4887 1648 4933 etc.
1708 4880 1810 4956 Qui
1852 4890 1893 4942 D
1920 4901 2057 4948 rem,
2094 4884 2315 4949 famem,
2359 4885 2532 4947 sitim,
2568 4886 2757 4956 plagas
2809 4896 2861 4940 et
2896 4891 3147 4956 mortem.
3184 4882 3488 4956 Argumen-

248 4948 364 5011 sint
406 4948 481 5007 illi
517 4948 873 5006 naturaleset
905 4952 1168 5019 inculpati
1199 4949 1428 5019 atiectus
1460 4948 1658 5003 Noster
1673 4952 1811 5006 satis

246 5021 600 5092 explicat.Ea
624 5021 688 5076 de
708 5038 764 5077 re
782 5018 1155 5091 disputaverat
1183 5018 1463 5092 Nyssenus
1493 5020 1586 5075 lili.
1614 5020 1813 5076 Contra

252 5088 652 5162 Apollinarem;
701 5088 947 5162 eamdem
1010 5104 1148 5162 vero
1178 5088 1462 5162 cramben‘
1487 5099 1815 5145 rccoxerunt

250 5158 441 5219 Patres
474 5164 679 5217 saeculo
711 5178 784 5224 τι,
815 5161 1079 5215 adversus
1125 5158 1678 5228 Aphthartodocetas,
1718 5176 1814 5215 seu

251 5231 747 5301 lncorrupticolas;
791 5247 856 5286 ex
908 5230 1111 5300 quibus
1164 5243 1310 5301 cum
1350 5240 1705 5301 quiereretur,
1748 5245 1815 5285 an

249 5301 456 5359 Christi
486 5296 617 5357 caro
637 5296 873 5355 obnoxia
900 5296 1044 5354 esset
1070 5296 1538 5369 perpessionibus,
1571 5314 1691 5366 qua;
1718 5316 1816 5352 na-

251 5381 392 5426 tui-ae
414 5380 619 5441 nostra?
649 5370 860 5441 peccati
889 5368 1079 5424 causa
1112 5368 1332 5441 inﬂicta:
1355 5374 1481 5421 sunt
1521 5369 1813 5441 responde-

254 5442 386 5494 bant
412 5438 693 5499 Dominum
720 5456 835 5500 eas,
872 5441 1057 5494 nescio
1088 5438 1668 5507 quagdispensatione,
1701 5455 1812 5493 non

253 5512 584 5566 necessitate
618 5519 829 5565 natura:
850 5505 1163 5563 admisisse.
1195 5505 1370 5572 Quam
1398 5508 1811 5577 responsionem

254 5579 518 5635 Leontius
549 5579 802 5641 exsutilat
835 5587 944 5634 act.
974 5579 1038 5632 10
1082 5578 1152 5631 De
1186 5577 1382 5647 sectis,
1436 5577 1527 5647 ubi
1582 5579 1813 5647 allegata

253 5652 479 5719 insuper
502 5654 825 5705 auctoritate
850 5648 1154 5711 Athanasii,
1180 5645 1528 5719 Nazianzeni,
1553 5656 1603 5701 et
1628 5645 1816 5717 Cyrilli

253 5718 497 5779 ostendit
530 5720 807 5774 Christum
845 5729 1064 5788 sponte,
1114 5734 1221 5770 non
1273 5718 1461 5779 invite,
1500 5720 1815 5786 suscepisse

250 5798 439 5851 motus
468 5790 732 5865 quosdam
768 5802 818 5846 ct
864 5787 1090 5845 allectus
1125 5787 1454 5860 inculpatos,
1490 5797 1620 5858 puta
1661 5789 1812 5847 dulo-

1918 4963 2032 5009 tum
2064 4956 2166 5007 hoc
2202 4956 2468 5022 prolixius
2511 4952 2827 5025 exsequitur
2864 4955 2918 5008 in
2962 4952 3107 5025 Dial.
3134 4952 3303 5025 contr.
3338 4955 3485 5025 Aph-

1921 5025 2314 5149 thartpgoretas
2352 5064 2367 5089 ,
2427 5026 2571 5081 velut
2620 5023 2674 5080 et
2730 5024 3055 5080 Anastasius
3115 5024 3169 5079 in
3222 5023 3438 5093 Ὀδηγῷ
3473 5063 3487 5088 ,

1921 5110 2040 5149 can.
2140 5134 2154 5149 .

1921 5110 2040 5149 can.
2070 5099 2154 5149 15.

1988 5110 2210 5235 I(393030
2236 5164 2354 5233 μὲν
2383 5162 2497 5222 οὖν
2527 5167 2823 5235 πονηρός,
2863 5163 3332 5235 σωιενιιιιιηιαιιιε
3366 5162 3488 5235 ille.

1926 5232 2283 5297 Athanasius,
2322 5237 2417 5289 lib.
2461 5236 2532 5289 De
2560 5237 2722 5289 saIut.
2756 5234 2980 5288 adventu
3019 5233 3240 5297 Christi,
3266 5232 3493 5301 perinde

1928 5306 2221 5373 respondet
2255 5307 2684 5374 Apollinaristis,
2725 5304 3033 5373 suscepisse
3084 5302 3359 5374 Christum
3396 5316 3491 5354 na-

1922 5372 2098 5455 turam
2131 5372 2448 5455 humanam,
2484 5391 2514 5428 a
2551 5376 2735 5455 pravis
2782 5372 3210 5453 cogitationibus
3237 5379 3332 5455 apt
3361 5386 3492 5426 con-

1920 5446 2277 5513 cupiscenlia:
2326 5442 2786 5515 suggestionibus
2811 5443 3132 5503 immunetn,
3163 5442 3343 5515 qualis
3373 5450 3492 5515 erat

1920 5510 2111 5568 Ad’ami
2145 5524 2359 5576 natura,
2393 5510 2613 5583 quando
2645 5512 2884 5566 nondum
2913 5518 3179 5580 praecepto
3212 5511 3412 5583 violato
3433 5510 3490 5564 in

1922 5585 2151 5638 vitiosas
2182 5580 2546 5653 cogitationes
2579 5584 2763 5651 lapsus
2801 5589 2925 5653 gerat
2953 5596 3089 5653 :_eas
3126 5580 3335 5653 quippe
3382 5594 3492 5634 non

1922 5653 2124 5707 inditas
2180 5650 2388 5708 natura»
2443 5650 2662 5719 nostrai,
2720 5650 2812 5707 sed
2867 5668 2892 5703 a
2954 5650 3175 5707 tliaholo
3235 5665 3491 5723 superscr

1922 5723 2179 5780 minatus.

2994 5894 3039 5912 θ’
