3950 6304
421 360 562 428 1.087

1596 361 1657 422 S.
1693 361 2016 425 JOANNIS
2044 365 2474 426 DAMASCENI

3553 361 3702 427 1088

417 473 491 528 sti
519 475 712 527 anima
742 485 808 524 ex
837 472 1027 525 unione
1073 480 1121 525 et
1147 479 1206 524 ut
1241 472 1292 525 in
1321 473 1494 541 capite
1519 482 1570 527 et
1599 473 1766 542 fonte.
1789 505 1864 518 —
1885 473 2019 531 Pro-

2127 479 2332 548 ριτι,τῇ
2359 476 2458 547 μὲν
2495 474 2682 546 ἡλικία
2715 474 2918 541 αὔξων,
2969 473 3058 527 διὰ
3078 473 3132 527 δὲ
3150 473 3247 545 τῆς
3277 472 3559 544 αὐξήσεως
3578 473 3702 545 (5'2)

417 563 586 619 ﬁcere
615 570 801 617 autem
840 562 1121 632 sapientia
1164 570 1220 618 et
1261 572 1426 619 aetate
1467 571 1524 620 et
1560 566 1739 635 gratia
1782 567 2000 623 idcirco

327 655 330 660 ’
418 653 624 708 dicitur
644 652 714 719 '°,
739 653 888 722 quod
911 661 1072 708 etate
1095 654 1318 723 quidem
1345 664 1626 712 cresceret
1651 672 1666 720 ;
1699 672 1796 728 per
1822 659 1999 714 aetatis

418 758 603 806 autem
639 758 1034 821 augmentum,
1089 750 1416 821 sapientiam
1472 767 1598 822 qua:
1631 752 1686 806 in
1739 767 1800 809 se
1842 763 1998 818 erat,

420 841 476 896 in
511 841 692 896 lucem
729 840 1051 911 proferret;
1083 857 1150 896 ac
1175 850 1471 912 propterea
1515 843 1664 913 quod
1715 843 1998 899 hominum

419 933 475 986 in
505 932 778 1000 sapientia
805 939 860 987 et
888 931 1066 1001 gratia
1097 947 1452 1002 progressum
1471 970 1489 996 ,
1521 940 1875 1004 patermeque
1901 949 2002 990 vo-

421 1022 653 1077 luntatis
679 1023 1052 1092 espletionem
1076 1062 1090 1086 ,
1129 1023 1233 1077 hoc
1260 1030 1348 1078 est
1368 1061 1384 1088 ,
1420 1023 1706 1077 hominum
1743 1024 1796 1077 in
1832 1023 2002 1079 Deum

424 1114 585 1171 ﬁdem
631 1124 798 1186 atque
841 1115 1118 1179 salutem,
1165 1113 1473 1183 profectum
1525 1130 1686 1168 suum
1739 1114 1999 1180 duceret,

425 1209 629 1277 ubique
661 1209 807 1276 quod
858 1215 1112 1262 nostrum
1146 1215 1266 1261 erat
1311 1205 1418 1260 sibi
1467 1206 1759 1262 vindicans
1790 1207 1859 1260 ".
1896 1207 2001 1272 Qui

425 1308 606 1355 autem
632 1299 712 1354 sic
734 1314 860 1354 eum
889 1298 1159 1368 sapientia
1191 1305 1245 1352 et
1273 1297 1449 1367 gratia
1479 1297 1786 1366 profecisse
1813 1300 1966 1352 aiunt
1986 1342 2000 1366 ,

427 1401 686 1461 tanquam
739 1389 935 1444 horum
989 1389 1393 1444 incrementum
1446 1389 1757 1457 acciperet,
1813 1404 1924 1444 non
1973 1405 2003 1444 a

429 1484 608 1556 primo
639 1483 826 1538 carnis
857 1490 988 1537 ortu
1025 1480 1231 1536 laetam
1263 1495 1391 1536 esse
1418 1480 1584 1552 24⁵1
1618 1481 1876 1536 unionem
1913 1497 2004 1538 as-

430 1581 661 1637 serunt,
699 1588 802 1628 nec
831 1572 1094 1626 unionem
1131 1572 1440 1626 secundum
1474 1571 1812 1641 bypostasim
1845 1580 2004 1626 tuen-

429 1674 562 1731 tur;
595 1679 787 1718 verum
825 1663 1132 1718 vanissimo
1163 1660 1420 1717 Nestorio
1456 1663 1642 1732 potius
1687 1661 2007 1716 auscultan-

2107 567 2209 638 τῆς
2243 567 2462 638 ἡλικίας
2481 566 2582 636 τὴν
2608 565 3027 638 ἐνυπάρχουσαν
3053 564 3202 634 αὐτῷ
3234 565 3426 634 σοφίαν
3470 565 3552 629 είς
3591 583 3704 633 φα-

2108 657 2339 728 νέρωσιν
2385 657 2534 726 ἄγων
2559 673 2572 688 ο
2601 655 2682 708 ἐτι
2713 654 2770 708 δὲ
2802 655 2901 725 τὴν
2929 653 3037 709 τῶν
3099 653 3403 724 ἀνθρώπων
3431 656 3492 707 ὲν
3527 655 3750 728 comic”

2109 747 2202 802 καὶ
2217 747 2400 819 χάριτι
2417 745 2722 817 προκοπὴν,
2739 745 2833 798 καὶ
2847 744 2944 817 τὴν
2956 743 3236 797 τελείωσιν
3257 743 3354 814 τῆς
3367 743 3459 796 τοῦ
3480 745 3704 814 [ἰατρὸς

2109 839 2378 903 εὐδοκίας,
2407 839 2573 910 ἤγουν
2591 838 2688 909 τὴν
2717 837 2824 891 τῶν
2845 836 3148 910 ἀνθρώπων
3172 837 3502 904 θεογνωσίαν
3517 855 3580 890 τε
3606 819 3714 891 ιιιαὶ⁹

2111 931 2406 1002 σωτηρίαν,
2428 929 2635 984 οίκείαν
2651 929 2938 1000 προκοπὴν
2959 929 3310 998 ποιούμενος,
3335 930 3430 982 καὶ
3451 919 3716 996 οἰκειούσί

2111 1001 2273 1094 μενοέ
2336 1021 2613 1092 πανταχοῦ
2637 1021 2698 1075 τὸ
2723 1021 3010 1092 ἡμέτερον.
3039 1023 3100 1076 Ol
3142 1021 3200 1075 δὲ
3222 1022 3555 1092 προκόπτειν
3602 1001 3717 1075 af»!

2067 1113 2072 1118 ’
2108 1112 2200 1165 τὸν
2227 1112 2479 1181 λέγοντες
2512 1113 2676 1184 σοφίᾳ
2705 1113 2800 1165 καὶ
2828 1111 3038 1183 χάριτι,
3073 1110 3148 1175 ὡς
3179 1111 3505 1182 προσθήκην
3569 1111 3704 1164 τοὺ-

2109 1221 2219 1258 των
2249 1204 2536 1276 δεχόμενον
2566 1245 2580 1270 ,
2609 1204 2708 1257 οὑκ
2737 1203 2795 1270 ἐξ
2821 1205 2998 1275 ἄκρας
3029 1203 3317 1272 ὑπάρξεως
3343 1207 3440 1274 τῆς
3492 1204 3705 1275 σαρκὸς

2111 1293 2438 1364 γεγενῆσθαι
2468 1294 2568 1365 τὴν
2602 1293 2802 1346 ἕνωσιν
2827 1293 3096 1362 λέγουσιν,
3127 1292 3251 1346 οὐδὲ
3285 1294 3385 1364 τὴν
3400 1293 3524 1346 καθ’
3562 1294 3706 1346 ὑπό-

2114 1400 2324 1451 στασιν,
2351 1385 2545 1439 ἕνωσιν
2581 1383 2966 1456 πρεσϐεύουσι,
2990 1383 3272 1454 Νεστορίῳ
3288 1383 3345 1436 δὲ
3371 1383 3448 1454 τῷ
3475 1384 3707 1455 ματαιό-

2114 1495 2271 1549 φρονι
2295 1477 2576 1549 πείθομαι.
2600 1475 2856 1548 σχετικὴν
2875 1477 3090 1539 ἕνωσιν,
3115 1475 3211 1530 καὶ
3227 1475 3392 1546 ψιλὴν
3416 1475 3708 1546 ἐνοίκησιν

2114 1569 2520 1642 τερατεῦονται,
2567 1569 2654 1640 μὴ
2703 1569 3106 1640 γινώσκοντες
3154 1566 3366 1638 μήτεᾰ
3419 1567 3702 1636 λέγουσι,

2109 1663 2264 1732 μήτε
2285 1663 2420 1731 περὶ
2478 1663 2666 1716 τίνων
2716 1661 3214 1715 διαϐεϐαιοῦνται.
3243 1661 3306 1713 Ei
3340 1659 3450 1729 γὰρ
3481 1659 3706 1728 ἀληθῶς

428 1764 514 1812 tes
535 1796 551 1821 ,
585 1756 844 1810 unionem
879 1753 1172 1824 quamdam
1219 1753 1528 1809 secundum
1576 1752 1923 1808 alfectionem
1953 1760 2006 1806 et

2125 1753 2302 1826 ήνὼθη
2325 1753 2404 1824 τῷ
2459 1754 2580 1825 Θεῷ
2635 1754 2849 1820 Λόγῳή
2905 1752 3042 1822 σὰρξ
3075 1751 3134 1817 ἐξ
3157 1751 3334 1822 ἄκρας
3384 1748 3706 1820 ὑπάρξεως.

431 1854 776 1917 respectum,
827 1860 892 1901 ac
935 1845 1140 1900 nudam
1190 1844 1646 1900 inltabitationem
1691 1845 2012 1916 prodigiose

2125 1849 2318 1919 μᾶλλον
2347 1847 2403 1900 δὲ
2418 1847 2477 1900 ὲν
2504 1845 2654 1916 αὐτῷ
2687 1843 2900 1916 ὑπῆρξε
2930 1845 3024 1898 καὶ
3047 1845 3147 1914 τὴν
3166 1839 3543 1910 ὑποστατικὴν
3564 1838 3709 1907 πρὸς

429 1939 680 2007 ﬁngunt,
720 1938 1014 1992 nescientes
1046 1953 1138 1991 nec
1177 1953 1297 2006 qua:
1329 1935 1548 2002 dicunt,
1589 1953 1680 1990 nec
1719 1938 1784 1990 de
1819 1938 2009 2007 quibus

2125 1941 2287 2014 abripi
2322 1939 2448 2010 ἔσχε
2495 1939 2824 2008 ταυτότητα,
2859 1936 2977 2001 πῶς
3025 1936 3087 1989 οὺ
3116 1935 3339 1997 τελείως
3395 1929 3711 1987 κατεπλού-

431 2029 698 2098 αῃίνηιαηι
727 2030 798 2082 ³³.
830 2026 967 2082 Nam
998 2027 1047 2084 si
1075 2041 1209 2084 caro
1239 2042 1269 2081 a
1301 2029 1483 2098 primo
1512 2029 1698 2082 statim
1729 2035 1852 2084 ortu
1883 2043 2012 2084 vere

2125 2049 2248 2102 εησε
2277 2033 2459 2085 πᾶσαν
2476 2031 2674 2100 σοφίαν
2702 2030 2796 2084 καὶ
2817 2029 3010 2101 χά”ριν;
3044 2028 3160 2081 Οὐκ
3191 2026 3330 2096 αὐτὴ
3354 2026 3452 2096 τῆς
3477 2024 3714 2094 χάριτος

432 2121 544 2176 Deo
572 2121 727 2174 unita
754 2128 874 2186 est;
908 2119 1020 2174 imo
1052 2120 1238 2190 potius
1267 2120 1321 2175 in
1344 2120 1466 2190 ipso
1493 2120 1739 2185 exstitit,
1768 2128 1824 2176 et
1849 2120 2009 2176 iden-

2125 2123 2632 2194 μεταλαμϐάνουσα,
2666 2120 2785 2174 οὐδὲ
2818 2119 2958 2174 κατὰ
2990 2119 3152 2192 χάριν
3197 2117 3308 2171 τῶν
3367 2116 3462 2170 τοῦ
3525 2115 3714 2181 Λόγου

433 2208 643 2264 titatem
670 2208 975 2264 secundum
1015 2208 1358 2280 hypostasim
1389 2223 1515 2262 cum
1543 2223 1610 2264 eo
1642 2209 1877 2273 habuit;
1914 2208 2010 2279 qui

2125 2213 2438 2284 μετέχουσα,
2463 2211 2594 2266 ἀλλὰ
2620 2211 2816 2283 μᾶλλον
2847 2211 2937 2264 διὰ
2963 2209 3061 2280 τὴν
3085 2207 3204 2262 καθ’
3237 2206 3538 2261 ὑπόστασιν
3565 2203 3714 2257 tvm-

432 2302 547 2358 lieri
598 2302 808 2371 potuit,
862 2309 922 2356 ut
974 2316 1085 2355 non
1136 2301 1395 2356 omnibus
1443 2316 1674 2371 prorsus
1723 2301 2008 2371 sapientiae

2125 2321 2201 2357 σιν
2225 2303 2335 2357 τῶν
2354 2303 2421 2357 ’τε
2445 2302 2822 2374 ἀνθρωπίνων,
2875 2302 2983 2356 τῶν
3015 2318 3075 2354 τε
3101 2299 3260 2353 θείων
3283 2297 3377 2352 τοῦ
3418 2297 3540 2358 ἑνὸς
3565 2297 3712 2366 Χρι-

430 2393 728 2463 gratiaeque
762 2392 986 2449 dotibus
1015 2392 1336 2450 adluxerit?
1367 2391 1486 2447 Non
1527 2394 1746 2463 quidem
1778 2401 1839 2448 ut
1881 2409 2008 2464 gra-

2125 2394 2244 2448 στοῦ
2264 2396 2596 2463 γεγονότωνσ
2627 2393 2817 2450 ἐπειδὴ
2837 2395 2865 2446 ὁ
2882 2392 3044 2456 αὐτος
3068 2388 3137 2463 ἦν
3174 2392 3308 2455 Θεός
3336 2407 3396 2444 τε
3444 2387 3581 2460 ὁμοῦ
3608 2389 3711 2440 καὶ

351 2549 361 2562 ἢ
429 2487 563 2540 tiam
596 2485 953 2556 participaret
977 2524 991 2547 ,
1027 2501 1128 2539 nec
1167 2500 1269 2555 per
1297 2485 1533 2555 gratiam
1574 2485 1630 2540 in
1665 2485 2010 2541 communio:

2125 2486 2402 2558 ἅνθρωπος
2470 2485 2568 2557 τὴν
2591 2486 2774 2557 χάριν.
2808 2486 2904 2540 καὶ
2928 2485 3030 2555 τὴν
3089 2483 3304 2552 σοφίαν,
3345 2483 3442 2536 καὶ
3479 2479 3716 2533 πάντων

428 2594 555 2634 nem
587 2595 780 2635 eorum
813 2594 938 2650 qua:
971 2578 1133 2635 Verbi
1163 2589 1321 2634 erant
1361 2578 1575 2635 veniret
1603 2596 1618 2645 ;
1656 2581 1789 2647 quin
1823 2578 2010 2648 potius

2125 2575 2225 2630 τῶν
2245 2575 2468 2644 ἀγαθῶν
2498 2574 2600 2646 τὴν
2651 2575 2972 2646 πληρότητα
3000 2573 3080 2644 τῷ
3106 2575 3298 2642 κόσμῳ
3353 2568 3604 2641 πηγάζου
3615 2585 3712 2623 σα.

429 2670 502 2725 ob
530 2670 792 2726 unionem
822 2671 970 2726 illam
1004 2671 1310 2725 secundum
1377 2671 1761 2741 hypostasim,
1826 2683 1954 2723 cum
2015 2666 2257 2721 humana
2305 2666 2606 2735 divinaque
2673 2666 2840 2721 unius
2880 2664 3088 2719 Christi
3146 2661 3368 2733 prepria
3420 2658 3562 2714 facta
3609 2674 3719 2714 es-

431 2771 590 2829 sent,
627 2765 830 2834 quippe
866 2767 960 2836 qui
1000 2765 1144 2821 Deus
1181 2765 1352 2820 simul
1391 2764 1667 2834 homoque
1704 2771 1826 2820 erat
1850 2805 1865 2830 ,
1896 2763 2174 2835 gratiam,
2202 2772 2258 2819 et
2297 2763 2627 2834 sapientiam
2651 2803 2666 2826 ,
2737 2768 2794 2817 et
2867 2760 3139 2815 bonorum
3210 2757 3455 2813 omnium
3529 2754 3724 2825 pleni-

430 2842 679 2910 tudinem
715 2855 888 2913 fontis
917 2858 1095 2914 instar
1129 2856 1338 2911 mundo
1369 2856 1698 2926 profuderit.

1004 2967 1164 3022 CAP.
1210 2965 1400 3022 XXIII.

1057 3077 1135 3134 De
1176 3079 1385 3133 timore.

2620 2960 2874 3014 ΚΕΦΔΛ.
2903 2960 3012 3012 κιν
3041 2957 3206 3032 ιΞΖἻ.

2701 3074 2842 3141 Περὶ
2870 3071 3120 3140 δειλίας.

509 3173 691 3229 Timor
708 3171 923 3242 duplex.
959 3171 1090 3239 Quis
1120 3171 1282 3224 timor
1311 3170 1596 3234 naturalis,
1625 3179 1748 3225 etut
1779 3171 1830 3224 in
1858 3169 2018 3225 Chri-

2189 3168 2263 3224 Τὸ
2299 3167 2398 3236 τῆς
2446 3166 2649 3231 δειλίας
2687 3166 2856 3238 ὄνομα
2915 3166 3112 3236 διπλῆν
3161 3164 3274 3235 ἔχει
3319 3163 3418 3235 τὴν
3469 3162 3718 3219 ἔννοιαν.

435 3268 538 3313 sto.
557 3289 625 3301 -—-
645 3259 885 3314 Timoris
913 3275 1113 3314 nomen
1135 3258 1414 3329 duplicem
1455 3259 1618 3315 habet
1644 3260 2009 3315 intellectum.

437 3349 534 3406 Est
561 3351 706 3407 enim
758 3351 922 3405 timor
957 3351 1250 3416 naturalis,
1298 3350 1520 3421 quando
1571 3351 1755 3405 anima
1795 3350 2014 3422 sejungi

439 3459 549 3497 non
584 3442 758 3496 vulta
809 3456 1043 3512 corpore
1095 3442 1166 3497 ob
1212 3443 1524 3498 naturalem
1577 3442 1920 3499 allectionem
1962 3453 2018 3499 et

438 3531 927 3599 necessitudinem,
957 3533 1050 3604 qui
1083 3548 1150 3589 ex
1182 3533 1417 3603 ipsomet
1453 3540 1579 3588 ortu
1616 3533 1684 3588 ab
1715 3533 1916 3603 opitlce
1965 3531 2015 3588 ei

440 3623 605 3680 insita
657 3633 765 3689 est,
821 3639 929 3694 qua
963 3624 1023 3677 lit
1081 3633 1140 3678 ut
1210 3624 1586 3694 pertimescat,
1649 3633 1906 3693 angatur,
1963 3629 2019 3678 et

441 3722 672 3770 mortem
710 3725 948 3772 recuset.
983 3715 1156 3785 Cujus
1196 3715 1416 3776 timoris
1448 3715 1563 3770 haec
1603 3715 1853 3771 deﬁnitio
1888 3724 2015 3771 est:

441 3805 634 3862 Timor
667 3807 938 3861 naturalis
982 3816 1066 3862 est
1100 3808 1182 3862 vis
1221 3809 1326 3864 sibi
1368 3823 1494 3864 esse
1539 3807 1854 3868 vindicandi
1889 3823 2017 3864 cum

443 3898 827 3954 contractione
855 3897 922 3952 ”.
955 3897 1091 3952 Nam
1123 3899 1254 3970 quia
1283 3909 1488 3955 cuncta
1513 3915 1578 3956 ex
1611 3899 1788 3954 nihilo
1815 3915 1844 3954 a
1881 3899 2023 3954 Con-

443 3987 624 4044 ditore
667 4003 854 4043 rerum
903 3989 1170 4061 producta
1219 4000 1366 4055 sunt,
1436 3989 1648 4046 idcirco
1704 3991 2026 4045 naturaliter

444 4094 572 4136 esse
605 4088 892 4150 appetunt,
939 4081 1373 4152 haudquaquam
1430 4096 1558 4136 vero
1597 4097 1706 4137 non
1750 4097 1896 4136 esse.
1931 4080 2027 4135 llis

445 4178 628 4225 autem
676 4187 706 4226 a
739 4181 937 4227 natura
992 4174 1278 4244 proprium
1329 4179 1436 4237 cst,
1467 4181 1527 4226 ut
1569 4173 1622 4226 in
1658 4187 1720 4226 ea
1758 4171 2026 4238 ferantur,

443 4279 686 4334 quorum
721 4281 824 4336 ope
854 4267 1190 4322 consistunt.
1225 4264 1500 4331 Quocirca
1549 4263 1642 4318 Dei
1691 4279 1910 4333 quoque
1941 4261 2031 4317 Fi-

449 4355 582 4424 lius,
617 4371 742 4412 cum
789 4355 974 4412 lactus
1011 4364 1158 4410 esset
1190 4355 1379 4419 homo,
1418 4354 1564 4409 hunc
1596 4354 1895 4424 appetitum
1932 4354 2029 4408 ha-

505 4538 563 4571 ”
595 4538 729 4594 Luc.
760 4556 821 4605 ιι,
863 4539 951 4594 52.
1029 4540 1071 4572 ⁶¹
1103 4538 1267 4609 Grcg.
1306 4539 1436 4596 Naz.
1465 4548 1603 4598 orat.
1636 4539 1707 4595 20
1744 4549 1800 4598 et
1827 4540 1917 4598 36.

2123 3261 2281 3313 Ἐστι
2325 3259 2436 3330 γὰρ
2465 3258 2638 3313 δειλία
2685 3258 2912 3328 φυσικὴ,
2959 3259 3034 3329 μὴ
3067 3256 3330 3326 θελούσης
3377 3255 3480 3325 τῆς
3523 3254 3721 3324 ψυχῆς

2119 3351 2460 3422 διαιρεθῆναι
2483 3351 2576 3405 τοῦ
2616 3351 2892 3422 σώματος,
2920 3351 3008 3407 διὰ
3053 3350 3154 3422 τὴν
3185 3350 3246 3415 ἐξ
3269 3349 3448 3420 ἀρχῆς
3481 3349 3588 3402 ὑπὸ
3615 3347 3719 3406 τοῦ

2121 3442 2466 3515 Δημιουργοῦ
2489 3442 2802 3497 ὲντεθείσαν
2826 3444 2964 3514 αὐτῇ
2993 3441 3234 3512 φυσικὴν
3265 3440 3622 3512 συμπάθειαν
3652 3457 3716 3492 τε

2123 3534 2218 3587 καὶ
2238 3534 2573 3603 οἰκειότητα.
2596 3534 2664 3586 δι’
2689 3535 2757 3604 ἣν
2786 3533 3038 3603 φυσικῶς
3074 3535 3325 3602 φοϐεῖται
3358 3534 3453 3587 καὶ
3494 3535 3717 3603 ἀγωνιᾷ

2127 3624 2222 3679 καὶ
2251 3626 2606 3694 παραιτεῖται
2634 3624 2724 3681 τὸν
2755 3624 3010 3690 θάνατον,
3044 3619 3114 3698 ἦς
3151 3625 3278 3696 ὅρος
3301 3640 3316 3655 °
3359 3623 3500 3679 κατὰ
3546 3622 3717 3692 φύσιν

2131 3715 2304 3772 δειλία
2337 3716 2456 3768 ἐστὶ
2486 3715 2718 3786 δύναμις
2753 3717 2896 3772 κατὰ
2945 3717 3213 3788 συστολὴν
3265 3715 3360 3772 τοῦ
3385 3717 3542 3778 ὄντος
3580 3715 3717 3768 ἀνθ-

2128 3808 2423 3875 εκτική.Εί
2451 3808 2560 3880 γὰρ
2588 3810 2653 3863 ὲκ
2680 3809 2774 3862 τοῦ
2803 3808 2878 3880 μὴ
2904 3809 3057 3873 ὄντος
3085 3811 3166 3873 είς
3187 3810 3248 3863 τὸ
3279 3804 3421 3863 εἶναι
3448 3807 3718 3880 παρήχθη

2130 3899 2236 3952 ὑπὸ
2274 3897 2367 3950 τοῦ
2400 3897 2749 3969 Δημιουργοῦ
2797 3899 2869 3952 τὰ
2900 3900 3100 3967 πάντα,
3132 3899 3226 3952 τοῦ
3285 3896 3429 3952 εἶναι
3453 3941 3467 3963 ,
3515 3899 3611 3950 καὶ
3647 3898 3715 3950 οὐ

2129 3989 2224 4044 τοῦ
2263 3989 2340 4061 μὴ
2375 3984 2517 4042 εἶναι
2561 3989 2664 4060 τὴν
2706 3989 2894 4059 ἔφεσιν
2947 3990 3061 4062 ἔχει
3094 3977 3360 4062 φυσικῶς.
3389 3990 3610 4044 Τούτων
3658 3988 3720 4042 δὲ

2133 4079 2278 4134 κατὰ
2319 4079 2483 4149 φύσιν
2515 4081 2724 4150 ίδιον,ή
2755 4081 2896 4152 πρὸς
2921 4081 2988 4134 τὰ
3025 4082 3325 4135 συστατικὰ
3359 4081 3531 4152 ὁρμή’
3568 4079 3668 4134 καὶ
3690 4083 3724 4136 ὑ

2133 4171 2269 4236 Θεὸς
2299 4173 2482 4242 Λόγος
2505 4175 2688 4228 τοίνυν
2715 4174 3004 4246 ἅνθρωπος
3036 4177 3329 4246 γενόμενος
3353 4175 3477 4244 ἔσχε
3506 4174 3722 4244 ταύτην

2137 4265 2238 4335 τὴν
2262 4263 2474 4335 ἔφεσιν,
2514 4267 2572 4320 ἐν
2600 4266 2699 4337 μὲν
2729 4269 2842 4331 τοῖς
2873 4269 3218 4330 συστατικοὶς
3249 4267 3350 4337 τῆς
3377 4266 3590 4336 φύσεως
3615 4267 3721 4337 τὴν

2140 4354 2322 4426 ὁρμὴν
2351 4355 2731 4428 ἐνδειξάμενος
2762 4357 3022 4428 βρώσεως
3051 4377 3109 4412 τε
3137 4359 3233 4414 καὶ
3279 4359 3511 4423 πόσεως,
3541 4357 3724 4412 ὕπνου

2017 4543 2062 4583 ⁸³
2093 4539 2281 4600 [Tim.
2321 4558 2359 4608 ι,
2390 4545 2444 4598 7.
2525 4545 2570 4578 "
2621 4542 2762 4601 Max.
2799 4541 2945 4598 Dial.
2981 4559 3102 4598 cum
3139 4531 3369 4613 Pyrrho.

1835 4688 1856 4702 “
1963 4693 2196 4751 NOTAE.

1836 4695 1856 4702 ,
1963 4695 2019 4748 Νι

520 4786 634 4862 (52)
662 4787 762 4862 Διά
786 4786 974 4862 δὲΑῈῆς
1023 4788 1326 4862 αὑξήσεως.
1348 4788 1462 4862 Per
1489 4791 1886 4862 a'tatisautem,
1912 4799 2019 4862 etc.

2125 4695 2196 4751 Ε.
2727 4729 2734 4736 -

2130 4799 2386 4862 enarrat;
2441 4799 2562 4862 tum
2588 4790 2774 4862 alium
2829 4790 2993 4862 addit
3029 4805 3113 4862 ex_
3139 4787 3402 4862 Iheologi
3443 4798 3584 4847 orat.
3622 4795 3717 4849 56.

449 4858 804 4921 Athanasius,
853 4858 949 4914 lib.
979 4873 1032 4910 tv
1055 4858 1212 4914 Cont.
1259 4859 1510 4924 Arianos,
1546 4861 1692 4915 haud
1723 4863 1833 4915 alio
1863 4861 2026 4916 modo

447 4929 730 5002 Christum
779 4927 1084 5002 profecisse
1128 4929 1401 5002 sapientia
1431 4939 1649 5002 censet,
1698 4947 1861 5002 quain
1912 4946 2030 5002 amf-

450 4999 608 5071 pliori
630 4997 852 5071 deitatis
869 5014 984 5052 sua:
1009 4997 1352 5071 ostenSione,
1379 4997 1782 5071 συνεπιδέδοέαι
1805 5003 1862 5055 ἐν
1882 5001 2030 5071 αὐτῷ

449 5067 483 5141 ἦ
511 5070 611 5142 τῆς
639 5068 895 5142 θεότητος
940 5067 1268 5142 φανέρωσις.
1303 5069 1413 5125 Nec
1441 5071 1651 5126 abludit
1691 5067 2030 5142 Theologus',

449 5085 483 5141 η
511 5087 611 5138 της
639 5085 762 5122 υεοτ
803 5085 895 5131 τος
981 5085 1268 5138 ανερωσις.
1303 5085 1413 5125 nec
1441 5085 1651 5126 abludit
1691 5085 2030 5142 't‘neOIogus,

449 5140 611 5210 epist.
653 5141 704 5207 1,
733 5085 800 5194 a3
833 5085 1065 5210 Clejon.
1104 5139 1158 5192 in
1190 5155 1296 5208 qua
1331 5142 1654 5208 Apollinarii
1685 5141 2032 5198 criminatio-

452 5208 552 5266 nes
573 5208 993 5282 propulsatrAt
1024 5221 1173 5282 orat.
1209 5209 1302 5274 20,
1324 5212 1666 5282 humanitati
1695 5227 1915 5282 quoque
1941 5227 2035 5267 ac-

451 5280 751 5336 crctioném
801 5280 1087 5350 sapientiae
1124 5281 1428 5336 accessisse
1475 5291 1656 5350 negat.
1705 5280 2036 5341 Proﬁciebat

451 5361 507 5403 ut
528 5352 951 5422 tetatetinquit,
982 5352 1059 5406 sic
1098 5360 1144 5422 et
1188 5351 1451 5419 sapientia
1479 5367 1498 5414 ;
1531 5353 1605 5404 Οὐ
1631 5351 1709 5420 τῷ
1738 5351 2039 5422 λαμϐάνειν.

449 5419 624 5492 ταῦτα
644 5419 892 5492 αὔξησιν,
915 5439 1018 5476 ιιοιι
1039 5419 1220 5492 utr/two
1234 5423 1610 5476 incrementum
1629 5419 1868 5491 caperent
1891 5421 2038 5492 (nam

451 5491 548 5544 illo
577 5491 667 5562 qui
707 5492 774 5562 ab
801 5493 956 5562 initio
986 5491 1252 5561 perfectus
1290 5492 1414 5560 fuit,
1452 5493 1579 5562 quid
1617 5509 1726 5547 esse
1754 5491 2036 5561 perfeetius

451 5560 660 5630 queat),
694 5560 832 5633 ἀλλὰ
882 5562 961 5631 τῷ
989 5560 1152 5633 κατὰ
1183 5562 1398 5633 ,μικρὸν
1441 5560 1619 5616 ταῦτα
1644 5560 2036 5632 παραγομνοῦ-

454 5635 600 5694 σθαι,
669 5631 763 5682 καὶ
793 5631 1280 5700 παρεκφαίνεσθαι,
1307 5631 1403 5687 sed
1433 5649 1552 5686 cum
1575 5631 1772 5687 sensim
1801 5649 1863 5688 ea
1889 5634 2032 5688 dete-

453 5710 725 5772 gerentur,
753 5709 802 5752 et
836 5701 1107 5772 inducent
1147 5702 1437 5769 prodirent.
1462 5704 1720 5758 Concinit
1767 5703 2031 5772 Cyrillus.

446 5767 546 5830 iii).
584 5786 648 5828 ιιι
686 5767 837 5824 Com.
896 5767 1404 5842 Nestora—quorum
1443 5789 1664 5829 scusqu
1697 5767 1892 5829 Noster
1941 5773 2029 5828 hic

2131 4859 2188 4917 S.
2214 4861 2503 4923 Maximus,
2532 4859 2672 4916 Dial.
2692 4877 2812 4914 cum
2835 4860 3028 4928 Pyrrh.
3049 4860 3117 4915 ad
3139 4859 3518 4916 Nestorianani
3537 4863 3722 4918 labem

2135 4933 2397 5002 accedere
2441 4933 2538 4994 ait,
2574 4931 2828 5000 quisquis
2871 4931 3162 5002 Dominum
3211 4930 3549 5002 addiscendo
3579 4948 3718 5002 pro-

2131 5001 2332 5057 fecisse
2369 5001 2548 5068 dicat;
2579 4999 2681 5057 nec
2711 4999 2966 5056 dissentit
3007 5008 3200 5054 auctor
3239 4999 3607 5066 Quwstionuni
3647 5003 3720 5056 ad

2132 5073 2475 5130 orthodosos
2515 5072 2659 5127 inter
2683 5086 2851 5140 opera
2877 5069 3087 5126 Justini
3124 5069 3195 5126 Μ.
3227 5069 3500 5136 Quocirca
3525 5073 3724 5127 mirari

2134 5143 2308 5206 subit,
2357 5139 2648 5196 Leontium
2681 5139 2948 5211 Agnoetis
2995 5141 3342 5196 concessisse
3389 5141 3723 5208 Christum;

2139 5229 2248 5281 qua
2297 5217 2462 5266 homo
2499 5223 2640 5276 erat,
2672 5213 2840 5265 multa
2873 5211 3197 5281 nesciyisse,
3232 5227 3366 5281 qua:
3390 5211 3724 5280 proﬁciendo

2141 5279 2411 5350 sapientia
2437 5289 2492 5336 et
2519 5289 2683 5336 aetate
2713 5282 2995 5336 didicerit.
3023 5279 3261 5350 Legerat
3296 5279 3484 5349 utique
3517 5283 3723 5336 librum

2140 5352 2414 5406 Ambrosii
2453 5351 2524 5405 De
2562 5351 2950 5421 incarnatione,
2981 5353 3075 5419 qui
3105 5350 3726 5421 a'~temporibusprc-

2141 5421 2248 5476 sini
2288 5422 2511 5478 concilii
2536 5421 2590 5475 in
2630 5422 2868 5490 linguam
2895 5419 3140 5476 Graecam
3171 5435 3476 5476 conversus
3519 5419 3723 5482 fuerat,

2141 5501 2196 5546 et
2227 5492 2281 5545 in
2321 5508 2431 5561 quo
2458 5490 2662 5546 dicitur
2691 5491 2948 5545 Christus
2993 5491 3316 5560 profecisse.
3343 5501 3505 5546 wtate
3546 5491 3724 5544 nomi-

2145 5563 2248 5628 nis,
2273 5563 2348 5614 ita
2377 5572 2425 5616 et
2451 5562 2717 5630 sapientia
2752 5562 2981 5615 hominis
3005 5575 3021 5613 :
3051 5561 3195 5615 unde
3220 5563 3569 5616 concluditur
3589 5575 3726 5614 con-

2143 5640 2228 5686 tra
2263 5632 2634 5700 Apollinarem
2665 5631 2723 5689 in
2753 5648 2819 5684 eo
2855 5631 3027 5687 fuisse
3063 5647 3310 5694 sensum,
3357 5647 3454 5687 seu
3485 5639 3725 5685 tuentem

2145 5702 2403 5774 hominis.
2441 5701 2588 5774 Idem
2617 5711 2894 5774 repercrat
2932 5701 2984 5757 in
3019 5701 3159 5758 libro
3194 5701 3424 5774 Nysscni
3455 5700 3732 5762 adversus

2138 5772 2286 5828 hunc
2330 5770 2758 5841 lucreticum,n.
2794 5770 2884 5828 ‘28.
