3950 6304
141 261 279 328 1089

1208 257 1302 320 DE
1340 258 1515 319 FIDE
1545 255 2007 318 ORTHODOXA
2052 256 2196 316 LIB.
2232 252 2344 317 III.

3268 250 3406 322 1090

136 388 197 424 τε
224 369 536 440 ἐφιέμενος,
572 368 666 421 καὶ
699 369 943 436 φυσικῶς
975 368 1032 420 ὲν
1064 366 1229 438 πείρᾳ
1257 366 1462 420 τούτων
1496 366 1709 435 γενόμε-

1833 365 1972 427 buit,
2002 380 2159 421 suam
2191 365 2411 434 quidem
2446 377 2575 433 erga
2619 361 2710 417 illa
2750 376 2871 433 quae
2912 370 3164 418 naturam
3198 365 3404 418 consti-

135 473 257 522 νος·
295 459 353 510 ὲν
388 456 445 509 δὲ
476 458 587 518 τοῖς
622 455 943 527 φθαρτικοῖς
976 454 1072 524 τὴν
1124 455 1402 525 ἀφορμὴν,
1434 454 1510 517 ὡς
1552 455 1609 506 ἐν
1641 451 1709 522 τᾷ

1829 466 1996 510 luunt
2046 456 2471 525 propensionem
2524 454 2846 519 ostendens,
2905 462 3020 507 tum
3061 454 3172 507 cibi
3214 464 3403 523 potus-

136 547 314 619 καιρῷ
347 546 554 609 πάθους
584 546 849 608 ἑκουσίως
899 546 997 616 τὴν
1046 546 1180 616 πρὸς
1213 545 1306 599 τὸν
1354 544 1585 599 θάνατον
1625 563 1717 597 συ-

131 639 330 709 στολὴν
354 636 707 709 ποιήσασθαι.
735 638 796 689 Εἰ
817 638 924 707 γάρ
942 637 1046 705 καὶ
1068 637 1218 706 νόμῳ
1250 636 1466 705 φύσεως
1503 638 1716 705 ἐγίνετο

130 732 199 782 τὰ
230 728 525 799 γινόμενα,
585 727 699 780 ἀλλ’
752 718 815 778 οὐ
869 726 993 780 καθ’
1052 728 1201 797 ἡμᾶς
1254 726 1710 797 ⁴ἢναγκασμένως.

144 817 445 879 Ἑκουσίως
474 816 584 887 γὰρ
619 816 689 870 τὰ
724 815 934 885 φυσικὰ
962 816 1133 869 θέλων
1170 816 1519 884 κατεδέξατο.
1545 818 1712 871 Ὥστε

130 909 274 977 αὑτὴ
302 909 335 978 ἡ
365 907 562 972 δειλία,
597 908 693 960 καὶ
726 909 753 959 6
783 906 969 976 φόϐος,
1004 909 1099 962 καὶ
1135 910 1167 979 ἡ
1196 909 1428 976 ἀγωνία,
1471 908 1580 962 τῶν
1612 927 1711 978 φυ-

133 998 302 1052 σικῶν
337 1001 453 1051 ἐστι
494 998 589 1052 καὶ¹
627 1000 970 1069 ἀδιαδλήτων
1004 999 1214 1065 παθῶν,
1247 1001 1342 1053 καὶ
1384 999 1460 1071 μὴ
1489 1001 1712 1054 ὑποκει-

137 1092 317 1160 μένων
339 1092 611 1162 ἁμαρτίᾳ.

1825 563 1930 616 que
1963 558 2017 601 et
2066 546 2245 601 somni
2296 546 2623 615 cupiditate,
2694 552 2809 599 tum
2875 543 3023 599 facto
3081 544 3281 599 horum
3332 560 3400 600 ex

1822 648 2035 695 natura:
2064 637 2281 707 legibus
2326 636 2619 705 periculo;
2654 637 2709 691 in
2747 638 2817 692 iis
2857 644 3040 690 autem
3086 651 3209 706 quae
3262 637 3403 690 inte-

1821 728 1986 781 ritum
2054 728 2301 796 pariunt,
2348 726 2532 798 fugam
2593 727 2964 795 praetendens,
3006 736 3067 780 ut
3121 727 3401 796 passionis

1820 825 2066 887 tempore
2097 818 2291 872 mortis
2337 819 2534 872 timore
2575 818 2886 871 voluntarie
2928 818 3400 886 compressionem

1819 907 2124 963 admiserit.
2176 908 2501 978 Quanquam
2543 909 2689 962 enim
2743 917 2956 961 naturae
3006 908 3125 976 lege
3171 907 3398 975 ﬁebant,

1819 1016 1942 1071 qua:
1974 1002 2214 1068 fiebant;
2244 1011 2300 1055 at
2332 1016 2443 1055 non
2480 1008 2541 1053 ut
2573 999 2630 1052 in
2667 998 2828 1053 nobis
2867 999 2918 1051 vi
2951 1006 3005 1053 et
3058 997 3397 1054 necessario.

1817 1094 1891 1147 Ea
1939 1093 2208 1163 siquidem
2256 1107 2379 1163 quae
2425 1101 2626 1145 natura
2674 1100 2855 1154 erant,
2899 1099 3100 1159 sponte
3133 1099 3187 1144 et
3220 1091 3400 1146 libens

130 1182 395 1249 suscepit.
436 1180 511 1233 Ac
545 1178 772 1248 proinde
814 1189 988 1233 metus
1015 1177 1128 1244 hic,
1164 1188 1219 1234 et
1259 1179 1578 1250 trepidatio,
1611 1196 1916 1251 pavorque,
1966 1182 2240 1237 naturalis
2304 1190 2361 1237 et
2417 1180 2720 1252 inculpata,
2766 1196 2870 1236 nec
2942 1180 3196 1251 subjecta
3273 1195 3399 1249 pec-

128 1281 255 1325 cato
282 1270 497 1324 aiicctio
537 1278 642 1324 est.

203 1363 362 1415 Ἐστι
386 1355 546 1415 πάλιν
571 1362 765 1428 δειλία,
790 1363 823 1432 ἡ
852 1372 916 1415 ἐκ
948 1363 1241 1433 προδοσίας
1273 1366 1551 1436 λογισμῶν
1579 1382 1708 1419 συν-

129 1454 424 1523 ισταμένη,
486 1454 583 1507 καὶ
623 1455 906 1520 ἀπιστίας,
948 1456 1172 1509 καὶτοῦ
1207 1457 1421 1525 ἀγνοεῖν
1468 1458 1567 1529 τὴν
1614 1457 1709 1512 τοῦ

128 1540 360 1596 θανάτου
406 1542 592 1613 ὥραν,
642 1544 717 1607 ὼς
765 1546 895 1597 ὅταν
949 1544 1146 1608 νυκτὸς
1195 1546 1482 1616 δειλιῶμεν
1533 1548 1709 1617 ψόφου

124 1636 274 1699 τινος
302 1634 624 1706 γινομένου’
672 1637 796 1707 ἥτις
850 1637 1001 1717 παρὰ
1064 1636 1228 1705 φύσιν
1278 1638 1447 1702 ἐστὶν,
1502 1638 1569 1707 ἢν
1616 1638 1709 1690 καὶ

1819 1634 1940 1704 quis
1996 1632 2194 1687 mortis
2265 1632 2459 1686 horam
2493 1632 2727 1702 ignoret,
2772 1633 3019 1701 exsurgit
3073 1652 3086 1687 :

125 1727 438 1799 ὁριζόμενοι
468 1726 701 1797 λέγομεν
726 1746 741 1760 ο
772 1728 924 1799 παρὰ
969 1728 1130 1796 φύσιν
1166 1728 1339 1782 δειλία
1374 1728 1493 1781 ἐστὶ
1525 1729 1708 1799 παρά-

124 1820 284 1889 λογος
308 1818 559 1889 συστολή.
599 1819 818 1889 Ταύτην
846 1821 874 1872 6
907 1818 1111 1889 Κύριος
1144 1819 1205 1872 ού
1242 1820 1594 1891 προσήκατο·
1628 1819 1708 1895 διὸ

124 1910 250 1964 οὐδὲ
284 1908 548 1962 ὲδειλίασέ
578 1928 733 1975 ποτε,
761 1912 809 1963 εί
844 1910 918 1981 μὴ
951 1912 1008 1963 ἐν
1040 1910 1119 1981 τῷ
1146 1910 1240 1963 τοῦ
1266 1910 1473 1974 πάθους
1509 1909 1707 1980 καιρῷ,

127 2004 180 2055 εἱ
215 2003 311 2054 καὶ
337 2001 702 2072 οἰκονομικῶς
736 2002 929 2056 ἑαυτὸν
962 2003 1279 2058 συνέστελλε
1309 2003 1573 2066 πολλάκις
1595 2018 1607 2033 ⁸
1646 2004 1705 2056 οῦ

125 2095 239 2165 γὶρ
269 2094 454 2164 ἠγνόει
487 2093 577 2148 τὸν
606 2093 819 2165 καιρόν.

204 2350 327 2404 Ὂτι
364 2348 420 2402 δὲ
452 2347 669 2420 άληθῶς
695 2348 982 2419 ὲδειλίασε,
1020 2351 1186 2422 φησὶν
1238 2354 1266 2407 6
1305 2351 1449 2426 ἱερὸς
1482 2351 1709 2411 Ἀθανά-

130 2459 249 2505 σιος
274 2444 331 2493 ἐν
353 2441 428 2511 τῷ
467 2443 609 2496 κατά
635 2442 726 2496 τοῦ
757 2444 1137 2515 Ἀπολιναρίου
1165 2443 1340 2516 λόγῳ·
1377 2465 1394 2497 ι
1422 2446 1523 2499 Διὰ
1549 2446 1711 2500 τοῦτο

127 2536 159 2586 ὁ
185 2533 388 2603 Κύριος
417 2533 602 2601 ἔλεγεν
623 2552 636 2566 ·
662 2535 793 2589 Νῦν
821 2536 859 2604 ἡ
888 2535 1060 2604 ψυχή
1082 2554 1201 2605 μου
1230 2525 1600 2605 τετάρακται.
1636 2538 1709 2591 Τὸ

126 2623 211 2686 δὲ,
234 2622 369 2686 νῦν,
411 2622 570 2676 τοῦτό
601 2625 771 2689 ἐστιν,
805 2626 893 2678 ὅτε
925 2626 1213 2697 ἠθέλησεν,
1256 2628 1404 2699 ὅμως
1439 2628 1623 2699 μέντοι
1648 2630 1710 2683 τὸ

127 2713 191 2766 ὃν
231 2713 627 2768 ἐπιδείκνυταιο
677 2716 738 2768 ού
776 2716 882 2787 γὰρ
924 2716 985 2770 τὸ
1020 2718 1097 2789 μὴ
1132 2717 1192 2771 ὃν
1234 2719 1308 2783 ὡς
1361 2721 1536 2791 παρὸν
1576 2722 1709 2777 ὠνό-

132 2803 329 2873 μαζεν,
363 2805 439 2868 ὡς
478 2806 698 2876 δοκήσει
739 2811 1045 2880 γινομένων
1073 2812 1184 2865 τῶν
1226 2812 1570 2883 λεγομένων·
1604 2815 1708 2885 φύ-

133 2912 221 2948 σει
248 2898 357 2967 γὰρ
390 2898 485 2950 καὶ
515 2898 747 2971 ἀληθείᾳ
775 2901 843 2954 τά
882 2902 1061 2955 πάντα
1107 2904 1338 2971 ἐγίνετο.
1375 2923 1393 2956 ι
1428 2905 1539 2958 Καὶ
1588 2906 1708 2975 μεθ’

1893 1361 2025 1425 Quis
2058 1375 2161 1412 non
2205 1356 2496 1411 naturalis.
2549 1357 2707 1411 Hunc
2735 1357 2979 1413 Christus
3010 1375 3113 1413 non
3157 1361 3395 1417 admisit'

1816 1451 1966 1506 —Et
2008 1466 2231 1505 rursum
2278 1450 2430 1503 aliud
2483 1452 2701 1505 timoris
2740 1466 2936 1520 gcnus,
2975 1454 3119 1522 quod
3154 1468 3218 1508 ex
3248 1456 3401 1525 cogi-

1816 1543 2088 1597 tationum
2136 1540 2444 1595 defeetione
2488 1548 2542 1594 et
2579 1538 2904 1603 dilIidentia,
2942 1556 3118 1611 exque
3156 1558 3223 1598 eo
3249 1546 3396 1614 quod

3150 1644 3212 1689 ιιι
3267 1651 3395 1691 cum

1812 1733 2001 1789 noctu,
2048 1724 2246 1779 oborto
2298 1723 2485 1793 aliquo
2541 1724 2807 1799 strepitu,
2848 1726 3046 1779 timore
3072 1726 3392 1783 amcimur:

1810 1817 1904 1886 qui
1937 1815 2160 1886 quidem
2213 1815 2380 1869 timor
2429 1830 2540 1869 non
2590 1815 2863 1869 naturalis
2893 1823 2999 1883 est,
3039 1816 3232 1887 sicque
3260 1817 3395 1873 deti-

1812 1906 2004 1959 nitur:
2047 1905 2237 1959 Timor
2297 1920 2408 1960 non
2456 1905 2752 1968 naturalis,
2787 1913 2872 1959 est
2924 1904 3221 1974 improvisa
3258 1922 3394 1964 con-

1809 1996 2034 2053 tractio.
2099 1995 2260 2051 l’iunc
2307 2012 2476 2066 porro
2538 1996 2792 2050 timorem
2848 1995 3116 2053 Dominus
3151 2013 3260 2053 non
3299 2013 3393 2054 as-

1810 2089 2068 2158 sumpsit.
2099 2086 2448 2158 Quapropter
2471 2102 2754 2159 nunquam
2788 2087 3000 2152 timuit,
3034 2088 3138 2144 nisi
3176 2090 3389 2161 passio-

1810 2178 1896 2233 nis
1937 2187 2183 2248 tempore
2226 2194 2239 2231 :
2288 2177 2394 2231 etsi
2436 2178 2643 2247 alioqui
2690 2184 2846 2234 certo
2888 2180 3129 2235 consilio
3154 2196 3298 2252 saepe
3330 2196 3395 2240 se

1808 2269 2095 2326 subduxit.
2130 2267 2249 2322 Non
2283 2268 2430 2338 enim
2464 2276 2685 2338 tempus
2718 2269 3032 2339 ignorabat.

1879 2358 2035 2425 Quod
2079 2367 2263 2414 autem
2308 2374 2440 2413 vere
2484 2359 2754 2424 timuerit,
2802 2360 2966 2414 testis
3021 2367 3107 2416 est
3158 2369 3391 2421 sanctus

1809 2450 2144 2505 Athanasius
2201 2451 2256 2504 in
2310 2448 2577 2505 Oratione
2646 2449 2912 2504 adversus
2987 2448 3389 2520 Apollinarium

1809 2542 1897 2599 bis
1935 2542 2141 2597 verbis:
2178 2560 2197 2593 ι
2244 2538 2327 2597 Ob
2360 2555 2479 2594 eam
2529 2554 2757 2595 causam
2817 2540 3036 2595 dicebat
3074 2539 3388 2600 Dominus:

1811 2633 1969 2688 Nunc
2020 2634 2197 2687 anima
2245 2649 2361 2687 mea
2390 2631 2601 2686 turbata
2645 2642 2723 2687 est
2750 2632 2818 2685 ⁸⁸.
2872 2630 3030 2698 Quod
3070 2643 3252 2689 autem
3287 2634 3389 2700 ait,

1811 2742 1967 2792 nunc,
1999 2725 2142 2780 idem
2178 2732 2267 2781 est
2305 2738 2393 2792 ac,
2448 2738 2573 2778 cum
2623 2723 2820 2779 voluit.
2864 2714 3124 2780 Attamen
3156 2724 3209 2780 id
3240 2728 3388 2796 quod

1809 2826 1929 2873 erat
1966 2817 2234 2873 ostendit.
2268 2815 2389 2871 Non
2440 2816 2588 2871 enim
2639 2816 2776 2871 illud
2815 2816 2961 2887 quod
3010 2832 3120 2872 non
3155 2826 3297 2882 erat,
3323 2833 3389 2872 ac

1811 2908 1859 2964 si
1893 2908 2059 2980 248
2089 2909 2326 2973 adesset,
2383 2908 2690 2962 nominavit
2737 2925 2750 2961 :
2806 2908 3034 2978 perinde
3082 2908 3297 2964 scilicet
3326 2923 3392 2963 ac

131 2988 301 3059 ἕτερα
320 3004 334 3019 θ
366 3007 384 3039 ι
412 2990 683 3060 Οὐδαμῶς
711 2991 767 3045 δὲ
808 2992 1003 3063 θεότης
1032 2994 1207 3057 πάθος
1244 2995 1556 3064 προσίεται,
1583 2997 1706 3066 δίχα

1819 3001 1857 3056 si
1890 3001 1947 3055 in
1977 3000 2218 3070 speciem
2247 3001 2515 3056 duntaxat
2556 3000 2756 3056 ﬁerent
2785 3016 2848 3056 ea
2882 3016 3007 3071 quae
3034 3001 3386 3057 dicebautur.

132 3078 448 3147 πάσχοντος
487 3078 764 3151 σώματος,
807 3082 930 3135 οὐδὲ
958 3082 1205 3155 ταραχὴν
1247 3085 1341 3136 καὶ
1374 3080 1559 3155 λύπην
1592 3086 1711 3138 ἐπι-

129 3166 431 3231 δείκνυται,
446 3169 577 3239 δίχα
596 3169 775 3241 ψυχῆς
792 3170 1138 3243 λυπουμένης
1152 3175 1243 3226 καὶ
1274 3176 1707 3246 ταρασσομένης

128 3255 257 3310 οὔτε
286 3259 545 3331 ἀδημονεῖ
571 3263 664 3315 καὶ
715 3263 1102 3334 προσεύχεται,
1144 3264 1266 3334 δίχα
1290 3267 1530 3335 νοήσεως
1581 3268 1712 3337 ἀδη-

134 3347 407 3417 μονούσης
454 3350 548 3402 καὶ
602 3350 1084 3421 προσευχομένης’
1122 3351 1259 3405 ἀλλὰ
1325 3351 1435 3422 γὰρ
1486 3351 1587 3405 κᾶν
1635 3353 1709 3424 μὴ

131 3439 411 3508 ἡττήματι
443 3441 659 3509 φύσεως
697 3443 981 3495 συνέϐαινε
1008 3442 1076 3496 τὰ
1105 3442 1388 3513 γινόμενα,
1439 3442 1554 3496 ἀλλ’
1583 3444 1710 3495 ἐπι-

128 3528 302 3593 δείξει
337 3531 623 3602 ὑπάρξεως
655 3532 864 3601 ὲγίνετο
888 3542 951 3588 ω.
985 3551 1004 3584 ι
1053 3532 1127 3584 Τὸ
1159 3532 1237 3597 δὲ,
1279 3532 1567 3601 ἠττήματι
1601 3534 1711 3603 φύ-

1814 3090 2022 3145 Natura
2052 3093 2198 3147 enim
2228 3108 2292 3146 ac
2322 3107 2450 3147 vere
2470 3091 2654 3147 omnia
2688 3092 2950 3146 ﬁebant.»
2967 3092 3046 3147 Ac
3076 3100 3198 3161 post
3226 3092 3335 3146 alia
3369 3109 3386 3146 :

1815 3180 1978 3235 Nullo
2007 3190 2191 3237 autem
2220 3183 2384 3236 modo
2426 3182 2681 3237 divinitas
2706 3182 3018 3251 passionem
3041 3182 3239 3252 recipit
3270 3182 3393 3238 sine

1817 3284 2048 3339 corpore
2082 3271 2228 3340 quod
2256 3270 2522 3339 patiatur,
2551 3286 2653 3326 nec
2675 3272 2797 3327 sine
2824 3272 3008 3327 anima
3041 3288 3163 3342 qua:
3196 3273 3391 3329 triste-

1816 3369 1909 3413 tur
1935 3376 1999 3414 ac
2027 3361 2304 3427 turbetur,
2354 3362 2723 3416 turbationem
2771 3376 3180 3432 maeroremque
3204 3370 3394 3419 osten-

1817 3447 1897 3501 dit
1926 3467 1938 3501 :
1980 3463 2158 3517 neque
2187 3448 2347 3503 anxia
2374 3457 2479 3510 est,
2509 3458 2563 3503 et
2603 3457 2795 3503 exorat
2826 3458 3007 3503 mente
3042 3463 3388 3519 nequaquam

1817 3539 1979 3592 anxia
2014 3546 2069 3592 et
2099 3548 2383 3594 exorante.
2411 3538 2625 3594 Etenim
2664 3539 2919 3609 quamvis
2957 3554 3067 3593 non
3102 3540 3261 3593 victae
3288 3554 3391 3594 na-

129 3635 291 3687 σεως
314 3622 398 3691 μὴ
431 3625 787 3692 συμϐαίνειν
825 3625 894 3678 τὰ
925 3626 1227 3695 γινόμενα,
1257 3624 1320 3677 τὸ
1346 3623 1423 3696 μὴ
1437 3624 1709 3689 ἀκουσίως

1819 3635 1956 3683 turae
2013 3629 2462 3685 consternatione
2524 3629 2629 3686 ista
2677 3630 3084 3699 contingerent,
3146 3638 3389 3686 attamen

130 3713 311 3766 ταῦτα
350 3714 667 3784 ὑπομένειν,
698 3716 872 3787 δηλοῖ.

1819 3718 1962 3774 facta
1986 3729 2119 3776 sunt
2159 3728 2221 3774 ut
2252 3712 2390 3791 quis
2418 3728 2565 3775 esset
2620 3720 2796 3791 palam
2852 3720 3225 3776 innotesceret
3254 3721 3324 3774 ”.
3366 3738 3386 3771 ι

130 3803 295 3868 Quod
350 3811 532 3858 autem
589 3821 699 3860 non
745 3817 956 3863 naturae
1006 3808 1419 3865 succumbentis
1488 3808 1705 3878 ignavia
1744 3811 2153 3882 contingerent,
2185 3827 2307 3883 qua:
2344 3812 2573 3878 ﬁebant,
2619 3811 2749 3866 hinc
2779 3810 2956 3882 liquet
3018 3809 3167 3882 quod
3208 3809 3390 3872 “haud

134 3892 347 3948 invitus
376 3906 439 3948 ea
466 3894 818 3949 sustinuerit.

624 3983 873 4038 ΚΕΦΔΛ.
909 3986 1012 4037 KA'
1044 3983 1213 4057 [311'].

2416 3984 2567 4041 CAP.
2595 3984 2787 4040 XXIV.

366 4074 503 4142 Περὶ
540 4074 650 4142 τῆς
687 4076 794 4130 τοῦ
840 4079 1060 4145 Κυρίου
1112 4077 1479 4147 προσευχῆς.

2320 4077 2394 4132 De
2425 4077 2641 4132 Domini
2670 4077 2929 4132 oratione.

209 4165 495 4235 Προσευχῆ
537 4167 684 4218 ὲστιν
713 4167 979 4230 ἀνάϐασις
1003 4167 1096 4221 νοῦ
1128 4167 1265 4239 πρὸς
1296 4168 1452 4235 Θεὸν,
1484 4167 1517 4239 ἢ
1555 4168 1709 4239 αττη-

1890 4167 2256 4235 ριιίάιοναιὶο,
2288 4177 2443 4238 atque
2482 4176 2541 4220 ut
2567 4167 2810 4222 Christus
2846 4167 3095 4221 oraverit.
3116 4165 3393 4224 —0ratio

138 4271 228 4319 σις
259 4255 368 4308 τῶν
389 4256 777 4327 προσηκόντων
809 4258 959 4328 παρὰ
989 4259 1149 4314 Θεοῦ.
1181 4259 1305 4323 Πῶς
1324 4260 1504 4313 τοίνυν
1536 4262 1565 4314 ὁ
1594 4260 1709 4314 Κύ-

1819 4268 1904 4318 est
1952 4276 2217 4317 ascensus
2260 4259 2459 4315 mentis
2509 4258 2563 4313 in
2618 4257 2829 4315 Deum:
2884 4269 2980 4313 aut
3016 4273 3207 4314 eorum
3269 4275 3395 4331 qua:

143 4363 264 4417 ριος
290 4347 381 4399 ἐπὶ
427 4348 707 4418 Λαζάρου,
762 4350 858 4403 καὶ
898 4351 956 4403 ὲν
1000 4349 1079 4420 τῷ
1126 4351 1304 4423 καιρῷ
1351 4351 1444 4405 τοῦ
1506 4352 1709 4413 πάθους

1821 4362 2191 4409 consentanea
2238 4360 2369 4408 sunt
2407 4352 2709 4422 postulatio
2744 4365 2773 4405 a
2814 4349 2945 4406 Deo.
2993 4351 3098 4418 Qui
3138 4367 3268 4424 ergo
3297 4352 3395 4407 [ie-

141 4434 523 4505 προσηύχετος
582 4435 718 4489 Οὔτε
773 4437 882 4508 γὰρ
935 4439 1254 4503 ἀναϐάσεως
1297 4440 1396 4510 τῆς
1442 4442 1578 4513 πρὸς
1624 4442 1709 4496 τὸν

1824 4424 2005 4498 bant
2046 4443 2308 4497 Dominus
2342 4441 2398 4496 in
2443 4440 2635 4495 Lazari
2680 4441 3041 4497 suscitatione
3077 4456 3140 4496 ac
3173 4441 3390 4512 passio-

140 4523 280 4578 Θεὸν
312 4525 481 4578 ἐδεῖτο
511 4528 540 4580 6
562 4526 715 4591 ἅγιος
745 4528 910 4583 αὐτοῦ
935 4529 1081 4595 νοῦς,
1108 4530 1254 4595 ἅπαξ
1273 4530 1394 4585 καθ’
1419 4533 1709 4586 ὑπόστασιν

1824 4538 1911 4592 nis
1968 4544 2217 4604 tempore
2258 4532 2488 4588 oraret?
2548 4546 2727 4601 neque
2772 4532 2920 4586 enim
2972 4540 3163 4587 sancta
3218 4531 3393 4601 ipsius

141 4618 222 4688 τῷ
250 4617 373 4687 Θεῷ
424 4619 581 4700 eam
610 4620 909 4691 ἡνωμένος,
943 4621 1067 4675 οὔτε
1115 4622 1215 4691 τῆς
1262 4623 1414 4694 παρὰ
1457 4623 1592 4677 Θεοῦ
1635 4625 1709 4677 αί-

1823 4642 1982 4683 mens
2006 4625 2310 4681 elevatione
2360 4622 2415 4677 in
2463 4620 2633 4678 Deum
2668 4621 2886 4693 egebat,
2917 4622 3121 4693 quippe
3150 4637 3276 4692 qua:
3304 4638 3392 4679 se-

140 4710 356 4779 τὴσεως
378 4724 392 4738 ·
431 4705 512 4772 εἷς
532 4709 642 4779 γάρ
664 4712 811 4764 ἐστιν
839 4714 866 4765 ὁ
894 4713 1159 4782 Χριστός’
1186 4713 1325 4767 ἀλλά
1352 4714 1414 4767 τὸ
1449 4714 1709 4785 ἡμέτερον

1824 4717 1932 4772 mel
1958 4715 2069 4770 Deo
2116 4713 2415 4769 secundum
2467 4712 2812 4783 hypostasim
2857 4713 3007 4767 unita
3056 4720 3248 4780 esset;
3292 4730 3395 4771 nec

142 4798 517 4869 οἰκειούμενος
556 4810 584 4837 η
620 4802 935 4871 πρόσωπον,
966 4806 1060 4857 καὶ
1104 4805 1295 4859 τυπῶν
1337 4808 1395 4859 ὲν
1445 4806 1625 4876 ἑαυτῷ
1658 4806 1709 4859 τέ

1819 4821 2040 4863 rursum
2074 4804 2125 4860 ei
2152 4818 2292 4873 opus
2322 4810 2463 4867 erat,
2486 4812 2543 4856 ut
2567 4801 2865 4872 quidquam
2896 4817 2928 4855 a
2958 4801 3070 4857 Deo
3090 4803 3397 4873 postularet

143 4892 441 4961 ἡμέτερον,
473 4893 566 4945 καὶ
598 4892 969 4963 ὐπογραμμὸς
1007 4896 1137 4965 ἡμῖν
1178 4897 1485 4969 γενόμενος,
1518 4898 1614 4952 καὶ
1642 4899 1709 4951 δι-

1820 4901 2004 4970 (unus
2053 4897 2201 4952 enim
2238 4902 2322 4950 est
2348 4892 2667 4964 Christus),
2709 4907 2897 4948 verum
2938 4893 3068 4963 quia
3103 4907 3394 4965 personam

142 4981 367 5035 δάσκιον
419 4984 566 5051 ἡμᾶς
603 4983 757 5055 παρὰ
812 4984 948 5037 Θεοῦ
996 4988 1189 5052 αίτεῖν,
1221 4988 1314 5041 καὶ⁵
1373 4989 1513 5059 πρὸς
1560 4989 1709 5043 αὐτοι

1821 4996 2068 5045 nostram
2125 4986 2454 5052 sustinebat,
2530 4984 2584 5039 id
2662 4983 2807 5054 quod
2861 4994 3114 5039 nostrum
3168 4992 3289 5040 erat
3339 4986 3397 5041 in

146 5072 554 5140 ἀνατείνεσθαι,
590 5074 685 5128 καὶ
708 5074 799 5128 διὰ
823 5073 920 5128 τοῦ
955 5076 1111 5144 ἁγίου
1138 5075 1306 5130 αὑτοῦ
1342 5078 1434 5132 νοῦ
1463 5078 1709 5132 ὁδοποιῶι

1825 5081 2009 5151 seipso
2057 5079 2390 5149 exprimens,
2442 5091 2563 5132 sese
2593 5076 2751 5137 nobis
2795 5076 3104 5146 exemplum
3138 5075 3393 5146 praebuit,

152 5243 493 5373 ﬁm;hloan.
559 5264 676 5314 xu,
723 5248 812 5304 27.
905 5251 950 5283 ’⁸
994 5250 1051 5305 S.
1114 5251 1378 5308 Athanas.
1441 5252 1514 5306 De
1579 5253 1709 5309 salu

1863 5252 2087 5311 adventu
2150 5251 2394 5317 Christi,
2456 5257 2648 5305 contra
2721 5248 3127 5317 Apollinarem,
3205 5262 3447 5347 versus,

1470 5448 1704 5504 VARIIE
1746 5449 2149 5508 LECTIONES.

220 5544 259 5566 "
289 5545 424 5615 Reg.
447 5545 500 5609 4,
522 5542 681 5615 βου).
718 5542 743 5595 1
776 5540 1101 5615 ἐπράττετο.
1127 5542 1295 5600 Vetus
1332 5541 1562 5613 interpr.
1595 5547 1905 5613 agebantur.
1943 5543 2008 5598 Β.
2034 5543 2175 5600 Ξ924
2209 5544 2420 5615 ἐγίνετο
2452 5542 2519 5598 τὰ
2553 5535 2875 5609 τελούμενα.
2955 5546 2981 5574 ¹¹
3018 5536 3156 5595 Cod.
3196 5536 3257 5597 S.
3284 5538 3392 5596 nil.

152 5616 221 5670 ιι.
241 5615 301 5681 5,
334 5611 492 5671 Cbib.
526 5613 551 5667 1
586 5611 1023 5681 οἰκειωσάμενος.
