3950 6304
214 586 337 659 1101

690 708 940 762 usus.
974 707 1081 761 KG'
1118 703 1285 778 [on].

519 798 657 870 Περὶ
690 798 800 867 τῆς
825 797 895 852 ἐν
927 795 1007 863 τῷ
1032 795 1145 866 ᾄδῃ
1174 795 1458 851 καθόδου.

276 888 534 950 Κάτεισιν
555 893 637 956 είς
662 890 927 965 ᾇδηνῶὃ)
949 888 1095 961 ψυχὴ
1116 887 1454 960 τεθεωμένη,
1480 888 1568 941 ἵνα
1590 886 1741 940 ὥσπε
1750 903 1782 956 ρ

210 989 318 1051 τοῖς
349 989 407 1042 ὲν
432 989 503 1059 γῇ
542 987 571 1040 ὁ
602 988 702 1057 τῆς
737 982 1087 1053 δικαιοσύνης
1120 980 1394 1035 ἀνέτειλεν
1442 980 1615 1051 ἥλιος,
1642 978 1784 1032 οὕτω

212 1083 435 1144 καὶτοῖς
467 1078 573 1133 ὑπὸ
601 1078 705 1148 γῆν
730 1078 789 1131 ὲν
821 1077 1002 1130 σκότει
1025 1074 1119 1128 καὶ
1157 1074 1287 1144 σκιᾷ
1324 1071 1555 1125 θανάτου
1589 1071 1616 1111 b
1648 1069 1782 1124 καθα

211 1174 432 1248 ημένοις
458 1169 741 1241 ἐπιλάμψῃ
785 1169 846 1222 τὸ
896 1167 1045 1238 φῶς·
1092 1166 1159 1219 ἶν’
1200 1163 1390 1234 ὥσπερ
1445 1165 1557 1224 τοῖς
1604 1162 1663 1214 ὲν
1711 1163 1784 1233 γῇ

213 1264 603 1337 εὐηγγελίσατο
659 1262 922 1333 εἰρήνην,
982 1255 1354 1329 αἰχμαλώτοις
1398 1255 1634 1323 ἄφεσιν,
1689 1252 1786 1305 καὶ

211 1359 431 1429 τυφλοῖς
458 1355 775 1426 ἀνάϐλεψιν,
807 1354 1037 1417 καὶτοῖς
1071 1351 1170 1422 μὲν
1200 1345 1528 1403 πιστεύσασι
1557 1345 1785 1414 γέγονεν

214 1449 383 1511 αῐτιος
438 1446 713 1516 σωτηρίας
779 1441 1037 1505 αἰωνίου,
1092 1441 1205 1502 τοῖς
1268 1437 1328 1491 δὲ
1394 1434 1782 1506 ἀπειθήσασιν,

212 1540 469 1602 ἀπιστίας
496 1536 739 1607 ἔλεγχος,
774 1533 917 1587 οὓτω
947 1531 1045 1586 καὶ
1091 1533 1204 1593 τοῖς
1232 1530 1290 1582 ὲν
1319 1528 1447 1600 ᾅδου
1467 1526 1579 1598 (59)
1602 1544 1614 1556 '
1650 1526 1777 1579 Ἵνα

214 1629 373 1695 αὑτῷ
400 1627 523 1685 πᾶν
548 1628 695 1697 γόνυ
731 1624 943 1695 κάμψῃ
979 1620 1358 1689 ἐπουρανίων
1388 1619 1485 1672 καὶ
1511 1617 1790 1685 ἐπιγείων

221 1723 318 1778 καὶ
370 1719 816 1790 καταχθονίων,
866 1715 963 1770 καὶ
1010 1713 1156 1767 οὓτω
1208 1711 1337 1774 τοὺς
1380 1710 1477 1764 ἀπ’
1526 1708 1787 1762 αίώνωνο

216 1815 383 1879 λύσας
414 1813 618 1884 πεπεδη
629 1810 843 1884 μένους,
871 1803 1028 1871 αὖθις
1062 1808 1128 1860 ὲκ
1155 1803 1368 1877 νεκρῶν
1402 1801 1784 1872 ἀνεφοίτησεν,

213 1907 535 1979 ὁδοποιήσας
567 1906 700 1978 ἡμῖν
724 1904 826 1976 τὴν
857 1901 1181 1957 ἀνάστασιν.

1303 593 1403 652 DE
1444 590 1620 650 FIDE
1658 587 2123 649 OBTHODOXA
2154 587 2301 646 LIB.
2340 588 2437 647 IV.

3322 582 3459 646 ιω

2474 699 2626 754 CAP.
2670 698 2856 754 XXIX.

2312 791 2389 846 De
2428 792 2681 846 descensu
2723 793 2791 846 ad
2822 792 3040 862 inferos.

1956 883 2039 939 Ob
2070 884 2123 938 id
2152 900 2320 955 porro
2354 886 2603 940 deilleata
2647 887 2827 939 anima
2870 886 2938 940 ad
2986 885 3191 941 inferos
3231 893 3465 942 descen-

1887 976 1986 1042 dit,
2020 983 2079 1030 ut
2105 976 2570 1047 quemadmodum
2609 977 2694 1032 his
2727 977 2821 1047 qui
2862 979 2917 1031 in
2965 985 3113 1032 terra
3163 990 3467 1032 versaban—

1888 1078 1980 1123 tur
2016 1068 2249 1139 justitize
2287 1070 2380 1125 Sol
2442 1078 2601 1125 ortus
2629 1077 2747 1124 erat
2789 1071 2853 1135 ³⁷,
2908 1070 2981 1123 ita
3017 1070 3182 1123 etiam
3227 1070 3336 1124 illis
3373 1070 3465 1139 qui

1889 1161 2085 1215 subtus
2112 1168 2337 1224 terram,
2371 1163 2423 1215 in
2455 1160 2699 1216 tenebris
2739 1168 2793 1215 et
2829 1160 3026 1214 umbra
3066 1160 3261 1215 mortis
3312 1159 3470 1214 sede-

1886 1248 2043 1315 bant,
2086 1250 2337 1306 illuceret
2372 1251 2415 1284 ¹⁸
2447 1269 2459 1305 :
2493 1266 2557 1305 ac
2593 1253 2739 1305 sicut
2781 1251 2850 1307 iis
2883 1251 2975 1321 qui
3013 1250 3067 1305 in
3109 1258 3255 1306 terra
3287 1259 3467 1313 erant,

1889 1357 2103 1410 pacem,
2137 1345 2372 1413 captivis
2399 1343 2805 1406 remissionem,
2828 1343 2991 1399 ca‘cis
3018 1345 3199 1399 visum
3234 1358 3470 1413 evange-

1889 1435 2248 1503 lizaverat”,
2306 1446 2474 1508 atque
2530 1436 2643 1493 illis
2700 1437 2921 1506 quidem
2985 1437 3075 1508 qui
3122 1436 3471 1492 crediderant

1892 1528 2088 1584 salutis
2123 1537 2319 1583 auctor
2350 1529 2658 1594 exstiterat,
2696 1528 3013 1584 incredulos
3062 1539 3245 1584 autem
3278 1529 3473 1583 inlide-

1891 1621 2063 1677 litatis
2119 1629 2376 1691 arguerat
2422 1639 2434 1675 :
2495 1620 2575 1676 sic
2616 1621 2780 1676 etiam
2830 1621 2931 1685 eis,
2988 1621 3080 1692 qui
3139 1624 3193 1677 in
3252 1620 3469 1676 inferno

1891 1718 2049 1767 erant
2073 1711 2120 1742 ¹⁰
2150 1727 2162 1762 :
2202 1710 2269 1763 Ut
2316 1711 2421 1779 ipsi
2456 1728 2607 1765 omne
2637 1728 2770 1782 genu
2800 1712 3118 1780 ﬂecleretur,
3154 1711 3465 1771 caelestium,

1894 1803 2227 1858 terrestrium
2277 1812 2327 1857 et
2369 1803 2703 1873 infernarum
2757 1804 2824 1857 ¹¹.
2874 1801 2989 1859 Hoc
3038 1816 3218 1875 pacto,
3271 1805 3474 1860 solutis

1892 1896 2025 1964 illis,
2068 1895 2163 1965 qui
2220 1896 2291 1949 ab
2340 1895 2488 1951 omni
2542 1911 2657 1951 sevo
2712 1896 2879 1950 vincti
2952 1898 3299 1961 tenebantur,
3358 1899 3473 1965 ipse

1895 2003 2093 2043 rursus
2131 2002 2161 2042 a
2194 1995 2369 2043 morte
2403 1987 2469 2042 ad
2502 1988 2672 2042 vitam
2706 1987 2889 2054 rediit,
2923 1988 3066 2044 viam
3092 1989 3250 2044 nobis
3292 1987 3358 2043 ad
3389 2005 3474 2044 re—

1823 2074 1868 2133 Β
1895 2080 2302 2134 surrectiouem
2338 2088 2616 2135 sternens.

288 2269 329 2303 ¹⁷
361 2269 594 2326 Malach.
625 2285 699 2336 tv,
737 2269 795 2325 2.
870 2266 917 2301 ¹⁸
969 2266 1073 2323 Isa.
1116 2280 1194 2331 ix,
1220 2263 1276 2321 2.
1355 2264 1526 2322 "lsa.
1553 2278 1664 2329 LXI,
1704 2264 1771 2324 t;

1895 2278 1941 2318 c.
1974 2279 2049 2324 tv,
2086 2263 2170 2315 l9.
2251 2262 2297 2293 ’°
2333 2262 2351 2316 l
2386 2261 2532 2317 Petr.
2569 2277 2650 2326 ιιι,
2720 2259 2804 2313 l9.
2839 2263 2882 2292 ¹¹
2924 2260 3160 2332 Philipp.
3227 2277 3284 2325 ιι,
3318 2260 3403 2312 10.

1508 2436 1741 2493 VARUE
1782 2434 2186 2494 LECTIONES.

290 2605 320 2648 ι»
366 2604 561 2663 Deerat
598 2604 828 2659 θανάτου
863 2603 917 2658 in
944 2600 1127 2659 editis.

1208 2610 1229 2639 ο
1253 2597 1485 2656 Codices
1517 2599 1632 2656 fere
1659 2611 1851 2655 omnes
1889 2597 1984 2651 ἀπ’
2017 2594 2232 2658 αἰῶνος.
2267 2595 2434 2651 Vetus
2474 2596 2704 2668 interpr.
2744 2615 2774 2650 α
2806 2601 3023 2657 sarculo.

1725 2787 1955 2843 NOTAE.

316 2949 403 3015 58)
444 2943 728 3017 κάτεισιν
763 2948 851 3011 εις
879 2945 1054 3017 ᾅδην,
1089 2944 1166 3002 0b
1199 2945 1254 3001 id
1282 2963 1462 3017 porro,
1494 2956 1600 3001 etc.
1627 2946 1788 3001 Chri-

216 3030 291 3076 sti
324 3017 506 3069 anima
534 3015 600 3068 ad
638 3015 848 3070 inferna
881 3017 1000 3072 loca
1026 3015 1380 3074 descendisse
1412 3018 1638 3072 tradunt
1666 3018 1790 3071 uni-

212 3087 421 3145 versim
452 3085 665 3140 Patres.
697 3084 942 3156 Tametsi
1002 3085 1232 3144 Ruﬁnus
1278 3088 1333 3142 in
1368 3087 1566 3156 Expos.
1599 3086 1788 3156 Symb.

212 3103 421 3145 versuti
454 3103 665 3140 Patres.
712 3103 942 3143 mmetsr
1002 3103 1232 3144 nunnus
1278 3105 1333 3142 in
1369 3103 1566 3156 uxpos.
1600 3103 1635 3141 δ
1680 3103 1788 3143 ιηι).

212 3172 383 3213 voces
417 3158 550 3229 istas
580 3154 844 3229 descendit
891 3158 961 3211 ad
1010 3157 1239 3227 inferos,
1289 3158 1593 3229 apostolico
1627 3103 1791 3229 gym‘

215 3230 369 3299 bolo
402 3226 680 3299 adjectas_
702 3228 882 3290 dicat,
933 3226 1097 3298 atque
1135 3229 1276 3283 idem
1310 3226 1509 3299 sonare
1534 3269 1548 3293 ,
1602 3226 1788 3299 atque,

209 3297 455 3369 sepultus
511 3306 611 3351 est.
662 3294 786 3369 Ipse
816 3294 1031 3364 tamen;
1071 3294 1787 3369 quibusdamiinterjec‘tis.

210 3366 551 3424 catholicam
606 3366 954 3422 traditionem
1010 3366 1351 3424 conlirmat:
1399 3366 1790 3423 Rediiz'victor

211 3458 259 3495 α
290 3438 537 3500 mortuis,
568 3437 768 3506 inquit,
798 3437 992 3507 inferni
1024 3438 1195 3507 spolia
1223 3455 1397 3493 secum
1428 3439 1661 3494 trahens.
1692 3440 1792 3493 De-

206 3515 388 3580 erant
408 3523 627 3580 quoque
663 3507 718 3560 in
749 3508 932 3580 prisco
961 3506 1323 3580 Orientalium
1351 3510 1620 3580 symbolo,
1645 3509 1790 3580 quod

1891 2946 2074 3001 diebus
2112 2944 2243 3011 Noe,
2284 2954 2390 3000 etc.
2446 2945 2677 3015 Propter
2727 2961 2889 3016 quem
2953 2945 3230 3011 lren:eus,
3270 2947 3364 3004 lib.
3404 2966 3477 3015 tv,

1894 3034 1945 3072 c.
1974 3017 2064 3082 45,
2103 3018 2200 3080 ait,
2229 3017 2511 3072 Christum
2557 3017 2890 3072 descendisse
2920 3017 2973 3071 in
3004 3032 3067 3071 ea
3090 3034 3208 3085 qum
3235 3029 3358 3072 sunt
3386 3025 3481 3076 sub

1896 3098 2069 3154 terra,
2106 3096 2155 3142 et
2214 3087 2609 3157 evangelizasse
2641 3089 2920 3142 remissam
2944 3099 3305 3157 peccatorum
3340 3094 3485 3145 exsi-

1895 3167 2113 3212 stentem
2163 3159 2231 3212 iis
2262 3155 2365 3228 qui
2399 3160 2621 3211 credunt
2653 3159 2706 3212 in
2742 3175 2882 3212 eum.
2920 3155 3271 3213 crediderunt
3303 3171 3482 3215 autem

1897 3230 1951 3281 in
1983 3245 2105 3282 eum
2137 3245 2316 3282 omnes
2350 3230 2441 3298 qui
2473 3228 2760 3296 sperabant
2797 3232 2852 3283 in
2891 3246 3034 3289 eum,
3061 3231 3116 3282 id
3141 3239 3221 3284 est
3256 3236 3347 3300 qui
3386 3243 3484 3285 au-

1896 3310 2102 3371 rentum
2130 3300 2259 3371 ejus
2277 3300 2790 3365 prwnnntiaverunt,
2815 3310 2863 3354 et
2893 3300 3331 3369 dispositionibus
3368 3304 3483 3371 ejus

1899 3370 2213 3433 servierunt,
2235 3370 2394 3440 justi.
2428 3385 2476 3422 et
2510 3371 2854 3437 patriarcha’.
2886 3381 2933 3440 et
2965 3372 3251 3440 prophetis,
3296 3375 3483 3440 quibus

1900 3440 2150 3511 similiter
2176 3439 2403 3511 utnobis
2426 3440 2630 3493 remisit
2651 3448 2889 3511 peccata.
2918 3439 2993 3495 De
3022 3456 3127 3511 qua
3158 3442 3483 3496 remissione

1905 3510 2099 3563 iterum
2136 3510 2240 3577 legi
2277 3509 2461 3572 debet,
2505 3524 2628 3575 cap.
2679 3510 2767 3566 5t).
2805 3508 3135 3579 Theolog’us,
3187 3520 3327 3564 orat.
3362 3514 3430 3566 42
3465 3529 3478 3564 :

206 3560 464 3653 Quintis
514 3560 727 3653 diei-os.
749 3560 857 3632 ’ω’
878 3560 1798 3653 causam;agitasse:"s1
1825 3560 1867 3618 ο
1900 3560 2947 3653 sui.*innatus;natura,’suam;
2979 3560 3139 3653 .55.;2
3175 3560 3431 3637 angina;
3463 3560 3480 3636 .-

209 3646 520 3705 Marcellus
574 3647 915 3720 Ancyranus
960 3646 1105 3720 Julio
1156 3665 1310 3720 papa:
1348 3646 1546 3703 obtulit
1581 3649 1635 3703 in
1680 3650 1797 3720 epi-

205 3720 391 3783 stola,
426 3733 590 3786 quam
625 3718 795 3773 refert
825 3718 1168 3788 Epiphanius
1198 3718 1581 3774 {descensum
1613 3718 1794 3774 tamen

205 3734 391 3783 ssora,
426 3734 590 3786 quam
625 3734 795 3773 retert
827 3734 865 3771 ιι
908 3734 1162 3788 ipuamus
1198 3734 1212 3771 :
1255 3734 1581 3774 descensum
1613 3734 1794 3774 tamen

202 3790 297 3861 ad
324 3788 527 3861 inferos
553 3788 831 3861 eleganter
851 3734 1114 3861 (ᾄδει-ὠὴ
1142 3789 1285 3861 idem
1302 3789 1560 3861 Cyr-illus,
1581 3790 1794 3849 catech.

207 3863 240 3916 1
261 3860 322 3914 4.
356 3857 523 3913 Vetus
564 3857 729 3927 porro
775 3858 910 3913 illud
936 3860 1248 3929 symbolum
1293 3857 1362 3914 ιη’
1385 3858 1606 3915 Oriente
1635 3861 1798 3915 obso-

206 3931 385 3993 levit,
421 3930 566 3982 velut
595 3929 759 4000 etiam
806 3928 1113 4000 symbolum
1146 3929 1295 3985 aliud
1323 3930 1583 3985 Ecclesia:
1609 3931 1799 3985 Antio-

206 4001 443 4063 chense,
471 3998 617 4068 quod
658 3998 1026 4069 semel‘atque
1052 3999 1249 4054 iterum
1280 4000 1563 4069 profertur
1596 4015 1625 4053 ιι
1659 4000 1793 4056 Cas-

201 4072 394 4140 siano
418 4108 433 4132 ,
490 4067 585 4140 lib.
622 4084 670 4123 Vl
707 4067 865 4140 Cant.
892 4067 1112 4140 Nestor.
1159 4067 1547 4140 laudatumque
1573 4079 1687 4133 est,
1739 4079 1795 4126 et

203 4140 306 4196 ab
354 4139 588 4194 Eusebio
639 4147 694 4193 et
740 4139 956 4193 clericis
1007 4138 1110 4193 (ΖΡ.
1174 4140 1227 4194 in
1280 4138 1588 4194 Contestat.
1642 4149 1792 4195 cont.

194 4210 452 4266 Nestor.
490 4216 780 4278 postquam
823 4208 891 4263 ab
940 4207 1212 4277 Ephesina
1268 4219 1323 4265 et
1359 4209 1795 4266 Chalcedonensi

200 4278 714 4352 synodis_y_etitum
759 4286 844 4334 est
873 4293 969 4352 neq
996 4280 1101 4333 alia
1153 4278 1799 4352 formulaadhiberetur

266 4347 432 4422 fater
462 4348 737 4422 Niemnam
760 4387 773 4410 ,
799 4364 927 4422 qua:
957 4349 1167 4422 integra
1193 4364 1222 4403 a
1249 4347 1456 4406 Graecis
1486 4351 1630 4406 inter
1652 4352 1801 4422 ipsas

194 4370 432 4478 gruter
463 4370 737 4403 l‘lCiEllillﬂ
760 4387 773 4410 ,
804 4370 927 4419 qua:
957 4370 1167 4419 integra

257 4420 492 4490 aptismi
523 4420 880 4490 caeremonias
910 4420 1191 4490 recitatur.

306 4488 428 4562 (59)
462 4489 627 4543 Οὕτω
655 4488 753 4543 καὶ
784 4489 909 4562 τοῖς
1047 4488 1218 4562 (iam).
1256 4488 1346 4543 Ita
1374 4491 1537 4562 etiam
1567 4491 1679 4562 illis
1710 4493 1802 4561 qui

190 4564 287 4617 in
316 4557 550 4628 'inferno
581 4567 752 4629 erant.
805 4557 1011 4613 Αιιιηιιι
1052 4560 1136 4629 ad
1193 4561 1339 4615 hunc
1384 4560 1599 4629 Epist.l
1633 4557 1801 4627 Petri,

188 4651 280 4687 (ς.
330 4629 636 4701 ιιι,Αιοουιη
671 4645 684 4681 :
720 4628 785 4682 In
813 4637 992 4701 quoet
1037 4628 1119 4701 his
1162 4632 1253 4701 qui
1292 4632 1346 4701 in
1387 4628 1613 4701 carcere
1650 4641 1801 4685 erant

184 4699 512 4770 spiritibus
555 4699 1142 4770 veniensprwdicavit,
1176 4699 1556 4770 'quiiincreduli
1589 4700 1804 4769 fuerant

180 4768 558 4838 aliquando,
603 4768 813 4839 quando
845 4768 1219 4838 exspectabant
1264 4769 1362 4823 Dei
1391 4768 1706 4838 patientiam
1751 4772 1806 4824 in

1898 3667 1961 3703 ea
1991 3651 2247 3720 mysteria
2286 3666 2541 3720 cognosce
2571 3650 2700 3722 qua:
2746 3650 2994 3722 Christus
3030 3652 3143 3705 illic
3185 3654 3387 3722 gessit:
3415 3671 3483 3707 an

1904 3738 2081 3774 omnes
2113 3735 2332 3792 prorsus
2379 3738 2476 3774 suo
2510 3720 2740 3775 adventu
2782 3720 2955 3774 salvos
2995 3720 3278 3792 ιέεειήιζῆ
3322 3726 3485 3779 κάκεῖ

1901 3790 2438 3863 τοὺςῖτιστεύοντας,
2477 3808 2543 3863 an
2577 3807 2664 3845 ess
2706 3792 2970 3845 duntaxat
3014 3795 3103 3861 qui
3137 3792 3247 3845 illic
3269 3790 3485 3863 quoque

1900 3861 2352 3933 credideruntsln
2382 3862 2639 3933 eumdem
2687 3877 2911 3917 sensum
2952 3861 3316 3932 respondetur
3344 3861 3487 3933 qum-

1899 3932 2235 4005 stioniinter
2259 3930 2686 4005 Anasta_s_ianas;
2723 3942 2888 4003 atque
2929 3949 2996 3988 ex
3035 3930 3223 4005 nescio
3258 3930 3374 4005 qua
3403 3938 3481 3988 vi-

1900 4002 2059 4056 sione
2094 4010 2400 4067 narratur,
2455 4001 2738 4057 Platonem
2786 4001 3023 4072 primum
3076 4004 3247 4059 fuisse
3276 4001 3480 4058 'eorum

1904 4073 1997 4141 qui
2026 4072 2244 4126 Chrlsto
2278 4072 2423 4142 apud
2472 4072 2680 4128 inferos
2730 4074 3108 4128 crediderunt.
3151 4074 3481 4129 Consimilia

1906 4142 2071 4214 habet
2104 4153 2300 4196 auctor
2342 4143 2613 4214 orationis
2643 4143 2721 4197 De
2768 4144 2876 4197 illis
2904 4146 2993 4214 qui
3023 4147 3074 4199 in
3115 4145 3328 4198 Christo
3357 4146 3481 4199 dor-

1906 4213 2171 4274 mierunt,
2221 4226 2383 4281 quem
2436 4229 2465 4266 a
2515 4211 2728 4268 Joanne
2792 4211 2981 4269 nostro
3029 4215 3311 4270 diversum
3364 4230 3487 4270 esse

1907 4280 2282 4337 ostendemus.
2316 4280 2648 4340 Philastrius
2684 4298 2814 4339 vero
2852 4284 3154 4341 Brixiensis
3198 4288 3487 4340 haereticos

1909 4360 2097 4426 censet
2140 4351 2283 4415 illos,
2317 4352 2408 4420 qui
2445 4352 2960 4426 dicuntADomimmt
2992 4356 3046 4408 in
3079 4357 3345 4426 infernum
3395 4356 3485 4409 de-

1908 4421 2193 4486 scendisse,
2233 4430 2283 4475 et
2314 4422 2553 4476 omnibus
2581 4424 2746 4477 etiam
2786 4423 2978 4479 ibidem
3021 4421 3393 4491 annuntiasse,
3430 4438 3486 4479 ut

1910 4492 2217 4559 conﬁtentes
2258 4490 2453 4545 ibidem
2500 4492 2857 4548 salvarentur.
2906 4495 3177 4550 Czeterum
3228 4490 3487 4551 IEcunte-

1911 4562 2036 4615 nius
2077 4560 2169 4633 ad_
2195 4561 2375 4633 locum
2424 4561 2568 4616 Petri
2608 4579 2772 4633 quem
2804 4565 2997 4629 attuli,
3031 4566 3189 4621 docet
3222 4583 3316 4621 eos
3347 4568 3486 4621 dun-

1912 4638 2063 4705 taxat
2105 4630 2173 4683 ad
2215 4629 2497 4705 Christum
2545 4634 2600 4687 in
2624 4629 2843 4705 ‘inferis
2873 4649 3173 4692 conversos
3205 4653 3348 4699 esse,
3392 4639 3483 4705 qui

1912 4699 1988 4779 ita
2029 4703 2335 4779 comparati
2367 4709 2547 4779 erant,
2596 4704 2819 4779 quando
2865 4705 2919 4759 in
2952 4707 3092 4779 vivis
3123 4709 3384 4779 agt-bant,
3411 4699 3486 4759 ἰιι

1913 4770 1958 4823 si
1999 4779 2129 4823 tunc
2163 4770 2274 4823 illis
2308 4770 2685 4839 praedicasset,
2725 4774 2779 4829 in
2804 4791 2931 4829 eum
2959 4770 3347 4833 credidissent.

3176 5035 3474 5045 .————

1322 5214 1679 5303 LIBER
1813 5214 2408 5349 QUARTUS.

750 5560 1002 5617 ΚΕΦΑΛ.
1039 5563 1102 5616 A'
1134 5561 1302 5636 [OA'].

515 5653 652 5724 Περὶ
695 5654 816 5709 τῶν
844 5654 996 5727 μετὰ
1016 5654 1132 5724 τὴν
1164 5654 1529 5713 ἀνάστασιν.

272 5744 464 5809 Μετά
502 5747 559 5802 δὲ
594 5748 691 5820 τὴν
714 5749 780 5802 ὲκ
803 5748 1015 5821 νεκρῶν
1039 5748 1363 5814 ἀνάστασιν,
1396 5750 1573 5804 πάντα
1605 5749 1705 5820 μὲν
1736 5747 1805 5802 τὰ

90 5843 384 5915 πάθη
415 5842 652 5896 ἀπέθετο
675 5858 688 5871 ·
731 5841 937 5912 φθορὰν
969 5841 1132 5910 λέγω,
1165 5840 1357 5894 πεῖνάν
1395 5857 1454 5893 τε
1500 5840 1593 5893 καὶ
1625 5839 1809 5909 δίψαν,

82 5950 403 6011 ὄρμενον
435 5935 529 5988 καὶ
574 5935 849 6004 κάματον,
897 5933 994 5988 καὶ
1048 5933 1119 5986 τὰ
1160 5931 1407 5986 τοιαῦτα.
1454 5933 1517 5986 Ei
1559 5932 1669 6003 γὰρ
1719 5934 1811 5987 καὶ

76 6026 502 6110 ἐγεύσατο
550 6024 805 6097 βρώσεως
859 6026 997 6097 μετὰ
1043 6024 1141 6097 τὴν
1189 6025 1527 6091 ἀνάστασιν,
1583 6025 1700 6082 ἀλλ’
1747 6026 1807 6079 οὐ

2593 5569 2743 5625 CAP.
2786 5572 2824 5624 Ι.

2017 5659 2177 5732 253
2212 5660 2282 5716 De
2306 5664 2369 5717 iis
2396 5679 2513 5734 qua:
2552 5664 2984 5721 resurrectionem
3036 5674 3215 5719 secuta
3251 5670 3393 5721 sunt.

1993 5750 2239 5805 Christus
2297 5760 2415 5819 post
2475 5755 2915 5809 resurrectionem
2974 5755 3341 5825 impassibilis.
3394 5752 3502 5808 Cur

1920 5852 2035 5911 post
2082 5858 2201 5896 eam
2246 5842 2420 5896 cibum
2478 5848 2789 5914 sumpserit.
2833 5842 3092 5902 Humana
3137 5847 3315 5900 omnia
3353 5844 3402 5895 in
3447 5855 3505 5891 eo

1917 5934 2527 6006 integra.——Postquam
2560 5946 2742 5994 autem
2768 5933 3041 5993 Christus
3070 5950 3101 5987 a
3127 5947 3306 5992 morte
3330 5943 3514 5987 resur-

1918 6028 2075 6096 rexit,
2110 6042 2301 6083 omnes
2332 6026 2558 6097 quidem
2598 6023 3002 6101 aegritudines
3032 6023 3197 6085 exuit,
3228 6032 3371 6092 puta
3402 6026 3521 6070 eor-

2886 6170 2919 6181 α

3390 6263 3768 6304 ..4-4
