3950 6304
526 549 663 619 ιιονι

479 819 484 823 η
523 756 741 825 aliaque
773 753 828 808 id
871 751 1109 823 generis.
1149 750 1282 804 Nam
1331 750 1433 804 etsi
1463 759 1584 818 post
1635 743 2103 806 resurrectionem

521 849 706 904 cibum
747 847 989 925 gusmvit
1015 848 1083 907 ”,
1116 861 1225 899 non
1254 852 1432 898 tamen
1466 844 1516 897 id
1553 854 1764 899 natura:
1792 845 1906 914 lege
1930 845 2107 899 couti-

475 953 480 964 '
522 941 627 1010 git:
659 955 838 1009 neque
862 939 1009 992 enim
1055 936 1198 990 fame
1230 934 1538 1002 laboravit;
1575 936 1672 990 sed
1708 945 1857 990 certa
1882 937 2106 1005 dispen-

522 1030 756 1093 satione,
791 1038 849 1082 ut
880 1027 1036 1082 (idem
1069 1027 1357 1089 faceret,sc
1389 1041 1512 1080 vere
1544 1025 1610 1078 ad
1635 1025 1798 1080 vitam
1849 1027 2102 1091 rediisse,

522 1121 880 1191 eamdemque
936 1135 1058 1175 esse
1111 1133 1337 1172 carnem
1393 1133 1514 1188 quae
1563 1134 1686 1173 cum
1721 1129 1934 1173 mortua
1969 1118 2107 1173 fuis-

523 1222 626 1278 set,
682 1212 978 1267 revixerat.
1045 1210 1320 1264 Caeterum
1377 1209 1584 1263 nullam
1631 1218 1842 1264 natura:
1896 1221 2102 1280 partem

523 1305 745 1376 ahjecit,
783 1320 890 1359 non
923 1319 1126 1373 corpus
1156 1343 1170 1366 ,
1213 1317 1321 1356 non
1354 1303 1613 1356 animam.
1657 1302 1799 1369 Quin
1839 1305 2024 1374 potius
2053 1310 2106 1357 et

522 1411 728 1466 corpus
757 1404 809 1450 ct
843 1394 1083 1448 animam
1115 1392 1326 1445 ratione
1351 1398 1405 1446 ct
1431 1392 1740 1454 intellectu,
1773 1393 2105 1462 voleudique

519 1495 575 1540 et
622 1484 817 1555 agendi
879 1481 1145 1536 facultate
1212 1480 1494 1550 praeditam
1551 1481 1762 1546 habuit,
1804 1481 1993 1552 sicque
2049 1483 2104 1536 in

521 1577 724 1630 coelum
757 1574 1044 1637 ascendit,
1099 1583 1267 1642 atque
1300 1572 1365 1625 ad
1389 1569 1569 1626 Patris
1613 1571 1892 1628 dexteram
1929 1573 2102 1640 sedet,

519 1668 706 1722 divino
733 1666 1086 1735 humanoque
1121 1663 1282 1718 modo
1315 1665 1550 1719 salutem
1585 1671 1829 1719 nostram
1871 1664 2101 1720 volens:

438 1809 447 1819 .
519 1760 706 1814 divino
730 1759 951 1830 quidem
1003 1773 1112 1824 qua
1160 1757 1328 1812 rebus
1371 1757 1628 1811 omnibus
1661 1757 1951 1826 providet,
2009 1772 2106 1813 eas

516 1867 859 1908 conservans
895 1857 948 1906 et
989 1850 1344 1920 gubernans;
1382 1849 1621 1904 humano
1653 1857 1836 1904 autem
1872 1865 2106 1905 conver-

519 1945 789 2000 sationem
821 1958 1003 2008 suam,
1037 1955 1202 2012 quam
1230 1941 1285 1994 in
1313 1941 1476 1996 terris
1511 1940 1705 2012 gessit,
1735 1949 1916 1996 mente
1949 1955 2104 1996 reco-

1735 549 1794 609 S.
1827 548 2145 609 JOANNIS
2189 549 2618 610 DAMASCENI

521 663 856 734 ruptionem,
887 662 1108 726 famem,
1143 658 1289 712 sitim
1317 697 1333 722 ,
1383 672 1662 716 somnum,
1692 657 2100 720 lassitudinem,

2213 659 2360 727 νόμῳ
2412 657 2632 726 φύσεως
2662 670 2672 684 ‘

3651 546 3785 610 11ης

2728 656 2788 710 οὐ
2843 655 2954 730 γὰρ
2997 656 3316 714 ἐπείνασενο
3363 659 3680 729 οἰκονομίας
3727 663 3783 713 δὲ

2207 751 2434 820 τρόπῳ,
2473 750 2534 803 τὸ
2589 749 2791 822 ἀληθὲς
2833 751 3200 822 πιστούμενος
3245 751 3346 823 τῆς
3411 753 3786 814 ἀναστάσεως,

2204 842 2281 906 ὡς
2317 842 2452 913 αὐτή
2500 843 2680 909 ἐστιν,
2734 845 2768 913 ἡ
2813 842 3078 915 σὰρξμῑο)
3128 847 3162 916 ἡ
3215 843 3467 898 παθοῦσα
3523 845 3621 900 καὶ
3655 847 3788 901 ἀναο

2209 935 2420 986 στᾶσα·
2452 933 2606 988 οὐδὲν
2635 934 2691 987 δὲ
2735 933 2844 989 τῶν
2888 935 2990 1006 τῆς
3034 934 3252 1006 φύσεως
3301 935 3487 1008 μερῶν
3528 936 3784 992 ἀπέθετο.

2205 1023 2266 1076 οὐ
2304 1022 2497 1094 σῶμα,
2540 1023 2601 1077 οὐ
2635 1023 2814 1096 ψυχὴν
2838 1067 2852 1090 ,
2894 1025 3030 1080 ἀλλά
3079 1026 3266 1081 καὶτὸ
3314 1027 3496 1097 σῶμα,
3547 1029 3644 1080 καὶ
3685 1031 3787 1098 τὴν

2207 1115 2387 1186 ψυχὴν
2418 1115 2645 1188 λογικήν
2674 1135 2729 1171 τε
2759 1117 2854 1171 καὶ
2885 1118 3106 1190 νοεράν,
3143 1119 3440 1192 θελητικήν
3466 1135 3526 1173 τε
3561 1120 3658 1172 καὶ
3703 1123 3788 1172 ὲν-

2207 1206 2509 1278 εργητικὴν
2544 1207 2832 1278 κέκτηται,
2859 1210 2955 1262 καὶ
2981 1209 3154 1274 οὕτως
3177 1209 3236 1262 ὲν
3262 1209 3415 1282 δεξιᾷ
3443 1209 3540 1264 τοῦ
3571 1211 3790 1281 Harpe;

2207 1297 2537 1364 καθέζεται,
2594 1298 2764 1353 θέλων
2797 1299 2996 1363 θεῖκῶς
3044 1317 3102 1353 τε
3145 1301 3240 1354 καὶ
3286 1300 3654 1371 ἀνθρωπίνως
3689 1301 3794 1370 τὴν

2207 1389 2368 1460 ἡμῶν
2403 1391 2704 1462 σωτηρίαν,
2734 1391 2828 1445 καὶ
2859 1391 3120 1462 ἐνεργῶν,
3159 1392 3356 1455 θεῖκῶς
3391 1392 3510 1463 μὲν,
3542 1392 3643 1461 τὴν
3678 1391 3792 1444 τῶν

2206 1479 2344 1533 ὅλων
2378 1481 2637 1552 πρόνοιάν
2669 1499 2732 1536 τε
2783 1482 2876 1535 καὶ
2909 1483 3259 1553 συντήρησιν,
3291 1483 3386 1536 καὶ
3423 1481 3790 1552 κυϐέρνησιν,

2207 1569 2566 1641 ἀνθρωπίνως
2607 1572 2692 1637 δὲ,
2731 1573 3088 1642 μεμνημένος
3122 1573 3234 1627 τῶν
3271 1574 3364 1628 ἐπὶ
3413 1575 3518 1644 γῆς
3568 1572 3741 1628 αὑτοῦ
3765 1574 3793 1611 ά

2205 1663 2522 1736 διατριϐῶν,
2576 1667 2720 1738 ὁρῶν
2750 1683 2808 1720 τε
2845 1666 2941 1725 καὶ
2974 1669 3296 1738 γινώσκων,
3339 1669 3418 1734 ὡς
3456 1667 3564 1721 ὑπὸ
3603 1668 3794 1738 πάσης

2206 1762 2596 1830 προσκυνεῖται
2648 1765 2748 1834 τῆς
2791 1764 3022 1835 λογικῆς
3071 1764 3324 1827 κτίσεως.
3367 1761 3633 1816 Γινώσκει
3679 1763 3795 1830 γὰρ

2207 1847 2240 1916 ἡ
2271 1847 2406 1915 ἁγία
2450 1847 2616 1903 αὑτοῦ
2653 1849 2820 1922 ψυχὴ,
2853 1852 2935 1906 ὃτι
2977 1869 3038 1905 τε
3068 1851 3192 1906 καθ’
3220 1851 3520 1905 ὑπόστασιν
3551 1849 3628 1920 τῷ
3671 1851 3796 1919 Θεῷ

2207 1938 2366 2011 Λόγῳ
2388 1941 2619 2012 ἥνωται,
2650 1944 2747 1997 καὶ
2777 1948 3309 2018 συμπροσκυνεῖται,
3340 1946 3416 2010 ὡς
3457 1943 3595 1998 Θεοῦ
3617 1944 3795 2014 ψυχὴ.

517 2038 661 2102 lens,
700 2035 1008 2105 vidensque
1059 2041 1115 2090 et
1167 2033 1356 2088 sciens
1409 2047 1469 2088 se
1526 2033 1595 2087 ab
1650 2033 1798 2086 0mm
1848 2040 2104 2088 creatura

2213 2033 2302 2087 καὶ
2327 2035 2426 2106 οὐχ
2455 2035 2530 2100 ὡς
2560 2037 2747 2103 ἁπλῶς
2774 2039 2944 2110 ψυχή.
2978 2039 3088 2093 Καὶ
3119 2039 3182 2092 τὸ
3211 2038 3481 2108 ἀναϐῆναι
3508 2037 3567 2090 δὲ
3591 2037 3660 2090 ὲκ
3690 2037 3800 2105 γῆς

517 2127 776 2183 rationali
823 2127 1065 2181 adorari.
1142 2125 1359 2180 Sanctae
1421 2124 1625 2179 etenim
1681 2125 1858 2195 ipsius
1907 2126 2105 2182 anima:

515 2231 860 2292 compertum
901 2228 985 2275 est
1012 2261 1028 2285 ,
1059 2226 1174 2272 tum
1217 2218 1368 2288 quod
1425 2216 1534 2271 Deo
1591 2215 1775 2272 Verbo
1797 2217 2102 2272 secundum

517 2313 855 2383 hypostaslm
877 2309 1039 2363 unita
1077 2308 1171 2374 sit,
1219 2315 1335 2362 tum
1376 2305 1520 2376 quod
1559 2320 1671 2360 una
1721 2319 1848 2360 cum
1900 2321 1968 2360 eo
2010 2305 2108 2360 ad—

517 2407 727 2462 oretur,
765 2398 843 2452 uti
871 2396 963 2452 Dei
995 2395 1201 2458 anima,
1230 2409 1294 2448 ac
1326 2408 1434 2448 non
1456 2401 1517 2448 ut
1545 2392 1871 2462 simpliciter
1902 2394 2104 2448 anima.

2209 2127 2289 2189 είς
2318 2127 2571 2197 οὐρανὸν,
2606 2129 2703 2182 καὶ
2746 2131 2809 2184 τὸ
2841 2131 3151 2201 καταϐῆναι
3181 2131 3237 2184 δὲ
3287 2131 3472 2197 πάλιν,
3513 2130 3798 2200 ἐνέργειαί

2211 2219 2318 2271 εἰσι
2368 2223 2851 2292 περιγραφομένου
2902 2223 3188 2295 σώματος’
3247 2223 3417 2278 Οὕτω
3461 2223 3570 2291 γὰρ
3601 2222 3804 2277 πάλιν

2211 2309 2526 2366 ἐλεύσεται
2547 2353 2562 2379 ,
2591 2314 2758 2383 φησὶ,
2791 2315 2941 2385 πρὸς
2973 2315 3151 2386 ὑμᾶς,
3180 2315 3254 2369 ὃν
3284 2317 3506 2384 τρόπον
3533 2314 3804 2369 ἐθεάσα-

2214 2402 2326 2454 σθε
2370 2403 2560 2457 αὑτὸν
2597 2406 3006 2475 πορευόμενον
3038 2408 3126 2473 εις
3155 2408 3261 2460 τόν
3287 2407 3572 2475 οὐρανόν.

517 2491 660 2558 Quin
697 2492 798 2543 Imc
839 2503 1062 2558 quoque
1107 2487 1282 2557 ipsum
1335 2483 1483 2555 quod
1527 2501 1558 2540 e
1597 2492 1744 2540 terra
1793 2484 1848 2538 in
1906 2485 2110 2540 coelum
2148 2491 2422 2560 ascendit,
2468 2509 2533 2549 ac
2567 2493 2750 2550 denuo
2776 2497 3148 2553 deécensurus
3179 2507 3284 2560 est,
3351 2499 3598 2552 actiones
3672 2505 3813 2552 sunt

516 2581 770 2653 corporis
819 2577 1234 2648 circumscripti
1264 2593 1278 2630 :
1329 2575 1418 2631 Sic
1445 2576 1589 2631 enim
1612 2615 1626 2640 ,
1655 2573 1858 2646 inquit,
1918 2590 2104 2632 rursus
2142 2581 2310 2636 veniet
2341 2583 2411 2638 ad
2444 2601 2556 2651 vos,
2619 2585 3062 2656 quemadmodum
3113 2589 3319 2644 vidistis
3363 2605 3482 2644 eum
3497 2597 3717 2645 euntem
3751 2591 3810 2645 in

517 2677 704 2731 caelum
737 2673 806 2728 ¹³.

1187 2803 1338 2862 CAP.
1369 2803 1431 2860 ll.

815 2922 892 2978 De
930 2920 1164 2976 sessione
1194 2918 1263 2974 ad
1291 2917 1564 2972 dexteram
1607 2917 1810 2972 Patris.

592 3038 767 3092 Porro
795 3035 1078 3090 Christum
1115 3032 1180 3087 ad
1211 3034 1495 3087 dexteram
1526 3031 1619 3086 Dei
1639 3041 1692 3086 et
1712 3031 1890 3087 Patris
1913 3031 2105 3088 sedere

518 3129 883 3202 corporaliter
907 3126 1179 3182 dicimus:
1212 3139 1313 3178 nec
1339 3123 1580 3194 proinde
1627 3123 1733 3177 loci
1791 3123 1968 3177 instar
1990 3138 2113 3180 esse

521 3223 702 3279 Patris
722 3221 1004 3277 dexteram
1039 3219 1400 3272 amr-ruamus.
1431 3214 1534 3280 Qui
1575 3214 1721 3270 enim
1765 3213 1882 3270 ﬁeri
1913 3215 2110 3285 possit,

522 3327 583 3373 ut
615 3315 713 3387 qui
740 3309 1284 3381 circumscriptionis
1322 3316 1409 3363 est
1439 3322 1660 3378 expers,
1691 3307 1813 3360 loco
1833 3306 2113 3360 deﬁnitam

2743 2814 2998 2868 ΚΕΦΑΔ.
3030 2815 3086 2867 B'
3125 2813 3296 2889 [om].

2307 2926 2449 2995 Περὶ
2472 2926 2584 2997 τῆς
2625 2929 2694 2982 ἐκ
2720 2928 2936 2995 δεξιῶν
2970 2931 3078 2985 τοῦ
3107 2930 3341 3000 Πατρός
3375 2931 3702 3001 καθέδρας.

2297 3040 2394 3094 Ἐκ
2421 3041 2612 3108 δεξιῶν
2655 3041 2712 3096 δὲ
2751 3042 2844 3097 τοῦ
2876 3041 3011 3097 Θεοῦ
3042 3045 3138 3099 καὶ
3180 3044 3395 3116 Πατρδς
3439 3046 3815 3102 κεκαθικὲναι

2210 3135 2391 3205 φαμὲν
2422 3135 2512 3189 τὸν
2553 3135 2791 3206 Χριστὸν
2837 3136 3207 3208 σωματικῶς,
3257 3138 3318 3192 οὐ
3347 3137 3582 3209 τοπικὴν
3624 3139 3688 3192 δὲ
3717 3141 3816 3193 δε·-

2212 3226 2332 3294 ξιὰν
2356 3226 2451 3280 τοῦ
2484 3227 2697 3298 Πατρὸς
2730 3228 2989 3299 λέγομεν.
3027 3229 3154 3293 Πῶς
3179 3229 3290 3301 γὰρ
3319 3232 3346 3284 ὀ
3377 3231 3818 3302 ἀπερίγραπτος

2210 3315 2442 3387 τοπικὴν
2474 3317 2627 3388 σχοίη
2660 3315 2845 3383 δεξιάν
2871 3334 2887 3384 ;
2923 3318 3085 3384 Δεξιὰ
3118 3319 3227 3391 γὰρ
3255 3320 3348 3374 καὶ
3382 3321 3668 3394 ἀριστερὰ
3695 3325 3818 3378 τῶν

520 3410 803 3464 dexteram
861 3403 1089 3460 habeat?
1147 3401 1348 3456 Dextra
1378 3400 1525 3454 enim
1555 3407 1610 3454 et
1655 3399 1884 3455 sinistra
1915 3399 1984 3454 iis
2021 3398 2106 3454 de-

2214 3409 2759 3478 περιγεγραμμένων
2789 3409 2899 3462 εἰσί
2923 3428 2937 3441 ο
2964 3411 3149 3478 δεξιὰν
3179 3413 3236 3465 δὲ
3269 3412 3362 3468 τοῦ
3391 3415 3618 3486 Πατρὸς
3645 3418 3818 3485 λέγο-

523 3518 673 3558 mum
705 3497 1066 3562 conveniunt,
1095 3511 1217 3566 quae
1238 3495 1362 3550 loco
1389 3492 2114 3558 circumscribuntur.uuo-

523 3595 672 3650 circa
713 3608 808 3663 per
835 3601 1070 3661 paterna:
1099 3588 1306 3643 dextra:
1337 3585 1667 3654 vpcabttlum
1729 3584 2108 3658 signiﬁcamus

523 3684 830 3739 divinitatis
865 3681 1126 3735 honorem
1183 3686 1235 3732 et
1275 3676 1507 3747 gloriam
1535 3715 1551 3742 ,
1617 3675 1670 3728 in
1714 3689 1820 3744 qua
1850 3687 1976 3728 eum
2015 3673 2111 3728 Dei

529 3773 710 3830 Filius
741 3814 757 3839 ,
808 3781 1068 3844 tanquam
1103 3769 1246 3825 Deus
1294 3768 1554 3838 Patrique
1587 3765 2108 3831 consubstantialis,

527 3877 655 3924 ante
682 3867 881 3924 saecula
910 3873 1080 3930 esset,
1108 3863 1177 3918 ad
1206 3870 1514 3918 extremum
1550 3874 1682 3914 caro
1702 3858 1893 3914 factus
1919 3871 2116 3928 corpo-

525 3967 628 4018 reo
655 3976 874 4032 quoque
925 3957 1088 4013 modo
1122 3955 1410 4018 considet,
1457 3953 1511 4007 in
1547 3955 1794 4008 eamdem
1847 3951 2106 4006 nimirum

2219 3514 2319 3564 μεν
2353 3498 2454 3569 τὴν
2499 3499 2659 3564 δόξαν
2698 3503 2792 3555 καὶ
2833 3501 2931 3572 τὴν
2960 3504 3127 3575 τιμὴν
3157 3504 3259 3574 τῆς
3289 3503 3544 3576 θεότητος
3567 3549 3582 3573 ,
3622 3509 3684 3562 ὲν
3785 3513 3820 3563 ὃ

2213 3588 2308 3642 τοῦ
2358 3589 2492 3644 Θεοῦ
2534 3592 2664 3656 Υίδς
2704 3593 2810 3665 πρὸ
2845 3593 3058 3650 αίὼνων
3084 3595 3368 3668 ὑπάρχων.
3396 3598 3472 3663 ὡς
3511 3599 3676 3669 Θεὸς,
3713 3605 3826 3657 καὶ

2218 3681 2296 3753 τῷ
2323 3681 2502 3754 Πατρὶ
2534 3684 2824 3755 ὀμοούσιος
2847 3727 2862 3753 ,
2909 3687 2999 3740 ἐπ’
3030 3687 3278 3758 ἐσχάτων
3318 3674 3635 3761 σαρκωθείς
3657 3734 3672 3758 ,
3711 3697 3828 3748 καὶ

2221 3775 2552 3844 σωματικῶς
2599 3777 2878 3848 κάθηται,
2929 3781 3385 3854 συνδοξασθείσης
3431 3786 3536 3853 τῆς
3595 3791 3828 3860 σαρκός

2221 3865 2408 3920 αὐτοῦ’
2439 3873 2835 3940 προσκυνεῖται
2856 3872 2966 3944 γὰρ
3002 3875 3099 3945 μιᾷ
3128 3877 3499 3946 προσκυνήσει
3533 3879 3682 3948 μετὰ
3709 3880 3830 3949 τῆς

2219 3957 2419 4026 σαρκὸς
2449 3959 2615 4014 αὐτοῦ
2649 3961 2754 4015 ὑπὸ
2782 3961 2965 4033 πάσης
2994 3962 3095 4033 τῆς
3109 3963 3368 4027 κτίσεως.

527 4054 757 4127 gloriam
789 4051 962 4108 ascita
999 4051 1172 4121 ipsius
1203 4063 1388 4104 carne.
1449 4045 1570 4102 Una
1625 4045 1770 4102 enim
1803 4044 2110 4112 eademque
2142 4058 2267 4102 cum
2323 4065 2421 4106 sua
2476 4067 2643 4108 carne
2689 4054 3012 4111 adoratione
3061 4056 3132 4110 ab
3179 4056 3436 4113 omnibus
3468 4061 3682 4115 creatis
3719 4075 3838 4115 re.-

527 4147 633 4204 bus
655 4145 856 4202 colitur
881 4143 950 4198 ".

600 4305 646 4337 “
669 4303 804 4360 Luc.
838 4317 987 4366 xxiv,
1022 4299 1114 4355 45.
1187 4297 1235 4329 ⁸⁸
1257 4298 1376 4353 Act.
1413 4311 1453 4358 ι,
1497 4294 1584 4350 Η.
1661 4295 1705 4326 ’⁸
1737 4294 1937 4349 Athan.
1967 4292 2095 4348 :lun.
2128 4308 2185 4364 p.
2213 4293 2284 4347 45
2312 4292 2379 4348 ad
2419 4293 2574 4361 Ant.;
2606 4294 2768 4352 Basil.
2791 4294 2888 4350 lib.
2923 4294 2998 4351 De
3030 4294 3235 4366 Spiritu
3273 4306 3476 4362 sancto,
3505 4313 3634 4369 cap.
3657 4301 3714 4354 6.

1842 4446 2077 4504 VARIIE
2117 4446 2524 4506 LECTIONES.

605 4575 633 4618 δ
669 4574 864 4631 Deerat
887 4567 1076 4637 αὐτοῦ,
1099 4567 1159 4624 in
1186 4566 1368 4624 editis.

2059 4725 2290 4784 NOTAE.

771 4845 1061 4919 mpera
1101 4845 1443 4919 eartodpﬁ.
1492 4845 1851 4919 Eamdentque
1893 4859 2109 4919 carnem
2147 4847 2189 4902 ι)
2209 4848 2330 4919 jam
2383 4849 2704 4918 terrenisque
2742 4847 3118 4919 affectionibus
3160 4846 3366 4919 Christi
3398 4863 3527 4902 caro
3574 4849 3870 4908 obnoxia

607 4850 746 4972 (6t);l
771 4850 866 4914 Ὠς
907 4850 1061 4913 αὐτή
1101 4850 1236 4901 ἐστι
1262 4850 1443 4917 σάρξ.
1492 4850 1851 4917 Eamdemque
1893 4859 2103 4901 carnem

535 4935 665 4974 esse.
753 4918 840 4972 uic
861 4915 1129 4988 doctrina:
1158 4916 1446 4988 Origenes,
1480 4915 2103 4988 utAerathnosticorum

539 4989 758 5062 placitis
792 4986 1039 5062 imbutus
1065 5031 1096 5062 ,Α
1130 4985 1478 5062 repugnavit.
1507 4985 1832 5062 Marcellum
1860 4987 2107 5062 Ancyra-

537 5055 670 5122 iium
705 5058 924 5112 omitto.
958 5055 1016 5111 In
1046 5055 1248 5113 dial.'2
1278 5055 1634 5123 Theodoreti,
1667 5055 1954 5112 Eranistes
1985 5055 2108 5111 hae-

538 5130 746 5186 reticus
766 5166 782 5193 ,
821 5135 1046 5199 rogatus
1067 5171 1084 5196 ,
1126 5143 1237 5199 quo
1271 5138 1516 5199 tempore
1543 5128 1861 5184 humanitas
1891 5125 2105 5199 Christi

539 5212 761 5270 exstare
809 5197 1086 5270 desierit,
1141 5197 1669 5270 respondetsaltem
1712 5197 1996 5270 perdam
2047 5198 2112 5251 ὲκ

539 5269 754 5343 νεκρῶν
783 5268 1080 5343 ἀνάστασιν
1111 5271 1145 5340 ή
1187 5267 1326 5343 alio;
1355 5269 1574 5343 eseam
1601 5267 1824 5340 τὴνέίς
1855 5267 2110 5338 θεότητος

541 5339 706 5411 φύσιν
741 5339 1079 5412 μεταϐολήν..
1117 5339 1346 5394 ἐατοίη
1392 5341 1625 5412 divinam
1655 5339 2112 5412 naturamAmuta-

542 5409 1300 5466 t'ioitem'adniisit.Neminem
1320 5419 1521 5466 terreat
1560 5409 1648 5465 hic
1663 5409 1928 5479 Theologi
1954 5409 2110 5479 locus

541 5491 684 5536 orat.
713 5481 807 5547 49,
845 5479 938 5535 ubi
959 5480 1239 5537 Christum
1279 5489 1724 5547 venturumesse
1744 5478 1899 5543 dicit,
1923 5478 2110 5534 οὐκέτι

539 5552 644 5674 μὶν
675 5545 891 5623 σάρκαο
941 5551 1042 5606 οὐκ
1081 5549 1374 5638 ἀσώματον
1412 5552 1469 5606 δέ
1497 5566 1511 5581 ⁸
1547 5545 1630 5614 οἷς
1680 5550 1758 5632 δὲ.
1789 5550 1952 5614 αὐτὸς
1977 5547 2111 5633 ,οἶδε

574 5621 722 5674 όγοις
777 5620 1174 5674 θεοειδεστέοου
1227 5639 1496 5674 σωματος.
1555 5619 1680 5674 Νοη
1738 5637 1849 5674 iam
1898 5623 2109 5674 autdem

574 5621 722 5694 ργοις
751 5619 1174 5692 ’θεοειδεστέρου
1205 5619 1496 5694 σώματος.
1555 5619 1680 5676 Νοη
1728 5621 1849 5689 jam
1882 5621 2109 5694 quidem

539 5691 698 5744 illum
723 5707 934 5746 carnem
963 5707 982 5745 :
1011 5691 1257 5746 ueterum
1298 5691 1402 5746 non
1440 5694 1828 5761 incorporeum,
1859 5691 2115 5746 diviniori

537 5762 825 5819 exsistente
858 5776 1096 5829 corpore,
1127 5763 1390 5830 quomodo
1431 5764 1542 5832 ipse
1576 5762 1719 5816 novit
1741 5800 1756 5824 ,
1802 5773 1860 5816 ut
1891 5762 1956 5832 ab
2002 5762 2113 5816 illis

537 5831 631 5899 qui
659 5847 714 5903 se
739 5833 1075 5903 conﬂixerunt
1123 5833 1454 5898 aspicintur,
1500 5833 1596 5886 καὶ
1638 5832 1796 5903 μείνῃ
1825 5831 1957 5896 Θεὸς
2007 5832 2112 5900 ἔξω

539 5901 874 5974 ξξᾳχύτητος,
907 5900 1145 5974 Deusque
1171 5906 1342 5960 omnis
1365 5900 1842 5957 crassitiei‘exso‘rs
1878 5911 2111 5974 maneat.

538 5963 761 6028 Nicetas
791 5963 1072 6043 si’qttidem'
1095 5971 1212 6029 lucc
1238 5977 1656 6044 interpretatur,
1690 5981 1748 6025 ut
1771 5972 2113 6029 naturalibus

2211 4918 2318 4974 non
2348 4919 2441 4984 sit,
2480 4929 2611 4990 puta
2644 4920 2800 4990 fami,
2827 4918 2942 4990 siti,
2987 4919 3178 4990 aliisve
3217 4918 3634 4990 infirmitatibus
3659 4937 3680 4973 :
3715 4939 3874 4978 non

2215 4999 2390 5044 tamen
2423 4988 2488 5044 ut
2509 4988 2850 5059 incorporeus
2894 4989 3006 5053 sit,
3037 4988 3128 5058 qui
3161 4989 3373 5042 nativae
3404 4991 3648 5056 corporis
3683 4994 3878 5057 prd-

2212 5061 2466 5131 prietates
2520 5077 2625 5114 non
2655 5059 2907 5129 abjecerit
2935 5097 2950 5122 ,
2990 5059 3242 5131 nimirum
3286 5060 3488 5131 trinam
3511 5061 3880 5119 dimensio—

2213 5129 2373 5196 nem,
2423 5131 2689 5200 formam,
2740 5138 2791 5184 et
2827 5138 3020 5200 caetera
3058 5129 3113 5200 id
3161 5144 3343 5197 genus.
3377 5129 3616 5198 Foreque
3673 5132 3878 5189 illud

2213 5217 2401 5270 corpus
2425 5199 2682 5268 divinius,
2710 5199 2851 5270 quod
2885 5207 2936 5254 et
2959 5199 3104 5253 cerni
3124 5203 3302 5270 queat,
3331 5209 3381 5253 et
3411 5201 3629 5254 interim
3656 5216 3884 5259 cras-

2213 5268 2352 5328 sitiei
2390 5287 2574 5341 expers
2605 5268 2837 5341 maneat,
2865 5279 3046 5338 utpote
3072 5284 3176 5323 non
3207 5268 3325 5337 jam
3358 5285 3508 5341 caro,
3548 5271 3642 5325 sed
3677 5272 3888 5330 ἰιιιειν

2214 5359 2451 5406 carnem,
2481 5352 2531 5396 et
2562 5342 2619 5396 id
2646 5340 2788 5411 quod
2819 5342 3196 5411 incorporeum
3226 5350 3328 5404 est,
3359 5340 3596 5411 mediam
3622 5356 3892 5411 quam-

2213 5415 2342 5467 dam
2372 5409 2905 5467 rationem'ltabens.
2945 5409 3150 5465 Nicetaa
3176 5410 3590 5473 expositionem
3629 5409 3898 5473 ﬁrmat

2212 5482 2597 5539 Nazianzenus
2621 5482 2758 5552 ipse,
2775 5482 2938 5552 epist.
2968 5482 2992 5535 l
3024 5479 3094 5552 ad
3123 5478 3387 5552 Cle_dou_.,
3416 5480 3508 5534 ubi
3536 5480 3898 5552 adversus

2213 5553 2619 5623 Apollinarium
2646 5549 2852 5623 ‘deﬁriit
2889 5549 3501 5623 anathematisubesse
3528 5551 3629 5620 qui
3667 5555 3904 5617 dixe;

2215 5618 2288 5678 rit
2317 5625 2596 5679 Christum
2627 5621 3010 5676 ἀποτεθεῖσθαι
3055 5619 3150 5674 νῦν
3194 5618 3294 5691 τὴν
3338 5618 3564 5692 σάρκα,
3594 5636 3900 5686 earnm

2215 5693 2544 5764 deposuisse.
2581 5693 2646 5764 Et
2681 5701 2832 5747 certe
2863 5691 3270 5764 Athenagoras,
3297 5705 3408 5764 quo
3435 5691 3630 5764 nullus
3700 5701 3906 5760 διιδ-

2216 5758 2418 5820 l'ortius
2441 5762 2626 5819 carnis
2645 5758 3112 5818 resurrectionem
3127 5758 3390 5826 defendit,
3415 5761 3616 5816 eodem
3653 5779 3740 5821 ω
3755 5758 3904 5830 οι(ίᾷ

2217 5836 2474 5916 dixerat,
2528 5847 2664 5916 nos“
2695 5840 2820 5916 post
2875 5831 3344 5916 resurrectionem
3403 5830 3630 5888 futuros
3663 5873 3702 5916 ρ
3763 5849 3904 5916 σεχ

2214 5906 2291 5968 ὡς
2322 5905 2528 5976 σάρκες
2552 5943 2567 5966 ,
2602 5901 2704 5955 κᾶν
2735 5901 2951 5976 ἔχωμεν
2977 5941 2993 5969 ,
3035 5917 3140 5958 non
3193 5901 3332 5958 velut
3363 5917 3558 5956 carnes
3608 5901 3876 5973 δειλαί

2232 5965 2440 6030 tametsi
2470 5965 2796 6028 habeamus?
2850 5965 2863 5976 '
2957 5965 2987 5984 "
3754 5965 3904 5986 νην,
