3950 6304
38 3811 46 3870 Ι

38 3913 46 3966 i

41 4307 50 4354 ξ

41 4373 52 4448 ἓ

397 154 537 222 1107
1640 171 1700 231 S.
1724 171 2045 236 JOANNIS
2082 176 2512 241 DAMASCENI
3517 178 3670 248 ’1108

394 272 498 336 est,
522 275 709 325 etnon
738 268 931 327 Pater:
953 270 1194 342 Spiritus
1216 281 1465 342 sanctus,
1493 273 1758 346 Spiritus,
1783 292 1848 332 ac
1876 293 1975 333 non

2093 283 2188 336 καὶ
2217 283 2279 336 οὐ
2315 285 2542 355 Πατήρο
2597 281 2827 354 Πνεῦμα
2869 283 3028 353 ἅγιον
3081 283 3144 338 τδ
3179 283 3426 356 Πνεῦμα.
3467 285 3562 341 καὶ
3603 287 3671 340 οὐ

397 362 580 432 Pater,
611 379 712 421 nec
737 363 935 420 Filius.
968 364 1290 436 Pr0prietas
1337 368 1485 422 enim
1514 369 1814 426 immobilis
1856 381 1973 428 est:

395 471 631 525 quonam
656 457 801 512 enim
825 458 932 511 alio
966 461 1129 512 modo
1182 461 1494 528 proprietas
1520 471 1782 529 maneret,
1816 463 1979 534 255

394 549 442 603 si
469 557 780 603 moveretur
801 564 980 620 exque
1015 552 1123 605 alia
1158 553 1212 607 in
1236 553 1402 608 aliam
1427 554 1718 609 transiret?
1749 555 1829 610 Ob
1853 571 1974 610 eam

392 655 616 697 causam
652 639 748 696 Dei
793 639 990 709 Filius,
1015 644 1258 703 hominis
1288 646 1434 703 ﬁlius
1460 647 1536 712 lit,
1567 655 1626 702 ut
1653 648 1975 718 proprietati

391 730 747 788 immobilitas
773 747 872 788 sua
894 741 1129 790 constet.
1165 735 1300 792 Nam
1337 753 1460 792 cum
1492 737 1586 793 Dei
1617 737 1786 794 Filius
1809 747 1974 806 esset,

391 821 572 877 lactus
602 830 686 878 est
722 823 960 882 hominis
987 827 1156 896 (ilius,
1185 843 1250 884 ex
1282 836 1472 885 sancta
1503 828 1726 901 Virgine
1754 845 1978 886 carnem

389 930 636 981 sumens,
680 932 781 973 nec
807 927 1098 990 propterea
1137 921 1206 978 ab
1235 935 1300 977 ea
1342 923 1679 994 proprietate
1717 938 1839 994 quae
1886 921 1978 978 Fi-

391 1010 525 1063 lium
567 1008 724 1066 decet
743 1013 1038 1069 excedens.

459 1099 622 1156 Nota:
641 1111 691 1157 ct
745 1103 1078 1161 characteres
1130 1105 1324 1162 divime
1377 1116 1604 1163 natura.
1654 1107 1763 1163 Cur
1800 1107 1974 1163 Filius

387 1195 722 1251 incarnatus.
747 1229 816 1240 —
838 1197 992 1255 lianc
1019 1215 1186 1270 porro
1209 1201 1303 1258 Dei
1334 1201 1511 1259 Filius
1544 1203 1786 1258 utbomo
1819 1205 1975 1258 lieret

387 1302 610 1343 causam
644 1288 868 1357 habuit,
909 1300 968 1347 ut
1016 1292 1069 1347 id
1110 1308 1306 1350 rursus
1367 1293 1578 1349 homini
1643 1294 1972 1351 beneﬁcium

387 1377 628 1445 ab'crret,
655 1382 816 1452 cujus
852 1383 1029 1454 gratia
1066 1383 1222 1438 illum
1267 1401 1296 1439 a
1321 1385 1596 1456 principio
1623 1387 1969 1442 condiderat.

389 1467 672 1540 Siquidem
715 1487 841 1528 eum
894 1474 960 1528 ad
1005 1473 1302 1546 imaginem
1348 1491 1526 1545 suam,
1573 1476 1856 1533 intellectu
1916 1485 1972 1534 et

389 1561 644 1619 libertate
689 1563 981 1634 praeditum
1044 1564 1359 1631 eﬂinxerat;
1421 1581 1635 1623 necnon
1673 1568 1739 1622 ad
1773 1569 1971 1623 simili-

2093 376 2308 447 Πατὴρ,
2338 376 2461 430 οὐδὲ
2495 375 2641 441 Υἱός.
2679 376 2746 430 Ἦ
2777 376 2886 448 γὰρ
2919 376 3123 448 ἰδιότης
3147 376 3408 448 ἀκίνητος
3435 395 3450 410 ·
3480 377 3516 450 ἢ
3547 379 3673 441 πῶς

2089 470 2157 525 ἂν
2192 469 2393 542 ἰδιότης
2420 468 2572 540 μένοι
2606 469 2902 540 κινουμένη
2945 468 3034 522 καῖ
3068 468 3528 542 μεταπίπτουσα;
3567 469 3674 524 Διά

2085 561 2247 615 τοῦτο
2294 564 2323 616 ὁ
2369 561 2500 625 Υἱὸς
2550 560 2646 616 τοῦ
2681 560 2857 627 Θεοῦ,
2905 560 3029 625 Υίδς
3087 559 3376 632 ἀνθρώπου
3431 562 3670 630 γίνεται,

2087 654 2176 709 ἴνα
2228 654 2391 727 μείνῃ
2449 656 2483 728 ἡ
2539 654 2745 724 ἰδιότης
2793 653 3070 725 ἀκίνητος.
3127 653 3256 718 Υἱὸς
3305 653 3414 726 γὰρ
3447 653 3524 709 ὢν
3570 656 3671 710 τοῦ

2084 745 2222 801 Θεοῦ
2246 789 2261 815 ,
2304 747 2433 810 Υἱὸς
2474 746 2768 818 ἀνθρώπου
2809 746 3064 816 γέγονεν,
3115 744 3424 818 σαρκωθεὶς
3465 748 3531 801 ὲκ
3567 751 3674 820 τῆς

2085 840 2252 908 ἁγίας
2302 839 2615 911 Παρθένου,
2648 839 2743 895 καὶ
2780 841 2881 894 οὐκ
2920 836 3166 903 ἐκστὰς(
3213 839 3315 911 τῆς
3343 838 3674 912 ὑῖκῆςυίδιὸ-

2081 949 2265 1004 τητος.

2164 1111 2590 1184 Ἐνηνθρὼπησε
2625 1111 2683 1166 δὲ
2713 1112 2742 1164 ὁ
2772 1111 2903 1176 Υίὸς
2930 1111 3026 1166 τοῦ
3073 1111 3232 1176 Θεοῦ,
3288 1113 3356 1166 ἶν’
3396 1113 3484 1184 ἐφ’
3512 1106 3674 1186 ᾧπερ

2081 1203 2306 1273 ἐποίησε
2332 1202 2425 1257 τὸν
2451 1203 2764 1276 ἄνθρωπον,
2787 1202 2952 1258 πάλιν
2974 1202 3124 1274 αὐτῷ
3143 1202 3459 1274 χαρίσηται’
3489 1205 3678 1275 istoin-

2083 1310 2142 1346 σε
2175 1293 2285 1366 γὰρ
2314 1293 2479 1349 αὐτὸν
2503 1294 2622 1348 κατ’
2646 1293 2830 1348 εἰκόνα
2846 1293 3062 1361 ἑαυτοῦ,
3091 1293 3277 1366 νοερὸν
3292 1294 3390 1349 καὶ
3410 1295 3676 1361 αὐτεξού-

2081 1403 2217 1452 σιον,
2247 1387 2344 1442 καὶ
2373 1386 2498 1441 καθ’
2527 1386 2810 1458 ὁμοίωσιν,
2832 1387 2953 1459 ἦτοι
2988 1387 3047 1441 ἐν
3080 1389 3303 1459 ἀρεταῖς
3335 1388 3561 1454 τέλειον,
3596 1389 3678 1453 ὡς

2080 1477 2302 1550 ἐφικτὸν
2333 1477 2626 1550 ἀνθρώπου
2656 1479 2815 1550 φύσει
2832 1496 2846 1511 ο
2873 1469 3170 1550 αὗταιγὰρ
3195 1480 3361 1534 οἱονεὶ
3389 1481 3678 1551 χαρακτῆ-

2079 1586 2171 1642 ρες
2195 1569 2296 1641 τῆς
2325 1569 2476 1634 θείας
2500 1569 2807 1642 ὑπάρχουσι
2838 1570 3075 1641 φύσεως,
3122 1571 3182 1624 τὸ
3217 1572 3544 1643 ἀμέριμνον,
3577 1574 3679 1626 καὶ

391 1654 639 1711 tudinem
674 1671 856 1722 suam,
899 1657 953 1712 id
989 1663 1095 1723 est,
1141 1657 1296 1712 omni
1332 1656 1602 1712 virtutum
1629 1673 1828 1728 genere
1857 1673 1975 1729 per-

2084 1663 2519 1734 ἀπερίσπαστον,
2556 1664 2652 1718 καὶ
2677 1663 2956 1736 ἀκέραιον,
3010 1663 3072 1718 τὸ
3123 1663 3350 1733 ἀγαθὸν,
3379 1664 3441 1718 τὸ
3481 1665 3676 1734 σοφὸν,

388 1749 620 1817 fectum,
654 1757 922 1820 quantum
950 1749 1173 1822 quidem
1224 1751 1480 1805 humanae
1536 1758 1749 1806 naturae
1780 1766 1982 1806 conse-

389 1841 484 1913 qui
518 1841 708 1897 datum
732 1850 901 1899 esset.
957 1841 1052 1898 lla:
1080 1843 1283 1914 quippe
1328 1843 1529 1898 divinae
1568 1851 1780 1899 naturae
1810 1844 1980 1900 veluti

391 1945 530 1991 notae
555 1942 706 2001 sunt,
737 1949 934 2008 nempe
963 1951 1094 1999 cura
1126 1951 1190 1992 ac
1207 1936 1578 1992 sollicitudine
1600 1951 1818 2003 vacare,
1847 1937 1981 1991 sim-

389 2026 653 2096 plicitate,
709 2028 994 2095 bonitate,
1030 2029 1301 2100 sapientia
1364 2037 1418 2084 et
1471 2028 1692 2098 justitia
1747 2029 1977 2099 pollere,

391 2131 559 2192 atque
593 2122 663 2177 ab
696 2123 845 2176 omni
887 2122 1024 2178 vitio
1057 2123 1292 2178 liberum
1326 2137 1472 2179 esse.
1509 2121 1681 2177 Porro
1704 2137 1828 2177 cum
1878 2121 1979 2179 ho-

389 2214 593 2268 minem
630 2213 682 2268 in
707 2229 775 2269 eo
797 2223 942 2270 statu
979 2215 1378 2281 constituisset,
1407 2224 1468 2270 ut
1511 2230 1570 2270 se
1593 2214 1698 2284 ipsi
1731 2227 1980 2269 commu-

392 2303 628 2371 nicaret,
653 2320 770 2358 cum
791 2306 982 2359 ctenim
1007 2305 1053 2338 “
1077 2305 1363 2374 fecerat,ut
1385 2305 1699 2373 corruptelae
1717 2303 1977 2358 obnoxius

391 2411 496 2449 non
518 2403 673 2461 esset,
715 2411 814 2466 per
842 2397 929 2452 sui
975 2395 1536 2457 communicationem
1584 2395 1652 2450 ad
1721 2394 1979 2450 incorru-

391 2489 638 2558 ptionem
665 2505 788 2544 eum
823 2489 1470 2556 subvehebat.Qnoniam
1492 2497 1671 2542 autem
1694 2502 1790 2557 per
1817 2500 1977 2540 man-

389 2579 504 2634 dati
535 2579 888 2636 violationem
929 2580 1191 2651 imaginis
1232 2579 1436 2634 divinae
1460 2577 1723 2634 ductibus
1753 2585 1807 2632 et
1843 2575 1975 2631 cha-

392 2670 701 2727 racteribus
723 2671 1036 2726 obscuratis
1083 2684 1147 2726 ac
1177 2669 1397 2735 deletis,
1464 2671 1519 2724 in
1553 2667 1818 2722 malitiam
1849 2681 1977 2735 pro-

391 2762 591 2826 voluti,
616 2762 805 2818 divina
841 2761 1346 2818 communicatione
1365 2761 1796 2825 orbatisumus:
1832 2755 1975 2811 Nam

391 2871 508 2925 quc:
539 2857 763 2911 societas
801 2856 904 2911 luci
936 2855 1006 2908 ad
1035 2855 1274 2910 tenebras
1303 2853 1375 2907 ὀἳ
1401 2861 1565 2924 atque
1595 2867 1625 2905 a
1655 2852 1766 2906 vita
1796 2849 1976 2906 exclu-

393 2946 462 3012 si,
485 2944 541 3000 in
567 2947 762 3002 mortis
787 2946 1070 3001 interitum
1095 2946 1414 3001 incidimus:
1435 2944 1972 3015 quoniam,inquam,

2082 1753 2143 1808 τὸ
2169 1754 2396 1821 δίκαιον,
2425 1755 2488 1808 τὸ
2512 1753 2695 1826 πάσης
2725 1753 2926 1818 κακίας
2950 1752 3256 1826 ἐλεύθερον.
3301 1755 3391 1808 Ἐν
3415 1756 3680 1825 κοινωνίᾳ

2083 1845 2188 1918 μὲν
2247 1841 2343 1902 οὖν
2376 1846 2595 1901 ’ἑαυτοῦ
2653 1847 3008 1919 καταστήσας
3068 1846 3162 1901 τὸν
3221 1845 3510 1919 ἄνθρωπον
3560 1847 3679 1916 (ἐπ’

2081 1939 2366 2012 ἀφθαρσίᾳ
2425 1939 2454 1982 ι
2507 1940 2616 2012 γὰρ
2670 1939 2859 1994 τοῦτον
2892 1939 3141 2011 ἐποίησε,
3201 1939 3290 1993 διὰ
3317 1941 3418 2011 τῆς
3472 1940 3677 1994 ἑαυτοῦ

2081 2029 2372 2092 κοινωνίας
2399 2029 2678 2101 ἀνήγαγεν
2703 2028 2864 2083 αὐτὸν
2905 2027 3043 2101 πρὸς
3063 2027 3122 2082 τὸ
3148 2027 3446 2100 ἄφθαρτον)
3472 2045 3487 2060 ο
3521 2031 3680 2082 ἐπει-

2079 2121 2144 2194 δὴ
2177 2121 2273 2176 καὶ
2323 2120 2410 2175 διὰ
2463 2122 2566 2192 τῆς
2598 2121 2964 2194 παραϐάσεως
3013 2121 3112 2192 τῆς
3159 2120 3380 2192 ἐντολῆς
3408 2121 3538 2185 τοὺς
3568 2122 3678 2192 τῆς

2081 2212 2234 2277 θείας
2262 2213 2472 2276 εἰκόνος
2499 2213 2860 2284 χαρακτῆρας
2913 2212 3280 2285 ἐξεφώσαμέν
3302 2230 3362 2267 τε
3408 2213 3506 2268 καὶ
3544 2231 3676 2268 aw-

2079 2304 2337 2374 εχέαμεν,
2363 2303 2459 2356 καὶ
2485 2305 2542 2356 ὲν
2568 2302 2739 2372 κακία
2755 2303 3176 2374 γενόμενοι,τῆς
3204 2303 3356 2366 θείας
3380 2303 3674 2368 κοινωνίας

2080 2391 2480 2464 ὲγυμνώθημεν
2499 2406 2511 2419 ·
2541 2393 2637 2458 Τίς
2656 2392 2766 2461 γὰρ
2791 2393 3089 2462 μετουσία
3121 2393 3267 2465 φωτὶ
3294 2395 3321 2434 h
3340 2394 3490 2463 πρὸς
3520 2398 3674 2450 σκό-

2077 2495 2222 2546 τος-ς
2254 2479 2350 2532 καί⁵
2385 2478 2491 2544 ἔξω
2542 2479 2642 2550 τῆς
2673 2479 2820 2551 ζωῆς
2865 2481 3170 2552 γενόμενοι,
3200 2484 3267 2554 τῇ
3301 2481 3397 2536 τοῦ
3429 2482 3672 2539 θανάτου

2080 2571 2259 2644 φθορᾷ
2287 2571 2638 2641 ὑπεπὲσομεν
2678 2573 2694 2613 ί
2722 2587 2738 2602 ·
2766 2572 2954 2644 ἐπειδὴ
2983 2573 3257 2644 μετέδωκε
3291 2575 3386 2628 τοῦ
3417 2575 3672 2646 κρείττο-

2078 2680 2190 2732 νος,
2218 2663 2315 2718 καὶ
2333 2663 2434 2718 οὐκ
2456 2663 2825 2734 ὲφυλάξαμεν,
2852 2663 3265 2736 μεταλαμϐάνει
3280 2665 3376 2720 τοῦ
3399 2667 3671 2737 χείρονος,

2077 2754 2178 2825 τῆς
2209 2754 2488 2827 ἡμετέρας
2514 2753 2658 2824 λέγω
2706 2754 2946 2826 φύσεως,
2989 2753 3080 2810 ἵνα
3127 2755 3196 2811 δι’
3245 2757 3443 2811 ἑαυτοῦ
3483 2759 3582 2812 καὶ
3613 2761 3674 2814 ὲν

2079 2843 2262 2916 ἑαυτῷ
2297 2845 2632 2918 ἀνακαινίσῃ
2692 2845 2793 2914 μὲν
2847 2849 2908 2900 τδ
2946 2846 3070 2900 κατ’
3129 2847 3340 2913 εἰκόνα,
3393 2847 3490 2902 καὶ
3537 2849 3670 2904 καθ’

2077 2938 2362 3008 ὁμοίωσιν,
2409 2937 2598 3010 διδάξῃ
2633 2936 2691 2990 δὲ
2741 2937 2834 2992 καὶ
2887 2938 3040 3008 ἡμᾶς
3066 2937 3168 3007 τὴν
3211 2939 3471 3010 ἐνάρετον
3513 2940 3676 2994 πολι-

395 3041 747 3109 praastantius
799 3039 968 3104 illud,
1037 3040 1186 3110 quod
1245 3038 1408 3094 nobis
1461 3036 1780 3108 impertitus
1830 3042 1972 3100 erat,

2084 3028 2252 3096 τείαν,
2282 3027 2491 3099 ταύτην
2517 3028 2588 3082 δι’
2617 3025 2816 3101 ἑαυτοῦ
2840 3028 3076 3099 ποιήσας
3101 3027 3116 3078 1
3146 3029 3282 3099 ἡμῖν
3316 3028 3671 3098 εὐεπίϐατον,

397 3131 622 3187 minime
656 3130 1096 3196 custodivimus;
1146 3129 1358 3185 idcirco
1388 3129 1512 3199 ejus
1549 3127 1695 3199 quod
1725 3125 1975 3182 deterius

393 3230 498 3287 est,
531 3227 733 3277 nostrae
763 3222 978 3278 scilicet
1002 3229 1238 3286 naturae,
1279 3221 1559 3292 particeps
1596 3219 1716 3291 ipse
1768 3219 1849 3283 tit,
1907 3227 1970 3274 ut

398 3327 490 3381 per
521 3328 583 3368 se
612 3313 833 3384 quidem
866 3323 922 3370 et
959 3314 1015 3370 in
1048 3329 1110 3370 se
1161 3313 1419 3386 imaginis
1469 3313 1966 3383 similitudinisque

394 3404 649 3460 decorem
679 3406 994 3473 instauret,
1031 3422 1138 3464 nos
1187 3422 1322 3463 vero
1364 3407 1670 3463 virtutibus
1722 3411 1974 3460 ornatam

2083 3123 2180 3178 καὶ
2215 3124 2285 3194 τῇ
2314 3122 2416 3193 τῆς
2449 3120 2595 3193 ζωῆς
2628 3121 2889 3192 κοινωνίᾳ
2935 3118 3277 3193 ἐλευθερώσῃ
3300 3122 3402 3193 τῆς
3435 3122 3672 3194 φθορᾶς,

2081 3213 2308 3286 ἀπαρχὴ
2365 3213 2659 3284 γενόμενος
2716 3213 2816 3284 τῆς
2863 3211 3027 3284 ἡμῶν
3065 3212 3439 3278 ἀναστάσεως,
3487 3215 3586 3268 καὶ
3613 3214 3675 3268 τὸ

2081 3303 2386 3376 ἁχρειωθὲν
2405 3304 2500 3360 καὶ
2523 3303 2810 3376 συντριδὲν
2840 3303 3034 3368 σκεῦος
3065 3305 3418 3376 ἀνακαινίσῃ,
3453 3306 3543 3360 ἵνα
3571 3307 3676 3377 τῆς

2081 3398 2404 3472 τυραννίδος
2431 3398 2526 3454 τοῦ
2563 3399 2816 3454 διαόὀλου
2846 3397 3230 3471 λυτρώσηται,
3264 3399 3402 3470 πρὸς
3436 3399 3678 3468 θεογνω-

396 3494 620 3566 agendae
649 3497 774 3552 vitae
797 3497 1218 3568 rationem,,per
1261 3512 1322 3554 se
1345 3497 1507 3552 nobis
1553 3495 1715 3552 facile
1769 3495 1837 3551 ad
1857 3509 1975 3550 eam

2084 3490 2208 3546 σίαν
2237 3491 2390 3562 ἡμᾶς
2425 3490 2690 3559 καλέσας,
2723 3491 2818 3545 καὶ
2842 3489 3094 3562 νευρώσῃ
3117 3531 3134 3557 ,
3165 3492 3260 3546 καὶ⁴
3293 3490 3564 3564 παιδεύσῃ
3603 3491 3678 3546 δι’

397 3589 502 3644 iter
535 3590 816 3657 muniens,
855 3590 1108 3656 edoceat,
1137 3606 1202 3646 ac
1234 3605 1336 3661 per
1368 3589 1491 3645 vita:
1518 3587 1975 3644 communicatio—

2085 3581 2367 3655 ὑπομονῆς
2401 3584 2496 3639 καὶ
2524 3584 2909 3652 ταπεινώσεως
2929 3587 3332 3643 καταπαλαίειν
3351 3589 3444 3643 τδν
3469 3587 3676 3661 τύραν-

397 3695 519 3734 nem
549 3680 618 3735 ab
641 3680 866 3737 interitu
912 3680 1178 3747 vindicet,
1213 3680 1389 3736 lactus
1421 3681 1538 3751 ipse
1588 3677 1848 3750 primitiae
1877 3690 1978 3732 no-
2083 3693 2192 3731 vov.

397 3779 530 3826 straa
550 3771 1000 3836 resurrectionis,
1033 3753 1486 3842 atqueinnovato
1515 3783 1649 3825 vase
1699 3766 1848 3839 quod
1883 3765 2153 3822 obtritum
2221 3771 2276 3820 et
2310 3765 2505 3823 inutile
2566 3765 2842 3823 redditum
2911 3766 3116 3838 fuerat,
3188 3786 3292 3828 nos
3345 3772 3569 3852 domum
3603 3773 3676 3830 ad

398 3867 483 3920 sui
515 3865 886 3936 cognitionem
931 3875 1164 3921 vocante
1193 3862 1326 3928 Deo,
1359 3878 1389 3918 a
1424 3862 1632 3919 diaboli
1691 3859 1987 3934 tyrannide
2020 3867 2262 3933 ereptos,
2314 3859 2666 3930 corroboret,
2697 3873 2752 3920 et
2794 3879 2893 3936 per
2953 3864 3279 3937 patientiam
3331 3873 3388 3922 et
3443 3867 3676 3924 humili-

397 3966 564 4012 tatem
625 3956 695 4012 ad
739 3957 1123 4014 debellandum
1180 3956 1622 4026 vincendumque
1669 3963 1969 4027 tyrannum
2007 3953 2225 4012 erudiat
2258 3952 2324 4010 ³⁸.

469 4053 602 4120 Qua:
669 4069 760 4123 per
823 4055 1244 4109 incarnationem
1297 4054 1539 4124 prmtita
1604 4053 1733 4108 sint.
1791 4051 1975 4109 Cruci:

2155 4049 2441 4105 Πέπαυται
2468 4049 2600 4120 γοῦν
2623 4051 2658 4124 ἡ
2681 4051 2793 4107 τῶν
2808 4051 3083 4124 δαιμόνων
3119 4052 3410 4126 θρησκεία,
3433 4055 3468 4125 ἡ
3495 4054 3676 4120 κτίσις

399 4145 598 4200 Christi
655 4145 752 4200 vis.
792 4143 941 4200 Mors
967 4161 1061 4214 per
1125 4143 1329 4200 Christi
1380 4161 1586 4199 crucem
1644 4145 1830 4198 utilior
1871 4143 1975 4198 vita

2084 4142 2163 4214 τῷ
2193 4141 2322 4214 θείῳ
2365 4143 2625 4214 ἡγίασται
2679 4143 2895 4216 αἵματι,
2935 4144 3114 4217 βωμοὶ
3162 4147 3257 4200 καὶ
3283 4146 3404 4201 ναοὶ
3436 4146 3674 4200 εἰδώλων

401 4233 628 4289 reddita.
669 4261 735 4272 —
773 4232 1067 4288 Enimvero
1125 4234 1308 4288 cultus
1398 4238 1706 4288 daemonum
1764 4231 1975 4288 desiit:

2084 4233 2446 4306 καθῄρηνται,
2471 4234 2776 4304 θεογνωσία
2807 4236 3166 4306 πεφύτευται,
3205 4238 3380 4308 Τριάς
3413 4238 3674 4309 ήδμοούο

397 4333 652 4382 creatura
729 4339 794 4380 ex
887 4324 1077 4380 divino
1151 4339 1350 4381 cruore
1417 4324 1769 4380 sanctitatem
1846 4338 1975 4378 con.

2085 4343 2220 4393 σιος,
2249 4327 2284 4396 ή
2309 4325 2568 4390 ἄκτιστος
2592 4326 2783 4398 θεότης
2821 4328 2847 4368 κ
2881 4328 3229 4402 λατρεύεται,
3262 4324 3344 4394 εἷς
3371 4329 3506 4392 Θεὸς
3539 4330 3676 4400 ἀλη-

397 4420 604 4484 traxit:
637 4431 746 4473 ara:
774 4417 1084 4488 templaque
1133 4417 1402 4485 idolorum
1433 4417 1616 4473 diruta
1666 4423 1794 4472 sunt
1826 4435 1840 4471 :
1886 4415 1975 4472 Dei

2086 4417 2253 4483 θινὸς,
2282 4415 2614 4489 δημιουργὸς
2636 4417 2748 4472 τῶν
2783 4418 3040 4474 ἁπάντων
3067 4420 3162 4474 καὶ
3204 4418 3439 4491 Κύριοςο
3476 4419 3676 4490 ἀρεταὶ

397 4511 640 4584 cognitio
696 4511 976 4568 inanimis
1021 4510 1305 4566 hominum
1350 4509 1562 4566 insita:
1611 4509 1975 4567 consubstan-

2086 4510 2484 4578 πολιτεύονται,
2543 4512 2896 4578 ἀναστάσεως
2945 4512 3103 4578 ἐλπὶς
3151 4513 3239 4568 διὰ
3289 4512 3393 4583 τῆς
3431 4511 3675 4582 Χριστοῦ

400 4603 546 4660 tialis
563 4601 828 4671 Trinitas,
854 4604 1100 4659 increata
1143 4603 1345 4659 colitur
1361 4601 1657 4669 divinitas;
1689 4618 1856 4668 unus,
1893 4605 1975 4660 in-

2084 4604 2438 4669 ἀναστάσεως
2463 4602 2788 4676 δεδώρηται,
2837 4607 3121 4678 φρίττουσι
3168 4606 3297 4670 τοὺς
3331 4604 3500 4660 πάλαι
3536 4606 3677 4658 ὑπο-

399 4711 588 4764 quam,
649 4695 794 4752 Deus
874 4711 1063 4758 verus,
1140 4694 1524 4752 universorum
1584 4694 1840 4748 conditor
1918 4710 1975 4750 ac

2084 4696 2324 4768 χειρίους
2352 4697 2678 4768 ἀνθρώπους
2705 4699 2757 4752 oi
2785 4699 3042 4770 δαίμονες
3064 4715 3080 4732 ⁸
3121 4700 3218 4754 καὶ⁹
3257 4698 3324 4752 τό
3351 4715 3416 4766 γε
3451 4697 3676 4769 θαυμα-

403 4787 720 4855 Dominus;
783 4788 1020 4843 virtutes
1085 4786 1270 4842 studio
1311 4794 1488 4840 sunt:
1550 4787 1975 4842 resurrectionis

2087 4789 2236 4852 στὸν,
2263 4790 2346 4842 δτι
2379 4789 2552 4844 ταῦτα
2579 4791 2758 4845 πάντα
2781 4791 2871 4846 διὰ
2901 4791 3160 4864 σταυροῦ,
3199 4792 3296 4846 καὶ
3330 4789 3543 4856 παθῶν,
3583 4791 3682 4844 καὶ

404 5042 417 5056 .
472 4971 518 5097 '3
559 4968 717 5042 Vulg.
765 4971 901 5040 Sap.
931 4985 992 5036 ιι,
1027 4967 1120 5036 23,
1160 4966 1690 5024 inextcrminabitem.
1795 4973 1840 5004 ’³
1870 4971 1885 5024 l
1953 4971 2083 5030 Cor.
2118 4990 2194 5037 vn,
2251 4974 2340 5029 Η.
2444 4975 2489 5006 ³⁸
2511 4974 2711 5028 Athan.
2748 4973 2845 5029 lib.
2873 4971 2948 5027 De
2982 4974 3232 5035 incaru.;
3263 4969 3453 5042 Cyrill.
3510 4969 3610 5022 lib.
3639 4985 3679 5033 ι,

404 5057 457 5096 tn
523 5057 650 5097 oan.
1141 5089 1145 5092 .

402 5057 457 5096 Ill
491 5057 650 5100 J08“.

1698 5183 1930 5240 νΑιιιΑε
1970 5185 2375 5242 LECTiONES.

481 5324 502 5364 ί
537 5324 694 5399 Multi
729 5324 896 5399 codd.
928 5342 1022 5379 και
1047 5326 1164 5399 0be
1185 5324 1404 5396 ἐξέστη.
1445 5324 1566 5399 [iii
1592 5325 2178 5399 καίούκγέξέστηὲτῆς
2223 5327 2432 5399 οἰκείας
2494 5326 2773 5399 ἱδιιίτητος.
2819 5324 3130 5399 _Sic_vettls_
3169 5327 3440 5399 interpres
3465 5334 3517 5378 et
3558 5341 3678 5399 pou

403 5397 616 5468 accessit
649 5413 681 5449 a
717 5397 934 5464 propria
983 5394 1378 5468 proprietate.‘
1441 5397 1466 5436 ε
1495 5396 1560 5468 Β.
1619 5395 1763 5468 2924
1818 5396 1906 5450 ἐπ’
1957 5394 2290 5468 ἀφθαρσίαν.
2355 5397 2409 5451 In
2465 5394 2658 5468 multis
2693 5396 2857 5452 codd.
2900 5397 3052 5452 deest
3072 5395 3189 5468 γὰρ·
3207 5394 3328 5468 sine
3359 5395 3680 5468 parenthesi

405 5467 638 5529 scilicet,
680 5474 735 5520 ct
794 5482 892 5534 pro
925 5469 1203 5538 ἀνήγαγεν
1255 5467 1458 5523 habent
1483 5466 1798 5538 ἀναγαγών.
1913 5468 1937 5506 h
1965 5465 2130 5538 ilolb.
2164 5469 2186 5521 1
2248 5469 2448 5538 φωτός.
2520 5465 2691 5538 Vetus
2727 5469 2956 5538 interpr.
2993 5465 3179 5536 posuit
3206 5465 3399 5538 lucis.“
3443 5467 3475 5538 i_
3500 5466 3676 5538 Codd.

405 5539 520 5606 fere
550 5550 744 5590 omnes
771 5544 827 5590 ct
857 5534 1202 5606 antiquiores
1243 5538 1447 5593 habent
1474 5534 1856 5606 ὑπεπέσαμειρ.
1960 5534 1974 5586 i
2023 5537 2175 5606 Regii
2217 5534 2440 5604 quidam
2498 5547 2551 5592 et
2583 5534 2911 5602 Colbcrtini,
2959 5534 3172 5594 necnon
3230 5534 3288 5591 S.
3318 5535 3426 5591 ﬂii.
3453 5535 3678 5600 διδάξας

401 5605 645 5682 ἡμᾶς....
673 5606 767 5658 καί
791 5605 1091 5678 ταύτηνδι’
1115 5607 1311 5661 ἑαυτοῦ
1337 5610 1590 5680 ποιήσας.
1671 5610 1693 5648 ι
1738 5605 1805 5663 R.
1834 5608 1868 5661 2
1904 5609 2066 5678 φύσις
2105 5605 2186 5664 Sic
2220 5607 2395 5664 Faber
2431 5610 2669 5662 increata
2701 5619 2918 5665 natura.
