3950 6304
201 215 337 284 1109

1282 224 1378 283 DE
1419 225 1597 284 FIDE
1636 225 2099 288 ORTIIODOXA
2135 230 2281 292 LIB.
2320 232 2415 293 IV.

3324 231 3458 294 1110

197 330 436 384 θανάτου
467 329 853 402 κᾶτώρθωταιο
893 330 973 394 είς
998 331 1179 386 πᾶσαν
1196 330 1296 403 τὴν
1316 334 1419 403 γῆν
1450 334 1511 387 τὸ
1533 335 1780 404 Εὐαγγέ-

1897 352 2009 406 spes
2041 352 2138 405 per
2166 336 2368 394 Christi
2392 338 2854 395 resurrectionem
2883 337 3086 395 donata
3116 348 3202 395 est
3233 358 3246 395 :
3277 342 3459 397 homi-

193 423 307 475 λιον
341 422 811 493 τῆςιθεογνωσίας
859 424 1220 494 κεκήρυκται,
1270 425 1332 477 οὐ
1383 427 1626 499 πολέμῳ,
1684 429 1778 482 καὶ

193 512 406 577 ὅπλοις,
444 514 538 566 καὶ
580 514 967 584 στρατοπέδοις
994 517 1124 579 τοὺς
1157 517 1433 581 ἐναντίους
1473 520 1779 591 τροπούμε-

194 623 286 659 νον
316 605 362 670 1,
389 605 507 659 ἀλλ’
537 604 710 674 ὀλίγοι
740 608 956 676 γυμνοὶ,
995 610 1221 679 πτωχοὶ,
1264 611 1360 664 καὶ
1400 611 1776 682 ἀγράμματοι,

193 698 535 767 διωκόμενοι,
564 697 925 767 αίκιζόμενοι,
957 698 1375 772 θανατούμενοι,
1400 704 1781 775 σταυρωθέντα

198 789 388 860 σαρκὶ,
439 789 529 842 καὶ
582 788 813 844 θανόντα
858 792 1260 862 κηρύττοντες,
1309 795 1417 849 τῶν
1473 797 1653 865 σοφῶν
1688 798 1783 852 καὶ⁸

195 879 439 935 δυνατῶν
474 882 895 953 κατεκράτησαν
912 897 927 913 ⁸
946 884 1136 939 εἵπετο
1157 886 1265 959 γὰρ
1292 888 1478 954 αὐτοῖς
1493 889 1587 943 τοῦ
1619 908 1783 944 σταυ-

201 972 474 1043 ρωθέντος
507 974 539 1043 ἡ
564 974 978 1047 παντοδύναμος
1006 977 1253 1051 δύναμις.
1288 981 1346 1035 '0
1369 982 1595 1047 θάνατος
1620 984 1649 1036 ό
1680 984 1784 1038 πά-

198 1066 290 1118 λαι
321 1064 702 1137 φοϐερώτατος
745 1067 976 1140 ἥττηται
1002 1110 1016 1135 ,
1065 1071 1159 1125 καὶ
1191 1072 1294 1144 τῆς
1328 1072 1475 1147 ζωῆς
1500 1074 1593 1129 νῦν
1623 1076 1652 1128 ὁ
1680 1093 1785 1128 πα-

200 1158 563 1229 λαιστύγητος
586 1169 625 1195 ιη
656 1161 751 1214 καὶ
786 1162 1018 1233 μισητὺς
1042 1164 1420 1236 προκρίνεται.
1462 1166 1649 1221 Ταῦτα
1687 1168 1787 1240 τῆς

200 1249 296 1303 τοῦ
327 1250 570 1323 Χριστοῦ
596 1253 902 1324 παρουσίας
926 1255 996 1309 τὰ
1020 1257 1426 1329 κατορθώματα
1442 1274 1456 1288 ·
1489 1259 1665 1314 ταῦτα
1686 1260 1788 1330 τῆς

201 1340 368 1396 αὑτοῦ
388 1342 672 1413 δυνάμεως
692 1344 763 1398 τὰ
787 1346 1172 1418 γνωρίσματα.
1198 1350 1272 1403 Οὐ
1289 1349 1397 1422 γὰρ
1421 1350 1497 1414 ώς
1517 1351 1605 1406 διά
1633 1352 1789 1406 Μωῦ-

203 1435 364 1502 σέως,
392 1436 487 1490 ἕνα
514 1436 641 1490 λαὸν
664 1435 723 1502 ἐξ
744 1437 1023 1507 Αἰγύπτου
1052 1439 1267 1512 καὶτῆς
1290 1440 1492 1511 Φαραὼ
1523 1440 1787 1508 δουλείας,

205 1529 484 1584 θάλασσαν
527 1531 826 1604 διαστήσας
853 1533 1105 1589 διέσωσε.
1136 1535 1327 1589 Πᾶσαν
1359 1535 1417 1588 δὲ
1465 1535 1663 1606 μᾶλλον
1691 1535 1791 1606 τὴν

1880 444 1979 483 nes
2005 444 2145 498 quos
2190 431 2464 501 mancipio
2493 431 2825 488 constrictos
2867 433 3146 499 tenebant,
3178 433 3459 490 daemones

1879 521 2311 592 perhorrescunt
2350 524 2651 594 :quodque
2707 523 3002 579 miriﬁcum
3050 533 3157 590 est,
3189 525 3303 580 [nec
3344 541 3462 580 om-

1882 610 1972 663 nia
2032 625 2129 680 per
2180 624 2403 664 crucem
2447 614 2839 683 cruciatusque
2892 629 2957 668 ac
3019 624 3251 669 mortem
3309 624 3461 685 gesta

1883 710 2060 756 sunt:
2102 699 2455 772 Evangelium
2490 717 2599 771 quo
2663 702 2758 758 Dei
2792 704 3035 776 cognitio
3092 707 3290 776 patuit,
3349 714 3464 760 toto

1884 793 2019 849 orbe
2073 795 2479 865 promulgatum
2510 803 2638 863 est;
2678 810 2791 850 non
2853 797 2995 852 bello
3045 798 3343 868 armisque,
3410 805 3465 853 et

1884 886 2221 943 exercitibus
2250 886 2599 942 adversarios
2650 885 2892 944 fundens
2929 904 3161 944 :verum
3212 889 3465 943 homines

1886 977 2067 1047 pauci,
2094 978 2246 1045 nudi,
2273 992 2571 1048 pauperes,
2596 991 2662 1031 ac
2676 976 2985 1033 litterarum
3018 978 3206 1042 rudes,
3237 979 3467 1034 insecta—

1887 1068 2129 1124 tionibus
2164 1084 2228 1124 ae
2262 1068 2587 1125 verberibus
2632 1067 2847 1135 afﬂicti,
2893 1071 3017 1126 neci
3046 1071 3183 1137 dati,
3213 1088 3340 1127 eum
3371 1072 3467 1143 qui

1889 1160 1945 1214 in
1979 1175 2199 1216 crucem
2231 1170 2394 1217 actus
2431 1170 2797 1233 mortuusque
2835 1164 3037 1229 fuerat,
3074 1164 3465 1234 praedicantes,

1890 1250 2085 1309 doctos
2118 1261 2171 1310 et
2211 1264 2460 1324 potentes
2488 1268 2844 1327 superarunt.
2890 1257 3088 1312 Eorum
3118 1257 3262 1313 enim
3284 1272 3471 1314 comes

1889 1345 2082 1399 aderat
2133 1346 2488 1417 omnipotens
2535 1348 2713 1405 virtus
2760 1363 2826 1405 ac
2882 1356 3127 1421 potestas
3182 1348 3469 1404 Cruciﬂxi.

1890 1435 2033 1503 Quin
2074 1451 2224 1495 mors
2250 1438 2393 1510 ipsa,
2421 1455 2544 1510 quae
2580 1448 2847 1497 terrorem
2883 1442 3187 1497 maximum
3211 1441 3344 1498 olim
3383 1441 3469 1494 in-

1892 1527 2128 1594 ferebat,
2181 1539 2460 1601 prostrata
2512 1532 2653 1600 fuit;
2684 1541 2741 1589 et
2779 1548 2902 1604 qua;
2932 1532 3213 1604 quondam
3258 1532 3386 1588 odio
3418 1539 3473 1587 et

204 1620 610 1693 ἀνθρωπότητα
654 1623 721 1677 ὲκ
754 1622 964 1694 φθορᾶς
1017 1624 1254 1679 θανάτου
1311 1624 1408 1677 καὶ
1456 1622 1554 1677 τοῦ
1591 1622 1789 1695 πικροῦ

1897 1618 2113 1674 horrori
2144 1629 2285 1687 erat,
2326 1622 2441 1676 vita
2474 1620 2591 1691 jam
2636 1622 2821 1693 potior
2851 1622 3111 1680 habetur.
3152 1620 3473 1694 253nm

204 1687 657 1785 τυράννουίτῆς
712 1687 989 1787 ἁμαρτίας
1038 1716 1345 1787 ὲρῤύσατο·
1403 1717 1465 1769 ού
1510 1715 1603 1787 βίᾳ
1642 1687 1791 1784 ἄγων

1897 1710 2099 1767 Christi
2158 1712 2425 1769 adventus
2475 1687 2746 1782 prazclam
2782 1715 3027 1771 facinora
3061 1733 3075 1768 :
3132 1687 3247 1769 1.223
3273 1687 3474 1784 ipsius

207 1803 344 1874 πρὸς
371 1805 595 1876 ἀρετὴν,
633 1807 696 1859 ού
737 1810 808 1877 γῇ
840 1808 1191 1879 καταχωννὺς
1220 1806 1351 1879 (65),
1376 1806 1472 1861 καὶ
1509 1806 1645 1875 πυρὶ
1667 1807 1792 1876 φλέ-

206 1913 341 1963 γων,
365 1898 459 1950 καὶ
479 1897 874 1952 λιθοδολεῖσθαι
909 1899 1271 1971 προστάσσων
1302 1899 1429 1963 τοὺς
1450 1884 1793 1969 ἁμαρτάνον-

206 2005 330 2054 τας,
374 1987 509 2041 ἀλλά
563 1989 831 2059 πραότητι
888 1991 986 2046 καὶ
1024 1990 1381 2062 μακροθυμίᾳ
1429 1989 1633 2043 πείθων
1664 1991 1793 2054 τοὺς

206 2079 531 2151 ἀνθρώπους
578 2081 855 2153 αἱρεῖσθαι
910 2082 1012 2155 τὴν
1067 2082 1294 2153 ἀρετὴν,
1357 2082 1597 2145 καὶτοῖς
1652 2082 1793 2153 ὑπὲρ

203 2170 412 2242 ταύτης
439 2173 834 2243 ὲναμιλλᾶσθαι
863 2173 1068 2238 πόνοις,
1093 2175 1185 2227 καὶ
1211 2173 1560 2245 ὲνηδύνεσθαι
1578 2190 1591 2205 ·
1620 2173 1787 2227 πάλαι

207 2264 311 2333 μὲν
335 2264 444 2335 γὰρ
474 2266 884 2337 ἁμαρτάνοντες
915 2266 1188 2338 ᾐκίζοντο,
1218 2267 1313 2320 καί¹
1357 2266 1436 2319 ἔτι
1471 2265 1572 2338 τῆς
1605 2267 1785 2337 ἀμαρ-

202 2356 327 2422 τίας
349 2357 681 2429 ἀντείχοντο,
718 2359 813 2412 καὶ
866 2357 987 2423 θεὸς
1028 2357 1213 2421 αὐτοῖς
1244 2360 1276 2430 ὴ
1304 2358 1549 2431 ἁμαρτία
1585 2357 1788 2426 λελόγι-

205 2462 337 2501 στο’
384 2447 478 2503 νῦν
520 2449 577 2504 δὲ
623 2448 765 2521 ὑπὲρ
808 2447 1093 2512 εὐσεϐείας
1138 2448 1235 2502 καὶ
1264 2449 1468 2520 ἀρετῆς
1497 2449 1789 2520 αἰκισμοὺς

202 2539 510 2610 αἱροῦνται,
545 2541 639 2595 καὶ
671 2539 1057 2613 στρεϐλώσεις,
1090 2541 1183 2593 καὶ
1216 2540 1468 2594 θάνατον.

1891 1804 2149 1874 potentia:
2211 1803 2421 1859 indicia
2479 1804 2780 1861 luculenta.
2850 1804 2971 1860 Non
3033 1804 3203 1870 enim,
3255 1811 3316 1858 ut
3379 1818 3475 1873 per

1892 1895 2160 1969 Moysem,
2216 1896 2482 1967 populum
2536 1912 2708 1952 unum
2759 1913 2828 1954 ex
2876 1896 3117 1968 Aigypto
3164 1912 3229 1951 ac
3284 1895 3473 1952 servili

1890 1986 2198 2044 Pharaonis
2230 1988 2366 2061 jugo
2418 1989 2681 2046 dissectis
2717 1989 2891 2046 maris
2922 1988 3087 2043 undis
3117 1988 3374 2044 liberavit
3404 1987 3472 2051 ³¹,

1890 2096 2081 2137 verum
2133 2095 2298 2136 omne
2348 2081 2533 2152 potius
2579 2081 2887 2137 humanum
2940 2096 3117 2152 genus
3169 2096 3238 2136 ex
3278 2079 3475 2133 mortis

1895 2175 2125 2232 interitu
2169 2185 2225 2230 et
2269 2176 2471 2231 acerba
2510 2174 2719 2245 peccati
2779 2173 3075 2247 tyrannide
3122 2172 3473 2230 vindicavit:

1892 2282 2006 2323 non
2048 2266 2272 2338 quidem
2317 2267 2385 2323 ad
2432 2268 2697 2323 virtutem
2748 2266 2801 2323 vi
2850 2266 3109 2339 ndigens;
3160 2280 3272 2320 non
3329 2274 3476 2319 terra

1894 2359 2158 2424 obruens,
2206 2374 2320 2414 non
2376 2358 2613 2415 ﬂammis
2675 2373 2940 2425 exurens,
2998 2373 3110 2413 non
3163 2357 3274 2428 peti
3328 2354 3476 2411 saxis

1894 2461 2223 2522 peccatores
2245 2451 2475 2522 jubens,
2514 2466 2703 2507 verum
2757 2450 3181 2507 mansuetudine
3227 2464 3294 2504 ac
3341 2447 3479 2503 leni-

1899 2548 2009 2596 tate
2059 2541 2313 2597 homines
2338 2541 2407 2596 ad
2440 2541 2702 2597 virtutem
2750 2540 3169 2612 amplexandam
3202 2539 3477 2602 alliciens,

204 2644 372 2706 atque
430 2638 506 2691 ita
543 2651 898 2707 comparans,
973 2644 1036 2691 ut
1101 2651 1202 2706 pro
1253 2650 1317 2691 ea
1370 2634 1733 2706 adipiscenda
1779 2634 1969 2691 labore
2028 2644 2083 2691 et
2150 2637 2459 2693 certamina
2516 2636 2627 2691 laeti
2675 2635 3043 2706 susciperent.
3082 2633 3299 2689 Etenim
3347 2632 3480 2687 olim

202 2731 426 2801 quidem
464 2732 594 2787 licet
621 2746 747 2786 cum
772 2733 1075 2801 peccabant
1112 2744 1305 2800 pinnas
1334 2730 1572 2796 luerent,
1612 2728 1792 2783 adhuc
1825 2734 2009 2785 tamen
2042 2741 2268 2801 peccato
2299 2730 2580 2786 mordicus
2640 2728 3017 2794 adhaerebant,
3088 2727 3237 2799 quod
3307 2726 3480 2781 instar

203 2823 457 2880 numinis
488 2824 779 2880 haberent.
821 2823 893 2880 At
933 2836 1109 2896 .nunc
1177 2829 1372 2878 contra
1442 2822 1663 2893 pietatis
1725 2820 2059 2893 virtutisque
2112 2837 2281 2879 causa
2363 2822 2597 2878 verbera
2649 2830 2704 2877 et
2758 2820 3060 2886 cruciatus,
3138 2826 3483 2888 mortemque

205 2914 637 2984 amplectuntur.

278 3002 443 3075 Εὖγε,
470 3002 515 3063 ὧ
543 3009 749 3081 Χριστὲ
778 3009 914 3065 Θεοῦ
944 3010 1109 3079 Δόγε,
1136 3008 1233 3062 καὶ
1266 3007 1449 3077 σοφία.
1502 3007 1596 3060 καὶ⁴
1630 3004 1787 3059 δύνα-

1962 3002 2134 3073 Euge,
2161 3001 2402 3067 Christe,
2450 3000 2547 3056 Dei
2578 2998 2842 3063 Verbum,
2879 2997 3171 3068 sapientia,
3202 3005 3256 3054 et
3285 3004 3485 3068 poten-

207 3118 325 3170 μις,
358 3101 454 3154 καὶ
494 3100 595 3155 Θεὲ
626 3102 1026 3174 παντοκράτωρ
1046 3117 1059 3131 ·
1106 3101 1158 3154 τί
1195 3117 1280 3155 σοι
1309 3099 1513 3154 τούτων
1538 3096 1797 3152 ἁπάντων

203 3194 256 3243 οἱ
301 3190 496 3262 ἄποροι
540 3193 704 3263 ἡμεῖς
747 3193 1133 3265 ἀντιδοίημεν;
1168 3192 1247 3245 Σὰ
1294 3192 1404 3262 γάρ
1435 3190 1673 3258 ἅπαντα,
1704 3190 1798 3244 καὶ

204 3283 384 3347 αἰτεῖς
416 3284 547 3357 παρ’
586 3285 743 3356 ήμῶν
788 3284 966 3350 οὐδὲν,
1008 3285 1043 3356 ἢ
1074 3285 1134 3340 τὸ
1171 3283 1463 3349 σώζεσθαι,
1488 3284 1651 3347 αὐτὸς
1704 3284 1799 3339 καὶ

205 3375 371 3429 τοῦτο
392 3376 591 3444 διδοὺς,
617 3377 713 3432 καὶ
736 3376 1077 3448 λαμϐάνουσι
1105 3385 1136 3414 ιι
1170 3376 1331 3449 χάριν
1352 3375 1530 3438 εἰδὼς,
1560 3374 1628 3428 δι’
1658 3375 1799 3443 ἄφα-

207 3486 305 3522 τον
357 3468 712 3541 ἀγαθότηταο
772 3469 856 3522 σοὶ
912 3468 1090 3541 χάρις,
1122 3469 1200 3539 τῷ
1229 3467 1291 3521 τὸ
1330 3463 1470 3520 εἶναι
1523 3465 1797 3532 δεδωκότι,

209 3557 309 3610 καὶ
338 3557 399 3611 τὸ
427 3554 486 3612 εὖ
519 3552 661 3613 εἶναι
688 3560 1063 3632 χαρισαμένῳ,
1100 3559 1211 3613 κάκ
1230 3557 1421 3612 τούτου
1446 3556 1798 3629 παραπεσόν-

209 3664 316 3709 τας
347 3649 746 3718 ὲπαναγαγόντι
776 3649 914 3723 πρὸς
936 3648 1115 3717 τοῦτο,
1144 3648 1234 3703 διὰ
1259 3649 1360 3719 τῆς
1380 3649 1590 3720 ἀφάτου
1620 3655 1645 3683 ο
1669 3664 1800 3718 συγ-

211 3741 590 3808 καταόἀσεως.

746 3919 999 3974 ΚΕΦΑΛ.
1028 3917 1083 3972 E’
1115 3916 1292 3992 [om].

214 4011 378 4080 Πρὸς
405 4012 547 4078 τοὺς
590 4011 956 4092 ἐρωτῶντας,
985 4013 1038 4065 εἰ
1080 4021 1108 4061 P
1132 4011 1477 4092 ῥπρστασις
1517 4005 1625 4061 τοῦ
1663 4008 1800 4078 Χρι-

499 4079 649 4136 στοῦ
675 4081 888 4148 κτιστή
910 4082 1100 4145 ἐστιν,
1128 4080 1167 4149 ἣ
1199 4079 1507 4145 ἄκτιστος.

305 4173 368 4225 Ἡ
398 4172 695 4238 ὑπόστασις
711 4173 807 4227 τοῦ
826 4174 962 4228 θεοῦ
989 4174 1164 4243 Λόγου
1191 4174 1300 4245 πρὸ
1320 4177 1421 4245 τῆς
1446 4174 1799 4246 σαρκώσεως,

217 4265 370 4335 ἀπλῆ
399 4261 488 4336 ἦν,
525 4266 619 4319 καὶ
652 4266 968 4331 ἀσύνθετος,
1021 4269 1116 4321 καὶ
1162 4268 1476 4338 ἀσώματος,
1518 4266 1614 4321 καὶ
1643 4267 1800 4321 ἄκτι-

1900 3095 1999 3165 tia,
2037 3104 2205 3166 atque
2230 3094 2586 3164 omnipotens
2636 3091 2798 3159 Deus,
2833 3091 2967 3164 quid
3006 3091 3104 3146 tibi
3137 3106 3239 3147 nos
3289 3091 3483 3162 inepes

1898 3197 1953 3245 et
1983 3190 2140 3261 egeni
2172 3204 2273 3260 pro
2303 3187 2427 3243 istis
2456 3186 2719 3243 omnibus
2756 3184 3159 3258 rependemus?
3187 3182 3301 3239 Tua
3333 3182 3483 3239 enim

1900 3289 2029 3339 sunt
2056 3281 2260 3337 omnia.
2293 3277 2437 3345 Quin
2466 3276 2606 3332 nihil
2640 3277 2939 3348 quidquam
2975 3290 3006 3330 a
3026 3271 3186 3330 nobis
3206 3273 3480 3343 exposcis,

1900 3372 2011 3430 nisi
2045 3372 2278 3430 salutem
2312 3377 2560 3426 nostram
2594 3388 2609 3425 :
2645 3368 2808 3438 cujus
2839 3381 2964 3421 cum
2996 3376 3054 3420 tu
3108 3366 3226 3435 ipse
3256 3364 3482 3434 largitor

1901 3467 2002 3534 sis,
2033 3465 2401 3520 nihilominus
2433 3477 2533 3533 pro
2563 3459 2923 3517 inenarrabili
2956 3466 3049 3513 tua
3091 3457 3340 3512 bonitate
3371 3455 3481 3511 illis

1901 3556 2135 3629 gratiam
2195 3555 2388 3620 habes,
2435 3553 2531 3625 qui
2585 3568 2706 3610 eam
2767 3557 3205 3621 consequuntur.
3262 3546 3482 3602 Gratias

1903 3648 2030 3715 tibi,
2065 3647 2162 3719 qui
2191 3653 2247 3702 et
2274 3660 2399 3703 esse
2439 3653 2494 3702 et
2549 3645 2690 3701 bene
2738 3658 2863 3700 esse
2895 3642 3058 3698 nobis
3109 3638 3478 3704 concessisti;

1902 3754 2138 3812 cumque
2159 3739 2289 3794 hinc
2312 3737 2733 3802 excidissemus,
2749 3732 3119 3806 inexplicabili
3148 3731 3482 3787 demissione

1901 3841 1959 3889 et
1995 3831 2335 3905 indulgentia
2361 3830 2553 3886 eodem
2590 3846 2691 3885 nos
2722 3826 3013 3884 reduxisti.

2567 3920 2722 3975 CAP.
2758 3917 2821 3973 V.

1904 4015 1985 4073 Ad
2014 4033 2101 4072 eos
2151 4015 2239 4069 aui
2267 4024 2512 4086 quaerunt
2545 4028 2562 4067 :
2592 4012 2741 4086 Sitne
2782 4008 2985 4086 Christi
3012 4024 3238 4079 persona
3277 4015 3482 4069 creata,

2505 4100 2575 4138 an
2603 4085 2837 4137 increata
2858 4083 2885 4137 7

1976 4177 2472 4249 Monophysitarum
2503 4173 2896 4229 cavillationem
2921 4171 3085 4225 aliam
3122 4168 3302 4224 diluit.
3329 4167 3483 4222 Chri-

1906 4271 1975 4327 sti
2034 4286 2256 4341 persona
2311 4269 2547 4321 increata
2580 4274 2627 4319 et
2662 4271 2864 4318 creata.
2889 4260 3081 4316 —-Dei
3131 4257 3297 4313 Verbi
3362 4273 3484 4328 per-

221 4373 370 4420 στος,
397 4356 741 4428 σαρκωθεῖσα
760 4357 820 4411 δὲ
849 4356 1014 4430 αῦτη,
1042 4358 1233 4427 γέγονε
1259 4360 1355 4412 καὶ
1376 4360 1442 4430 τῇ
1474 4357 1641 4430 σαρκὶ
1667 4358 1792 4412 ὑπό-

1910 4374 2072 4424 sona,
2108 4366 2239 4413 ante
2276 4371 2501 4411 carnem
2542 4359 2879 4422 assumptam
2922 4349 3153 4420 simplex
3192 4357 3331 4413 erat,
3381 4362 3485 4403 nec

221 4463 436 4510 στασις,
487 4448 582 4500 καὶ
636 4448 827 4516 γέγονε
888 4449 1145 4514 σύνθετος
1181 4451 1247 4503 ὲκ
1300 4449 1580 4519 θεότητος,
1617 4446 1685 4522 ἦς
1718 4451 1805 4503 ἀεὶ

216 4536 360 4607 εἶχε,
398 4541 491 4592 καὶ⁸
524 4540 582 4607 ἐξ
606 4534 675 4612 ἦς
700 4540 1034 4613 προσείληφε
1065 4542 1269 4612 σαρκός
1290 4557 1305 4573 ·
1338 4542 1433 4595 καὶ⁴
1491 4541 1649 4612 φέρει
1696 4541 1805 4597 τῶν

213 4632 320 4685 δύο
345 4631 561 4699 φύσεων
606 4631 675 4686 τὰ
721 4630 1008 4704 ἰδιώματα,
1044 4634 1102 4687 ἐν
1128 4632 1254 4687 δυσὶ
1289 4631 1665 4704 γνωριζομένη
1699 4633 1804 4704 φύ-

218 4741 377 4777 σεσιν
395 4739 410 4751 ⁶
450 4724 593 4778 ὥστε
622 4725 655 4795 ἠ
688 4724 825 4797 αὑτὴ
857 4724 956 4798 μία
978 4725 1299 4792 ὑπόστασις,
1324 4725 1580 4790 άκτιστός
1607 4725 1666 4778 τὲ
1687 4727 1804 4779 ἐστι

217 4819 292 4886 τῇ
329 4815 565 4886 θεότητι,
606 4817 703 4870 κα)⁸
746 4816 940 4888 κτιστὴ
967 4821 1033 4890 τῇ
1066 4816 1470 4891 ἀνθρωπότητι,
1492 4817 1675 4891 ¹ὁρατὴ
1711 4819 1805 4872 καὶ

219 4910 495 4979 ἀόρατος·
547 4910 670 4964 ἐπεὶ
704 4910 1148 4983 ἀναγκαζόμεθα,
1203 4912 1237 4982 ῆ
1295 4912 1523 4984 διαιρεῖν
1570 4912 1660 4965 τὸν
1707 4909 1805 4964 ἕνα

304 5066 347 5097 ³³
384 5064 557 5122 Exod.
601 5083 712 5129 xw.
752 5068 839 5122 16.

1906 4451 2232 4521 composita,
2304 4446 2556 4518 corporis
2611 4459 2811 4515 expers
2860 4450 2914 4498 et
2963 4442 3230 4497 increata.
3264 4439 3340 4494 Ex
3374 4454 3485 4510 quo

1904 4553 2086 4601 autem
2145 4558 2367 4599 carnem
2426 4540 2705 4608 suscepit,
2774 4536 2929 4591 carni
2978 4550 3199 4605 quoque
3248 4547 3483 4602 persona

1906 4638 2051 4693 facta
2084 4642 2191 4698 est,
2226 4635 2648 4703 compositaque
2682 4630 2858 4687 evasit
2889 4644 2952 4684 ex
2984 4626 3294 4690 divinitate,
3319 4637 3482 4693 quam

1912 4740 2195 4797 nunquam
2236 4738 2344 4778 non
2393 4722 2604 4789 habuit,
2636 4730 2692 4777 et
2730 4736 2797 4776 ex
2836 4732 3007 4774 carne
3061 4730 3228 4787 quam
3269 4728 3485 4769 assum-

1913 4820 2045 4892 psit,
2079 4816 2328 4889 geritque
2382 4814 2522 4870 adeo
2567 4810 2805 4882 duplicis
2835 4813 3044 4864 natura:
3094 4803 3481 4875 proprietates,

1913 4917 1973 4965 ut
2033 4921 2156 4978 quae
2214 4905 2272 4961 in
2328 4906 2541 4962 duabus
2596 4901 2819 4959 naturis
2871 4905 3158 4955 noscatur.
3189 4893 3310 4961 Quo
3334 4894 3394 4950 iit
3423 4902 3484 4949 ut

1527 5135 1765 5193 VARIE
1809 5134 2218 5193 LECTIONES.

312 5246 328 5285 ι
362 5246 983 5320 βοιὺᾼείτροπούμενος.
1004 5244 1073 5320 AS.
1105 5244 1299 5320 Hil.et
1321 5245 1521 5320 Noster
1544 5245 1923 5320 τροπούμενοι.
1998 5254 2040 5276 τ’
2074 5243 2229 5300 Edita
2263 5240 2533 5313 στυγητὸς
2587 5240 2683 5295 καὶ
2723 5235 2952 5312 μισητδς
2998 5234 3187 5293 πάλαι.
3276 5239 3307 5270 ι
3336 5229 3481 5287 Edit.

224 5320 329 5374 καὶ
362 5316 678 5391 λαμϐάνεις.
757 5327 781 5356 °
806 5316 969 5376 Colb.
994 5318 1021 5373 1
1054 5326 1109 5373 et
1130 5316 1587 5397 aliidtppdtetom'
1638 5327 1666 5366 ν
1695 5316 1824 5373 Mss.
1850 5317 1904 5387 ἡ.

1749 5453 1981 5512 ΝΟΤιΕ.

308 5579 421 5649 (65)
464 5581 560 5651 οὺ,
598 5579 674 5651 τῇ
712 5577 1134 5651 καταχωννύςΖ
1194 5574 1320 5651 Non
1361 5582 1514 5651 terra
1563 5572 1807 5627 obruens.

230 5652 277 5710 Τ
285 5644 502 5724 lieologi
530 5644 712 5707 denuo
745 5644 927 5708 verbis
957 5646 1231 5720 signiﬁcat
1255 5644 1573 5716 deglutiisse
1604 5653 1808 5700 terram

1920 5569 2129 5624 Dathan
2180 5577 2230 5622 et
2275 5564 2503 5629 Abiron,
2542 5572 2597 5620 et
2643 5558 2953 5635 immissum
3005 5557 3209 5635 ignem,
3245 5569 3355 5625 quo
3381 5552 3492 5610 du—

1918 5640 2059 5696 centi
2094 5647 2145 5694 ct
2176 5627 2573 5709 quinquaginta
2604 5631 2709 5688 viri
2742 5643 2869 5688 cum
2901 5627 3051 5686 Core
3079 5627 3385 5701 perierunt.
