3950 6304
191 437 357 502 1121
1291 446 1386 506 DE
1408 446 1583 506 FIDE
1613 444 2078 507 ORTHODOXA
2116 446 2263 506 LIB.
2291 446 2368 508 IV
3373 444 3509 510 1122

189 559 371 630 ὓδωρ
418 558 519 629 μὲν
568 561 645 623 είς
697 561 1065 634 ἀναγέννησιν
1114 563 1211 617 καὶ
1264 563 1555 619 ὲπίκλυσιν
1603 564 1702 633 τῆς
1757 580 1812 616 τε

1919 565 2323 637 consequentiae
2346 578 2513 619 causa
2545 579 2646 622 nos
2668 562 2813 621 Deus
2836 563 3159 620 condiderat
3190 564 3271 632 °°;
3301 565 3506 621 violato

189 650 506 721 ἁμαρτίας
558 652 654 706 καὶ
708 655 808 724 τῆς
862 653 1104 726 φθορᾶς*
1150 651 1290 726 αἷμα
1331 654 1410 721 δὲ,
1447 655 1608 708 πότον
1660 655 1811 725 ζωῆς

1918 665 2100 712 autem
2127 656 2248 727 ejus
2275 664 2568 726 praecepto,
2602 657 2795 712 mortis
2828 657 2970 721 labe,
3009 672 3073 711 ne
3106 664 3427 726 perpetuum
3452 667 3509 713 et

190 741 397 794 ἀϊδίου
432 742 712 812 πρόξενον.
761 745 1013 809 Ἐντολὰς
1041 746 1098 800 δὲ
1134 748 1269 817 ἡμῖν
1296 746 1495 800 δέδωκε
1524 746 1590 799 δι’
1623 744 1816 809 ὕδατος

194 834 631 901 ἁναγεννᾶσθαι
654 837 749 889 καὶ
778 837 1119 909 ῐΙνεύματος,
1147 839 1214 891 δι’
1244 838 1540 903 ἐντεύξεως
1573 837 1670 892 καὶ
1694 837 1816 891 ἐπι·

198 926 499 995 κλήσεως,
534 926 614 996 τῷ
650 926 804 981 ὕδατι
857 929 1245 999 ὲπιφοιτῶντος
1299 929 1393 984 τοῦ
1428 929 1589 998 ἁγίου
1640 929 1814 983 Πνεύ-

201 1034 422 1087 ματος.
473 1018 695 1091 Ἐπειδὴ
720 1020 829 1092 γὰρ
870 1020 1092 1086 διπλοῦς
1119 1024 1148 1075 ό
1176 1021 1483 1093 ἄνθρωπος,
1516 1021 1581 1073 ἐκ
1632 1019 1814 1091 ψυχῆς

198 1124 273 1159 τε
306 1107 411 1160 καὶ
451 1106 729 1178 σώματος,
752 1109 950 1181 διπλῆν
994 1112 1127 1183 ἡμῖν
1158 1111 1326 1166 ἔδωκε
1355 1111 1453 1164 καὶ
1484 1109 1582 1181 τὴν
1605 1109 1816 1181 κάθαρ-

203 1215 329 1262 σιν,
381 1198 450 1252 δι’
484 1198 679 1264 ὕδατός
729 1218 790 1253 τε
822 1202 931 1268 ξκαὶ
983 1201 1301 1273 Πνεύματος
1326 1218 1339 1231 ·
1364 1199 1459 1253 τοῦ
1513 1200 1613 1270 μὲν
1634 1200 1809 1253 Πνεύ-

207 1306 419 1357 ματος,
457 1291 520 1343 τὸ
562 1293 682 1344 κατ’
725 1292 912 1346 εἰκόνα
965 1293 1060 1347 καὶ
1102 1292 1226 1349 καθ’
1272 1293 1532 1363 ὁμοίωσιν
1568 1293 1627 1344 ὲν
1678 1294 1810 1362 ἡμῖν

1921 1296 2150 1366 ruptela:
2196 1295 2628 1355 abstersionem;
2665 1293 2994 1363 sanguinem
3027 1306 3156 1345 vero
3209 1293 3261 1343 in
3316 1300 3502 1358 potum

208 1380 695 1446 ἁνακαινίζοντος,
728 1382 824 1436 τοῦ
846 1383 904 1437 δὲ
936 1383 1148 1449 ὕδατος,
1180 1385 1269 1438 διὰ
1300 1385 1401 1455 τῆς
1428 1383 1520 1437 τοῦ
1561 1382 1812 1453 Πνεύμα-

1922 1388 2015 1456 qui
2059 1386 2226 1441 vitam
2256 1395 2515 1440 (sternam
2563 1392 2906 1453 procuraret.
2944 1381 3089 1449 Quin
3136 1383 3240 1436 boc
3282 1398 3504 1452 quoque

206 1488 314 1534 τος
344 1472 571 1542 χάριτος
605 1472 964 1545 καθαίροντος
986 1475 1049 1529 τὸ
1079 1475 1240 1546 σῶμα
1259 1475 1361 1545 τῆς
1389 1474 1686 1547 ἁμαρτίας,
1712 1475 1808 1527 καὶ

1918 1477 2202 1532 mandavit
2236 1478 2416 1539 nobis,
2454 1485 2514 1530 ut
2573 1492 2669 1545 per
2715 1490 2917 1544 aquam
2948 1483 3002 1529 et
3043 1473 3308 1543 Spiritum
3355 1488 3503 1540 rege-

205 1563 317 1633 τῆς
375 1564 585 1634 φθορᾶς
612 1564 1094 1633 ἀπαλλάττοντος,
1120 1566 1215 1620 καὶ
1265 1566 1366 1636 τὴν
1417 1565 1513 1619 τοῦ
1566 1564 1801 1619 θανάτου

1915 1584 2241 1623 neraremur
2270 1569 2339 1631 “,
2371 1566 2580 1638 Spiritu
2612 1577 2804 1622 sancto
2836 1566 2903 1621 ad
2937 1581 3135 1637 aquam
3185 1564 3502 1625 accedente,

207 1652 410 1705 εἰκόνα
459 1653 860 1725 ὲκπληροῦντος
891 1655 985 1708 τοῦ
1021 1655 1235 1723 ὓδατος,
1276 1655 1369 1710 τὸν
1406 1656 1464 1710 δὲ
1502 1656 1602 1727 τῆς
1650 1656 1798 1727 ζωῆς

1915 1675 2013 1729 per
2048 1659 2275 1714 verbum
2310 1665 2364 1713 et
2400 1658 2706 1713 orationem
2750 1658 2816 1711 ⁸³.
2868 1656 3001 1710 Nam
3038 1656 3299 1725 quoniam
3341 1655 3504 1706 homo

210 1743 524 1816 ἀρραϐῶνα
548 1749 925 1819 παρεχομένου
962 1748 1055 1802 τοῦ
1086 1747 1428 1820 Πνεύματος.

1915 1749 2119 1820 duplici
2150 1756 2347 1803 natura
2374 1756 2614 1813 constat,
2655 1748 2837 1802 anima
2880 1747 3093 1802 scilicet
3144 1753 3201 1801 et
3247 1760 3501 1816 corpore,

211 1837 498 1906 duplicem
561 1838 793 1908 proinde
843 1840 1006 1897 nobis
1065 1841 1445 1913 purgationem
1486 1840 1657 1907 dedit,
1710 1856 1808 1912 per
1840 1855 2038 1912 aquam
2075 1840 2335 1895 nimirum
2372 1848 2427 1896 et
2461 1840 2779 1910 Spiritum:
2859 1839 2940 1894 sic
3017 1852 3209 1907 nempe
3257 1844 3314 1891 ut
3376 1835 3501 1904 Spi-

216 1930 363 1987 ritus
397 1930 595 1988 divinat
616 1933 872 2004 imaginis
900 1932 1388 2005 similitudinisque
1415 1936 1584 1991 decus
1617 1934 1675 1989 in
1705 1935 1867 1992 nobis
1916 1919 2271 2002 instauraret,
2321 1949 2462 2005 aqua
2516 1948 2644 1989 vero
2707 1947 2804 2003 per
2871 1930 3108 2002 Spiritus
3171 1932 3403 2001 gratiam
3469 1954 3507 1993 ει

1918 748 2233 803 immortale
2262 747 2467 801 malum
2502 757 2671 810 esset,
2700 763 2801 803 nos
2836 748 2964 802 item
3013 748 3379 813 multaverat;
3425 749 3507 803 id-

1916 838 2068 894 circo
2114 853 2212 909 pro
2252 852 2353 894 sua
2403 837 2744 906 indulgentia
2795 852 2917 893 sese
2945 838 3142 903 {servis
3187 839 3503 903 inclinans,

1915 929 2199 999 nostrique
2236 928 2437 985 similis
2464 927 2713 991 eﬂ‘ectus,
2747 929 3015 996 passione
3047 943 3146 983 sua
3186 944 3287 983 nos
3322 944 3351 981 a
3384 944 3507 981 cor-

1916 1021 2172 1090 ruptione
2207 1019 2530 1082 vindicavit,
2582 1025 2636 1073 et
2672 1032 2741 1071 ex
2793 1026 2989 1073 sancto
3042 1027 3095 1073 et
3153 1021 3507 1074 immaculato

1917 1126 2020 1167 suo
2059 1112 2232 1167 latere
2277 1112 2449 1165 venia:
2498 1110 2706 1165 fontem
2756 1108 2919 1163 nobis
2955 1110 3138 1163 emisit
3174 1110 3216 1141 ⁸⁸
3254 1130 3265 1164 :
3304 1125 3503 1178 aquam

1919 1204 2129 1260 scilicet
2157 1203 2223 1257 ad
2256 1202 2760 1273 regenerationem,
2802 1215 3018 1255 necnon
3051 1201 3261 1267 peccati
3297 1210 3350 1254 et
3382 1216 3506 1253 cor-

214 2034 448 2093 peccato
468 2039 673 2095 corpus
698 2024 1267 2095 mundaret,atquea
1328 2028 1686 2099 corruptione
1744 2029 1975 2084 liberum
2031 2028 2305 2093 redderet,
2396 2039 2538 2096 aqua
2596 2025 2818 2097 quidem
2870 2025 3065 2081 mortis
3146 2023 3501 2078 simulacrum

207 2113 580 2181 exprimente,
606 2112 810 2182 Spiritu
846 2121 1025 2167 autem
1052 2112 1178 2168 vitae
1213 2114 1416 2193 pignus
1447 2125 1503 2171 et
1536 2117 1898 2173 arrbabonem
1929 2117 2214 2188 largiente.

305 2205 428 2259 Ἀπ’
451 2207 629 2277 ἀρχῆς
647 2205 753 2278 γὰρ
781 2205 1027 2275 Πνεῦμα
1044 2207 1193 2262 Θεοῦ
1213 2207 1338 2275 τοῖς
1358 2209 1579 2265 ὕδασιν
1596 2210 1809 2281 ἐπεφέ-

1982 2211 2147 2281 Aqua:
2175 2210 2251 2265 vis
2296 2208 2633 2282 purgatoria.
2662 2240 2731 2251 -—
2762 2208 2973 2265 Etenim
3005 2223 3035 2263 a
3072 2207 3346 2279 principio
3381 2205 3505 2275 8ρί-

202 2314 357 2367 peto
379 2312 394 2328 ’
421 2298 516 2350 καὶ
542 2297 750 2351 ἄνωθεν
782 2297 817 2367 ή
864 2296 1059 2369 Γραφὴ
1107 2303 1379 2371 μαρτυρεῖ
1430 2300 1509 2372 τῷ
1536 2302 1712 2369 ὕδατι,
1736 2303 1812 2368 ὥς

1917 2304 2053 2357 ritus
2107 2302 2323 2355 Domini
2371 2300 2641 2370 ferebatur
2697 2317 2853 2371 super
2904 2318 3070 2371 aqua:
3120 2300 3209 2353 “:
3266 2301 3398 2370 quin
3447 2307 3502 2353 et

215 2392 342 2443 ἐστι
390 2388 782 2460 καθαρτήριον.
824 2390 949 2445 Ἐπὶ
978 2390 1106 2444 Νῶε
1130 2390 1199 2444 δι’
1229 2390 1423 2456 ὓδατος
1456 2394 1486 2447 ὁ
1533 2394 1667 2459 Θεὸς
1712 2396 1812 2466 τὴν

1918 2393 2190 2450 lustrandi
2245 2395 2447 2448 virtute
2477 2394 2757 2461 praeditam
2801 2408 2923 2449 esse
2974 2407 3169 2462 aquam
3209 2391 3501 2461 Scriptura

215 2478 494 2551 κοσμικὴν
521 2480 797 2552 ἁμαρτίαν
817 2481 1144 2536 κατέκλυσε.
1166 2485 1243 2535 Δι’
1277 2482 1471 2549 ὓδατος
1518 2487 1629 2549 πᾶς
1672 2486 1813 2540 ἀκά-

218 2571 423 2642 θαρτος
452 2571 595 2626 κατὰ
615 2572 707 2625 τὸν
744 2571 909 2643 νόμον
946 2573 1271 2645 καθαίρεται
1295 2576 1341 2642 i,
1371 2576 1467 2629 καὶ
1496 2576 1677 2630 αὐτῶν
1704 2577 1814 2632 τῶν

222 2664 458 2733 ἱματίων
494 2664 845 2735 πλυωμένων
896 2664 974 2736 τῷ
1026 2664 1205 2732 ὕδατι,
1244 2666 1446 2733 ἔδειξεν
1492 2668 1679 2732 Ἠλίας
1714 2670 1814 2741 τὴν

221 2758 384 2825 χάριν
410 2755 503 2810 τοῦ
521 2756 660 2811 Πνεύ
670 2774 841 2827 ματος
866 2759 1337 2830 συμμεμιγμένην
1360 2759 1437 2829 τῷ
1457 2759 1634 2825 ὕδατι,
1654 2759 1809 2813 ὓδατι

228 2846 429 2917 φλέξας
457 2848 558 2921 τὴν
607 2849 995 2906 ὁλοκαύτωσιν.
1033 2852 1145 2904 Καὶ
1178 2851 1366 2922 σχεδὸν
1410 2851 1630 2907 ἅπαντα
1668 2853 1809 2907 κατὰ

230 2939 323 2991 τὸν
354 2939 515 3010 νόμον
572 2939 725 2995 ὕδατι
780 2942 1165 3015 καθαρίζεται’
1192 2943 1261 2997 τὰ
1288 2942 1397 3013 γὰρ
1447 2943 1641 3013 ὁρατὰ,
1669 2943 1810 3014 σύμ-

228 3033 360 3086 ϐολα
412 3033 521 3089 τῶν
566 3035 874 3106 νοουμένων
908 3035 1046 3090 είσίν
1078 3053 1091 3068 ο
1127 3038 1161 3109 ἠ
1208 3036 1394 3106 μέντοι
1446 3036 1811 3107 ἁναγέννησις

222 3126 370 3179 κατὰ
425 3124 607 3198 ψυχὴν
657 3126 910 3195 γίνεται·
951 3127 1132 3192 πίστις
1184 3126 1294 3197 γὰρ
1353 3127 1616 3181 υίοθετεῖν
1660 3123 1807 3190 οἶδε,

228 3215 405 3271 καίτοι
444 3218 606 3282 ὄντας
650 3217 932 3290 κτίσματα
961 3218 1050 3272 διὰ
1092 3218 1187 3273 τοῦ
1219 3219 1563 3291 Πνεύματος,
1599 3219 1696 3274 καὶ
1728 3218 1809 3282 είς

226 3307 327 3377 τὴν
353 3309 585 3381 ἀρχαίαν
618 3309 780 3379 ἄγειν
816 3311 1219 3382 μακαριότητα.

1913 2487 2028 2557 jam
2084 2486 2215 2539 olim
2270 2492 2614 2541 contestatur
2678 2484 2745 2536 ⁸⁵.
2795 2483 2909 2537 Noe
2965 2483 3304 2552 temporibus
3359 2482 3502 2536 Deus

1920 2576 2110 2631 mundi
2167 2586 2454 2646 peccatum
2519 2592 2616 2646 per
2641 2575 2799 2646 261
2836 2589 3033 2645 aquam
3088 2575 3221 2629 eluit
3277 2575 3344 2627 “.
3399 2572 3504 2627 Per

1918 2682 2114 2737 aquam
2144 2667 2396 2738 quisquis
2446 2667 2765 2722 immundus
2790 2675 2927 2733 erat,
2970 2667 3085 2736 lege
3119 2665 3498 2735 praecipiente,

1918 2758 2310 2825 mundabatur,
2342 2766 2396 2814 et
2429 2757 2505 2812 ita
2537 2757 2759 2828 quidem
2793 2768 2851 2812 ut
2884 2766 2937 2812 et
2967 2758 3101 2827 ipsae
3140 2765 3319 2810 vestes
3357 2771 3499 2824 aqua

1916 2857 2102 2905 essent
2127 2850 2433 2905 abluenda}.
2467 2849 2613 2905 Elias
2642 2848 2881 2920 Spiritus
2922 2848 3157 2919 gratiam
3208 2846 3499 2901 admistam

1919 2942 2078 3011 aquis
2107 2942 2371 3006 ostendit,
2397 2948 2513 2995 tum
2542 2934 2801 2994 nimirum
2832 2955 2954 2994 cum
2989 2940 3371 2994 holocaustum
3406 2937 3501 2990 ad-

1918 3034 2090 3088 bibita
2116 3049 2259 3104 aqua
2296 3034 2563 3090 cremavit
2590 3033 2657 3087 ".
2698 3032 2961 3102 Peneque
2985 3031 3168 3086 omnia
3194 3030 3497 3086 secundum

1916 3125 2090 3196 legem
2120 3139 2264 3195 aqua
2314 3122 2674 3179 mundantur.
2716 3122 2824 3178 Res
2856 3124 3000 3176 enim
3032 3122 3279 3177 visibiles
3308 3137 3498 3176 earum

1912 3229 2034 3284 quae
2064 3221 2245 3270 mente
2295 3213 2677 3283 percipiuntur
2729 3212 2885 3281 signa
2941 3218 3092 3266 sunt.
3130 3210 3498 3281 Regeneratio

1911 3321 2078 3376 porro
2108 3306 2163 3360 in
2198 3306 2385 3360 animo
2416 3303 2724 3378 perficitur.
2762 3302 2929 3359 Fides
2956 3304 3163 3374 quippe
3216 3303 3324 3357 vim
3370 3317 3491 3357 eam

223 3400 414 3465 habet,
470 3412 530 3457 ut
582 3403 837 3473 quamvis
887 3417 919 3457 e
976 3403 1143 3459 rebus
1203 3402 1406 3459 creatis
1464 3402 1661 3467 simus,
1716 3414 1815 3472 per
1854 3396 2119 3469 Spiritum
2148 3410 2252 3452 nos
2289 3396 2345 3451 in
2375 3394 2472 3451 Dei
2511 3395 2654 3451 ﬁlios
2681 3393 2917 3465 adoptct,
2952 3392 3117 3464 atque
3183 3394 3252 3448 ad
3310 3394 3497 3463 pristi-

227 3510 355 3551 nam
388 3493 706 3550 felicitatem
729 3493 880 3550 velut
917 3493 1266 3566 postliminio
1296 3502 1541 3549 revocet.

310 3587 372 3640 Ἥ
406 3586 503 3657 μὲν
528 3581 620 3640 οὖν
669 3587 779 3640 τῶν
827 3586 1116 3658 ἁμαρτιῶν
1144 3587 1339 3657 ἄφεσις
1368 3625 1383 3650 ,
1412 3588 1577 3640 πᾶσιν
1611 3586 1812 3655 ὁμοίως

1989 3578 2255 3649 Baptismi
2304 3578 2482 3649 gratia
2527 3592 2626 3646 pro
2682 3576 3078 3643 suscipiemt'um
3109 3574 3212 3642 ﬁde
3260 3580 3309 3625 et
3343 3589 3496 3627 mun-

226 3679 319 3734 διὰ
346 3677 440 3732 τοῦ
476 3677 857 3750 βαπτίσματος
904 3679 1139 3733 δίδοται·
1163 3680 1198 3749 ἡ
1226 3678 1284 3731 δὲ
1322 3676 1483 3749 χάρις
1516 3677 1612 3731 τοῦ
1636 3677 1808 3730 Πνεύ-

224 3787 402 3841 ματος
422 3770 564 3824 κατὰ
587 3770 686 3840 τὴν
717 3769 1010 3840 ἀναλογίαν
1032 3771 1131 3841 τῆς
1161 3770 1399 3834 πίστεως
1428 3770 1522 3823 καὶ
1545 3770 1646 3840 τῆς
1676 3786 1811 3841 προ-

233 3862 574 3933 καθάρσεως.
607 3862 724 3916 Νῦν
765 3862 865 3932 μὲν
898 3856 993 3915 οὖν
1039 3861 1129 3915 διὰ
1157 3859 1254 3915 τοῦ
1287 3860 1673 3932 βαπτίσματος
1709 3861 1809 3932 τὴν

233 3953 605 4026 ἀπαρχὴν“τοῦ
626 3954 785 4024 ἁγίου
810 3953 950 4007 Πνεύ
960 3970 1130 4023 ματος
1154 3952 1528 4024 λαμϐάνομεν,
1543 3952 1637 4006 καὶ
1664 3952 1809 4024 ἀρχὴ

234 4046 415 4117 ἑτέρου
450 4045 564 4117 βίου
587 4046 800 4116 γίνεται
833 4047 963 4116 ἡμῖν
992 4045 1026 4116 ἡ
1051 4044 1441 4113 παλιγγενεσία
1465 4083 1481 4111 ,
1513 4044 1607 4098 καὶ
1638 4060 1811 4115 σφρα-

234 4138 340 4205 γὶς,
369 4138 462 4192 καὶ
492 4137 884 4209 φυλακτήριον,
914 4135 1011 4190 καὶ
1046 4134 1330 4206 φωτισμός
1349 4136 1394 4189 1.

302 4314 421 4386 Χρὴ
469 4314 528 4369 δὲ
573 4314 721 4385 πάσῃ
767 4311 995 4384 δυνάμει
1046 4309 1307 4379 ἀσφαλῶς
1360 4311 1547 4382 τηρεῖν
1582 4311 1811 4374 ἑαυτοὺς

238 4406 503 4477 καθαροὺς
528 4405 637 4461 ἀπὸ
657 4403 920 4476 ῥυπαρῶν
946 4402 1148 4475 ἔργων,
1183 4402 1272 4456 ῐνα
1305 4401 1381 4473 μὴ
1422 4402 1584 4455 πάλιν
1618 4402 1810 4474 ὥσπερ

240 4496 378 4551 κύων
408 4497 502 4551 ἐπὶ
544 4496 636 4550 τὸν
670 4496 803 4550 ἴδιον
852 4494 1045 4565 ἔμετον
1083 4492 1538 4565 ἐπιστρέψαντες,
1588 4494 1813 4557 δούλους

240 4588 397 4643 πάλιν
426 4587 653 4650 ἑαυτοὺς
681 4587 782 4655 τῆς
812 4584 1088 4656 ἁμαρτίας
1122 4584 1460 4654 ποιήσωμεν.
1491 4582 1682 4648 Πίστις
1704 4584 1813 4655 γὰρ

240 4674 400 4745 χωρὶς
428 4673 606 4746 ἔργων
654 4672 825 4744 νεκρά
867 4673 1016 4726 ἐστιν
1040 4712 1055 4736 ,
1080 4671 1285 4742 ὁμοίως
1317 4671 1415 4724 καὶ
1469 4669 1606 4741 ἔργα
1640 4673 1812 4742 χωρὶς

242 4767 488 4829 πίστεως.
519 4765 584 4818 Ἦ
609 4764 721 4836 γὰρ
751 4762 959 4835 ἀληθὴς
989 4762 1176 4827 πίστις
1204 4762 1294 4816 διὰ
1322 4762 1430 4817 τῶν
1459 4760 1640 4832 ἔργων
1660 4763 1811 4817 δοκι-

244 4859 486 4930 μάζεται.

1910 3671 2069 3729 ditia.
2096 3700 2165 3712 —
2199 3670 2463 3737 Quamvis
2490 3680 2669 3722 autem
2712 3673 3064 3735 peccatorum
3103 3664 3355 3721 remissio
3379 3682 3496 3718 om-

1911 3761 2074 3816 nibus
2104 3776 2200 3830 per
2230 3775 2387 3829 aqua:
2418 3758 2750 3828 baptismum
2799 3755 2959 3810 detur
2986 3774 2998 3808 :
3032 3752 3271 3823 Spiritus
3310 3762 3491 3809 tamen

1884 3851 2086 3922 ‘gratia
2113 3864 2213 3921 pro
2242 3848 2366 3903 tidei
2397 3862 2461 3902 ac
2490 3845 2702 3917 praevia:
2729 3844 3073 3916 purgationis
3102 3843 3267 3896 modo
3296 3858 3523 3897 concev-

1910 3942 2080 3997 ditur.
2117 3941 2185 3994 Et
2209 3955 2355 3995 nunc
2386 3940 2609 4009 quidem
2634 3938 2877 4009 Spiritus
2904 3936 3079 3992 sancti
3103 3936 3377 4005 primitias
3401 3954 3496 4006 per

1911 4031 2247 4101 baptismum
2275 4028 2595 4097 accipimus,
2624 4036 2677 4083 et
2709 4026 3052 4096 regeneratio
3073 4064 3089 4089 ,
3132 4027 3360 4082 alterius
3390 4045 3497 4083 no-A

1909 4122 1997 4177 bis
2025 4122 2149 4176 vitae
2176 4118 2419 4185 initium,
2444 4127 2500 4173 et
2524 4116 2892 4189 signaculum,
2926 4124 2982 4173 et
3026 4117 3374 4186 praesidium,
3439 4126 3494 4173 et

1910 4211 2244 4268 illuminatio
2271 4210 2527 4268 edicitur.

1978 4303 2250 4359 Caeterum
2285 4303 2337 4356 in
2371 4301 2424 4356 id
2457 4300 2617 4357 nobis
2640 4300 2772 4356 totis
2804 4299 3015 4357 viribus
3045 4310 3129 4357 est
3149 4300 3488 4365 enitendum,

1910 4411 1981 4452 ne
2011 4397 2168 4452 canis
2213 4398 2387 4451 instar
2423 4394 2491 4449 ad
2525 4393 2793 4449 vomitum
2840 4393 3141 4448 redeuntes
3181 4394 3245 4461 °',
3282 4397 3488 4464 peccati

1910 4489 2278 4558 nosmetipsos
2336 4486 2522 4542 denuo
2574 4482 2832 4539 servituti
2889 4486 3285 4555 mancipemus.
3325 4486 3489 4542 Fides

1912 4579 2182 4649 siquidem
2208 4578 2328 4635 sine
2362 4577 2624 4647 operibus
2649 4582 2866 4631 mortua
2891 4583 2995 4643 est,
3031 4575 3271 4647 itemque
3302 4591 3487 4647 opera,

1912 4672 2128 4726 sublata
2179 4669 2285 4726 lide
2314 4669 2381 4724 “.
2407 4666 2547 4724 Vera
2590 4668 2794 4739 quippe
2828 4667 2963 4724 ﬁdes
2995 4682 3092 4738 per
3122 4682 3287 4739 opera
3340 4683 3490 4723 com-

1911 4766 2198 4835 probatur.

306 4948 685 5019 Βαπτιζόμεθα
711 4947 770 5001 δὲ
822 4947 918 5009 εἰς’
939 4944 1039 5017 τὴν
1070 4944 1232 5013 ἁγίαν
1264 4945 1471 5016 Τριάδα
1495 4987 1511 5012 ,
1544 4947 1627 5000 ὅτι
1666 4945 1804 4999 αὐτὰ

1981 4938 2090 4995 Cur
2125 4939 2182 4991 in
2207 4935 2523 4992 Trinitatem
2544 4934 2896 5005 baptizemur.
2918 4960 2990 4974 —
3014 4931 3095 4987 Ob
3124 4932 3177 4987 id
3210 4947 3339 4988 vero
3360 4932 3407 4964 "°
3434 4932 3489 4987 iu

239 5037 308 5090 τὰ
340 5034 708 5107 βαπτιζόμενα
756 5032 948 5106 χρῄζει
993 5034 1091 5104 τῆς
1135 5034 1298 5103 ἁγίας
1344 5035 1575 5106 Τριάδος
1601 5036 1681 5099 είς
1704 5034 1805 5104 τὴν

240 5130 411 5183 αὐτῶν
460 5127 723 5183 σύστασίν
747 5143 807 5180 τε
858 5124 957 5181 καὶ
988 5124 1253 5197 διαμονὴν
1274 5165 1290 5190 ,
1316 5125 1411 5178 καὶ
1444 5125 1708 5180 ἀδύνατον
1734 5124 1809 5196 μὴ

309 5285 351 5316 ⁸⁸
393 5283 635 5340 Method.
698 5282 795 5337 lib.
854 5279 933 5334 De
978 5295 1178 5335 resurr.
1270 5278 1313 5311 “
1359 5276 1518 5333 Joan.
1577 5280 1807 5346 μηδι,

242 5355 287 5387 ⁸⁵
321 5354 484 5410 Levit.
542 5370 631 5418 xv,
665 5352 752 5405 10.
817 5352 862 5385 ⁸⁸
891 5351 1028 5406 Gen.
1056 5365 1154 5421 _vr,_
1192 5349 1278 5403 17.
1352 5350 1395 5421 '_7
1428 5348 1491 5421 Il‘l
1528 5348 1661 5421 Reg.
1701 5364 1858 5412 xvnt,
1910 5347 2001 5403 52.

241 5423 365 5481 Νη.
411 5434 551 5482 orat.
611 5424 712 5492 ιο;
743 5422 949 5476 Athan.
1005 5419 1075 5476 ad
1120 5417 1313 5490 Serap.
1345 5418 1421 5474 De
1448 5417 1841 5485 SpirfsancLo.

1913 5039 2160 5088 sanctam
2189 5027 2517 5084 Trinitatem
2564 5026 2932 5096 baptizamur,
2973 5024 3103 5093 quia
3140 5039 3260 5093 qua!
3307 5024 3487 5094 bapti-

1916 5132 2134 5189 zantur,
2163 5120 2232 5175 ad
2265 5120 2371 5187 sui,
2397 5127 2515 5173 tum
2550 5116 3028 5182 constitutionem,
3063 5122 3178 5170 tum
3205 5130 3489 5171 conserva-

1912 5278 1957 5310 υ
1985 5274 2146 5333 Joan.
2205 5289 2286 5335 ιιι,
2318 5274 2371 5328 5.
2454 5272 2499 5305 ⁸³
2526 5271 2691 5343 Greg.
2745 5281 2885 5343 orat.
2927 5271 3018 5336 48.
3079 5339 3102 5343 _
3121 5270 3177 5343 ξι
3197 5266 3402 5343 Gen),
3432 5268 3486 5321 9.

2108 5345 2153 5379 ⁸⁸
2188 5344 2228 5399 ιι
2275 5343 2423 5399 Petr.
2451 5359 2511 5410 ιι,
2542 5336 2664 5398 ΞΞῘ
2751 5341 2795 5373 ⁸⁸
2827 5339 2946 5396 Jac.
2989 5355 3050 5406 ιι,
3074 5338 3163 5394 26.
3243 5338 3288 5370 ⁷ο
3322 5336 3486 5409 Greg.

1541 5569 1779 5637 VARIE
1822 5564 2225 5628 LECTIONES.

313 5694 333 5736 ι
381 5695 531 5750 Multi
580 5693 798 5749 codices
849 5687 1190 5757 ὲκαθαίρετο.
1260 5683 1391 5757 cod.
1439 5685 1497 5741 S.
1567 5686 1675 5741 ιιιι.
1741 5686 1796 5740 in
1848 5702 2021 5756 marg.
2073 5685 2107 5755 ἢ
2176 5681 2531 5757 ἐκεκάίὶαρ-το.

2640 5683 2653 5727 i
2714 5676 2773 5732 In
2835 5677 2902 5731 R.
2933 5673 3076 5730 2626
3125 5675 3344 5730 additur
3396 5675 3495 5726 καὶ

247 5743 531 5835 ἁγιασνμόςῖ
585 5743 933 5835 ἒῖἷῖῗῆῢοις,
988 5743 1083 5829 qui
1144 5756 1424 5835 transtulit
1482 5766 1530 5835 _et
1573 5757 1900 5813 illuminatio
1938 5743 1999 5810 εἴ
2045 5743 2505 5821 σᾰησιίβιναιῑοίιιι
2525 5747 2782 5815 ῐὶλθᾙ,
2816 5762 2914 5819 pro
2936 5746 3235 5817 φωτισμδς,
3266 5743 3500 5799 habetur

249 5827 527 5909 ἁγιασμὸς.
575 5835 658 5891 sic
686 5842 845 5890 vetus
896 5827 1124 5900 interpr.
1174 5827 1547 5895 sanctiﬁcatio.
