3950 6304
187 355 326 423 1125
1251 362 1348 421 DE
1384 362 1561 422 FIDE
1603 362 2067 423 ORTHODOXA
2106 366 2250 426 LIB.
2279 367 2377 427 IV.
3317 370 3452 435 1126

178 468 362 523 τικόν·
400 463 501 519 οὐκ
535 462 617 518 ἔτι
645 463 754 535 γὰρ
793 465 963 518 κακία
989 465 1085 520 καὶ
1123 467 1372 539 ἁμαρτία
1401 468 1768 523 πολιτεύεταιε

1891 470 2147 539 martyrio
2197 472 2499 540 perﬁcitur,
2538 488 2647 543 quo
2702 481 2757 529 et
2806 473 3058 531 Christus
3108 476 3228 547 ipse
3276 484 3449 532 nostri

182 559 417 624 κολάζον
446 557 502 611 δὲ
532 556 891 628 ἀτελεύτητα.

1891 575 2043 615 causa
2079 561 2376 617 defunctus
2413 565 2586 618 est".
2638 564 2845 634 Estque
2880 566 3015 620 illud
3058 583 3318 637 perquam
3350 584 3447 622 au-

183 660 407 724 gustum
445 664 509 704 ac
540 649 782 713 beatum,
816 650 963 720 quod
1001 650 1169 706 nullis
1213 652 1441 720 posthac
1498 651 1756 709 sordibus
1790 651 2134 720 inquinetur.
2193 651 2521 707 Octavum”
2578 655 2813 725 denique
2843 665 2895 711 et
2918 667 3252 727 postremum
3315 660 3447 715 illud

183 754 291 813 est,
346 760 459 800 non
498 744 611 814 jam
657 744 1044 811 salutiferum,
1104 761 1296 801 verum
1365 748 1442 801 ita
1505 747 1771 801 malitiam
1805 746 2082 813 auferens,
2119 748 2340 816 quando
2383 747 2655 816 suusjam
2699 751 2921 806 malitia:
2980 760 3034 807 et
3078 762 3300 823 peccato
3369 754 3447 807 lo-

184 854 285 895 cus
321 854 432 894 non
476 838 602 905 erit,
632 846 692 892 ut
722 848 907 894 tamen
943 842 1337 909 sempiternum
1377 841 1663 896 excruciet
1700 855 1762 895 ac
1797 840 2007 910 puniat.

259 931 569 1003 Σωματικῷ
591 931 648 985 δὲ
680 930 812 985 είδει
845 931 888 1000 ι,
916 932 1049 985 ὡσεὶ
1086 932 1408 1004 περιστερὰ,
1442 933 1768 1004 ὲπεφοίτησε

1945 932 2179 1002 Spiritus
2247 942 2463 988 sanctus
2538 933 2797 988 columba:
2850 935 3016 1003 specie
3081 945 3129 989 et
3193 937 3453 1006 ignis.—

184 1027 247 1079 τὸ
270 1025 496 1095 Πνεῦμα
525 1024 584 1077 τὸ
617 1025 795 1093 ἅγιον,
813 1025 915 1095 τὴν
951 1026 1207 1096 ἀπαρχὴν
1227 1026 1322 1079 τοῦ
1344 1026 1616 1096 ἡμετέρου
1642 1026 1768 1079 ὑπο-

1891 1024 2046 1079 )οιιο
2069 1026 2115 1057 9‘
2143 1024 2383 1095 Spiritus
2441 1035 2668 1082 sanctus
2724 1028 2996 1096 corporali
3050 1030 3251 1097 specie,
3306 1030 3451 1083 sicut

184 1117 432 1171 δεικνύον
463 1116 860 1188 βαπτίσματος,
886 1118 979 1171 καὶ⁵
1011 1119 1186 1189 τιμῶν
1207 1119 1268 1171 τὸ
1308 1118 1466 1189 σῶμα
1488 1136 1503 1151 ο
1528 1119 1653 1172 ἐπεὶ
1680 1119 1768 1172 καὶ

1891 1116 2123 1169 :olumba
2155 1117 2220 1170 ad
2258 1116 2547 1171 Dominum
2591 1117 2900 1182 descendit,
2955 1120 3143 1189 sicque
3192 1131 3306 1174 tum
3358 1121 3449 1174 ba-

185 1207 369 1274 τοῦτο,
391 1208 560 1277 ἤγουν
582 1208 643 1261 τὸ
679 1207 861 1278 σῶμα,
890 1210 955 1279 τῇ
990 1208 1183 1262 θεώσει
1210 1208 1361 1275 Θεὸς,
1392 1210 1487 1262 καὶ
1522 1209 1638 1280 ἅμα
1665 1226 1768 1263 που

1891 1206 2056 1261 )tismi
2094 1208 2272 1261 ndstri
2326 1209 2599 1278 primitias
2646 1208 3051 1275 subindicabat,
3083 1218 3201 1263 tum
3251 1226 3451 1278 corpus

187 1301 396 1355 ἄνωθεν
422 1300 654 1355 εἴθισται
676 1302 978 1372 περιστερά
1008 1301 1162 1354 λύσιν
1194 1301 1584 1372 κατακλυσμοῦ
1610 1301 1774 1370 εὐαγ-

187 1393 521 1462 γελίζεσθαι.
559 1393 685 1448 Ἐπὶ
721 1394 779 1448 δὲ
803 1394 929 1458 τοὺς
957 1394 1146 1463 ἁγίους
1181 1395 1516 1457 ἀποστόλους
1549 1410 1771 1465 πυροει-

186 1484 293 1548 δὼς
325 1484 562 1539 κάτεισι.
588 1485 718 1550 Θεὸς
763 1484 873 1556 γάρ
924 1486 1072 1539 ἐστιν
1105 1499 1119 1513 ·
1158 1486 1187 1538 ὁ
1230 1484 1286 1538 δὲ
1312 1484 1446 1548 Θεὸς
1477 1482 1589 1556 πῦρ
1633 1500 1771 1536 κατ-

189 1577 486 1632 αναλίσκον
520 1576 661 1631 ἐστί.

1878 1297 2275 1353 cohonestabat
2304 1314 2317 1351 :
2348 1299 2608 1369 quoniam
2644 1308 2698 1355 et
2730 1300 2833 1355 hoc
2856 1317 3075 1371 quoque
3108 1316 3205 1370 per
3233 1302 3455 1356 deilica-

1878 1388 2084 1443 tionem
2138 1387 2281 1443 Deus
2321 1398 2459 1445 erat.
2509 1390 2681 1454 Adde,
2732 1390 2877 1461 quod
2921 1392 3174 1446 columba
3206 1408 3456 1447 cessasse

1878 1480 2143 1535 diluvium
2200 1482 2332 1534 olim
2381 1481 2733 1536 nuntiaverit.
2788 1481 2932 1552 Ignis
2983 1498 3113 1537 vero
3170 1484 3351 1552 specie
3400 1486 3453 1537 in

1780 1648 1781 1651 η
1879 1582 2100 1627 sanctos
2133 1573 2410 1641 apostolos
2449 1571 2731 1627 descendit
2757 1572 2824 1637 ⁸⁸,
2850 1588 2915 1627 eo
2946 1574 3092 1643 quod
3121 1573 3263 1630 Deus
3287 1583 3452 1630 esset.

1880 1661 2021 1716 Deus
2051 1663 2189 1715 enim
2220 1663 2356 1732 ignis
2404 1662 2713 1717 consumens
2752 1674 2829 1717 est
2858 1665 2924 1719 ⁸⁸.

263 1754 337 1806 Τὸ
377 1752 557 1808 ἔλαιον
587 1753 697 1826 (71)
733 1752 1072 1825 βαπτίσματι
1111 1752 1602 1825 παραλαμϐάνεται
1624 1794 1638 1821 ,
1670 1769 1768 1823 μη-

1952 1753 2069 1809 OIei
2102 1757 2302 1809 unctio.
2339 1786 2409 1796 -—
2436 1758 2505 1809 At
2544 1772 2672 1810 vero
2702 1757 2882 1811 oleum
2921 1756 3129 1812 idcirco
3161 1756 3227 1810 ad
3270 1757 3452 1826 bapti-

189 1846 317 1900 νόον
358 1845 457 1918 τὴν
486 1845 669 1917 χρίσιν
688 1855 727 1882 ιη
753 1844 909 1916 ἡμῶν
928 1885 942 1910 ,
975 1844 1071 1898 καὶ⁵
1116 1845 1375 1917 χριστοὺς
1401 1846 1551 1915 ἡμᾶς
1604 1846 1771 1915 ἐργα-

190 1939 439 2009 ζόμενον,
474 1939 569 1992 καὶ
589 1938 681 1992 τὸν
711 1938 807 1991 τοῦ
841 1936 978 1991 Θεοῦ
1009 1939 1146 2009 ἡμῖν
1186 1935 1661 2007 ἐπαγγελλόμενον
1686 1936 1775 1990 διὰ

188 2029 285 2083 τοῦ
313 2030 468 2098 ἁγίου
501 2030 821 2100 Πνεῦματος
849 2028 1020 2090 ἔλεον,
1046 2026 1172 2080 ἐπεὶ
1209 2026 1306 2081 καὶ⁹
1350 2026 1560 2097 κάρφος
1591 2026 1776 2089 ἐλαίας

188 2125 304 2186 τοῖς
328 2124 394 2176 ἐκ
416 2122 511 2175 τοῦ
556 2119 949 2191 κατακλυσμοῦ
991 2118 1379 2189 περισωθεῖσιν
1407 2121 1441 2190 ἠ
1470 2117 1774 2190 περιστερὰ

190 2213 512 2283 κεκόμικεν.

275 2305 610 2376 Ἐὁαπτίσθη
645 2304 900 2375 Ἰωάννης
926 2344 940 2370 ,
966 2303 1064 2375 τὴν
1106 2306 1267 2375 χεῖρα
1314 2301 1525 2365 ἐπιθεὶς
1550 2301 1644 2355 ἐπὶ
1676 2298 1774 2373 τὴν

190 2398 347 2453 θείαν
373 2398 466 2452 τοῦ
490 2398 764 2452 Δεσπότου
806 2396 1054 2469 κορυφὴν
1078 2439 1092 2465 ,
1121 2395 1314 2467 καὶτῷ
1349 2395 1462 2466 ἰδίῳ
1487 2394 1701 2465 αἵματι.

265 2582 338 2635 Οὐ
368 2580 476 2653 χρὴ
507 2579 897 2651 ὑπερτίθεσθαι
917 2590 943 2617 ιι
963 2580 1023 2633 τὸ
1047 2579 1354 2650 βάπτισμα,
1388 2579 1476 2632 ὅτε
1507 2578 1575 2632 δι’
1599 2575 1775 2648 ἔργων

189 2676 226 2743 ἡ
279 2672 463 2737 πίστις
508 2673 619 2726 τῶν
662 2673 999 2743 προσιόντων
1050 2672 1398 2745 μαρτυρηθῇ.
1438 2672 1496 2723 Ὀ
1529 2670 1638 2741 γὰρ
1666 2672 1775 2722 σὲν

190 2765 328 2834 δόλῳ
361 2764 604 2836 προσιὼν
632 2764 713 2835 τῷ
745 2765 1110 2835 βαπτίσματι,
1134 2763 1605 2835 κατακριθήσεται
1636 2762 1773 2834 μᾶλ-

192 2857 286 2909 λον
346 2856 380 2927 ἢ
405 2856 844 2928 ὠφεληθήσεται.

725 3035 977 3089 Recita.
1010 3035 1044 3087 r
1069 3032 1239 3106 [nr].

758 3127 900 3193 Περὶ
932 3127 1211 3191 πίστεως.

277 3218 342 3273 Ἦ
366 3220 547 3291 μέντοι
581 3230 768 3282 πίστις
787 3218 948 3288 διπλῆ
993 3218 1141 3270 ἐστιν
1161 3234 1175 3246 ·
1214 3217 1383 3270 Ἔστι
1427 3215 1537 3285 γὰρ
1568 3217 1776 3282 πίστις

192 3311 266 3376 ἐξ
290 3313 503 3381 ἀκοῆς.
549 3311 865 3375 Ἀκούοντες
903 3310 1014 3382 γὰρ
1034 3309 1145 3364 τῶν
1192 3309 1353 3363 Θείων
1393 3310 1645 3381 Γραφῶν,
1683 3328 1774 3363 πι-

272 3467 317 3500 δ¹
346 3466 477 3522 an.
514 3466 599 3521 12.
629 3467 716 3522 50.

818 3466 863 3499 ⁸⁸
887 3464 1051 3537 Creg.
1092 3473 1233 3520 orat.
1268 3465 1359 3537 ις).

193 3543 244 3575 ⁸⁷
297 3541 431 3595 Gen.
476 3556 591 3605 vni,
626 3538 713 3594 Η.

793 3538 838 3571 ⁸⁸
865 3534 1029 3607 ϐιρςῖ
1075 3542 1218 3592 orat.
1259 3534 1349 3588 40.

1466 3463 1513 3496 ⁸⁸
1539 3463 1613 3519 Id.
1653 3474 1792 3519 orat.
1836 3465 1926 3519 59.

1878 1862 2059 1902 smum
2093 1846 2413 1912 adhibetur,
2457 1849 2585 1917 quia
2618 1850 2932 1903 unctionem
2962 1860 3205 1903 nostram
3242 1849 3453 1919 signiﬁ-

1876 1946 1985 2001 cat,
2029 1953 2243 2006 nosque
2273 1938 2518 1994 christos
2552 1939 2716 2005 facit,
2752 1941 2977 2011 insuper
3016 1939 3110 1994 Dei
3144 1939 3456 1994 misericor-

1876 2029 2019 2083 diam
2051 2045 2147 2100 per
2179 2029 2447 2101 Spiritum
2483 2041 2732 2087 sanctum
2771 2034 2931 2090 nobis
2966 2035 3273 2102 pollicetur.
3315 2033 3452 2088 Nam

1875 2132 1928 2175 et
1949 2123 2201 2177 columba
2243 2124 2351 2180 illis
2380 2124 2472 2194 qui
2511 2125 2813 2182 incolumes
2842 2143 2871 2182 e
2902 2129 3109 2182 diluvio
3142 2133 3454 2189 evaserant,

1876 2215 2008 2270 oleae
2040 2229 2254 2268 ramum
2287 2224 2486 2285 praeter
2521 2231 2736 2271 onmem
2767 2233 2918 2286 spem
2952 2219 3079 2271 olim
3112 2219 3294 2271 attulit
3316 2215 3384 2270 ⁸⁷.

1945 2303 2199 2372 Joannes,
2238 2315 2295 2359 ut
2339 2306 2665 2374 baptizatus.
2713 2338 2768 2346 —
2796 2307 3040 2363 Joannes
3082 2308 3337 2378 imposita
3373 2309 3456 2362 di-

1876 2394 2005 2450 vino
2043 2396 2256 2450 Domini
2288 2398 2459 2468 capiti
2490 2413 2676 2458 manu.
2704 2405 2758 2453 ct
2791 2414 2985 2454 cruore
3021 2398 3243 2469 proprio
3280 2398 3454 2468 bapti-

1879 2495 2034 2541 zatus
2072 2486 2195 2541 fuit.

1950 2577 2222 2632 Caeterum
2273 2577 2318 2611 ⁸⁸
2376 2579 2713 2649 baptismum
2754 2579 2961 2634 diutius
3009 2593 3305 2649 prorogare
3348 2594 3454 2631 non

1879 2676 2092 2737 oportet
2118 2667 2248 2721 dum
2280 2668 2658 2722 accedentium
2684 2668 2842 2722 ﬁdem
2875 2675 3257 2723 contestantur
3286 2668 3456 2722 actio-

1878 2773 1997 2812 nes.
2036 2757 2090 2810 Si
2128 2758 2253 2826 quis
2281 2758 2408 2810 dolo
2440 2757 2507 2810 ad
2536 2758 2873 2827 baptismum
2898 2759 3216 2826 accesserit,
3246 2769 3454 2813 tantum

1878 2850 2036 2904 abest
2074 2860 2130 2903 ut
2167 2850 2294 2903 hinc
2338 2850 2598 2905 utilitatis
2649 2851 2934 2920 quidpiam
2977 2855 3197 2921 capiat,
3233 2861 3292 2906 ut
3323 2867 3455 2906 eon-

1878 2940 2285 2996 demnationem
2320 2942 2504 3011 potius
2539 2950 2787 2995 accersat
2816 2943 2944 2995 sibi.

2441 3034 2599 3105 253
2638 3033 2789 3088 CAP.
2838 3034 2902 3087 χ.

2547 3126 2620 3179 De
2662 3125 2788 3195 ﬁde.

1957 3215 2115 3270 Fides
2141 3218 2326 3270 virtus.
2354 3214 2595 3285 Inﬁdelis
2627 3226 2727 3279 est,
2759 3218 2849 3287 qui
2880 3235 2981 3271 non
3018 3217 3177 3272 credi!
3211 3214 3457 3272 Ecclesia:

1883 3309 2180 3375 traditioni,
2245 3319 2335 3362 aut
2380 3311 2518 3363 male
2564 3310 2795 3364 rit'it.—
2828 3310 2986 3366 Fides
3042 3328 3205 3382 porro
3259 3314 3455 3382 duplex

2030 3467 2075 3498 ⁸³
2115 3465 2191 3518 lh.
2256 3474 2395 3519 orat.
2452 3466 2561 3531 4i;
2605 3465 2724 3530 Act,
2767 3482 2825 3531 ιι,
2879 3466 2932 3521 Ξ.
3001 3469 3044 3499 ⁸⁸
3074 3468 3228 3526 Deut.
3264 3486 3333 3535 tv,
3362 3470 3452 3524 Eli.

1455 3645 1683 3701 VARUE
1724 3645 2127 3701 LECTIONES.

276 3770 298 3811 ι
327 3772 489 3828 Deest
514 3771 593 3836 δὲ,
624 3770 677 3825 in
703 3768 867 3825 editis
905 3776 958 3824 et
983 3766 1141 3823 Coll).
1175 3767 1226 3821 1.

1304 3775 1343 3803 ω
1376 3764 1507 3838 Reg.
1539 3766 1561 3820 1
1597 3775 1650 3822 et
1682 3766 1753 3838 Ν,
1784 3768 1877 3837 sip
1921 3768 2098 3838 χάριν.
2178 3778 2204 3805 τι
2237 3767 2294 3823 In
2318 3770 2439 3826 cod.
2475 3769 2531 3826 S.
2570 3769 2676 3825 llil.
2714 3785 2780 3825 ex
2827 3769 3045 3825 emend.
3088 3770 3309 3825 additur
3340 3766 3451 3825 οὖν.
3528 3822 3535 3831 ,

196 3861 222 3883 ο
249 3844 410 3900 Deest
462 3843 571 3915 γὰρ
624 3842 678 3896 in
712 3838 872 3897 codd.
912 3840 1154 3895 restituit
1204 3836 1524 3893 emendator
1567 3838 1693 3893 cod.
1736 3837 1793 3893 S.
1830 3836 1938 3893 Hi1.

1712 3977 1947 4036 ΝΟΤᾹΞ.

275 4102 390 4171 (Ἠ)
436 4099 506 4156 Τὸ
528 4098 842 4171 Maior.“
871 4096 1341 4171 vero_eleum.etc.
1360 4094 1519 4171 Apud
1550 4093 1773 4171 Graecos

200 4166 296 4227 ille
324 4166 416 4240 qui
468 4169 837 4240 baptizandus
894 4168 1077 4240 venit,
1110 4166 1499 4240 oleo_simplici
1536 4166 1774 4240 primum

202 4235 493 4311 iniungitur
536 4235 565 4293 ὁ
618 4239 923 4311 sacerdote.
960 4236 1160 4311 Unctio
1217 4235 1388 4311 altera
1430 4235 1776 4311 baptismum

202 4305 587 4377 subsequitur,
638 4311 805 4378 titque
833 4308 955 4363 oleo
982 4307 1275 4378 pigmentis
1305 4305 1718 4378 condito,gquo_d
1753 4319 1784 4358 a

201 4376 462 4454 pontifice
484 4376 864 4440 consecratur,
902 4376 1102 4432 feria'v
1135 4377 1374 4432 inCmna
1410 4376 1646 4440 Domini,
1681 4376 1784 4454 hoc

205 4444 355 4523 μέγα
387 4449 591 4523 μῦρον,
628 4465 878 4516 magnum
922 4459 1245 4518 unguentum
1278 4455 1677 4523 nuncupatur,
1700 4444 1784 4500 vel

283 4515 437 4591 ίσμα.
468 4515 604 4591 ’Νθε
662 4515 885 4590 quoque
944 4515 1187 4572 sanctum
1238 4517 1473 4591 chrisma
1523 4515 1782 4591 dicimus.

283 4541 437 4591 ισμα.
493 4541 604 4576 Πυδ
662 4541 885 4590 quoque
944 4541 1187 4572 δωισιιιιη
1238 4541 1473 4569 υιιΠδηιιι
1523 4541 1782 4570 υιιῖιηιυδ.

202 4541 411 4648 {fumo
440 4593 553 4645 haec
578 4590 755 4661 ipsum
778 4596 861 4643 est
889 4596 1297 4661 sacramentum
1317 4585 1782 4661 Conﬁrmationis,

203 4665 275 4717 de
309 4675 422 4731 quo
466 4655 666 4731 legesis
706 4661 889 4731 Allat_._
915 4659 1011 4712 lib.
1057 4674 1115 4731 In
1166 4657 1242 4710 De
1263 4672 1505 4731 consent.
1537 4671 1660 4731 cap.
1691 4655 1780 4731 16.

205 4726 401 4787 Oleum
432 4726 586 4800 prius
613 4730 817 4800 Cyrillo
850 4726 1125 4800 Hierosol.
1162 4727 1375 4781 catech.
1402 4738 1564 4795 mysc.

206 4796 485 4874 ὀρκιστον,
529 4796 914 4874 exorcisatum,
954 4798 1179 4862 dicitur,
1211 4814 1314 4867 quo
1359 4796 1785 4874 tumuerdentia

205 4865 542 4940 peccatorum
573 4871 794 4940 vestigia
832 4878 1160 4940 purgentur,
1197 4865 1307 4920 tum
1351 4865 1641 4940 invisibiles
1677 4866 1786 4940 die:

208 4935 386 4995 mones
423 4935 732 5008 pellantur}
764 4935 951 5008 eoque
973 4939 1401 5008 catechumenos
1431 4953 1463 4989 (ι
1488 4937 1680 4991 vertice
1718 4935 1785 4988 ad

209 5006 431 5080 inﬁmas
480 5026 643 5080 usque
696 5006 887 5080 partes
919 5008 1139 5080 perungi
1184 5007 1281 5080 ait.
1342 5006 1588 5061 Alterum
1654 5019 1785 5080 vero

212 5076 452 5151 spiritus
487 5076 663 5151 sancti
697 5076 839 5151 esse
877 5076 1166 5147 imaginem
1200 5076 1373 5151 docet
1396 5117 1410 5141 ,
1436 5076 1787 5151 ut_quemad-

212 5145 434 5204 m’odum
497 5151 551 5204 in
594 5148 875 5204 Christum
930 5145 1052 5201 cum
1100 5145 1443 5200 ascendisset
1494 5145 1563 5200 de
1608 5160 1782 5211 aqua,

212 5220 457 5291 Spiritus
495 5226 724 5275 sanctus
761 5218 935 5279 venit,
978 5218 1059 5291 sic
1120 5215 1322 5291 Christi
1389 5216 1595 5270 alumni
1660 5214 1787 5283 Spi-

213 5286 361 5347 ritus
420 5291 595 5346 sancti
649 5290 968 5344 chrismatis
1027 5286 1427 5355 insigniantur,
1489 5296 1786 5354 postquam

214 5362 475 5431 baptismi
514 5360 675 5431 aquis
722 5359 892 5431 abluti
944 5365 1093 5431 sunt.
1145 5356 1411 5431 Caeterum
1457 5355 1592 5431 uelut
1632 5356 1786 5431 panis

214 5424 597 5493 Eu'cltaristiw',
627 5430 948 5499 inquiticat.
986 5428 1042 5491 ’5,
1073 5426 1212 5499 μετὰ
1240 5425 1336 5499 τῂν
1361 5424 1785 5499 Δὲιιτίκ-λςιισινῌτοῦ

211 5502 375 5569 ἁγίου
410 5495 744 5569 Πνεύματος,
778 5498 877 5551 οὐκ
903 5497 1050 5549 ἔστιν
1078 5495 1245 5569 ἄρτος
1270 5495 1434 5557 λιτὸς,
1464 5495 1600 5569 ἀλλὰ
1626 5495 1786 5564 σῶμα

211 5566 476 5639 Χριστοῦ,
512 5566 626 5637 post
664 5566 1346 5639 invocationemHSpiritus
1373 5567 1544 5618 sancti
1577 5582 1679 5618 non
1709 5575 1786 5619 est

212 5636 440 5706 simplex
482 5636 658 5708 panis,
685 5639 775 5693 sed
804 5653 993 5705 corpus
1027 5636 1226 5708 Christi
1256 5650 1275 5688 :
1303 5637 1379 5708 sic
1406 5645 1647 5689 sanctum
1682 5651 1779 5708 un-

218 5705 624 5779 guentunﬁpbx
668 5708 781 5762 ἔστι
820 5707 997 5779 ψιλον,
1031 5706 1140 5779 οὐδ’
1168 5705 1243 5768 ὡς
1296 5706 1441 5758 είποι
1474 5722 1577 5771 τις,
1602 5705 1777 5779 κοινὸν

225 5776 342 5849 μετ’
371 5777 681 5850 ἐπίκλησιν,
718 5776 1224 5845 invocatione'facta
1262 5790 1361 5830 non
1420 5786 1498 5830 est
1551 5776 1777 5843 amplius

1882 4105 2227 4167 unguentum,
2251 4115 2367 4160 nec.
2392 4108 2448 4152 ut
2471 4100 2549 4152 ita
2583 4098 2779 4162 dicam,
2818 4112 3111 4160 commune,
3142 4097 3232 4151 sed
3258 4096 3458 4155 Christi

1883 4168 2078 4222 donum
2110 4209 2124 4231 ,
2158 4173 2431 4240 sanctique
2478 4169 2713 4237 Spiritus
2741 4208 2755 4231 ,
2790 4168 2940 4240 cujus
2980 4168 3273 4240 diuinitatis
3319 4184 3461 4240 prm-

1885 4240 2057 4293 sentia
2089 4237 2449 4309 efﬁcacitatem
2489 4241 2663 4293 habet.
2695 4239 2897 4295 Deinde
2920 4237 3158 4309 explicat
3189 4253 3287 4291 cur
3309 4237 3459 4293 frons

1882 4309 2086 4378 aliique
2117 4306 2336 4366 "sensus
2373 4311 2674 4366 secundum
2726 4309 2983 4362 Ecclesiae
3012 4306 3307 4362 Orientalis
3340 4325 3457 4378 mo-

1882 4394 1996 4451 rem
2035 4388 2331 4450 ungantur.
2373 4381 2530 4451 Apud
2564 4378 2897 4451 Orientales,
2933 4386 2993 4432 ut
3023 4380 3149 4451 olim
3186 4378 3323 4451 apud
3358 4377 3462 4451 [.a-

1882 4450 2032 4521 tinos
2081 4448 2374 4521 plerosque
2404 4448 2683 4519 {quilibet
2739 4450 3030 4521 presbyter
3059 4449 3315 4521 absoluto
3359 4448 3459 4521 ba—

1882 4516 2097 4588 ptismo
2123 4516 2339 4576 sacrant
2372 4516 2688 4576 chrismatis
2716 4516 3029 4573 unctionem
3067 4518 3215 4571 facit.
3250 4516 3458 4587 Pachy-

1884 4604 2063 4644 meres
2083 4605 2213 4644 vero
2241 4591 2296 4644 in
2328 4606 2450 4660 cap.
2468 4591 2743 4660 5Dionys.
2771 4588 2846 4641 De
2889 4588 3017 4644 eccl.
3052 4588 3183 4660 Itiﬁer.
3208 4588 3460 4660 observa

1885 4661 2125 4730 priscum
2150 4676 2357 4715 morem
2386 4655 2440 4714 i'n
2466 4655 2693 4715 Oriente
2723 4660 2914 4720 fuisse,
2940 4667 3000 4713 ut
3022 4659 3183 4730 solus
3220 4655 3459 4730 pontifex

1662 4726 1782 4799 τιτι.
1814 4709 1856 4763 Ι)
1888 4709 2826 4799 statiua;ti‘iigaats“.;agaat
2837 4709 3200 4799 ἒξὲιῇὲξᾶγᾶρ
3221 4709 3324 4799 ’τρῦ
3365 4709 3462 4794 dar

1887 4795 2114 4871 χιερέως
2162 4801 2315 4871 ἐσται
2361 4802 2441 4863 είς
2481 4800 2542 4853 τὸ
2599 4795 2787 4871 χρῖσαι
2820 4797 2898 4867 τῷ
2947 4795 3110 4871 μύρῳ
3138 4796 3228 4871 τὸ)
3270 4795 3461 4871 βαπτι-

1888 4819 2114 4869 χιερεως
2162 4819 2315 4854 εσται
2361 4819 2441 4863 εις
2481 4819 2542 4853 το
2590 4819 2787 4924 ἔρισαι
2820 4819 2898 4867 τῳ
2955 4819 3110 4866 μυρῳ
3138 4819 3228 4847 τον
3270 4819 3459 4875 pan—tv.-

1888 4869 2103 4941 σθέντα.
2154 4869 2304 4940 Αὕτη
2357 4870 2466 4938 γὰρ
2632 4871 2793 4941 ρχαία
2843 4866 3137 4941 συνήθεια·
3175 4864 3319 4941 Opus
3360 4876 3459 4941 erit

1884 4940 2152 5008 pontiﬁce,
2185 4935 2644 5011 qui'bapt—izatuni
2666 4935 3163 5011 'unguento‘liltiat.
3196 4935 3294 5011 Hic
3323 4936 3460 4988 enim

1887 5025 2002 5062 mos
2035 5006 2304 5080 antiquus
2346 5006 2448 5078 fuit
2473 5027 2489 5063 :
2519 5011 2733 5066 dicente
2760 5006 2981 5080 scilicet
3011 5006 3286 5076 Dionysio,
3330 5020 3455 5073 per-

1888 5079 2104 5134 ﬁciendi
2153 5077 2480 5150 potestatem
2534 5096 2640 5135 non
2671 5094 2792 5134 esse
2826 5077 3165 5150 presbytero,
3190 5090 3286 5129 nec
3331 5090 3459 5150 prof

1888 5150 2015 5203 inde
2066 5145 2366 5218 peffeclum
2432 5151 2762 5219 baptismum
2827 5145 3035 5219 dandi“,
3076 5147 3178 5219 qui
3240 5145 3457 5219 nonnisi

1886 5214 2182 5274 chrismate
2218 5214 2554 5288 perﬁciatur.
2593 5219 2729 5273 Cum
2762 5232 2893 5271 vero
2940 5216 3204 5288 episcopi,
3231 5214 3457 5288 secundi

1888 5289 2105 5343 ordinis
2134 5285 2515 5345 sacerdotibus
2538 5287 2848 5358 baptizandi
2883 5300 3084 5339 munus
3108 5285 3458 5358 detulissent,

1888 5360 1970 5414 eis
2007 5359 2243 5415 subinde
2287 5360 2381 5428 jus
2425 5355 2787 5412 conﬁrmandi
2829 5359 3138 5428 ncephytos
3191 5355 3459 5428 permise-

1888 5437 2039 5484 runt.
2091 5431 2160 5482 At
2208 5424 2568 5483 consecrandi
2618 5426 2883 5494 unguenti
2937 5424 3281 5495 potestatein
3330 5424 3461 5477 reti—

1888 5514 2076 5575 nuere_.
2106 5508 2179 5575 ut
2200 5500 2381 5575 palam
2399 5506 2585 5575 _es_set,
2605 5513 2712 5575 ﬁlii"
2731 5496 2851 5575 solo
2878 5494 3136 5575 pontiﬁce
3165 5494 3456 5575 perfectio-

1888 5584 2011 5623 nem
2053 5568 2107 5621 in
2151 5563 2338 5622 ﬁdeles
2383 5567 2641 5621 derivari.
2672 5563 2882 5619 Usitata
2912 5564 3114 5619 Graecis
3163 5563 3217 5617 in
3264 5564 3465 5618 contir-

1886 5638 2127 5692 tnatione
2175 5637 2432 5698 formula.
2474 5643 2687 5691 vetusta
2721 5635 2813 5687 illa
2862 5644 3130 5702 estquam
3177 5632 3346 5702 refert
3373 5648 3467 5685 ca-

1887 5722 1997 5761 non
2038 5709 2068 5759 7
2100 5708 2356 5777 secundae
2385 5706 2579 5777 synodi
2615 5725 2627 5759 :
2664 5705 2930 5777 Ecppog‘tc
2961 5700 3172 5775 δωρεᾶς
3212 5700 3469 5777 Πνεῦμα-

1886 5793 1977 5839 τος
2026 5778 2207 5847 ἁγίου,
2240 5773 2588 5848 Signaculum
2622 5773 2764 5831 doni
2788 5773 3021 5842 Spiritus
3045 5773 3250 5830 sancti.
