3950 6304
461 341 599 410 1127
1704 346 1766 406 S.
1801 345 2120 408 JOANNIS
2152 343 2578 404 DAMASCENI
3586 328 3755 394 1123

459 467 544 512 est
574 474 587 509 :
623 454 720 510 Est
767 455 905 511 enim
938 454 1070 525 ﬁdes
1098 470 1164 511 ex
1192 454 1378 510 auditu
1401 455 1471 511 ".
1513 457 1832 528 Scripturas
1868 473 2024 512 nam-
2055 510 2057 516 ,

2167 456 2390 526 τεύομεν
2424 459 2488 527 τῇ
2521 451 2840 524 διδασκαλίᾳ
2875 449 2967 504 τοῦ
3002 448 3159 518 ἁγίου
3191 446 3532 516 Πνεύματος.
3564 446 3751 514 Αὕτη

461 561 567 618 que
594 560 783 602 sacras
811 545 1102 610 audiendo,
1131 545 1374 619 Spiritus
1408 547 1588 602 sancti
1629 547 1895 603 doctrina:
1915 561 2036 602 cre-

2167 549 2197 602 ιὲ
2226 547 2528 602 τελειοῦται
2561 548 2698 600 πᾶσι
2723 548 2834 607 τοῖς
2865 541 3304 613 νομοθετηθεῖσι-δ
3321 539 3427 592 ὑπὸ
3450 539 3552 592 τοῦ
3587 540 3648 592 Χ
3659 557 3756 609 ρες-

461 642 665 697 dimus.
735 639 917 710 Atque
969 641 1086 695 haec
1146 641 1284 697 ﬁdes
1331 655 1428 712 per
1480 641 1670 696 omnia
1704 641 1822 705 illa,
1857 654 2035 710 quaee

2167 639 2294 704 ιτοῦ,
2322 640 2469 710 ἔργῳ
2503 637 2856 699 πιστεύουσα,
2901 633 3224 694 εὐσεϐοῦσα,
3250 632 3344 685 καὶ
3368 632 3465 693 τὰς
3495 630 3754 691 ἐντολὰς

461 729 681 785 Christo
705 738 909 784 statuta
931 738 1080 796 sunt,
1099 730 1384 801 perﬁcitur
1409 749 1432 784 :-
1445 745 1612 801 opere
1632 725 1884 786 videlicet
1913 743 2038 784 cre-

2167 733 2456 802 τράττουσα
2496 730 2605 784 οτοῦ
2672 725 3149 788 άνακαινίσαντος⁴
3181 725 3351 794 ἡμᾶς.
3390 723 3447 774 '0
3480 721 3600 792 γὰρ
3669 723 3758 790 μὴ

461 821 618 887 deus,
649 821 911 890 pietatem
943 821 1156 887 colens,
1187 831 1244 877 et
1271 823 1394 892 ejus
1433 823 1524 891 Qui
1556 837 1660 879 nos
1688 820 2039 884 instauravit,

2167 821 2288 876 ιατά
2319 822 2417 894 τὴν
2449 821 2747 892 παράδοσιν
2785 819 2883 887 τῆς
2927 816 3222 883 καθολικῆς
3263 813 3601 881 Ἐκκλησίας
3659 828 3758 862 πι-

463 912 752 981 praeceptis
779 911 1112 982 obsequens.
1139 909 1277 965 Nam
1303 913 1399 982 qui
1431 911 1736 967 secundum
1771 910 2040 967 Ecclesia:

2167 915 2377 981 ςτεύων,
2408 915 2441 985 ἢ
2477 914 2750 966 κοινωνῶν
2797 911 2886 964 διά
2951 911 3061 964 τῶν
3114 907 3333 963 ἀτόπων
3407 905 3597 976 ἔργων
3667 903 3756 972 τῷ

464 1002 746 1058 catholicae
775 1003 1125 1058 traditionem
1150 1017 1262 1058 non
1298 1003 1493 1068 credit,
1531 1003 1618 1058 vel
1650 1018 1744 1073 per
1771 1002 2042 1071 ﬂagitiosa

465 1105 630 1161 opera
670 1105 796 1145 cum
848 1091 1064 1146 diabolo
1111 1091 1511 1155 communicat,
1543 1091 1632 1144 hic
1662 1087 1902 1143 inﬁdelis
1934 1095 2040 1142 est.

539 1178 699 1234 Fides
733 1179 929 1234 donum
958 1179 1213 1247 Spiritus.
1258 1210 1326 1222 ο
1348 1178 1562 1234 Rursus
1605 1197 1618 1233 :
1645 1177 1805 1232 Fides
1824 1186 1898 1231 est
1925 1191 2044 1245 spe-

467 1269 761 1324 randarum
810 1270 1113 1324 substantia
1161 1287 1356 1335 rerum,
1397 1279 1762 1340 argumentum
1814 1264 2046 1335 nonap-

469 1361 798 1429 parentium,
828 1360 874 1391 ’°
904 1360 988 1415 vel
1019 1366 1102 1416 est
1129 1375 1254 1430 spes
1285 1360 1505 1414 minime
1529 1359 1691 1414 dubia
1743 1374 1844 1413 nec
1874 1357 2047 1410 ambi-

473 1466 600 1522 gua,
663 1467 770 1521 qua
802 1449 1135 1506 conﬁdimus
1170 1450 1308 1517 fore,
1335 1460 1392 1505 ut
1429 1466 1550 1520 quae
1599 1450 1756 1505 nobis
1785 1449 2048 1504 divinitus

472 1543 745 1613 promissa
805 1550 952 1608 sunt,
992 1549 1049 1597 et
1104 1557 1225 1612 quae
1256 1543 1623 1611 postulamus,
1655 1541 2044 1611 adipiscamur.

471 1635 549 1688 Ac
571 1634 721 1704 prior
745 1633 988 1703 quidem,
1016 1640 1224 1689 nostra:
1246 1634 1555 1688 voluntatis
1582 1641 1668 1688 est
1693 1651 1708 1701 ;
1749 1633 1924 1688 altera
1951 1647 2049 1686 au-

473 1733 584 1780 tem
620 1726 762 1779 inter
787 1723 1031 1794 Spiritus
1057 1724 1201 1780 dona
1241 1725 1512 1780 censenda
1539 1733 1643 1780 est.

543 1816 813 1886 Spiritalis
868 1817 1220 1872 circumcisio.
1246 1846 1314 1856 —
1347 1815 1645 1871 Sciendum
1701 1823 1787 1870 est
1838 1822 2044 1880 autem,
2080 1805 2125 1865 Β

474 1912 910 1982 integumentum
933 1924 1096 1965 omne
1119 1910 1262 1980 quod
1292 1924 1320 1962 a
1347 1909 1634 1964 nativitate
1650 1908 2050 1968 contraximus,

475 2007 760 2071 peccatum
803 2000 1035 2064 scilicet,
1074 2015 1170 2070 ρει·
1191 2000 1523 2070 baptismum
1556 1999 1900 2064 circumcidi,
1923 2014 2053 2054 nos—

475 2108 582 2164 que
639 2091 917 2163 spiritales
969 2090 1250 2148 Israelitas
1290 2108 1353 2147 ac
1391 2091 1486 2148 Dei
1515 2091 1775 2163 populum
1805 2090 1944 2148 ﬁeri.

1107 2180 1261 2238 CAP.
1299 2181 1391 2236 XI.

811 2273 890 2330 De
921 2291 1092 2337 cruce,
1125 2275 1214 2327 ubi
1240 2290 1454 2329 rursum
1485 2273 1548 2328 de
1583 2273 1707 2342 ﬁde.

545 2359 739 2417 Rerum
790 2363 907 2432 ipsa
965 2363 1166 2418 creatio
1201 2363 1446 2417 Immanis
1495 2365 1787 2420 rationibus
1817 2381 2053 2434 compre-

477 2453 632 2508 hendi
667 2470 771 2508 non
819 2463 1007 2523 potest.
1074 2453 1236 2508 Fides
1281 2456 1528 2510 universa
1563 2457 1874 2511 necessaria.
1914 2457 2055 2524 Quid

478 2543 631 2612 ﬁdes.
669 2573 740 2584 -—-
777 2543 1002 2600 Verbum
1069 2545 1242 2599 crucis
1301 2545 1640 2614 pereuntibus
1675 2546 1884 2614 quidem
1919 2546 2055 2600 stul-

484 2637 605 2688 titia
637 2645 715 2690 est
747 2653 764 2691 :
795 2637 864 2690 iis
889 2644 1062 2690 autem
1097 2637 1188 2706 qui
1215 2637 1351 2690 salvi
1377 2637 1532 2705 fiunt,
1552 2637 1606 2689 id
1636 2648 1712 2692 est
1739 2639 1916 2702 nobis,
1953 2639 2052 2694 Dei

480 2726 649 2780 virtus
679 2723 834 2779 est".
862 2722 996 2778 Nam
1028 2726 1326 2794 spiritualis
1359 2726 1570 2797 quidem
1589 2729 1802 2797 judicat
1831 2731 2008 2784 omnia
2036 2748 2055 2786 :

481 2815 730 2870 animalis
758 2823 933 2868 autem
955 2813 1107 2868 homo
1127 2832 1226 2869 non
1251 2818 1472 2885 percipit
1496 2833 1559 2871 ea
1580 2834 1696 2887 quia
1721 2819 1816 2873 Dei
1845 2829 1968 2874 sunt
1987 2823 2053 2876 ".

483 2907 728 2961 Stultitia
757 2907 906 2960 enim
942 2905 1052 2961 illis
1083 2915 1190 2969 est,
1219 2907 1312 2975 qui
1345 2922 1408 2962 ea
1457 2909 1792 2978 suscipiunt,
1821 2928 1924 2968 nec
1963 2912 2056 2969 Dei

481 2997 777 3052 bonitatem
800 3004 853 3051 et
868 2996 1316 3066 omnipotentiam
1338 2997 1717 3066 considerant;
1741 3016 1928 3056 verum
1969 3018 2059 3058 res

479 3088 694 3144 divinas
724 3088 976 3142 humanis
999 3087 1451 3158 naturalibusque
1491 3090 1799 3148 rationibus
1835 3092 2059 3150 iuves-ti-

483 3186 636 3249 gant.
651 3176 866 3231 Etenim
889 3192 1013 3247 qua:
1041 3176 1134 3233 Dei
1162 3187 1312 3242 sunt,
1333 3188 1584 3235 naturam
1602 3187 1654 3236 ει
1669 3181 1986 3239 Sermonem
2007 3194 2062 3240 et

483 3267 863 3339 cogitationem
915 3277 1202 3339 superant.
1238 3267 1372 3324 Nam
1406 3270 1452 3326 si
1487 3271 1610 3341 quis
1672 3273 1858 3329 animo
1881 3275 2063 3330 volvat

485 3375 726 3430 quonam
781 3370 963 3431 pacto,
997 3368 1052 3416 et
1089 3375 1190 3416 cur
1228 3360 1372 3418 Deus
1411 3364 1594 3418 omnia
1629 3379 1694 3420 ex
1737 3366 1910 3422 nihilo
1937 3383 2064 3438 pro-

484 3451 738 3516 duxerit,
813 3453 1274 3524 naturalibusque
1338 3455 1649 3513 rationibus
1721 3458 1777 3513 id
1841 3459 2061 3531 assequi

483 3543 800 3607 contendat,
819 3560 1163 3616 nequaquam
1202 3547 1306 3602 hoc
1327 3550 1770 3620 comprehendet.
1794 3553 2062 3610 Animalis

483 3636 630 3689 enim
661 3644 717 3690 et
745 3635 1015 3691 diabolica
1045 3645 1130 3694 est
1153 3639 1471 3710 hujusmodi
1496 3644 1749 3698 scientia.
1791 3643 1896 3710 Qui
1927 3661 2057 3701 vero

486 3725 590 3779 Iide
617 3725 785 3779 veluti
813 3739 976 3780 manu
1007 3727 1228 3795 ductus,
1257 3728 1428 3786 Deum
1467 3732 1695 3799 bonum,
1729 3741 1784 3788 et
1811 3736 2062 3806 omnipo-

485 3822 710 3882 tentem,
746 3823 800 3870 et
841 3833 1054 3884 verum,
1090 3826 1144 3872 et
1170 3821 1494 3889 sapientem,
1523 3823 1799 3894 etjustum
1835 3829 2058 3899 cogitat,

487 3904 669 3959 omnia
709 3905 872 3976 plana
917 3917 970 3963 et
999 3910 1314 3979 mquabilia,
1368 3913 1630 3985 viamque
1662 3926 1867 3972 rectam
1910 3919 2062 3976 inve-

489 3998 620 4052 niet.
646 3997 781 4053 Nam
819 3998 934 4056 ﬁeri
973 4017 1080 4056 non
1105 4014 1284 4074 potest
1311 4014 1372 4062 ut
1408 4008 1532 4078 quis
1563 4009 1683 4064 sine
1705 4011 1808 4067 ﬁde
1827 4013 2058 4069 salutem

486 4091 944 4159 consequatur".
980 4090 1113 4149 Fide
1139 4095 1408 4165 siquidem
1438 4106 1553 4153 tum
1582 4098 1823 4155 humana
1853 4102 2060 4166 omnia,

489 4191 602 4233 tum
673 4181 982 4250 spiritualia
1031 4195 1308 4242 constant.
1345 4187 1530 4259 Neque
1575 4191 1720 4246 enim
1752 4193 1990 4262 agricola
2014 4193 2062 4224 “

489 4270 606 4326 sine
661 4270 767 4326 ﬁde
805 4287 994 4327 arvum
1039 4276 1362 4344 proscindit,
1403 4293 1507 4334 nec
1549 4289 1823 4336 mercator
1855 4283 2054 4353 exiguo

489 4358 636 4428 ligno
669 4369 860 4416 vectus
890 4361 1129 4416 animam
1153 4380 1310 4420 suam
1335 4365 1654 4423 furentibus
1699 4371 1866 4428 maris
1899 4372 2061 4428 undis

2146 1007 2399 1074 διαϐόλῳ,
2432 1003 2660 1067 ἄπιστός
2683 1003 2854 1057 ἐστιν.

2224 1162 2398 1234 Ἔστι
2424 1177 2482 1232 δὲ
2506 1175 2669 1230 πάλιν
2713 1175 2918 1240 πίστις
2938 1170 3339 1242 ἐλπιζομένων
3356 1169 3749 1233 ὑπόστασις,

2150 1269 2506 1342 πραγμάτων
2529 1267 2782 1336 ἐλεγχος
2808 1266 2881 1319 οὐ
2913 1261 3329 1331 βλεπομένων,
3352 1260 3750 1331 ἢὰδίστακτος

2152 1362 2247 1415 καὶ
2277 1359 2589 1429 ἀδιάκριτος
2619 1356 2776 1419 ἐλπὶς
2817 1354 2926 1408 τῶν
2969 1371 3030 1406 τε
3083 1352 3188 1406 ὑπὸ
3218 1351 3354 1406 Θεοῦ
3385 1353 3522 1422 ἡμῖν
3555 1351 3742 1422 ἐπηγ-

2151 1451 2454 1522 γελμένων,
2493 1448 2590 1502 καὶ
2619 1447 2720 1518 τῆς
2750 1444 2860 1498 τῶν
2911 1445 3182 1515 αἰτήσεων
3223 1443 3384 1514 ἡμῶν
3413 1443 3741 1511 ὲπιτυχίας.

2164 1543 2228 1596 Ἢ
2256 1542 2353 1612 μὲν
2375 1534 2469 1594 οῦν
2497 1536 2717 1609 πρώτη,
2746 1539 2848 1608 τῆς
2883 1534 3156 1607 ἡμετέρας
3185 1532 3415 1604 γνώμης
3450 1533 3601 1602 ἐστὶ,
3619 1535 3658 1602 ἡ
3687 1532 3745 1585 δὲ

2153 1631 2404 1706 δευτέρα,
2434 1630 2546 1686 τῶν
2583 1627 2941 1702 χαρισμάτων
2963 1627 3058 1681 τοῦ
3088 1626 3430 1698 Πνεύματος.

2231 1808 2432 1862 Ἰστέον
2454 1807 2512 1861 δὲ
2544 1808 2628 1862 ὅτι
2655 1805 2742 1860 διὰ
2760 1805 2853 1859 τοῦ
2880 1805 3258 1876 βαπτίσματος
3282 1803 3742 1876 περιτεμνόμεθα

2155 1905 2299 1959 ἅπαν
2321 1903 2380 1957 τὸ
2413 1902 2522 1956 ἀπὸ
2547 1903 2814 1971 γενέσεως
2843 1901 3127 1972 κάλυμμα,
3145 1901 3265 1972 ἦτοι
3292 1901 3390 1972 τὴν
3429 1902 3741 1970 ἁμαρτίαν,

2155 1995 2250 2049 καὶ
2291 1994 2626 2066 Ἰσραηλῖται
2651 1992 3036 2064 πνευματικοὶ,
3075 1994 3170 2047 καὶ
3201 1992 3338 2047 Θεοῦ
3359 1991 3488 2056 λαὸς
3513 2009 3628 2064 χρη
3637 2010 3744 2063 μα-

2149 2085 2396 2158 τίζομεν.

2650 2177 2902 2232 non.
2940 2178 3027 2231 IA'
3061 2176 3234 2250 [ua].

2263 2271 2402 2340 Περὶ
2421 2270 2712 2340 σταυροῦ,
2751 2271 2821 2324 ἐν
2856 2265 2905 2339 ᾧ
2935 2271 3020 2325 ἔτι
3043 2270 3144 2324 καί
3180 2269 3311 2338 περὶ
3339 2268 3630 2334 πίστεως.

2237 2361 2301 2416 '0
2326 2363 2510 2432 λόγος
2537 2365 2570 2416 ὁ
2590 2361 2695 2414 τοῦ
2723 2361 3011 2430 σταυροῦ,
3051 2360 3176 2426 τοῖς
3208 2359 3324 2430 μὲν
3367 2358 3744 2426 ἀπολλυμέ-

2154 2470 2284 2520 νοις
2309 2453 2500 2523 μωρία
2527 2451 2678 2517 ἐστι,
2703 2451 2828 2519 τοῖς
2854 2451 2922 2506 δὲ
2953 2451 3312 2521 σωζομένοις
3345 2451 3512 2520 ἡμῖν,
3550 2451 3742 2505 δύνα-

2150 2565 2253 2616 μις
2279 2545 2427 2600 Θεοῦ
2477 2546 2666 2599 ἐστιν.
2709 2544 2772 2598 '0
2809 2544 2924 2614 μὲν
2953 2543 3059 2615 γὰρ
3109 2543 3506 2613 πνευματικὸς
3534 2543 3743 2596 πάντα

2155 2637 2487 2706 ἀνακρίνει,
2516 2635 2781 2706 ψυχικὸς
2818 2634 2888 2688 δὲ
2942 2633 3254 2704 ἄνθρωπος
3285 2635 3357 2688 οὐ
3393 2632 3642 2702 δέχεται
3667 2633 3742 2687 τὰ

2155 2731 2264 2785 τοῦ
2322 2731 2688 2800 Πνεύματος.
2758 2727 2956 2798 Μωρία
3010 2728 3118 2799 γάρ
3147 2729 3263 2780 ἐστι
3295 2728 3408 2789 τοῖς
3443 2724 3517 2795 μὴ
3550 2725 3739 2778 πίστει

2156 2823 2494 2895 δεχομένοις,
2543 2825 2638 2878 καὶ
2689 2822 2752 2876 τὸ
2807 2806 3010 2891 ἀγαθὸν
3043 2821 3135 2875 καὶ
3179 2821 3594 2890 παντοδῦναμον
3640 2821 3737 2874 τοῦ

2158 2915 2294 2968 Θεοῦ
2337 2914 2730 2984 λογιζομένοις,
2796 2914 2910 2968 ἀλλ’
2945 2913 3308 2984 ἀνθρωπίνοις
3353 2913 3448 2965 καὶ
3477 2914 3737 2978 φυσικοῖς

2157 3008 2437 3078 λογισμοῖς
2471 3005 2795 3078 ἐξερευνῶσι
2843 3016 2872 3058 P
2913 3007 2982 3060 τὰ
3016 3006 3168 3059 θεῖα*
3203 3005 3381 3059 πάντα
3403 3004 3514 3074 γὰρ
3537 3005 3613 3057 τὰ
3639 3004 3737 3056 τοῦ

2162 3096 2296 3151 Θεοῦ
2322 3097 2462 3168 ὑπὲρ
2497 3097 2660 3166 φύσιν
2693 3097 2822 3161 εἰσὶ,
2874 3100 2970 3152 καὶ
3006 3096 3184 3164 λόγον,
3232 3095 3331 3150 καὶ
3380 3094 3616 3149 ἔννοιαν.
3677 3095 3739 3147 ΕΞ

2163 3188 2272 3258 γάρ
2303 3205 2388 3251 τις
2413 3187 2699 3258 λογίσηται
2730 3188 2879 3250 ὅπως
2911 3189 2975 3240 ὲκ
2996 3186 3087 3240 τοῦ
3109 3187 3184 3256 μὴ
3201 3187 3356 3250 ὄντος
3378 3186 3458 3248 είς
3486 3185 3551 3238 τὸ
3572 3182 3736 3250 εἶναι,

2161 3281 2307 3344 τίνος
2363 3297 2424 3334 τε
2453 3279 2642 3334 ἕνεκεν
2675 3280 2996 3350 παρήγαγεν
3041 3278 3070 3330 ὁ
3110 3277 3244 3339 Θεὸς
3305 3276 3373 3330 τὰ
3406 3276 3611 3339 πάντα,
3644 3279 3738 3329 καὶ

2163 3373 2412 3441 φυσικοῖς
2433 3371 2716 3442 λογισμοῖς
2771 3371 2974 3440 φθάσαι
3019 3369 3309 3440 ἐϐουλήθη,
3347 3369 3409 3422 οὐ
3446 3367 3736 3438 καταλαμ-

2163 3464 2335 3519 ϐάνει.
2365 3463 2588 3534 Ψυχικὴ
2620 3465 2727 3535 γάρ
2761 3465 2908 3517 ἐστιν
2935 3465 2968 3533 ἡ
3000 3461 3203 3532 γνῶσις
3233 3462 3373 3530 αῦτη
3401 3461 3496 3513 καὶ
3541 3459 3735 3529 δαιμο-

2163 3551 2379 3622 νιώδης.
2414 3553 2476 3605 Εί
2498 3552 2554 3605 δέ
2584 3568 2669 3615 τις
2703 3551 2886 3605 πίστει
2930 3553 3468 3622 χειραγωγούμενος,
3501 3549 3733 3618 ἀγαθὸν.

2163 3645 2259 3699 καὶ
2287 3644 2721 3714 παντοδύναμον,
2771 3645 2869 3697 καὶ
2910 3643 3129 3712 ἀληθὲς,
3159 3642 3256 3696 καὶ
3300 3643 3483 3710 σοφὸν,
3533 3642 3632 3694 καὶ
3663 3641 3738 3693 δί-

2163 3753 2318 3790 καιον
2358 3734 2418 3788 τὸ
2448 3734 2603 3787 Θεῖον
2653 3732 2963 3804 λογίσηται,
3001 3733 3224 3804 εὑρήσει
3276 3734 3454 3786 πάντα
3485 3732 3609 3784 λεῖα
3643 3731 3736 3783 καὶ

2163 3828 2366 3900 ὁμαλὰ,
2391 3829 2488 3882 καὶ
2533 3826 2652 3881 ὁδὸν
2696 3825 2931 3880 εὐθεῖαν.
2975 3824 3166 3887 Ἐκτὸς
3195 3824 3304 3894 γὰρ
3344 3821 3583 3885 πίστεως
3611 3822 3736 3874 ἁδὺ-

2163 3938 2322 3978 νατον
2376 3919 2614 3990 σωθῆναι
2639 3935 2651 3947 ·
2712 3917 2892 3971 πίστει
2944 3915 3054 3987 γὰρ
3095 3915 3297 3981 πάντα,
3330 3913 3401 3968 τά
3429 3929 3491 3966 τε
3523 3910 3736 3983 ἀνθρώ-ι

2163 4032 2316 4079 πινα,
2373 4013 2444 4068 τά
2485 4029 2546 4065 τε
2589 4009 2937 4080 πνευματικὰ
3013 4009 3380 4064 συνίστανται.
3439 4006 3578 4060 Οὔτε
3632 4006 3736 4076 γὰρ

2162 4104 2408 4178 γεωργὸς
2460 4104 2616 4167 ἐκτὸς
2666 4104 2901 4167 πίστεως
2954 4102 3146 4173 τέμνει
3194 4099 3301 4170 γῆς
3350 4099 3605 4152 αὔλακα·
3633 4099 3732 4152 οὐκ

2164 4191 2403 4264 ἔμπορος
2439 4191 2620 4263 μικρῷ
2668 4189 2808 4263 ξύλῳ
2858 4191 2958 4263 τὴν
3013 4190 3208 4244 ἑαυτοῦ
3271 4189 3451 4259 ψυχὴν
3497 4186 3576 4259 τῷ
3609 4206 3732 4259 μαι-

2164 4283 2376 4353 νομένῳ
2394 4283 2496 4352 τῆς
2525 4282 2802 4352 θαλάσσης
2829 4281 3059 4349 πελάγει
3096 4279 3466 4351 παραδίδωσιν
3486 4295 3499 4308 ο
3532 4279 3594 4330 οὐ
3633 4279 3732 4345 γάρ

2157 4391 2258 4458 ’μοι
2289 4373 2658 4438 συνίστανται,
2687 4373 2788 4425 οὐκ
2823 4372 2956 4427 άλλο
2977 4388 3033 4424 τι
3062 4371 3172 4424 τῶν
3206 4371 3264 4423 ὲν
3291 4369 3368 4439 τῷ
3393 4368 3514 4439 βίῳ.
3545 4369 3733 4421 Πίστει

487 4449 804 4516 committit,
844 4465 947 4506 nec
982 4453 1330 4510 matrimonia
1360 4458 1789 4526 contrahuntur,
1829 4477 1933 4518 nec
1969 4464 2057 4519 de-

2167 4464 2395 4535 νοοῦμεν
2424 4466 2488 4518 ἐκ
2510 4462 2604 4518 τοῦ
2675 4463 2752 4536 μὴ
2787 4463 2943 4527 ὄντος
2991 4465 3072 4526 είς
3096 4462 3158 4515 τδ
3207 4455 3437 4514 εἶναιτὰ
3467 4459 3646 4514 πάντα
3667 4464 3731 4531 τῇ

488 4538 653 4608 niquc
674 4540 822 4594 aliud
858 4543 1156 4614 quidquam
1197 4561 1387 4622 eorum
1431 4565 1555 4620 quae
1581 4551 1693 4606 vita
1725 4553 1851 4618 fert,
1885 4556 2064 4611 susci-

491 4628 656 4697 pitur.
707 4627 839 4686 Fide
892 4633 1252 4708 intelligimus
1313 4638 1409 4696 Dei
1470 4643 1722 4712 potentia
1763 4653 1962 4701 cuncta
1993 4662 2062 4703 ex

489 4718 662 4773 nihilo
711 4722 976 4790 producta
1041 4742 1187 4784 esse.
1215 4727 1348 4786 Fide
1382 4732 1566 4787 omnia
1615 4741 1765 4790 recte
1791 4737 2061 4806 gerimus,

489 4815 605 4862 tum
635 4811 892 4880 humana,
928 4823 1041 4871 tum
1070 4817 1274 4874 divina.
1300 4821 1462 4878 Fides
1487 4838 1650 4892 porro
1678 4833 1761 4881 est
1789 4841 2051 4883 assensus

489 4901 638 4954 omni
665 4905 882 4959 curiosa
909 4906 1264 4976 inquisitione
1285 4927 1488 4970 vacans
1511 4916 1582 4968 ⁸⁵.

560 4991 762 5049 Christi
791 5013 966 5050 rerum
989 5000 1137 5054 nulla
1162 5004 1461 5060 mirabilior
1485 5008 1822 5082 cruce._Ejus
1856 5011 2054 5082 beneﬁ-

489 5084 1018 5157 cia.—Quanquam
1055 5101 1238 5149 autem
1264 5098 1444 5153 omnis
1482 5079 1687 5156 Christi
1711 5102 1858 5156 actio
1886 5111 1941 5157 ει
1962 5079 2062 5156 mi-

492 5179 808 5234 raculorum
833 5181 1022 5246 editio,
1046 5187 1330 5256 praeclara,
1362 5190 1545 5246 divina
1563 5207 1623 5247 ac
1647 5193 1915 5250 mirabilis
1937 5205 2056 5250 est:

491 5267 628 5322 nihil
655 5277 835 5327 tamen
873 5281 961 5330 est
996 5289 1061 5329 ex
1101 5279 1357 5335 omnibus
1387 5281 1533 5350 quod
1584 5282 1946 5340 admiratione
1977 5286 2058 5340 di-

561 5433 610 5510 °’_
643 5432 800 5488 Rom.
831 5433 920 5510 2t).
963 5436 1050 5510 l7.
1074 5439 1144 5510 __'°
1179 5437 1342 5510 Hebr.
1377 5455 1454 5505 XI,
1493 5442 1542 5497 l.
1626 5445 1669 5477 ⁹¹
1706 5443 1880 5501 lCor.
1916 5463 1953 5510 ι,
1981 5445 2069 5502 25.

494 5503 790 5572 psal.cxv.
866 5507 914 5538 ’⁸
961 5505 1130 5562 Basil.
1207 5509 1304 5563 cit.
1386 5503 1494 5566 loc.

2164 4556 2258 4610 τοῦ
2288 4556 2424 4610 Θεοῦ
2454 4557 2682 4627 δυνάμει
2746 4553 3027 4627 παρῆχθαι
3053 4570 3068 4584 ⁸
3103 4554 3283 4608 πάντα
3317 4553 3388 4608 τά
3406 4572 3467 4607 τε
3493 4553 3614 4607 θεῖα
3643 4555 3734 4606 καὶ

2163 4647 2234 4702 τά
2263 4647 2582 4719 ἀνθρώπινα
2607 4646 2788 4700 πίστει
2831 4645 3231 4718 κατορθοῦμεν.
3275 4646 3467 4709 Πίστις
3502 4645 3559 4699 δέ.
3591 4647 3732 4699 ἐστιν

2165 4739 2733 4811 άπολυπραγμόνητος
2765 4738 3185 4808 συγκατάθεσις.

2231 5005 2390 5058 Πᾶσα
2447 5003 2544 5073 μὲν
2605 4997 2698 5055 οὖν
2769 5001 2966 5072 πρᾶξις
3023 5001 3117 5056 καὶ
3157 5000 3570 5073 θαυματουργία
3631 5002 3721 5054 τοῦ

2167 5095 2404 5168 Χριστοῦ
2452 5093 2706 5165 μεγίστη,
2765 5097 2861 5148 καὶ
2907 5094 3048 5159 θεία,
3095 5094 3192 5148 καὶ
3236 5094 3561 5164 θαυμαστή·
3603 5093 3731 5146 ἀλλᾶ

2167 5191 2384 5244 πάντων
2408 5189 2528 5242 ἐστὶ
2559 5187 3002 5258 θαυμαστότερον
3030 5186 3254 5257 ὁτίμιος
3284 5187 3446 5240 αὑτοῦ
3483 5187 3727 5258 σταυρὸς.

2161 5283 2240 5336 Δι’
2275 5281 2486 5344 οὐδενὸς
2513 5281 2624 5353 γὰρ
2657 5281 2845 5352 ἑτέρου
2876 5281 2904 5332 ὁ
2929 5279 3156 5342 θάνατος
3187 5280 3551 5350 κατήργηται,
3585 5281 3619 5348 ἡ
3645 5277 3730 5332 τοῦ

2178 5445 2434 5501 "lCor.
2479 5463 2541 5512 tt,
2576 5445 2664 5501 15.
2755 5444 2801 5478 ⁸³
2854 5443 3016 5497 ilehr.
3067 5459 3140 5510 xt,
3194 5446 3246 5498 6.
3369 5444 3416 5476 "
3481 5443 3641 5498 Basil.
3676 5446 3724 5498 in

1774 5600 2007 5658 VARUE
2041 5596 2443 5658 LECTIONES.

548 5711 580 5756 ρ
613 5697 786 5756 Codd.
822 5702 934 5760 lere
955 5720 1146 5762 omnes
1175 5707 1461 5776 ἐρευνῶσι.
