3950 6304
200 423 228 484 1
249 424 365 488 121
1298 431 1393 492 DE
1415 431 1590 492 FIDE
1620 429 1818 491 ORTH

1921 431 2084 492 ῸΧΑ
2122 431 2269 492 LIB.
2297 432 2374 494 IV
3380 430 3516 496 1122

198 544 378 616 ’ὕδωρ
424 543 525 615 μὲν
573 547 652 609 είς
704 547 1072 620 ἀναγέννησιν
1120 548 1218 602 καὶ
1272 548 1562 604 ὲπίκλυσιν
1610 549 1709 619 τῆς
1763 565 1818 601 τε

1925 551 2329 623 consequendae
2353 564 2519 605 causa
2552 564 2653 608 nos
2675 548 2819 607 Deus
2842 548 3166 606 condiderat
3197 549 3277 618 ⁶⁰;
3308 550 3513 607 violato

197 636 512 706 ἁμαρτίας
565 638 660 691 καὶ
714 641 815 710 τῆς
869 640 1111 712 φθορᾶς*
1157 636 1297 711 αἷμα
1338 640 1417 706 δὲ,
1453 641 1615 693 πότον
1667 640 1817 711 ζωῆς

1925 650 2107 699 autem
2133 643 2254 713 ejus
2282 650 2575 712 praecepto,
2608 642 2801 698 mortis
2834 643 2975 707 labe,
3015 658 3080 697 ne
3112 650 3434 712 perpetuum
3459 654 3515 699 et

198 727 405 780 ἀϊδίου
438 727 719 798 πρόξενον.
768 730 1019 795 Ἐντολὰς
1048 732 1105 785 δὲ
1142 734 1275 803 ἡμῖν
1303 732 1502 786 δέδωκε
1531 731 1597 784 δι’
1630 730 1818 794 ὕδατος

1925 733 2240 789 immortale
2268 733 2473 787 malum
2509 743 2678 796 esset,
2707 748 2807 789 nos
2842 735 2970 788 item
3019 733 3386 800 multaverat;
3432 736 3513 789 id-

200 820 638 887 ἁναγεννᾶσθαι
661 823 756 875 καὶ
785 822 1125 893 Πνεύματος,
1154 824 1221 876 δι’
1252 823 1547 888 ἐντεύξεως
1580 823 1676 877 καὶ
1701 823 1818 876 ἐπι-

1923 824 2075 880 circo
2121 839 2219 894 pro
2259 838 2358 879 sua
2410 823 2751 892 indulgentia
2802 839 2923 879 sese
2952 824 3148 889 {servis
3194 825 3510 889 inclinans,

204 911 505 981 κλήσεως,
540 912 620 982 τῷ
657 913 811 967 ὕδατι
863 915 1251 984 ὲπιφοιτῶντος
1306 915 1400 969 τοῦ
1435 915 1596 984 ἁγίου
1647 914 1818 969 Πνεύ-

1922 915 2205 985 nostrique
2242 913 2443 971 similis
2471 913 2719 977 eﬂ'ectus,
2754 914 3021 982 passione
3054 929 3153 969 sua
3193 930 3294 969 nos
3328 931 3357 967 a
3390 930 3513 968 cor—

206 1020 429 1073 ματος.
480 1003 702 1077 Ἐπειδὴ
727 1006 836 1077 γὰρ
877 1006 1099 1071 διπλοῦς
1126 1009 1154 1061 ὁ
1182 1006 1491 1078 ἄνθρωπος,
1523 1007 1587 1059 ὲκ
1639 1005 1818 1077 ψυχῆς

1922 1006 2178 1076 ruptione
2212 1005 2537 1067 vindicavit,
2589 1011 2643 1058 et
2678 1018 2747 1057 ex
2799 1012 2995 1059 saneto
3048 1013 3101 1059 et
3160 1007 3513 1059 immaculato

203 1109 281 1145 τε
314 1093 418 1146 καὶ
458 1092 736 1163 σώματος,
759 1096 956 1166 διπλῆν
1000 1097 1133 1169 ἡμῖν
1164 1096 1333 1152 ἔδωκε
1361 1096 1460 1149 καὶ⁵
1491 1094 1589 1167 τὴν
1612 1094 1818 1167 κάθαρ-

1923 1111 2027 1152 suo
2065 1097 2238 1153 latere
2284 1097 2456 1151 venite
2505 1095 2713 1151 fontem
2762 1094 2925 1149 nobis
2962 1096 3145 1149 emisit
3181 1096 3223 1127 ⁶¹
3260 1115 3272 1149 :
3310 1112 3509 1164 aquam

208 1201 337 1248 σιν,
388 1184 456 1237 δι’
491 1184 685 1250 ὕδατός
736 1203 797 1239 τε
829 1188 938 1253 ζκαὶ
988 1186 1308 1258 Πνεύματος
1333 1202 1346 1217 ·
1371 1184 1467 1239 τοῦ
1520 1185 1620 1256 μὲν
1642 1185 1815 1238 Πνεῦ-

1926 1190 2135 1245 scilicet
2164 1188 2229 1242 ad
2262 1187 2767 1258 regenerationem,
2807 1201 3025 1241 necnon
3058 1187 3268 1254 peccati
3304 1196 3356 1240 et
3388 1203 3512 1239 cor-

212 1291 426 1343 ματος,
463 1276 527 1329 τὸ
569 1278 689 1330 κατ’
732 1277 918 1331 είκόνα
971 1279 1067 1332 καὶ
1109 1277 1233 1334 καθ’
1279 1278 1539 1349 ὁμοίωσιν
1575 1278 1634 1329 ὲν
1685 1279 1816 1347 ἡμῖν

1927 1281 2156 1351 ruptelte
2202 1280 2634 1340 abstersionem;
2672 1278 3000 1349 sanguinem
3034 1292 3163 1331 vero
3216 1279 3267 1329 in
3322 1286 3508 1344 potum

214 1366 702 1431 ἁνακαινίζοντος,
736 1367 831 1421 τοῦ
852 1368 910 1422 δὲ
942 1368 1155 1435 ὓδατος,
1186 1370 1275 1424 διὰ
1306 1370 1408 1440 τῆς
1435 1368 1527 1422 τοῦ
1567 1367 1818 1438 Πνεῦμα-

1929 1373 2021 1441 qui
2065 1372 2232 1426 vitam
2263 1380 2522 1426 mternam
2570 1378 2913 1439 procuraret.
2951 1368 3097 1435 Quin
3143 1369 3246 1423 hoc
3289 1384 3509 1438 quoque

212 1473 322 1520 ’τος
352 1457 577 1527 χάριτος
612 1458 970 1530 καθαίροντος
993 1460 1055 1514 τὸ
1086 1460 1247 1532 σῶμα
1266 1460 1368 1531 τῆς
1395 1459 1693 1532 ἁμαρτίας,
1719 1460 1815 1513 καὶ

1925 1463 2209 1517 mandavit
2243 1464 2423 1525 nobis,
2461 1470 2521 1515 ut
2581 1477 2676 1531 per
2722 1476 2923 1531 aquam
2954 1468 3009 1515 et
3049 1460 3315 1529 Spiritum
3360 1474 3508 1526 rege-

209 1548 324 1619 τῆς
382 1549 591 1620 φθορᾶς
619 1550 1060 1614 ἁπαλλάττοντος
1084 1593 1100 1619 ,
1126 1552 1222 1605 καὶ
1272 1551 1372 1622 τὴν
1424 1550 1520 1605 τοῦ
1573 1550 1808 1604 Θανάτου

1921 1569 2248 1609 neraremur
2276 1555 2345 1618 “,
2377 1552 2587 1623 Spiritu
2619 1562 2811 1607 sancto
2842 1552 2910 1607 ad
2943 1567 3142 1622 aquam
3192 1550 3507 1611 accedente,

212 1637 417 1691 εἰκόνα
466 1639 867 1711 ὲκπληροῢντος
897 1640 992 1694 τοῦ
1028 1640 1242 1709 ὓδατος,
1283 1640 1376 1695 τὸν
1413 1641 1470 1696 δὲ
1508 1641 1609 1713 τῆς
1657 1641 1805 1713 ζωῆς

1921 1660 2020 1715 per
2054 1645 2282 1700 verbum
2317 1651 2371 1699 ct
2406 1643 2713 1698 orationem
2756 1644 2823 1696 ⁸³.
2874 1642 3008 1695 Nam
3045 1642 3305 1711 quoniam
3347 1641 3510 1692 homo

214 1729 531 1802 ἀρραϐῶνα
555 1734 932 1805 παρεχομένου
968 1733 1062 1787 τοῦ
1092 1733 1434 1805 Πνεύματος.

1921 1734 2126 1805 duplici
2156 1741 2353 1788 natura
2380 1741 2621 1799 constat,
2662 1734 2844 1787 anima
2886 1734 3099 1787 scilicet
3150 1739 3207 1786 et
3253 1746 3507 1801 corpore,

216 1823 504 1892 duplicem
567 1824 800 1893 proinde
850 1826 1012 1883 nobis
1072 1826 1452 1898 purgationem
1493 1825 1663 1892 dedit,
1717 1841 1815 1898 per
1847 1840 2045 1897 aquam
2081 1826 2342 1881 nimirum
2379 1832 2433 1882 et
2467 1825 2786 1895 Spiritum:
2865 1825 2947 1879 sic
3023 1838 3215 1892 nempe
3263 1830 3321 1876 ut
3381 1820 3507 1890 Spi-

221 1916 370 1973 ritus
403 1916 601 1974 divinae
622 1918 878 1989 imaginis
906 1918 1394 1990 similitudinisque
1422 1921 1591 1977 decus
1624 1919 1682 1975 in
1712 1920 1873 1977 nobis
1922 1904 2277 1987 instauraret,
2327 1934 2469 1991 aqua
2522 1934 2651 1975 vero
2714 1934 2811 1989 per
2877 1916 3115 1987 Spiritus
3177 1918 3409 1986 gratiam
3475 1939 3513 1978 δ

218 2019 455 2079 peccato
475 2024 680 2081 corpus
704 2009 1274 2081 mundaret,atquea
1334 2014 1693 2085 corruptione
1750 2013 1981 2070 liberum
2037 2013 2312 2079 redderet,
2402 2025 2545 2082 aqua
2603 2010 2824 2083 quidem
2876 2010 3071 2066 mortis
3152 2008 3506 2063 simulacrum

212 2098 586 2167 exprimente,
612 2097 817 2167 Spiritu
852 2106 1032 2153 autem
1058 2098 1185 2153 vita;
1220 2099 1422 2179 pignus
1454 2111 1509 2157 et
1542 2102 1905 2158 arrhabonem
1936 2102 2221 2173 largiente.

312 2191 435 2244 Ἀπ’
458 2192 635 2262 ἀρχῆς
653 2191 760 2263 γὰρ
787 2191 1032 2260 Πνεῦμα
1050 2192 1199 2247 Θεοῦ
1219 2192 1344 2260 τοῖς
1364 2194 1586 2250 ὕδασιν
1603 2196 1816 2266 ἐπεφέ-

1988 2196 2154 2267 Aqua:
2182 2196 2257 2251 vis
2303 2194 2639 2267 purgatoria.
2669 2226 2737 2237 —-
2769 2193 2979 2250 Etenim
3012 2208 3041 2248 a
3078 2192 3353 2264 principio
3387 2191 3509 2261 Spi-

206 2300 364 2353 ρετο
386 2298 401 2313 ο
428 2284 523 2335 καὶ
549 2283 757 2337 ἄνωθεν
789 2283 823 2352 ή
871 2282 912 2333 Γ
916 2283 1065 2355 ραφὴ
1113 2288 1385 2356 μαρτυρεί
1436 2286 1516 2357 τῷ
1543 2288 1718 2354 ὕδατι,
1743 2288 1818 2353 ὥς

1924 2288 2060 2342 ritus
2113 2288 2330 2341 Domini
2378 2286 2648 2356 ferebatur
2703 2303 2859 2355 super
2910 2303 3077 2356 aquas
3126 2286 3215 2338 ’δε
3273 2287 3404 2355 quin
3452 2293 3507 2338 et

219 2378 348 2428 ἐστι
397 2373 788 2445 καθαρτήριον.
830 2376 955 2430 Ἐπὶ¹
984 2376 1112 2430 Νῶε
1136 2376 1205 2429 δι’
1235 2376 1430 2442 ὓδατος
1463 2380 1493 2432 ό
1539 2379 1674 2444 Θεὸς
1718 2381 1818 2451 τὴν

1925 2379 2197 2435 lustrandi
2252 2380 2454 2434 virtute
2484 2379 2763 2447 praeditam
2806 2394 2929 2434 esse
2980 2392 3175 2447 aquam
3216 2376 3507 2446 Scriptura

219 2464 500 2536 κοσμικὴν
528 2466 804 2537 ἁμαρτίαν
823 2466 1150 2521 κατέκλυσε.
1172 2470 1249 2521 Δι’
1284 2468 1477 2533 ὓδατος
1524 2472 1636 2535 πᾶς
1678 2471 1819 2525 ἀκά-

222 2557 429 2628 Θαρτος
458 2556 601 2612 κατὰ
622 2557 713 2611 τὸν
750 2557 915 2628 νόμον
952 2558 1277 2631 καθαίρεται
1301 2562 1347 2628 i,
1376 2561 1473 2614 καὶ
1502 2561 1683 2615 αὐτῶν
1710 2563 1821 2617 τῶν

226 2649 464 2719 ἱματίων
500 2649 851 2720 πλυνομένων
902 2650 980 2721 τῷ
1032 2650 1212 2717 ὕδατι,
1250 2652 1452 2718 ἔδειξεν
1499 2653 1685 2718 Ἠλίας
1721 2655 1821 2727 τὴν

226 2742 390 2811 χάριν
417 2740 510 2795 τοῦ
528 2741 667 2796 Πνεὺ
676 2759 848 2812 ματος
873 2744 1344 2815 συμμεμιγμένην
1366 2744 1444 2814 τῷ
1463 2744 1641 2811 ὕδατι,
1660 2744 1816 2800 ὕδατι

232 2832 435 2902 φλέξας
463 2834 564 2906 τὴν
613 2834 1001 2891 ὁλοκαύτωσιν.
1040 2837 1150 2889 Καὶ
1184 2836 1372 2907 σχεδὸν
1417 2837 1636 2893 ἅπαντα
1674 2838 1816 2893 κατὰ

234 2924 329 2977 τὸν
360 2925 522 2995 νόμον
579 2924 731 2980 ὕδατι
786 2927 1171 3000 καθαρίζεται·
1198 2928 1267 2982 τὰ
1294 2928 1404 2998 γὰρ
1454 2928 1648 2999 ὁρατὰ,
1676 2928 1817 3000 σύμ-

232 3018 365 3071 ϐολα
418 3019 528 3074 τῶν
573 3020 881 3091 νοουμένων
915 3020 1053 3075 εἰσίν
1084 3039 1098 3053 ο
1134 3023 1169 3094 ἠ
1214 3021 1401 3092 μέντοι
1452 3022 1817 3093 ἀναγέννησις

227 3111 376 3164 κατὰ
432 3110 613 3183 ψυχὴν
663 3111 916 3181 γίνεται·
957 3112 1139 3177 πίστις
1191 3112 1300 3183 γὰρ
1360 3113 1623 3167 υίοθετείν
1668 3109 1813 3176 οἶδε,

234 3200 411 3256 καίτοι
450 3203 613 3267 ὄντας
657 3202 938 3275 κτίσματα
967 3204 1057 3258 διὰ
1098 3203 1194 3258 τοῦ
1226 3204 1570 3276 Πνεύματος,
1606 3204 1702 3259 καὶ
1734 3204 1816 3267 είς

231 3292 333 3362 τὴν
359 3294 592 3366 ἀρχαίαν
625 3294 786 3365 ἄγειν
822 3296 1226 3368 μακαριότητα.

1920 2472 2035 2542 jam
2091 2471 2221 2525 olim
2277 2478 2619 2526 contestatur
2684 2470 2751 2522 ”.
2801 2468 2915 2523 Noe
2971 2468 3311 2537 temporibus
3365 2468 3508 2522 Deus

1927 2562 2116 2617 mundi
2175 2572 2459 2632 peccatum
2525 2578 2622 2631 per
2647 2561 2804 2632 261
2843 2575 3040 2631 aquam
3094 2560 3228 2615 eluit
3284 2560 3351 2612 “.
3406 2558 3510 2613 Per

1925 2668 2121 2723 aquam
2151 2654 2403 2723 quisquis
2453 2652 2771 2708 immundus
2796 2661 2934 2719 erat,
2976 2652 3092 2722 lege
3126 2651 3504 2721 praecipiente,

1925 2744 2317 2810 mundabatur,
2349 2752 2402 2799 et
2436 2743 2512 2798 ita
2543 2743 2764 2814 quidem
2800 2754 2857 2798 ut
2890 2752 2943 2798 et
2973 2744 3108 2813 ipsae
3147 2750 3325 2796 vestes
3364 2756 3504 2810 aqua

1923 2843 2109 2891 essent
2134 2835 2440 2891 abluendae.
2474 2834 2619 2890 Elias
2648 2835 2887 2906 Spiritus
2929 2834 3164 2905 gratiam
3215 2833 3505 2887 admistam

1926 2928 2085 2997 aquis
2113 2927 2378 2991 ostendit,
2403 2934 2519 2981 tum
2548 2920 2808 2980 nimirum
2838 2941 2961 2980 cum
2995 2926 3377 2980 holocaustum
3412 2923 3507 2976 ad-

1924 3020 2097 3074 hibita
2123 3034 2266 3090 aqua
2302 3020 2569 3075 cremavit
2597 3019 2663 3073 ⁸⁷.
2704 3017 2967 3087 Peneque
2991 3017 3175 3072 omnia
3200 3015 3503 3072 secundum

1923 3111 2097 3182 legem
2126 3125 2271 3181 aqua
2321 3108 2681 3164 mundantur.
2722 3108 2830 3164 Res
2862 3110 3006 3163 enim
3038 3108 3284 3163 visibiles
3315 3123 3503 3161 earum

1919 3214 2041 3269 quae
2071 3207 2251 3255 mente
2301 3198 2684 3268 percipiuntur
2736 3198 2891 3267 signa
2947 3204 3098 3252 sunt.
3136 3196 3503 3266 Regencratio

1918 3306 2085 3362 porro
2114 3291 2170 3345 in
2204 3292 2391 3345 animo
2422 3288 2730 3363 perﬁcitur.
2769 3287 2935 3344 Fides
2962 3290 3169 3359 quippe
3220 3289 3329 3342 vim
3376 3302 3496 3343 eam

228 3386 420 3450 habet,
478 3397 537 3442 ut
589 3388 844 3459 quamvis
894 3403 926 3443 e
983 3389 1150 3444 rebus
1210 3387 1413 3444 creatis
1471 3388 1668 3453 simus,
1723 3400 1822 3457 per
1860 3381 2125 3455 Spiritum
2154 3396 2258 3438 nos
2295 3382 2352 3436 in
2381 3379 2478 3437 Dei
2517 3379 2661 3437 ﬁlios
2688 3378 2922 3449 adoptat,
2958 3378 3123 3449 atque
3189 3380 3258 3434 ad
3316 3380 3502 3449 pristi-

232 3495 362 3536 nam
394 3478 713 3536 felicitatem
736 3479 887 3536 velut
925 3479 1273 3552 postliminio
1304 3488 1549 3535 revocet.

316 3573 379 3625 Ἢ
413 3572 511 3643 μὲν
535 3567 628 3626 οὖν
676 3572 786 3626 τῶν
834 3573 1122 3645 ἁμαρτιῶν
1151 3572 1345 3643 ἄφεσις
1376 3611 1390 3637 ,
1419 3574 1585 3627 πᾶσιν
1618 3571 1818 3641 ὁμοίως

1996 3563 2261 3633 Baptismi
2310 3564 2489 3634 gratia
2534 3577 2632 3631 pro
2689 3560 3083 3628 suscipientium
3115 3558 3219 3626 ﬁde
3266 3566 3315 3610 et
3348 3575 3503 3612 mun-

230 3665 325 3720 διὰ
353 3663 448 3718 τοῦ
484 3664 864 3735 βαπτίσματος
911 3665 1146 3719 δίδοταιο
1170 3666 1205 3735 ἡ
1234 3664 1291 3718 δὲ
1329 3663 1489 3735 χάρις
1523 3662 1618 3717 τοῦ
1644 3662 1815 3716 Πνεῦ-

230 3772 410 3827 ματος
429 3756 571 3810 κατὰ
595 3755 694 3826 τὴν
724 3755 1016 3826 ἀναλογίαν
1038 3757 1137 3827 τῆς
1168 3756 1406 3820 πίστεως
1435 3756 1528 3809 καὶ
1552 3756 1652 3826 τῆς
1683 3772 1817 3826 προσ

238 3847 581 3919 καθάρσεως.
614 3847 731 3901 Νῦν
772 3848 873 3918 μὲν
906 3842 999 3901 οὖν
1046 3847 1135 3902 διὰ
1164 3846 1261 3901 τοῦ
1294 3846 1678 3918 βαπτίσματος
1715 3847 1815 3918 τὴν

239 3939 612 4011 ἀπαρχὴντοῦ
628 3939 792 4009 ἁγίου
818 3939 958 3993 Πνεύ
967 3956 1137 4010 ματος
1161 3938 1644 4010 λαμϐάνομεν,καὶ
1670 3937 1815 4008 ἀρχὴ

241 4031 423 4102 ἐτέρου
457 4030 572 4101 βίου
594 4031 809 4101 γίνεται
840 4032 970 4101 ἡμῖν
1000 4032 1033 4101 ή
1058 4030 1447 4099 παλιγγενεσία
1471 4069 1487 4096 ,
1519 4030 1614 4084 καὶ
1644 4045 1817 4100 σφρα-

241 4124 347 4191 γὶς,
376 4123 469 4178 καὶ
499 4122 892 4195 φυλακτήριον,
923 4121 1018 4175 καὶ
1053 4120 1336 4191 φωτισμός
1355 4121 1400 4174 1.

308 4300 428 4372 Χρὴ
474 4300 536 4355 δὲ
580 4300 729 4372 πάσῃ
774 4298 1002 4370 δυνάμει
1053 4295 1314 4365 ἀσφαλῶς
1366 4296 1553 4368 τηρεῖν
1587 4296 1817 4360 ἑαυτοὺς

244 4392 510 4464 καθαροὺς
536 4392 645 4447 ἀπὸ
665 4390 928 4463 ῥυπαρῶν
954 4389 1154 4462 ἔργων,
1189 4388 1278 4443 ίνα
1311 4387 1387 4459 μὴ
1428 4388 1590 4441 πάλιν
1625 4387 1817 4459 ὥσπερ

246 4483 385 4538 κύων
414 4484 509 4537 ἐπὶ
551 4482 644 4536 τὸν
678 4482 811 4535 ἴδιον
859 4481 1052 4550 ἔμετον
1089 4479 1543 4552 ἐπιστρέψαντες,
1594 4479 1819 4542 δούλους

247 4574 403 4629 πάλιν
433 4572 661 4635 ἑαυτοὺς
688 4572 789 4641 τῆς
820 4570 1095 4641 ἁμαρτίας
1128 4570 1465 4642 ποιήσωμεν.
1497 4568 1688 4633 Πίστις
1710 4569 1819 4641 γὰρ

246 4659 407 4730 χωρὶς
434 4658 613 4731 ἔργων
661 4658 832 4730 νεκρά
874 4658 1024 4711 ἐστιν
1047 4697 1062 4721 ,
1087 4657 1289 4727 ὁμοίως
1322 4657 1420 4711 καὶ
1474 4654 1612 4727 ἔργα
1646 4659 1818 4728 χωρὶς

248 4752 495 4815 πίστεως.
526 4750 592 4803 Ἥ
617 4750 729 4821 γὰρ
759 4748 966 4820 ἀληθὴς
996 4748 1182 4813 πίστις
1210 4749 1299 4802 διὰ
1326 4749 1436 4804 τῶν
1464 4746 1646 4819 ἔργων
1666 4749 1816 4803 δοκι-

251 4844 493 4915 μάζεται.

1917 3657 2075 3713 ditia.
2103 3685 2172 3697 —
2206 3654 2469 3721 Quamvis
2496 3665 2676 3707 autem
2718 3658 3070 3721 peccatorum
3109 3649 3361 3707 remissio
3385 3666 3501 3703 υιιι-

1916 3746 2081 3801 nibus
2111 3760 2207 3815 per
2237 3760 2394 3815 aquae
2425 3743 2756 3813 baptismum
2805 3740 2965 3795 detur
2992 3759 3004 3793 :
3038 3737 3278 3808 Spiritus
3316 3747 3497 3793 tamen

1890 3836 2093 3908 ‘gratia
2119 3850 2220 3906 pro
2250 3833 2373 3889 lidei
2404 3847 2468 3887 ac
2497 3830 2709 3902 praevia:
2736 3829 3078 3900 purgationis
3108 3828 3272 3881 modo
3302 3842 3529 3883 concev-

1916 3927 2086 3982 ditur.
2124 3926 2192 3979 Et
2217 3940 2363 3980 nunc
2393 3924 2615 3995 quidem
2640 3923 2883 3994 Spiritus
2910 3922 3084 3976 sancti
3109 3921 3382 3991 primitias
3406 3938 3501 3991 per

1916 4016 2254 4086 baptismum
2282 4014 2602 4083 accipimus,
2630 4021 2684 4067 et
2716 4012 3058 4080 regeneratio
3078 4049 3094 4074 ,
3137 4012 3366 4067 alterius
3397 4031 3503 4068 no-

1915 4108 2003 4163 bis
2032 4108 2157 4162 vitae
2183 4104 2425 4171 initium,
2450 4111 2505 4158 et
2530 4102 2899 4174 signaculum,
2932 4109 2988 4157 et
3032 4102 3380 4172 przesidium,
3445 4111 3500 4159 et

1917 4197 2250 4254 illuminatio
2277 4195 2533 4253 edicitur.

1985 4289 2256 4346 Caeterum
2291 4289 2343 4342 in
2377 4287 2430 4342 id
2463 4286 2624 4342 nobis
2647 4285 2778 4341 totis
2810 4285 3021 4342 viribus
3050 4295 3135 4343 est
3155 4285 3494 4351 enitendum,

1916 4397 1988 4437 ne
2018 4383 2175 4438 canis
2219 4383 2393 4436 instar
2429 4379 2497 4434 ad
2531 4378 2800 4434 vomitum
2847 4378 3146 4433 redeuntes
3187 4379 3251 4445 ",
3287 4382 3494 4450 peccati

1917 4473 2285 4543 nosmetipsos
2342 4471 2528 4527 denuo
2580 4468 2839 4525 servituti
2895 4472 3291 4541 maneipemus.
3330 4471 3496 4527 Fides

1919 4564 2189 4634 siquidem
2215 4563 2334 4620 sine
2368 4562 2630 4633 operibus
2655 4568 2873 4616 mortua
2898 4568 3002 4628 est,
3037 4561 3277 4632 itemque
3309 4577 3493 4633 opera,

1919 4657 2134 4712 sublata
2186 4654 2291 4711 (ide
2320 4655 2387 4709 ⁸³.
2414 4652 2553 4709 Vera
2597 4653 2801 4724 quippe
2834 4652 2969 4709 ﬁdes
3002 4668 3099 4723 per
3129 4667 3293 4723 opera
3346 4668 3496 4708 com-

1918 4752 2205 4821 probatur.

314 4934 692 5005 Βαπτιζόμεθα
719 4933 778 4987 δὲ
830 4933 924 4995 εἰς’
945 4930 1046 5002 τὴν
1076 4929 1239 4999 ἁγίαν
1271 4932 1476 5001 Τριάδα
1500 4973 1516 4999 ,
1549 4934 1632 4987 ὅτι
1671 4930 1811 4985 αὐτά

1988 4923 2096 4980 Cur
2133 4925 2189 4977 in
2214 4921 2529 4978 Trinitatem
2551 4920 2903 4990 baptizemur.
2925 4945 2997 4959 —
3021 4916 3101 4971 Ob
3130 4916 3184 4971 id
3216 4932 3345 4972 vero
3367 4917 3413 4949 "
3440 4917 3495 4971 in

249 5022 316 5075 τὰ
348 5020 715 5093 βαπτιζόμενα
764 5018 954 5091 χρῄζει
999 5019 1098 5090 τῆς
1142 5019 1304 5088 ἁγίας
1350 5021 1581 5091 Τριάδος
1606 5024 1686 5085 είς
1709 5020 1811 5091 τὴν

1921 5024 2166 5073 sanctam
2197 5013 2523 5070 Trinitatem
2570 5011 2939 5081 baptizamur,
2980 5009 3109 5079 quia
3146 5023 3267 5078 qua:
3313 5009 3492 5078 bapti-

249 5114 419 5167 αὐτῶν
468 5113 731 5168 σύστασίν
755 5128 815 5165 τε
865 5110 963 5166 καὶ⁸
994 5109 1260 5181 διαμονὴν
1280 5149 1297 5175 ,
1322 5111 1417 5163 καὶ
1450 5111 1713 5166 ἀδύνατον
1738 5110 1815 5182 μὴ

1922 5117 2141 5173 zantur,
2169 5105 2239 5161 ad
2271 5105 2378 5172 sui,
2404 5112 2521 5159 tum
2556 5102 3034 5168 constitutionem,
3070 5108 3184 5155 tum
3211 5114 3494 5155 conserva-

1918 5264 1963 5295 “
1991 5259 2152 5318 Joan.
2211 5259 2377 5329 "1,5.
2461 5256 2697 5329 “Greg.
2751 5266 2892 5329 ora}.
2934 5256 3024 5322 48.
3084 5254 3184 5329 ﬂ“
3203 5251 3408 5329 Gen},
3438 5253 3492 5306 9..

317 5268 359 5300 “
402 5268 643 5325 Method.
706 5267 802 5322 lib.
862 5264 939 5319 De
984 5280 1185 5320 resurr.
1277 5262 1320 5295 “
1364 5261 1524 5318 Joan.
1582 5266 1813 5332 x1x,‘54,

329 5338 492 5393 Levit.
549 5355 639 5394 xv.
672 5336 759 5390 10.
824 5336 869 5370 ⁸⁸
898 5336 1034 5391 Gen.
1068 5351 1140 5394 vr.
1198 5334 1284 5388 17.
1358 5335 1401 5366 ⁸⁷
1434 5333 1497 5388 Ill
1534 5333 1668 5394 Reg.
1706 5350 1817 5389 xvtt

1921 5264 1963 5295 “
1991 5261 2152 5318 Joan.
2211 5274 2293 5321 m,
2324 5261 2377 5314 5.
2461 5261 2505 5290 “
2532 5261 2697 5329 Greg.
2751 5266 2892 5311 orat.
2934 5261 3024 5322 48.
3138 5261 3184 5285 ⁵⁸
3203 5261 3338 5306 lien.
3372 5268 3408 5318 ι,
3438 5261 3469 5304 ξε

1921 5332 2006 5389 52.
2115 5330 2160 5364 ⁸⁸
2194 5330 2235 5385 ιι
2282 5328 2429 5385 Petr.
2458 5344 2518 5394 ll,
2548 5327 2640 5383 22.
2757 5327 2801 5358 ⁶⁹
2833 5324 2952 5381 Jac.
2996 5340 3056 5391 ll,
3080 5323 3169 5378 26.
3250 5323 3295 5355 ⁷⁹
3329 5321 3469 5394 Greg

2416 5368 2429 5384 ο
2458 5361 2518 5395 ΙΙ,
2551 5361 2640 5383 (illo
2833 5361 2952 5381 σαι-η
2996 5361 3056 5391 ΙΙ,
3084 5361 3169 5378 ιινο
3331 5361 3492 5394 νινδο

250 5339 295 5371 ⁸⁵
329 5338 492 5393 Levit.
549 5355 639 5402 xv,
672 5336 759 5390 10.
824 5336 869 5370 ⁸⁸
898 5336 1034 5391 Gen.
1063 5351 1160 5407 _vr,_
1198 5334 1284 5388 17.
1358 5335 1401 5407 ‘j
1434 5333 1497 5407 ll_l
1534 5333 1668 5407 Reg.
1706 5350 1862 5398 xvm,
1915 5332 2006 5389 52.

249 5407 373 5464 Naz.
419 5418 559 5466 orat.
619 5408 719 5476 £0;
750 5407 956 5461 Athan.
1011 5405 1082 5462 ad
1127 5403 1319 5475 Serap.
1352 5403 1427 5459 De
1455 5403 1847 5470 Spirfsaneto.

1547 5554 1785 5613 VARUE
1827 5550 2231 5613 LECTIONES.

320 5678 340 5720 ι
388 5679 539 5735 Multi
588 5677 806 5733 codices
856 5673 1196 5743 ὲκαθαίρετο.
1266 5668 1400 5743 cod.
1445 5670 1503 5725 S.
1575 5671 1683 5743 llil.
1747 5672 1802 5743 in
1853 5686 2026 5742 marg.
2079 5670 2113 5741 ἢ
2183 5665 2569 5743 ἐκεκάβαρςτοᾏ
2624 5660 2778 5743 niMln
2841 5660 2908 5715 R.
2939 5657 3082 5713 2626
3131 5659 3353 5743 additur
3399 5660 3499 5743 καὶ

254 5729 539 5820 aviaui-1.3;.
595 5729 939 5820 Sié'ﬁbéy;
995 5729 1091 5814 qui
1151 5741 1430 5820 transtulit
1487 5751 1536 5820 et
1580 5742 1906 5798 illuminatio
1943 5729 2004 5795 εἴ
2050 5729 2510 5806 εάηειὶβσαιὶοξιη
2530 5731 2788 5799 R.29‘24,
2823 5746 2920 5802 pro
2942 5730 3239 5800 φωτισμὺς,
3271 5729 3503 5784 habetur

256 5812 534 5893 ἁγιασμὸς,
583 5818 666 5875 sic
694 5827 852 5874 vetus
903 5812 1131 5884 interpr.
1181 5812 1553 5880 sanctiﬁcatio.
