3950 6304
227 415 369 484 1125
1293 421 1391 480 DE
1426 422 1603 482 FIDE
1644 422 2108 483 ORTHODOXA
2148 425 2293 485 LIB.
2322 426 2420 486 IV.
3360 429 3495 494 1126

220 528 404 583 τικόν·
442 522 544 579 οὐκ
578 522 659 578 ἔτι
687 522 796 595 γὰρ
836 524 1006 577 κακία
1031 524 1128 579 καὶ
1164 526 1413 598 ἁμαρτία
1443 528 1812 583 πολιτεύεται·

1937 530 2189 599 martyrio
2240 531 2542 599 perficitur,
2580 547 2690 602 quo
2744 541 2800 587 et
2849 532 3101 591 Christus
3151 534 3271 605 ipse
3319 542 3493 591 nostri

222 619 460 684 κολάζον
489 618 545 671 δὲ
575 616 934 688 ἀτελεύτητα.

1937 634 2087 675 :ausa
2122 620 2419 677 defunctus
2456 630 2539 677 est
2561 623 2629 677 ⁸².
2681 623 2888 693 Estque
2922 625 3058 679 illud
3100 642 3360 696 perquam
3393 642 3490 681 au-

224 721 448 784 gustum
487 724 553 764 ac
584 709 825 773 beatum,
858 710 1006 779 quod
1044 709 1211 766 nullis
1255 712 1483 780 posthac
1540 711 1797 768 sordibus
1833 710 2177 779 inquinetur.
2236 710 2563 767 Octavum“
2621 714 2857 784 denique
2886 724 2938 770 et
2961 725 3295 786 postremum
3358 718 3491 773 illud

224 815 332 873 est,
388 820 501 860 non
541 804 653 875 jam
699 803 1087 871 salutiferum,
1147 821 1338 860 verum
1407 808 1484 860 ita
1547 807 1813 860 malitiam
1848 804 2125 873 auferens,
2162 808 2383 876 quando
2426 823 2561 862 suus
2587 806 2698 875 jam
2741 810 2963 865 malitia:
3023 819 3077 866 ct
3121 821 3343 881 peccato
3413 812 3489 866 lo~

224 914 327 956 cus
362 914 474 954 non
519 898 644 965 erit,
675 906 735 952 ut
765 907 949 953 tamen
986 901 1379 968 sempiternum
1420 900 1706 955 excruciet
1742 915 1805 954 ac
1839 899 2049 970 puniat.

300 991 612 1064 Σωματικῴ
633 991 690 1045 δὲ
723 991 855 1045 εἴδει
887 990 930 1059 1,
958 991 1092 1044 ὡσεὶ
1129 991 1451 1063 περιστερὰ,
1484 992 1815 1063 ὲπεφοίτησε

1988 991 2222 1061 Spiritus
2290 1001 2505 1048 sanctus
2581 993 2839 1047 columbae
2893 994 3059 1062 specie
3124 1003 3173 1049 et
3236 996 3495 1064 ignis.—

226 1087 290 1140 τὸ
312 1085 538 1156 Πνεῦμα
568 1084 626 1138 τὸ
659 1085 838 1154 ἅγιον,
856 1085 958 1155 τὴν
994 1086 1250 1156 ἀπαρχὴν
1270 1085 1365 1137 τοῦ
1386 1086 1658 1155 ἡμετέρου
1684 1086 1812 1138 ὐπο-

1937 1085 2089 1139 ³οΠο
2113 1086 2158 1117 3"
2186 1084 2426 1155 Spiritus
2484 1094 2710 1142 sanctus
2766 1088 3039 1155 corporali
3093 1089 3295 1156 specie,
3349 1088 3494 1142 sicut

225 1178 475 1232 δεικνύον
505 1177 904 1248 βαπτίσματος,
927 1178 1021 1231 καὶ
1054 1178 1228 1249 τιμῶν
1250 1178 1312 1231 τὸ
1351 1177 1508 1248 σῶμα
1531 1196 1545 1210 ο
1571 1178 1696 1231 ἐπεὶ
1723 1179 1812 1232 καὶ

1937 1175 2166 1229 :olumba
2198 1177 2264 1230 ad
2301 1175 2590 1231 Dominum
2633 1177 2943 1241 descendit,
2998 1180 3186 1248 sicque
3235 1190 3349 1233 tum
3400 1180 3493 1232 ba-

225 1268 411 1335 τοῦτο,
433 1269 603 1338 ἤγουν
624 1268 685 1321 τὸ
721 1268 904 1338 σῶμα,
933 1270 997 1339 τῇ
1033 1267 1226 1321 Θεώσει
1252 1267 1405 1335 Θεὸς,
1436 1268 1530 1322 καὶ
1565 1269 1681 1339 ἅμα
1708 1285 1812 1322 που

1937 1266 2100 1321 »ιίδωί
2138 1269 2315 1321 nostri
2370 1268 2642 1338 primitias
2688 1268 3094 1334 subindicabat,
3127 1278 3243 1321 tum
3294 1284 3494 1337 corpus

229 1361 439 1415 ἄνωθεν
465 1360 696 1415 εἴθισται
719 1361 1020 1432 περιστερὰ
1050 1361 1205 1414 λύσιν
1237 1360 1627 1433 κατακλυσμοῦ
1653 1361 1817 1429 εὐαγ-

228 1454 564 1522 γελίζεσθαι.
602 1453 727 1508 Ἐπὶ
764 1454 821 1507 δὲ
846 1454 972 1518 τοὺς
999 1454 1189 1523 ἁγίους
1224 1454 1559 1518 ἀποστόλους
1592 1471 1815 1525 πυροει-

228 1545 336 1608 δὼς
368 1544 605 1599 κάτεισι.
631 1545 761 1610 Θεὸς
805 1544 916 1616 γάρ
966 1546 1115 1598 ἐστιν
1147 1558 1162 1573 ’
1201 1546 1230 1599 ό
1273 1545 1330 1598 δὲ
1355 1543 1489 1608 Θεὸς
1520 1542 1632 1616 πῦρ
1676 1560 1814 1596 κατ-

231 1637 529 1692 αναλίσκον
563 1637 656 1691 ὲστ
669 1636 704 1690 ί.

1921 1357 2319 1413 coboncstabat
2347 1374 2361 1411 :
2392 1359 2651 1429 quoniam
2687 1368 2741 1414 et
2772 1360 2875 1414 hoc
2899 1376 3118 1430 quoque
3150 1376 3247 1428 per
3276 1361 3497 1414 deifica-

1921 1448 2128 1503 tionem
2181 1447 2324 1503 Deus
2365 1458 2502 1504 erat.
2552 1450 2724 1514 Adde,
2774 1449 2920 1520 quod
2964 1451 3217 1505 columba
3248 1466 3498 1505 cessasse

1922 1540 2187 1595 diluvium
2244 1541 2376 1593 olim
2424 1540 2776 1595 nuntiaverit.
2829 1540 2975 1611 Ignis
3025 1557 3156 1597 vero
3213 1542 3394 1611 specie
3442 1544 3496 1595 in

1921 1641 2143 1686 sanctos
2176 1632 2454 1701 apostolos
2492 1631 2774 1686 descendit
2800 1631 2867 1695 ⁸⁸,
2893 1647 2958 1686 eo
2989 1633 3135 1702 quod
3164 1632 3306 1688 Deus
3330 1641 3495 1688 esset.

1923 1721 2063 1775 Deus
2094 1723 2233 1775 enim
2264 1723 2399 1791 ignis
2448 1738 2756 1776 consumens
2795 1733 2871 1776 est
2900 1724 2967 1777 ⁸⁸.

307 1814 380 1867 Τὸ
420 1812 600 1869 ἔλαιον
631 1813 740 1887 (Ἡ)
776 1813 1115 1886 βαπτίσματι
1155 1812 1645 1885 παραλαμϐάνεται
1667 1853 1681 1880 ,
1714 1829 1812 1883 μη-

1996 1813 2113 1868 Οίεὶ
2146 1816 2346 1869 unctio.
2383 1845 2452 1855 —
2480 1817 2548 1869 At
2587 1831 2715 1869 vero
2745 1816 2925 1870 oleum
2964 1815 3172 1870 idcirco
3204 1815 3271 1869 ad
3314 1815 3495 1884 bapti-

231 1906 360 1960 νύον
400 1906 501 1978 τὴν
529 1906 712 1978 χρίσιν
732 1915 769 1942 ω
796 1904 951 1976 ἡμῶν
971 1945 985 1970 ,
1018 1904 1114 1958 καὶ
1159 1905 1418 1977 χριστοὺς
1445 1906 1594 1975 ἡμᾶς
1647 1906 1815 1975 ἔργα·

232 2000 483 2069 ζόμενον,
517 1999 612 2053 καὶ
632 1998 724 2052 τὸν
754 1998 850 2051 τοῦ
884 1997 1020 2051 Θεοῦ
1052 1999 1190 2069 ἡμῖν
1230 1995 1705 2067 ἐπαγγελλόμενον
1729 1996 1818 2050 διὰ

231 2090 328 2144 τοῦ
356 2091 512 2159 ἁγίου
544 2090 864 2160 Πνεῦματος
892 2089 1063 2151 ἔλεον,
1089 2086 1215 2140 ἐπεὶ
1253 2086 1349 2141 καὶ
1393 2086 1603 2156 κάρφος
1635 2086 1819 2149 ἐλαίας

232 2185 347 2247 τοῖς
372 2184 437 2236 ὲκ
459 2182 554 2235 τοῦ
599 2179 991 2251 κατακλυσμοῦ
1034 2177 1422 2249 περισωθεῖσιν
1450 2180 1484 2250 ὴ
1514 2177 1817 2249 περιστερὰ

234 2274 555 2344 κεκόμικεν.

318 2365 654 2436 Ἐὀαπτίσθη
688 2364 943 2435 Ἰωάννης
968 2404 983 2431 ,
1010 2363 1107 2435 τὴν
1149 2365 1311 2434 χεῖρα
1358 2360 1568 2425 ἐπιθεὶς
1594 2361 1687 2414 ἐπὶ
1720 2358 1818 2431 τὴν

232 2458 389 2513 θείαν
416 2458 510 2512 τοῦ
534 2457 807 2512 Δεσπότω)
850 2456 1098 2529 κορυφὴν
1121 2499 1136 2525 ,
1164 2456 1259 2509 καὶ
1280 2454 1358 2526 τῷ
1392 2455 1506 2525 ἰδίῳ
1531 2454 1745 2525 αἵματι.

308 2641 382 2695 Οὐ
412 2641 519 2713 χρὴ
550 2639 1067 2711 ὑπερτίθεσθαιητὸ
1090 2638 1398 2710 βάπτισμα,
1432 2639 1520 2692 ὅτε
1551 2638 1619 2691 δι’
1642 2635 1818 2707 ἔργων

236 2736 271 2803 ἡ
323 2732 506 2797 πίστις
552 2732 663 2786 τῶν
706 2732 1043 2803 προσιόντων
1094 2732 1442 2805 μαρτυρηθῇ.
1482 2731 1540 2783 Ὀ
1574 2730 1683 2800 γὰρ
1710 2738 1735 2764 ο
1760 2731 1819 2781 ὲν

235 2825 372 2894 δόλῳ
405 2825 648 2896 προσιὼν
677 2824 757 2895 τῷ
790 2825 1154 2895 βαπτίσματι,
1178 2823 1649 2895 κατακριθήσεται
1680 2821 1817 2894 μᾶλ-

237 2916 330 2969 λον
389 2916 424 2987 ἢ
449 2916 888 2988 ὠφεληθήσεται.

770 3096 1021 3149 ΚΕΦᾹΛ.
1054 3095 1088 3147 r
1113 3092 1284 3166 [nr].

802 3186 943 3253 Περὶ
976 3187 1256 3251 πίστεως.

320 3278 386 3332 Ἦ
410 3280 592 3350 μέντοι
626 3291 812 3341 πιστις
831 3277 992 3348 διπλῆ
1037 3278 1186 3330 ἐστιν
1206 3293 1219 3306 ·
1259 3276 1427 3330 Ἐστι
1471 3276 1582 3345 γὰρ
1612 3277 1820 3342 πίστις

237 3371 310 3436 ἐξ
335 3373 548 3441 ἀκοῆς.
594 3370 910 3435 Ἀκούοντες
947 3371 1058 3441 γὰρ
1078 3369 1189 3424 τῶν
1236 3369 1397 3423 Θείων
1437 3370 1690 3441 Γραφῶν,
1727 3389 1819 3423 πι-

316 3527 361 3561 ⁸²
390 3526 522 3582 Luc.
558 3526 643 3581 12.
673 3527 760 3581 50.

238 3603 288 3635 ⁸⁷
342 3602 476 3655 Gen.
521 3616 635 3664 vm,
671 3598 757 3654 M.

863 3526 908 3559 ⁸³
932 3524 1096 3597 Creg.
1137 3533 1277 3580 orat.
1313 3525 1404 3597 ιο.

837 3598 883 3631 ⁸⁸
909 3594 1073 3667 (ὶνεεῖ
1119 3603 1262 3651 orat.
1304 3594 1394 3648 40.

1511 3522 1557 3556 ⁸⁸
1583 3523 1658 3579 ld.
1697 3532 1836 3579 orat.
1881 3524 1970 3578 59.

1921 1922 2102 1961 smum
2136 1906 2455 1971 adhibetur,
2500 1908 2628 1977 quia
2662 1908 2975 1962 unctionem
3005 1918 3248 1962 nostram
3285 1907 3496 1977 signifi-

1919 2006 2029 2060 cat,
2073 2013 2287 2065 nosque
2316 1997 2561 2053 cbristos
2594 1998 2759 2063 facit,
2794 2000 3020 2069 insuper
3059 1997 3152 2053 Dei
3188 1998 3499 2053 misericor-

1920 2089 2063 2142 diam
2094 2104 2190 2159 per
2222 2089 2490 2160 Spiritum
2526 2100 2775 2146 sanctum
2814 2093 2974 2149 nobis
3009 2094 3317 2161 pollicetur.
3360 2092 3495 2147 Nam

1919 2191 1972 2235 et
1992 2182 2244 2237 columba
2286 2183 2395 2239 illis
2423 2183 2515 2253 qui
2553 2184 2856 2241 incolumes
2885 2202 2914 2241 e
2945 2188 3152 2241 diluvio
3186 2191 3497 2248 evaserant,

1919 2275 2052 2329 olea:
2082 2288 2297 2327 ramum
2331 2283 2529 2344 praeter
2564 2290 2779 2331 omnem
2810 2292 2961 2345 spem
2995 2278 3122 2330 olim
3156 2277 3337 2330 attulit
3359 2274 3427 2328 ⁸⁷.

1988 2362 2242 2431 Joannes,
2282 2373 2339 2418 ut
2383 2365 2708 2433 baptizatus.
2757 2396 2811 2406 —-
2840 2366 3083 2422 Joannes
3126 2367 3381 2437 imposita
3417 2368 3499 2421 di-

1919 2454 2049 2509 vino
2087 2455 2299 2509 Domini
2332 2457 2502 2527 capiti
2533 2472 2720 2517 manu,
2748 2465 2802 2512 ct
2834 2472 3029 2513 cruore
3065 2457 3286 2528 proprio
3323 2457 3497 2526 bapti-

1923 2554 2078 2600 latus
2115 2545 2238 2600 fuit.

1994 2636 2266 2692 Caeterum
2316 2637 2362 2670 ⁸⁸
2420 2638 2757 2708 baptismum
2798 2637 3004 2693 diutius
3053 2652 3348 2707 prorogare
3391 2652 3498 2689 non

1923 2735 2136 2797 oportet
2162 2726 2291 2780 dum
2324 2727 2702 2781 accedentium
2728 2728 2886 2781 fidem
2918 2734 3300 2781 contestantur
3330 2727 3499 2780 actio-

1922 2832 2040 2872 nes.
2080 2816 2134 2870 Si
2172 2816 2297 2885 quis
2325 2817 2452 2869 dolo
2484 2816 2551 2869 ad
2580 2817 2916 2887 baptismum
2941 2818 3260 2884 accesserit,
3290 2827 3497 2871 tantum

1923 2909 2080 2963 abest
2117 2919 2175 2963 ut
2210 2909 2338 2962 hinc
2382 2909 2642 2965 utilitatis
2693 2910 2977 2979 quidpiam
3021 2913 3241 2980 capiat,
3277 2920 3337 2964 ut
3367 2926 3499 2964 con-

1922 3000 2329 3055 demnationem
2364 3001 2547 3070 potius
2583 3009 2831 3055 accersat
2860 3002 2987 3054 sibi.

2484 3094 2643 3164 263
2682 3092 2833 3147 CAP.
2882 3093 2946 3147 x.

2572 3184 2664 3247 ‘De
2706 3185 2832 3254 ﬁde.

2001 3274 2159 3329 Fides
2184 3277 2371 3329 virtus.
2398 3273 2639 3344 Inﬁdelis
2671 3286 2771 3338 est,
2804 3277 2893 3346 qui
2924 3294 3025 3329 non
3062 3276 3220 3331 credit
3255 3272 3501 3330 Ecclesia:

1927 3368 2224 3435 traditioni,
2289 3378 2379 3421 unt
2424 3370 2562 3423 male
2608 3370 2839 3423 rit‘it.-—
2871 3368 3030 3425 Fides
3086 3386 3249 3441 porro
3303 3372 3499 3440 duplex

2074 3526 2119 3557 ⁸⁸
2160 3523 2235 3577 ΙΙ).
2301 3533 2440 3579 orat.
2497 3524 2605 3590 Mt;
2649 3524 2768 3589 Act,
2812 3541 2869 3589 ιι,
2923 3525 2976 3579 9..
3045 3527 3087 3557 ⁸⁸
3118 3526 3271 3584 Deut.
3307 3545 3377 3593 tv,
3406 3529 3496 3582 ﬁt.

1500 3705 1727 3760 νΛίιιΑῑ
1769 3704 2172 3761 LECTIONES.

321 3830 342 3871 ι
372 3832 533 3888 Deest
559 3831 637 3896 δὲ,
668 3830 722 3885 in
748 3828 912 3885 editis
949 3835 1002 3883 et
1028 3827 1186 3883 Cotb.
1219 3827 1271 3881 1.

1348 3835 1389 3864 ω
1422 3824 1551 3898 Reg.
1584 3826 1605 3880 1
1641 3835 1695 3882 et
1727 3825 1799 3898 Ν,
1829 3827 1921 3896 τήι
1966 3827 2143 3898 χάριν.
2224 3837 2249 3864 η
2282 3827 2339 3883 1η
2363 3830 2483 3885 cod.
2520 3828 2575 3884 S.
2613 3827 2720 3883 iIil.
2758 3844 2824 3883 ex
2872 3828 3089 3884 emend.
3133 3828 3353 3883 additur
3384 3824 3495 3883 οὗν.
3573 3880 3579 3889 ,

242 3920 267 3943 ·
295 3904 455 3960 Deest
507 3903 616 3974 γὰρ
668 3902 722 3956 in
756 3898 918 3957 codd.
957 3900 1198 3955 restituit
1248 3896 1569 3954 emendator
1612 3898 1737 3953 cod.
1780 3897 1838 3953 S.
1875 3898 1983 3952 Hil.

1756 4037 1967 4095 NOTIE
1978 4079 1991 4095 .

319 4162 435 4232 (7|)
481 4159 550 4232 τὸ
573 4158 888 4232 Elateia,“
916 4156 1385 4232 vero_oleunt.etc.
1405 4154 1563 4232 Apud
1595 4154 1817 4232 Graecos

244 4225 340 4287 ille
368 4225 461 4300 qui
513 4228 883 4300 baptizandus
939 4228 1122 4300 venit,
1155 4227 1278 4300 oleo
1301 4225 1544 4300 .simpliei
1580 4225 1819 4300 primum

246 4295 538 4371 inungitur
581 4295 610 4353 ὁ
663 4298 969 4371 sacerdote.
1006 4296 1206 4371 Unctio
1262 4295 1433 4371 altera
1476 4295 1821 4371 baptismum

247 4364 632 4438 subséquitur,
683 4371 850 4439 fitque
879 4369 1001 4439 oleo
1029 4367 1321 4439 pigmentis
1350 4364 1763 4439 condito,quo_d
1798 4378 1829 4417 a

247 4435 507 4515 pontifice
530 4435 910 4500 consecratur,
947 4435 1147 4492 feria‘v
1180 4438 1232 4490 in
1248 4436 1420 4491 Cmna
1455 4435 1691 4515 Domini,
1726 4435 1830 4515 hoc

249 4503 400 4583 μέγα
432 4509 636 4583 μῦρον,
674 4525 924 4576 magnum
969 4519 1290 4577 unguentum
1324 4514 1721 4583 nuncupatur,
1745 4503 1829 4558 vel

327 4574 482 4651 ίσμα.
513 4574 650 4636 ’Νοὲ
708 4574 931 4650 quoque
990 4574 1234 4631 sanctum
1284 4577 1519 4651 chrisma
1568 4574 1827 4651 dicimus.

327 4602 482 4651 ισμα.
539 4602 650 4636 1‘05
708 4602 931 4650 quoque
990 4602 1234 4631 saltuum
1284 4602 1519 4629 cunam“
1568 4602 1827 4628 urcnnua.

245 4602 456 4708 {factio
484 4653 599 4705 haec
624 4650 801 4720 ipsum
823 4656 906 4702 est
935 4656 1342 4720 sacramentum
1363 4644 1828 4720 Conﬁrmationis,

248 4725 320 4778 de
354 4735 467 4791 quo
511 4714 711 4791 legesis
752 4718 1057 4791 AllatLAlib.
1103 4733 1161 4791 In
1211 4716 1288 4769 De
1309 4731 1550 4791 consent.
1582 4729 1705 4791 cap.
1736 4714 1825 4791 16.

1926 4165 2272 4226 unguentum,
2297 4174 2413 4219 nec.
2438 4167 2493 4211 ut
2516 4158 2594 4211 ita
2628 4157 2824 4220 dicam,
2862 4170 3156 4218 commune,
3187 4154 3276 4208 sed
3302 4154 3503 4212 Christi

1928 4228 2122 4281 donum
2155 4267 2169 4290 ,
2204 4231 2477 4298 sanctique
2524 4227 2758 4295 Spiritus
2786 4266 2800 4290 ,
2834 4226 2984 4293 cujus
3024 4226 3317 4298 diuinitatis
3364 4241 3505 4298 prat-

1930 4300 2103 4351 seutia
2134 4295 2495 4367 e/[icacitatem
2534 4298 2708 4351 habet.
2740 4298 2942 4353 Deinde
2964 4295 3202 4367 explicat
3233 4311 3331 4349 cur
3354 4296 3504 4351 frons

1928 4368 2131 4436 aliique
2162 4364 2382 4424 "sensus
2418 4368 2719 4424 secundum
2772 4368 3027 4421 Ecclesia:
3057 4364 3352 4420 Orientalis
3384 4382 3502 4436 tuo-

1928 4434 2051 4492 rem
2079 4447 2376 4508 ungantur.
2419 4439 2575 4509 Apud
2610 4436 2942 4509 Orientales,
2978 4445 3037 4491 ut
3067 4437 3194 4509 olim
3230 4437 3368 4509 apud
3403 4434 3506 4509 La-

1928 4509 2077 4579 tinos
2126 4506 2421 4579 pierosque
2449 4506 2728 4578 {quilibet
2785 4508 3075 4578 presbyter
3103 4507 3360 4579 absoluto
3405 4506 3504 4579 ba-

1927 4574 2142 4647 ptismo
2168 4574 2384 4635 sacrain
2417 4574 2733 4634 chrismatis
2762 4574 3074 4647 unctionem
3111 4577 3259 4629 facit.
3292 4574 3503 4647 Pachy-

1929 4646 2108 4703 meres
2129 4664 2259 4702 vero
2287 4649 2341 4702 in
2374 4650 2546 4718 cap.5
2565 4650 2788 4718 Dionys.
2818 4646 2891 4700 De
2934 4646 3061 4701 eccl.
3097 4647 3227 4699 liier.
3252 4646 3505 4718 obseruat

1931 4719 2171 4789 priscum
2196 4733 2402 4773 morem
2433 4712 2486 4771 i'n
2512 4712 2738 4773 Oriente
2767 4717 3045 4789 fuisse,iut
3065 4718 3227 4789 solus
3264 4712 3503 4789 pontifex

249 4767 464 4871 ᾧῖεῗιῖιῖ
478 4767 1171 4871 ptiag'cyga‘naarsisse;
1208 4767 1608 4871 ἕιιίέὸιιξὶηάέι.
1653 4767 1827 4871 ἢτιτξ.
1860 4767 1902 4822 D
1934 4767 3368 4871 itaque;attigisti;signiﬁcaramags
3409 4784 3507 4851 ἁρ-

251 4855 530 4934 όρκιστον,
575 4855 961 4934 exorcisutum,
1001 4858 1225 4921 dicitur,
1256 4872 1359 4926 quo
1404 4855 1831 4934 Itumnordentia

250 4924 587 5000 peccatorum
619 4931 839 5000 vestigia
877 4938 1205 5000 purgentur_,
1243 4924 1353 4979 tum
1396 4924 1686 5000 invisibiles
1722 4924 1832 5000 αωτ

253 4994 432 5055 inanes
469 4994 779 5068 pellantur}
811 4994 997 5067 eoque
1019 4998 1447 5068 catechumenos
1476 5012 1508 5048 α
1534 4996 1725 5050 vertice
1763 4994 1831 5047 ad

254 5065 477 5141 inﬁmas
526 5086 689 5140 usque
742 5065 934 5141 partes
965 5068 1184 5141 perungi
1230 5066 1327 5141 ait.
1388 5065 1633 5120 Alterum
1699 5078 1830 5141 vero

258 5134 499 5211 spiritus
533 5134 710 5211 sancti
742 5134 884 5211 'esse
923 5134 1212 5206 imaginem
1244 5135 1419 5211 docet
1441 5177 1456 5201 ,
1481 5134 1833 5211 ut_quemad-

258 5204 480 5265 m'odum
542 5211 596 5264 in
639 5209 920 5264 Christum
976 5204 1097 5261 cum
1146 5204 1488 5260 ascendisset
1540 5204 1608 5259 de
1654 5219 1827 5271 aqua,

259 5280 502 5351 Spiritus
540 5286 770 5351 sanctus
807 5278 981 5337 venit,
1024 5277 1105 5351 sic
1165 5274 1368 5351 Christi
1435 5275 1640 5329 alumni
1706 5274 1833 5342 Spi-

258 5346 407 5406 ritus
466 5350 642 5405 sancti
695 5350 1014 5404 chrismatis
1073 5346 1473 5415 insigniantur,
1534 5355 1832 5415 postquam

260 5421 521 5490 baptismi
560 5419 721 5490 aquis
768 5419 939 5490 abluti
989 5424 1140 5490 sunt.
1191 5415 1457 5490 caeterum
1503 5414 1637 5490 uelut
1677 5415 1832 5490 panis

262 5483 643 5553 Eu'charistiai,
673 5489 994 5558 iuquitrcat.
1031 5488 1087 5550 ’5,
1119 5485 1257 5558 μετὰ
1285 5484 1382 5558 τῂν
1407 5483 1831 5558 ,ἐπίκλησιν-τοῦ

257 5562 421 5628 ἁγίου
455 5554 790 5629 Πνεύματος,
824 5556 1096 5629 οὑκῂέστιν
1127 5556 1292 5629 ἄρτος
1316 5554 1480 5617 λιτὸς,
1511 5554 1646 5629 ἀλλὰ
1672 5554 1832 5623 σῶμα

257 5625 523 5699 Χριστοῦ,
558 5625 672 5697 post
710 5625 1393 5699 invocationemmSpiritus
1419 5626 1590 5677 sancti
1623 5641 1725 5677 non
1755 5634 1832 5677 est

258 5695 486 5766 siinplea:
528 5695 704 5768 panis,
732 5698 822 5753 sed
850 5712 1039 5765 corpus
1073 5695 1272 5768 Christi
1302 5709 1321 5747 :
1349 5697 1426 5768 sic
1452 5705 1694 5748 sanctum
1729 5710 1826 5768 un-

263 5765 670 5839 guentunﬁqobx
714 5768 828 5822 ἔστι
866 5768 1043 5839 ψιλόν,
1077 5765 1185 5839 οὐδ’
1214 5765 1290 5828 ὡς
1343 5765 1487 5817 εἴποι
1520 5781 1623 5830 τις,
1648 5765 1824 5839 κοινὸν

269 5835 389 5909 μετ’
418 5837 727 5910 ἐπίκλησιν,
765 5835 1270 5904 invocatione‘facta
1308 5850 1407 5889 non
1466 5845 1544 5890 est
1597 5835 1824 5903 amplius

1932 4852 2160 4929 χιερέως
2208 4859 2361 4929 ἔσται
2406 4859 2487 4929 είς
2527 4859 2588 4911 τὸ
2645 4852 2832 4929 χρῖσαι
2866 4855 2944 4924 τῷ
2992 4852 3155 4929 μύρῳ
3182 4854 3272 4929 τὸ]
3315 4852 3507 4929 βαπτι-

1934 4876 2160 4928 χιερεως
2208 4876 2361 4912 εσται
2406 4876 2487 4920 εις
2527 4876 2588 4911 το
2636 4876 2832 4981 ἔρισαι
2866 4876 2944 4924 τῳ
3000 4876 3155 4924 μυρῳ
3182 4876 3272 4905 τον
3315 4876 3504 4933 βαπτι-

1934 4927 2149 4982 σοέντα.
2200 4927 2350 4998 Αὕτη
2403 4928 2513 4997 γὰρ
2556 4930 2589 4999 ἡ
2678 4928 2839 4999 ρχαία
2890 4924 3183 4999 συνήθειαν
3220 4921 3365 4999 Opus
3406 4934 3504 4999 erit

1930 4999 2198 5066 pontiﬁce,
2230 4992 2689 5069 qui'bupt'iza'tuni
2712 4992 3207 5069 'itnguento’liniat.
3241 4992 3338 5069 ilic
3368 4994 3505 5045 enim

1933 5063 2047 5121 mos
2080 5063 2351 5139 antiquus
2393 5063 2535 5136 fuit:
2565 5069 2778 5124 dicente
2805 5063 3026 5139 scilicet
3057 5063 3332 5133 Dionysio,
3374 5078 3500 5131 per-

1934 5138 2149 5192 ﬁciendi
2198 5134 2526 5209 potestatem
2580 5154 2686 5194 non
2717 5152 2838 5192 esse
2872 5134 3211 5209 presbytero,
3236 5149 3331 5186 nec
3376 5147 3505 5209 pr_o-_

1934 5209 2061 5262 inde
2112 5203 2413 5277 perfectum
2477 5209 2807 5277 baptismum
2873 5203 3080 5277 dandi“,
3122 5205 3224 5277 qui
3286 5203 3504 5277 nonnisi

1932 5272 2228 5333 chrismate
2263 5272 2601 5347 perficiatur.
2639 5278 2774 5332 Cum
2808 5290 2939 5347 vero
2985 5273 3249 5347 episcopi,
3277 5272 3503 5347 secundi

1934 5348 2150 5402 ordinis
2179 5342 2561 5404 sacerdotibus
2584 5346 2894 5417 baptizandi
2929 5342 3130 5397 munus
3154 5342 3504 5417 detulissent,

1935 5420 2016 5473 eis
2054 5418 2288 5473 subinde
2334 5418 2427 5487 jus
2472 5412 2833 5471 confirmandi
2875 5417 3184 5487 necphytos
3236 5412 3505 5487 permise-

1935 5496 2085 5543 runt.
2138 5489 2206 5541 At
2254 5482 2614 5543 consecrandi
2664 5485 2928 5551 unguenti
2982 5488 3327 5552 potestatein
3376 5482 3507 5533 reti-

1936 5573 2123 5617 nuere,
2152 5567 2213 5610 ut
2247 5558 2426 5621 palam
2465 5564 2631 5617 esset,
2675 5572 2737 5609 ex
2777 5554 2897 5607 solo
2923 5551 3181 5621 pontifice
3210 5551 3501 5619 perfectio.

1935 5642 2058 5681 netn
2101 5626 2154 5679 in
2196 5620 2384 5681 ﬁdeles
2429 5625 2687 5681 derivari.
2719 5620 3159 5678 UsitataGraccis
3209 5621 3262 5674 in
3310 5620 3510 5675 confir-

1933 5696 2173 5751 matione
2221 5696 2477 5757 formula,
2520 5702 2731 5749 vetusta
2766 5694 2859 5747 illa
2908 5702 3174 5759 estquam
3221 5689 3388 5745 refert
3418 5705 3509 5742 ca-

1934 5782 2043 5821 non
2085 5767 2115 5818 7
2147 5766 2402 5835 secundae
2431 5765 2626 5835 synodi
2662 5783 2673 5818 :
2708 5763 2974 5835 Ecppgy‘tg
3006 5762 3215 5833 δωρεᾶς
3257 5760 3509 5835 Πνεῦμα.

1933 5853 2024 5899 τος
2074 5836 2254 5905 ἁγίου,
2286 5832 2635 5906 Signaculum
2668 5832 2809 5890 doni
2832 5833 3062 5902 Spiritus
3088 5832 3290 5889 sancti.
