3926 6292
457 346 594 416 1127

1699 352 1760 411 8.
1796 349 2115 413 JOA'NNIS
2147 348 2572 410 DAMASCENI

3582 333 3736 400 1128

455 473 540 518 est
570 479 583 514 :
619 459 715 516 Est
761 460 901 516 enim
935 459 1067 530 ﬁdes
1095 475 1160 516 ea:
1188 459 1374 515 auditu
1396 460 1467 516 ⁸⁸.
1508 461 1828 534 Scripturas
1863 478 2019 517 nam-

2159 461 2385 532 τεύομεν
2419 464 2483 532 τῇ
2516 457 2836 530 διδασκαλίᾳ
2871 455 2962 510 τοῦ
2997 454 3154 524 άγίου
3186 452 3528 522 Πνεύματος.
3562 451 3731 520 Αὕτη

456 567 563 624 que
590 565 778 608 sacras
807 551 1098 616 audiendo,
1128 550 1370 624 Spiritus
1403 552 1583 608 sancti
1623 552 1890 608 doctrinae
1909 567 2031 608 cre-

457 647 660 702 dimus.
731 645 912 716 Atque
965 645 1083 701 haec
1143 646 1279 702 ﬁdes
1327 661 1424 716 per
1476 646 1666 701 omnia
1699 646 1817 710 illa,
1852 659 1972 716 quae
2001 659 2031 698 a

457 735 677 791 Christo
701 743 905 790 statuta
927 743 1076 802 sunt,
1096 735 1379 806 perﬁcitur
1404 750 1607 806 aopere
1627 731 1880 790 videlicet
1909 749 2034 790 cre-

457 827 614 892 dens,
645 827 906 896 pietatem
938 827 1152 892 colens,
1183 837 1240 882 et
1267 828 1389 898 ejus
1427 828 1518 896 Qui
1551 842 1655 884 nos
1682 825 2034 890 instauravit,

459 917 748 987 praeceptis
775 917 1108 987 obsequens.
1135 915 1272 971 Nam
1299 918 1394 987 qui
1427 916 1732 972 secundum
1766 915 2036 972 Ecclesiae

460 1008 742 1063 catholicae
770 1009 1120 1064 traditionem
1145 1023 1256 1063 non
1293 1007 1488 1073 credit,
1526 1009 1612 1063 vel
1645 1023 1740 1078 per
1767 1007 2037 1076 ﬂagitiosa

460 1110 626 1167 opera
665 1111 792 1151 cum
843 1097 1060 1151 diabolo
1107 1096 1506 1160 communicat,
1537 1095 1627 1148 hic
1657 1092 1898 1148 inﬁdelis
1929 1099 2036 1147 est.

534 1184 694 1239 Fides
728 1185 924 1240 donum
953 1183 1207 1252 Spiritus.
1253 1215 1321 1228 —
1343 1183 1556 1239 Rursus
1599 1202 1613 1238 :
1640 1181 1801 1237 Fides
1819 1190 1894 1236 est
1920 1196 2040 1250 spe-

462 1275 757 1329 randarum
805 1275 1108 1330 substantia
1156 1291 1350 1339 rerum,
1391 1283 1756 1344 argumentum
1809 1269 2041 1339 non'ap-

464 1367 792 1435 parentium,
823 1365 869 1397 ’°
899 1365 984 1420 vel
1015 1371 1096 1421 est
1123 1380 1250 1435 spes
1280 1365 1500 1420 minime
1523 1364 1686 1419 dubia
1738 1378 1839 1418 nec
1869 1362 2042 1415 ambi-

467 1471 596 1527 gua,
658 1471 764 1526 qua
797 1455 1130 1511 confidimus
1164 1455 1303 1522 fore,
1330 1465 1387 1509 ut
1423 1471 1545 1526 quae
1593 1455 1751 1510 nobis
1780 1453 2043 1508 divinitus

467 1548 741 1618 promissa
799 1555 948 1614 sunt,
987 1554 1044 1602 et
1099 1561 1220 1616 qua:
1251 1547 1618 1616 postulamus,
1650 1546 2039 1615 adipiscamur.

465 1641 543 1694 Ac
565 1640 716 1709 prior
741 1639 983 1709 quidem,
1012 1647 1219 1694 nostra
1241 1639 1550 1693 voluntatis
1577 1645 1663 1693 est
1688 1656 1704 1706 ;
1744 1637 1918 1692 altera
1945 1651 2044 1690 au-

467 1739 578 1786 tem
614 1731 757 1786 inter
782 1729 1026 1800 Spiritus
1052 1729 1197 1785 dona
1235 1729 1508 1784 censenda
1533 1737 1638 1784 est.

537 1822 808 1892 Spiritatis
864 1823 1215 1876 circumcisio.
1241 1851 1308 1861 —
1342 1820 1640 1876 Sciendum
1697 1827 1782 1874 est
1833 1826 2039 1884 autem,
2075 1809 2119 1870 Β

468 1918 906 1988 integumentum
929 1929 1090 1970 omne
1115 1914 1258 1985 quod
1287 1929 1315 1966 a
1341 1913 1630 1968 nativitate
1645 1913 2044 1972 contraximus,

469 2013 755 2077 peccatum
798 2005 1031 2070 scilicet,
1068 2020 1165 2074 per
1186 2005 1518 2075 baptismum
1551 2004 2047 2068 circumcidi,nos-

470 2113 578 2169 que
635 2095 912 2168 spiritales
965 2095 1245 2152 lsraelitas
1284 2113 1348 2151 ac
1387 2095 1481 2152 Dei
1510 2095 1770 2167 populum
1798 2095 1938 2151 ﬁeri.

1101 2185 1256 2242 CAP.
1293 2185 1385 2240 XI.

805 2278 885 2334 De
916 2295 1087 2342 cruce,
1121 2279 1208 2331 ubi
1234 2295 1448 2333 rursum
1479 2277 1542 2333 de
1577 2277 1702 2346 ﬁde.

540 2364 734 2422 Rerum
785 2368 902 2438 ipsa
960 2367 1161 2422 creatio
1195 2367 1440 2421 humanis
1489 2369 1782 2424 rationibus
1811 2385 2046 2436 compre-

472 2457 627 2512 hendi
661 2475 765 2512 non
813 2467 1001 2528 potest.
1068 2457 1230 2512 Fides
1276 2459 1521 2514 universa
1557 2461 1868 2514 necessaria.
1908 2461 2048 2528 Quid

472 2548 625 2616 ﬁdes.
664 2577 735 2588 -—
771 2547 996 2604 Verbum
1063 2549 1236 2603 crucis
1295 2549 1634 2617 pereuntibus
1669 2549 1877 2618 quidem
1913 2549 2049 2604 stul-

478 2641 599 2693 titia
631 2649 709 2693 est
741 2658 758 2695 :
790 2641 858 2694 iis
883 2649 1056 2694 autem
1091 2641 1182 2710 qui
1209 2640 1344 2693 salvi
1371 2640 1526 2709 ﬁunt,
1546 2641 1600 2693 id
1629 2651 1707 2696 est
1733 2642 1910 2705 nobis,
1947 2643 2046 2698 Dei

474 2729 643 2784 virtus
674 2727 829 2782 est".
856 2726 990 2782 Nam
1022 2729 1321 2798 spiritualia
1353 2730 1565 2800 quidem
1582 2732 1795 2801 judicat
1824 2735 2002 2787 omnia
2030 2753 2048 2790 :

474 2819 725 2872 animalis
752 2827 926 2872 autem
949 2817 1101 2872 homo
1121 2835 1220 2872 non
1245 2821 1466 2889 percipit
1489 2837 1552 2874 ea
1573 2838 1689 2892 qua:
1714 2823 1810 2877 Dei
1838 2834 1961 2878 sunt
1980 2827 2047 2879 θ’.

476 2910 722 2965 Stultitia
750 2910 900 2964 enim
936 2909 1046 2964 illis
1076 2917 1184 2972 est,
1213 2911 1307 2979 qui
1339 2926 1402 2965 ea
1451 2914 1784 2982 suscipiunt,
1815 2931 1918 2972 nec
1957 2916 2050 2973 Dei

475 3001 772 3055 bonitatem
794 3007 847 3054 et
862 3000 1310 3069 omnipotentiam
1332 3001 1711 3070 considerant;
1734 3021 1922 3060 verum
1962 3022 2052 3062 res

473 3091 688 3148 divinas
718 3091 970 3146 humanis
993 3091 1445 3162 naturalibusque
1484 3094 1792 3152 rationibus
1829 3097 2052 3154 iuves-ti-

477 3189 630 3252 gant.
645 3179 861 3235 Etenim
883 3195 1007 3251 qua:
1034 3180 1128 3237 Dei
1156 3191 1306 3247 sunt,
1327 3192 1577 3240 naturam
1595 3192 1646 3241 et
1662 3185 1980 3243 Sermonem
2000 3198 2055 3244 et

477 3271 857 3342 cogitationem
909 3281 1196 3343 superant.
1231 3271 1365 3328 Nam
1400 3274 1446 3330 si
1480 3275 1604 3345 quis
1665 3276 1851 3332 animo
1875 3279 2056 3334 volvat

479 3377 720 3434 quonam
775 3374 956 3434 pacto,
990 3372 1046 3420 et
1083 3379 1184 3420 cur
1223 3364 1366 3422 Deus
1404 3367 1586 3422 omnia
1623 3383 1686 3424 ex
1730 3371 1903 3426 nihilo
1930 3387 2057 3442 pro-

478 3455 732 3520 duxerit,
807 3457 1268 3528 naturalibusque
1332 3460 1643 3518 rationibus
1715 3462 1770 3517 id
1834 3463 2055 3534 assequi

477 3547 794 3611 contendat,
813 3564 1156 3620 nequaquam
1196 3551 1300 3606 hoc
1321 3555 1763 3624 comprehendet.
1787 3557 2056 3614 Animalis

477 3639 623 3693 enim
655 3647 711 3694 et
739 3638 1009 3695 diabolica
1038 3649 1123 3697 est
1146 3643 1465 3714 huiusmodi
1489 3648 1742 3703 scientia.
1785 3647 1889 3715 Qui
1920 3665 2050 3705 vero

480 3728 584 3783 tide
611 3729 778 3783 veluti
807 3743 970 3784 manu
1001 3731 1222 3800 ductus,
1252 3733 1422 3790 Deum
1461 3736 1688 3803 bonum,
1722 3746 1777 3792 et
1805 3741 2055 3811 omnipo-

479 3825 704 3886 tentem,
740 3827 793 3874 et
834 3836 1047 3888 verum,
1083 3831 1138 3876 et
1163 3825 1488 3894 sapientem,
1517 3827 1792 3897 etjustum
1828 3833 2052 3904 cogitat,

481 3908 663 3963 omnia
702 3909 865 3980 plana
911 3921 963 3967 et
992 3915 1308 3983 aequabilia,
1361 3917 1623 3989 viamque
1656 3929 1860 3977 rectam
1904 3923 2056 3980 inve-

483 4001 614 4057 niet.
639 4000 774 4056 Nam
812 4003 927 4060 ﬁeri
967 4021 1074 4060 non
1099 4018 1277 4078 potest
1304 4019 1366 4066 ut
1401 4012 1525 4082 quis
1556 4013 1676 4069 sine
1699 4015 1801 4071 ﬁde
1820 4018 2051 4074 salutem

479 4094 938 4162 consequatur".
973 4094 1107 4152 Fide
1133 4099 1402 4169 siquidem
1432 4111 1546 4157 tum
1575 4103 1817 4160 humana
1846 4107 2053 4172 omnia,

482 4195 595 4237 tum
667 4185 976 4254 spiritualia
1024 4199 1301 4246 constant.
1337 4191 1524 4264 Neque
1569 4195 1713 4250 enim
1745 4197 1984 4266 agricola
2007 4197 2054 4229 “

481 4274 600 4329 sine
655 4274 760 4329 ﬁde
798 4291 988 4331 arvum
1032 4280 1356 4349 proscindit,
1397 4298 1500 4338 nec
1541 4293 1816 4341 mercator
1849 4289 2048 4358 exiguo

482 4362 630 4432 ligno
663 4373 853 4420 vectus
883 4365 1122 4420 animam
1146 4384 1302 4424 suam
1329 4369 1647 4428 furentibus
1692 4375 1859 4432 maris
1891 4376 2054 4433 undis

2135 554 2192 607 δὲ
2221 553 2523 607 τελειοῦται
2556 553 2693 604 πᾶσι
2717 553 2830 612 τοῖς
2860 547 3300 618 νομοθετηθεῖσι-θ
3317 545 3424 598 ὑπὸ
3447 543 3548 598 τοῦ
3583 546 3734 615 Χρι-

2140 644 2289 709 στοῦ,
2317 645 2463 715 ἔργῳ
2497 643 2852 705 πιστεύουσα,
2897 638 3220 700 εύσεὸοῦσα,
3245 637 3340 690 καὶ
3364 637 3461 698 τὰς
3487 635 3736 696 ἐντολὰς

2139 738 2450 808 πράττουσα
2491 735 2600 789 -τοῦ
2667 731 3145 793 άνακαινίσαντος,
3177 730 3347 799 ἡμᾶς.
3385 728 3443 778 '0
3474 727 3596 797 γὰρ
3655 728 3738 795 μὴ

2141 826 2283 881 κατὰ
2314 827 2412 899 τὴν
2444 826 2742 897 παράδοσιν
2779 825 2879 892 τῆς
2922 821 3216 889 καθολικῆς
3259 818 3596 886 Ἐκκλησίας
3645 833 3738 867 πιο

2144 920 2372 986 στεύων,
2403 919 2436 990 ἢ
2472 919 2744 972 κοινωνῶν
2793 916 2882 970 διὰ
2946 915 3056 969 τῶν
3109 913 3328 968 ἀτόπων
3402 910 3592 981 ἔργων
3655 907 3740 978 τῷ

2141 1011 2394 1079 διαϐόλῳ,
2426 1008 2656 1072 ἄπιστός
2677 1008 2848 1062 ἐστιν.

2219 1187 2392 1238 Ἐστι
2419 1182 2476 1236 δὲ
2501 1180 2664 1235 πάλιν
2707 1179 2913 1245 πίστις
2933 1175 3334 1246 ἐλπιζομένων
3351 1175 3738 1239 ὑπόστασις.

2145 1273 2500 1346 πραγμάτων
2523 1272 2777 1340 ἐλεγχος
2803 1271 2876 1324 οὐ
2907 1266 3324 1336 βλεπομένων,
3347 1265 3740 1336 ἢάδίστακτος

2146 1366 2242 1419 καὶ
2271 1363 2584 1434 ἀδιάκριτος
2613 1360 2770 1423 ἐλπὶς
2811 1358 2920 1413 τῶν
2963 1375 3025 1411 τε
3079 1357 3184 1412 ὑπὸ
3213 1355 3349 1410 Θεοῦ
3379 1358 3516 1427 ἡμῖν
3548 1357 3736 1426 ἐπηγ-

2146 1456 2448 1526 γελμένων,
2488 1452 2584 1506 καὶ
2614 1452 2715 1522 τῆς
2745 1449 2855 1504 τῶν
2905 1450 3178 1520 αἰτήσεων
3219 1448 3378 1519 ήμῶν
3408 1447 3733 1516 ἐπιτυχίας.

2159 1548 2222 1600 Ἦ
2250 1547 2347 1617 μὲν
2369 1539 2463 1599 οὖν
2491 1541 2711 1613 πρώτη,
2739 1544 2842 1613 τῆς
2877 1539 3152 1612 ἡμετέρας
3181 1537 3410 1609 γνώμης
3444 1539 3594 1607 ἐστὶ,
3613 1540 3650 1606 ἡ
3679 1537 3738 1590 δὲ

2147 1636 2398 1710 δευτέρα,
2428 1635 2540 1691 τῶν
2578 1632 2936 1707 χαρισμάτων
2957 1631 3053 1686 τοῦ
3082 1630 3424 1702 Πνεύματος.

2225 1813 2426 1867 Ἰστὲον
2448 1812 2506 1866 δὲ
2538 1813 2622 1866 ὅτι
2649 1810 2736 1865 διὰ
2754 1809 2847 1864 τοῦ
2875 1809 3252 1881 βαπτίσματος
3277 1809 3738 1880 περιτεμνόμεθα

2149 1909 2294 1964 ἅπαν
2314 1907 2374 1961 τὸ
2407 1907 2516 1961 ἀπὸ
2541 1907 2808 1976 γενέσεως
2836 1905 3122 1976 κάλυμμα,
3139 1906 3259 1977 ἢτοι
3286 1906 3385 1977 τὴν
3423 1906 3736 1975 ἁμαρτίαν,

2148 1999 2244 2053 καὶ
2285 1999 2619 2070 Ἰσραηλῖται
2644 1997 3030 2069 πνευματικοὶ,
3069 1999 3164 2052 καὶ
3196 1997 3332 2051 Θεοῦ
3355 1996 3482 2062 λαὸς
3507 2015 3740 2068 χρημα-

2143 2090 2390 2162 τίξομεν.

2645 2181 2896 2237 ΚΕΦΑΛ.
2933 2182 3020 2236 IA'
3055 2181 3229 2254 [ua].

2257 2275 2395 2344 Περὶ
2415 2275 2705 2344 σταυροῦ,
2744 2275 2815 2328 ἐν
2850 2269 2898 2342 ᾧ
2929 2275 3015 2329 ἔτι
3037 2275 3138 2329 καὶ
3174 2274 3306 2342 περὶ
3334 2273 3622 2339 πίστεως.

2231 2365 2294 2420 '0
2320 2367 2504 2436 λόγος
2531 2369 2563 2420 ὁ
2583 2365 2689 2419 τοῦ
2717 2365 3005 2434 σταυροῦ,
3044 2365 3170 2431 τοῖς
3203 2364 3319 2434 μὲν
3362 2364 3738 2432 ἀπολλυμέ-

2147 2474 2278 2524 νοις
2303 2457 2493 2527 μωρία
2521 2456 2672 2522 ἐστι,
2697 2456 2823 2522 τοῖς
2847 2455 2915 2510 δὲ
2946 2456 3308 2526 σωζομένοις
3340 2457 3506 2526 ἡμῖν,
3544 2456 3735 2510 δύναι-

2144 2568 2246 2621 μις
2273 2549 2421 2604 Θεοῦ
2470 2550 2659 2604 ἐστιν.
2702 2549 2766 2602 '0
2803 2548 2918 2618 μὲν
2946 2547 3054 2620 γὰρ
3102 2549 3500 2618 πνευματικὸς
3528 2548 3735 2601 πάντα

2149 2641 2480 2710 ἀνακρίνει,
2510 2639 2775 2710 ψυχικὸς
2812 2639 2881 2692 δὲ
2935 2638 3249 2708 ἅνθρωπος
3281 2640 3352 2692 οὐ
3388 2637 3635 2706 δέχεται
3660 2638 3736 2691 τὰ

2148 2735 2257 2789 τοῦ
2315 2734 2682 2805 Πνεύματος.
2752 2731 2950 2802 Μωρία
3005 2732 3111 2804 γάρ
3141 2734 3258 2785 ἐστι
3290 2733 3403 2793 τοῖς
3436 2729 3511 2800 μὴ
3543 2730 3732 2783 πίστει

2150 2828 2487 2900 δεχομένοις,
2536 2829 2631 2882 καὶ
2683 2827 2746 2880 τὸ
2800 2811 3004 2896 ἀγαθὸν
3036 2826 3130 2880 καὶ
3173 2826 3588 2895 παντοδύναμον
3635 2825 3732 2879 τοῦ

2152 2919 2288 2973 Θεοῦ
2330 2918 2723 2988 λογιζομένοις,
2789 2918 2904 2973 ἀλλ’
2939 2918 3302 2990 ἀνθρωπίνοις
3346 2918 3441 2970 καὶ
3470 2919 3733 2984 φυσικοῖς

2151 3012 2430 3082 λογισμοῖς
2464 3009 2788 3082 ἐξερευνῶσι
2837 3021 2864 3062 P
2908 3011 2976 3064 τὰ
3009 3011 3162 3064 θεῖα⁶
3196 3009 3373 3064 πάντα
3396 3009 3508 3079 γὰρ
3531 3010 3606 3062 τά
3635 3009 3734 3061 τοῦ

2155 3101 2290 3155 Θεοῦ
2315 3101 2456 3172 ὑπὲρ
2491 3102 2653 3170 φύσιν
2687 3102 2816 3166 eici,
2867 3105 2964 3156 καὶ
3000 3101 3178 3168 λόγον,
3227 3099 3325 3154 καὶ
3372 3098 3610 3153 ἔννοιαν.
3674 3099 3738 3152 Ei

2156 3193 2266 3263 γάρ
2297 3209 2382 3256 τις
2406 3192 2693 3263 λογίσηται
2724 3193 2872 3254 ὅπως
2905 3193 2969 3244 ὲκ
2990 3191 3080 3244 τοῦ
3103 3192 3178 3261 μὴ
3194 3191 3349 3254 ὄντος
3371 3191 3450 3253 εἰς
3478 3191 3546 3243 τὸ
3567 3187 3737 3254 εἶναι,

2154 3285 2300 3348 τίνος
2355 3301 2418 3338 τε
2447 3283 2635 3338 ἕνεκεν
2668 3285 2990 3356 παρήγαγεν
3034 3283 3064 3335 ὁ
3103 3282 3237 3344 Θεὸς
3298 3281 3365 3335 τὰ
3397 3281 3606 3345 πάντα,
3641 3284 3740 3334 καὶ

2156 3378 2405 3446 φυσικοῖς
2427 3376 2710 3446 λογισμοῖς
2765 3375 2968 3445 φθάσαι
3013 3374 3302 3446 ἐϐουλήθη,
3339 3374 3402 3426 ού
3439 3372 3736 3443 καταλαμ-

2156 3468 2328 3523 ϐάνει.
2359 3468 2581 3539 Ψυχικὴ
2613 3468 2721 3539 γάρ
2754 3469 2901 3521 ἐστιν
2929 3469 2962 3538 ἡ
2994 3466 3196 3536 γνῶσις
3226 3467 3366 3534 αῦτη
3394 3466 3488 3518 καὶ
3535 3464 3736 3534 δαιμο-

2156 3555 2372 3627 νιώδης.
2407 3557 2469 3609 Εί
2491 3557 2548 3609 δέ
2577 3572 2662 3620 τις
2696 3556 2880 3609 πίστει
2923 3558 3462 3627 χειραγωγούμενος,
3494 3554 3735 3622 ἀγαθὸν,

2157 3650 2252 3704 καὶ
2280 3648 2714 3718 παντοδύναμον,
2765 3649 2862 3702 καὶ
2903 3647 3122 3716 ἀληθὲς,
3153 3647 3250 3700 καὶ
3293 3647 3475 3714 σοφὸν,
3529 3647 3630 3698 καὶ
3663 3646 3740 3698 δί-

2157 3757 2311 3794 καιον
2351 3738 2412 3792 τὸ
2441 3739 2596 3792 Θεῖον
2647 3737 2956 3808 λογίσηται,
2995 3737 3218 3808 εὑρήσει
3269 3738 3447 3790 πάντα
3477 3737 3606 3789 λεῖα
3643 3737 3738 3788 καὶ

2156 3832 2358 3904 ὁμαλά,
2384 3833 2481 3886 καὶ
2526 3831 2645 3886 ὁδὸν
2689 3829 2924 3885 εὐθεῖαν.
2969 3829 3160 3892 Ἑκτὸς
3188 3829 3297 3898 γὰρ
3337 3826 3580 3890 πίστεως
3609 3827 3738 3880 ἁδύ-

2156 3943 2314 3982 νατον
2369 3924 2607 3994 σωθῆναι
2631 3939 2644 3952 ’
2705 3921 2886 3976 πίστει
2937 3920 3047 3992 γὰρ
3088 3921 3289 3986 πάντα,
3323 3917 3393 3973 τά
3422 3934 3484 3970 τε
3518 3915 3736 3988 ἀνθρὼει

2156 4037 2309 4083 πινα,
2365 4017 2436 4073 τά
2478 4034 2539 4070 τε
2582 4014 2930 4086 πνευματικά
3006 4013 3372 4068 συνίστανται.
3432 4010 3576 4065 Οῦτε
3629 4011 3737 4080 γὰρ

2154 4109 2402 4182 γεωργὸς
2453 4109 2608 4172 ἐκτὸς
2658 4108 2894 4172 πίστεως
2947 4107 3139 4178 τέμνει
3187 4104 3293 4176 γῆς
3343 4103 3602 4157 αὔλακα’
3631 4105 3733 4158 οὐκ

2157 4196 2396 4269 ἔμπορος
2431 4195 2613 4268 μικρῷ
2660 4195 2800 4268 ξύλῳ
2851 4195 2951 4268 τὴν
3005 4195 3201 4249 ἑαυτοῦ
3263 4194 3444 4264 ψυχὴν
3489 4191 3572 4264 τῷ
3605 4211 3734 4264 μαι-

2157 4287 2368 4358 νομένῳ
2387 4287 2489 4358 τῆς
2518 4287 2794 4356 θαλάσσης
2822 4286 3052 4354 πελάγει
3089 4284 3459 4356 παραδίδωσιν
3478 4299 3492 4312 ο
3526 4284 3590 4336 οὐ
3629 4283 3734 4350 γάι

2149 4395 2251 4462 ⁹μοι
2282 4377 2650 4444 συνίστανται,
2679 4378 2781 4431 οὐκ
2817 4377 2948 4432 ἀλλο
2970 4393 3026 4429 τι
3055 4375 3165 4428 τῶν
3199 4377 3257 4462 ὲν
3283 4373 3360 4444 τῷ
3385 4373 3508 4444 βίῳ.
3541 4374 3734 4426 Πίστει

480 4454 796 4520 committit,
837 4469 940 4510 nec
976 4458 1324 4515 matrimonia
1353 4463 1782 4531 contrahuntur,
1822 4481 1925 4522 nec
1961 4469 2049 4523 de-

2158 4469 2387 4540 νοοῦμεν
2416 4471 2480 4522 ὲκ
2502 4467 2596 4522 τοῦ
2669 4467 2745 4541 μὴ
2781 4468 2936 4532 ὖντος
2984 4469 3064 4530 είς
3089 4467 3151 4520 τδ
3201 4460 3430 4519 εἶναιτὰ
3460 4465 3644 4520 πάντα
3668 4469 3732 4536 τῇ

481 4543 646 4612 nique
667 4543 814 4598 aliud
851 4547 1149 4618 quidquam
1189 4565 1380 4627 eorum
1424 4569 1548 4625 quae
1574 4555 1686 4611 vita
1719 4557 1844 4622 fert,
1879 4561 2056 4616 susci-

483 4633 650 4702 pitur.
699 4631 832 4690 Fide
885 4637 1246 4712 intelligimus
1296 4629 1402 4700 Dei
1463 4648 1715 4716 potentia
1756 4657 1956 4705 cuncta
1986 4667 2055 4708 ex

482 4722 656 4778 nihilo
704 4726 969 4794 producta
1033 4745 1180 4788 esse.
1207 4731 1341 4790 Fide
1375 4736 1559 4791 omnia
1609 4746 1758 4794 recte
1783 4741 2054 4811 gerimus,

483 4820 598 4868 tum
628 4815 885 4883 humana,
921 4827 1034 4874 tum
1063 4821 1268 4878 divina.
1293 4826 1454 4882 Fides
1481 4843 1644 4896 porro
1671 4837 1754 4885 est
1782 4846 2044 4888 assensus

481 4905 631 4959 omni
659 4909 875 4962 curiosa
903 4910 1258 4980 inquisitione
1278 4932 1481 4974 vacans
1504 4920 1575 4972 ".

552 4995 755 5053 Christi
783 5017 959 5054 rerum
983 5004 1130 5058 nulla
1155 5008 1454 5064 mirabilior
1478 5012 1814 5086 cruceanus
1849 5015 2047 5086 benefi-

481 5088 1012 5162 cia.-Quanquam
1049 5105 1230 5153 autem
1256 5103 1438 5158 omnis
1475 5083 1681 5160 Christi
1703 5105 1851 5161 actio
1879 5116 1933 5161 et
1954 5083 2054 5161 mi-

485 5183 800 5239 raculorum
825 5185 1014 5252 editio,
1039 5192 1322 5260 praeclara,
1355 5194 1538 5250 divina
1555 5211 1617 5251 ac
1640 5198 1908 5254 mirabilis
1930 5209 2049 5255 est:

483 5271 620 5326 nihil
647 5281 827 5331 tamen
865 5285 954 5334 est
989 5295 1052 5334 ex
1093 5283 1350 5339 omnibus
1381 5285 1526 5354 quod
1577 5287 1938 5345 admiratione
1969 5290 2051 5345 di-

553 5437 600 5514 "_
635 5437 792 5492 Rom.
823 5437 913 5514 2t).
957 5439 1043 5514 17.
1067 5442 1138 5514 __’°
1173 5442 1335 5514 Hebr.
1369 5459 1446 5509 ιι,
1485 5446 1534 5501 1.
1619 5449 1662 5481 ’⁸
1699 5448 1872 5506 lCor.
1908 5467 1946 5514 t,
1974 5449 2062 5506 25.

484 5508 782 5576 psal.cxv.
859 5511 907 5542 "
953 5508 1122 5566 Basil.
1199 5513 1296 5568 cit.
1379 5508 1486 5570 loc.

2157 4560 2250 4615 τοῦ
2281 4561 2416 4614 Θεοῦ
2447 4561 2675 4632 δυνάμει
2739 4559 3019 4632 παρῆχθαι
3046 4575 3060 4589 ·
3096 4559 3277 4613 πάντα
3310 4559 3379 4613 τά
3399 4577 3460 4612 τε
3484 4557 3608 4612 θεῖα
3641 4560 3736 4610 καὶ

2155 4652 2226 4707 τὰ
2255 4651 2574 4723 ἀνθρώπινα
2600 4651 2781 4705 πίστει
2824 4651 3224 4723 κατορθοῦμεν.
3269 4652 3459 4714 Πίστις
3493 4650 3555 4704 δέ
3587 4653 3735 4704 ἔστιν

2157 4743 2726 4816 άπολυπραγμὸνητος
2757 4743 3178 4814 συγκατάθεσις.

2224 5009 2382 5062 Πᾶσα
2439 5007 2537 5078 μὲν
2598 5001 2691 5060 οὖν
2761 5006 2959 5077 πρᾶξις
3015 5007 3110 5062 καὶ
3150 5005 3566 5078 θαυματουργία
3627 5008 3727 5060 τοῦ

2160 5100 2396 5173 Χριστοῦ
2445 5098 2698 5170 μεγίστη,
2757 5101 2854 5152 καὶ
2900 5099 3040 5164 θεία,
3089 5100 3185 5153 καὶ
3229 5100 3557 5170 θαυμαστή·
3597 5099 3738 5152 ἀλλὰ

2160 5195 2377 5248 πάντων
2401 5193 2521 5247 ἐστὶ
2552 5192 2994 5263 θαυμαστότερον
3023 5191 3248 5262 ὁτίμιος
3277 5193 3439 5246 αὐτοῦ
3475 5193 3734 5262 σταυρός.

2153 5287 2233 5340 Δι’
2268 5285 2478 5349 οὐδενὸς
2506 5285 2618 5357 γὰρ
2650 5285 2838 5356 ἑτέρου
2869 5287 2897 5337 ὁ
2921 5285 3149 5347 θάνατος
3180 5285 3547 5355 κατήργηται,
3581 5286 3614 5352 ἡ
3643 5284 3736 5337 τοῦ

2170 5451 2216 5483 θ’
2247 5451 2264 5504 Ι
2296 5449 2426 5505 Cor.
2472 5467 2534 5517 tt,
2569 5449 2656 5506 15.
2748 5450 2794 5483 ⁸³
2848 5448 3009 5502 liehr.
3059 5464 3133 5514 Xt,
3187 5451 3238 5503 6.
3363 5449 3407 5481 "
3474 5448 3639 5503 Busil.
3681 5452 3731 5503 in

1767 5605 1999 5663 VARUE
2033 5601 2436 5662 LECTIONES.

531 5717 565 5760 ρ
603 5700 779 5758 Codd.
815 5705 927 5762 fere
947 5723 1138 5766 omnes
1167 5711 1454 5780 ἐρευνῶσι.
