3926 6292
536 191 676 269 1119

1711 209 1772 269 S.
1816 205 2138 270 JOANNIS
2198 202 2635 268 DAMASCENI

3693 189 3828 257 nso
3896 143 3897 150 Ν

537 318 806 390 baptizari
835 317 1208 375 necessarium
1229 317 1663 390 est;baptizari,
1694 319 1946 390 inquam,
1977 320 2121 376 sicut

2245 318 2318 372 ιαὶ
2366 318 2522 387 ἅγιον
2563 316 2793 388 Πνεῦμα
2845 312 3274 386 βαπτισθέντες,
3309 310 3439 384 μίαν
3497 309 3674 381 φύσιν
3733 311 3830 377 τῆς

539 425 572 464 a
597 409 833 466 Domino
861 409 1069 466 dictum
1095 417 1218 466 est:
1255 409 1321 466 In
1347 411 1557 466 nomine
1590 409 1776 466 Patris
1815 422 1866 467 et
1905 411 2040 466 Filii
2071 424 2121 467 et

547 501 782 571 Spiritus
813 505 988 558 sancti
1022 503 1090 559 ⁵ο.
1125 503 1337 569 Quibus
1391 503 1602 558 scilicet
1635 503 1840 566 verbis.
1877 502 2052 559 Patris
2073 511 2127 558 et

538 593 660 647 Filii
723 603 778 649 et
833 595 1073 664 Spiritus
1107 594 1284 650 sancti
1345 593 1752 649 confessionem
1809 594 2123 650 edocemur.

539 683 812 750 Quocirca
869 686 962 754 qui
1013 685 1068 739 in
1124 685 1337 742 Patrem
1397 695 1453 741 et
1509 685 1712 740 Filium
1757 694 1814 740 et
1861 683 2126 758 Spiritum

541 786 788 830 sanetum
851 776 1112 846 baptizati
1149 814 1166 840 ,
1225 791 1502 845 unamque
1553 777 1611 831 in
1673 777 1852 831 tribus
1902 764 2130 832 Deitatis

540 866 795 934 personis
828 875 1083 920 naturam
1120 865 1333 928 edocti,
1368 866 1702 936 baptismum
1753 874 2028 934 repetunt,
2067 865 2130 930 ii,

542 957 847 1010 secundum
903 955 1149 1010 divinum
1193 955 1541 1027 Apostolum,
1596 955 1876 1020 Christum
1935 970 2132 1010 rursus

542 1046 910 1115 cruciﬁgnnt:
945 1045 1282 1108 Impossibite
1311 1047 1450 1100 enim
1495 1055 1614 1110 est,
1652 1046 1858 1115 inquit,
1909 1062 1997 1100 eos
2041 1046 2134 1115 qui

545 1134 703 1188 semel
732 1135 1026 1188 illuminati
1053 1145 1201 1201 sunt,
1231 1143 1364 1200 etc.,
1427 1151 1612 1189 rursus
1659 1134 1728 1188 ad
1774 1135 2136 1204 paenitentiam

490 1219 500 1230 ’
547 1240 814 1287 renovare,
851 1227 1214 1296 cruciﬁgentes
1247 1227 1438 1280 iterum
1477 1225 1641 1296 260
1684 1225 1786 1278 sibi
1819 1226 1949 1292 ipsis
1977 1223 2138 1279 Chri-

546 1325 709 1382 stum,
743 1325 791 1370 et
834 1318 1065 1371 ostentui
1101 1317 1352 1370 habentes
1406 1317 1475 1369 δι.
1519 1319 1588 1369 At
1635 1316 1727 1386 qui
1777 1316 1832 1370 in
1889 1323 2136 1372 sanctam

441 1470 447 1476 _
550 1405 878 1462 Trinitatem
916 1409 1179 1478 haptizati
1213 1423 1322 1462 non
1358 1413 1511 1474 sunt,
1549 1407 1605 1460 hi
1637 1406 1818 1461 denuo
1853 1406 2137 1476 baptizen-

551 1508 644 1552 tur
697 1514 925 1554 necesse
979 1505 1086 1554 est.
1129 1499 1244 1555 Etsi
1292 1499 1440 1554 enim
1493 1488 1794 1568 Apostolus
1843 1496 1978 1552 dicit
2024 1495 2142 1552 ειη

554 1588 830 1646 Christum
885 1599 935 1645 et
983 1591 1036 1644 in
1073 1601 1299 1646 mortem
1352 1592 1517 1660 ipsius
1559 1590 1819 1658 baptizati
1851 1607 2033 1644 sumus
2060 1591 2141 1657 ";

2228 409 2524 479 θεότητοςΐ
2558 410 2617 462 ὲν
2667 407 2848 480 τρισὶν
2883 406 3218 461 ὑποστάσεσι
3267 403 3642 475 διδαχθέντες,
3674 397 3831 463 αὖθις

2227 501 2710 566 ἁναϐαπτίζονται,
2743 492 2890 555 οὗτοι
2933 497 3342 570 ἀνασταυροῦσι
3397 498 3490 550 τὸν
3546 494 3831 566 Χριστὸν,

2228 589 2305 658 ὥς
2333 609 2500 664 φησιν
2527 594 2557 647 6
2601 592 2747 656 θεῖος
2786 589 3136 654 Ἀπόστολος.
3176 589 3506 644 Ἀδύνατον
3539 587 3659 657 γὰρ
3694 586 3830 649 τοὺς

2230 684 2395 750 ἅπαξ
2427 683 2857 754 φωτισθέντας,
2877 683 2972 736 καὶ
3006 682 3077 736 τὰ
3113 679 3264 752 ἑξῆς,
3291 675 3464 746 αὖθις
3506 677 3832 734 circumﬁ-

2233 775 2352 836 ζειν
2379 776 2468 840 είς
2500 773 2851 844 μετάνοιαν,
2882 770 3422 841 ἀνασταυροῦντας
3449 767 3702 834 ἑαυτοῖς
3737 766 3832 820 τόν

2231 866 2512 934 Χριστὸν,
2541 865 2640 920 καὶ
2669 861 3338 936 παραδειγματίζοντας.
3370 861 3524 916 Ὅσοι
3549 860 3616 912 δὲ
3653 858 3738 930 μὴ
3763 861 3836 920 εἰς

2232 957 2332 1028 τὴν
2383 955 2545 1026 ἁγίαν
2579 957 2788 1028 Τριάδα
2839 955 3275 1026 ἐϐαπτίσθησαν,
3308 951 3535 1016 τούτους
3567 951 3658 1004 δεῖ
3709 952 3836 1003 ἀνα-

2235 1045 2621 1112 ϐαπτίζεσθαι.
2655 1049 2719 1101 Et
2763 1047 2872 1119 γὰρ
2917 1047 3012 1101 καί
3047 1063 3214 1116 φησιν
3252 1047 3280 1100 6
3301 1044 3444 1109 θεῖος
3479 1042 3834 1104 Ἀπόστοὶος,

2235 1139 2319 1192 ὅτι
2350 1141 2457 1205 Εἰς
2488 1137 2752 1206 Χριστὸν
2777 1137 2875 1193 καί
2921 1139 3009 1203 είς
3045 1136 3157 1191 τὸν
3195 1133 3457 1192 θάνατον
3486 1132 3689 1187 αὐτοῦ
3713 1132 3832 1184 ἐξα-

2237 1233 2596 1301 πτίσθημεν,
2621 1231 2722 1302 οὐχ
2743 1229 2888 1285 οῦτω
2916 1229 3026 1282 δεῖν
3072 1227 3322 1297 γίνεσθαί
3347 1243 3482 1297 φησι
3513 1223 3620 1278 τοῦ
3647 1223 3837 1294 ﬁam-:-

2241 1342 2451 1396 σματος
2505 1322 2605 1393 τὴν
2649 1321 2980 1393 ἐπίκλησιν,
3015 1318 3132 1374 ἀλλ’
3173 1320 3256 1372 ὅτι
3304 1317 3477 1381 τύπος
3515 1316 3624 1369 τοῦ
3686 1314 3838 1367 θανά.

2237 1434 2335 1470 του
2387 1415 2482 1469 τοῦ
2523 1413 2762 1486 Χριστοῦ
2792 1415 2909 1466 ὲστι
2961 1412 3026 1466 τὸ
3071 1411 3380 1483 βάπτισμα.
3433 1407 3536 1461 Διὰ
3581 1416 3703 1476 γαρ
3745 1404 3840 1456 τῶν

2239 1507 2407 1578 τριῶν
2435 1505 2547 1578 (68)
2577 1502 2968 1567 καταδύσεων,
3008 1499 3106 1564 τὰς
3134 1499 3288 1571 τρεῖς
3333 1495 3551 1568 ἡμέρας
3601 1493 3711 1564 τῆς
3751 1492 3839 1546 τοῦ

2242 1601 2452 1671 Κυρίου
2507 1598 2686 1669 ταφῆς
2746 1595 3004 1668 σημαίνει
3045 1593 3108 1648 τδ
3163 1593 3469 1664 βάπτισμα.
3501 1591 3582 1644 Τὸ
3629 1585 3732 1643 οῦν
3770 1591 3844 1648 si;

553 1698 663 1737 non
697 1692 880 1738 tamen
914 1684 1021 1739 hoc
1053 1685 1192 1747 vult,
1225 1684 1485 1755 baptismi
1517 1685 1920 1739 invocationem
1961 1699 2027 1738 ex
2055 1681 2143 1740 his

2245 1661 2483 1764 Xpiarbv
2506 1661 2876 1761 βαπτισθῆναι
2900 1687 3070 1758 δηλοῖ,
3089 1661 3550 1745 σεδ-πιστεύοντας
3576 1681 3665 1745 εἰς
3692 1679 3844 1734 αὐτὸν

554 1773 739 1829 verbis
765 1782 1034 1830 constare
1064 1775 1289 1841 debere,
1329 1790 1522 1830 verum
1551 1775 1658 1828 hoc
1688 1774 1932 1838 demum,
1964 1774 2145 1844 bapti-

558 1881 736 1922 smum
788 1867 983 1922 mortis
1012 1866 1220 1923 Christi
1252 1869 1483 1938 ﬁguram
1513 1867 1796 1938 praeferre.
1831 1866 2145 1936 Baptismus

557 1958 828 2030 siquidem
868 1961 959 2030 qui
992 1959 1135 2014 trina
1166 1959 1523 2016 immersione
1562 1959 1858 2030 peragitur,
1892 1965 2004 2015 tres
2030 1959 2147 2015 dies

559 2051 858 2123 signiﬁcat,
910 2051 1112 2122 quibus
1169 2050 1436 2107 Dominus
1480 2051 1695 2106 tumulo
1756 2051 2012 2107 conditus
2063 2050 2150 2121 ja-

561 2144 678 2196 cuit
703 2142 771 2194 ⁸³.
817 2142 1000 2208 Quare
1032 2142 1088 2195 in
1127 2141 1414 2196 Christum
1464 2141 1799 2212 baptizatum
1849 2156 1971 2197 esse
2011 2141 2150 2196 nihil

562 2233 708 2288 aliud
757 2233 986 2301 indicat,
1038 2249 1205 2306 quam
1241 2235 1296 2290 in
1329 2235 1486 2289 illum
1535 2233 1814 2290 credendo
1866 2234 2149 2290 salutifera

561 2342 706 2396 aqua
734 2327 890 2396 tingi.
921 2327 1067 2382 Fieri
1100 2343 1209 2382 non
1262 2334 1446 2397 potest
1477 2335 1538 2383 ut
1561 2327 1617 2381 in
1647 2326 1925 2383 Christum
1957 2327 2151 2383 creda-

563 2433 707 2483 mus,
749 2419 858 2474 nisi
899 2418 1078 2475 Patris
1109 2428 1164 2475 et
1192 2417 1318 2474 Filii
1365 2426 1420 2474 et
1449 2417 1694 2489 Spiritus
1727 2420 1905 2475 sancti
1933 2419 2152 2475 confes-

565 2512 721 2566 sione
774 2513 970 2566 imbuti
1017 2513 1194 2568 simus
1239 2513 1309 2566 ⁸⁸.
1362 2512 1617 2568 Christus
1650 2512 1796 2568 enim
1847 2522 1932 2568 est
1979 2511 2154 2568 Filius

564 2601 660 2656 Dei
699 2603 808 2657 vivi
843 2605 910 2670 ⁸⁸,
952 2619 1116 2674 quem
1167 2603 1330 2660 Pater
1381 2605 1541 2660 unxit
1597 2605 1808 2676 Spiritu
1863 2613 2056 2660 sancto
2084 2606 2153 2670 ",

565 2693 1030 2763 quemadmodum
1063 2697 1142 2749 ait
1168 2695 1394 2752 divinus
1433 2695 1604 2751 David
1632 2714 1645 2750 :
1683 2695 1971 2765 Propterea
2001 2695 2155 2748 unxit

570 2797 617 2840 te
652 2786 812 2855 Deus,
871 2787 1010 2842 Deus
1062 2797 1206 2856 tuus,
1253 2789 1368 2844 oleo
1408 2788 1610 2843 laetitiae
1660 2805 1771 2858 pra:
1825 2785 2158 2842 consortibus

569 2878 674 2931 tuis
706 2879 772 2934 ⁸⁷.
810 2879 980 2935 Isaias
1013 2895 1234 2950 quoque
1261 2895 1326 2934 ex
1360 2879 1576 2936 Domini
1617 2894 1852 2949 persona
1883 2879 2115 2949 loquens
2142 2897 2155 2932 :

570 2969 804 3039 Spiritus
859 2971 1077 3026 Domini
1133 2987 1290 3038 super
1349 2988 1471 3037 me,
1535 2981 1751 3041 propter
1804 2971 1946 3041 quod
2001 2972 2153 3025 unxit

571 3076 652 3114 me
685 3060 756 3113 ³⁸.
788 3059 1082 3117 Enimvero
1129 3076 1383 3132 quaenam
1428 3061 1722 3116 verborum
1771 3059 1947 3115 forma
1995 3060 2152 3114 adhi-

571 3149 752 3206 benda
805 3162 975 3218 esset,
1033 3151 1301 3208 Dominus
1354 3152 1648 3223 discipulis
1693 3152 1808 3208 suis
1855 3151 2154 3222 exposuit:

571 3243 916 3312 Baptizantes
949 3261 1060 3310 eos,
1084 3245 1363 3314 inquiens,
1397 3245 1451 3298 in
1483 3245 1699 3298 nomine
1738 3243 1924 3297 Patris
1951 3252 2000 3296 et
2032 3241 2163 3296 Filii

571 3344 620 3388 et
672 3333 904 3403 Spiritus
930 3337 1102 3390 sancti
1135 3335 1204 3390 ³⁸.
1241 3333 1510 3402 Quoniam
1547 3335 1694 3391 enim
1729 3334 2166 3390 immortalitatis

643 3489 690 3520 ⁵ο
716 3488 907 3545 Matth.
942 3505 1136 3556 xxviii,
1175 3489 1262 3545 19.
1341 3491 1385 3522 “
1418 3487 1586 3546 Hebr.
1619 3506 1693 3554 ιν,
1723 3489 1778 3543 6.
1861 3489 1905 3522 ⁸¹
1936 3487 2097 3543 Rom.
2134 3504 2214 3556 vi,
2244 3488 2300 3542 '5.

2247 1781 2626 1856 βαπτίζεσθαι.
2669 1779 2962 1834 Ἀδύνατον
3014 1777 3073 1832 δὲ
3111 1779 3191 1842 είς
3236 1774 3474 1848 Χριστὸν
3519 1774 3840 1836 πιστεῦσαι,

2248 1878 2324 1947 μὴ
2352 1875 2700 1946 διδαχθέντας
2729 1873 2828 1944 τὴν
2861 1873 2944 1936 εἰς
2976 1871 3199 1942 Πατέρα
3243 1869 3340 1923 καὶ
3373 1869 3504 1922 Υίὸν
3551 1869 3657 1921 καὶ
3699 1868 3843 1936 ἅγιον

2246 1967 2472 2038 Πνεῦμα
2525 1965 2839 2036 ὁμολογίαν.
2881 1962 3117 2035 Χριστὸς
3152 1961 3263 2033 γάρ
3296 1962 3446 2015 ἐστιν
3493 1962 3523 2014 6
3571 1961 3713 2023 Υἱὸς
3761 1957 3842 2012 τοῦ

2246 2059 2384 2114 Θεοῦ
2413 2058 2508 2113 τοῦ
2541 2057 2768 2122 ζῶντος,
2801 2055 2860 2110 ὃν
2887 2055 3106 2127 ἔχρισεν
3127 2054 3156 2107 6
3187 2053 3381 2125 Πατὴρ
3405 2050 3485 2121 τῷ
3513 2051 3668 2122 ἁγίῳ
3685 2050 3845 2104 Πνεῦ-

2251 2168 2405 2223 ματι,
2442 2148 2518 2212 ὥς
2549 2164 2715 2219 φησιν
2739 2147 2770 2200 6
2801 2147 2948 2210 θεῖος
2971 2144 3136 2198 Δαϐίδ
3156 2161 3172 2176 ο
3192 2146 3296 2199 Διά
3326 2143 3503 2198 τοῦτο
3536 2141 3762 2212 ἐχρισέ
3785 2157 3850 2193 σε

2250 2245 2284 2296 ὁ
2315 2240 2496 2306 Θεὸς,
2527 2242 2560 2294 ὁ
2615 2239 2762 2306 Θεός
2804 2251 2924 2292 σου
2979 2235 3190 2291 ἔλαιον
3235 2233 3670 2306 ἀγαλλιάσεως
3703 2233 3851 2301 παρὰ

2250 2332 2394 2400 τοὺς
2415 2331 2715 2402 μετόχους
2742 2345 2882 2385 σου.
2917 2329 3029 2384 Καὶ
3067 2329 3296 2391 Ἡσαΐας
3319 2329 3384 2380 ὲκ
3422 2325 3737 2397 προσώπου
3767 2324 3850 2377 τοῦ

2251 2423 2462 2494 Κυρίου
2485 2441 2500 2456 ο
2528 2421 2772 2491 Πνεῦμα
2798 2421 3019 2490 Κυρίου
3051 2419 3142 2473 ἐπ’
3174 2418 3301 2488 ἐμὲ,
3319 2413 3391 2474 οὗ
3413 2417 3635 2472 ἕνεκεν
3653 2418 3852 2486 ἐχρισέ

2249 2535 2346 2589 με.
2397 2519 2510 2589 Τὴν
2539 2517 2722 2588 μέντοι
2750 2515 3046 2587 ἐπίκλησιν
3087 2515 3214 2578 τοὺς
3255 2513 3495 2578 οἰκείους
3543 2513 3851 2585 μαθητὰςό

2254 2610 2461 2682 Κύριος
2492 2609 2760 2664 διδάσκων
2810 2606 2966 2676 ἔλεγε
2992 2623 3008 2638 ·
3039 2605 3435 2672 Βαπτίζοντες
3491 2605 3739 2670 αὐτοὺς
3778 2606 3854 2669 είς

2255 2702 2323 2758 τὸ
2359 2703 2552 2772 ὄνομα
2581 2700 2689 2754 τοῦ
2713 2699 2945 2769 Πατρὸς
2969 2697 3070 2753 καί
3097 2699 3208 2752 τοῦ
3236 2697 3372 2751 Υιοῦ
3406 2696 3504 2750 καὶ
3539 2695 3659 2750 τοῦ
3691 2697 3856 2765 ἁγίου

2257 2793 2628 2861 Πνεύματος.
2658 2790 2880 2860 Ἐπειδὴ
2909 2789 3020 2861 γὰρ
3045 2789 3134 2842 ἐπ’
3155 2788 3467 2860 ἀφθαρσίαν
3489 2789 3516 2828 ⁸
3548 2789 3858 2858 πεποίηκεν

2260 2883 2408 2953 ἡμᾶς
2431 2883 2459 2934 ὁ
2483 2881 2636 2945 θεὸς.
2668 2878 3026 2951 παραϐάντας
3059 2877 3118 2931 δὲ
3145 2877 3246 2948 τὴν
3274 2876 3542 2947 σωτήριον
3580 2874 3758 2928 αὐτοῦ
3783 2877 3862 2928 ὲηέ.

2263 2971 2445 3044 τολὴν,
2475 2970 2651 3042 φθορᾷ
2675 2970 2911 3024 θανάτου
2940 2968 3324 3030 κατεδίκασεν,
3344 2965 3433 3019 ἴνα
3472 2965 3549 3036 μὴ
3593 2965 3862 3020 ἀθάνατον

2257 3058 2293 3139 ᾖ
2315 3061 2376 3116 τὸ
2414 3061 2606 3127 κακὸν,
2629 3059 2978 3129 συγκαταϐὰς
3002 3057 3059 3112 δὲ
3089 3060 3200 3122 τοῖς
3230 3055 3458 3118 δούλοις,
3485 3055 3566 3118 ὡς
3590 3053 3862 3120 εὔσπλαγ-

2264 3171 2425 3227 χνος,
2456 3153 2550 3206 καὶ
2593 3151 2714 3205 καθ’
2755 3153 2908 3222 ἡμᾶς
2946 3150 3005 3204 δὲ
3025 3149 3054 3186 ιι
3081 3146 3344 3218 γεγονὼς,
3370 3146 3471 3217 τῆς
3522 3145 3748 3216 φθορᾶς
3785 3147 3864 3198 διὰ

2265 3243 2362 3296 τοῦ
2395 3241 2528 3296 ίδίου
2556 3240 2764 3304 πάθους
2790 3239 3136 3311 ὲλυτρὼσατο
3157 3253 3171 3267 ⁸
3205 3238 3485 3308 ὲπήγασεν
3511 3237 3656 3306 ἡμῖν
3688 3238 3756 3288 ἐκ
3776 3235 3859 3302 τῆς

2273 3333 2435 3404 ἁγίας
2464 3332 2560 3387 καὶ
2587 3333 2863 3404 ἀχράντου
2891 3329 3057 3386 αὐτοῦ
3089 3329 3332 3401 πλευρᾶς
3361 3325 3548 3398 πηγὴν
3579 3326 3860 3396 ἀφέσεως

2402 3487 2451 3520 ⁵³
2485 3489 2647 3542 Auct.
2678 3487 2884 3554 Quwst.
2918 3485 2987 3539 ad
3038 3482 3283 3538 Antioch.
3332 3459 3416 3554 ﬁt
3443 3481 3617 3554 Basii.
3667 3483 3771 3535 lib.
3801 3480 3864 3532 De

574 3557 718 3629 bapt.
748 3576 787 3625 ι,
829 3575 950 3630 cap.
984 3559 1070 3616 12.
1123 3551 1193 3592 ’⁸⁸
1214 3560 1406 3617 Matth.
1439 3576 1553 3627 xvi,
1581 3551 1689 3615 16.7
1753 3561 1799 3592 ”
1816 3560 1940 3615 Act.
1977 3575 2034 3626 χ,
2061 3558 2144 3616 '58.

2249 3559 2268 3590 "
2301 3555 2450 3613 Psal.
2479 3573 2624 3624 xuv,
2653 3551 2716 3612 3:
2779 3555 2825 3590 ⁵⁸
2850 3557 2954 3612 lsa.
2991 3571 3104 3622 LXI,
3131 3555 3182 3609 1.
3259 3554 3304 3585 ⁸³
3332 3551 3520 3608 Matth.
3547 3568 3758 3617 xxvut,
3791 3553 3862 3607 19.

1879 3719 2113 3776 VARUE
2155 3717 2565 3778 LECTIONES.
2817 3778 2820 3781 .

660 3829 678 3868 τ
709 3831 818 3886 Vox
853 3833 1124 3905 θεότητος.
1160 3838 1314 3894 deest
1344 3838 1400 3892 in
1431 3838 1595 3894 editis
1621 3845 1675 3893 et
1701 3836 1769 3892 R.
1797 3836 1850 3893 1.
1933 3839 1958 3877 ⁸
1989 3834 2124 3893 Cod.
2162 3835 2220 3892 S.
2251 3835 2360 3892 ﬂil.
2400 3841 2456 3892 et
2495 3831 2587 3888 alii
2619 3828 2774 3887 multi
2809 3827 2898 3883 ἐπ’
2947 3826 3246 3899 ἀφθαρσίᾳ.
3295 3822 3467 3880 Vetus
3527 3821 3773 3891 interpr.
3819 3820 3864 3872 in

575 3901 1012 3987 inrorruptionef
1059 3905 1086 3944 ιι
1123 3906 1269 3964 Edit.
1308 3907 1474 3965 Basil.
1527 3909 1649 3962 κατ’
1703 3909 1852 3980 ἡμᾶς
1891 3908 1969 3964 δέ.

2108 4018 2336 4076 NOTAE.

583 4129 1036 4205 dinem._Pr0pter
1060 4132 1160 4205 has
1181 4133 1368 4205 itaque
1392 4133 1638 4190 rationes
1669 4134 1868 4205 saeculo
1899 4133 2162 4198 secundo,

584 4204 641 4256 in
672 4201 880 4270 duplici
921 4201 1171 4276 Phrygiae
1195 4201 1427 4276 synodo,
1456 4212 1512 4260 et
1554 4205 1698 4276 apud
1737 4204 2024 4276 Egyptios
2053 4211 2168 4258 stac

587 4280 768 4344 tntum
801 4280 995 4344 estsut
1028 4274 1270 4344 haeretici
1305 4275 1484 4332 denuo
1509 4274 1943 4344 baptizaren't’ur.
1968 4274 2164 4340 Quam-

587 4342 776 4396 obrem
807 4342 854 4414 si
909 4341 1052 4398 forte
1105 4340 1326 4414 quidam
1359 4362 1426 4400 ex
1463 4347 1544 4400 eis
1581 4340 1810 4399 sincero
1853 4346 1962 4398 ritu
2006 4344 2164 4398 tincti

588 4418 796 4484 essent,
831 4413 1137 4484 baptismus
1159 4415 1248 4471 ille
1280 4415 1578 4478 secundus,
1609 4425 1869 4484 tanquam
1893 4415 1999 4484 sub
2025 4428 2162 4468 con-

2271 4146 2448 4188 canon
2499 4129 2568 4186 16
2595 4144 2658 4184 ex
2712 4127 2823 4184 illis
2849 4125 2943 4198 qni
2982 4123 3285 4195 Apostolici
3311 4131 3604 4198 vocantur,
3645 4138 3766 4192 quo
3786 4124 3867 4193 ju-

2279 4203 2462 4266 betur,
2499 4209 2560 4254 ut
2602 4200 2651 4252 si
2699 4199 2816 4267 quis
2853 4192 3126 4266 episcopus
3157 4203 3279 4267 aut
3302 4192 3579 4267 presbyter
3616 4209 3730 4267 non
3770 4192 3866 4267 tres

2273 4263 2540 4326 initiando
2576 4263 2860 4324 mersiones
2881 4263 3088 4338 Iecerit,
3119 4263 3234 4317 ἀλλ’
3257 4264 3318 4316 ἓν
3343 4263 3654 4338 primaria,
3681 4266 3768 4326 εἰς
3791 4265 3870 4314 τὸν

2273 4342 2505 4396 θάνατον
2546 4339 2641 4393 τοῦ
2683 4333 2894 4409 Κυρίου
2943 4337 3235 4409 διδόμενον,
3260 4333 3352 4388 sed
3373 4333 3868 4409 tinctignemlrnam

2269 4429 2388 4482 qua:
2431 4411 2586 4466 detur
2606 4411 2658 4465 in
2693 4401 2911 4482 mortem
2934 4401 3660 4482 Doniini,ri_eponatur._l§am
3687 4401 3867 4482 Theo-

589 4471 801 4536 ditione
850 4471 1086 4540 collatus
1129 4471 1485 4541 testimandus
1537 4471 1674 4538 erat.
1721 4471 1931 4539 'Verum
1979 4483 2158 4537 Latini
2269 4471 2517 4545 doretus,
2552 4482 2646 4534 lib.
2672 4495 2725 4533 Iv
2748 4479 2948 4532 Haeres.
2976 4475 3176 4545 cap.5;
3205 4471 3483 4545 sacratas,
3512 4472 3613 4545 lib_.
3633 4487 3690 4525 vi
3731 4471 3866 4545 Hist.

592 4552 807 4624 meliori
852 4553 970 4624 lege
998 4556 1314 4612 luereticum
1345 4571 1456 4610 non
1480 4554 1842 4623 recipiebant,
1879 4555 1988 4609 nisi
2010 4569 2162 4622 qum—
2199 4546 2245 4603 D
2269 4543 2877 4624 ο.25,οι“5οιριιιειιιιε,
2903 4547 3002 4614 lib.
3044 4543 3870 4624 vi,.c.26,scribu‘ntEuriprnia;

593 4622 758 4676 situm
782 4637 890 4692 qua
913 4622 1218 4681 verborum
1249 4625 1425 4680 forma
1447 4622 1752 4693 baptizatus
1775 4632 1939 4681 esset.
1955 4625 2165 4677 Horum

596 4707 807 4772 rnorem
843 4709 954 4749 non
984 4711 1192 4764 paucos
1219 4696 1574 4772 ex_Asiatieis
1599 4695 1882 4765 amplexos
1906 4709 2031 4750 esse
2064 4693 2170 4748 Ba-

596 4763 756 4835 silius
785 4764 901 4835 ipse
928 4763 1188 4828 testatur,
1219 4767 1386 4835 epist.
1414 4767 1439 4820 1
1476 4779 1674 4819 canon.

669 4831 782 4901 (68)
807 4831 914 4888 Διὰ
949 4837 1055 4905 γὰρ
1088 4836 1207 4905 τῶν
1224 4831 1418 4903 τριῶν.
1440 4835 1748 4904 Baptismus
1772 4834 2049 4905 siquidem,
2065 4841 2174 4905 etc.

600 4903 839 4975 Basilius
862 4902 1052 4960 lib.De
1079 4902 1287 4974 Spiritu
1317 4902 1670 4975 sancto,cap.
1690 4906 1784 4970 28,
1813 4902 1866 4958 et
1897 4906 2058 4974 epist.
2076 4902 2178 4969 59;

601 4971 996 5047 l_|_ierony_mus,
1021 4971 1180 5030 Cant.
1217 4975 1394 5047 Lucii.
1423 4984 1480 5032 et
1513 4971 1709 5047 alii'ab
1741 4971 2043 5047 apostolica
2073 4981 2187 5028 tra-

602 5045 776 5098 ditum
840 5043 1067 5107 ferunt,
1128 5057 1189 5102 ut
1231 5043 1386 5102 terna
1439 5043 1823 5102 mersitatione
1883 5045 2188 5116 baptismus

603 5116 781 5178 ﬁeret,
821 5130 930 5188 non
979 5118 1167 5188 solum
1199 5126 1426 5188 prapter
1456 5115 1681 5188 nomina
1716 5116 1881 5188 trium
1915 5129 2188 5188 persona-

604 5199 726 5240 rum
749 5187 1116 5243 sanctissimte
1129 5185 1437 5252 Trinitatis,
1458 5185 1557 5242 sed
1578 5186 1745 5241 etiam
1773 5186 1904 5255 quia
1929 5185 2191 5240 Dominus

604 5257 800 5312 diebus
837 5259 1013 5315 tribus
1040 5266 1291 5314 mortuus
1327 5258 1451 5313 fuit.
1486 5256 1625 5312 Can.
1662 5257 1691 5309 7
1726 5257 1984 5311 secundae
2042 5270 2182 5326 synf-

606 5327 700 5406 odi
725 5327 1074 5406 jussum_est
1122 5329 1494 5406 Eunomianos
1528 5327 1710 5406 denuo
1751 5326 2038 5406 baptizari,
2075 5323 2174 5394 qui

608 5399 772 5468 unica
812 5401 1108 5466 mersione,
1130 5416 1226 5456 seu
1257 5399 1422 5456 etiam
1455 5399 1791 5468 perfusione,
1813 5399 2172 5468 tingerentur.

608 5467 723 5521 liae
755 5471 898 5540 enim
960 5477 1314 5537 czeremonia,
1345 5467 1472 5540 quae
1512 5469 1800 5540 hactenus
1830 5467 2034 5522 usitata
2063 5480 2174 5540 non

603 5539 970 5614 e_rat,_Fi_lius
1012 5550 1068 5598 et
1101 5535 1342 5614 Spiritus
1364 5535 1610 5614 ‘sauctus
1634 5553 1680 5614 Va
1719 5538 1924 5593 deitate
1955 5535 2174 5614 excludi

598 5609 1083 5674 signiﬁcabantur.
1121 5609 1228 5669 Ista
1276 5612 1472 5670 hatt‘esi
1515 5613 1759 5680 proiecto
1791 5609 2067 5666 recentior
2093 5613 2178 5663 est

2277 4611 2524 4686 nos,'non
2545 4621 2600 4674 in
2619 4611 2966 4682 Trinitatem,
2991 4615 3086 4672 sed
3111 4615 3431 4686 inmortem
3457 4611 3682 4686 Domini
3711 4612 3870 4686 bapti-

2279 4683 2440 4747 zasse
2472 4708 2486 4750 ;
2519 4691 2631 4744 imo
2663 4688 3046 4743 Theodoretus
3067 4683 3242 4744 addit,
3274 4683 3528 4737 omisisse
3565 4683 3872 4736 invocatio-

2281 4777 2406 4817 nem
2457 4760 2787 4822 Trinitatis,
2820 4757 2956 4827 μηδὲ
3008 4753 3283 4808 ποιεῖσθαι
3327 4753 3426 4822 τὴν
3477 4751 3582 4827 τῆς
3637 4753 3872 4827 Τριὰδκ

2287 4831 2600 4902 ἐπίκλησιν.
2631 4827 2803 4902 Quod
2821 4822 2992 4902 'fa'cile
3041 4841 3151 4879 non
3177 4822 3578 4902 concesserim.
3612 4823 3870 4902 quando-

2287 4891 2512 4972 quirlei'n
2542 4891 2878 4972 Epiphanius
2923 4896 3070 4972 hunc
3100 4908 3227 4950 esse
3261 4891 3870 4972 contenditferbormu

2284 4959 2408 5042 quas
2458 4959 2790 5042 baptizando
2839 4966 3451 5042 proferrent__,sensuiu
3485 4959 3605 5042 :AI_n
3664 4963 3868 5040 nostris:

2285 5033 2384 5097 Dei
2419 5033 2661 5104 incr'eati,
2691 5041 2747 5093 in
2793 5033 3003 5093 nomine
3055 5033 3434 5104 Filii_creati,
3472 5040 3520 5085 et
3554 5033 3612 5084 in
3664 5033 3872 5104 nomine

2287 5111 2522 5180 Spiritus
2547 5102 2960 5182 sanctiﬁcantis,
2993 5106 3084 5182 qui
3113 5121 3145 5158 a
3194 5102 3340 5182 Filio
3371 5112 3582 5182 creatus
3610 5111 3702 5182 est
3717 5119 3738 5166 ;
3771 5102 3872 5154 vel-

2289 5171 2367 5238 uii
2411 5197 2603 5251 nempe
2649 5171 3530 5251 Atiianasius'dixerat_Ar.ianos
3561 5172 3619 5225 in
3654 5171 3872 5251 Cretata-

2289 5271 2400 5308 rem
2453 5262 2503 5306 et
2540 5243 2860 5306 'creaturam
2917 5247 3209 5316 baptizare.
3261 5243 3444 5316 Latini
3485 5252 3648 5316 terna
3724 5243 3876 5316 vulgo

2293 5324 2573 5378 inlusione
2625 5313 3059 5391 tingunt,_quein
3116 5329 3326 5391 morem
3386 5313 3704 5391 Cyprianus
3759 5314 3878 5391 olim

2282 5394 2457 5448 tuitus
2495 5400 2600 5454 est,
2633 5381 2796 5461 epist.
2831 5381 2930 5444 76:
2953 5383 3334 5461 Commendat
3357 5381 3746 5461 _Genn_ailius,
3789 5381 3876 5461 lib.

2282 5463 2362 5519 De
2427 5453 2790 5530 Εεειζιίὸριη.
2847 5469 2903 5516 et
2945 5458 3060 5530 jam
3119 5471 3151 5510 a
3204 5455 3418 5530 saeculo
3463 5453 3881 5530 sal_t_emh_ses.to

2286 5534 2472 5590 Roma:
2503 5522 2860 5586 obseriatum
2893 5522 3193 5586 didicimus
3214 5540 3244 5580 a
3275 5524 3506 5581 doctiss.
3535 5522 3878 5580 Mabiiloniu,

2286 5614 2419 5660 tom.
2462 5604 2502 5659 ll
2535 5602 2726 5658 Musa’i
2758 5600 2884 5658 Ital.
