3926 6292
189 434 342 500 1121

1273 443 1368 504 DE
1390 443 1565 503 FIDE
1595 441 2061 504 ORTHODOXA
2099 443 2245 503 LIB.
2273 443 2349 505 IV

3355 442 3491 507 1122

186 556 355 627 ὓδωρ
400 555 501 627 μὲν
549 559 628 621 είς
680 559 1048 631 ἀναγέννησιν
1097 560 1194 613 καὶ
1247 560 1537 616 ὲπίκλυσιν
1585 561 1684 630 τῆς
1739 577 1794 613 τε

1901 562 2305 634 consequendae
2328 575 2495 617 causa
2528 576 2628 619 nos
2650 559 2795 618 Deus
2818 560 3141 618 condiderat
3172 560 3253 629 °°;
3284 562 3488 619 violato

185 648 488 718 ἁμαρτίας
540 650 636 703 καὶ
690 652 791 722 τῆς
845 650 1086 724 φθορᾶς·
1132 647 1273 723 αἷμα
1313 652 1393 718 δὲ,
1429 652 1591 705 πότον
1643 652 1793 723 ζωῆς

186 738 381 791 ἀϊδίου
413 738 694 810 πρόξενον.
743 741 995 807 Ἐντολὰς
1023 743 1080 797 δὲ
1117 746 1251 814 ἡμῖν
1278 743 1478 797 δέδωκε
1506 743 1573 796 δι’
1606 741 1798 806 ὓδατος

188 832 614 899 ἁναγεννᾶσθαι
637 834 731 887 καὶ
760 833 1101 905 Πνεύματος,
1130 836 1197 888 δι’
1227 835 1523 900 ἐντεύξεως
1555 834 1652 889 καὶ
1677 835 1798 888 ἐπι·

191 922 480 992 κλήσεως,
516 924 596 994 τῷ
633 924 787 978 ὕδατι
839 927 1227 996 ὲπιφοιτῶντος
1282 926 1376 981 τοῦ
1411 926 1571 995 ἁγίου
1623 926 1797 980 Πνεύ-

193 1032 405 1084 ματος.
456 1015 678 1088 Ἐπειδὴ
703 1017 812 1088 γὰρ
853 1018 1075 1083 διπλοῦς
1102 1021 1131 1072 ὁ
1158 1018 1466 1090 ἄνθρωπος,
1498 1018 1563 1071 ὲκ
1614 1016 1797 1088 ψυχῆς

189 1121 262 1157 τε
294 1104 395 1157 καὶ⁵
434 1104 712 1175 σώματος,
735 1107 932 1178 διπλῆν
976 1110 1109 1181 ἡμῖν
1140 1108 1309 1163 ἔδωκε
1337 1108 1435 1161 καὶ
1466 1105 1564 1178 τὴν
1587 1106 1798 1178 κάθαρ-

194 1212 316 1260 σιν,
365 1195 433 1249 δι⁹
467 1195 661 1261 ὕδατός
712 1215 773 1251 τε
804 1199 914 1265 ξκαὶ
965 1198 1283 1270 Πνεύματος
1308 1214 1322 1228 ·
1346 1195 1442 1251 τοῦ
1495 1197 1595 1268 μὲν
1617 1196 1791 1250 Πνεῦ-

196 1303 402 1355 ματος,
440 1288 503 1340 τὸ
545 1290 665 1341 κατ’
708 1289 894 1343 είκόνα
948 1290 1043 1344 καὶ
1084 1289 1208 1346 καθ’
1254 1290 1514 1360 ὁμοίωσιν
1551 1290 1609 1341 ὲν
1660 1290 1792 1358 ἡμῖν

198 1377 678 1443 ἁνακαινίζοντος,
711 1379 807 1432 τοῦ
828 1380 886 1433 δὲ
918 1380 1131 1446 ὕδατος,
1162 1382 1252 1435 διὰ
1282 1382 1383 1452 τῆς
1411 1380 1502 1433 τοῦ
1543 1379 1799 1449 Πνεῦμα-

195 1485 301 1532 τος
329 1469 553 1540 χάριτος
588 1470 946 1541 καθαίροντος
969 1472 1031 1526 τὸ
1062 1472 1223 1544 σῶμα
1242 1472 1344 1543 τῆς
1371 1471 1669 1543 ἁμαρτίας,
1695 1472 1791 1524 καὶ

193 1560 303 1630 τῆς
359 1561 567 1631 φθορᾶς
595 1561 1076 1630 ἁπαλλάττοντος,
1103 1563 1198 1616 καὶ
1248 1563 1348 1633 τὴν
1400 1562 1496 1616 τοῦ
1548 1562 1783 1615 Θανάτου

195 1649 393 1702 εἰκόνα
442 1650 843 1723 ὲκπληροῦντος
874 1652 967 1706 τοῦ
1004 1652 1217 1720 ὓδατος,
1259 1652 1351 1707 τὸν
1388 1653 1446 1707 δὲ
1484 1652 1584 1724 τῆς
1633 1653 1781 1724 ζωῆς

196 1741 507 1814 ἀρραϐῶνα
532 1746 909 1816 παρεχομένου
945 1744 1037 1799 τοῦ
1068 1744 1410 1817 Πνεύματος.

198 1834 481 1903 duplicem
544 1835 776 1905 proinde
826 1837 989 1894 nobis
1048 1838 1428 1910 purgationem
1469 1837 1640 1904 dedit,
1693 1853 1791 1910 per
1823 1852 2021 1909 aquam
2057 1837 2318 1892 nimirum
2355 1844 2409 1893 et
2444 1836 2711 1906 Spiritum
2748 1854 2761 1891 :

1900 662 2082 709 autem
2109 654 2230 724 ejus
2257 661 2551 723 praecepto,
2584 654 2776 709 mortis
2810 654 2952 718 labe,
2991 669 3055 708 ne
3088 661 3410 723 perpetuum
3434 665 3491 711 et

1900 744 2215 800 immortale
2244 745 2449 798 malum
2485 754 2653 808 esset,
2683 760 2783 800 nos
2818 746 2946 799 item
2995 744 3360 811 multaverat;
3407 747 3489 800 id-

1899 834 2051 891 circo
2096 850 2195 905 pro
2234 850 2334 890 sua
2385 834 2727 903 indulgentia
2778 849 2899 890 sese
2927 834 3123 900 iservis
3170 836 3485 901 inclinans,

1898 926 2182 996 nostrique
2218 924 2419 982 similis
2447 924 2695 988 eﬂ‘ectus,
2729 926 2997 993 passione
3029 940 3129 980 sua
3169 940 3270 980 nos
3304 941 3334 978 a
3366 941 3489 979 cor-

1898 1018 2154 1087 ruptione
2188 1016 2513 1079 vindicavit,
2564 1022 2618 1069 et
2654 1029 2723 1068 ex
2775 1023 2971 1070 sancto
3024 1024 3077 1070 et
3136 1018 3489 1070 immaculato

1899 1123 2003 1164 suo
2041 1109 2214 1164 latere
2259 1109 2432 1163 veniae
2482 1107 2688 1162 fontem
2737 1105 2901 1160 nobis
2938 1107 3120 1160 emisit
3157 1107 3199 1138 ⁶¹
3235 1126 3247 1161 ;
3286 1122 3485 1175 aquam

1902 1201 2111 1257 scilicet
2140 1200 2205 1254 ad
2239 1198 2743 1270 regenerationem,
2783 1212 3001 1252 necnon
3033 1198 3244 1264 peccati
3279 1208 3331 1251 et
3364 1214 3488 1250 cor-

1903 1293 2132 1363 ruptelae
2178 1291 2610 1352 abstersionem;
2648 1290 2976 1360 sanguinem
3009 1304 3139 1342 vero
3191 1290 3243 1340 in
3297 1297 3484 1355 potum

1904 1384 1997 1453 qui
2041 1383 2209 1437 vitam
2238 1392 2498 1437 retentam
2545 1388 2888 1450 procuraret.
2926 1379 3071 1446 Quin
3118 1380 3221 1434 hoc
3264 1395 3485 1449 quoque

1900 1474 2185 1528 mandavit
2219 1475 2399 1536 nobis,
2437 1481 2496 1527 ut
2556 1488 2651 1542 per
2698 1487 2898 1542 aquam
2930 1480 2984 1526 et
3025 1470 3290 1540 Spiritum
3336 1486 3484 1537 rege—

1898 1580 2224 1620 neraremur
2252 1566 2321 1628 ⁶¹,
2353 1563 2562 1634 Spiritu
2594 1573 2787 1619 sancto
2818 1563 2885 1617 ad
2919 1578 3118 1633 aquam
3168 1561 3483 1622 accedente,

1897 1671 1995 1726 per
2030 1656 2257 1711 verbum
2293 1663 2347 1710 et
2382 1654 2689 1709 orationem
2732 1654 2799 1707 ⁸³.
2850 1653 2984 1706 Nam
3020 1653 3281 1722 quoniam
3324 1652 3486 1703 homo

1897 1746 2102 1817 duplici
2133 1753 2329 1799 natura
2356 1752 2597 1810 constat,
2638 1745 2820 1798 anima
2862 1744 3076 1798 scilicet
3126 1750 3183 1797 et
3228 1756 3483 1812 corpore,

2841 1836 2923 1891 sic
2999 1849 3191 1903 nempe
3239 1841 3297 1887 ut
3358 1832 3483 1901 Spi-

200 1928 347 1984 ritus
380 1928 577 1986 divinae
599 1930 855 2001 imaginis
883 1929 1370 2002 similitudinisque
1398 1932 1567 1988 decus
1600 1931 1657 1986 in
1687 1932 1849 1989 nobis
1898 1916 2253 1999 instauraret,
2304 1946 2445 2001 aqua
2499 1945 2627 1985 vero
2689 1944 2787 1999 per
2853 1926 3090 1998 Spiritus
3153 1929 3385 1997 gratiam
3452 1950 3488 1989 ε

199 2031 431 2090 peccato
451 2036 655 2093 corpus
680 2021 1250 2092 mundaret,atquea
1311 2025 1669 2096 corruptione
1725 2025 1958 2081 liberum
2014 2024 2288 2090 redderet,
2378 2036 2521 2094 aqua
2579 2022 2800 2094 quidem
2852 2021 3047 2077 mortis
3128 2019 3482 2075 simulacrum

192 2110 562 2178 exprimente,
588 2109 793 2179 Spiritu
829 2118 1008 2164 autem
1036 2109 1161 2165 vita:
1196 2111 1399 2189 pignus
1430 2122 1486 2168 et
1518 2114 1881 2170 arrhabonem
1911 2113 2197 2185 largiente.

290 2203 411 2256 Ἀπ’
434 2204 611 2274 ἀρχῆς
630 2202 737 2275 γὰρ
764 2202 1009 2272 Πνεῦμα
1026 2204 1176 2259 Θεοῦ
1195 2204 1320 2271 τοῖς
1340 2206 1561 2261 ὕδασιν
1579 2207 1791 2278 ἐπεφέ-

1964 2207 2130 2278 Αᾳιιω
2158 2207 2233 2262 vis
2279 2205 2615 2278 purgatoria.
2645 2237 2713 2247 —
2745 2204 2955 2260 Etenim
2987 2219 3017 2259 a
3055 2203 3328 2275 principio
3363 2201 3486 2271 8ρί-

186 2310 341 2364 ρετο
363 2310 377 2325 ’
404 2295 498 2348 καὶ
526 2294 733 2349 ἄνωθεν
766 2294 799 2364 ἡ
848 2294 1042 2366 Γραφὴ
1090 2300 1361 2367 μαρτυρεῖ
1413 2297 1492 2369 τῷ
1519 2298 1694 2366 ὕδατι,
1718 2299 1795 2365 ὥς

198 2389 325 2440 ἐστι
373 2385 765 2457 καθαρτήριον.
807 2387 932 2442 Ἐπὶ
961 2387 1088 2441 Νῶε
1112 2388 1182 2441 δι’
1211 2388 1406 2453 ὓδατος
1439 2391 1469 2443 ὁ
1516 2391 1650 2455 Θεὸς
1694 2392 1795 2463 τὴν

198 2476 477 2548 κοσμικὴν
504 2477 781 2549 ἁμαρτίαν
800 2478 1127 2533 κατέκλυσε.
1149 2481 1225 2532 Δι’
1260 2479 1454 2545 ὓδατος
1500 2484 1612 2546 πᾶς
1655 2482 1796 2537 ἁκὰ-

201 2568 406 2639 θαρτος
435 2568 577 2623 κατὰ
598 2569 690 2623 τὸν
727 2569 892 2640 νόμον
929 2570 1254 2642 καθαίρεται
1278 2573 1324 2639 ί,
1353 2572 1449 2625 καὶ
1478 2572 1660 2626 αὐτῶν
1687 2573 1797 2628 τῶν

203 2661 441 2731 ἱματίων
477 2661 829 2732 πλυνομένων
879 2662 957 2733 τῷ
1009 2661 1188 2729 ὕδατι,
1227 2663 1429 2729 ἔδειξεν
1475 2664 1661 2728 Ἠλίας
1698 2666 1797 2737 τὴν

202 2754 367 2822 χάριν
393 2752 487 2807 τοῦ
504 2753 644 2808 Πνεύ
653 2771 824 2824 ματος
850 2755 1320 2827 συμμεμιγμένην
1343 2755 1421 2825 τῷ
1440 2755 1617 2822 ὕδατι,
1637 2756 1792 2810 ὕδατι

209 2844 412 2914 φλέξας
440 2845 541 2918 τὴν
590 2846 977 2903 ὁλοκαύτωσιν.
1016 2849 1127 2900 Καὶ
1160 2847 1349 2918 σχεδὸν
1394 2848 1613 2904 ἅπαντα
1651 2849 1793 2904 κατὰ

211 2936 306 2989 τὸν
337 2937 499 3007 νόμον
556 2936 708 2991 ὕδατι
763 2938 1148 3011 καθαρίζεται·
1175 2940 1244 2994 τὰ
1271 2939 1381 3009 γὰρ
1430 2940 1624 3010 ὁρατὰ,
1652 2939 1793 3011 σύμ-

208 3030 342 3083 6ολα
395 3030 505 3086 τῶν
550 3031 857 3102 νοουμένων
891 3032 1029 3086 εἰσίν
1061 3050 1073 3064 ·
1110 3034 1145 3105 ἠ
1191 3033 1377 3103 μέντοι
1429 3033 1794 3104 ἁναγέννησις

203 3122 353 3176 κατὰ
409 3121 590 3194 ψυχὴν
640 3123 893 3192 γίνεται*
934 3123 1115 3188 πίστις
1167 3123 1276 3194 γὰρ
1337 3124 1600 3178 υίοθετεῖν
1644 3120 1790 3187 οἶδε,

208 3212 389 3267 καίτοι
428 3214 590 3279 ὄντας
634 3214 915 3287 κτίσματα
944 3215 1034 3270 διὰ
1074 3214 1171 3269 τοῦ
1202 3215 1547 3288 Πνεύματος,
1582 3215 1680 3270 καὶ
1711 3215 1792 3279 είς

206 3304 309 3374 τὴν
336 3305 569 3377 ἀρχαίαν
602 3306 762 3375 ἄγειν
799 3307 1203 3379 μακαριότητα.

1901 2299 2036 2353 ritus
2090 2299 2307 2352 Domini
2354 2297 2624 2367 ferebatur
2679 2314 2835 2367 super
2885 2313 3052 2366 aquas
3102 2296 3191 2349 “:
3248 2297 3380 2366 quin
3429 2303 3484 2349 et

1901 2390 2173 2446 lustrandi
2228 2391 2430 2445 virtute
2460 2390 2739 2458 praeditam
2782 2405 2906 2445 esse
2956 2403 3151 2458 aquam
3191 2388 3484 2457 Scriptura

1896 2483 2011 2553 jam
2067 2482 2198 2536 olim
2253 2489 2596 2537 contestatur
2660 2481 2727 2533 ⁸⁵.
2777 2479 2891 2534 Noe
2948 2479 3286 2549 temporibus
3341 2479 3485 2533 Deus

1903 2573 2093 2628 mundi
2150 2583 2436 2643 peccatum
2502 2588 2598 2642 per
2623 2572 2780 2643 261
2819 2586 3016 2641 aquam
3070 2571 3204 2626 eluit
3260 2571 3327 2623 “.
3382 2569 3487 2624 Pt-r

1901 2679 2098 2734 aquam
2127 2664 2379 2734 quisquis
2429 2663 2747 2719 immundus
2772 2672 2911 2730 erat,
2953 2663 3067 2733 lege
3102 2662 3481 2732 praecipiente,

1901 2755 2293 2821 mundabatur,
2325 2763 2379 2810 et
2412 2754 2488 2809 ita
2520 2754 2741 2825 quidem
2776 2765 2834 2808 ut
2866 2763 2919 2809 et
2949 2755 3084 2823 ipste
3123 2761 3302 2807 vestes
3340 2768 3481 2821 aqua

1899 2854 2085 2901 essent
2111 2847 2416 2901 abluenda.
2450 2846 2595 2901 Elias
2624 2845 2863 2917 Spiritus
2905 2845 3140 2916 gratiam
3191 2843 3481 2898 admistam

1902 2939 2061 3008 aquis
2090 2939 2354 3003 ostendit,
2380 2946 2496 2992 tum
2524 2932 2784 2991 nimirum
2814 2952 2937 2991 cum
2972 2936 3354 2991 holocaustum
3388 2934 3483 2987 ad-

1902 3030 2073 3085 hibita
2100 3045 2242 3101 aqua
2279 3031 2545 3087 cremavit
2573 3030 2639 3084 ⁸⁷.
2681 3028 2943 3098 Peneque
2968 3028 3151 3083 omnia
3176 3027 3479 3083 secundum

1900 3122 2074 3193 legem
2104 3136 2247 3193 aqua
2297 3119 2657 3176 mundantur.
2699 3119 2807 3175 Res
2838 3120 2983 3173 enim
3015 3119 3261 3175 visibiles
3291 3134 3480 3173 earum

1896 3226 2018 3281 quae
2048 3219 2229 3266 mente
2278 3210 2660 3279 percipiuntur
2711 3209 2867 3277 signa
2923 3215 3075 3263 sunt.
3114 3207 3480 3278 Regencratio

1894 3318 2061 3373 porro
2090 3303 2147 3357 in
2181 3303 2369 3357 animo
2399 3300 2707 3375 perﬁcitur.
2745 3299 2912 3356 Fides
2936 3302 3145 3371 quippe
3197 3301 3307 3354 vim
3353 3314 3473 3355 eam

206 3397 397 3462 habet,
454 3409 514 3454 ut
566 3399 821 3470 quamvis
869 3414 902 3454 e
960 3400 1127 3455 rebus
1186 3398 1389 3455 creatis
1448 3399 1644 3464 simus,
1700 3411 1798 3469 per
1837 3392 2102 3466 Spiritum
2131 3408 2235 3449 nos
2272 3393 2328 3448 in
2358 3391 2455 3448 Dei
2494 3391 2637 3448 ﬁlios
2664 3390 2899 3461 adoptet,
2934 3398 3100 3461 atque
3166 3392 3235 3445 ad
3293 3391 3479 3461 pristi-

208 3507 338 3547 nam
371 3490 689 3547 felicitatem
712 3490 863 3546 velut
901 3490 1250 3563 postliminio
1280 3499 1525 3546 revocet.

293 3584 355 3637 'H
390 3584 487 3655 μὲν
512 3578 604 3637 οὖν
652 3584 762 3637 τῶν
810 3584 1099 3656 ἁμαρτιῶν
1128 3584 1321 3653 ἄφεσις
1352 3621 1366 3647 ,
1395 3585 1561 3637 πᾶσιν
1595 3582 1794 3652 ὁμοίως

1972 3575 2238 3645 Baptismi
2287 3576 2465 3646 gratia
2509 3589 2608 3643 pro
2664 3572 3061 3640 suscipientium
3092 3570 3195 3639 ﬁde
3243 3578 3292 3622 et
3326 3587 3479 3624 mun-

202 3676 301 3731 διὰ
329 3674 424 3729 τοῦ
460 3675 840 3747 βαπτίσματος
888 3676 1122 3730 δίδοται·
1147 3677 1181 3745 ὴ
1210 3674 1267 3728 δὲ
1305 3673 1466 3746 χάρις
1500 3673 1596 3728 τοῦ
1620 3673 1792 3727 Πνεύ-

204 3784 385 3839 ¹μιιτος
405 3766 548 3821 κατὰ
571 3767 670 3837 τὴν
700 3766 993 3837 ἀναλογίαν
1015 3768 1114 3838 τῆς
1144 3766 1383 3831 πίστεως
1411 3766 1505 3820 καὶ
1529 3766 1630 3837 τῆς
1660 3783 1795 3837 προ-

212 3859 558 3930 καθὰρσεως.
590 3858 707 3913 Νῦν
748 3859 848 3929 μὲν
881 3853 976 3913 οὖν
1022 3858 1113 3912 διὰ
1140 3856 1237 3911 τοῦ
1270 3857 1656 3929 βαπτίσματος
1693 3858 1793 3929 τὴν

211 3950 588 4023 ἁπαρχὴίέιοῦ
609 3951 768 4020 ἁγίου
793 3951 934 4004 Πνεύ
943 3967 1114 4021 ματος
1138 3948 1621 4021 λαμϐάνομεν,καὶ
1647 3948 1792 4020 ἁρχὴ

213 4043 399 4114 ἑτέρου
434 4042 548 4113 βίου
571 4042 784 4113 γίνεται
816 4044 946 4113 ἡμῖν
975 4042 1009 4113 ἡ
1034 4041 1424 4110 παλιγγενεσία
1448 4080 1465 4107 ,
1496 4041 1591 4095 καὶ
1622 4057 1794 4112 σφρα-

212 4135 321 4202 γὶς,
351 4134 446 4190 καὶ
475 4134 867 4206 φυλακτήριον,
898 4132 994 4186 καὶ
1029 4131 1313 4203 ῳωτισμός
1332 4132 1377 4186 ί.

282 4310 404 4382 Χρὴ
450 4310 511 4365 δὲ
556 4310 704 4382 πάσῃ
750 4308 979 4381 δυνάμει
1029 4306 1290 4376 ἀσφαλῶς
1343 4308 1531 4379 τηρεῖν
1565 4307 1794 4372 ἑαυτοὺς

216 4403 486 4474 καθαροὺς
512 4402 621 4457 ἁπδ
641 4400 904 4473 ῥυπαρῶν
929 4399 1130 4471 ἔργων,
1166 4399 1254 4453 ἵνα
1288 4398 1363 4471 μὴ
1405 4399 1568 4453 πάλιν
1602 4399 1794 4471 ὥσπερ

217 4493 360 4549 κύων
390 4494 485 4547 ἐπὶ
527 4493 620 4547 τὸν
653 4492 786 4547 ίδιον
834 4491 1029 4561 ἔμετον
1066 4489 1521 4562 ἐπιστρέψαντες,
1571 4491 1796 4554 δούλους

218 4584 379 4640 πάλιν
409 4583 637 4647 ἑαυτοὺς
664 4583 765 4652 τῆς
795 4581 1071 4653 ἁμαρτίας
1105 4580 1443 4651 ποιήσωμεν.
1474 4579 1665 4645 Πίστις
1688 4581 1796 4652 γὰρ

218 4671 382 4741 χωρὶς
411 4669 589 4742 ἔργων
636 4669 809 4741 νεκρὰ
850 4669 1000 4723 ἐστιν
1022 4708 1038 4733 ,
1063 4668 1267 4739 ὁμοίως
1300 4668 1398 4721 καὶ
1452 4666 1589 4738 ἔργα
1623 4670 1795 4739 χωρὶς

220 4764 471 4826 πίστεως.
502 4762 567 4815 Ἡ
592 4761 704 4833 γὰρ
734 4758 942 4832 ἀληθὴς
972 4759 1159 4824 πίστις
1187 4759 1278 4813 διὰ
1305 4760 1413 4813 τῶν
1442 4757 1623 4829 ἔργων
1643 4760 1794 4814 δοκι-

221 4855 469 4926 μάζεται.

1894 3668 2052 3725 ditia.
2079 3697 2148 3709 -
2183 3666 2445 3733 Quamvis
2472 3677 2652 3719 autem
2696 3670 3046 3733 peccatorum
3085 3662 3337 3719 remissio
3362 3679 3479 3715 ou.-

1894 3758 2058 3812 nibus
2088 3772 2184 3827 per
2213 3772 2371 3827 aqua:
2402 3755 2733 3824 baptismum
2782 3752 2981 3807 detur:
3016 3749 3255 3820 Spiritus
3293 3760 3474 3805 tamen

1868 3847 2069 3919 'gratia
2096 3861 2197 3918 pro
2226 3845 2349 3900 lidei
2381 3859 2444 3899 ac
2474 3842 2685 3913 praevia:
2712 3841 3056 3912 purgationis
3085 3840 3249 3893 modo
3279 3855 3507 3895 conce-v

1894 3939 2063 3994 ditur.
2100 3938 2168 3991 Et
2193 3952 2339 3992 nunc
2369 3936 2592 4006 quidem
2616 3935 2860 4006 Spiritus
2887 3933 3061 3989 sancti
3087 3933 3359 4002 primitias
3383 3951 3479 4003 per

1893 4028 2231 4097 baptismum
2258 4026 2578 4094 accipimus,
2606 4033 2661 4079 et
2692 4023 3035 4093 regeneratio
3056 4061 3072 4086 ,
3114 4024 3343 4079 alterius
3372 4042 3480 4080 no-

1892 4119 1980 4174 bis
2008 4119 2133 4173 vitae
2160 4116 2402 4182 initium,
2426 4123 2482 4170 et
2507 4113 2875 4186 signaculum,
2909 4121 2965 4169 et
3010 4114 3357 4184 praesidium,
3421 4123 3477 4170 et

1894 4208 2227 4265 illuminatio
2254 4207 2510 4265 edicitur.

1961 4300 2232 4357 Caeterum
2268 4300 2320 4353 in
2354 4298 2407 4353 id
2440 4298 2600 4354 nobis
2624 4297 2755 4353 totis
2787 4296 2998 4353 viribus
3028 4306 3112 4354 est
3132 4297 3470 4362 enitendum,

1894 4409 1964 4449 ne
1995 4395 2151 4450 canis
2196 4395 2370 4448 instar
2406 4390 2474 4446 ad
2508 4390 2775 4446 vomitum
2823 4390 3123 4445 redeuntes
3164 4390 3227 4456 “,
3265 4393 3470 4460 peccati

1894 4485 2261 4555 nosmetipsos
2318 4483 2505 4539 denuo
2557 4480 2815 4537 servituti
2872 4484 3267 4552 mancipemus.
3307 4483 3472 4538 Fides

1895 4576 2165 4646 siquidem
2191 4575 2311 4632 sine
2344 4574 2607 4645 operibus
2632 4580 2849 4628 mortua
2874 4580 2979 4640 est,
3014 4572 3254 4643 itemque
3286 4588 3470 4644 opera,

1896 4669 2111 4723 sublata
2162 4666 2268 4723 ﬂde
2297 4667 2364 4721 ".
2390 4664 2530 4721 Vera
2574 4665 2777 4736 quippe
2810 4663 2945 4720 ﬁdes
2978 4679 3075 4735 per
3105 4679 3269 4735 opera
3323 4680 3473 4720 COtll-

1894 4763 2181 4833 probatur.

284 4946 668 5016 Βαπτιζόμεθα
695 4944 753 4998 δὲ
806 4944 901 5005 εἰς’
922 4941 1022 5014 τὴν
1052 4941 1215 5011 ἁγίαν
1247 4942 1455 5012 Τριάδα
1478 4984 1494 5009 ,
1527 4944 1610 4997 ὅτι
1648 4941 1787 4995 αὑτὰ

1964 4934 2073 4991 Cur
2109 4936 2165 4989 in
2190 4932 2506 4989 Trinitatem
2527 4931 2879 5002 baptizemur.
2900 4958 2973 4971 —
2997 4928 3077 4984 0b
3106 4928 3160 4983 id
3192 4944 3321 4984 vero
3343 4929 3390 4961 ⁷⁸
3416 4929 3472 4983 in

216 5034 287 5087 τὰ
321 5031 691 5103 βαπτιζόμενα
739 5029 931 5102 χρῄζει
976 5030 1073 5101 τῆς
1118 5030 1281 5100 ἁγίας
1328 5032 1558 5103 Τριὰδος
1584 5034 1664 5096 είς
1687 5031 1787 5101 τὴν

1899 5036 2143 5085 sanctam
2173 5025 2500 5080 Trinitatem
2547 5023 2914 5092 baptizamur,
2955 5022 3085 5090 quia
3122 5035 3243 5090 qua:
3290 5021 3469 5091 bapti-

218 5126 394 5180 αὑτῶν
444 5124 706 5179 σύστασίν
730 5140 790 5177 τε
841 5121 940 5178 καὶ
970 5121 1236 5193 διαμονὴν
1256 5161 1273 5187 ,
1300 5122 1395 5175 καὶ
1428 5122 1691 5178 ἀδύνατον
1716 5121 1793 5193 μὴ

1899 5128 2117 5185 zantur,
2146 5116 2215 5172 ad
2248 5116 2354 5184 sui,
2381 5124 2497 5170 tum
2532 5113 3010 5179 constitutionem,
3046 5119 3161 5166 tum
3188 5127 3471 5167 conserva—

1895 5275 1940 5307 “
1968 5271 2128 5329 Joan.
2188 5271 2353 5340 "1,75.
2437 5269 2481 5301 "
2509 5267 2673 5340 Greg.
2727 5278 2868 5340 orat.
2909 5267 3000 5333 48.
3062 5267 3159 5340 ,ξδ
3179 5263 3385 5340 (ἔρια),
3414 5265 3469 5318 2.

288 5281 332 5313 ⁸⁸
376 5280 619 5336 Metltod.
681 5279 779 5334 lib.
839 5276 915 5331 De
961 5292 1161 5331 resurr.
1254 5274 1297 5307 “
1342 5273 1501 5330 Joan.
1560 5277 1791 5343 xux,54,

302 5350 468 5396 Lavit-
527 5367 614 5396 ιν-
649 5349 735 5396 10.
800 5349 845 5382 ⁸⁸
874 5348 1011 5396 Gen.
1044 5363 1116 5396 vr.
1175 5346 1261 5396 17.
1335 5346 1378 5378 ⁸⁷
1411 5345 1474 5396 Ill
1511 5346 1645 5396 Rea.
1684 5361 1794 5396 xvn

1899 5275 1940 5307 θ’
1968 5273 2128 5329 Joan.
2188 5284 2269 5331 Ill,
2301 5273 2353 5325 5.
2437 5273 2481 5301 "
2509 5273 2673 5340 Greg.
2727 5278 2868 5322 orat.
2909 5273 3000 5333 48.
3114 5273 3159 5297 ⁸⁸
3179 5273 3315 5318 lien.
3348 5280 3385 5329 ι,
3414 5273 3446 5317 2.

1899 5343 1984 5396 52.
2091 5341 2136 5375 ⁸⁸
2171 5340 2212 5396 ll
2259 5339 2405 5396 Petr.
2434 5356 2494 5396 ιι.
2524 5339 2617 5395 22.
2733 5337 2777 5369 ⁶⁹
2808 5336 2928 5393 Jac.
2971 5352 3032 5396 ιι,
3057 5335 3146 5390 26.
3226 5334 3271 5366 ⁷ο
3306 5333 3446 5396 Grcg

2392 5379 2405 5395 ο
2434 5373 2494 5407 Il,
2528 5373 2617 5395 an.
2808 5373 2928 5393 σαι-ιο
2971 5373 3032 5403 ιι,
3060 5373 3146 5390 Δινο
3307 5373 3469 5406 νινδ.

220 5352 266 5384 ⁸⁵
301 5350 468 5406 Levit.
525 5367 615 5414 xv,
649 5349 735 5403 10.
800 5349 845 5382 ⁸⁸
874 5348 1011 5403 Gen.
1039 5363 1137 5419 vt,_
1175 5346 1261 5399 17.
1335 5346 1378 5419 ξι
1411 5345 1475 5419 ll_l
1511 5346 1645 5419 Reg.
1684 5360 1840 5409 xvut,
1893 5343 1984 5399 '52.

218 5419 348 5477 Naz.
394 5431 535 5478 orat.
595 5420 695 5488 £0;
727 5420 933 5473 Athan.
988 5416 1058 5473 ad
1104 5414 1296 5486 Serap.
1328 5415 1404 5471 De
1432 5414 1824 5482 Spirfsancto.

1524 5566 1762 5634 VARUE
1804 5561 2208 5625 LECTIONES.

292 5690 315 5733 ι
364 5691 515 5746 Multi
565 5690 782 5746 codices
832 5685 1174 5755 ὲκαθαίρετο.
1244 5680 1377 5755 cod.
1422 5683 1479 5738 S.
1550 5684 1658 5740 llil.
1724 5684 1778 5738 in
1831 5698 2005 5754 marg.
2056 5682 2090 5752 ἢ
2159 5678 2545 5755 ἐκεκάβαρ-τοιὶ
2600 5673 2755 5755 niMln
2818 5673 2885 5727 R.
2915 5670 3058 5726 2626
3106 5671 3331 5755 additur
3376 5672 3475 5755 καὶ.

224 5741 515 5832 apud};
571 5741 915 5832 Sic—‘Faber,
970 5741 1067 5827 qui
1128 5753 1408 5832 transtulit
1465 5764 1513 5832 _et
1556 5755 1884 5811 illuminatio
1921 5741 1982 5807 εἴ
2027 5741 2487 5818 εάηειίβςαιὶοξιη
2507 5743 2765 5812 Β.2924,
2799 5758 2897 5815 pro
2919 5742 3216 5813 φωτισμδς,
3247 5741 3478 5797 habetur

226 5824 511 5905 ἁγιασμὸς,
559 5830 643 5887 sic
671 5839 828 5886 vetus
879 5824 1108 5897 interpr.
1158 5824 1530 5892 sanctiﬁcatio.
