3926 6292
216 413 356 482 1125
1281 421 1378 480 DE
1414 422 1592 482 FIDE
1633 421 2099 484 ORTHODOXA
2136 425 2282 486 LIB.
2309 426 2408 486 IV.
3347 429 3482 495 1126

209 527 391 582 τικόν·
429 521 532 578 οὐκ
565 521 646 578 ἔτι
675 522 784 594 γὰρ
823 524 994 577 κακία
1019 525 1116 579 καὶ
1153 525 1402 598 ἁμαρτία
1431 528 1798 582 πολιτεύεταιε

1923 529 2178 598 martyrio
2228 531 2530 599 perﬁcitur,
2567 547 2677 602 quo
2731 541 2787 588 et
2835 532 3089 591 Christus
3138 534 3258 605 ipse
3306 542 3480 591 nostri

210 617 446 683 κολάζον
475 617 532 671 δὲ
563 615 922 688 ἀτελεύτητα.

1923 634 2074 674 :ausa
2109 619 2406 677 defunctus
2443 631 2526 677 est
2548 623 2616 676 ⁸⁸.
2669 623 2875 693 Estque
2909 625 3044 679 illud
3087 641 3348 696 perquam
3380 643 3478 681 au-

212 720 436 783 gustum
474 724 540 764 ac
570 709 812 772 beatum,
845 709 993 780 quod
1031 708 1199 766 nullis
1243 711 1471 780 posthac
1527 710 1786 768 sordibus
1821 710 2164 779 inquinetur.
2223 709 2550 766 Octavum"
2608 714 2844 784 denique
2873 723 2925 771 et
2949 725 3282 786 postremum
3345 718 3478 774 illud

212 814 320 872 est,
375 819 490 859 non
529 803 641 874 jam
687 803 1074 870 salutiferum,
1135 819 1326 860 verum
1395 807 1473 860 ita
1535 806 1802 860 malitiam
1835 804 2112 872 auferens,
2149 807 2371 876 quando
2413 821 2548 862 suus
2574 806 2686 875 jam
2729 810 2950 866 malitia:
3010 819 3065 866 et
3108 821 3330 882 peccato
3400 812 3477 866 Ιο-

212 913 314 954 cus
350 913 461 954 non
505 897 632 964 erit,
662 905 722 952 ut
751 907 937 953 tamen
973 900 1367 968 sempiternum
1407 899 1694 955 excruciet
1730 914 1793 954 ac
1827 899 2038 970 puniat.

288 989 600 1062 Σωματικῷ
621 990 677 1044 δὲ
709 989 842 1045 είδει
873 989 918 1060 1,
945 990 1080 1044 ὡσεῒ⁵
1115 991 1438 1063 περιστερὰ,
1472 991 1798 1062 ὲπεφοίτησε

1975 991 2209 1061 Spiritus
2277 1002 2493 1048 sanctus
2568 992 2827 1048 columba
2880 994 3047 1062 specie
3111 1003 3160 1048 et
3222 996 3482 1065 ignis.—

213 1085 277 1138 τὸ
298 1083 526 1155 Πνεῦμα
555 1083 614 1137 τὺ
646 1083 825 1152 ἅγιον,
843 1084 945 1154 τὴν
981 1085 1238 1156 ἀπαρχὴν
1257 1085 1352 1138 τοῦ
1373 1085 1646 1155 ἡμετέρου
1672 1085 1798 1138 ὐπο-

1923 1083 2076 1138 >orro
2100 1085 2145 1116 9‘
2173 1083 2413 1155 Spiritus
2471 1094 2698 1141 sanctus
2753 1088 3026 1156 corporali
3080 1089 3282 1157 specie,
3335 1089 3480 1142 sicut

213 1176 462 1230 δεικνύον
493 1176 891 1247 βαπτίσματος,
915 1177 1009 1230 καὶ
1041 1178 1216 1248 τιμῶν
1237 1177 1299 1230 τὸ
1338 1177 1496 1248 σῶμα
1519 1195 1533 1210 ·
1558 1178 1684 1231 ἐπεὶ
1710 1177 1798 1232 καὶ

1923 1175 2154 1228 tolumba
2185 1176 2251 1229 ad
2288 1174 2577 1230 Dominum
2620 1177 2931 1242 descendit,
2985 1179 3174 1249 sicque
3221 1190 3335 1233 tum
3386 1180 3478 1232 ba-

213 1267 399 1334 τοῦτο,
420 1267 590 1337 ἤγουν
611 1266 672 1320 τὸ
708 1267 892 1337 σῶμα,
920 1269 985 1339 τῇ
1019 1266 1213 1321 θεώσει
1239 1266 1392 1334 Θεὸς,
1422 1268 1517 1321 καὶ
1552 1268 1668 1339 ἅμα
1695 1285 1798 1322 που

1923 1265 2087 1320 ηἰειηί
2124 1267 2303 1321 nostri
2357 1268 2630 1338 primitias
2676 1268 3082 1334 subindicabat,
3115 1277 3230 1322 tum
3281 1285 3480 1338 corpus

216 1360 426 1414 ἄνωθεν
453 1359 684 1414 εἴθισται
706 1361 1008 1431 περιστερὰ
1037 1360 1192 1414 λύσιν
1224 1360 1614 1432 κατακλυσμοῦ
1639 1359 1798 1429 εὐαγ-

1923 1356 2306 1412 :ohonestabat
2334 1373 2348 1411 :
2378 1358 2639 1428 quoniam
2675 1367 2728 1414 et
2761 1360 2864 1414 hoc
2886 1376 3104 1430 quoque
3137 1375 3234 1429 per
3262 1361 3484 1415 deitiea-

215 1452 552 1521 γελίζεσθαι.
589 1452 714 1507 Ἐπὶ
751 1453 809 1507 δὲ
833 1453 960 1518 τοὺς
986 1453 1176 1522 ἁγίους
1211 1454 1546 1517 ἀποστόλους
1579 1470 1798 1525 πυροει-

1923 1447 2115 1502 tionem
2168 1446 2312 1503 Deus
2352 1458 2489 1504 erat.
2539 1450 2711 1514 Adde,
2761 1449 2907 1520 quod
2951 1451 3204 1505 columba
3235 1466 3484 1505 cessasse

215 1543 323 1607 δὼς
355 1543 592 1598 κάτεισι.
618 1543 749 1609 Θεὸς
793 1543 904 1616 γάρ
953 1545 1102 1598 ἐστιν
1135 1558 1150 1572 ·
1188 1545 1218 1598 ὁ
1260 1544 1316 1597 δὲ
1342 1543 1476 1608 Θεὸς
1507 1541 1619 1616 πῦρ
1663 1559 1801 1596 κατ-

215 1636 516 1691 αναλίσκον
550 1635 692 1690 ὲστί.

1908 1539 2174 1594 diluvium
2231 1540 2362 1594 olim
2411 1540 2763 1596 nuntiaverit.
2817 1540 2962 1612 ignis
3011 1558 3142 1596 vero
3199 1543 3380 1611 specie
3429 1544 3482 1596 in

1808 1707 1812 1710 _
1909 1641 2131 1687 sanctos
2163 1632 2441 1700 apostolos
2479 1630 2761 1686 descendit
2785 1631 2854 1696 ⁸⁸,
2879 1647 2945 1686 eo
2975 1633 3122 1702 quod
3150 1632 3292 1689 Deus
3316 1642 3481 1688 esset.

1909 1720 2051 1775 Deus
2081 1722 2220 1775 enim
2250 1723 2386 1791 ignis
2435 1738 2743 1777 consumens
2781 1733 2859 1776 est
2887 1724 2954 1778 ⁸⁸.

293 1813 368 1866 Τὸ
407 1812 588 1868 ἔλαιον
617 1812 728 1886 (71)
763 1811 1102 1884 βαπτίσματι
1141 1811 1668 1884 παραλαμϐάνεται,
1700 1828 1798 1883 μη-

1982 1812 2100 1868 Oiei
2133 1815 2333 1869 unctio.
2369 1845 2439 1856 —
2467 1816 2535 1869 At
2574 1831 2702 1870 vero
2732 1816 2912 1870 oleum
2950 1815 3159 1870 idcirco
3189 1815 3257 1869 ad
3299 1816 3481 1884 bapti-

213 1905 348 1958 νύον
387 1905 488 1977 τὴν
516 1904 699 1976 χρίσιν
719 1913 758 1942 ω
783 1903 939 1975 ἡμῶν
959 1945 972 1969 ,
1005 1903 1101 1957 καὶ
1145 1903 1406 1976 χριστοὺς
1430 1904 1581 1975 ἡμᾶς
1633 1905 1802 1974 ἐργα-

215 1998 470 2068 ζόμενον,
504 1997 712 2051 καὶτὸν
741 1997 837 2050 τοῦ
871 1995 1008 2050 Θεοῦ
1039 1999 1176 2068 ἡμῖν
1216 1995 1692 2066 ἐπαγγελλόμενον
1715 1995 1805 2049 διὰ

213 2088 316 2143 τοῦ
343 2089 499 2158 ἁγίου
531 2089 852 2159 Πνεῦματος
879 2087 1050 2149 ἔλεον,
1076 2085 1202 2139 ἐπεὶ
1239 2085 1336 2140 καὶ
1380 2085 1590 2156 κάρφος
1621 2085 1806 2148 ἐλαίας

214 2183 334 2246 τοῖς
359 2183 425 2235 ἐκ
447 2181 541 2235 τοῦ
585 2178 980 2250 κατακλυσμοῦ
1021 2177 1410 2248 περισωθείσιν
1436 2179 1471 2250 ἡ
1501 2176 1804 2249 περιστερὰ

217 2272 542 2342 κεκόμικεν.

305 2363 640 2436 Ἐὃαπτίσθη
675 2363 930 2434 Ἰωάννης
955 2403 970 2429 ,
997 2361 1094 2434 τὴν
1136 2364 1298 2434 χεῖρα
1345 2359 1555 2424 ἐπιθεὶς
1580 2360 1674 2414 ἐπὶ
1706 2357 1804 2432 τὴν

215 2457 377 2512 θείαν
403 2457 497 2512 τοῦ
520 2457 794 2511 Δεσπότου
836 2455 1084 2528 κορυφὴν
1108 2498 1122 2524 ,
1151 2455 1246 2509 καὶ
1267 2453 1345 2526 τῷ
1379 2453 1492 2525 ἰδίῳ
1517 2453 1732 2525 αἵματι.

295 2640 369 2694 Οὐ
399 2639 506 2712 χρὴ
537 2639 974 2710 ῦπερτίϐεσθαιιι
993 2638 1053 2692 τὸ
1076 2637 1384 2710 βάπτισμα,
1418 2638 1506 2691 ὅτε
1537 2637 1605 2691 δι’
1629 2634 1806 2707 ἔργων

220 2735 258 2802 ἡ
311 2731 494 2796 πίστις
539 2733 650 2786 τῶν
693 2731 1029 2802 προσιόντων
1080 2731 1429 2804 μαρτυρηθῇ.
1468 2731 1526 2782 Ὀ
1559 2729 1670 2800 γὰρ
1697 2736 1722 2764 ο
1747 2731 1805 2781 ὲν

219 2823 359 2893 δόλῳ
392 2823 634 2896 προσιὼν
663 2823 744 2895 τῷ
775 2824 1140 2895 βαπτίσματι,
1165 2822 1635 2894 κατακριθήσεται
1666 2820 1804 2893 μᾶλ-

222 2915 317 2968 λον
377 2915 411 2986 ἢ
435 2915 874 2987 ὠφεληθήσεται,

756 3095 1008 3148 usus.
1040 3094 1075 3146 r
1099 3091 1270 3166 [ur].

787 3185 930 3253 Περὶ
962 3185 1242 3250 πίστεως.

307 3277 373 3332 Ἦ
397 3279 578 3350 μέντοι
612 3289 798 3341 πίστις
817 3277 978 3347 διπλῆ
1023 3277 1172 3330 ἐστιν
1192 3292 1206 3306 ο
1245 3275 1413 3330 Ἔστι
1457 3275 1568 3345 γὰρ
1598 3276 1806 3342 πίστις

222 3371 296 3436 ἐξ
321 3371 534 3440 ἀκοῆς.
579 3369 896 3434 Ἀκούοντες
933 3369 1044 3440 γὰρ
1064 3368 1175 3423 τῶν
1222 3368 1383 3423 Θείων
1423 3369 1676 3440 Γραφῶν,
1713 3387 1804 3423 πι-

302 3526 348 3559 ⁸¹
376 3525 507 3581 Luc.
543 3525 630 3580 12.
659 3526 746 3581 50.

223 3601 274 3634 ⁸⁷
327 3600 462 3654 Gen.
507 3615 622 3664 wn,
655 3597 744 3653 11.

849 3525 894 3559 ⁸³
917 3523 1082 3596 Greg.
1122 3532 1262 3578 orat.
1299 3524 1390 3596 cii).

823 3597 868 3630 ⁸⁸
895 3593 1059 3666 (ἓτθςῖ
1105 3602 1248 3650 orat.
1289 3593 1380 3648 40.

1908 1921 2089 1961 smum
2123 1905 2443 1971 adhibetur,
2487 1907 2616 1977 quia
2648 1908 2962 1962 unctionem
2991 1918 3235 1962 nostram
3272 1908 3482 1978 signiti-

1906 2005 2016 2060 cat,
2060 2012 2273 2066 nosque
2303 1997 2548 2054 christos
2581 1997 2746 2064 facit,
2782 2000 3007 2070 insuper
3046 1998 3139 2053 Dei
3173 1998 3486 2053 misericor-

1906 2087 2050 2142 diam
2081 2104 2177 2160 pcr
2209 2088 2478 2160 Spiritum
2513 2100 2762 2146 sanctum
2801 2093 2961 2149 nobis
2996 2094 3303 2161 pollicetur.
3345 2092 3482 2147 Nam

1905 2190 1958 2234 et
1979 2181 2231 2236 columba
2273 2183 2382 2239 illis
2410 2183 2503 2253 qui
2540 2183 2842 2241 incolumes
2871 2202 2901 2241 e
2931 2188 3138 2241 diluvio
3171 2192 3484 2249 evaserant,

1906 2273 2038 2329 oleae
2069 2289 2284 2328 ramum
2317 2283 2516 2344 praeter
2550 2290 2766 2331 onmem
2796 2292 2948 2346 spem
2982 2278 3109 2330 olim
3142 2277 3324 2330 attulit
3345 2274 3413 2329 "'.

1975 2362 2229 2430 Joannes,
2268 2373 2326 2418 ut
2369 2365 2694 2434 baptizatus.
2743 2397 2798 2406 —
2827 2365 3070 2422 Joannes
3112 2367 3368 2437 imposita
3403 2368 3486 2422 di-

1906 2453 2036 2510 vino
2073 2455 2286 2509 Domini
2319 2457 2488 2527 capiti
2520 2472 2706 2518 manu,
2734 2465 2789 2512 et
2821 2473 3016 2513 cruore
3050 2458 3273 2528 proprio
3308 2458 3484 2527 bapti-

1909 2553 2065 2601 zatus
2101 2545 2224 2600 fuit.

1981 2635 2253 2691 Caeterum
2302 2636 2348 2670 ⁸⁸
2406 2638 2743 2708 baptismum
2784 2637 2991 2694 diutius
3039 2652 3335 2711 prorogare
3377 2653 3484 2690 non

1909 2734 2123 2796 Oportet
2148 2725 2278 2780 dum
2310 2727 2688 2782 accedentium
2715 2727 2872 2781 ﬁdem
2905 2735 3286 2783 contestantur
3316 2728 3486 2781 actio-

1909 2832 2027 2872 nes.
2066 2815 2120 2870 Si
2159 2815 2284 2885 quis
2311 2817 2438 2870 dolo
2469 2816 2537 2868 ad
2565 2817 2903 2886 baptismum
2928 2819 3246 2885 accesserit,
3275 2827 3484 2872 tantum

1908 2909 2067 2963 abest
2103 2918 2161 2963 ut
2197 2909 2326 2963 hinc
2369 2909 2629 2965 utilitatis
2679 2910 2964 2980 quidpiam
3007 2914 3227 2980 capiat,
3263 2921 3323 2965 ut
3353 2927 3486 2965 con-

1908 3000 2316 3055 demnationem
2350 3001 2534 3071 potius
2569 3009 2818 3055 accersat
2846 3001 2974 3055 sibi.

2471 3093 2630 3164 233
2669 3092 2819 3148 CAP.
2867 3093 2932 3147 χ.

2557 3184 2650 3246 ,οε
2691 3185 2818 3254 ﬁde.

1985 3274 2146 3329 Fides
2171 3277 2358 3329 virtus.
2383 3273 2626 3344 Inﬁdelis
2657 3285 2757 3338 est,
2789 3277 2879 3346 qui
2910 3293 3012 3330 non
3049 3275 3207 3331 credit
3241 3273 3486 3331 Ecclesia:

1913 3367 2211 3434 traditioni,
2275 3378 2366 3422 aut
2411 3369 2548 3422 male
2595 3369 2825 3423 vivit.—
2857 3369 3016 3425 Fides
3073 3386 3235 3441 porro
3288 3371 3484 3440 duplex

1497 3522 1644 3578 "Id.
1683 3532 1822 3579 orat.
1867 3524 1956 3578 59.
2060 3525 2106 3557 ⁸⁵
2145 3523 2222 3577 11).
2286 3533 2426 3578 erat.
2483 3524 2592 3589 44;
2635 3524 2754 3589 Act,
2798 3541 2856 3589 tt,
2909 3525 2962 3580 9.
3031 3527 3074 3558 ⁸⁵
3103 3527 3258 3585 Deut.
3294 3545 3363 3592 tv,
3393 3529 3482 3583 2i.

1485 3703 1566 3758 VA
1581 3705 1714 3760 RL~E
1754 3703 2158 3760 LECTIONES.

305 3828 328 3870 ι
358 3830 519 3888 Deest
544 3830 623 3895 δὲ,
654 3829 708 3884 in
733 3827 898 3884 editis
935 3833 988 3882 et
1013 3825 1172 3882 Coib.
1205 3825 1256 3880 1.
1334 3834 1374 3862 ω
1407 3823 1537 3897 Reg.
1569 3825 1591 3879 1
1627 3834 1690 3897 οι,
1712 3824 1786 3897 Ν,
1815 3826 1908 3896 rip
1951 3826 2129 3897 χάριν.
2209 3836 2235 3864 η
2268 3825 2325 3882 in
2349 3829 2470 3885 eod.
2505 3827 2562 3884 S.
2599 3827 2707 3883 Ilil.
2744 3843 2810 3884 ex
2857 3828 3075 3884 emend.
3119 3828 3339 3884 additur
3369 3824 3480 3884 οὖν.
3558 3881 3564 3890 ,

223 3919 252 3942 ο
279 3902 441 3959 Deest
492 3894 617 3973 γὰρ
653 3901 708 3955 in
741 3897 903 3955 codd.
942 3898 1184 3954 restituit
1233 3894 1554 3952 emendatbr
1597 3896 1722 3952 cod.
1765 3895 1824 3952 S.
1860 3894 1969 3951 Hii.

1741 4035 1978 4094 NOTAE.

305 4161 420 4230 (Ἡ)
465 4157 536 4230 Τὸ
558 4156 873 4230 Maior-.At
901 4155 1372 4230 vero_oteum,ete.
1389 4152 1549 4230 Apud
1580 4151 1802 4230 Graecos

227 4224 326 4286 ille
353 4224 447 4299 qui
498 4227 867 4299 baptizandus
924 4226 1108 4299 venit.
1139 4224 1530 4299 oleo‘simplici
1565 4224 1805 4299 primum

230 4293 523 4370 inun'gitur
567 4293 596 4352 ὁ
648 4297 954 4370 sacerdote.
990 4295 1191 4370 Unctio
1247 4293 1418 4370 altera
1460 4293 1806 4370 baptismum

230 4363 618 4437 subséquitur,
669 4369 836 4438 Iitque
863 4367 986 4438 oleo
1013 4365 1306 4438 pigmentis
1335 4363 1749 4438 condito,_quo_d
1783 4377 1814 4416 a

229 4434 492 4514 pontiﬁce
514 4434 894 4499 consecratur,
931 4434 1132 4491 feria‘v
1165 4435 1404 4490 inCoana
1439 4434 1676 4514 Domini,
1712 4434 1815 4514 hoc

233 4503 385 4583 μέγα
417 4508 621 4583 μῦρον,
657 4523 910 4575 magnum
953 4518 1275 4577 unguentum
1307 4513 1706 4583 nuncupatur,
1731 4503 1814 4558 vel

349 4529 385 4564 α
417 4529 621 4581 μυρον,
657 4529 910 4575 magnum
953 4529 1275 4577 unguentum
1331 4529 1706 4573 nuncupatur,
1733 4529 1812 4558 vel

311 4529 468 4650 ἷσμα.
523 4577 635 4650 Nos
693 4591 916 4649 quoque
975 4585 1218 4631 sanctum
1268 4575 1504 4650 chrisma
1553 4573 1812 4650 dicimus.

289 4643 441 4706 nctio
469 4651 584 4704 haec
609 4643 891 4720 ipsumest
919 4655 1327 4720 sacramentum
1347 4643 1813 4720 Contirmationis,

231 4724 304 4776 de
339 4733 452 4790 quo
495 4714 697 4790 legesis
737 4717 1042 4790 AllatLlib.
1088 4733 1146 4790 ut
1195 4715 1272 4769 De
1293 4731 1536 4790 censeas.
1567 4728 1691 4790 cap.
1722 4714 1811 4790 16.

1912 4164 2258 4225 unguentum,
2282 4173 2399 4219 nec,
2422 4165 2480 4210 ut
2501 4157 2580 4210 ita
2613 4155 2810 4220 dicam,
2849 4170 3142 4218 commune,
3172 4155 3262 4208 sed
3287 4153 3488 4212 Christi

1913 4227 2108 4280 donum
2141 4266 2156 4289 ,
2189 4230 2462 4298 sanctique
2509 4227 2744 4296 Spiritus
2772 4266 2786 4289 ,
2820 4225 2971 4298 cujus
3011 4226 3302 4298 diuinitatis
3347 4242 3490 4298 prte-

1915 4299 2089 4350 sentia
2119 4295 2481 4367 eﬂicacitatem
2519 4298 2694 4351 liabet.
2725 4297 2928 4352 Deinde
2951 4295 3188 4367 explicat
3219 4310 3317 4367 cur
3338 4295 3489 4352 frons

1912 4367 2117 4436 aliique
2147 4363 2368 4424 "sensus
2404 4369 2704 4424 secundum
2757 4363 3338 4420 Ecclesiae’Orientalis
3369 4383 3486 4436 mo-

1913 4434 2036 4509 rem
2065 4447 2362 4508 uagantur.
2403 4439 2561 4509 Apud
2587 4436 2928 4509 Orientales,
2964 4444 3024 4490 ut
3053 4437 3180 4509 olim
3215 4436 3354 4509 apud
3387 4434 3491 4509 La-

1912 4508 2063 4564 tinos
2111 4505 2406 4578 pierosqne
2434 4505 2714 4578 [quilibet
2770 4507 3060 4578 presbyter
3089 4506 3346 4578 absoluto
3389 4505 3489 4578 ba—

1913 4574 2128 4647 ptismo'
2154 4574 2370 4634 saerain
2403 4574 2718 4634 chrismatis
2747 4574 3060 4647 unctionem
3095 4576 3245 4647 facit.
3276 4574 3488 4647 Pachy-

1914 4645 2094 4703 ineres
2115 4663 2244 4703 vero
2272 4648 2327 4702 in
2359 4663 2481 4718 cap.
2499 4649 2531 4702 5
2549 4649 2774 4718 Dionys.
2803 4645 2878 4718 De
2920 4645 3047 4701 eccl.
3083 4646 3214 4718 hier.
3237 4645 3491 4718 obseruat

1916 4719 2156 4788 priscum
2180 4733 2388 4773 morem
2417 4712 2470 4772 i'n
2497 4712 2723 4773 Oriente
2752 4717 3030 4788 fuisse,ut
3051 4717 3214 4788 solus
3250 4712 3488 4788 pontifex

233 4767 448 4870 ᾧῖειῖιῖ
462 4767 1156 4870 piitg‘eygnarisisset;
1192 4767 1594 4870 catechi‘myst.
1638 4767 1812 4870 hic.
1845 4767 1888 4822 1)
1919 4767 3230 4870 ἥὲόιξιίῇἱὸζὲίιῖἷέέίιᾱιξἰὶίἰέεἰιέἷζὲίρειέίγὰρ
3251 4767 3354 4870 ’τοῦ
3395 4767 3492 4851 es;

234 4855 516 4934 όρκιστον,
559 4855 946 4934 exorcisatum,
985 4857 1210 4920 dicitur,
1241 4872 1344 4925 quo
1388 4855 1816 4934 tunc-ardentia

232 4924 572 5000 peccatorum
604 4930 824 4999 vestigia
862 4937 1190 5000 purgentur_,
1227 4924 1337 4978 tum
1381 4924 1671 5000 invisibiles
1707 4924 1817 5000 dcc:

237 4993 417 5054 mones
453 4993 763 5067 pellantur}
795 4993 983 5066 eoque
1003 4997 1431 5067 catechumenos
1461 5012 1492 5048 a
1519 4995 1710 5050 vertice
1747 4993 1816 5046 ad

237 5065 461 5140 inﬁmas
509 5085 689 5140 usque,
727 5065 919 5140 partes
949 5067 1169 5140 perungi
1215 5065 1312 5140 ait.
1373 5065 1618 5120 Alterum
1685 5077 1816 5140 vero

241 5134 483 5210 spiritus
517 5134 695 5210 sancti
727 5134 868 5210 esse
907 5134 1196 5206 imaginem
1227 5135 1403 5210 docet
1426 5176 1441 5201 ,
1465 5134 1818 5210 ut_quemad-

239 5204 465 5263 m'odum
527 5209 581 5263 in
623 5207 905 5263 Christum
960 5204 1082 5260 eum
1131 5204 1473 5259 ascendisset
1524 5204 1592 5259 de
1639 5218 1812 5272 aqua,

241 5279 487 5350 Spiritus
525 5285 754 5350 sanctus
792 5277 966 5337 venit,
1008 5276 1090 5350 sic
1149 5274 1353 5350 Christi
1419 5275 1625 5329 alumni
1690 5273 1818 5342 Spi-

239 5345 392 5405 ri'tus
449 5349 626 5405 sancti
679 5349 1000 5404 chrismatis
1057 5345 1458 5414 insigniantur,
1518 5355 1816 5413 postquam

239 5420 505 5489 baptismi
545 5419 705 5489 aquis
753 5418 923 5489 abluti
974 5424 1124 5489 sunt.
1175 5415 1443 5489 caeterum
1488 5414 1623 5489 uelut
1662 5415 1817 5489 panis

241 5482 628 5552 Eu'charistice',
657 5488 838 5557 inquit
869 5496 979 5557 cat.
1015 5487 1072 5549 '5,
1103 5485 1242 5557 μετὰ
1269 5483 1366 5557 τῂν
1392 5482 1816 5557 Δὲιιτίπλ-ησινμτοῦ

237 5560 406 5627 ἁγίου
439 5553 775 5628 Πνεύματος,
809 5555 1081 5628 οὐκᾼὲστιν
1106 5553 1276 5628 ipso;
1301 5553 1465 5616 λιτὸς,
1495 5553 1631 5628 ἀλλὰ
1657 5553 1817 5622 σῶμα

237 5572 406 5627 αγιου
439 5572 775 5628 ιινευματος,
809 5572 909 5610 ουκ
935 5572 1081 5608 εστιν
1111 5572 1276 5677 agere;
1302 5572 1465 5616 Αιτος,
1495 5572 1631 5606 arma
1657 5572 1817 5622 σωμα

237 5627 508 5698 Χριστοῦ,
541 5636 656 5696 post
695 5626 1142 5698 invocationem__.
1165 5625 1378 5698 μὶνῇιιιεΔ
1403 5625 1575 5677 sancti
1607 5640 1710 5676 non
1739 5633 1817 5677 est

239 5693 470 5763 simplex
513 5693 688 5765 panis,
716 5697 806 5751 sed
834 5711 1024 5763 corpus
1057 5693 1257 5765 Christi
1286 5707 1306 5746 :
1333 5695 1410 5765 sic
1435 5703 1678 5746 sanciunt
1713 5709 1811 5765 un-

244 5763 655 5838 gttentunt,_oim
698 5766 812 5838 ἐστι
850 5766 1028 5838 ψιλὴν,
1062 5764 1170 5838 οὐδ
1199 5763 1274 5826 ὡς
1327 5763 1472 5816 εἴποι
1505 5780 1608 5828 τις,
1632 5763 1809 5838 κοινὸν

251 5833 373 5908 μετ’
401 5835 712 5908 ἐπίκλησιν,
748 5833 1255 5903 invocatione'facta
1293 5849 1392 5888 non
1451 5844 1528 5888 est
1582 5833 1809 5902 amplius

1917 4851 2145 4929 χιερέως
2192 4859 2346 4929 ἔσται
2391 4859 2472 4929 εις
2512 4859 2573 4911 τὸ
2629 4851 2817 4929 χρῖσαι
2851 4855 2929 4925 τῷ
2977 4851 3140 4929 μύρῳ
3168 4853 3258 4929 τὸ)
3301 4851 3492 4929 βαπτι-

1919 4876 2145 4927 χιερεως
2192 4876 2346 4912 εσται
2391 4876 2472 4920 εις
2512 4876 2573 4911 το
2621 4876 2817 4982 ἔρισαι
2851 4876 2929 4925 τῳ
2986 4876 3140 4924 μυρῳ
3168 4876 3258 4905 τον
3301 4876 3490 4933 βαπτι-

1919 4927 2134 4999 σΟέντα.
2185 4927 2335 4998 Αὕτη
2388 4928 2497 4996 γὰρ
2540 4929 2574 4998 ἡ
2663 4927 2824 4999 ρχαία
2874 4923 3168 4999 συνήρεια·
3205 4921 3350 4999 ρεαδ
3390 4934 3490 4999 erit

1914 4997 2183 5066 pontiﬁce,
2215 4992 2674 5070 qui-baptizatum
2696 4992 3194 5070 "unguento'lilriat.
3225 4992 3324 5070 I_Iic
3353 4993 3490 5046 enim

1918 5083 2033 5121 mos
2066 5064 2336 5139 antiquus
2377 5064 2479 5136 fuit
2502 5084 2520 5120 :
2549 5069 2763 5124 dicente
2791 5064 3012 5139 scilicet
3042 5064 3317 5134 Dionysio,
3359 5077 3486 5131 per-

1919 5138 2134 5192 iicicndi
2183 5134 2511 5208 potestatem
2564 5153 2671 5194 non
2701 5151 2824 5192 esse
2857 5134 3196 5208 presbytero,
3220 5149 3317 5186 nec
3361 5147 3490 5208 ρτρτ

1918 5208 2045 5262 inde
2096 5203 2398 5276 perfectum
2462 5209 2792 5277 baptismum
2857 5203 3065 5277 dandi,
3107 5205 3209 5277 qui
3270 5203 3488 5277 nonnisi

1917 5272 2213 5333 chrismate
2249 5272 2586 5347 perﬁciatur.
2623 5277 2760 5332 Cum
2792 5290 2924 5347 vero
2970 5273 3234 5347 episcopi,
3261 5272 3488 5347 secundi

1919 5347 2134 5402 ordinis
2164 5342 2546 5403 sacerdotibus
2568 5345 2880 5417 baptizandi
2914 5342 3115 5396 munus
3139 5342 3488 5417 detulissent,

1919 5419 2000 5473 eis
2038 5417 2273 5473 subinde
2318 5417 2412 5486 jus
2455 5411 2818 5471 conlirinandi
2861 5417 3169 5486 ncephytos
3220 5411 3490 5486 permise-

1919 5495 2070 5542 runt.
2122 5488 2190 5541 At
2238 5482 2598 5542 consecrandi
2648 5484 2914 5552 unguenti
2968 5489 3312 5552 potestatem,
3361 5482 3491 5534 reti—

1919 5572 2107 5616 nuere.
2136 5566 2197 5609 ut
2230 5558 2410 5620 palam
2449 5563 2616 5618 esset,
2659 5551 2742 5609 ex'
2762 5554 2882 5608 solo
2908 5551 3167 5620 pontiﬁce
3194 5551 3486 5620 perfectio-

1919 5642 2042 5681 nem
2085 5625 2138 5679 in
2181 5620 2368 5680 ﬁdeles
2413 5625 2672 5680 derivari.
2703 5621 2914 5677 Usitata
2942 5621 3144 5677 Graecis
3193 5621 3246 5674 in
3293 5620 3494 5675 contir-

1916 5695 2158 5750 matione
2205 5695 2462 5757 formula,
2504 5701 2716 5750 vetusta
2751 5693 2845 5747 illa
2892 5702 3158 5760 estquam
3206 5689 3372 5745 refert
3402 5704 3493 5743 ca-

1918 5780 2028 5820 non
2068 5766 2098 5836 Ἰ
2130 5766 2386 5836 secunda:
2415 5765 2610 5836 synodi
2645 5763 2960 5836 ελΣιρριιιγις⁸
2991 5762 3199 5834 δωρεᾶς
3240 5760 3492 5836 ῌνεύμα-

1917 5851 2008 5898 τος
2057 5835 2238 5904 ἁγίου,
2271 5832 2618 5906 Signaculum
2651 5832 2793 5890 doni
2816 5832 3047 5902 Spiritus
3072 5832 3274 5889 sancti.
