3926 6292
445 345 582 414 1127

1686 351 1747 411 S.
1783 349 2102 413 JOA'NNIS
2133 347 2560 409 DAMASCENI

3569 332 3732 399 1.128

443 472 528 517 est
557 478 570 513 :
606 458 703 514 Est
749 459 888 516 enim
921 459 1053 530 ﬁdes
1081 475 1146 516 ea:
1175 459 1361 515 auditu
1383 460 1454 516 ⁸³.
1495 461 1815 534 Scripturas
1850 478 2006 516 nam-

2147 461 2372 531 τεύομεν
2407 463 2470 531 τῇ
2503 456 2824 529 διδασκαλίᾳ
2858 454 2949 509 τοῦ
2983 453 3141 523 ἀγίου
3172 451 3515 520 Πνεῦματος.
3548 451 3728 520 Αὕτη

443 565 550 623 que
577 565 766 606 sacras
795 551 1086 616 audiendo,
1115 550 1356 624 Spiritus
1391 553 1570 607 sancti
1611 552 1877 607 doctrinae.
1896 567 2017 607 cre-

443 647 648 701 dimus.
717 644 899 714 Atque
952 645 1069 700 haec
1129 646 1266 702 ﬁdes
1314 661 1411 717 per
1463 646 1652 701 omnia
1686 646 1804 710 illa,
1838 659 1959 715 quae
1988 659 2016 698 a

444 734 664 790 Christo
688 742 892 789 statuta
914 744 1063 801 sunt,
1083 735 1366 806 perﬁcitur
1392 750 1594 806 ropere
1615 730 1866 790 videlicet
1895 748 2020 789 cre-

444 826 602 891 dens,
631 827 893 895 pietatem
925 827 1138 892 colens,
1169 836 1226 882 et
1254 828 1376 896 ejus
1415 828 1506 895 Qui
1538 841 1642 883 nos
1671 825 2020 889 instauravit,

445 916 735 986 praeceptis
761 916 1094 986 obsequens.
1121 914 1259 970 Nam
1286 917 1380 986 qui
1414 915 1719 972 secundum
1753 915 2022 971 Ecclesiae

447 1007 728 1062 catholicae
757 1007 1108 1063 traditionem
1131 1022 1244 1062 non
1281 1007 1476 1073 credit,
1513 1008 1599 1062 vel
1632 1023 1726 1077 per
1753 1006 2025 1075 ﬂagitiosa

448 1109 614 1166 opera
652 1110 779 1150 cum
830 1096 1046 1150 diabolo
1093 1095 1494 1159 communicat,
1525 1095 1614 1148 hic
1644 1092 1884 1148 inﬁdelis
1916 1099 2023 1146 est.

521 1183 682 1238 Fides
715 1184 911 1238 donum
940 1183 1194 1252 Spiritus.
1241 1214 1309 1227 -ν
1329 1183 1544 1239 Rursus
1586 1201 1600 1238 :
1627 1181 1788 1237 Fides
1806 1190 1880 1236 est
1907 1196 2027 1249 spe-

449 1273 744 1328 randarum
792 1275 1094 1329 substantia
1143 1291 1338 1339 rerum,
1379 1283 1744 1344 argumentum
1796 1269 2028 1338 nonap-

452 1366 780 1434 parentium,
810 1365 856 1396 ’°
887 1365 970 1420 vel
1001 1371 1084 1420 est
1111 1379 1236 1434 spes
1267 1365 1487 1419 minime
1510 1364 1674 1418 dubia
1724 1378 1826 1418 nec
1856 1361 2030 1414 ambi-

455 1469 582 1526 gua,
645 1471 752 1525 qua
784 1455 1117 1510 conﬁdimus
1151 1455 1290 1522 fore,
1318 1464 1374 1509 ut
1411 1470 1532 1525 quae
1581 1454 1738 1510 nobis
1767 1453 2030 1508 divinitus

454 1547 728 1618 promissa
786 1555 935 1612 sunt,
975 1553 1031 1602 et
1086 1561 1207 1616 quae
1239 1547 1606 1616 postulamus,
1637 1545 2026 1615 adipiscamur.

453 1640 531 1693 Ac
553 1639 703 1708 prior
728 1637 970 1708 quidem,
998 1645 1206 1693 nostra:
1229 1639 1537 1693 voluntatis
1564 1645 1650 1693 est
1675 1656 1690 1706 ;
1731 1637 1906 1692 altera
1933 1651 2032 1690 au-

454 1738 566 1784 tem
602 1730 745 1784 inter
769 1727 1013 1798 Spiritus
1039 1729 1184 1784 dona
1223 1729 1495 1785 censenda
1521 1737 1625 1785 est.

525 1820 795 1891 Spiritalis
851 1821 1202 1876 circumcisio.
1228 1851 1296 1861 —
1329 1819 1627 1875 Sciendum
1684 1827 1769 1874 est
1821 1826 2027 1884 autem,
2063 1809 2107 1870 Β

456 1917 894 1987 integumentum
915 1929 1078 1969 omne
1101 1915 1245 1985 quod
1274 1929 1302 1966 a
1329 1914 1617 1968 nativitate
1632 1913 2032 1973 contraximus,

457 2012 742 2076 peccatum
785 2004 1017 2070 scilicet,
1056 2020 1152 2075 per
1173 2005 1505 2074 baptismum
1539 2004 2036 2068 circumcidi,nos-

458 2112 565 2169 que
621 2095 900 2168 spiritales
951 2095 1232 2152 Israelitas
1272 2113 1335 2151 ac
1374 2095 1468 2152 Dei
1499 2096 1758 2167 populum
1787 2095 1927 2152 ﬁeri.

1089 2185 1244 2242 CAP.
1281 2186 1373 2240 XI.

793 2278 872 2334 De
903 2295 1075 2341 cruce,
1108 2279 1196 2332 ubi
1223 2295 1436 2334 rursum
1467 2278 1530 2333 de
1565 2278 1690 2348 ﬁde.

527 2364 722 2422 Rerum
773 2368 890 2437 ipsa
948 2368 1149 2422 creatio
1184 2367 1428 2422 Immanis
1476 2369 1770 2424 rationibus
1799 2385 2035 2438 compre-

460 2457 614 2512 hendi
649 2475 754 2512 non
801 2467 989 2528 potest.
1057 2457 1218 2513 Fides
1264 2460 1511 2514 universa
1545 2462 1857 2515 necessaria.
1897 2461 2037 2529 Quid

460 2548 613 2616 ﬁdes.
652 2578 722 2588 ——
759 2547 985 2604 Verbum
1052 2550 1225 2604 crucis
1284 2549 1622 2618 pereuntibus
1658 2551 1865 2619 quidem
1902 2550 2037 2604 stul-

466 2641 587 2694 titia
619 2649 697 2694 est
729 2659 746 2696 :
778 2641 846 2694 iis
871 2649 1044 2694 autem
1080 2642 1171 2711 qui
1197 2641 1333 2694 salvi
1359 2641 1515 2710 ﬁunt,
1535 2641 1588 2694 id
1618 2652 1695 2696 est
1722 2643 1899 2706 nobis,
1935 2644 2035 2698 Dei

462 2731 631 2785 virtus
662 2728 816 2784 est“.
844 2727 979 2783 Nam
1010 2730 1309 2798 spiritualis
1341 2731 1553 2801 quidem
1571 2733 1784 2802 judicat
1813 2735 1990 2788 omnia
2019 2752 2037 2790 :

463 2820 712 2874 animalis
741 2828 915 2872 autem
938 2818 1090 2873 homo
1109 2836 1209 2872 non
1233 2822 1455 2889 percipit
1479 2838 1541 2875 ea
1562 2838 1678 2892 quae
1703 2823 1798 2877 Dei
1827 2834 1950 2878 sunt
1968 2827 2035 2879 9’.

465 2911 711 2966 Stultitia
739 2911 889 2965 enim
923 2909 1034 2966 illis
1065 2919 1173 2973 est,
1202 2912 1295 2979 qui
1327 2927 1391 2966 ea
1439 2914 1773 2983 suscipiunt,
1805 2932 1906 2972 nec
1945 2916 2038 2972 Dei

463 3002 760 3056 bonitatem
782 3008 836 3055 et
850 3000 1298 3070 omnipotentiam
1321 3001 1699 3070 considerant;
1723 3021 1910 3060 verum
1951 3022 2041 3062 res

461 3092 676 3149 divinas
707 3092 958 3146 humanis
981 3092 1434 3162 naturalibusque
1473 3095 1781 3152 rationibus
1817 3097 2041 3154 investi-

466 3190 618 3253 gant.
633 3180 849 3236 Etenim
872 3196 996 3252 quae
1022 3181 1116 3238 Dei
1145 3191 1295 3247 sunt,
1316 3193 1566 3240 naturam
1585 3192 1636 3240 et
1651 3186 1968 3244 Sermonem
1989 3198 2044 3245 et

466 3272 846 3343 cogitationem
897 3281 1184 3343 superant.
1220 3272 1354 3328 Nam
1389 3275 1435 3330 si
1469 3275 1593 3345 quis
1655 3276 1840 3333 animo
1864 3279 2046 3334 volvat

467 3379 708 3434 quonam
763 3375 946 3435 pacto,
979 3373 1034 3421 et
1071 3380 1173 3420 cur
1211 3365 1355 3422 Deus
1393 3368 1576 3423 omnia
1611 3383 1676 3425 ex
1719 3371 1891 3426 nihilo
1919 3387 2046 3442 pro-

467 3455 720 3521 duxerit,
795 3457 1257 3528 naturalibusque
1321 3460 1632 3518 rationibus
1703 3462 1760 3518 id
1823 3464 2044 3534 assequi

466 3547 782 3612 contendat,
801 3564 1145 3621 nequaquam
1185 3552 1289 3607 hoc
1310 3555 1752 3624 comprehendet.
1777 3557 2044 3615 Auimalis

465 3640 611 3694 enim
643 3649 699 3694 et
728 3639 997 3696 diabolica
1027 3650 1112 3698 est
1136 3643 1454 3714 huiusmodi
1479 3649 1732 3702 scientia.
1773 3647 1878 3714 Qui
1909 3665 2040 3706 vero

469 3729 572 3784 tide
600 3730 767 3784 veluti
795 3743 959 3784 manu
990 3731 1211 3800 ductus,
1241 3733 1411 3790 Deum
1450 3737 1678 3803 bonum,
1711 3746 1766 3792 et
1794 3740 2044 3811 omnipo-

468 3827 693 3887 tentem,
728 3828 782 3874 et
823 3837 1036 3888 verum,
1073 3831 1127 3876 et
1153 3825 1477 3892 sapientem,
1505 3828 1782 3897 etjustum
1817 3833 2042 3902 cogitat,

469 3908 652 3964 omnia
693 3910 854 3980 plana
900 3922 952 3967 et
981 3914 1297 3983 aequabilis,
1350 3917 1612 3989 viamque
1645 3929 1850 3977 rectam
1893 3923 2045 3979 inve-

472 4002 603 4057 niet.
629 4001 764 4057 Nam
801 4004 916 4060 ﬁeri
957 4021 1062 4061 non
1088 4019 1267 4078 potest
1293 4019 1354 4066 ut
1390 4012 1514 4082 quis
1545 4013 1665 4068 sine
1689 4015 1790 4071 ﬁde
1809 4017 2040 4074 salutem

469 4095 927 4163 consequatur".
962 4095 1096 4153 Fide
1122 4100 1391 4168 siquidem
1420 4109 1536 4157 tum
1565 4102 1805 4159 humana
1835 4107 2043 4171 omnia,

471 4195 585 4238 tum
656 4185 966 4254 spiritualia
1013 4199 1290 4246 constant.
1327 4191 1514 4262 Neque
1559 4195 1703 4250 enim
1735 4197 1973 4266 agricola
1996 4197 2044 4229 “

471 4274 589 4330 sine
645 4275 750 4330 (ide
789 4292 977 4331 arvum
1021 4279 1345 4348 proscindit,
1386 4297 1490 4338 nec
1531 4291 1806 4340 mercator
1839 4288 2038 4358 exiguo

471 4363 619 4432 ligno
653 4373 843 4420 vectus
873 4365 1112 4420 animam
1136 4383 1292 4423 suam
1317 4368 1636 4427 furentibus
1681 4375 1849 4431 maris
1881 4376 2044 4432 undis

2122 553 2178 606 δὲ
2208 552 2510 606 τελειοῦται
2544 553 2680 604 πᾶσι
2704 552 2818 612 τοῖς
2847 546 3284 618 νομοθετηθεῖσι-ι
3303 544 3409 598 ὑπὸ
3433 542 3535 597 τοῦ
3569 545 3730 614 Χρι-

2126 644 2276 708 στοῦ,
2305 644 2450 714 ἔργῳ
2485 642 2839 703 πιστεύουσα,
2884 637 3207 699 εὐσεϐοῦσα,
3232 637 3326 689 xui
3350 637 3447 698 τὰς
3475 634 3730 695 ἐντολὰς

2126 737 2438 807 πράττουσα
2478 734 2587 788 -τοῦ
2655 729 3132 792 ἀνακαινίσαντος,
3165 729 3333 799 ἡμᾶς.
3371 727 3429 778 '0
3462 727 3583 796 γὰρ
3649 727 3732 793 μὴ

2128 826 2270 881 κατὰ
2301 827 2398 898 τὴν
2431 825 2729 897 παράδοσιν
2767 824 2866 891 τ’ἧς
2909 820 3204 888 καθολικῆς
3245 817 3584 886 Ἐκκλησίας
3639 832 3732 866 πι-

2131 920 2360 986 στεύων,
2391 919 2424 990 ἢ
2459 918 2732 971 κοινωνῶν
2780 915 2869 969 διά
2933 915 3044 968 τῶν
3097 911 3315 968 ἀτόπων
3389 909 3579 980 ἔργων
3647 907 3732 976 τῷ

2129 1011 2381 1079 διαϐόλῳ,
2413 1008 2643 1072 ἄπιστός
2664 1007 2836 1062 ἐστιν.

2205 1186 2380 1238 Ἔστι
2406 1182 2464 1236 δὲ
2488 1179 2651 1236 πάλιν
2695 1179 2900 1244 πίστις
2920 1174 3321 1246 ἐλπιζομένων
3337 1174 3730 1238 ὑπόστασις,

2133 1273 2488 1346 πραγμάτων
2511 1272 2764 1340 ἐλεγχος
2790 1271 2864 1323 οὐ
2895 1265 3312 1336 βλεπομένων,
3334 1264 3367 1335 ἢ
3387 1263 3732 1326 ἀδίστακτος

2134 1366 2230 1419 xui
2259 1363 2571 1434 ἀδιάκριτος
2601 1361 2758 1423 ἐλπὶς
2799 1359 2908 1412 τῶν
2951 1375 3013 1411 τε
3066 1357 3170 1411 ὑπὸ
3201 1355 3336 1409 Θεοῦ
3367 1357 3505 1427 ἡμῖν
3538 1356 3726 1425 ἐπηγ-

2134 1456 2436 1526 γελμένων,
2475 1453 2571 1506 xui
2601 1452 2703 1522 τῆς
2732 1449 2842 1504 τῶν
2893 1450 3164 1520 αἰτήσεων
3206 1447 3366 1518 ἡμῶν
3396 1447 3726 1515 ὲπιτυχίας.

2147 1548 2210 1600 Ἦ
2238 1547 2335 1617 μὲν
2357 1539 2451 1598 οῦν
2479 1541 2699 1614 πρώτη,
2727 1544 2830 1612 τῆς
2865 1539 3139 1612 ἡμετέρας
3168 1536 3398 1608 γνώμης
3433 1539 3584 1606 ἐστὶ,
3602 1539 3642 1606 ἡ
3671 1537 3730 1588 δὲ

2135 1636 2386 1710 δευτέρα,
2416 1634 2527 1690 τῶν
2565 1633 2924 1707 χαρισμάτων
2946 1631 3040 1686 τοῦ
3070 1630 3413 1702 Πνεῦματος.

2214 1812 2413 1866 Ἰστέον
2436 1812 2494 1866 δὲ
2526 1813 2610 1866 ὅτι
2637 1809 2724 1864 διά
2742 1809 2835 1864 τοῦ
2863 1809 3240 1881 βαπτίσματος
3264 1809 3728 1880 περιτεμνόμεθα

2137 1909 2281 1964 ἆπαν
2302 1907 2362 1962 τὸ
2395 1907 2504 1960 ἀπὸ
2529 1907 2796 1975 γενέσεως
2825 1905 3109 1977 κάλυμμα,
3128 1906 3248 1976 ἢτοι
3274 1905 3374 1976 τὴν
3411 1906 3727 1974 ἁμαρτίαν,

2137 1999 2232 2054 xui
2273 1999 2608 2070 Ἰσραηλῖται
2632 1997 3018 2069 πνευματικοὶ,
3057 1999 3152 2051 xui
3184 1997 3321 2051 Θεοῦ
3342 1997 3470 2061 λαὸς
3495 2013 3610 2068 χρη
3621 2015 3731 2067 μα-

2132 2090 2378 2162 τίζομεν.

2633 2182 2884 2237 unum.
2921 2183 3009 2235 IA'
3043 2180 3216 2254 [ne].

2245 2275 2384 2344 Περὶ
2404 2275 2693 2344 σταυροῦ,
2732 2275 2803 2328 ἐν
2838 2268 2886 2342 ᾧ
2916 2275 3003 2330 ἔτι
3025 2275 3126 2328 καὶ
3163 2273 3294 2342 περὶ
3322 2272 3611 2339 πίστεως.

2219 2365 2282 2420 '0
2309 2368 2492 2436 λόγος
2519 2369 2552 2420 d
2571 2365 2677 2420 τοῦ
2705 2365 2993 2434 σταυροῦ,
3032 2365 3158 2431 τοῖς
3191 2363 3307 2433 μὲν
3349 2363 3560 2418 ἀπολιι
3571 2364 3728 2431 ιιμέ-

2136 2474 2266 2524 νοις
2291 2457 2482 2527 μωρία
2508 2456 2660 2522 ἐστὶ,
2685 2456 2811 2523 τοῖς
2836 2456 2904 2510 δὲ
2934 2455 3295 2525 σωζομένοις
3328 2455 3494 2526 ἡμῖν,
3532 2455 3726 2509 δύνα-

2133 2569 2235 2621 μις
2262 2549 2410 2604 Θεοῦ
2459 2550 2648 2604 ἐστιν.
2690 2549 2755 2602 '0
2791 2548 2906 2618 μὲν
2934 2547 3042 2620 γὰρ
3091 2547 3488 2618 πνευματικὸς
3516 2546 3725 2600 πάντα

2138 2640 2469 2710 ἀνακρίνει,
2499 2639 2762 2710 ψυχικὸς
2800 2638 2869 2692 δὲ
2924 2638 3237 2708 ἄνθρωπος
3268 2639 3340 2692 οὐ
3375 2636 3623 2706 δέχεται
3649 2637 3724 2690 τὰ

2137 2735 2246 2790 τοῦ
2304 2735 2670 2804 Πνεύματος.
2740 2731 2938 2802 Μωρία
2993 2731 3100 2802 γάρ
3130 2734 3246 2784 ἐστι
3278 2733 3390 2793 τοῖς
3425 2728 3499 2799 μὴ
3531 2729 3722 2782 πίστει

2139 2828 2476 2899 δεχομένοις,
2524 2829 2619 2881 xui
2672 2827 2734 2880 τὸ
2789 2811 2992 2895 ἀγαθὸν
3024 2825 3118 2879 xui
3161 2825 3576 2894 παντοδῦναμον
3623 2825 3720 2878 τοῦ

2141 2919 2277 2973 Θεοῦ
2318 2918 2711 2988 λογιζομένοις,
2778 2918 2892 2972 ἀλλ’
2929 2917 3290 2989 ἀνθρωπίνοις
3335 2917 3430 2969 xui
3459 2918 3722 2983 cpumxoi;

2140 3012 2419 3082 λογισμοῖς
2453 3009 2778 3082 ἐξερευνῶσι
2825 3020 2853 3062 P
2896 3010 2964 3064 τὰ
2997 3010 3116 3063 θεῖα
3136 3023 3151 3038 '
3185 3009 3362 3063 πάντα
3385 3009 3496 3078 γὰρ
3519 3009 3594 3060 τὰ
3621 3008 3722 3060 τοῦ

2144 3100 2278 3155 Θεοῦ
2304 3101 2444 3172 ὑπὲρ
2479 3101 2642 3170 φύσιν
2676 3101 2805 3165 εἰσὶ,
2856 3104 2952 3156 xui
2988 3101 3167 3168 λόγον,
3215 3099 3314 3154 xui
3361 3097 3598 3153 ἔννοιαν.
3661 3099 3725 3151 ΕΞ

2145 3193 2255 3262 γάρ
2285 3209 2371 3256 τις
2395 3192 2682 3262 λογίσηται
2713 3192 2862 3254 ὅπως
2894 3193 2958 3244 ὲκ
2979 3190 3069 3244 τοῦ
3091 3192 3166 3261 μὴ
3183 3191 3338 3254 δντος
3361 3190 3440 3252 είς
3467 3190 3533 3242 τὸ
3554 3186 3724 3253 εἶναι,

2143 3286 2289 3348 τίνος
2344 3301 2407 3338 τε
2435 3283 2625 3337 ἕνεκεν
2657 3285 2978 3355 παρήγαγεν
3023 3283 3052 3334 ὁ
3092 3281 3226 3344 Θεὸς
3287 3280 3355 3334 τὰ
3386 3281 3593 3344 πάντα,
3627 3283 3726 3334 xui

2145 3378 2394 3446 φυσικοῖς
2416 3376 2698 3446 λογισμοῖς
2754 3375 2956 3444 φθάσαι
3001 3373 3291 3445 ἐϐουλήθη,
3328 3373 3391 3426 οὐ
3428 3371 3724 3442 καταλαμ-

2145 3468 2317 3524 ϐάνει.
2348 3467 2570 3539 Ψυχικὴ
2603 3469 2710 3539 γάρ
2743 3469 2890 3521 ἐστιν
2917 3469 2951 3537 ἡ
2983 3465 3184 3536 γνῶσις
3215 3466 3356 3534 αῦτη
3383 3465 3479 3518 xui
3524 3464 3722 3533 δαιμο-

2145 3555 2362 3626 νιώδης.
2396 3557 2458 3609 Εί
2480 3556 2537 3609 δέ
2566 3572 2652 3619 τις
2685 3555 2869 3609 πίστει
2913 3557 3452 3626 χειραγωγούμενος,
3483 3553 3722 3622 ἀγαθὸν,

2145 3649 2241 3703 xui
2269 3647 2704 3718 παντοδὺναμον,
2753 3648 2851 3701 xui
2893 3647 3111 3716 ἀληθὲς,
3142 3647 3239 3700 xui
3282 3647 3465 3714 σοφὸν,
3517 3646 3616 3698 xui
3649 3646 3727 3698 δί-

2146 3757 2300 3794 καιον
2340 3739 2401 3792 τδ
2430 3739 2586 3791 Θεῖον
2635 3737 2946 3808 λογίσηται,
2984 3737 3207 3808 εὑρήσει
3259 3737 3437 3790 πάντα
3468 3736 3594 3788 λεῖα
3627 3736 3725 3787 xui

2145 3832 2348 3904 ὁμαλὰ,
2373 3833 2470 3886 xui
2515 3830 2635 3885 ὁδὸν
2679 3829 2914 3884 εὐθεῖαν.
2958 3828 3149 3891 Ἐκτὸς
3177 3828 3287 3898 γὰρ
3327 3826 3566 3889 πίστεως
3595 3826 3725 3879 {253-

2145 3943 2304 3980 νατον
2358 3923 2596 3994 σωθῆναι
2621 3939 2634 3952 ο
2694 3921 2875 3976 πίστει
2927 3919 3036 3992 γὰρ
3077 3920 3279 3985 πάντα,
3312 3917 3384 3972 τά
3412 3933 3473 3970 τε
3505 3914 3724 3987 ἀνθρώ-ι

2146 4037 2299 4083 πινα,
2355 4016 2426 4073 τά
2468 4033 2529 4070 τε
2571 4014 2920 4085 πνευματικά
2995 4013 3363 4067 συνίστανται.
3422 4010 3562 4064 Οὔτε
3616 4010 3724 4080 γὰρ

2144 4109 2392 4182 γεωργὸς
2443 4109 2598 4171 ἐκτὸς
2648 4108 2884 4171 πίστεως
2937 4106 3128 4177 τέμνει
3177 4104 3284 4175 γῆς
3332 4102 3588 4156 αὔλακα·
3619 4103 3719 4156 οὐκ

2147 4195 2386 4268 ἔμπορος
2421 4195 2603 4268 μικρῷ
2650 4193 2790 4267 ξύλῳ
2841 4195 2940 4267 τὴν
2995 4193 3192 4248 ἑαυτοῦ
3253 4193 3434 4263 ψυχὴν
3480 4191 3559 4263 τῷ
3593 4211 3720 4263 μαι-

2147 4287 2358 4357 νομένῳ
2377 4287 2478 4356 τῆς
2508 4287 2785 4356 θαλάσσης
2811 4286 3041 4353 πελάγει
3079 4283 3448 4355 παραδίδωσιν
3468 4299 3482 4311 ’
3513 4283 3578 4334 οὐ
3616 4283 3719 4349 γάρ

2151 4395 2241 4450 μοι
2272 4377 2640 4442 συνίστανται,
2669 4377 2770 4429 οὐκ
2806 4376 2938 4430 ἀλλο
2959 4393 3016 4428 τι
3044 4375 3155 4428 τῶν
3188 4376 3246 4426 ὲν
3274 4372 3350 4443 τῷ
3376 4372 3496 4443 βίῳ.
3528 4373 3720 4425 Πίστει

470 4453 787 4520 committit,
827 4469 930 4510 nec
966 4457 1314 4514 matrimonia
1343 4462 1772 4531 contrahuntur,
1811 4481 1915 4521 nec
1951 4468 2037 4523 de-

2147 4469 2378 4540 νοοῦμεν
2407 4469 2470 4522 ἐκ
2492 4467 2586 4522 τοῦ
2658 4467 2734 4540 μὴ
2771 4467 2926 4531 bino;
2974 4469 3053 4530 είς
3079 4466 3141 4519 τὺ
3191 4459 3420 4518 εἶναιτὰ
3450 4463 3630 4518 πάντα
3654 4468 3717 4536 τῇ

471 4543 636 4612 niquc
657 4544 804 4598 aliud
841 4547 1139 4618 quidquam
1179 4564 1369 4626 eorum
1412 4569 1537 4625 quae
1563 4555 1675 4611 vita
1708 4557 1834 4622 fert,
1868 4560 2046 4614 susci-

472 4633 639 4702 pitur.
689 4631 822 4690 Fide
875 4637 1235 4712 intelligimus
1295 4641 1392 4700 Dei
1451 4648 1705 4716 potentia
1745 4657 1946 4705 cuncta
1976 4666 2045 4707 ex

472 4722 645 4778 nihilo
693 4726 958 4794 producta
1023 4745 1169 4789 esse.
1197 4732 1331 4790 Fide
1364 4737 1549 4792 omnia
1597 4747 1747 4794 recte
1773 4740 2044 4810 gerimus,

472 4820 588 4868 tum
618 4815 874 4883 humana,
911 4828 1024 4874 tum
1052 4821 1256 4878 divina.
1282 4825 1444 4881 Fides
1470 4842 1634 4895 porro
1661 4836 1744 4885 est
1771 4845 2034 4887 assensus

471 4905 621 4959 omni
648 4910 864 4963 curiosa
891 4909 1247 4980 inquisitione
1267 4930 1470 4973 vacans
1493 4919 1565 4972 ".

542 4995 744 5053 Christi
773 5017 948 5053 rerum
973 5003 1120 5058 nulla
1145 5007 1444 5062 mirabilior
1468 5011 1804 5086 cruce.‘Ejus
1839 5015 2037 5086 bene/i-

471 5089 1002 5160 cia.—Quauquam
1038 5103 1220 5151 autem
1247 5100 1427 5156 omnis
1465 5082 1669 5160 Christi
1693 5105 1840 5160 actio
1869 5115 1923 5160 et
1944 5082 2044 5160 mi-

473 5182 790 5238 raculorum
816 5185 1005 5249 editio,
1029 5189 1312 5258 praeclara,
1345 5192 1527 5249 divina
1545 5211 1606 5250 ac
1629 5197 1898 5254 mirabilis
1920 5209 2039 5255 cst:

472 5271 610 5325 nihil
638 5281 832 5355 tamen
856 5284 944 5333 est
979 5292 1043 5332 ex
1084 5281 1339 5338 omnibus
1370 5284 1516 5352 quod
1566 5286 1928 5344 admiratione
1960 5290 2041 5345 di-

543 5436 592 5514 ”.
624 5436 782 5490 Rom.
1057 5441 1127 5514 __’°
1162 5440 1324 5514 Hebr.
1359 5457 1436 5508 XI,
1474 5445 1524 5500 1.
1609 5449 1652 5480 ἰ
1689 5447 1862 5504 [Con
1899 5467 1936 5514 ι,
1963 5449 2051 5505 23,

475 5506 772 5574 psal.cxv.
849 5511 896 5542 ⁸⁸
944 5507 1112 5565 Basil.
1189 5512 1286 5566 cit.
1368 5506 1476 5570 loc.

2146 4560 2240 4614 τοῦ
2271 4561 2406 4614 Θεοῦ
2437 4560 2665 4631 δυνάμει
2729 4557 3009 4631 παρῆχθαι
3035 4574 3050 4588 ·
3085 4558 3266 4612 πάντα
3299 4559 3370 4612 τά
3389 4575 3450 4611 τε
3475 4557 3597 4610 θεῖα
3627 4559 3721 4609 καὶ

2145 4651 2216 4706 ut
2245 4651 2564 4723 ἀνθρώπινα
2590 4650 2771 4704 πίστει
2814 4649 3214 4722 κατορθοῦμεν.
3257 4651 3450 4714 Πίστις
3484 4649 3541 4703 δέ
3575 4651 3719 4704 ἐστιν

2147 4743 2716 4816 ἀπολυπραγμόνητος
2747 4742 3168 4812 συγκατάθεσις.

2214 5009 2373 5062 Πᾶσα
2429 5007 2526 5078 μὲν
2587 5001 2680 5059 οῦν
2751 5005 2949 5076 πρᾶξις
3005 5006 3099 5060 xui
3139 5004 3556 5076 θαυματουργία
3617 5007 3710 5059 τοῦ

2149 5099 2386 5173 Χριστοῦ
2434 5098 2688 5169 μεγίστη,
2747 5101 2844 5152 xui
2890 5098 3030 5164 θεία,
3078 5098 3175 5152 xui
3219 5099 3545 5168 θαυμαστὴ’
3589 5098 3721 5151 ἀλλά

2149 5194 2367 5248 πάντων
2391 5193 2511 5247 ἐστὶ
2541 5191 2984 5263 θαυμαστότερον
3013 5190 3237 5261 ὁτίμιος
3266 5191 3428 5245 αὑτοῦ
3466 5191 3716 5261 σταυρὸς.

2143 5287 2223 5340 Δι’
2258 5285 2468 5348 οὐδενὸς
2496 5285 2607 5356 γὰρ
2640 5285 2828 5356 ἑτέρου
2859 5286 2887 5337 ὁ
2911 5283 3138 5346 θάνατος
3169 5285 3535 5354 κατήργηται,
3571 5285 3606 5352 ἡ
3632 5281 3720 5336 τοῦ

2161 5449 2416 5505 "lCor.
2461 5466 2524 5517 ιι,
2559 5449 2646 5505 15.
2737 5449 2784 5482 ⁸³
2837 5447 2999 5502 liehr.
3049 5463 3123 5513 ιιι,
3176 5450 3229 5502 6.
3352 5449 3398 5481 ’⁸
3463 5447 3628 5503 Basil.
3666 5451 3716 5503 iu

1757 5603 1989 5662 VARIE
2024 5600 2426 5662 LECTIONES.

528 5710 560 5754 ρ
589 5702 770 5767 Codd.
805 5704 916 5762 fere
938 5722 1129 5768 omnes
1158 5710 1442 5782 ἐρευνῶσι.
