3926 6292
213 224 353 293 1113

206 335 285 391 ὧν
300 354 314 368 ·

1311 246 1411 309 DE
1451 250 1629 312 FIDE
1658 217 2119 323 onmonoxs
2146 264 2294 327 LIB.
2328 266 2427 330 IV.

3330 265 3470 330 1114

346 335 436 441 ὅτε
478 340 539 396 δὲ
591 342 815 452 γέγονεν
868 349 1176 452 ἅνθρωπος,
1216 358 1277 412 τὸ
1310 362 1567 430 Χριστὸς
1626 364 1787 437 ὄνομα

1903 371 2051 428 bium
2118 391 2279 434 nemo
2327 378 2611 435 revocabit
2668 378 2886 434 illorum
2940 380 3035 452 qui
3077 387 3227 437 recte
3257 384 3467 440 sentire

204 426 294 530 διὶὶ
330 429 454 538 ’τῆς
521 436 1119 538 σαοκὸςηπροσάγεται
1155 448 1173 484 ί
1196 487 1210 513 ,
1255 426 1445 524 ἐπειδὴ
1501 426 1787 512 ἀπολουθεί

1972 426 2049 428 η
2118 426 2275 434 _-__-
2327 426 2610 435 ,νηηνη
2668 426 2886 434 -.---_...
2943 426 3035 452 Ψ.-
3079 426 3227 437 ---η
3258 426 3467 440 ..νυ-..υ

1901 477 2317 524 consueverunt.
2369 491 2389 523 ι
2420 471 2562 538 Quin
2586 480 2640 527 et
2671 472 3007 529 Athanasius
3033 472 3089 527 in
3111 474 3359 530 oratione
3388 474 3467 529 De

204 517 284 588 τῷ
324 519 548 591 ὀνόματι
581 526 641 578 τὸ
669 528 842 594 πάθος
872 533 966 587 καὶ
992 536 1020 587 ὁ
1047 535 1295 604 Θάνατος.
1328 560 1347 595 ι

1889 552 2121 609 salutari
2159 557 2382 612 adventu
2443 560 2663 628 Christi,
2704 562 2786 616 sic
2830 562 3113 633 loquitur:
3145 581 3164 615 ι
3204 562 3349 620 Deus
3372 569 3465 632 qui

205 624 333 729 apte
384 620 659 729 exstabat,
707 640 874 729 quam
921 627 979 684 in
1024 646 1193 690 carne
1230 636 1541 708 adveniret,
1569 656 1918 714 nequaquam
1948 648 2113 706 homo
2146 661 2291 721 erat,
2351 654 2449 710 sed
2488 655 2634 713 Deus
2694 659 2837 729 apud
2902 620 3099 726 Deum,
3168 660 3467 716 invisibilis

209 715 265 760 et
291 708 673 823 impassibilis.
710 717 1003 793 Postquam
1039 735 1221 784 autem
1260 729 1442 789 factus
1471 743 1556 791 est
1586 736 1774 805 homo,
1812 739 2018 798 Christi
2059 759 2259 802 nomen
2277 708 2516 819 'propter
2556 708 2778 805 carnem
2813 751 3009 806 accivit
3045 708 3187 821 sibi;
3219 752 3467 823 quando-

206 803 431 871 quidem
464 810 654 875 passio
694 819 779 868 est
828 830 980 872 mors
1018 822 1263 877 nominis
1308 824 1476 895 hujus
1509 803 1851 888 consectaria
1883 844 2035 891 sunt.
2066 858 2086 891 ι

209 1004 285 1082 ονε
314 992 362 1082 »ὁ
411 993 578 1061 Θεὸς,
615 999 650 1050 ό
680 999 824 1065 Θεός
864 1015 1003 1070 σου,
1043 1004 1251 1061 ἔλαιον
1274 992 1693 1082 ἀγαλλιάσεως

213 1080 394 1178 ἰστέον
413 1083 487 1146 ὡς
507 1085 766 1178 πολλάκις
803 1090 1123 1167 κέχρηταιὴ
1155 1097 1275 1152 θεία
1315 1101 1506 1173 Γραφὴ
1526 1103 1604 1174 τῷ
1645 1080 1790 1178 παρέ

211 1174 450 1242 ῳχηκότι
494 1176 672 1246 χρόνῳ
725 1181 847 1235 ἀντὶ
902 1184 997 1238 τοῦ
1036 1187 1344 1257 μέλλοντος,
1398 1193 1474 1257 ὡς
1500 1194 1591 1248 τό*
1628 1174 1788 1251 Μετὰ

211 1264 400 1317 ταῦτα
449 1265 549 1319 ἐπὶ
594 1268 706 1338 τῆς
746 1271 863 1341 γῆς
912 1274 1101 1346 ὤφθη,
1132 1280 1234 1334 καὶ
1282 1283 1408 1350 τοῖς
1457 1285 1789 1355 ἀνθρώποις

212 1357 704 1450 συναῂεστράφη.
740 1362 908 1418 Οὔπω
937 1368 1048 1439 γὰρ
1073 1369 1228 1442 ὤφθη
1250 1413 1266 1438 ,
1291 1375 1412 1429 οὐδὲ
1430 1380 1791 1450 συνανεστρά-

215 1460 288 1515 ερη
324 1446 456 1511 Θεὸς
508 1451 836 1521 ἀνθρώποις,
876 1456 965 1510 ὅτε
1018 1460 1193 1515 ταῦτα
1242 1463 1478 1535 ἐλέγετο.
1527 1469 1638 1522 Καὶ
1686 1446 1782 1523 τό*

242 1538 360 1591 Επὶ
391 1538 509 1594 τῶν
543 1544 825 1613 ποταμῶν
856 1557 884 1587 ν
912 1550 1297 1621 Βαϐυλῶνος,
1352 1557 1483 1612 ἐκεῖ
1507 1560 1787 1615 ἐκαθίσα-

1965 930 2123 997 Quod
2177 934 2225 989 si
2259 936 2315 992 in
2364 934 2565 993 divinis
2614 950 2833 1009 quoque
2882 935 3180 1007 Scripturis
3217 936 3462 992 dicitur:

1740 1028 1789 1083 υ,
1896 1020 2183 1091 Propterea
2206 1024 2358 1077 unxit
2378 1032 2424 1079 te
2448 1024 2613 1091 Deus,
2646 1024 2790 1079 Deus
2823 1034 2962 1091 tuus,
3009 1025 3121 1080 oleo
3163 1025 3359 1081 latitia:
3394 1027 3462 1093 ³⁷,

1897 1114 2039 1169 scire
2088 1114 2281 1171 attinet
2303 1113 2645 1187 Scripturam
2676 1131 2890 1172 sacram
2911 1117 3183 1188 praeterito
3221 1123 3465 1186 tempore

1896 1218 1995 1273 pro
2022 1202 2207 1259 futuro
2231 1220 2375 1276 sape
2400 1206 2499 1261 uti.
2533 1206 2654 1273 Quo
2686 1207 2739 1261 in
2773 1222 2969 1278 genere
3000 1206 3132 1260 illud
3151 1212 3235 1261 est
3264 1224 3277 1260 :
3307 1206 3465 1261 Post-

1893 1294 2002 1347 luzc
2032 1295 2089 1348 in
2128 1303 2271 1349 terra
2312 1296 2453 1350 visus
2486 1306 2585 1363 est,
2613 1306 2661 1351 et
2690 1314 2808 1352 cum
2846 1298 3146 1352 hominibus
3192 1313 3466 1351 conversa-

1895 1392 1978 1438 tus
2007 1394 2085 1439 est
2110 1384 2173 1438 ³⁸.
2192 1384 2434 1440 Necdum
2458 1388 2602 1443 enim
2631 1388 2783 1443 visus
2813 1387 2990 1443 fuerat
3027 1387 3190 1452 Deus,
3216 1402 3319 1443 nec
3342 1402 3466 1444 cum

1894 1474 2213 1532 hominibus
2258 1489 2515 1535 versatus
2549 1479 2745 1547 fuerat,
2778 1495 2903 1535 cum
2939 1481 3055 1535 haec
3088 1480 3409 1535 dicebantur
3446 1496 3463 1534 :

1893 1565 2134 1636 Itemque
2181 1567 2361 1623 illud:
2397 1568 2567 1639 Super
2612 1572 2837 1639 ﬂumina
2882 1572 3174 1642 Babylonis
3223 1572 3336 1625 illic
3383 1586 3468 1628 se-

207 1642 347 1695 μεν,
388 1630 488 1683 καὶ
522 1632 930 1707 ἐκλαύσαμεν.
978 1640 1202 1696 Οὐδέπω
1239 1643 1351 1717 γὰρ
1394 1648 1569 1703 ταῦτα
1603 1651 1787 1719 ἐγεγό-

1901 1658 2068 1739 dimus
2110 1668 2159 1713 et
2200 1660 2440 1727 ﬂeuimus
2480 1663 2547 1714 ³³.
2576 1661 2831 1717 Nondum
2876 1664 3023 1719 enim
3061 1664 3175 1719 haec
3220 1662 3466 1736 contige-

218 1734 320 1772 νει.

752 1820 1004 1879 ΚΕΦΑΛ.
1036 1826 1089 1879 Ζυ
1116 1824 1250 1899 [tr].

1893 1758 2036 1805 rant.

2528 1843 2680 1899 CAP.
2719 1843 2832 1899 VII.

216 1902 987 2004 ηἳξληςἯέίτξξξιξῑδὲντξεςε
1010 1919 1063 2004 al
1085 1917 1194 2004 €1.90
1213 1921 1433 2004 φήσεις
1458 1922 1787 2004 ἐγέγνησεν

1901 1942 1971 1985 sa
1995 1950 2081 1988 eos
2108 1936 2199 2004 qui
2221 1935 2584 1996 sciscitantur,
2622 1950 2690 1987 an
2719 1943 2907 1987 sancta
2931 1933 3027 1988 Dei
3047 1932 3289 1987 Genitria:
3329 1933 3465 1988 duas

286 1974 337 2048 ἡ.
364 1976 500 2060 aria
536 1974 842 2060 ρεοεόκος,
883 1974 1056 2041 aedis!
1078 1987 1188 2043 δύο
1213 1974 1573 2060 ’φῡᾱέιᾏέσὲὶ
1596 1974 1783 2051 eieil-

278 2045 393 2109 ροῦ
414 2045 760 2116 ἐκρέμαντο.

284 2134 501 2221 φύσεως
528 2139 630 2209 μέν
654 2142 772 2197 ἐστι
796 2142 858 2198 τὺ
876 2145 1146 2220 ἀγένητον
1176 2152 1272 2206 καὶ
1303 2154 1551 2225 γενητὸν,
1582 2156 1668 2210 διὰ
1696 2158 1790 2211 τοῦ

214 2225 337 2289 ἐνὸς
361 2244 399 2281 ν
442 2232 812 2303 γραφόμενον,
852 2238 992 2310 ὅπερ
1037 2241 1190 2313 δηλοῖ
1220 2245 1280 2298 τὸ
1315 2245 1571 2302 άκτιστον
1606 2250 1702 2304 καὶ
1731 2250 1793 2303 τὸ

216 2318 432 2372 κτιστόν
451 2336 465 2349 '
496 2322 557 2375 τὸ
608 2324 665 2378 δὲ
690 2326 987 2400 ἀγέννητον
1004 2334 1099 2387 καὶ
1137 2337 1417 2407 γεννητὸν,
1447 2340 1508 2392 οὐ
1541 2339 1755 2409 φύσεως
1774 2382 1789 2407 ,

212 2410 332 2503 αλλ’
353 2412 705 2481 ὑποστάσεως
724 2436 739 2452 ·
764 2420 883 2491 ἦτοι
909 2422 971 2475 τὸ
992 2427 1330 2499 γεννηθῆναι
1372 2431 1465 2484 καὶ
1498 2431 1572 2501 μὴ
1602 2448 1794 2503 γεννη-

213 2501 372 2595 θῇναι
392 2520 407 2536 ·
444 2505 580 2579 ὅπερ
605 2507 695 2563 διὰ
722 2509 831 2565 τῶν
859 2512 953 2566 δύο
974 2532 1052 2569 νν
1076 2517 1366 2589 ἐκφέρεται
1398 2534 1447 2574 κ.
1496 2522 1652 2576 Ἐστι.
1693 2501 1793 2595 μέν

210 2591 305 2649 οὖν
334 2598 366 2667 η
401 2597 499 2668 μὲν
523 2599 642 2653 Θεία
666 2601 826 2671 φύσις
852 2605 1139 2678 ἀγένητος,
1164 2612 1284 2680 ἤτοι.
1316 2614 1589 2680 άκτιστος,
1614 2591 1794 2670 πάντα

208 2687 273 2740 δὲ
309 2689 379 2742 τὰ
412 2690 552 2760 μετὰ
601 2692 699 2763 τὴν
733 2694 884 2750 θείαν
934 2698 1097 2767 φύσιν
1149 2704 1373 2773 γενητὰ,
1425 2705 1544 2776 ἤτοι
1574 2707 1790 2762 κτιστά.

210 2776 511 2849 Θεωρεῐται
536 2781 717 2836 τοίνυν
749 2786 807 2838 ἐν
842 2786 940 2856 μὲν
973 2791 1040 2861 τῇ
1070 2788 1190 2863 θείᾳ
1221 2793 1315 2846 καὶ
1343 2794 1586 2866 ἀκτίστῳ
1611 2797 1791 2866 φύσει,

208 2870 275 2960 το
314 2870 414 2939 μὲν
437 2872 732 2945 ἀγέννητον
762 2876 820 2929 ἐν
855 2877 935 2948 τῷ
958 2880 1164 2953 Πατρί·
1216 2883 1276 2936 οὐ
1324 2884 1433 2957 γὰρ
1488 2887 1753 2960 ἐγεννήθη
1777 2905 1791 2918 ⁸

1963 2014 2201 2074 naturas
2239 2006 2511 2074 genuerit;
2556 2012 2605 2056 et
2660 2020 2731 2057 an
2786 2004 2907 2059 dum
2955 2012 3163 2058 natura:
3205 2006 3263 2056 in
3315 2018 3468 2058 cruce

1961 2073 2321 2141 pependerint.

1961 2160 2368 2217 Severianorum
2421 2171 2576 2218 so.mt
2624 2162 2993 2233 objectionem.
3049 2162 3241 2219 Prima
3280 2181 3315 2219 α
3356 2164 3467 2220 Deo

1891 2263 2093 2321 creata,
2133 2255 2391 2326 ingenita,
2437 2257 2492 2310 id
2520 2260 2611 2324 {est
2658 2273 2763 2311 non
2815 2272 2947 2311 nata
2999 2273 3067 2312 ea:
3122 2259 3269 2313 aliis.
3309 2257 3467 2328 Cigni

1889 2362 2124 2416 persona:
2150 2356 2250 2415 est,
2287 2365 2390 2403 non
2420 2359 2648 2403 natum.
2671 2380 2740 2391 —
2773 2350 3058 2419 Ἀγενητον
3115 2356 3169 2404 et
3217 2349 3465 2419 γενητὸν,

1892 2454 2017 2495 cum
2048 2441 2213 2496 unico
2245 2457 2275 2494 ν
2314 2442 2636 2498 scribuntur
2665 2443 2731 2510 ιο,
2762 2450 2975 2496 natura:
3002 2442 3357 2506 conveniunt,
3390 2442 3468 2497 si-

1892 2533 2259 2604 gniﬁcantque
2297 2534 2602 2589 increatum
2644 2542 2699 2589 et
2737 2541 2985 2589 creatum
3024 2552 3037 2588 :
3071 2543 3128 2587 at
3169 2533 3468 2603 ἀγέννητον

1892 2632 1947 2679 et
1970 2624 2251 2693 γεννητὸν,
2280 2623 2333 2678 id
2366 2632 2472 2693 est,
2514 2625 2824 2697 ingenitum,
2852 2634 2908 2681 et
2939 2627 3177 2697 genitum
3198 2665 3213 2691 ,
3248 2624 3337 2679 ubi
3368 2624 3469 2680 du—

1892 2716 2021 2787 plici
2038 2734 2097 2771 vv
2127 2716 2452 2784 efferuntur,
2479 2734 2589 2773 non
2620 2726 2851 2781 naturae,
2882 2717 2975 2773 sed
2999 2733 3246 2788 personae
3274 2732 3472 2772 conve-

1894 2809 2075 2863 niunt.
2104 2808 2275 2865 Porro
2304 2810 2488 2864 divina
2536 2811 2755 2881 quidem
2790 2819 3005 2875 natura,
3056 2809 3319 2879 ἀγένητος
3364 2815 3468 2874 est,

1896 2899 2011 2954 sive
2059 2899 2343 2954 increata:
2376 2908 2572 2955 caetera
2628 2914 2760 2955 vero
2814 2909 3011 2969 prater
3061 2898 3226 2967 258
3274 2899 3469 2967 ipsam,

207 2959 276 3013 τὸ
302 2961 359 3060 δέ
379 2964 635 3036 γεννητὸν
672 2968 730 3020 ἐν
766 2968 844 3039 τῷ
865 2970 982 3040 Υἱῷ
1006 2988 1021 3004 ·
1064 2973 1131 3026 ἐκ
1160 2975 1377 3047 Πατρὺς
1408 2986 1439 3026 1
1470 2979 1579 3051 γὰρ
1606 2959 1787 3044 ἀϊδίως

1901 2990 2121 3060 γενητὰ,
2156 2991 2271 3046 sive
2332 2991 2499 3046 facta.
2536 2959 2937 3046 Consideratur
2968 2989 3154 3058 itaque
3187 2988 3244 3041 in
3287 2987 3473 3041 divina

210 3052 538 3125 γεγέννηται
559 3072 574 3087 ο
605 3057 667 3110 τὸ
693 3057 750 3111 δέ
771 3060 1106 3130 ὲκπορευτὸν
1128 3067 1186 3120 ἐν
1214 3066 1293 3137 τῷ
1324 3069 1466 3141 ἁγίῳ
1489 3070 1789 3142 Πνεύματι.

225 3151 486 3206 Ἐκάστου
517 3153 575 3205 δέ
606 3153 781 3220 εἴδους
812 3156 989 3222 ζώων,
1025 3159 1095 3213 τὰ
1119 3160 1219 3230 μὲν
1256 3163 1466 3234 πρῶτα,
1495 3166 1789 3240 άγέννητα,

210 3241 330 3297 ἀλλ’
342 3242 441 3296 οὐκ
463 3244 703 3315 ἀγένητα
721 3264 734 3277 ·
760 3248 1020 3316 γεγόνασι
1048 3251 1156 3321 γὰρ
1186 3252 1290 3307 ὑπὸ
1311 3254 1405 3307 τοῦ
1421 3257 1789 3329 Δημιουργοῦ,

211 3335 316 3388 οὐκ
345 3335 714 3408 ἐγεννήθησαν
740 3338 797 3392 δὲ
833 3339 892 3406 ἐξ
915 3342 1136 3411 ὁμοίων.
1169 3344 1388 3409 Γένεσις
1419 3347 1519 3415 μὲν
1545 3348 1654 3419 γὰρ
1678 3350 1794 3403 κτί-

215 3441 303 3487 σις
325 3425 443 3478 ἐστί
461 3444 475 3460 ο
523 3427 775 3498 γέννησις
809 3429 886 3494 δὲ,
919 3432 1015 3484 ἐπὶ
1057 3434 1155 3503 μὲν
1187 3434 1345 3499 Θεοῦ,
1378 3436 1445 3490 ἐκ
1481 3438 1643 3507 μόνου
1676 3441 1791 3493 Πα-

210 3514 377 3586 τρὸς,
421 3518 709 3587 ὀμοουσίου
752 3519 883 3573 Υἱοῦ
920 3521 1182 3591 πρόοδος’
1224 3524 1315 3577 ἐπὶ
1350 3524 1407 3578 δὲ
1441 3527 1549 3580 τῶν
1600 3529 1791 3598 σωμά-

209 3623 324 3661 των
354 3619 399 3670 ι,
431 3611 465 3681 ἠ
487 3611 551 3665 ἐκ
577 3615 868 3684 συναφείας
898 3616 1127 3687 ᾶρῤενός
1158 3635 1217 3671 τε
1252 3619 1348 3673 καὶ
1381 3619 1621 3690 θηλείας,
1657 3624 1791 3692 ὁμο-

211 3699 397 3754 ουσίου
430 3702 784 3776 ὑποστάσεως
814 3708 1062 3778 πρόοδος.
1093 3709 1256 3765 Ὅθεν
1288 3709 1630 3783 γινώσκομεν
1655 3712 1790 3784 (65),

209 3790 293 3855 ὡς
318 3792 419 3847 οὐκ
442 3793 558 3849 ἔστι
590 3795 809 3864 φύσεως
836 3798 899 3852 τὸ
928 3801 1246 3868 γεννᾶσθαι,
1273 3802 1390 3855 ἀλλ’
1420 3803 1793 3870 ὑποστάσεως.

210 3884 280 3937 Et
312 3883 423 3956 γὰρ
452 3885 670 3955 φύσεως
692 3882 783 3960 ἦν,
809 3889 911 3945 οὐκ
956 3890 1024 3946 ἂν
1067 3892 1126 3947 ἐν
1162 3896 1230 3963 τῇ
1265 3892 1426 3963 φύσει.
1447 3894 1509 3949 τὸ
1538 3896 1797 3967 γεννητὸν

208 3975 503 4047 ὲθεωρεῖτο
525 3979 620 4032 καὶ
639 3980 701 4033 τὸ
723 3979 1044 4054 ἀγέννητον.
1077 3983 1406 4048 ’Υπόστασιν
1428 3985 1610 4041 τοίνυν
1638 3987 1796 4056 ἐγέν-

209 4070 436 4141 νησενὴ
488 4070 621 4139 ἁγία
670 4072 935 4138 Θεοτόκος
966 4076 1026 4129 ἐν
1053 4075 1175 4130 δυσὶ
1217 4076 1631 4150 γνωριζομένην
1675 4082 1798 4143 ταῖς

209 4156 432 4229 φύσεσι,
482 4160 698 4232 θεότητι
734 4160 856 4233 μὲν,
889 4163 953 4217 ἐκ
987 4165 1201 4236 Πατρδς
1223 4167 1578 4237 γεννηθεῖσαν
1619 4169 1790 4241 ἀχρό-

1895 3082 2116 3152 quidem
2146 3090 2200 3139 et
2246 3084 2488 3139 increata
2523 3090 2741 3150 natura,
2794 3083 3021 3154 ingeniti
3059 3082 3369 3153 proprietas
3416 3079 3471 3132 in

1893 3174 2056 3229 Patre
2080 3173 2281 3245 (neque
2304 3174 2451 3229 enim
2476 3174 2572 3229 ille
2601 3174 2819 3245 genitus
2832 3174 2960 3246 est),
2986 3170 3265 3243 generatio
3292 3176 3473 3223 autem

1891 3268 1948 3322 in
1986 3265 2125 3321 Filio
2152 3266 2445 3338 (siquidem
2479 3282 2546 3321 ex
2572 3265 2737 3321 Patre
2768 3266 3099 3335 sempiterne
3149 3269 3314 3317 natus
3345 3258 3470 3329 est);

1895 3358 2181 3429 processio
2229 3358 2465 3428 denique
2525 3357 2581 3411 in
2632 3357 2836 3428 Spiritu
2878 3362 3090 3412 sancto.
3136 3352 3194 3407 In
3229 3351 3476 3423 qualibet

1897 3456 2078 3503 autem
2111 3447 2473 3501 animantium
2508 3446 2712 3515 specie,
2748 3460 2811 3500 ea
2841 3460 2963 3515 quae
2990 3451 3117 3498 sunt
3142 3442 3319 3511 primo
3345 3454 3473 3507 pro—

1897 3539 2062 3595 ducta
2093 3536 2365 3608 άγέννητα
2395 3537 2638 3607 quidem,
2673 3538 2789 3593 sive
2810 3535 3047 3606 ingenita
3082 3539 3249 3595 sunt;
3287 3536 3343 3582 at
3364 3543 3472 3583 non

1897 3630 2028 3685 item
2060 3628 2317 3699 ἀγένητα,
2348 3628 2433 3683 vel
2488 3627 2751 3682 increata.
2788 3626 3002 3682 Etenim
3032 3639 3063 3679 a
3104 3637 3322 3680 summo
3349 3621 3477 3690 Opi-

1898 3717 2003 3773 ﬁce
2047 3724 2233 3771 creata
2287 3720 2455 3783 sunt;
2497 3729 2608 3769 non
2654 3722 2835 3770 autem
2886 3730 2953 3769 ex
2999 3711 3277 3770 similibus
3322 3716 3472 3764 nata.

1898 3806 2035 3862 Nam
2062 3806 2304 3878 γένησις,
2358 3806 2585 3877 quidem
2615 3806 2826 3862 creatio
2859 3812 2962 3861 est.
2997 3803 3069 3858 At
3103 3802 3377 3873 γέννησις,
3420 3802 3472 3855 id

1897 3907 2006 3967 est,
2037 3899 2343 3971 generatio,
2372 3913 2499 3954 cum
2528 3898 2596 3954 de
2627 3898 2737 3954 Deo
2762 3898 2966 3971 agitur,
2995 3905 3081 3954 est
3113 3896 3478 3953 consubstan-o

1901 3990 2048 4047 tialis
2098 3990 2223 4047 Filii
2272 4006 2341 4047 ex
2396 3992 2515 4047 solo
2568 3989 2734 4045 Patre
2778 3997 3134 4046 ortuszcum
3170 3996 3353 4043 autem
3408 3987 3478 4042 de

1900 4080 2246 4150 corporibus,
2285 4079 2778 4137 consubstantialis
2818 4093 3071 4151 personae
3104 4094 3173 4133 ex
3222 4077 3392 4132 maris
3422 4084 3477 4131 et

1897 4169 2114 4229 feminae
2142 4173 2431 4243 complexu
2463 4186 2782 4243 processus.
2811 4170 2891 4227 Ex
2939 4187 3050 4243 quo
3090 4169 3476 4241 perspicimus.

208 4268 344 4318 νως,
369 4250 455 4303 ἐπ’
486 4252 735 4323 ἐσχάτων
765 4252 845 4320 δὲ,
872 4255 930 4308 ἐν
958 4255 1137 4328 χρόνῳ
1174 4256 1233 4326 ἐξ
1261 4257 1450 4330 ,αὐτῆς
1489 4260 1787 4331 σαρκωθεῑ-

1901 4262 2050 4335 gigni
2080 4278 2192 4320 non
2228 4263 2297 4318 ad
2321 4273 2596 4331 naturam,
2622 4262 2719 4319 sed
2753 4263 2818 4318 ad
2847 4276 3141 4333 personam
3182 4259 3473 4331 pertinere.

210 4358 334 4407 σαν,
366 4343 462 4397 καὶ
496 4344 663 4415 σαρκὶ
688 4345 1041 4417 τικτομένην.

1898 4354 2036 4411 Nam
2059 4357 2107 4412 si
2141 4356 2210 4412 ad
2238 4363 2493 4412 naturam
2523 4363 2819 4428 spectaret,
2842 4356 3265 4427 haudquaquam
3294 4351 3348 4405 in
3370 4366 3478 4404 una

206 4432 514 4505 eademque
542 4442 744 4491 natura
767 4436 1011 4508 genitum
1041 4445 1097 4495 et
1127 4438 1431 4513 ingenitum
1455 4454 1796 4502 cerneretur.
1832 4444 1968 4501 Eam
2015 4447 2087 4503 ob
2127 4463 2243 4505 rem
2290 4456 2483 4504 sancta
2515 4446 2614 4504 Dei
2644 4446 2898 4504 Genitrix
2939 4458 3232 4517 personam
3296 4438 3481 4512 genuit

294 4573 339 4605 ³⁷
356 4572 505 4631 Psal.
544 4590 695 4643 xuv,
724 4576 779 4634 8.
857 4577 905 4611 ³⁸
954 4576 1191 4635 Barucb.
1243 4594 1326 4649 ιιι,
1355 4580 1445 4638 58.

1550 4581 1597 4615 ⁸⁸
1631 4581 1781 4640 Psal.
1813 4598 2038 4651 cum,
2074 4585 2126 4640 1.

2241 4584 2287 4617 ⁸ο
2319 4584 2453 4657 Sup.
2514 4586 2610 4643 lib.
2642 4602 2681 4655 1,
2715 4600 2767 4641 c.
2799 4584 2850 4642 9.

1550 4716 1788 4774 VABIIE
1815 4719 2226 4777 LECTIONES.

286 4824 310 4906 ξ
356 4824 418 4880 1n
459 4826 871 4906 Διιι-ιιιιίειιιοιίἀ.
931 4835 987 4884 et
1051 4829 1197 4906 apud
1226 4806 1608 4906 74th_ana_s_i_um
1663 4833 1757 4906 ῥτε
1817 4827 1913 4906 οὖν
1956 4833 2033 4906 τὸᾼ
2078 4833 2328 4906 Χριστὸς
2373 4834 2546 4906 ὄνομα
2573 4834 2725 4906 ίδίχα
2758 4833 2867 4906 τῇς
2895 4831 3100 4906 σαρκὸς
3123 4831 3477 4906 προσάγεται.

205 4902 238 4933 ι
266 4893 476 4975 De3_unt
497 4898 604 4975 ll?
659 4898 780 4953 dua:
807 4914 1001 4975 __voces
1176 4901 1300 4955 cod.
1339 4899 1562 4975 S._Hij.
1628 4902 1860 4975 aliisque
1881 4904 2091 4975 Regiis,
2218 4893 2373 4959 (ΞΟΠ).
2404 4893 2542 4960 ρι’ἱη
2568 4905 2634 4961 Ν.
2655 4893 2687 4905 ”
2714 4915 2741 4945 τ
2770 4893 2917 4958 Edit.
2967 4893 3181 4975 gmw
3215 4893 3478 4975 ποταμόν.

213 4978 247 5009 ι
276 4965 338 5023 ln
358 4967 425 5023 Β.
446 4967 588 5022 2427
608 4983 778 5040 supra
807 4969 1010 5026 lineam
1043 4969 1283 5040 λέγεται.
1358 4978 1388 5020 1
1410 4970 1477 5025 Β.
1510 4972 1545 5026 2
1578 4980 1632 5028 et
1669 4973 1739 5028 N.
1770 4965 1838 5028 ἐκ
1869 4965 2229 5047 τοῦἯατρός.
2308 4975 2476 5032 ιΜεε.
2514 4976 2752 5047 plurima
2784 4973 3118 5046 κτισμάτων,

1719 5106 1951 5166 NOTAE.

287 5215 614 5292 (65)"0087
684 5216 1085 5292 γιζώσκομεγ.
1142 5219 1243 5292 Eat
1276 5236 1379 5291 quo
1423 5223 1792 5292 perspicimus.

210 5286 373 5361 Quod
407 5286 729 5361 Latinorum
753 5286 974 5361 Patrum
1005 5291 1174 5361 aliqui
1193 5286 1472 5355 dixerant,
1496 5286 1793 5349 essentiam

209 5357 458 5431 divinam
495 5359 729 5431 gignere_
744 5369 798 5414 et
830 5359 1001 5430 gigni,
1036 5357 1140 5416 hoc
1167 5361 1395 5431 tandem
1424 5365 1677 5431 usurpari
1704 5380 1797 5419 ve-

213 5373 458 5411 umnam
534 5375 717 5429 ignere
744 5373 798 5414 et
830 5376 1001 5430 gigni,
1036 5373 1140 5416 noc
1174 5373 1395 5417 tandem
1424 5373 1677 5431 usurpari
1704 5380 1794 5419 ve-

213 5428 322 5481 tuit
349 5373 593 5508 synogus
630 5444 684 5483 IV
708 5429 1119 5487 Lateranensis.
1150 5429 1447 5508 Generatio
1493 5434 1698 5508 quippe
1726 5434 1794 5488 ad

219 5503 519 5569 essentiam
576 5509 899 5555 naturamve
954 5517 1065 5557 non
1114 5503 1462 5569 terminatur,
1492 5503 1598 5557 nisi
1636 5503 1791 5559 utea

212 5565 475 5641 subsistit
504 5567 557 5623 in
584 5584 841 5641 persona.
880 5569 973 5625 Sic
993 5572 1156 5640 vulgo
1178 5571 1353 5628 Graeci
1400 5565 1591 5628 contra
1626 5574 1795 5641 Apol-

216 5636 499 5695 linaristas
526 5636 977 5712 et‘Eutycbianos
1000 5636 1369 5712 disputarant.
1398 5642 1532 5699 Nam
1559 5654 1612 5700 ut
1648 5636 1795 5699 A'no-

1898 5243 2098 5298 nymus
2153 5226 2298 5297 apud
2348 5226 2720 5298 Euthymium,
2755 5242 2812 5296 p.
2839 5225 2895 5290 2,
2943 5225 3030 5281 tit.
3083 5222 3218 5298 8ait
3252 5240 3268 5278 :
3308 5221 3481 5298 Beat’j

1955 5295 2274 5374 i_rgo_Deum
2292 5295 2507 5367 quidem'
2523 5298 2733 5374 genuit,_
2749 5295 2851 5351 non
2876 5307 3052 5350 autem
3076 5295 3361 5374 deitatem;

1898 5362 2116 5444 deitatis
2140 5362 2373 5444 persona
2412 5362 2664 5444 naturam
2710 5362 3342 5444 'ItuptananLassumpsit.
3380 5362 3482 5444 Hie

1897 5449 1974 5516 est
2004 5438 2108 5516 Dei
2128 5434 2327 5504 Filius,
2352 5448 2433 5516 ut,
2464 5440 2553 5508 qui
2580 5439 2638 5516 in
2677 5438 2820 5492 caelis
2853 5445 2952 5501 est,
2987 5434 3384 5516 Filiusnitidem
3408 5434 3478 5513 sit

1896 5509 1952 5563 in
1982 5510 2155 5576 terris,
2181 5520 2229 5564 et
2256 5504 2550 5579 proprietas
2574 5510 2797 5562 immota
2816 5516 3145 5577 permaneat.
3165 5504 3322 5576 Gigni
3340 5504 3483 5559 enim

1901 5597 2001 5634 mm
2035 5592 2243 5635 natura:
2258 5578 2385 5648 fuit,
2403 5578 2491 5635 sed
2515 5593 2769 5648 personae.
