3926 6292
130 186 260 254 1117

1180 193 1277 254 DE
1310 192 1489 253 FIDE
1524 191 1989 253 OBTHODOXA
2023 193 2170 253 LIB.
2213 193 2305 256 IV.

3258 186 3397 255 1118

124 301 284 355 αὐτοῦ
319 300 426 356 υίοὶ
449 301 607 367 Θεοῦ,
629 302 1043 375 υίοθετηθέντες
1067 303 1157 359 διὰ
1184 304 1278 359 τοῦ
1305 305 1701 377 βαπτίσματος·

1812 305 1960 360 niam
1984 319 2140 376 atque
2171 319 2236 359 ac
2271 318 2375 360 nos
2402 301 2753 375 participavit
2781 300 2936 358 carni
2959 308 3014 358 et
3046 300 3301 373 sanguini
3326 304 3395 376 ³⁸,

121 394 278 458 αὐτὸς
307 394 335 445 ὁ
366 392 525 464 φύσει
558 394 687 459 Υἱὸς
733 394 828 448 τοῦ
877 394 1036 461 Θεοῦ,
1092 396 1439 467 πρωτότοκος
1472 398 1531 449 ὲν
1573 398 1707 468 ἡμῖν

119 485 229 548 τοῖς
253 484 401 538 θέσει
431 487 525 539 καὶ
552 487 735 558 χάριτι
763 488 902 551 υἱοῖς
929 487 1064 540 Θεοῦ
1096 488 1411 557 γενομένοις
1438 487 1533 542 καὶ
1556 488 1710 547 ἀδελ-

120 579 237 648 φοῖς
270 577 436 633 αὐτοῦ
484 578 858 649 χρηματίσασι
906 577 957 644 ά,
995 579 1242 648 γέγονεν.
1276 578 1441 632 Ὅθεν
1470 578 1671 645 Δἔλεγεν
1692 595 1705 610 ·

130 670 446 725 Ἀναϐαίνω
495 669 644 739 πρὸς
704 668 814 723 τὸν
872 670 1108 738 Πατέρα
1166 688 1286 739 μου
1341 670 1439 723 καὶ
1476 671 1710 739 Πατέρα

115 762 299 832 ὑμῶν.
332 763 443 816 Οὐκ
477 758 622 826 εἷπε,
651 762 884 831 Πατέρα
910 762 1103 832 ἡμῶν,
1140 762 1279 816 ἀλλὰ
1301 763 1536 828 Πατέρα
1563 779 1705 831 μου,

117 853 271 921 φύσει
290 852 554 924 δηλονότι,
586 852 679 907 καὶ
704 850 939 921 Πατέρα
962 852 1148 923 ὑμῶν,
1174 854 1378 925 χάριτι.
1401 853 1530 917 Καὶ,
1561 853 1711 906 Θεόφ-

108 962 244 1012 μου,
292 944 390 998 καὶ
424 945 573 999 Θεὸν
626 944 813 1014 ὑμῶν.
866 944 979 998 Καὶ
1014 946 1116 998 οὐκ
1152 939 1296 1009 εἶπε,
1334 944 1482 999 Θεὸν
1518 942 1708 1013 ἡμῶν,

40 1070 43 1083 ι
108 1033 263 1099 ἀλλὰ,
305 1036 454 1089 Θεόν
478 1052 632 1105 μου*
669 1035 737 1091 ἂν
772 1035 953 1109 διέλῃς
977 1037 1203 1099 λεπταῖς
1244 1048 1268 1076 ε
1294 1038 1414 1098 ταῖς
1446 1036 1713 1097 ἐπινοίαις

107 1126 165 1177 τὸ
202 1126 487 1196 ὁρώμενον
519 1126 581 1180 ὲκ
610 1127 704 1181 106
746 1126 1062 1199 νοουμένου,
1096 1127 1192 1183 καὶ
1222 1127 1369 1182 Θεὸν
1397 1125 1585 1197 ὑμῶν,
1634 1127 1713 1191 ὡς

110 1217 451 1288 δημιουργὸν
486 1218 579 1270 καὶ
610 1216 839 1289 Κύριον.

1809 395 2085 465 homoque
2134 394 2312 449 factus
2342 402 2465 463 est;
2501 409 2715 466 nosque
2761 395 2926 450 etiam
2976 409 3073 464 per
3119 408 3244 449 eum
3292 394 3388 449 ﬁlii

1805 485 1902 541 Dei
1938 485 2064 540 facti
2098 502 2311 551 sumus,
2344 500 2442 557 per
2492 486 2825 555 baptismum
2877 486 3088 541 scilicet
3131 486 3395 557 adoptati)

1809 577 1930 648 ipse
1971 584 2171 631 natura
2198 576 2294 631 Dei
2329 576 2528 643 Filius,
2557 579 2704 633 inter
2732 592 2855 643 nos,
2892 577 2985 646 qui
3020 576 3311 645 adoptione
3344 585 3399 631 et

1808 670 1982 743 gratia
2032 671 2086 725 in
2139 669 2238 723 Dei
2287 669 2429 725 filios
2481 671 2721 740 cooptati
2779 686 2974 725 sumus
3007 709 3023 734 ,
3090 668 3398 737 fratresque

1808 763 1985 834 ipsius
2014 762 2349 825 exstitimus,
2380 760 2780 832 primogenitus
2814 761 2991 816 factus
3034 769 3137 814 est.
3168 758 3245 812 Eo
3290 760 3397 813 ita-

1807 869 1915 925 que
1941 852 2160 907 nomine
2196 851 2415 907 dicebat
2447 871 2460 907 :
2501 852 2745 907 Ascendo
2779 853 2850 906 ad
2893 851 3112 905 Patrem
3148 868 3319 906 meum
3348 859 3397 906 et

1810 942 2034 997 Patrem
2083 952 2315 997 vestrum
2347 942 2413 996 “.
2468 941 2588 999 Non
2643 942 2807 1006 dixit,
2862 942 3085 997 Patrem
3133 951 3396 1010 nostrum,

1810 1035 1904 1091 sed
1966 1026 2198 1089 Patren?
2233 1051 2429 1104 meum,
2483 1043 2685 1091 natura
2737 1034 3033 1102 videlidet;
3063 1043 3113 1089 et
3177 1035 3397 1089 Patrem

1808 1137 2060 1196 vestrum,
2121 1130 2321 1199 gratia.
2381 1128 2691 1185 Etzﬂeum
2746 1145 2919 1183 meum
2979 1138 3030 1182 et
3098 1126 3265 1182 Deum
3317 1141 3397 1182 ve-

1808 1230 1979 1276 strum
2026 1220 2092 1274 ‘7.
2142 1220 2263 1276 Non
2317 1221 2475 1289 dixit,
2545 1221 2717 1276 Deum
2779 1229 3041 1287 nostrum,
3085 1220 3181 1277 sed
3225 1219 3396 1274 Deum
3452 1222 3460 1230 ’

114 1326 327 1375 meum;
363 1320 422 1366 ut
456 1311 733 1367 subtiliori
761 1313 1206 1370 consideratione
1239 1312 1291 1368 id
1315 1311 1468 1383 quod
1492 1312 1710 1369 visibilc
1741 1320 1846 1381 est,
1882 1314 1951 1367 ab
1981 1328 2048 1368 eo
2075 1314 2222 1384 quod
2258 1325 2438 1371 mente
2464 1306 2813 1388 inielligitur,
2884 1315 3222 1388 praeseindas
3254 1354 3269 1381 ,
3339 1322 3394 1372 et

114 1406 283 1458 Deum
318 1414 573 1471 vestrum,
598 1414 857 1476 tanquam
885 1388 1066 1462 r’erum
1097 1408 1345 1463 omnium
1371 1405 1623 1478 opiﬁcem
1649 1413 1703 1463 et
1743 1406 2056 1462 Dominum.

632 1501 884 1555 ΚΕΦΑΛ.
917 1502 973 1555 θ’
999 1500 1155 1574 [ηδ’]
1187 1540 1203 1555 .

384 1589 525 1659 Περὶ
555 1591 817 1659 πίστεως
850 1594 948 1648 καὶ
982 1594 1429 1665 βαπτίσματος.

186 1673 599 1754 Ὀμολογοῦμεν
644 1683 701 1737 δὲ
748 1683 806 1738 ἓν
842 1684 1129 1758 βάπτισμα
1168 1688 1250 1750 εἰς
1288 1687 1481 1758 ἄφεσιν
1517 1686 1703 1758 ἁμαρ-

102 1773 239 1827 τιῶν
270 1774 367 1827 καὶ
392 1775 472 1837 είς
500 1774 646 1846 ζωὴν
680 1774 918 1829 αἰώνιον.
944 1775 1016 1829 Τὸ
1038 1776 1144 1847 γὰρ
1176 1777 1467 1848 βάπτισμα
1491 1774 1584 1829 τὸν
1606 1774 1702 1827 106

105 1865 320 1936 Κυρίου
342 1865 570 1920 θάνατον
597 1867 767 1939 δηλοῖ.
795 1867 1227 1940 Συνθαπτόμεθα
1254 1868 1385 1938 γοῦν
1406 1866 1485 1938 τῷ
1512 1867 1703 1939 Κυρίῳ

99 1957 191 2011 διὰ
221 1956 320 2010 106
357 1955 766 2028 βαπτίσματος,
794 1957 871 2021 ὥς
913 1976 1078 2030 φησιν
1112 1960 1139 2011 ὁ
1164 1959 1307 2022 θεῖος
1361 1956 1702 2021 Ἀπόστολος.

104 2051 324 2121 Ὠσπερ
369 2046 463 2105 οὖν
512 2051 661 2115 ἅπαξ
695 2052 953 2123 ἐτελέσθη
997 2055 1025 2107 ὁ
1065 2051 1160 2105 τοῦ
1196 2052 1405 2125 Κυρίου
1447 2052 1701 2116 θάνατος,

97 2141 280 2206 οὕτως
324 2145 420 2197 καὶ
474 2142 622 2209 ἅπαξ
666 2145 749 2197 δεῖ
796 2144 1201 2215 βαπτίζεσθαι·
1238 2144 1596 2215 βαπτίζεσθαι
1644 2144 1700 2198 δὲ

100 2238 249 2290 κατὰ
265 2237 366 2290 τὸν
397 2236 491 2290 τοῦ
525 2237 731 2308 Κυρίου
762 2239 958 2307 Λόγον,
987 2240 1068 2302 εἰς
1096 2238 1157 2292 τὸ
1184 2238 1357 2308 ὄνομα
1377 2237 1471 2290 τοῦ
1492 2236 1706 2308 Πατρὸς

96 2328 194 2383 καὶ
226 2327 327 2382 τοῦ
373 2329 506 2383 Υίοῦ
526 2370 539 2392 ,
566 2329 660 2382 καὶ
692 2330 783 2382 τοῦ
819 2329 978 2398 ἁγίου
1006 2329 1350 2400 Πνεύματος,
1386 2326 1710 2396 διδασκομέ-

95 2437 226 2484 νους
248 2418 355 2491 τὴν
384 2419 464 2483 εἰς
488 2420 709 2492 Πατέρα
737 2421 833 2473 καὶ
857 2421 986 2475 Υίὸν
1014 2420 1109 2475 καὶ
1144 2422 1301 2489 ἅγιον
1329 2419 1555 2490 Πνεῦμα
1579 2422 1710 2491 ὁμο-

93 2511 316 2581 λογίαν.
391 2513 549 2567 Ὅσοι
597 2513 777 2568 τοίνυν
838 2512 949 2585 (67)
1011 2515 1091 2577 είς
1155 2514 1376 2585 Πατέρα
1444 2513 1540 2568 καὶ
1582 2513 1708 2567 Υίὸν

170 2691 214 2724 ⁵⁸
239 2690 418 2749 Hebr.
446 2700 504 2759 ti,
542 2689 629 2747 14.
693 2691 738 2724 ⁸⁸
771 2689 935 2748 Joan.
964 2708 1061 2759 xx,
1092 2693 1176 2749 17.
1239 2693 1282 2724 ⁸⁷
1306 2691 1439 2747 ibid.

1731 1506 1781 1566 B

1550 2692 1594 2723 ⁸⁸
1632 2690 1789 2745 Rom.

2457 1502 2611 1559 CAP.
2657 1501 2752 1557 IX.

2299 1595 2379 1651 De
2405 1595 2511 1667 [ide
2540 1604 2588 1651 et
2614 1595 2898 1665 baptismo.

1880 1688 2146 1759 Baptismi
2176 1690 2273 1745 vis.
2306 1690 2616 1759 Baptismus
2643 1686 3151 1758 unus.!Necessaria
3180 1689 3250 1743 ad
3301 1690 3396 1745 ba-

1808 1783 2063 1852 ptismum
2098 1782 2366 1837 invocatio
2400 1782 2710 1837 Trinitatis.
2740 1781 2881 1847 Quid
2926 1782 3070 1835 trina
3103 1782 3392 1838 immersio.

1811 1875 1953 1941 Quid
1980 1877 2035 1929 in
2067 1874 2343 1930 Christum
2395 1876 2685 1945 baptizari.
2738 1873 3085 1929 Eucharistia
3127 1885 3175 1929 et
3215 1875 3392 1944 bapti~

1810 1978 1954 2017 smus
1989 1979 2016 2017 e
2046 1962 2326 2019 Dominico
2354 1964 2521 2020 latere
2542 1966 2841 2034 ﬂuxerunt.
2879 1964 3185 2034 Baptismus
3199 1965 3396 2034 duplex

1811 2061 1868 2104 ut
1896 2060 1946 2105 et
1975 2050 2150 2107 homo.
2187 2083 2258 2093 ——
2289 2052 2408 2110 Jam
2442 2070 2575 2111 vero
2617 2070 2787 2111 unutn
2842 2056 3173 2126 baptismum
3214 2057 3268 2110 in
3302 2072 3393 2112 re~

1811 2143 2129 2198 missionem
2163 2151 2510 2212 peccatorum
2539 2156 2593 2201 et
2620 2146 2675 2201 in
2704 2146 2869 2202 vitam
2921 2154 3182 2202 aeternam
3218 2146 3391 2202 conli-

1808 2240 2007 2289 temur.
2044 2233 2357 2305 Baptismus
2384 2238 2588 2307 quippe
2618 2246 2852 2293 mortem
2912 2237 3131 2293 Domini
3180 2238 3391 2309 signiﬁ-

1808 2324 1988 2381 cat”.
2019 2326 2124 2383 Per
2160 2328 2495 2398 baptismum
2541 2329 2686 2385 enim
2731 2345 2857 2386 cum
2914 2331 3147 2386 Domino
3197 2332 3393 2401 sepeli-

1808 2432 1952 2480 mur,
1997 2427 2055 2472 ut
2089 2419 2167 2471 ait
2191 2418 2415 2475 divinus
2462 2418 2766 2489 Apostolus
2796 2420 2867 2474 ⁸⁸.
2918 2419 3390 2486 Quemadmodum

1806 2509 1973 2578 igitur
2015 2508 2282 2566 Dominus
2324 2517 2579 2568 mortuus
2608 2518 2715 2577 est,
2749 2511 2833 2569 sic
2862 2526 2968 2568 nos
3011 2512 3174 2568 etiam
3227 2514 3393 2569 semel

1830 2705 1900 2752 vt,
1924 2690 1976 2742 4.
2057 2690 2099 2723 ⁸ο
2132 2689 2351 2745 Coloss.
2421 2704 2483 2753 ιι,
2512 2689 2599 2743 12.

1434 2844 1672 2902 VARUE
1710 2844 2116 2902 LECTIONES.

158 2977 187 3019 ἀ
224 2976 392 3047 Regii
424 2974 671 3047 quidam,
707 2976 863 3033 Colb.
887 2976 924 3031 ‘2
953 2974 1086 3029 υίῶν
1111 2972 1248 3029 Θεοῦ
1272 2973 1600 3047 *γενομένων
1653 2973 1750 3047 καὶ

86 3048 146 3107 S.
180 3050 295 3103 llil.
318 3043 697 3105 vsed'corraSa
735 3047 1057 3103 membrana
1095 3043 1443 3099 emendatum
1470 3043 1593 3106 fuit,
1626 3055 1686 3098 ut
1718 3044 1772 3097 in

1804 2971 2052 3041 ἀδελφῶν
2092 2970 2257 3025 αὑτοῦ
2310 2973 2787 3042 χρηματισάντων.
2832 2972 2911 3028 Ita
2967 2972 3093 3029 olim
3156 2973 3208 3027 in
3263 2973 3392 3028 cod.

1800 3050 1954 3097 textu
2012 3042 2362 3115 reliquimus.
2444 3054 2467 3082 θ
2502 3044 2689 3115 Regg.
2723 3044 2756 3098 6
2794 3054 2847 3099 et
2880 3043 2946 3098 Ν.
3001 3043 3229 3113 ψιλαῖς..
3262 3046 3390 3099 cod.

86 3120 145 3175 S.
179 3118 296 3173 llil.
327 3118 583 3182 λεπταῖς.
615 3120 800 3191 ψιλαῖς
832 3135 846 3172 :
886 3132 1009 3189 qua:
1042 3130 1148 3171 vox
1184 3116 1239 3170 in
1268 3123 1477 3171 textum
1500 3114 1746 3185 irrepsit,
1776 3129 1898 3169 cum
1946 3114 2333 3183 explicationis
2372 3114 2551 3185 gratia
2604 3114 2840 3187 margini
2874 3115 2958 3171 vel
2983 3130 3152 3185 supra
3191 3115 3391 3169 lineam

82 3193 339 3262 ascripta
376 3196 545 3244 esset.

148 3375 270 3459 (θη
320 3375 499 3459 ῖρσοι
546 3371 781 3459 εφξνῖυῖε
804 3366 1698 3459 -ο.αέ.ίη,,.¹ἐξετιῑπηεεεείεὶτ,ενο.ξξ¹ἓ
1725 3372 1769 3431 ο

74 3438 472 3503 Orientalium
528 3442 825 3510 disciplina
866 3440 1076 3505 fuit,ut
1128 3438 1529 3507 haeretici,qui
1589 3438 1697 3510 Deo

72 3521 159 3573 vel
196 3513 488 3570 Trinitati
551 3508 930 3569 detraherent,
965 3511 1146 3564 denuo
1176 3510 1546 3579 tingerentur,
1568 3508 1697 3563 dum

74 3589 351 3645 redibant
388 3582 462 3636 ad
506 3581 810 3640 Ecclesium
848 3599 860 3635 :
900 3582 973 3634 Τὸ
1012 3580 1299 3649 βάπτισμα
1327 3579 1389 3632 τὸ
1421 3580 1698 3649 αἱρετικὸν

70 3661 173 3713 οὐκ
211 3657 438 3711 οἰκεῖον
477 3651 622 3733 ὓδωρ
650 3651 1002 3722 λογιζόμενον
1026 3666 1040 3680 ·
1079 3650 1403 3733 Hmreticgm
1427 3650 1700 3733 baptisma

72 3748 179 3784 non
236 3741 413 3782 suam
446 3719 1052 3793 genuinamque'aquam
1096 3728 1291 3793 censet
1311 3719 1574 3784 Ecclesia,
1612 3720 1701 3774 in-

74 3802 203 3872 quit
265 3788 579 3872 (ΣιριιιὶξιιξΔ
608 3788 787 3872 Alex.
823 3788 922 3847 lib.
953 3808 966 3846 l
997 3788 1434 3872 Siron-“Neque
1489 3801 1697 3872 certum

72 3861 219 3926 adeo
270 3876 393 3931 est,
432 3880 465 3917 a
524 3862 791 3931 Stephani
824 3878 977 3933 papae
1002 3906 1015 3929 ,
1048 3861 1465 3931 Firmilianique
1517 3862 1701 3916 Caesa-

74 3940 291 3995 riensis
316 3934 697 4003 temporibus,
719 3933 786 3987 ad
816 3934 1101 4002 antiquam
1128 3933 1587 3988 consuetudinem
1607 3947 1702 3987 eos

72 4013 379 4067 revolutos
396 4002 596 4060 fuisse.
625 4002 702 4059 Ne
738 4004 812 4057 ita
841 4002 1699 4067 censeamus,obsistuntBasilii

71 4082 266 4153 magni
330 4090 591 4153 canones
628 4073 698 4153 ad
751 4072 1579 4153 amphilochium.Epiphanius
1600 4073 1703 4153 Ee-

74 4143 271 4206 ele‘s’iac
338 4147 632 4201 universa:
679 4144 951 4213 judicium
1010 4146 1442 4213 exspectandum
1504 4143 1697 4208 duxit,

74 4239 209 4277 num
275 4219 378 4289 qui
445 4231 531 4289 ex,
577 4214 800 4289 Arianis
842 4213 1417 4289 venerint,_secundo
1472 4213 1702 4289 lavacro

71 4299 274 4362 egeant
298 4284 320 4356 ξ
342 4303 483 4344 cum
521 4286 747 4339 interim
771 4285 1106 4362 Athanasius
1141 4285 1324 4362 denuo
1340 4284 1701 4362 baptizandos

71 4353 346 4417 t-Enseret
376 4398 393 4423 ,
419 4363 574 4411 orat.
596 4362 790 4410 contra
837 4356 1009 4424 ipsos.
1046 4353 1167 4408 Non
1198 4356 1358 4418 enim,
1390 4355 1590 4423 inquit,
1620 4356 1702 4417 είς

74 4433 308 4503 Πατέρα
341 4428 446 4483 καὶ
486 4427 618 4503 Υίδν
643 4424 1281 4503 διᾷόασινοίΛἋρειανοί,
1320 4424 1375 4477 in
1406 4424 1617 4478 Patrem
1648 4433 1702 4479 et

70 4495 286 4557 Filium
320 4502 469 4557 dant
512 4496 727 4559 Ariani,
753 4495 843 4549 sed
872 4497 927 4549 in
954 4495 1257 4549 Creatorem
1283 4505 1332 4547 et
1357 4506 1654 4549 creaturam
1679 4511 1698 4558 ;

70 4574 180 4627 κᾶν
205 4574 273 4626 τὸ
320 4572 518 4639 ὄνομα
566 4567 661 4639 106
715 4566 930 4637 [ἰατρὸς
980 4566 1080 4639 καὶ
1108 4564 1201 4618 106
1233 4565 1365 4617 Υίοῦ
1406 4566 1492 4639 διὰ
1520 4567 1580 4618 τὸ
1604 4582 1698 4633 γε·

70 4661 101 4710 γ
114 4635 543 4714 ραμμένονζρνο
550 4637 746 4714 μάζειν
773 4635 1202 4714 προστε-οιῷνται,
1239 4637 1451 4714 tametsi
1473 4639 1691 4689 nomina

72 4705 261 4767 Patris
317 4721 372 4766 et
412 4705 596 4769 Filii,
647 4707 773 4780 quia
815 4705 892 4760 sic
934 4705 1212 4780 §criptura
1275 4707 1563 4780 sancitum‘
1596 4717 1696 4780 est,
1734 4725 1775 4780 υ

68 4784 336 4839 simulent
386 4797 450 4836 se
509 4775 885 4848 pronuntiare.
916 4775 1048 4848 Non
1090 4777 1228 4830 enim
1257 4779 1346 4848 qui
1383 4777 1699 4844 simpliciter

69 4859 172 4919 uit,
200 4854 473 4914 Domine,
510 4846 610 4903 ille
638 4847 775 4912 dat;
810 4847 926 4901 ἀλλ’
957 4849 985 4900 ὁ
1019 4848 1155 4917 μετά
1193 4846 1286 4899 106
1312 4847 1577 4919 ὀνόματος
1603 4849 1698 4901 καὶ

70 4918 261 4980 πίστιν
317 4926 472 4991 ἔχων
520 4919 728 4991 ὀρθήν,
756 4920 847 4991 qui
879 4934 1064 4991 nomen
1101 4918 1464 4991 easprintendo,
1500 4929 1697 4971 rectant

68 5012 280 5068 quoque
310 4988 489 5066 ﬁdem
536 4988 715 5068 liabet.
767 4988 1058 5068 Dominum
1107 4988 1381 5068 siquidem
1427 4990 1700 5068 apostolis

72 5059 458 5136 praesepis“,
484 5061 734 5136 primum
766 5068 839 5136 _ut
872 5059 1155 5121 docerent,
1190 5068 1305 5111 tum
1351 5060 1554 5136 deinde
1607 5061 1674 5113 ba

74 5129 387 5207 ptizarent.
425 5129 715 5199 Quocirca
757 5129 997 5207 litereses
1034 5146 1136 5183 non
1192 5145 1425 5207 paucas,
1457 5131 1581 5199 quia
1613 5147 1679 5207 no

73 5198 223 5264 inina
261 5198 491 5262 tantum
530 5201 905 5272 pronuntiant,
940 5198 1195 5272 λέγουσαι
1230 5199 1298 5251 τὰ
1327 5198 1565 5270 ὀνόματα
1599 5201 1696 5269 μό-

70 5299 185 5345 νον,
218 5296 319 5336 nec
355 5270 579 5331 rectam
612 5272 768 5345 ﬁdem
806 5270 1266 5345 tenent,_inutilem
1305 5286 1499 5345 aquam
1531 5273 1696 5345 possi-

71 5340 196 5407 dere
226 5368 244 5408 :
275 5359 331 5405 et
373 5344 841 5419 quemadmodum
872 5340 1177 5419 Manichai,
1214 5350 1285 5419 ει⁸
1313 5340 1565 5419 Phryges,
1603 5343 1698 5419 καὶ

70 5425 121 5476 01
142 5422 242 5478 τοῦ
261 5410 658 5491 Σαμίοσλοιτέ-ως
688 5411 952 5491 μαθηταί,
968 5422 1016 5466 et
1038 5411 1286 5491 discipuli
1310 5410 1697 5466 Samosatensis

74 5495 153 5562 (id
175 5503 269 5548 est
301 5481 717 5564 Paulianistai)
763 5481 1108 5564 euripum
1140 5481 1557 5564 λέγοντες,.σιιιη
1589 5501 1697 5564 no-

78 5554 226 5618 mina
274 5564 400 5631 ipsa
438 5557 698 5619 recitent,
722 5554 1072 5631 nihilominus
1109 5564 1385 5631 censentur
1417 5555 1698 5631 han-elici;

78 5640 154 5689 ita
185 5645 237 5691 et
272 5624 552 5692 Arianos,
578 5634 688 5681 etc.
720 5624 971 5681 Secunda
1004 5626 1246 5696 synodus
1278 5641 1544 5682 canonem
1579 5626 1697 5681 edi-

1627 3244 1855 3304 NOTIE.

1802 3368 1881 3424 dit
1917 3368 1985 3423 de
2034 3369 2329 3433 ltmreticis,
2366 3369 2460 3440 qui
2511 3385 2637 3425 cum
2690 3371 2986 3441 baptismo,
3028 3379 3081 3424 et
3130 3370 3221 3438 qui
3274 3370 3392 3425 sine

1805 3440 2083 3509 baptismo
2119 3456 2242 3494 cum
2285 3443 2399 3495 sola
2433 3440 2927 3496 cltrismatis’sacri
2958 3441 3219 3495 unctione
3249 3442 3390 3493 reei-

1800 3521 2082 3581 perentur.
2118 3514 2326 3565 Horum
2383 3510 2703 3581 Catalogum
2759 3512 3001 3579 amplum
3039 3512 3267 3579 digessit
3298 3509 3392 3562 Ti-

1802 3582 2058 3652 motheus
2103 3582 2211 3636 ΟΡ.
2248 3581 2556 3652 presbyter,
2595 3582 2777 3652 sgeeuli
2815 3583 2953 3635 sexti
2991 3583 3252 3649 scriptor.
3276 3581 3391 3652 Ca:-

1801 3658 1977 3704 terum
2012 3650 2281 3715 Basilius,
2309 3650 2470 3721 epist.
2500 3653 2533 3705 2
2573 3650 2638 3704 ad
2678 3652 3048 3720 Amphilocln,
3083 3651 3388 3721 cavendum

1802 3722 1899 3791 ait,
1921 3736 1989 3775 ne
2022 3722 2273 3791 asperior
2306 3720 2395 3776 ille
2442 3738 2575 3776 usus
2615 3722 3003 3791 impedimento
3037 3723 3108 3777 sit
3136 3720 3393 3775 Ecclesia:

1802 3790 1969 3850 bono.
1996 3801 2090 3845 aut
2119 3793 2503 3847 luereticorum
2533 3790 2721 3854 saluti,
2737 3809 2799 3847 ne
2822 3791 2886 3845 ob
2922 3793 3141 3845 nimium
3166 3792 3391 3860 rigorem

1802 3863 2071 3932 segniores
2113 3864 2404 3917 reddantur
2432 3862 2499 3916 ad
2553 3864 2902 3917 accedendum
2952 3861 3019 3916 ad
3071 3861 3388 3923 Ecclesium,

1803 3942 1864 3986 ut
1899 3932 2144 3988 Zonaras
2197 3936 2615 4003 interpretatur,
2648 3934 2974 4003 dixeratque
3029 3944 3154 3987 ante
3206 3934 3389 4003 ipsum

1803 4004 2134 4059 Anastasius
2182 4004 2251 4075 in,
2276 4002 2423 4075 resp.
2457 4004 2524 4057 ad
2561 4016 2757 4074 quam.
2787 4002 2895 4059 86.
2919 4003 3036 4058 Non
3064 4005 3135 4056 ita
3176 4002 3390 4075 pridem

1804 4084 1933 4128 ante
1962 4083 2206 4145 tempora
2238 4072 2588 4139 Damasceni,
2627 4075 2891 4130 Trullano
2950 4072 3269 4145 canonc’95
3309 4072 3391 4129 fe-

1802 4145 2026 4217 rebatur
2052 4144 2162 4205 ,ut
2187 4145 2284 4217 qui
2310 4161 2379 4200 ex
2420 4146 2755 4211 Manichaeis,
2791 4146 3208 4215 Valentinianis,
3244 4144 3390 4202 Mar-

1804 4215 2357 4291 cionistis,_aliisque
2396 4217 2668 4291 ejusmodi
2711 4220 2881 4275 sectis
2907 4229 3385 4291 converterentur,

1804 4284 2014 4359 abSque
2054 4288 2236 4359 altero
2267 4284 2570 4359 baptismo
2610 4304 2831 4359 errores
2904 4306 3035 4346 suos
3085 4284 3388 4359 ejurareut;

1806 4354 2090 4431 eretici,_
2119 4358 2299 4431 inquit
2348 4354 2600 4416 Justinus
2630 4357 2825 4415 Junior
2874 4363 2939 4414 ad
2970 4354 3169 4431 quaest.
3198 4364 3281 4427 14,
3314 4365 3393 4417 ad

1804 4436 2002 4480 rectam
2057 4427 2359 4482 doctrinam
2429 4431 2688 4485 venientis
2743 4427 3002 4485 erratum
3035 4434 3392 4497 emendatur,

1802 4512 1977 4564 prava:
2010 4499 2221 4567 quidem
2251 4501 2532 4567 opinionis,
2567 4510 2772 4555 mutata
2799 4504 3102 4567 sententia;
3133 4504 3391 4566 baptismi

1803 4569 1977 4643 divino
2026 4578 2333 4643 unguento;
2377 4572 2733 4626 ordinationis
2755 4613 2768 4634 ,
2798 4575 3133 4643 oppositione
3170 4591 3379 4637 manus,

1838 4655 1903 4691 uo
1941 4639 2002 4707 ﬁt
2031 4648 2089 4714 ut
2136 4641 2269 4714 nihil
2308 4639 2878 4714 insolutumimaneat.’
2898 4646 3012 4699 Cur
3048 4660 3178 4699 vero
3215 4646 3390 4714 prisci-

1849 4717 1998 4783 atres
2048 4710 2380 4779 baptismum
2438 4713 2821 4767 haereticorum
2874 4710 3255 4783 reprobareni,
3283 4717 3382 4770 has

1806 4778 1976 4834 fuisse
2009 4778 2206 4835 cauSas
2234 4792 2386 4851 puto.
2422 4783 2621 4838 [’rteter
2638 4798 2839 4854 pravos
2870 4778 3059 4839 formae
3088 4778 3382 4841 recitandae

1806 4864 2004 4922 sensus
2046 4866 2186 4921 quos
2220 4854 2644 4922 prmmiltebaut,
2671 4854 2966 4910 Gnosticos
2999 4856 3167 4911 variis
3202 4857 3383 4912 modis

1806 4919 2078 4987 baptismi
2104 4919 2245 4976 ritus
2274 4930 2328 4977 et
2362 4925 2527 4978 verba
2563 4925 2905 4980 adulterasse
2929 4922 3389 4982 narrat‘lrenaeus

1807 5000 1922 5066 toto
1949 5006 2072 5062 cap.
2093 4993 2174 5066 _8,
2199 4992 2300 5066 lib_.
2329 5010 2366 5047 ι.
2398 4995 2568 5063 Cujus
2618 4996 2846 5051 sceleris
2879 4997 2959 5066 rei
3008 5012 3226 5066 quoque
3255 5005 3385 5051 sunt

1806 5060 2212 5137 e_Montanistis
2259 5060 2679 5137 Tascodrugetm
2721 5067 2865 5137 apud
2908 5060 3209 5137 Tlmbdgix,
3239 5068 3379 5121 lib.t

1807 5131 1953 5185 Πιεν.
1981 5133 2095 5207 fab.
2121 5148 2264 5207 ‘cap.
2298 5136 2399 5201 12,
2432 5145 2486 5190 et
2519 5131 2867 5202 Quintilliani
2916 5139 3057 5207 apud
3091 5134 3384 5191 Tertullia-

1798 5218 1953 5278 num,
1980 5204 2073 5257 lib.
2110 5203 2187 5258 De
2211 5203 2354 5274 bapt.
2387 5221 2513 5278 cap.
2539 5209 2590 5261 1.
2622 5208 2911 5278 Dionysius
2928 5203 3083 5278 Alex.
3110 5207 3284 5278 Epist.
3314 5207 3380 5261 ad

1803 5272 2016 5329 Xisutm
2050 5289 2250 5344 papam
2278 5272 2679 5346 Vapud'Euseb.
2727 5272 2823 5332 lib.
2863 5293 2940 5332 vn
2980 5277 3126 5333 Hist.
3155 5272 3288 5346 'cap.
3323 5279 3378 5343 9,

1802 5353 1992 5397 narrat
2050 5361 2236 5419 senem
2269 5347 2562 5419 quemdam
2610 5350 2705 5419 qui
2751 5348 2807 5401 in
2850 5349 3087 5404 ecclesia
3125 5349 3380 5417 baptismi

1802 5417 2161 5489 ctereutoniis
2186 5417 2530 5489 interfuerat,
2561 5417 2644 5473 ad
2690 5434 2822 5474 suos
2869 5419 3036 5489 pedes
3079 5420 3377 5485 corruisse,

1802 5484 2101 5558 dejerando
2151 5487 2482 5556 baptismum
2523 5503 2631 5558 quo
2673 5484 2887 5546 tinctus
2913 5497 3031 5543 erat
3063 5491 3130 5544 ab
3168 5484 3384 5544 ltaereti~

1803 5556 1904 5630 eis,
1942 5556 2161 5630 alterius
2211 5558 2376 5627 fuisse
2415 5556 2641 5629 generis,
2668 5561 2981 5630 plenumque
3008 5561 3295 5628 impietatis
3326 5570 3377 5616 et

1804 5626 2163 5696 blasphemia,
2198 5626 2288 5683 nec
2336 5626 2501 5685 ullam
2534 5626 2675 5687 cum
2696 5626 3110 5688 nostro'habere
3131 5632 3382 5688 similitu-
