3926 6292
537 189 675 266 me
1711 209 1772 269 s.
1816 205 2138 270 JOANNIS
2198 205 2635 270 DAMASCENI
3687 193 3840 262 1120

537 316 804 387 baptizari
833 315 1207 374 necessarium
1229 323 1347 386 est;
1367 317 1662 389 baptizari,
1693 319 1946 390 inquam,
1977 321 2122 376 sicut

2243 321 2317 374 ιαὶ
2365 320 2522 389 ἅγιον
2563 318 2792 392 Πνεῦμα
2844 315 3274 389 βαπτισθέντες,
3309 314 3440 388 μίαν
3497 315 3666 386 φύσιν
3725 316 3840 382 τῆς

538 423 571 461 a
597 406 832 464 Domino
859 407 1067 465 dictum
1095 417 1217 465 est:
1254 408 1320 464 In
1346 411 1556 466 nomine
1590 409 1775 466 Patris
1813 422 1866 468 et
1905 412 2040 467 Filii
2071 425 2120 468 et

2243 411 2523 482 ὶεότητοςί
2558 412 2616 465 ὲν
2667 409 2848 483 τρισὶν
2883 409 3217 464 ὑποστάσεσι
3266 408 3633 480 διδαχθέντες,
3666 401 3839 469 αὖθις

545 499 781 568 Spiritus
812 503 986 556 sancti
1021 501 1089 557 '°.
1124 501 1336 567 Quibus
1389 503 1600 557 scilicet
1635 503 1840 566 verbis,
1877 503 2051 560 Patris
2073 512 2126 560 et

2243 503 2709 569 ὶναϐαπτίζονται,
2742 495 2889 558 οῦτοι
2933 500 3342 574 ἀνασταυροῦσι
3398 501 3490 554 τὸν
3545 499 3836 572 Χριστὸν,

537 590 660 644 Filii
721 600 776 647 et
832 593 1072 662 Spiritus
1106 593 1282 649 sancti
1345 593 1750 648 confessionem
1808 595 2122 650 edocemur.

2243 593 2304 660 In;
2332 611 2499 666 φησιν
2526 597 2556 650 6
2600 595 2746 659 θεῖος
2785 592 3134 657 Ἀπόστολος.
3175 593 3505 648 Ἀδύνατον
3537 592 3649 662 γὰρ
3683 591 3836 654 τοὺς

538 681 810 748 Quocirca
867 685 960 752 qui
1011 684 1066 738 in
1123 684 1336 740 Patrem
1396 694 1451 740 et
1507 685 1708 740 Filium
1756 694 1812 740 et
1860 684 2126 758 Spiritum

2243 686 2394 752 ἅπαξ
2425 685 2855 757 φωτισθέντας,
2876 686 2971 740 καὶ
3005 685 3075 740 τὰ
3111 683 3264 756 ἑξῆς,
3290 679 3464 750 αὖθις
3505 682 3834 738 ἀνακαινί-

540 783 786 828 sanctum
849 775 1110 844 baptizati
1147 813 1164 839 ,
1223 791 1500 845 unamque
1551 777 1608 831 in
1671 776 1850 831 tribus
1901 775 2128 833 Deitatis

2243 776 2351 838 ζειν
2377 778 2467 842 εὶς
2499 776 2850 846 μετάνοιαν,
2880 774 3422 844 ἀνασταυροῦντας
3447 772 3690 838 ἑαυτοῖς
3726 771 3834 825 τὸτ-

539 864 793 932 personis
826 874 1080 919 naturam
1118 864 1330 927 edocti,
1367 866 1701 936 baptismum
1750 875 2027 934 repetunt,
2066 865 2128 930 ii,

541 955 845 1009 secundum
900 953 1146 1008 divinum
1191 955 1538 1026 Apostolum,
1594 954 1875 1010 Christum
1933 970 2131 1012 rursus

540 1044 908 1112 cruciligunt:
943 1044 1280 1106 Impossibile
1308 1047 1447 1100 enim
1493 1053 1571 1099 est
1596 1085 1611 1108 ,
1649 1045 1856 1115 inquit,
1907 1062 1996 1100 eos
2040 1047 2132 1116 qui

543 1133 700 1186 semel
729 1133 1024 1187 illuminati
1051 1144 1198 1200 sunt,
1227 1143 1361 1199 etc.,
1424 1150 1610 1188 rursus
1657 1134 1726 1188 ad
1773 1136 2134 1203 paenitentiam

487 1217 498 1228 ’
545 1239 811 1285 renovare,
848 1226 1210 1295 crucifigentes
1244 1226 1436 1278 iterum
1474 1225 1638 1295 260
1681 1225 1784 1278 sibi
1817 1227 1947 1292 ipsis
1975 1224 2136 1280 Chri-

543 1323 706 1379 stum,
739 1325 788 1368 et
831 1317 1062 1370 ostentui
1097 1316 1348 1370 habentes
1403 1317 1472 1368 ⁸⁸.
1516 1318 1586 1368 At
1632 1316 1724 1385 qui
1775 1316 1829 1370 in
1886 1325 2134 1372 sanctam

437 1467 445 1474 θ
547 1403 874 1461 Trinitatem
913 1408 1176 1476 baptizati
1209 1422 1318 1461 non
1355 1413 1508 1473 sunt,
1547 1406 1602 1460 hi
1633 1406 1816 1461 denuo
1850 1406 2135 1476 baptizen-

548 1506 640 1550 tur
694 1512 921 1553 necesse
976 1504 1082 1553 est.
1125 1497 1241 1553 Etsi
1289 1499 1436 1553 enim
1489 1488 1791 1568 Apostolus
1840 1497 1974 1552 dicit
2022 1496 2138 1553 :In

551 1585 826 1644 Christum
882 1598 931 1643 et
979 1589 1033 1643 in
1071 1600 1296 1645 mortem
1348 1591 1514 1659 ipsius
1555 1589 1816 1659 baptizati
1849 1607 2030 1646 sumus
2057 1593 2137 1658 ⁵²;

2230 868 2511 936 Χριστὸν,
2539 868 2639 922 καὶ
2667 865 3336 939 παραδειγματίζοντας.
3369 865 3522 921 Ὅσοι
3545 865 3604 917 δὲ
3639 863 3726 935 μὴ
3751 865 3836 926 εἰς

2231 959 2331 1029 τὴν
2382 957 2543 1028 ἁγίαν
2577 959 2786 1031 Τριάδα
2837 958 3273 1029 ἐϐαπτίσθησαν,
3306 955 3532 1021 τούτους
3560 957 3644 1009 δεῖ
3695 957 3836 1009 ἀνα·

2233 1047 2620 1114 ϐαπτίζεσθαι.
2654 1051 2717 1104 Ei
2760 1050 2870 1122 γὰρ
2914 1049 3010 1104 καί
3045 1066 3213 1120 φησιν
3249 1050 3278 1103 6
3299 1048 3442 1112 θεῖος
3477 1047 3834 1110 Ἀπὸστολο;,

2233 1139 2317 1193 ὅτι
2348 1143 2456 1207 Εις
2487 1140 2750 1208 Χριστὸν
2775 1141 2872 1196 καί
2919 1143 3006 1207 είς
3043 1139 3154 1194 τὸν
3193 1138 3454 1196 θάνατον
3483 1137 3674 1191 αὑτοῦ
3699 1137 3829 1189 ἐϐα-

2235 1235 2594 1303 πτίσθημεν,
2619 1233 2720 1304 οὐχ
2740 1232 2884 1288 οῦτω
2913 1233 3024 1286 δεῖν
3069 1230 3319 1301 γίνεσθαί
3343 1247 3478 1301 φησι
3509 1228 3608 1282 τοῦ
3632 1228 3838 1299 βαπτί-

2239 1343 2449 1398 σματος
2502 1325 2603 1395 τὴν
2647 1324 2977 1396 ἐπίκλησιν,
3012 1321 3130 1377 ἀλλ’
3170 1323 3253 1376 ὅτι
3301 1321 3473 1386 τύπος
3512 1320 3610 1374 τοῦ
3669 1319 3838 1372 θανά.

2235 1435 2332 1472 του
2385 1418 2480 1470 τοῦ
2520 1415 2759 1488 Χριστοῦ
2789 1418 2906 1469 ἐστι
2959 1416 3022 1469 τὸ
3067 1415 3376 1486 βάπτισμα.
3431 1412 3530 1465 Διά
3571 1421 3686 1480 γαρ
3730 1409 3838 1462 τῶν

2236 1509 2404 1580 τριῶν
2432 1508 2544 1580 (68)
2575 1505 2965 1571 καταδύσεων,
3005 1503 3103 1568 τὰς
3131 1504 3284 1574 τρεῖς
3329 1500 3544 1572 ἡμέρας
3588 1498 3696 1568 τῆς
3738 1497 3836 1550 τοῦ

2239 1602 2449 1673 Κυρίου
2504 1600 2683 1672 ταφῆς
2743 1598 3001 1671 σημαίνει
3041 1597 3104 1652 τδ
3159 1596 3464 1667 βάπτισμα.
3496 1595 3571 1648 Τδ
3614 1589 3716 1647 οὖν
3756 1595 3840 1652 είς

549 1696 659 1735 non
694 1691 876 1736 tamen
911 1683 1017 1738 hoc
1049 1683 1188 1747 vult,
1221 1683 1480 1754 baptismi
1513 1685 1917 1739 invocationem
1957 1700 2024 1738 ex
2052 1683 2139 1740 bis

2243 1662 2480 1765 Χριστὸν
2503 1662 2873 1763 βαπτισθῆναι
2897 1690 3066 1762 δηλοῖ,
3085 1662 3542 1750 τδῂπιστεύ-οντας
3566 1685 3646 1749 είς
3673 1685 3841 1738 αὑτὸν

550 1771 736 1827 verbis
762 1781 1029 1829 constare
1060 1774 1285 1840 debere,
1325 1789 1517 1830 verum
1548 1774 1654 1829 hoc
1684 1774 1929 1838 demum,
1960 1775 2141 1846 bapti-

553 1879 731 1919 smum
784 1867 979 1921 mortis
1008 1866 1216 1922 Christi
1248 1868 1478 1938 ﬁguram
1509 1867 1792 1938 praeferre.
1827 1867 2141 1936 Baptismus

553 1956 824 2027 siquidem
864 1960 955 2029 qui
987 1959 1130 2013 trina
1162 1959 1518 2016 immersione
1558 1959 1854 2030 peragitur,
1888 1966 2000 2016 tres
2025 1960 2143 2016 dies

555 2049 854 2120 signiﬁcat,
905 2050 1107 2120 quibus
1163 2049 1432 2107 Dominus
1475 2051 1690 2106 tumulo
1751 2051 2008 2108 conditus
2059 2051 2145 2121 ja-

557 2141 674 2193 cuit
699 2140 767 2193 ⁸³.
813 2141 995 2206 Quare
1027 2141 1082 2194 in
1122 2141 1409 2196 Christum
1459 2141 1795 2212 baptizatum
1844 2156 1967 2198 esse
2007 2141 2145 2196 nihil

558 2231 704 2286 aliud
753 2231 980 2299 indicat,
1033 2249 1200 2304 quam
1235 2235 1290 2289 in
1324 2235 1481 2288 illum
1531 2233 1809 2290 credendo
1861 2234 2144 2290 salutifera

557 2340 701 2393 aqua
730 2325 886 2394 tingi.
917 2325 1061 2382 Fieri
1095 2342 1204 2382 non
1256 2334 1440 2396 potest
1471 2334 1532 2382 ut
1557 2327 1612 2381 in
1642 2326 1920 2383 Christum
1952 2328 2146 2384 creda-

558 2430 702 2482 mus,
744 2416 853 2472 nisi
895 2417 1072 2474 Patris
1104 2427 1158 2474 et
1186 2416 1312 2473 Filii
1359 2426 1414 2473 et
1444 2416 1688 2489 Spiritus
1722 2419 1900 2474 sancti
1929 2419 2147 2475 confes-

559 2509 716 2564 sione
769 2510 964 2564 imbuti
1012 2511 1188 2567 simus
1234 2512 1303 2566 “.
1356 2511 1612 2566 Christus
1645 2511 1791 2567 enim
1841 2522 1926 2568 est
1975 2511 2148 2569 Filius

560 2599 654 2654 Dei
695 2600 803 2654 vivi
839 2603 906 2668 ⁸⁸,
947 2618 1111 2672 quem
1162 2602 1324 2659 Pater
1375 2604 1535 2658 unxit
1592 2604 1802 2674 Spiritu
1857 2614 2050 2660 sancto
2079 2607 2147 2670 ⁸⁸,

560 2691 1024 2760 quemadmodum
1057 2695 1137 2747 ait
1163 2693 1388 2751 divinus
1428 2694 1598 2749 David
1625 2713 1639 2748 :
1677 2694 1966 2764 Propterea
1995 2696 2150 2749 unxit

564 2794 611 2838 te
647 2784 806 2852 Deus,
866 2785 1004 2840 Deus
1055 2795 1201 2853 tuus,
1247 2788 1362 2843 oleo
1401 2787 1602 2842 laetitia
1653 2805 1764 2858 pra:
1818 2786 2151 2843 consortibus

564 2876 668 2928 tuis
700 2877 767 2932 ⁸⁷.
805 2876 975 2932 Isaias
1007 2893 1227 2948 quoque
1255 2893 1319 2933 ex
1354 2878 1569 2934 Domini
1610 2895 1845 2949 persona
1877 2881 2108 2949 loquens
2135 2897 2148 2934 :

563 2966 798 3037 Spiritus
853 2969 1071 3025 Domini
1127 2987 1282 3038 super
1341 2988 1464 3038 me,
1528 2983 1744 3042 propter
1797 2972 1938 3042 quod
1995 2973 2146 3026 unxit

564 3074 646 3112 me
678 3058 748 3112 ³⁸.
781 3057 1076 3116 Enimvero
1122 3076 1374 3131 quaenam
1420 3061 1714 3116 verborum
1763 3060 1940 3115 forma
1988 3061 2144 3115 adhi-

565 3149 744 3204 benda
799 3161 968 3217 esset,
1027 3150 1292 3209 Dominus
1345 3153 1641 3224 discipulis
1685 3153 1801 3209 suis
1848 3153 2146 3223 exposuit:

563 3241 910 3310 Baptizantes
942 3260 1052 3308 eos,
1078 3244 1354 3314 inquiens,
1387 3246 1442 3299 in
1475 3245 1692 3299 nomine
1731 3243 1916 3298 Patris
1943 3253 1992 3297 et
2024 3242 2155 3298 Filii

2243 1784 2622 1858 βαπτίζεσθαι.
2666 1781 2959 1837 Ἀδύνατον
3010 1781 3069 1835 δὲ
3106 1782 3187 1846 είς
3232 1779 3468 1852 Χριστὸν
3514 1779 3836 1842 πιστεῦσαι,

2245 1879 2320 1949 μὴ
2348 1876 2696 1948 διδαχθέντας
2726 1875 2824 1947 τὴν
2857 1877 2940 1940 εἰς
2972 1875 3194 1946 Πατέρα
3239 1874 3335 1927 καὶ
3367 1873 3498 1926 Υἱὸν
3542 1873 3639 1926 καὶ
3682 1872 3840 1940 ἅγιον

2241 1969 2468 2040 Πνεῦμα
2522 1967 2835 2038 ὁμολογίαν.
2877 1966 3113 2038 Χριστὸς
3148 1965 3258 2037 γάρ
3291 1966 3441 2018 ἐστιν
3488 1966 3517 2019 6
3561 1965 3695 2027 Υἱὸς
3746 1963 3838 2016 τοῦ

2242 2061 2380 2116 Θεοῦ
2409 2060 2504 2115 τοῦ
2537 2060 2764 2125 ζῶντος,
2797 2058 2856 2113 δν
2883 2057 3102 2130 ἔχρισεν
3123 2057 3152 2110 6
3183 2056 3376 2129 Πατὴρ
3401 2055 3479 2126 τῷ
3507 2055 3649 2126 ἁγίῳ
3667 2055 3842 2108 Ilva-.3-

2247 2170 2400 2224 ματι,
2438 2150 2514 2214 ὥς
2545 2167 2710 2221 φησιν
2735 2150 2765 2202 6
2796 2149 2943 2212 θεῖος
2966 2148 3131 2202 Δαϐίδ
3151 2165 3167 2180 ο
3187 2150 3290 2202 Διά
3321 2147 3497 2202 τοῦτο
3529 2145 3747 2216 ἐχρισέ
3770 2161 3850 2198 σε

2245 2246 2279 2298 ό
2310 2242 2490 2308 Θεὸς,
2522 2245 2556 2296 ὁ
2611 2241 2757 2308 Θεός
2799 2254 2920 2294 σου
2974 2239 3185 2294 ἔλαιον
3229 2237 3650 2309 ἀγαλλιάσεως
3685 2238 3851 2306 παρὰ

2245 2334 2388 2401 τοὺς
2410 2333 2710 2404 μετόχους
2737 2348 2876 2387 σου.
2912 2332 3023 2387 Καὶ
3061 2333 3290 2395 Ἡσαΐας
3313 2332 3378 2384 ὲκ
3417 2329 3721 2402 προσώπου
3752 2328 3850 2382 τοῦ

2246 2425 2457 2496 Κυρίου
2479 2443 2494 2458 ·
2522 2423 2767 2494 Πνεῦμα
2793 2424 3014 2493 Κυρίου
3045 2423 3136 2476 ἐπ’
3168 2422 3295 2492 ἐμὲ,
3313 2417 3385 2478 οὗ
3408 2421 3618 2476 ἕνεκεν
3634 2421 3852 2490 ἐχρισέ

2244 2537 2340 2591 με.
2391 2520 2505 2591 Τὴν
2534 2519 2716 2590 μέντοι
2745 2518 3039 2590 ἐπίκλησιν
3081 2519 3208 2582 τοὺς
3249 2517 3487 2582 οἰκείους
3533 2517 3793 2588 μαθητὰς
3821 2519 3850 2568 ὁ

2249 2611 2455 2683 Κύριος
2486 2611 2754 2666 διδάσκων
2804 2609 2959 2678 ἔλεγε
2986 2626 3002 2642 ο
3033 2608 3429 2676 Βαπτίζοντες
3483 2608 3723 2674 αὐτοὺς
3763 2611 3852 2674 εις

2249 2703 2318 2760 τὸ
2353 2704 2546 2774 ὄνομα
2575 2703 2682 2757 τοῦ
2707 2702 2938 2772 Πατρός
2964 2701 3063 2756 καὶ
3091 2701 3200 2756 τοῦ
3229 2701 3366 2755 Υιοῦ
3399 2700 3497 2754 καὶ
3531 2699 3640 2754 τοῦ
3672 2701 3854 2769 ἁγίου

2251 2795 2622 2863 Πνεύματος.
2652 2792 2874 2863 Ἐπειδὴ
2903 2791 3014 2864 γὰρ
3038 2792 3126 2846 ἐπ’
3147 2792 3461 2864 ἀφθαρσίαν
3482 2793 3509 2833 ε
3539 2792 3858 2862 πεποίηκεν

2253 2885 2401 2954 ἡμᾶς
2423 2885 2452 2936 6
2476 2883 2629 2947 Θεὸς,
2661 2881 3019 2954 παραϐάντας
3053 2881 3110 2935 δὲ
3139 2881 3238 2952 τὴν
3267 2880 3533 2951 σωτήριον
3567 2877 3739 2932 αὑτοῦ
3765 2881 3860 2932 ὲν-

2257 2973 2438 3046 το).ὴν,
2468 2971 2644 3044 φθορᾷ
2669 2972 2904 3026 θανάτου
2933 2971 3318 3034 κατεδίκασεν,
3337 2969 3426 3022 ἴνα
3464 2969 3538 3040 μὴ
3578 2969 3860 3024 ἀθάνατον

2251 3060 2286 3141 ᾖ
2308 3063 2369 3118 τδ
2407 3063 2598 3129 κακὸν,
2621 3062 2970 3132 συγκαταϐὰς
2995 3061 3052 3115 δὲ
3081 3063 3192 3125 τοῖς
3223 3058 3450 3122 δούλοις,
3477 3059 3554 3122 ὡς
3576 3056 3862 3125 εὔσπλαγ-

2257 3172 2418 3229 χνος,
2449 3155 2543 3208 atat
2585 3153 2707 3208 καθ’
2748 3155 2900 3224 ἡμᾶς
2939 3153 2997 3208 δὲ
3017 3153 3046 3190 δ
3073 3149 3336 3222 γεγονὼς,
3363 3149 3463 3222 τῆς
3514 3149 3728 3219 φθορᾶς
3765 3149 3862 3202 διὰ

2258 3245 2356 3298 τοῦ
2388 3244 2521 3298 ίδίου
2549 3242 2756 3308 πάθους
2782 3242 3129 3314 ὲλυτρὼσατο
3150 3256 3163 3270 ·
3197 3242 3477 3312 ὲπήγασεν
3503 3241 3638 3309 ἡμῖν
3669 3242 3736 3292 ἐκ
3755 3239 3856 3306 ei;

564 3342 613 3386 et
664 3333 896 3402 Spiritus
923 3337 1095 3389 sancti
1127 3335 1195 3390 ³⁹.
1233 3333 1502 3403 Quoniam
1539 3335 1686 3392 enim
1721 3334 2142 3391 immortalitati:

2265 3335 2428 3406 ἁγίας
2457 3334 2552 3389 καὶ
2579 3336 2855 3406 ἀχράντου
2883 3332 3049 3388 αὐτοῦ
3081 3333 3324 3405 πλευρᾶς
3353 3330 3536 3402 πηγὴν
3565 3330 3822 3399 ἀφέσεως
3843 3348 3858 3360 -

636 3487 682 3518 ⁸ο
707 3486 899 3544 Matth.
935 3505 1128 3556 xxvut,
1167 3490 1254 3544 l9.
1333 3491 1376 3522 δι
1410 3487 1577 3546 Hebr.
1611 3506 1685 3554 iv,
1715 3489 1770 3543 6..
1853 3490 1897 3522 ι’
1927 3488 2089 3544 Rom.
2127 3505 2206 3558 vr,
2237 3489 2292 3544 3.

2394 3489 2444 3522 ⁵⁸
2477 3490 2638 3544 Auct.
2670 3489 2876 3556 Quaest.
2909 3488 2978 3542 ad
3029 3486 3274 3541 Antioch.
3358 3485 3409 3556 7“
3435 3485 3601 3540 Basil.
3648 3485 3750 3538 lib.
3785 3485 3862 3539 De

567 3556 710 3627 bapt.
741 3575 780 3623 ι,
822 3573 942 3629 cap.
976 3559 1062 3616 12.
1116 3555 1185 3593 ⁷⁸⁸
1206 3561 1398 3617 Matth.
1429 3576 1544 3627 xw,
1573 3560 1658 3614 l6.
1745 3561 1791 3592 ⁸⁸
1807 3561 1932 3616 Act.
1969 3576 2025 3628 κ,
2053 3560 2142 3617 58.

2243 3561 2259 3591 ⁷
2293 3558 2442 3616 Psal.
2472 3575 2616 3627 xuv,
2645 3555 2705 3615 ὅ.
2770 3559 2818 3592 ⁸⁸
2841 3561 2945 3615 lsa.
2982 3574 3094 3625 ut,
3122 3559 3173 3612 1.
3250 3558 3296 3589 ⁸⁸
3323 3555 3510 3612 Matth.
3535 3571 3738 3622 xxvm,
3773 3557 3860 3611 l9.

1870 3721 2104 3778 VARUE
2147 3718 2557 3780 LECTIONES.

651 3828 669 3866 ί
701 3831 810 3885 Vox
845 3833 1115 3905 θεότητος,
1151 3837 1305 3893 deest
1336 3837 1391 3892 in
1423 3838 1586 3894 editis
1611 3847 1666 3894 et
1693 3837 1760 3893 Β.
1789 3838 1842 3894 1.
1923 3840 1950 3878 ⁸
1980 3835 2116 3894 Cod.
2153 3836 2211 3894 S.
2243 3836 2351 3894 Hi1.
2391 3845 2447 3894 et
2487 3834 2578 3890 alii
2611 3831 2766 3890 multi
2799 3831 2890 3885 ἐπ’
2938 3829 3236 3902 ἀφθαρσίᾳ.
3286 3826 3458 3884 Vetus
3517 3825 3754 3894 interpr.
3807 3825 3862 3878 in

567 3900 1003 3985 inrorruptionef
1050 3904 1078 3943 ιι
1114 3905 1260 3964 Edit.
1299 3907 1464 3965 Basil.
1518 3910 1640 3964 κατ’
1694 3910 1842 3982 ἡμᾶς
1883 3909 1960 3965 δέ.

2099 4019 2327 4078 NOTAE.

574 4129 1027 4214 tilite‘m..Pl:OP‘l_el'
1051 4132 1150 4214 has
1171 4133 1358 4214 itaque
1382 4134 1629 4214 rationes
1660 4134 1859 4214 s_:ec_t_ilo
1890 4133 2152 4214 secundo,

575 4203 632 4254 in
663 4200 872 4270 duplici
911 4200 1162 4276 Phrygiae
1186 4200 1418 4276 synodo,
1447 4213 1503 4260 et
1545 4205 1688 4276 apud
1727 4203 2014 4276 Egyptios
2044 4213 2158 4259 sta-

577 4279 759 4352 tntum
791 4279 985 4352 estnut
1018 4274 1260 4352 haeretici
1295 4276 1474 4332 denuo
1487 4274 1933 4352 baptizarent‘ur.
1959 4274 2154 4352 Quam:

577 4341 766 4394 obrem
797 4341 844 4414 si
899 4341 1041 4399 forte
1095 4341 1316 4414 quidam
1349 4363 1416 4400 ex
1454 4347 1535 4400 eis
1572 4341 1800 4398 sincero
1843 4347 1952 4398 ritu
1996 4345 2155 4398 tincti

578 4417 786 4492 essent,
821 4412 1128 4492 baptismus
1149 4416 1239 4492 ille
1270 4415 1568 4492 secundus,
1599 4425 1859 4492 tanquam
1883 4415 1991 4492 sub
2015 4429 2152 4492 co_n-_-

579 4481 791 4534 ditione
840 4481 1076 4540 collatus
1119 4485 1474 4540 aastimandus
1527 4494 1664 4538 erat.

2261 4148 2438 4189 canon
2489 4130 2558 4188 46
2585 4146 2649 4186 es
2703 4130 2813 4187 illis
2840 4128 2932 4200 qui
2973 4126 3274 4198 Apostolici
3301 4135 3589 4200 vocantur,
3628 4140 3746 4194 quo
3765 4127 3862 4196 ju-

2269 4204 2452 4268 belur,
2490 4211 2550 4256 ut
2593 4202 2642 4254 si
2689 4202 2806 4270 quis
2843 4196 3116 4269 episcopus
3147 4206 3269 4270 aut;
3291 4196 3566 4270 presbyter
3599 4213 3710 4270 non
3748 4209 3861 4270 tres

2263 4267 2530 4327 initiando
2566 4267 2850 4326 mersiones
2872 4267 3077 4340 Iecerit,
3108 4267 3224 4320 ἀλλ’
3247 4267 3307 4320 ἓν
3332 4267 3636 4340 βάπτισμα,
3663 4269 3746 4329 εἰς
3769 4268 3868 4320 τὸν

2263 4343 2494 4398 θάνατον
2536 4341 2630 4395 τοῦ
2673 4337 2883 4411 Κυρίου
2933 4339 3226 4411 διδόμενον,
3251 4337 3340 4390 sed
3362 4338 3866 4411 tincti_o_nem_3t_nam

2258 4430 2378 4484 qute
2421 4413 2575 4468 detur
2595 4413 2647 4466 in
2683 4404 2900 4484 mortem
2923 4404 3642 4484 Doniin_i,d_eponatur.__N_am
3669 4404 3866 4484 Theo-

1769 4500 1921 4540 erum
1969 4483 2147 4538 Latini
2196 4547 2205 4548 7
2259 4474 2506 4547 dor-etus,
2541 4484 2635 4536 lib.
2663 4497 2715 4535 Iv
2739 4480 2938 4534 Haares.
2966 4493 3090 4548 cap.
3113 4478 3166 4543 '5;
3195 4474 3473 4548 sacratas,
3503 4477 3597 4548 lib.
3616 4490 3672 4528 vr
3711 4474 3864 4548 Hist.

581 4551 797 4623 meliori
842 4553 960 4623 lege
988 4556 1303 4611 haereticum
1335 4571 1445 4610 non
1469 4555 1831 4623 recipiebant,
1869 4556 1978 4610 nisi
2000 4571 2152 4623 quaa-
2189 4547 2234 4605 Ι)
2260 4555 2414 4618 c.25,
2435 4545 2866 4623 et’Sozo‘menus,
2892 4550 2991 4616 lib.
3033 4545 3542 4623 vt,c.26,scribunt
3559 4545 3866 4623 Ιξυιιριιιξει-

583 4621 747 4674 situm
772 4636 880 4691 qua
902 4621 1208 4680 'verborum
1238 4625 1414 4680 forma
1435 4621 1742 4694 baptizatus
1764 4633 1929 4682 esset.
1945 4621 2155 4678 Horum

586 4706 796 4766 rnorem
833 4708 943 4748 non
973 4711 1181 4765 paucos
1209 4712 1274 4749 ex
1302 4696 1562 4750 Asiaticis
1588 4696 1872 4766 amplexos
1895 4710 2021 4751 esse
2055 4694 2160 4748 Ba-

585 4761 892 4844 silius‘ip‘se
917 4761 1176 4844 testatur,
1208 4767 1375 4844 epis}.
1403 4767 1662 4844 lacanon.

659 4831 772 4906 (68)
798 4831 904 4888 Διὰ
937 4837 1044 4905 γὰρ
1078 4835 1196 4906 τῶν
1213 4831 1406 4903 τριῶν.
1429 4835 1737 4904 Baptismus
1761 4835 2039 4906 siquidem,
2055 4843 2164 4906 etc.

590 4901 828 4982 Basilius
851 4901 1051 4982 lib.'D'e
1067 4901 1275 4982 Spiritu
1305 4901 1773 4982 s_ancto,'c_ap._28,
1801 4901 1855 4959 et
1886 4903 2168 4982 ep_ist.59;

590 4970 1168 5054 l‘lieronymugCont.
1205 4974 1383 5047 Lucii.
1412 4984 1468 5032 et
1501 4970 1698 5054 alii'ab
1730 4970 2032 5054 apostolica
2063 4983 2176 5028 tra-

589 5043 764 5117 ditum
829 5043 1055 5106 lerunt,
1116 5055 1178 5100 ut
1219 5043 1373 5102 terna
1427 5043 1811 5117 mersitatione
1872 5047 2177 5117 baptismus

591 5115 769 5178 lieret,
809 5130 918 5188 non
968 5117 1156 5188 solum
1187 5126 1414 5188 propter
1444 5116 1670 5188 nomina
1705 5118 1870 5188 trium
1903 5115 2177 5188 persona-

2266 4615 2514 4688 nos,'non
2535 4624 2588 4677 in
2609 4620 2955 4685 Trinitatem,
2980 4618 3076 4674 sed
3101 4619 3158 4688 in
3186 4625 3419 4688 mortem
3448 4615 3664 4688 Domini
3691 4615 3868 4682 bapti-

2268 4686 2430 4749 zasse
2461 4711 2475 4753 ;
2509 4693 2620 4746 imo
2651 4691 3034 4746 Theodoretus
3056 4686 3232 4748 addit,
3262 4686 3518 4741 omisisse
3552 4686 3868 4739 invocatio-

2271 4779 2395 4818 nem
2447 4762 2776 4830 Trinitatis,
2808 4761 2945 4830 μηδὲ
2996 4756 3271 4811 ποιεῖσθαι
3316 4756 3416 4826 τὴν
3467 4755 3567 4830 τῆς
3622 4755 3868 4830 Τριάδος

2276 4833 2589 4904 ἐπίκλησιν.
2620 4829 2791 4904 Quod
2811 4827 2980 4904 facile
3029 4844 3139 4882 non
3167 4827 3564 4904 concesserim.
3598 4828 3868 4904 quando-

2275 4895 2500 4974 quidem
2531 4895 2867 4974 Epiphanius
2912 4899 3060 4974 hunc
3088 4911 3216 4953 esse
3249 4895 3866 4974 contenditjerbornm

2315 4989 2396 5028 uas
2447 4963 2778 5042 baptizando
2827 4969 3188 5042 proferrent,
3216 4982 3440 5042 sensum
3474 4984 3487 5020 :
3523 4963 3590 5042 In
3647 4967 3866 5042 nomine

2325 5047 2372 5098 ei
2409 5035 2650 5106 increati,
2680 5044 2735 5095 in
2781 5035 2991 5096 nomine
3043 5035 3422 5106 Filiiicreati,
3461 5044 3509 5090 et
3541 5037 3596 5087 in
3647 5038 3868 5090 nomine

2277 5113 2510 5182 Spiritus
2535 5105 2949 5182 sanctiﬁcantis,
2982 5109 3072 5182 qui
3101 5125 3134 5162 a
3183 5105 3328 5182 Filio
3359 5116 3566 5182 creatus
3594 5115 3718 5182 est;
3750 5107 3868 5158 vel-

591 5197 715 5256 rum
738 5174 1425 5252 sanctissimteTr'init'atis,
1446 5186 1545 5242 sed
1565 5187 1733 5242 etiam
1760 5174 2178 5256 quia'Dominus
2277 5174 2356 5240 uti
2401 5200 2592 5254 nempe
2637 5174 3518 5256 Athanasius'dixerat_Ar_ianos
3546 5175 3602 5227 in
3639 5174 3866 5256 Creato-

591 5254 788 5327 diebus
825 5258 1001 5313 tribus
1029 5266 1279 5314 mortuus
1315 5259 1438 5313 fuit.
1475 5256 1613 5312 Can.
1651 5258 1679 5310 7
1715 5254 1972 5312 secunda:
2030 5271 2170 5327 synj-

592 5325 688 5405 odi
713 5325 1062 5405 jussum_est
1110 5329 1483 5405 Eunomianos
1516 5328 1698 5405 denuo
1738 5327 2026 5405 baptizari,
2064 5325 2162 5396 qui

595 5399 759 5468 unica
800 5400 1096 5465 mersione,
1119 5416 1214 5456 seu
1245 5399 1410 5455 etiam
1443 5399 1779 5468 perlusione,
1801 5400 2159 5466 tingerentur.

596 5467 710 5522 llac
742 5471 887 5539 enim
949 5476 1302 5536 caeremonia,
1333 5467 1459 5539 qute
1499 5469 1766 5524 hactenus
1818 5468 2021 5523 usitata
2051 5481 2161 5539 non

591 5537 957 5616 eratAFilius
999 5549 1056 5596 et
1089 5540 1330 5616 Spiritus
1352 5537 1667 5616 'sauctusda
1707 5539 1912 5594 dcitate
1943 5537 2161 5616 excludi

591 5607 1068 5678 signiﬁcabantur.
1106 5607 1216 5667 lsta
1264 5612 1460 5668 haeresi
1502 5613 1746 5683 proiecto
1779 5611 2055 5667 recentior
2080 5615 2164 5665 est

2278 5272 2388 5310 rem
2442 5263 2492 5308 et
2529 5245 2848 5308 'creaturam
2905 5251 3197 5320 baptizare.
3247 5245 3433 5320 Latini
3474 5255 3631 5320 terna
3705 5247 3870 5320 vulgo

2281 5326 2561 5380 inlusione
2613 5325 2851 5393 tingunt,
2884 5315 3047 5393 quem
3104 5332 3313 5393 morem
3375 5315 3686 5393 Cyprianus
3739 5318 3872 5393 olim

2271 5396 2446 5450 tuitus
2483 5402 2588 5456 est,
2621 5386 2784 5464 epist.
2819 5386 2918 5446 76:
2940 5386 3323 5464 Commendat
3345 5386 3726 5464 _Genn_adius,
3769 5387 3869 5438 lib.

2270 5465 2350 5520 De
2411 5464 2562 5519 Eccl.
2600 5457 2778 5532 dagm.
2835 5471 2890 5519 et
2932 5461 3046 5532 jam
3107 5475 3138 5514 a
3191 5458 3406 5532 saeculo
3450 5457 3876 5532 salt_em___sesto

2274 5536 2461 5592 Ruina:
2492 5525 2846 5588 obserC‘atum
2881 5525 3179 5588 didicimus
3200 5544 3231 5584 a
3262 5528 3493 5585 doctiss.
3522 5525 3875 5589 Mabillonio,

2273 5616 2407 5662 toni.
2449 5607 2490 5661 ll
2523 5604 2714 5660 Μειδωί
2746 5603 2871 5660 Ital.
