3926 6292
212 405 382 473 1121
1310 416 1406 477 DE
1427 416 1603 477 FIDE
1633 414 2098 477 ORTHODOXA
2136 416 2283 476 LIB.
2310 417 2388 479 IV
3392 416 3528 481 1122

209 527 394 600 ὕδωρ
439 528 539 600 μὲν
588 532 666 594 είς
717 531 1085 605 ἀναγέννησιν
1133 533 1231 587 καὶ
1284 533 1575 589 ὲπίκλυσιν
1622 534 1722 603 τῆς
1777 550 1828 586 τε

1939 535 2343 607 consequendae
2366 548 2533 590 causa
2565 549 2666 592 nos
2688 532 2833 592 Deus
2857 533 3179 591 condiderat
3210 535 3290 603 ⁶⁰;
3321 536 3526 592 violato

206 619 527 690 ἁμαρτίας
578 622 673 676 καὶ
727 625 828 694 τῆς
882 624 1124 697 φθορᾶς·
1170 621 1310 696 αἷμα
1352 625 1430 691 δὲ,
1466 625 1628 678 πότον
1680 624 1828 695 ζωῆς

1938 634 2120 683 autem
2146 626 2267 697 ejus
2295 635 2589 697 praecepto,
2622 628 2815 683 mortis
2848 628 2990 692 labe,
3029 644 3093 682 ne
3124 634 3447 697 perpetuum
3472 639 3528 684 et

208 710 420 763 ἀϊδίου
451 711 731 782 πρόξενον.
781 714 1032 780 Ἐντολὰς
1061 716 1118 770 δὲ
1154 719 1288 787 ἡμῖν
1316 716 1515 771 δέδωκε
1544 716 1611 768 δι’
1643 714 1828 778 ὕδατος

1938 718 2253 773 immortale
2281 718 2487 771 malum
2522 728 2691 781 esset,
2720 733 2821 774 nos
2855 719 2984 772 item
3033 718 3399 785 multaverat;
3444 720 3527 774 id-

207 802 651 870 ἀναγεννᾶσθαι
673 807 769 859 καὶ
798 807 1138 878 Πνεύματος,
1167 809 1234 861 δι’
1264 807 1561 873 ἐντεύξεως
1593 807 1690 861 καὶ
1715 808 1828 860 ἐπι-

1937 808 2088 864 circo
2134 824 2232 878 pro
2272 823 2372 863 sua
2422 808 2764 876 indulgentia
2815 823 2937 863 sese
2965 809 3161 874 {servis
3208 810 3523 874 inclinans,

212 893 518 964 κλήσεως,
553 896 633 966 τῷ
671 896 824 951 ὕδατι
877 900 1265 969 ἐπιφοιτῶντος
1318 899 1413 954 τοῦ
1448 899 1609 968 ἁγίου
1660 898 1828 952 Πνεύ-

1936 899 2219 969 nostrique
2256 897 2456 955 similis
2484 897 2733 963 eﬂ‘ectus,
2766 899 3035 967 passione
3067 914 3166 954 sua
3206 914 3308 954 nos
3341 914 3371 952 a
3403 915 3526 953 cor-

210 1003 443 1054 ματος.
494 988 716 1059 Ἐπειδὴ
741 989 850 1061 γὰρ
891 991 1111 1056 διπλοῦς
1138 994 1167 1046 δ
1195 992 1503 1063 ἄνθρωπος,
1536 991 1600 1043 ἐκ
1653 988 1828 1061 ψυχῆς

1936 990 2192 1060 ruptione
2227 989 2550 1052 vindicavit,
2602 996 2656 1043 et
2692 1003 2760 1042 ex
2812 997 3008 1044 sancto
3061 998 3115 1044 et
3173 991 3526 1044 immaculato

208 1091 287 1127 τε
324 1076 432 1129 καὶ
471 1076 750 1147 σώματος,
773 1079 969 1151 διπλῆν
1013 1083 1146 1154 ἡμῖν
1176 1082 1346 1136 ἔδωκε
1374 1081 1472 1134 καὶ
1503 1079 1602 1151 τὴν
1625 1079 1828 1150 κάθαρ-

1938 1095 2041 1136 suo
2079 1081 2252 1136 latere
2297 1082 2469 1136 veniae
2518 1080 2725 1136 fontem
2774 1079 2938 1133 nobis
2975 1081 3158 1134 emisit
3194 1081 3236 1112 ⁶¹
3272 1100 3285 1134 :
3323 1096 3522 1149 aquam

210 1183 350 1231 σιν,
403 1167 471 1220 δι’
505 1166 700 1233 ὕδατός
750 1187 811 1222 τε
843 1172 952 1237 ζκαὶ
1002 1171 1320 1243 Πνεύματος
1345 1188 1358 1201 ·
1383 1168 1479 1224 τοῦ
1533 1169 1633 1241 μὲν
1654 1169 1828 1222 Πνεύ-

1940 1174 2149 1229 scilicet
2178 1172 2243 1226 ad
2276 1172 2780 1243 regenerationem,
2820 1186 3038 1226 necnon
3070 1171 3280 1238 peccati
3316 1181 3369 1224 et
3402 1187 3525 1224 cor-

214 1273 440 1325 ματος,
478 1260 541 1312 τὸ
584 1262 703 1313 κατ’
746 1261 932 1315 εἰκόνα
986 1263 1081 1317 καὶ
1122 1262 1245 1318 καθ’
1292 1262 1551 1333 ὁμοίωσιν
1588 1263 1647 1313 ὲν
1698 1262 1828 1331 ἡμῖν

1941 1264 2170 1335 τιιριοιω
2216 1264 2647 1326 abstersionem;
2685 1264 3013 1333 sanguinem
3046 1276 3175 1316 vero
3228 1263 3280 1314 in
3334 1271 3521 1329 potum

214 1348 716 1415 ἀνακαινίζοντος,
749 1351 845 1404 τοῦ
866 1352 924 1406 δὲ
956 1352 1168 1419 ὓδατος,
1200 1354 1289 1407 διὰ
1320 1354 1421 1424 τῆς
1448 1352 1540 1405 τοῦ
1580 1350 1828 1422 Πνεύμα⁴

1943 1356 2035 1425 qui
2079 1356 2246 1410 vitam
2277 1364 2535 1409 aeternam
2583 1362 2925 1423 procuraret.
2964 1352 3108 1419 Quin
3156 1353 3258 1407 boc
3301 1368 3522 1423 quoque

211 1456 330 1503 τος
365 1440 591 1511 χάριτος
626 1441 984 1513 καθαίροντος
1007 1444 1069 1498 τὸ
1100 1444 1261 1515 σῶμα
1280 1444 1382 1514 τῆς
1409 1442 1707 1515 ἁμαρτίας,
1733 1443 1828 1497 καὶ

1939 1446 2222 1501 mandavit
2256 1447 2437 1509 nobis,
2474 1454 2535 1500 ut
2593 1462 2689 1515 per
2735 1460 2936 1515 aquam
2967 1453 3021 1499 et
3062 1444 3327 1513 Spiritum
3372 1459 3521 1511 rcge-

210 1531 332 1601 τῆς
396 1532 605 1603 φθορᾶς
633 1532 1074 1598 ἀπαλλάττοντος
1098 1577 1114 1603 ,
1140 1535 1236 1589 καὶ
1286 1534 1387 1605 τὴν
1439 1533 1534 1588 τοῦ
1587 1533 1821 1587 θανάτου

1935 1553 2261 1592 neraremur
2290 1538 2359 1601 ",
2391 1535 2600 1607 Spiritu
2632 1546 2824 1591 sancto
2856 1536 2923 1591 ad
2957 1551 3154 1606 aquam
3204 1535 3520 1597 accedente,

210 1620 431 1674 εἰκόνα
479 1622 881 1694 ὲκπληροῦντος
911 1624 1005 1677 τοῦ
1042 1624 1255 1692 ὕδατος,
1297 1624 1390 1679 τὸν
1427 1624 1485 1679 δὲ
1523 1624 1623 1695 τῆς
1671 1624 1819 1696 ζωῆς

1934 1644 2033 1699 per
2068 1628 2295 1683 verbum
2331 1634 2384 1683 et
2420 1627 2727 1682 orationem
2770 1627 2836 1680 ⁸³.
2888 1625 3021 1679 Nam
3058 1627 3318 1695 quoniam
3360 1626 3523 1677 homo

213 1711 543 1785 ἁρραὁῶνα
569 1717 946 1787 παρεχομένου
982 1716 1075 1771 τοῦ
1106 1716 1449 1789 Πνεύματος.

1935 1718 2139 1789 duplici
2169 1726 2367 1773 natura
2393 1725 2634 1783 constat,
2675 1717 2857 1771 anima
2900 1717 3113 1771 scilicet
3163 1723 3220 1771 et
3266 1730 3520 1786 corpore,

213 1805 518 1874 duplicem
581 1806 813 1876 proinde
863 1808 1026 1866 nobis
1086 1810 1466 1882 purgationem
1507 1809 1679 1875 dedit,
1730 1825 1829 1881 per
1861 1824 2058 1881 aquam
2094 1810 2356 1865 nimirum
2391 1817 2446 1866 et
2480 1809 2798 1880 Spiritum:
2878 1809 2960 1864 sic
3036 1822 3228 1877 nempe
3276 1814 3334 1861 ut
3394 1805 3520 1875 Spi-

217 1898 383 1955 ritus
416 1899 892 1973 divinteimaginis
920 1902 1409 1974 similitudinisque
1436 1904 1606 1960 decus
1639 1903 1697 1958 in
1726 1904 1888 1961 nobis
1936 1889 2290 1971 instauraret,
2340 1920 2481 1975 aqua
2534 1918 2664 1959 vero
2725 1918 2823 1974 per
2889 1900 3127 1972 Spiritus
3190 1903 3423 1971 gratiam
3488 1924 3525 1963 ει

217 2002 468 2061 peccato
488 2007 693 2064 corpus
719 1992 1288 2064 mundaret,atquea
1348 1997 1707 2068 corruptione
1764 1997 1995 2053 liberum
2051 1997 2324 2064 redderet,
2414 2010 2556 2067 aqua
2615 1995 2836 2067 quidem
2888 1995 3083 2051 mortis
3164 1993 3519 2048 simulacrum

213 2081 599 2150 exprimente,
626 2080 830 2151 Spiritu
865 2089 1045 2136 autem
1072 2081 1198 2137 vitae
1233 2083 1436 2161 pignus
1468 2094 1524 2140 et
1556 2085 1919 2142 arrhabonem
1949 2086 2233 2157 largiente.

315 2174 449 2228 Ἀπ’
472 2175 648 2245 ἀρχῆς
667 2173 773 2247 γὰρ
800 2174 1046 2243 Πνεῦμα
1064 2176 1213 2230 Θεοῦ
1232 2176 1358 2243 τοῖς
1378 2177 1599 2233 ὕδασιν
1617 2178 1828 2249 ἐπεφέ-

2002 2180 2167 2250 Aqua:
2194 2180 2271 2234 vis
2315 2179 2652 2251 purgatoria.
2681 2211 2749 2222 —
2781 2178 2991 2235 Etenim
3023 2194 3052 2233 a
3090 2177 3364 2250 principio
3399 2175 3523 2246 Spi-

206 2282 375 2335 ρετο
400 2280 414 2296 ·
441 2266 535 2319 καὶ
563 2265 770 2319 ἄνωθεν
803 2266 836 2335 ἡ
884 2265 1078 2337 Γραφὴ
1127 2271 1399 2339 μαρτυρεῖ
1450 2269 1530 2340 τῷ
1557 2270 1732 2337 ὕδατι,
1756 2271 1832 2337 ὥς

219 2360 357 2411 ἐστι
409 2356 801 2428 καθαρτήριον.
844 2358 969 2413 Ἐπὶ
997 2358 1125 2413 Νῶε
1149 2358 1219 2412 δι’
1248 2358 1444 2424 ὓδατος
1476 2363 1506 2414 ὁ
1553 2362 1687 2427 Θεὸς
1732 2364 1833 2435 τὴν

221 2446 513 2519 κοσμικὴν
541 2448 817 2520 ἁμαρτίαν
836 2449 1163 2504 κατέκλυσε.
1186 2453 1262 2503 Δι’
1297 2450 1491 2516 ὓδατος
1538 2456 1649 2518 πᾶς
1692 2454 1833 2508 ἀκά-

221 2539 442 2611 θαρτος
472 2538 614 2594 κατὰ
635 2540 726 2594 τὸν
763 2540 928 2610 νόμον
965 2541 1290 2613 καθαίρεται
1314 2544 1361 2610 i,
1390 2543 1486 2597 καὶ
1515 2543 1697 2599 αὐτῶν
1724 2545 1828 2600 τῶν

1941 2545 2130 2601 mundi
2188 2556 2473 2616 peccatum
2538 2561 2635 2615 per
2660 2545 2817 2616 261
2855 2559 3052 2615 aquam
3106 2545 3240 2599 eluit
3296 2545 3362 2597 “.
3418 2543 3522 2598 Per

224 2632 476 2702 ἱματίων
513 2632 865 2703 πλυνομένων
915 2632 993 2704 τῷ
1045 2632 1225 2700 ὕδατι,
1263 2634 1465 2700 ἔδειξεν
1512 2635 1698 2700 Ἠλίας
1735 2638 1828 2710 τὴν

1938 2651 2135 2706 aquam
2164 2636 2415 2707 quisquis
2465 2636 2783 2692 immundus
2808 2645 2947 2703 erat,
2989 2636 3103 2707 lege
3138 2635 3516 2705 praecipiente,

224 2725 401 2793 χάριν
429 2722 522 2777 τοῦ
540 2723 679 2778 Πνεύ
689 2742 861 2795 ματος
886 2727 1357 2798 συμμεμιγμένην
1379 2726 1457 2797 τῷ
1476 2727 1654 2794 ὕδατι,
1674 2728 1828 2782 ὕδατι

1938 2727 2329 2794 mundabatur,
2361 2736 2415 2783 et
2448 2727 2524 2781 ita
2556 2727 2777 2798 quidem
2812 2738 2870 2782 ut
2902 2737 2955 2782 et
2986 2728 3120 2797 ipsae
3159 2735 3337 2781 vestes
3376 2741 3517 2795 aqua

230 2813 448 2884 φλέξας
476 2816 577 2889 τὴν
625 2816 1013 2873 ὁλοκαύτωσιν.
1052 2820 1163 2872 Καὶ
1196 2819 1385 2890 σχεδὸν
1430 2819 1650 2876 ἅπαντα
1688 2821 1828 2876 κατὰ

1935 2826 2121 2874 essent
2146 2819 2452 2874 abluenda).
2486 2819 2631 2875 Elias
2660 2819 2899 2890 Spiritus
2940 2818 3176 2890 gratiam
3227 2817 3517 2872 admistam

232 2907 333 2960 τὸν
369 2907 535 2978 νόμον
591 2906 744 2963 ὕδατι
798 2910 1183 2983 καθαρίζεται·
1211 2911 1280 2964 τὰ
1307 2910 1417 2981 γὰρ
1466 2911 1660 2981 ὁρατὰ,
1688 2911 1828 2983 σύμ-

1938 2911 2096 2981 aquis
2125 2911 2389 2976 ostendit,
2415 2918 2531 2965 tum
2560 2904 2819 2964 nimirum
2850 2925 2972 2964 cum
3007 2911 3389 2965 holocaustum
3424 2908 3519 2961 ad-

228 3001 374 3054 6ολα
430 3001 540 3057 τῶν
585 3003 892 3074 νοουμένων
927 3003 1065 3058 είσίν
1097 3021 1109 3035 ·
1145 3006 1181 3077 ἡ
1227 3004 1413 3074 μέντοι
1464 3005 1828 3076 ἀναγέννησις

1937 3003 2108 3058 hibita
2135 3018 2278 3073 aqua
2314 3004 2580 3060 cremavit
2608 3004 2674 3057 ⁸⁷.
2715 3002 2979 3072 Peneque
3003 3002 3186 3057 omnia
3212 3001 3515 3057 secundum

1938 2272 2074 2326 ritus
2126 2272 2343 2325 Domini
2390 2270 2660 2340 ferebatur
2716 2287 2871 2341 super
2922 2288 3087 2341 aquas
3138 2270 3226 2323 διε
3284 2272 3415 2340 quin
3464 2278 3520 2323 et

1938 2362 2210 2419 lustrandi
2265 2364 2466 2417 virtute
2496 2363 2776 2432 praeditam
2820 2378 2941 2418 esse
2992 2377 3187 2432 aquam
3227 2362 3520 2431 Scriptura

1933 2455 2048 2525 jam
2105 2455 2235 2509 olim
2290 2462 2633 2510 contestatur
2696 2454 2763 2506 ⁸⁸.
2813 2453 2927 2507 Noe
2984 2453 3322 2522 temporibus
3376 2452 3520 2507 Deus

223 3093 387 3147 κατὰ
444 3093 626 3166 ψυχὴν
676 3094 928 3164 γίνεται⁶
969 3094 1150 3160 πίστις
1203 3094 1313 3165 γὰρ
1372 3095 1634 3149 υίοθετεῖν
1679 3092 1825 3160 οἶδε,

228 3183 423 3239 καίτοι
462 3186 625 3250 ὄντας
669 3185 950 3258 κτίσματα
980 3186 1069 3240 διὰ
1110 3186 1206 3240 τοῦ
1238 3186 1581 3259 Πνεύματος,
1618 3188 1714 3242 καὶ
1746 3187 1828 3251 εἰς

226 3274 335 3345 τὴν
366 3276 604 3347 ἀρχαίαν
637 3277 798 3346 ἄγειν
833 3279 1238 3349 μακαριότητα.

1935 3094 2109 3165 legem
2138 3109 2282 3165 aqua
2332 3092 2692 3148 mundantur.
2733 3093 2840 3148 Res
2872 3094 3017 3147 enim
3049 3093 3296 3148 visibiles
3326 3108 3514 3147 earum

1930 3198 2052 3253 qua;
2083 3191 2263 3239 mente
2312 3183 2694 3252 percipiuntur
2746 3182 2901 3251 signa
2957 3189 3109 3237 sunt.
3147 3180 3515 3252 Regeneratio

1929 3290 2096 3345 porro
2125 3276 2181 3329 in
2215 3276 2402 3329 animo
2433 3273 2741 3347 perficitur.
2779 3272 2946 3329 Fides
2971 3275 3179 3345 quippe
3231 3274 3340 3328 vim
3386 3288 3507 3329 eam

220 3367 431 3431 habet,
489 3378 549 3423 ut
601 3369 855 3439 quamvis
905 3385 937 3424 e
995 3371 1162 3425 rebus
1222 3370 1425 3427 creatis
1483 3371 1679 3436 simus,
1735 3382 1833 3441 per
1872 3365 2137 3438 Spiritum
2165 3380 2270 3422 nos
2307 3366 2362 3421 in
2392 3364 2489 3421 Dci
2528 3365 2671 3423 ﬁlios
2698 3363 2933 3435 adoptat,
2968 3362 3133 3435 atque
3199 3365 3269 3420 ad
3327 3365 3513 3434 pristi-

225 3476 368 3517 nam
404 3458 724 3516 felicitatem
746 3460 898 3516 velut
936 3460 1285 3533 postliminio
1315 3471 1560 3518 revocet.

316 3553 387 3605 Ἠ
423 3552 522 3623 μὲν
546 3546 639 3605 οὖν
687 3552 797 3606 τῶν
845 3554 1133 3625 ἁμαρτιῶν
1163 3554 1357 3624 ἄφεσις
1386 3593 1402 3619 ,
1430 3557 1596 3608 πᾶσιν
1630 3554 1828 3624 ὁμοίως

2007 3548 2273 3618 Baptismi
2322 3549 2500 3619 gratia
2544 3562 2643 3617 pro
2699 3546 3095 3614 suscipienlium
3126 3545 3229 3613 ﬁde
3277 3551 3326 3597 et
3360 3561 3513 3599 mun-

224 3645 326 3701 διὰ
357 3642 458 3698 τοῦ
494 3643 874 3715 βαπτίσματος
922 3645 1157 3700 δίδοται·
1181 3648 1216 3716 ἡ
1245 3645 1303 3699 δὲ
1340 3644 1501 3717 χάρις
1535 3645 1631 3700 τοῦ
1655 3645 1826 3699 Πνεύ-

227 3752 418 3808 ματος
439 3734 581 3790 κατὰ
604 3735 703 3805 τὴν
734 3735 1027 3807 ἀναλογίαν
1050 3738 1149 3808 τῆς
1179 3737 1417 3803 πίστεως
1446 3738 1540 3791 καὶ
1564 3738 1664 3809 τῆς
1694 3754 1829 3809 προ-

236 3827 591 3898 καθάρσεως.
624 3826 741 3882 Νῦν
782 3828 882 3898 μὲν
916 3822 1010 3882 οὖν
1057 3828 1146 3883 διὰ
1174 3827 1271 3881 τοῦ
1305 3828 1690 3900 βαπτίσματος
1727 3830 1827 3901 τὴν

235 3916 622 3991 ἀπαρχὴν”τοῦ
638 3920 801 3989 ,ἁγίου
826 3920 967 3974 Πνεύ
976 3937 1147 3990 ματος
1172 3919 1656 3992 λαμϐάνομεν,καὶ
1681 3921 1826 3992 ἀρχὴ

240 4011 431 4082 ἑτέρου
466 4010 581 4081 βίου
604 4011 817 4081 γίνεται
849 4013 979 4083 ἡμῖν
1009 4012 1042 4083 ἡ
1067 4012 1458 4081 παλιγγενεσία
1482 4052 1499 4079 ,
1531 4013 1625 4066 καὶ
1656 4029 1829 4084 σφρα-

238 4103 350 4170 γὶς,
381 4102 479 4158 καὶ
508 4102 900 4175 φυλακτήριον,
931 4102 1027 4157 καὶ
1063 4102 1411 4174 φωτισμόςι.

309 4278 434 4351 Χρὴ
480 4278 544 4333 δὲ
588 4279 737 4351 πάσῃ
781 4278 1011 4350 δυνάμει
1063 4278 1324 4347 ἀσφαλῶς
1377 4280 1565 4351 τηρεῖν
1599 4280 1828 4344 ἑαυτοὺς

243 4371 518 4443 καθαροὺς
544 4370 653 4425 ἀπὸ
673 4370 936 4442 ῥυπαρῶν
962 4369 1164 4441 ἔργων,
1199 4370 1288 4425 ἵνα
1322 4369 1398 4442 μὴ
1439 4371 1602 4424 πάλιν
1636 4371 1827 4443 ὥσπερ

244 4460 389 4515 κύων
419 4462 516 4515 ἐπὶ
559 4461 651 4515 τὸν
686 4461 819 4515 ἴδιον
867 4460 1062 4531 ἔμετον
1100 4460 1555 4533 ἐπιστρέψαντες,
1604 4463 1829 4526 δούλους

246 4552 406 4607 πάλιν
438 4551 669 4615 ἑαυτοὺς
696 4552 797 4621 τῆς
828 4551 1105 4622 ἁμαρτίας
1138 4551 1477 4622 ποιήσωμεν.
1507 4551 1699 4617 Πίστις
1720 4553 1829 4625 γὰρ

245 4638 409 4709 χωρὶς
439 4637 621 4710 ἔργων
668 4638 841 4709 νεκρά
882 4638 1032 4692 ἐστιν
1056 4678 1070 4702 ,
1096 4638 1301 4709 ὁμοίως
1333 4640 1431 4693 καὶ
1486 4638 1622 4709 ἔργα
1656 4643 1828 4712 χωρὶς

247 4730 502 4793 πίστεως.
534 4730 599 4783 Ἡ
624 4730 736 4801 γὰρ
766 4727 975 4801 ἀληθὴς
1004 4729 1192 4794 πίστις
1220 4730 1311 4783 διὰ
1337 4730 1446 4784 τῶν
1474 4729 1655 4800 ἔργων
1676 4732 1826 4787 δοκι-

251 4823 500 4891 μάζεται.

1929 3640 2086 3699 ditia.
2114 3670 2183 3681 —
2218 3639 2480 3706 Quamvis
2507 3650 2687 3693 autem
2729 3644 3081 3706 peccatorum
3120 3636 3372 3693 remissio
3396 3653 3513 3690 om-

1928 3731 2093 3785 nibus
2122 3745 2218 3801 per
2248 3744 2405 3800 aqua:
2436 3728 2767 3798 baptismum
2816 3727 2976 3781 detur
3003 3745 3016 3779 :
3050 3722 3289 3795 Spiritus
3327 3734 3508 3781 tamen

1884 3820 2103 3892 "gratia
2130 3834 2231 3891 pro
2260 3819 2384 3873 lidei
2415 3832 2478 3872 ac
2508 3816 2719 3887 praevias
2746 3815 3089 3887 purgationis
3119 3815 3282 3868 modo
3313 3829 3541 3870 conce—r-

1928 3911 2097 3966 ditur.
2135 3911 2202 3965 Et
2227 3925 2373 3965 nunc
2403 3910 2626 3980 quidem
2650 3909 2894 3979 Spiritus
2921 3900 3095 3963 Sancti
3120 3908 3393 3977 primitias
3416 3926 3512 3978 per

1928 4001 2263 4071 baptismum
2292 3999 2612 4068 accipimus,
2640 4007 2694 4053 et
2726 3998 3068 4067 regeneratio
3090 4035 3105 4060 ,
3148 3999 3376 4054 alterius
3406 4017 3513 4055 rio—-

1926 4092 2014 4147 bis
2042 4092 2167 4146 vitae
2193 4089 2435 4156 initium,
2460 4097 2516 4143 et
2540 4088 2908 4160 signaculum,
2942 4095 2998 4144 et
3042 4088 3390 4158 przesidium,
3454 4098 3509 4145 et

1928 4182 2260 4237 illuminatio
2287 4180 2543 4238 edicitur.

1994 4272 2265 4328 Caeterum
2300 4273 2353 4326 in
2387 4271 2439 4326 id
2472 4271 2633 4328 nobis
2656 4271 2787 4326 totis
2819 4270 3030 4328 viribus
3060 4282 3144 4328 est
3165 4272 3503 4337 enitendum,

1926 4381 1998 4421 ne
2027 4367 2184 4422 canis
2228 4367 2403 4421 instar
2438 4364 2507 4419 ad
2541 4364 2807 4419 vomitum
2855 4364 3155 4419 redeuntes
3196 4365 3260 4431 ⁵⁸,
3298 4369 3503 4435 peccati

1926 4458 2294 4528 nosmetipsos
2351 4456 2537 4512 denuo
2589 4453 2847 4510 servituti
2903 4457 3300 4526 mancipemus.
3340 4457 3504 4513 Fides

1928 4549 2197 4619 siquidem
2224 4548 2343 4605 sine
2376 4547 2639 4619 operibus
2664 4554 2880 4601 mortua
2906 4554 3009 4614 est,
3044 4547 3286 4618 itemque
3317 4564 3501 4619 opera,

1928 4641 2143 4696 sublata
2194 4639 2300 4696 ﬁde
2330 4640 2396 4695 ".
2422 4638 2562 4695 Vera
2606 4638 2808 4710 quippe
2841 4638 2976 4695 ﬁdes
3008 4653 3107 4710 per
3137 4654 3301 4710 opera
3355 4655 3504 4695 ουιιι-

1928 4736 2214 4805 probatur.
2932 4760 2935 4763 ι

312 4914 699 4985 Βαπτιζόμεθα
726 4913 784 4966 δὲ
837 4913 933 4975 εἰς’
953 4911 1054 4984 τὴν
1084 4911 1247 4981 ἁγίαν
1279 4913 1486 4983 Τριάδα
1510 4955 1525 4980 ,
1558 4915 1642 4968 ὅτι
1680 4913 1819 4967 αὐτὰ

1996 4907 2105 4965 Cur
2140 4909 2196 4962 in
2222 4906 2538 4962 Trinitatem
2559 4906 2910 4975 baptizemur.
2932 4933 3005 4946 —
3028 4903 3109 4959 Ob
3138 4904 3191 4959 id
3224 4919 3353 4959 vero
3374 4904 3420 4936 '°
3447 4904 3503 4958 in

250 5000 317 5053 τὰ
350 4999 721 5072 βαπτιζόμενα
771 4999 963 5072 χρῄζει
1008 5001 1105 5072 τῆς
1149 5001 1312 5070 ἁγίας
1359 5002 1590 5073 Τριάδος
1615 5005 1695 5068 είς
1718 5002 1819 5073 τὴν

253 5092 421 5149 αὐτῶν
473 5092 737 5148 σύστασίν
761 5109 821 5146 τε
872 5092 971 5148 καὶ
1002 5091 1267 5163 διαμονὴν
1288 5132 1304 5159 ,
1330 5093 1425 5145 καὶ
1458 5093 1722 5148 ἀδύνατον
1747 5093 1824 5165 μὴ

321 5248 364 5280 ⁸⁸
406 5249 649 5305 Method.
712 5248 810 5303 lib.
870 5246 947 5300 De
992 5262 1192 5301 resurr.
1284 5245 1327 5278 ⁸¹
1373 5244 1532 5301 Joan.
1590 5249 1821 5315 κηλεῖ.

257 5316 300 5390 ff
334 5317 498 5375 Levit.
556 5336 645 5384 xv,
679 5318 782 5390 10,
831 5318 875 5390 Ϋ⁶
905 5317 1042 5373 Gen.
1068 5333 1167 5390 _Vl,_
1205 5316 1291 5370 17.
1366 5317 1408 5390 ξ]
1440 5316 1506 5390 HJ
1541 5317 1676 5390 Reg.
1714 5333 1871 5381 xvm,
1924 5316 2015 5372 52.

258 5384 380 5444 Naz.
424 5399 565 5447 orat.
625 5390 726 5457 ιο;
758 5389 962 5443 Athan.
1018 5386 1088 5443 ad
1134 5384 1326 5457 Serap.
1358 5385 1435 5442 De
1462 5384 1855 5453 Spirfsancto.

1929 5009 2174 5057 sanctam
2205 4998 2531 5054 Trinitatem
2578 4997 2945 5067 baptizamur,
2987 4996 3117 5065 quia
3154 5010 3274 5064 qua:
3320 4996 3500 5066 bapti-

1931 5101 2149 5157 zantur,
2177 5090 2247 5145 ad
2279 5090 2386 5157 sui,
2413 5097 2529 5144 tum
2564 5088 3040 5154 constitutionem,
3076 5094 3191 5141 tum
3219 5101 3502 5142 conserva-

1926 5247 1971 5279 θ’
1999 5243 2159 5302 Joan.
2219 5244 2385 5314 "1,75.
2469 5242 2704 5314 “Greg.
2758 5253 2898 5314 ora}.
2939 5242 3030 5308 48.
3092 5241 3190 5314 __“
3209 5238 3415 5314 ϐερζι,
3445 5240 3499 5293 9..

2122 5314 2167 5348 ⁸⁸
2202 5314 2243 5369 ΙΙ
2290 5313 2438 5369 Petr.
2466 5329 2525 5380 ιι,
2555 5308 2677 5369 22Ῐ
2763 5312 2807 5343 ⁸⁸
2839 5311 2958 5368 Jac.
3002 5326 3062 5377 ιι,
3086 5310 3176 5365 26.
3257 5310 3301 5341 ⁷ο
3336 5308 3499 5381 Greg.

1554 5537 1792 5605 VARUE
1835 5533 2238 5597 LECTIONES.

329 5656 350 5698 ι
397 5659 545 5715 Multi
594 5659 812 5715 codices
862 5654 1202 5724 ὲκαθαίρετο.
1272 5651 1407 5726 cod.
1451 5654 1509 5708 S.
1581 5654 1688 5710 llil.
1754 5655 1809 5709 in
1860 5671 2034 5726 marg.
2086 5655 2119 5725 ἢ
2190 5650 2544 5726 ἐκεκόιβαρςωτ

2652 5652 2665 5697 i
2726 5647 2784 5702 In
2847 5648 2913 5702 R.
2945 5645 3086 5701 2626
3135 5646 3354 5701 additur
3406 5647 3503 5698 καὶ

266 5728 534 5806 ᾁγιασμός.
601 5726 695 5806 Sic
750 5726 944 5806 Faber,
976 5715 1095 5806 qui
1156 5724 1437 5806 transtulit
1476 5734 1543 5806 et
1586 5726 1913 5782 illuminatio
1951 5715 2012 5780 εἴ
2057 5715 2517 5791 εάηειίβσαιίο.ἰιι
2538 5717 2605 5777 R.
2630 5717 2793 5786 2924,
2827 5733 2924 5789 pro
2946 5717 3243 5788 φωτισμδς,
3276 5715 3506 5772 habetur

268 5795 540 5870 ἁγιασμὸς,
588 5800 672 5857 sic
700 5807 858 5855 vetus
909 5796 1135 5866 interpr.
1186 5795 1560 5862 sanctiﬁcatio.
