3926 6292
216 405 354 473 1125
1278 409 1375 468 DE
1410 410 1587 470 FIDE
1629 409 2093 471 ORTHODOXA
2132 411 2278 472 LIB.
2306 413 2405 473 IV.
3344 416 3479 480 1126

208 517 390 572 τικόν·
428 513 530 569 οὐκ
564 512 644 568 ἔτι
672 512 780 585 γὰρ
820 514 989 567 κακία
1015 514 1112 568 καὶ
1149 515 1398 586 ἁμαρτία
1427 516 1799 571 πολιτεύεται·

1921 517 2174 586 martyrio
2225 519 2527 586 perﬁcitur,
2565 534 2674 589 quo
2729 528 2785 574 et
2834 520 3086 577 Christus
3136 520 3255 591 ipse
3303 528 3476 577 nostri

210 608 445 673 κολάζον
474 607 530 661 δὲ
560 605 918 677 ἀτελεύτητα.

1921 622 2071 663 :ausa
2107 607 2403 664 defunctus
2440 618 2524 665 est
2545 611 2614 663 ⁸¹.
2666 610 2873 680 Estque
2908 613 3042 666 illud
3085 628 3345 682 perquam
3377 629 3474 667 au-

211 710 433 773 gustum
472 714 537 754 ac
568 699 809 762 beatum,
843 699 990 769 quod
1027 698 1196 755 nullis
1239 700 1468 768 posthac
1525 699 1783 756 sordibus
1818 698 2162 767 inquinetur.
2220 697 2548 753 Octavum“
2605 701 2841 771 denique
2870 711 2923 757 et
2946 712 3280 773 postremum
3342 704 3475 759 illud

211 804 317 862 est,
372 810 487 849 non
525 794 637 864 jam
684 793 1071 860 salutiferum,
1132 809 1323 849 verum
1392 796 1469 849 ita
1532 795 1799 848 malitiam
1833 792 2110 860 auferens,
2147 795 2368 863 quando
2411 809 2546 849 suus
2572 793 2683 862 jam
2726 796 2948 852 malitiae
3008 805 3061 852 et
3105 806 3327 867 peccato
3396 798 3474 851 lo-

212 902 312 944 cus
348 903 459 943 non
503 888 629 955 erit,
658 895 719 941 ut
749 897 933 943 tamen
970 890 1364 958 sempiternum
1404 888 1691 944 excruciet
1728 902 1790 941 ac
1825 887 2035 957 puniat.

286 980 597 1052 Σωματικῷ
619 980 676 1034 δὲ
708 980 840 1034 εἴδει
872 980 915 1048 1,
942 981 1076 1035 ὡσεὶ
1113 980 1437 1053 περιστερὰ,
1470 980 1799 1051 ὲπεφοίτησε

1974 978 2207 1048 Spiritus
2275 988 2490 1033 sanctus
2566 979 2824 1034 columba:
2878 980 3043 1048 specie
3108 990 3157 1034 et
3220 981 3479 1051 ignis.—

211 1076 273 1128 τὸ
294 1074 524 1145 Πνεῦμα
553 1073 612 1127 τὸ
645 1074 824 1142 ἅγιον,
841 1075 943 1144 τὴν
978 1076 1234 1146 ἀπαρχὴν
1255 1074 1350 1128 τοῦ
1372 1073 1644 1144 ἡμετέρου
1670 1073 1799 1125 ὑπο-

1921 1070 2074 1125 )οτνο
2098 1072 2143 1103 8‘
2172 1070 2411 1141 Spiritus
2470 1080 2695 1128 sanctus
2751 1074 3023 1141 corporali
3078 1075 3279 1142 specie,
3334 1074 3478 1128 sicut

210 1166 461 1219 δεικνύον
492 1166 890 1236 βαπτίσματος,
913 1168 1007 1220 καὶ
1039 1168 1213 1239 τιμῶν
1234 1168 1296 1220 τὸ
1336 1167 1493 1237 σῶμα
1517 1184 1531 1199 σ
1556 1166 1681 1219 ἐπεὶ
1708 1166 1799 1218 καὶ

1921 1162 2152 1215 :olumba
2184 1162 2249 1215 ad
2286 1161 2575 1217 Dominum
2618 1163 2928 1227 descendit,
2982 1166 3170 1234 sicque
3220 1176 3333 1219 tum
3385 1165 3478 1218 ba-

210 1256 398 1323 τοῦτο,
420 1257 589 1327 ἤγουν
610 1256 671 1309 τὸ
707 1256 891 1327 σῶμα,
919 1260 984 1329 τῇ
1018 1257 1211 1311 θεώσει
1237 1256 1389 1323 Θεὸς,
1420 1257 1515 1310 καὶ
1550 1256 1666 1326 ἅμα
1694 1273 1798 1309 που

1921 1252 2085 1307 )tismi
2122 1254 2301 1307 ndstri
2354 1254 2628 1323 primitias
2674 1254 3079 1321 subindicabat,
3112 1264 3227 1307 tum
3279 1270 3479 1323 corpus

214 1350 426 1403 ἄνωθεν
452 1349 682 1404 εἴθισται
706 1351 1007 1421 περιστερὰ
1037 1350 1190 1403 λύσιν
1222 1348 1613 1419 κατακλυσμοῦ
1638 1347 1803 1415 εὐαγ-

214 1441 551 1510 γελίζεσθαι.
589 1442 714 1497 Ἐπὶ
751 1443 808 1497 δὲ
833 1443 959 1508 τοὺς
986 1443 1175 1511 ἁγίους
1210 1442 1545 1505 ἀποστόλους
1578 1457 1801 1511 πυροει-

214 1533 319 1597 δῶς
354 1533 592 1588 κάτεισι.
617 1533 748 1599 Θεὸς
792 1534 903 1606 γάρ
953 1535 1102 1586 ἐστιν
1135 1547 1148 1562 ·
1188 1534 1217 1586 ὁ
1259 1532 1316 1586 δὲ
1341 1530 1475 1595 Θεὸς
1506 1529 1618 1602 πῦρ
1662 1546 1800 1582 κατ-

218 1626 516 1681 αναλίσκον
550 1626 643 1679 ὲστ
656 1625 690 1679 ί.

1907 1343 2306 1399 cobonestabat
2333 1359 2346 1397 :
2378 1345 2637 1414 quoniam
2674 1353 2727 1400 et
2759 1346 2861 1400 hoc
2884 1362 3102 1416 quoque
3134 1361 3232 1415 per
3260 1347 3482 1401 deifica-

1907 1434 2114 1489 tionem
2168 1433 2311 1489 Deus
2351 1443 2488 1489 erat.
2539 1436 2710 1499 Adde,
2761 1436 2905 1506 quod
2949 1437 3202 1491 columba
3233 1452 3483 1491 cessasse

1908 1526 2173 1581 diluvium
2231 1527 2362 1579 olim
2411 1527 2763 1581 nuntiaverit.
2816 1526 2960 1597 Ignis
3011 1544 3141 1582 vero
3198 1529 3378 1596 specie
3428 1530 3481 1582 in

1908 1627 2130 1673 sanctos
2163 1618 2440 1687 apostolos
2478 1616 2761 1671 descendit
2786 1617 2853 1682 ⁸⁸,
2880 1633 2944 1672 eo
2975 1619 3121 1688 quod
3150 1618 3291 1675 Deus
3315 1628 3480 1674 esset.

1910 1707 2050 1762 Deus
2081 1709 2219 1761 enim
2251 1709 2386 1777 ignis
2435 1724 2742 1762 consumens
2781 1719 2859 1762 est
2887 1709 2954 1764 ⁸⁸.

289 1803 366 1855 Τὸ
407 1801 587 1857 ἔλαιον
617 1801 726 1875 (71)
763 1800 1102 1873 βαπτίσματι
1141 1799 1669 1872 παραλαμϐάνεται,
1701 1816 1799 1869 μη-

1982 1799 2099 1855 Olei
2132 1802 2332 1856 unctio.
2369 1832 2438 1842 -—-
2466 1803 2534 1855 At
2574 1817 2701 1856 vero
2732 1802 2912 1857 oleum
2950 1800 3159 1856 ideirco
3190 1801 3257 1855 ad
3299 1801 3480 1870 bapti-

217 1896 344 1948 νύον
387 1894 487 1966 τὴν
516 1893 698 1965 χρίσιν
719 1903 756 1930 ιη
782 1892 938 1964 ἡμῶν
958 1933 972 1958 ,
1005 1892 1101 1946 καὶ
1145 1891 1405 1964 χριστοῦς
1432 1892 1581 1962 ἡμᾶς
1635 1892 1802 1961 ἔργα·

219 1988 469 2057 ξάμενον,
503 1986 711 2040 καὶτὸν
741 1986 836 2039 τοῦ
870 1985 1007 2039 Θεοῦ
1040 1986 1176 2057 ἡμῖν
1217 1982 1692 2053 ἐπαγγελλόμενον
1716 1982 1805 2036 διὰ

218 2078 313 2131 τοῦ
340 2079 498 2147 ἁγίου
530 2078 851 2148 Πνεύματος
880 2076 1050 2138 ἔλεον,
1077 2074 1202 2127 ἐπεὶ
1240 2073 1337 2128 καὶ
1380 2073 1591 2143 κάρφος
1622 2072 1806 2135 ἐλαίας

218 2173 331 2234 τοῖς
357 2172 424 2224 ὲκ
446 2170 540 2223 τοῦ
586 2167 978 2239 κατακλυσμοῦ
1022 2164 1410 2236 περισωθεῖσιν
1437 2167 1472 2237 ἡ
1502 2163 1805 2236 περιστερὰ

220 2261 541 2332 κεκόμικεν.

302 2353 641 2424 Ἐὁαπτίσοη
675 2352 930 2423 Ἰωάννης
955 2392 970 2418 ,
997 2350 1095 2423 τὴν
1136 2352 1298 2422 χεῖρα
1345 2348 1556 2412 ἐπιθεὶς
1581 2347 1675 2401 ἐπὶ
1707 2344 1805 2418 τὴν

221 2446 375 2501 θείαν
402 2447 497 2501 τοῦ
520 2446 794 2500 Δεσπότου
837 2444 1085 2516 κορυφὴν
1108 2487 1123 2513 ,
1152 2441 1345 2513 καὶτῷ
1380 2442 1493 2512 ἰδίῳ
1518 2441 1733 2512 αἵματι.

292 2629 367 2682 Οὐ
398 2628 505 2700 χρὴ
537 2627 974 2699 ύπερτίθεσθαιη
994 2627 1053 2680 τὸ
1077 2625 1385 2697 βάπτισμα,
1419 2626 1508 2679 ὅτε
1538 2625 1606 2678 δι’
1630 2622 1806 2694 ἔργων

223 2723 257 2790 ἡ
308 2720 493 2785 πίστις
538 2721 650 2774 τῶν
693 2720 1029 2791 προσιόντων
1081 2719 1430 2792 μαρτυρηθῇ.
1469 2718 1527 2770 'O
1560 2716 1670 2787 γὰρ
1698 2724 1723 2751 ο
1748 2718 1807 2768 ἐν

224 2812 356 2881 δόλῳ
391 2812 635 2884 προσιὼν
663 2812 744 2883 τῷ
776 2813 1141 2884 βαπτίσματι,
1165 2810 1637 2882 κατακριθήσεται
1668 2808 1805 2880 μᾶλ-

225 2902 315 2956 λον
376 2904 411 2974 ἦ
436 2903 876 2976 ὠφεληθήσεται.

757 3083 1009 3137 ΚΕΦΔΛ.
1040 3083 1075 3134 ιο
1100 3080 1271 3153 [nr].

790 3174 931 3241 Περὶ
963 3174 1243 3238 πίστεως.

305 3265 371 3320 Ἦ
397 3267 578 3338 μέντοι
612 3280 800 3329 πίστις
818 3265 979 3335 διπλῆ
1024 3265 1206 3318 ἐστιν’
1246 3263 1414 3317 Ἔστι
1458 3262 1569 3331 γὰρ
1600 3264 1807 3328 πίστις

223 3356 294 3422 ἐξ
319 3360 534 3428 ἀκοῆς.
581 3358 897 3421 Ἀκούοντες
934 3358 1045 3428 γὰρ
1065 3356 1175 3411 τῶν
1223 3355 1385 3409 Θείων
1425 3356 1677 3427 Γραφῶν,
1714 3374 1806 3409 πι-

300 3512 346 3545 3’
376 3512 509 3567 Luc.
546 3512 632 3566 12.
661 3513 748 3567 50.

850 3512 896 3544 ⁸³
919 3510 1083 3582 Greg.
1124 3520 1264 3566 orat.
1300 3511 1392 3582 40.

223 3587 270 3619 ⁸⁷
326 3586 464 3640 Gen.
509 3600 623 3649 vnn,
659 3583 746 3639 H.

826 3583 870 3616 ⁸⁸
897 3580 1061 3652 ϐινοςῖ
1106 3589 1249 3637 orat.
1291 3581 1381 3634 40.

1498 3509 1544 3542 ⁸⁵
1570 3510 1645 3565 Id.
1685 3520 1823 3565 orat.
1869 3511 1958 3565 59.

1908 1908 2089 1948 smum
2124 1893 2442 1958 adhibetur,
2486 1894 2615 1963 quia
2648 1895 2961 1949 unctionem
2992 1904 3235 1948 nostram
3272 1892 3482 1962 signiti-

1906 1992 2015 2046 cat,
2060 2000 2273 2053 nosque
2303 1984 2547 2041 cltristos
2580 1984 2745 2051 facit,
2781 1987 3007 2056 insuper
3046 1984 3139 2039 Dei
3173 1984 3485 2039 misericor-

1907 2076 2050 2129 diam
2081 2092 2176 2146 per
2209 2076 2476 2147 Spiritum
2512 2088 2761 2133 sanctum
2800 2080 2960 2135 nobis
2996 2080 3302 2147 pollicetur.
3346 2078 3481 2133 Nam

1906 2177 1959 2221 et
1980 2169 2231 2224 columba
2273 2170 2381 2226 illis
2410 2170 2503 2240 qui
2540 2171 2841 2227 incolumes
2870 2189 2900 2228 e
2931 2175 3137 2228 diluvio
3171 2178 3483 2235 evaserant,

1907 2261 2039 2315 olere
2070 2276 2284 2315 ramum
2317 2270 2516 2331 praeter
2551 2276 2766 2317 omnem
2796 2279 2947 2332 spem
2981 2265 3108 2317 olim
3142 2264 3322 2317 attulit
3345 2261 3413 2315 ⁸⁷.

1976 2349 2229 2417 Joannes,
2269 2361 2326 2405 ut
2370 2352 2694 2419 baptizatus.
2744 2383 2798 2392 —
2827 2352 3069 2409 Joannes
3112 2354 3366 2423 imposita
3402 2354 3485 2407 di-

1906 2440 2037 2496 vino
2075 2441 2287 2496 Domini
2320 2443 2489 2513 capiti
2521 2458 2707 2504 manu.
2735 2451 2789 2499 et
2822 2459 3016 2499 cruore
3051 2444 3273 2514 proprio
3309 2444 3483 2513 bapti-

1910 2540 2066 2587 zatus
2102 2532 2226 2587 fuit.

1982 2622 2253 2678 Caeterum
2303 2623 2349 2657 ⁸³
2409 2625 2744 2695 baptismum
2785 2624 2992 2680 diutius
3040 2638 3335 2693 prorogare
3378 2639 3484 2675 non

1910 2722 2124 2784 oportet
2149 2713 2278 2767 dum
2311 2714 2689 2769 accedentium
2715 2714 2873 2767 ﬁdem
2906 2721 3287 2768 contestantur
3317 2714 3486 2767 actio-

1909 2819 2028 2859 nes.
2068 2803 2121 2857 Si
2160 2803 2284 2873 quis
2312 2804 2439 2857 dolo
2471 2803 2537 2856 ad
2567 2804 2904 2873 baptismum
2928 2805 3247 2871 accesserit,
3276 2813 3484 2858 tantum

1909 2896 2067 2951 abest
2104 2905 2161 2950 ιιι
2197 2896 2325 2950 hinc
2369 2896 2629 2951 utilitatis
2680 2897 2964 2966 quidpiam
3008 2900 3228 2967 capiat,
3264 2907 3323 2951 ιιι
3354 2912 3486 2950 con—

1909 2987 2315 3042 demnationem
2350 2988 2534 3057 potius
2569 2996 2817 3041 accersat
2846 2988 2974 3041 sibi.

2470 3080 2629 3151 253
2668 3078 2818 3134 CAP.
2868 3080 2931 3133 χ.

2558 3172 2649 3233 De
2691 3171 2817 3241 ﬁde.

1988 3261 2145 3317 Fides
2170 3264 2356 3316 virtus.
2384 3260 2625 3331 Inﬁdelis
2656 3272 2756 3325 est,
2789 3263 2878 3333 qui
2910 3280 3011 3316 non
3048 3262 3206 3317 credit
3241 3260 3486 3316 Ecclesia:

1914 3355 2211 3421 traditioni,
2276 3364 2365 3408 aut
2410 3357 2548 3409 male
2594 3356 2825 3410 rivit.-—
2857 3355 3016 3411 Fides
3071 3372 3234 3427 porro
3288 3358 3485 3426 duplex

2061 3512 2106 3543 ⁸⁸
2146 3510 2222 3563 ll).
2287 3520 2427 3565 orat.
2483 3511 2592 3576 4i;
2636 3511 2754 3575 Act,
2798 3527 2856 3576 ιι,
2909 3512 2963 3567 ‘2.
3031 3514 3074 3544 ⁸⁸
3104 3513 3258 3572 Deut.
3295 3532 3364 3579 tv,
3394 3515 3483 3569 2i.

1487 3691 1715 3747 VARUE
1756 3690 2159 3747 LECTIONES.

304 3814 326 3855 ι
356 3816 519 3873 Deest
545 3816 624 3881 δὲ,
656 3815 709 3870 in
735 3813 899 3870 editis
936 3820 989 3868 et
1015 3812 1173 3868 Coll).
1205 3813 1257 3867 1.

1335 3821 1375 3850 ω
1408 3810 1539 3884 Reg.
1571 3813 1594 3867 t
1629 3822 1682 3868 et
1714 3812 1787 3884 Ν.
1816 3814 1908 3882 τὴι
1952 3813 2130 3884 χάριν.
2211 3823 2235 3851 η
2268 3813 2325 3869 1η
2350 3816 2470 3871 cod.
2506 3815 2562 3871 S.
2600 3814 2707 3870 Hi1.
2745 3831 2811 3870 ex
2859 3815 3076 3871 emend.
3120 3815 3340 3871 additur
3370 3812 3481 3871 οὖν.
3558 3868 3565 3877 ,

229 3902 252 3924 σ
277 3887 440 3945 Deest
493 3888 602 3959 γὰρ
654 3888 709 3941 in
743 3882 904 3941 codd.
943 3884 1185 3939 restituit
1235 3882 1555 3939 emendator
1599 3884 1725 3939 cod.
1768 3883 1825 3939 S.
1862 3884 1970 3938 ιιιι.

1743 4024 1979 4081 ΝΟΤΔΕ.

303 4145 418 4215 (Ἡ)
464 4144 537 4201 Τὸ
559 4143 873 4215 ἐλαιον.Αι
903 4142 1372 4215 vero_oleum.ete.
1391 4140 1551 4215 Apud
1582 4140 1804 4215 Graecos

233 4212 324 4269 ille
352 4212 445 4284 qui
500 4213 867 4285 baptizandus
925 4213 1108 4285 venit,
1140 4212 1531 4285 oleo_simpli_ei
1568 4212 1806 4285 primum

236 4281 524 4355 inungitur
567 4281 596 4338 ἑ
649 4284 955 4355 sacerdote.
991 4281 1191 4355 Unctio
1248 4281 1419 4355 altera
1461 4281 1807 4355 baptismum

236 4350 617 4422 subsequitur,
669 4356 835 4423 fitque
864 4353 986 4423 oleo
1013 4352 1306 4423 pigmentis
1337 4350 1749 4423 condito,quod
1784 4365 1815 4404 a

236 4421 493 4492 pontifice
515 4421 895 4485 consecratur,
933 4421 1132 4477 feria’v
1166 4422 1405 4477 inCmna
1441 4421 1677 4485 Domini,
1713 4422 1815 4492 hoc

238 4490 380 4567 μέγα
413 4494 621 4567 μῦρον,
658 4509 909 4560 magnum
954 4504 1275 4562 unguentum
1310 4501 1708 4567 nuncupatur,
1732 4490 1815 4545 vel

235 4561 463 4687 ἶρίσμα.
499 4561 635 4620 ’Νοε
694 4578 916 4634 quoque
976 4561 1219 4617 sanctum
1270 4563 1505 4615 chrisma
1554 4561 1813 4615 dicimus.

288 4637 435 4687 nctio
464 4638 584 4687 haec
610 4634 787 4687 insunt
809 4640 891 4687 est
920 4641 1329 4686 sacramentum
1348 4631 1813 4687 Conﬁrmationis.

288 4631 435 4688 nctio
464 4638 584 4690 haec
610 4631 787 4705 ipsum
809 4631 891 4705 est
920 4641 1329 4705 sacramentum
1348 4631 1813 4705 Conﬁrmationis,

238 4704 303 4774 de
336 4719 447 4773 quo
496 4701 697 4774 legesis
738 4704 921 4774 Allat;
946 4703 1043 4755 lib.
1089 4718 1146 4757 ιιι
1198 4701 1273 4755 De
1294 4718 1536 4774 consens.
1568 4716 1691 4774 cap.
1723 4701 1812 4774 16.

1913 4151 2258 4212 unguentum,
2282 4161 2399 4206 nec,
2423 4153 2479 4198 ut
2502 4146 2579 4198 ita
2613 4144 2811 4207 dicam,
2849 4158 3143 4206 commune,
3174 4143 3263 4196 sed
3289 4141 3489 4200 Christi

1914 4214 2108 4267 donum
2141 4254 2156 4276 .
2190 4218 2462 4285 sanctique
2510 4215 2744 4283 Spiritus
2773 4253 2787 4276 ,
2821 4213 2971 4280 cujus
3011 4214 3304 4285 diuinitatis
3350 4230 3491 4285 prie-

1916 4286 2089 4338 sentia
2119 4283 2480 4354 e/jicacitatent
2519 4286 2694 4339 habet.
2726 4284 2929 4340 Deinde
2951 4283 3189 4354 explicat
3220 4299 3317 4337 cur
3340 4284 3490 4339 frons

1914 4354 2117 4423 aliique
2149 4351 2367 4411 "sensus
2404 4356 2705 4411 secundum
2759 4354 3014 4408 Ecclesia:
3044 4351 3338 4408 Orientalis
3371 4370 3488 4423 mo-

1914 4422 2035 4497 rem
2065 4434 2362 4496 ungantur.
2403 4426 2561 4497 Apud
2595 4424 2928 4497 Orientales,
2965 4431 3024 4478 ut
3054 4425 3181 4497 olim
3216 4424 3354 4497 apud
3389 4422 3492 4497 La-

1913 4496 2063 4567 tinos
2112 4494 2406 4567 plerosque
2435 4494 2714 4566 {quilibet
2771 4496 3061 4567 presbyter
3090 4494 3346 4567 absoluto
3390 4494 3490 4567 ba-

1914 4562 2127 4635 ptismo
2154 4562 2370 4622 saerain
2403 4562 2719 4622 chrismatis
2748 4562 3059 4635 unctionem
3096 4564 3245 4635 facit.
3278 4562 3489 4635 Paehy.

1915 4633 2094 4690 meres
2114 4651 2244 4690 vero
2273 4637 2327 4690 in
2360 4637 2773 4707 cap.5Dionys.
2802 4633 2877 4707 De
2920 4634 3047 4689 eccl.
3082 4634 3214 4707 hier.
3238 4633 3491 4707 obseruat

1916 4707 2156 4776 priscum
2181 4721 2388 4761 morem
2418 4701 2471 4760 i'n
2497 4701 2723 4761 Oriente
2753 4705 3031 4776 fuisse,ut
3051 4705 3214 4776 solus
3251 4701 3489 4776 pontifex

240 4754 849 4857 peragratam
880 4754 1156 4857 ιιίειεφεριι
1193 4754 1613 4841 ...εειιξιιιέιι
1639 4754 1813 4857 ετξ...
1846 4754 1888 4809 ι)
1920 4754 3231 4857 ῖίέδιξιῑςίιάξνιιι-εει.ᾱῲ’.ιίέρ·.ξξῑζάεβ.ςξ,ι-γά.
3251 4754 3354 4857 κ...
3395 4754 3492 4839 ...ς

242 4841 513 4912 ὀρκιστον,
560 4841 946 4904 exorcisatum,
986 4842 1211 4907 dicitur,
1242 4859 1344 4911 quo
1404 4853 1515 4895 tum
1554 4842 1816 4912 ardentia

241 4924 572 4975 peccatorum
604 4915 825 4984 vestigia
862 4924 1154 4982 purgentur
1176 4956 1191 4976 ,
1228 4922 1337 4964 tum
1382 4911 1671 4984 invisibiles
1707 4911 1817 4984 da}:

246 4996 414 5059 mones
450 4981 763 5053 pellantur}
795 4981 977 5052 eoque
1004 4983 1433 5059 catechumenos
1462 4999 1493 5035 a
1519 4982 1710 5036 vertice
1748 4981 1816 5034 ad

246 5051 458 5124 infimas
509 5070 673 5124 usque
727 5051 917 5124 partes
949 5053 1169 5124 perungi
1216 5052 1312 5124 ait.
1374 5051 1618 5106 Alterum
1685 5065 1816 5124 vero

249 5118 481 5192 Spiritus
516 5118 694 5180 sancti
727 5118 869 5179 esse
907 5118 1196 5192 imaginem
1242 5121 1403 5192 docet
1427 5163 1441 5187 ,
1465 5132 1525 5175 ut
1554 5121 1818 5191 quemad-

248 5189 462 5257 modum
526 5195 581 5249 in
624 5193 905 5248 Christum
960 5189 1082 5246 cuin
1131 5190 1473 5245 ascendisset
1524 5189 1593 5245 de
1639 5205 1813 5257 aqua,

252 5252 486 5336 Spiritus
524 5271 755 5336 sanctus
792 5264 965 5323 venit,
1008 5263 1089 5336 sic
1150 5261 1354 5336 Christi
1420 5261 1625 5315 alumni
1690 5252 1818 5329 Spié

250 5331 391 5400 ritus
449 5335 626 5389 sancti
679 5335 999 5389 chrismatis
1057 5331 1458 5400 insigniantur,
1519 5341 1817 5400 postquam

254 5393 504 5473 h‘apt‘ismi
546 5404 705 5473 aquis
752 5404 923 5458 abluti
974 5410 1124 5457 sunt.
1169 5393 1453 5473 caeterum
1488 5393 1622 5473 velut
1662 5393 1817 5473 panis

254 5462 628 5543 Eucharistiie',
657 5474 838 5543 inquit
869 5482 978 5543 cat.
1016 5474 1072 5535 5,
1104 5470 1242 5543 μετὰ
1271 5470 1367 5543 τὴν
1392 5462 1816 5543 Δἐπίκλησίνμτοῦ

252 5534 406 5614 ῥιγίου
440 5534 774 5614 ῌνεύματος,
808 5534 1081 5614 οὐκέστιν
1104 5534 1276 5614 ἄρτος
1301 5534 1465 5603 λιτὸς,
1495 5534 1630 5614 ἀλλᾶ
1656 5540 1817 5609 σῶμα

253 5602 507 5682 Χριστοῦ,
543 5602 657 5681 post
695 5602 1092 5682 inuocationemi
1123 5602 1356 5679 Spiritus
1404 5602 1574 5664 sancti
1607 5628 1709 5663 non
1740 5602 1817 5664 est

254 5677 471 5741 simplex
514 5677 688 5750 panis,
716 5684 805 5737 sed
834 5698 1023 5750 corpus
1056 5677 1257 5736 Christi
1287 5695 1305 5733 :
1334 5682 1410 5734 sic
1436 5690 1677 5734 sanctum
1713 5697 1811 5734 un-

260 5754 526 5820 guentum,
554 5753 655 5806 οὐκ
698 5752 812 5806 ἔστι
850 5752 1027 5820 ψιλὸν,
1062 5751 1170 5805 οὐδ’
1200 5751 1274 5814 ὡς
1327 5751 1471 5803 εἴποι
1505 5768 1607 5817 τις,
1632 5751 1809 5803 κοινὸν

266 5814 377 5876 μετ’
405 5817 711 5893 ἐπίκλησιν,
749 5814 1255 5889 invocatione'facta
1293 5836 1392 5874 non
1451 5832 1528 5876 est
1581 5814 1809 5889 amplius

1918 4840 2146 4916 χιερέώς
2193 4846 2347 4916 ἔσται
2392 4847 2472 4908 είς
2512 4847 2573 4899 τὸ
2629 4840 2817 4916 χρῖσαι
2851 4843 2929 4912 τῷ
2978 4840 3141 4916 μύρῳ
3169 4842 3258 4916 τὸ)
3301 4840 3491 4916 βαπτι-

1920 4910 2134 4987 σθέντα.
2186 4915 2335 4986 Αὕτη
2388 4916 2497 4984 γὰρ
2541 4918 2573 4987 ἡ
2620 4910 2824 4986 ἀρχαία
2874 4910 3129 4987 camerata
3156 4929 3168 4941 '
3206 4910 3350 4987 Opus
3391 4915 3490 4987 erit

1915 4985 2184 5053 pontiﬁce,
2216 4980 2673 5056 qui'bapt'iza'tuni
2696 4980 3193 5056 "unguento'liniat.
3226 4980 3325 5056 llic
3354 4982 3490 5033 enim

1919 5071 2033 5108 mos
2066 5052 2336 5126 antiquus
2377 5052 2520 5123 fuit:
2550 5056 2763 5111 dicente
2792 5052 3011 5126 Scilicet
3042 5052 3317 5121 Dionysio,
3359 5066 3485 5118 per-

1920 5125 2134 5179 ficiendi
2183 5122 2511 5195 potestatem
2564 5141 2671 5181 non
2701 5139 2823 5179 esse
2857 5122 3195 5195 presbytero,
3221 5136 3317 5174 nec
3362 5135 3489 5195 pro—_

1920 5196 2046 5248 inde
2097 5190 2397 5263 perfectum
2461 5196 2792 5264 baptismum
2858 5190 3065 5264 dandi,
3107 5192 3208 5264 qui
3270 5190 3488 5264 nonnisi

1918 5260 2213 5320 chrismate
2249 5260 2585 5334 perficiatur.
2623 5264 2759 5319 Cum
2792 5277 2924 5334 vero
2970 5261 3234 5334 episcopi,
3262 5260 3486 5334 secundi

1919 5334 2135 5388 ordinis
2164 5330 2546 5390 sacerdotibus
2569 5333 2879 5404 baptizandi
2914 5330 3115 5384 munus
3138 5330 3488 5404 detulissent,

1920 5405 2001 5459 eis
2039 5405 2273 5459 subinde
2318 5405 2412 5473 jus
2456 5400 2818 5457 conlirinandi
2861 5404 3169 5473 necphytos
3222 5400 3489 5473 permise-

1920 5482 2070 5529 runt.
2122 5475 2191 5527 At
2238 5470 2598 5529 consecrandi
2649 5472 2914 5539 unguenti
2967 5470 3312 5541 potestatem
3359 5470 3490 5541 reti-

1920 5559 2107 5620 nuere.
2136 5552 2209 5620 ut
2231 5545 2616 5620 palatn_esset,
2636 5538 2882 5620 ἀνεξδ-(ιιι)
2908 5538 3166 5620 pontifice
3195 5538 3485 5620 perfectio-

1920 5629 2042 5668 nem
2085 5612 2138 5666 in
2181 5608 2369 5668 ﬁdeles
2414 5613 2672 5667 derivari.
2704 5610 2913 5665 Usitata
2942 5610 3144 5665 Graecis
3194 5608 3246 5661 in
3293 5608 3493 5663 confir-

1917 5683 2157 5738 matione
2206 5683 2462 5744 formula.
2504 5689 2717 5737 vetusta
2752 5681 2845 5734 illa
2893 5690 3158 5747 estquam
3207 5677 3372 5733 refert
3402 5692 3493 5729 ea-

1919 5767 2028 5807 non
2069 5754 2099 5805 7
2131 5754 2387 5823 secundm
2415 5752 2610 5823 synodi
2645 5750 2959 5823 exaperta
2991 5749 3199 5820 δωρεᾶς
3241 5748 3493 5823 ῌνεύμα-

1917 5839 2008 5885 τος
2058 5822 2238 5892 ἁγίου,
2271 5819 2619 5893 Signaculum
2652 5819 2792 5877 doni
2819 5819 3047 5888 Spiritus
3083 5819 3275 5875 sancti.
