  <div class='ocr_page' id='page_1' title='image "/cluster/home/n/w/nwhite01/storage/ocr_20150623/94/hvd.32044052838174/689.png"; bbox 0 0 3926 6292; ppageno 0'>
   <div class='ocr_carea' id='block_1_1' title="bbox 473 346 610 416">
    <p class='ocr_par' dir='ltr' id='par_1_1' title="bbox 473 346 610 416">
     <span class='ocr_line' id='line_1_1' title="bbox 473 346 610 416; baseline -0.007 -1"><span class='ocrx_word' id='word_1_1' title='bbox 473 346 610 416; x_wconf 61' lang='grc'><strong>1197</strong></span> 
     </span>
    </p>
   </div>
   <div class='ocr_carea' id='block_1_2' title="bbox 1715 347 2589 413">
    <p class='ocr_par' dir='ltr' id='par_1_2' title="bbox 1715 347 2589 413">
     <span class='ocr_line' id='line_1_2' title="bbox 1715 347 2589 413; baseline -0.005 -2"><span class='ocrx_word' id='word_1_2' title='bbox 1715 351 1776 411; x_wconf 82' lang='grc'><strong>8.</strong></span> <span class='ocrx_word' id='word_1_3' title='bbox 1812 349 2130 413; x_wconf 79' lang='lat' dir='ltr'><strong>JOANNIS</strong></span> <span class='ocrx_word' id='word_1_4' title='bbox 2163 347 2589 409; x_wconf 76' lang='lat' dir='ltr'><strong>DAMASCENI</strong></span> 
     </span>
    </p>
   </div>
   <div class='ocr_carea' id='block_1_3' title="bbox 3589 332 3749 400">
    <p class='ocr_par' dir='ltr' id='par_1_3' title="bbox 3589 332 3749 400">
     <span class='ocr_line' id='line_1_3' title="bbox 3589 332 3749 400; baseline 0.006 -1"><span class='ocrx_word' id='word_1_5' title='bbox 3589 332 3749 400; x_wconf 72' lang='lat'><strong>1128</strong></span> 
     </span>
    </p>
   </div>
   <div class='ocr_carea' id='block_1_4' title="bbox 471 451 2063 534">
    <p class='ocr_par' dir='ltr' id='par_1_4' title="bbox 471 459 2034 534">
     <span class='ocr_line' id='line_1_4' title="bbox 471 459 2034 534; baseline -0.001 -16"><span class='ocrx_word' id='word_1_6' title='bbox 471 473 556 518; x_wconf 82' lang='lat' dir='ltr'><strong>est</strong></span> <span class='ocrx_word' id='word_1_7' title='bbox 587 479 599 514; x_wconf 91' lang='lat'>:</span> <span class='ocrx_word' id='word_1_8' title='bbox 635 459 731 516; x_wconf 80' lang='lat' dir='ltr'><strong>Est</strong></span> <span class='ocrx_word' id='word_1_9' title='bbox 777 461 916 517; x_wconf 82' lang='lat' dir='ltr'><strong>enim</strong></span> <span class='ocrx_word' id='word_1_10' title='bbox 950 459 1082 531; x_wconf 76' lang='lat' dir='ltr'><strong>ﬁdes</strong></span> <span class='ocrx_word' id='word_1_11' title='bbox 1110 475 1176 516; x_wconf 80' lang='lat' dir='ltr'><strong>ea:</strong></span> <span class='ocrx_word' id='word_1_12' title='bbox 1204 459 1390 515; x_wconf 82' lang='lat' dir='ltr'><strong>auditu</strong></span> <span class='ocrx_word' id='word_1_13' title='bbox 1412 461 1482 516; x_wconf 76' lang='grc'><strong>⁸⁸.</strong></span> <span class='ocrx_word' id='word_1_14' title='bbox 1525 461 1844 534; x_wconf 89' lang='lat' dir='ltr'><strong>Scripturas</strong></span> <span class='ocrx_word' id='word_1_15' title='bbox 1879 477 2034 516; x_wconf 90' lang='lat' dir='ltr'><strong>nam-</strong></span> 
     </span>
    </p>
   </div>
   <div class='ocr_carea' id='block_1_5' title="bbox 2177 451 3740 534">
    <p class='ocr_par' dir='ltr' id='par_1_5' title="bbox 2177 451 3740 531">
     <span class='ocr_line' id='line_1_5' title="bbox 2177 451 3740 531; baseline -0.008 -16"><span class='ocrx_word' id='word_1_16' title='bbox 2177 461 2400 531; x_wconf 87' lang='grc' dir='ltr'>τεύομεν</span> <span class='ocrx_word' id='word_1_17' title='bbox 2435 463 2499 531; x_wconf 80' lang='grc' dir='ltr'>τῇ</span> <span class='ocrx_word' id='word_1_18' title='bbox 2533 456 2853 528; x_wconf 79' lang='grc' dir='ltr'><strong>διδασκαλίᾳ</strong></span> <span class='ocrx_word' id='word_1_19' title='bbox 2887 453 2979 509; x_wconf 87' lang='grc' dir='ltr'><strong>τοῦ</strong></span> <span class='ocrx_word' id='word_1_20' title='bbox 3013 453 3170 522; x_wconf 79' lang='grc' dir='ltr'>ἁγίου</span> <span class='ocrx_word' id='word_1_21' title='bbox 3202 451 3538 521; x_wconf 79' lang='grc' dir='ltr'>ῐΙνεύματος.</span> <span class='ocrx_word' id='word_1_22' title='bbox 3569 451 3740 520; x_wconf 72' lang='grc' dir='ltr'>Αὕτη</span> 
     </span>
    </p>
   </div>
   <div class='ocr_carea' id='block_1_6' title="bbox 472 550 2046 624">
    <p class='ocr_par' dir='ltr' id='par_1_6' title="bbox 472 550 2046 624">
     <span class='ocr_line' id='line_1_6' title="bbox 472 550 2046 624; baseline 0 -17"><span class='ocrx_word' id='word_1_23' title='bbox 472 567 579 624; x_wconf 93' lang='lat' dir='ltr'><strong>que</strong></span> <span class='ocrx_word' id='word_1_24' title='bbox 607 566 794 608; x_wconf 87' lang='lat' dir='ltr'><strong>sacras</strong></span> <span class='ocrx_word' id='word_1_25' title='bbox 823 551 1114 617; x_wconf 88' lang='lat' dir='ltr'><strong>audiendo,</strong></span> <span class='ocrx_word' id='word_1_26' title='bbox 1144 550 1386 624; x_wconf 87' lang='lat' dir='ltr'><strong>Spiritus</strong></span> <span class='ocrx_word' id='word_1_27' title='bbox 1419 553 1599 608; x_wconf 91' lang='lat' dir='ltr'><strong>sancti</strong></span> <span class='ocrx_word' id='word_1_28' title='bbox 1640 552 1906 607; x_wconf 75' lang='lat' dir='ltr'><strong>doctrinae</strong></span> <span class='ocrx_word' id='word_1_29' title='bbox 1925 566 2046 607; x_wconf 85' lang='lat' dir='ltr'><strong>cre-</strong></span> 
     </span>
    </p>
   </div>
   <div class='ocr_carea' id='block_1_7' title="bbox 472 645 2046 717">
    <p class='ocr_par' dir='ltr' id='par_1_7' title="bbox 472 645 2046 717">
     <span class='ocr_line' id='line_1_7' title="bbox 472 645 2046 717; baseline -0.003 -15"><span class='ocrx_word' id='word_1_30' title='bbox 472 648 677 702; x_wconf 88' lang='lat' dir='ltr'><strong>dimus.</strong></span> <span class='ocrx_word' id='word_1_31' title='bbox 747 645 929 716; x_wconf 85' lang='lat' dir='ltr'><strong>Atque</strong></span> <span class='ocrx_word' id='word_1_32' title='bbox 982 645 1099 701; x_wconf 65' lang='lat' dir='ltr'><strong>haec</strong></span> <span class='ocrx_word' id='word_1_33' title='bbox 1158 646 1296 702; x_wconf 82' lang='lat' dir='ltr'><strong>lides</strong></span> <span class='ocrx_word' id='word_1_34' title='bbox 1343 661 1440 717; x_wconf 90' lang='lat' dir='ltr'><strong>per</strong></span> <span class='ocrx_word' id='word_1_35' title='bbox 1491 646 1680 702; x_wconf 83' lang='lat' dir='ltr'><strong>omnia</strong></span> <span class='ocrx_word' id='word_1_36' title='bbox 1715 646 1832 710; x_wconf 92' lang='lat' dir='ltr'><strong>illa,</strong></span> <span class='ocrx_word' id='word_1_37' title='bbox 1867 659 1988 714; x_wconf 84' lang='lat' dir='ltr'><strong>quae</strong></span> <span class='ocrx_word' id='word_1_38' title='bbox 2017 658 2046 698; x_wconf 88' lang='lat' dir='ltr'><strong>a</strong></span> 
     </span>
    </p>
   </div>
   <div class='ocr_carea' id='block_1_8' title="bbox 473 730 2050 806">
    <p class='ocr_par' dir='ltr' id='par_1_8' title="bbox 473 730 2050 806">
     <span class='ocr_line' id='line_1_8' title="bbox 473 730 2050 806; baseline -0.001 -17"><span class='ocrx_word' id='word_1_39' title='bbox 473 736 693 791; x_wconf 88' lang='lat' dir='ltr'><strong>Christo</strong></span> <span class='ocrx_word' id='word_1_40' title='bbox 717 743 921 790; x_wconf 87' lang='lat' dir='ltr'><strong>statuta</strong></span> <span class='ocrx_word' id='word_1_41' title='bbox 943 744 1093 802; x_wconf 90' lang='lat' dir='ltr'><strong>sunt,</strong></span> <span class='ocrx_word' id='word_1_42' title='bbox 1112 735 1395 806; x_wconf 76' lang='lat' dir='ltr'><strong>perficitur</strong></span> <span class='ocrx_word' id='word_1_43' title='bbox 1420 753 1444 789; x_wconf 88' lang='lat'><strong>:-</strong></span> <span class='ocrx_word' id='word_1_44' title='bbox 1457 750 1622 806; x_wconf 89' lang='lat' dir='ltr'><strong>opere</strong></span> <span class='ocrx_word' id='word_1_45' title='bbox 1643 730 1896 790; x_wconf 80' lang='lat' dir='ltr'><strong>videlicet</strong></span> <span class='ocrx_word' id='word_1_46' title='bbox 1924 748 2050 788; x_wconf 89' lang='lat' dir='ltr'><strong>cre-</strong></span> 
     </span>
    </p>
   </div>
   <div class='ocr_carea' id='block_1_9' title="bbox 473 825 2050 897">
    <p class='ocr_par' dir='ltr' id='par_1_9' title="bbox 473 825 2050 897">
     <span class='ocr_line' id='line_1_9' title="bbox 473 825 2050 897; baseline -0.001 -17"><span class='ocrx_word' id='word_1_47' title='bbox 473 827 630 893; x_wconf 85' lang='lat' dir='ltr'><strong>dens,</strong></span> <span class='ocrx_word' id='word_1_48' title='bbox 661 827 923 896; x_wconf 76' lang='lat' dir='ltr'><strong>pietatem</strong></span> <span class='ocrx_word' id='word_1_49' title='bbox 954 827 1167 892; x_wconf 87' lang='lat' dir='ltr'><strong>colens,</strong></span> <span class='ocrx_word' id='word_1_50' title='bbox 1199 836 1255 882; x_wconf 92' lang='lat' dir='ltr'><strong>et</strong></span> <span class='ocrx_word' id='word_1_51' title='bbox 1283 828 1405 897; x_wconf 86' lang='lat' dir='ltr'><strong>ejus</strong></span> <span class='ocrx_word' id='word_1_52' title='bbox 1443 827 1534 896; x_wconf 78' lang='lat' dir='ltr'><strong>Qui</strong></span> <span class='ocrx_word' id='word_1_53' title='bbox 1566 841 1671 883; x_wconf 91' lang='lat' dir='ltr'><strong>nos</strong></span> <span class='ocrx_word' id='word_1_54' title='bbox 1699 825 2050 888; x_wconf 81' lang='lat' dir='ltr'><strong>instauravit,</strong></span> 
     </span>
    </p>
   </div>
   <div class='ocr_carea' id='block_1_10' title="bbox 475 914 2052 987">
    <p class='ocr_par' dir='ltr' id='par_1_10' title="bbox 475 914 2052 987">
     <span class='ocr_line' id='line_1_10' title="bbox 475 914 2052 987; baseline -0.001 -18"><span class='ocrx_word' id='word_1_55' title='bbox 475 917 764 987; x_wconf 62' lang='lat' dir='ltr'><strong>praeceptis</strong></span> <span class='ocrx_word' id='word_1_56' title='bbox 791 917 1123 987; x_wconf 90' lang='lat' dir='ltr'><strong>obsequens.</strong></span> <span class='ocrx_word' id='word_1_57' title='bbox 1151 914 1288 970; x_wconf 84' lang='lat' dir='ltr'><strong>Nam</strong></span> <span class='ocrx_word' id='word_1_58' title='bbox 1315 917 1410 986; x_wconf 88' lang='lat' dir='ltr'><strong>qui</strong></span> <span class='ocrx_word' id='word_1_59' title='bbox 1442 915 1747 972; x_wconf 87' lang='lat' dir='ltr'><strong>secundum</strong></span> <span class='ocrx_word' id='word_1_60' title='bbox 1782 915 2052 971; x_wconf 72' lang='lat' dir='ltr'><strong>Ecclesiae</strong></span> 
     </span>
    </p>
   </div>
   <div class='ocr_carea' id='block_1_11' title="bbox 477 1006 2054 1077">
    <p class='ocr_par' dir='ltr' id='par_1_11' title="bbox 477 1006 2054 1077">
     <span class='ocr_line' id='line_1_11' title="bbox 477 1006 2054 1077; baseline -0.002 -16"><span class='ocrx_word' id='word_1_61' title='bbox 477 1008 758 1063; x_wconf 62' lang='lat' dir='ltr'><strong>catholica:</strong></span> <span class='ocrx_word' id='word_1_62' title='bbox 786 1008 1136 1063; x_wconf 82' lang='lat' dir='ltr'><strong>traditionem</strong></span> <span class='ocrx_word' id='word_1_63' title='bbox 1161 1022 1272 1062; x_wconf 89' lang='lat' dir='ltr'><strong>non</strong></span> <span class='ocrx_word' id='word_1_64' title='bbox 1309 1007 1504 1073; x_wconf 83' lang='lat' dir='ltr'><strong>credit,</strong></span> <span class='ocrx_word' id='word_1_65' title='bbox 1542 1007 1628 1062; x_wconf 87' lang='lat' dir='ltr'><strong>vel</strong></span> <span class='ocrx_word' id='word_1_66' title='bbox 1661 1023 1755 1077; x_wconf 86' lang='lat' dir='ltr'><strong>per</strong></span> <span class='ocrx_word' id='word_1_67' title='bbox 1782 1006 2054 1074; x_wconf 82' lang='lat' dir='ltr'><strong>ﬂagitiosa</strong></span> 
     </span>
    </p>
   </div>
   <div class='ocr_carea' id='block_1_12' title="bbox 477 1091 2052 1167">
    <p class='ocr_par' dir='ltr' id='par_1_12' title="bbox 477 1091 2052 1167">
     <span class='ocr_line' id='line_1_12' title="bbox 477 1091 2052 1167; baseline -0.005 -16"><span class='ocrx_word' id='word_1_68' title='bbox 477 1111 643 1167; x_wconf 87' lang='lat' dir='ltr'><strong>opera</strong></span> <span class='ocrx_word' id='word_1_69' title='bbox 682 1111 808 1151; x_wconf 92' lang='lat' dir='ltr'><strong>cum</strong></span> <span class='ocrx_word' id='word_1_70' title='bbox 859 1096 1075 1151; x_wconf 89' lang='lat' dir='ltr'><strong>diabolo</strong></span> <span class='ocrx_word' id='word_1_71' title='bbox 1122 1095 1522 1158; x_wconf 88' lang='lat' dir='ltr'><strong>communicat,</strong></span> <span class='ocrx_word' id='word_1_72' title='bbox 1553 1094 1643 1148; x_wconf 91' lang='lat' dir='ltr'><strong>hic</strong></span> <span class='ocrx_word' id='word_1_73' title='bbox 1673 1091 1913 1147; x_wconf 83' lang='lat' dir='ltr'><strong>inﬁdelis</strong></span> <span class='ocrx_word' id='word_1_74' title='bbox 1945 1098 2052 1146; x_wconf 90' lang='lat' dir='ltr'><strong>est.</strong></span> 
     </span>
    </p>
   </div>
   <div class='ocr_carea' id='block_1_13' title="bbox 551 1181 2056 1252">
    <p class='ocr_par' dir='ltr' id='par_1_13' title="bbox 551 1181 2056 1252">
     <span class='ocr_line' id='line_1_13' title="bbox 551 1181 2056 1252; baseline -0.003 -14"><span class='ocrx_word' id='word_1_75' title='bbox 551 1184 710 1239; x_wconf 81' lang='lat' dir='ltr'><strong>Fides</strong></span> <span class='ocrx_word' id='word_1_76' title='bbox 744 1185 940 1239; x_wconf 83' lang='lat' dir='ltr'><strong>donum</strong></span> <span class='ocrx_word' id='word_1_77' title='bbox 969 1183 1222 1252; x_wconf 74' lang='lat' dir='ltr'><strong>Spiritus.</strong></span> <span class='ocrx_word' id='word_1_78' title='bbox 1269 1214 1338 1226; x_wconf 80' lang='lat'>—</span> <span class='ocrx_word' id='word_1_79' title='bbox 1359 1183 1572 1238; x_wconf 80' lang='lat' dir='ltr'><strong>Rursus</strong></span> <span class='ocrx_word' id='word_1_80' title='bbox 1615 1201 1628 1237; x_wconf 91' lang='lat'>:</span> <span class='ocrx_word' id='word_1_81' title='bbox 1655 1181 1816 1236; x_wconf 85' lang='lat' dir='ltr'><strong>Fides</strong></span> <span class='ocrx_word' id='word_1_82' title='bbox 1834 1190 1910 1235; x_wconf 88' lang='lat' dir='ltr'><strong>est</strong></span> <span class='ocrx_word' id='word_1_83' title='bbox 1936 1195 2056 1249; x_wconf 83' lang='lat' dir='ltr'><strong>spe-</strong></span> 
     </span>
    </p>
   </div>
   <div class='ocr_carea' id='block_1_14' title="bbox 478 1268 2057 1344">
    <p class='ocr_par' dir='ltr' id='par_1_14' title="bbox 478 1268 2057 1344">
     <span class='ocr_line' id='line_1_14' title="bbox 478 1268 2057 1344; baseline -0.003 -15"><span class='ocrx_word' id='word_1_84' title='bbox 478 1274 772 1330; x_wconf 88' lang='lat' dir='ltr'><strong>randarum</strong></span> <span class='ocrx_word' id='word_1_85' title='bbox 821 1275 1123 1330; x_wconf 80' lang='lat' dir='ltr'><strong>substantia</strong></span> <span class='ocrx_word' id='word_1_86' title='bbox 1172 1291 1367 1340; x_wconf 89' lang='lat' dir='ltr'><strong>rerum,</strong></span> <span class='ocrx_word' id='word_1_87' title='bbox 1407 1282 1772 1344; x_wconf 78' lang='lat' dir='ltr'><strong>argumentum</strong></span> <span class='ocrx_word' id='word_1_88' title='bbox 1825 1268 2057 1339; x_wconf 60' lang='lat' dir='ltr'><strong>non&#39;ap—</strong></span> 
     </span>
    </p>
   </div>
   <div class='ocr_carea' id='block_1_15' title="bbox 481 1361 2059 1435">
    <p class='ocr_par' dir='ltr' id='par_1_15' title="bbox 481 1361 2059 1435">
     <span class='ocr_line' id='line_1_15' title="bbox 481 1361 2059 1435; baseline -0.005 -15"><span class='ocrx_word' id='word_1_89' title='bbox 481 1367 808 1435; x_wconf 89' lang='lat' dir='ltr'><strong>parentium,</strong></span> <span class='ocrx_word' id='word_1_90' title='bbox 839 1365 885 1397; x_wconf 84' lang='lat'><strong>’°</strong></span> <span class='ocrx_word' id='word_1_91' title='bbox 916 1365 1000 1419; x_wconf 91' lang='lat' dir='ltr'><strong>vel</strong></span> <span class='ocrx_word' id='word_1_92' title='bbox 1030 1371 1112 1420; x_wconf 89' lang='lat' dir='ltr'><strong>est</strong></span> <span class='ocrx_word' id='word_1_93' title='bbox 1139 1379 1265 1434; x_wconf 87' lang='lat' dir='ltr'><strong>spes</strong></span> <span class='ocrx_word' id='word_1_94' title='bbox 1296 1364 1516 1419; x_wconf 89' lang='lat' dir='ltr'><strong>minime</strong></span> <span class='ocrx_word' id='word_1_95' title='bbox 1539 1363 1702 1418; x_wconf 90' lang='lat' dir='ltr'><strong>dubia</strong></span> <span class='ocrx_word' id='word_1_96' title='bbox 1754 1377 1856 1417; x_wconf 92' lang='lat' dir='ltr'><strong>nec</strong></span> <span class='ocrx_word' id='word_1_97' title='bbox 1885 1361 2059 1414; x_wconf 89' lang='lat' dir='ltr'><strong>ambi-</strong></span> 
     </span>
    </p>
   </div>
   <div class='ocr_carea' id='block_1_16' title="bbox 483 1453 2059 1527">
    <p class='ocr_par' dir='ltr' id='par_1_16' title="bbox 483 1453 2059 1527">
     <span class='ocr_line' id='line_1_16' title="bbox 483 1453 2059 1527; baseline -0.003 -17"><span class='ocrx_word' id='word_1_98' title='bbox 483 1471 611 1527; x_wconf 75' lang='lat' dir='ltr'><strong>gua,</strong></span> <span class='ocrx_word' id='word_1_99' title='bbox 673 1472 780 1526; x_wconf 89' lang='lat' dir='ltr'><strong>qua</strong></span> <span class='ocrx_word' id='word_1_100' title='bbox 813 1455 1146 1510; x_wconf 77' lang='lat' dir='ltr'><strong>confidimus</strong></span> <span class='ocrx_word' id='word_1_101' title='bbox 1181 1454 1319 1522; x_wconf 81' lang='lat' dir='ltr'><strong>fore,</strong></span> <span class='ocrx_word' id='word_1_102' title='bbox 1347 1465 1403 1509; x_wconf 92' lang='lat' dir='ltr'><strong>ut</strong></span> <span class='ocrx_word' id='word_1_103' title='bbox 1440 1469 1561 1525; x_wconf 69' lang='lat' dir='ltr'><strong>quae</strong></span> <span class='ocrx_word' id='word_1_104' title='bbox 1609 1453 1767 1509; x_wconf 91' lang='lat' dir='ltr'><strong>nobis</strong></span> <span class='ocrx_word' id='word_1_105' title='bbox 1796 1453 2059 1508; x_wconf 90' lang='lat' dir='ltr'><strong>divinitus</strong></span> 
     </span>
    </p>
   </div>
   <div class='ocr_carea' id='block_1_17' title="bbox 483 1545 2056 1619">
    <p class='ocr_par' dir='ltr' id='par_1_17' title="bbox 483 1545 2056 1619">
     <span class='ocr_line' id='line_1_17' title="bbox 483 1545 2056 1619; baseline -0.005 -16"><span class='ocrx_word' id='word_1_106' title='bbox 483 1548 756 1619; x_wconf 86' lang='lat' dir='ltr'><strong>promissa</strong></span> <span class='ocrx_word' id='word_1_107' title='bbox 815 1555 964 1612; x_wconf 86' lang='lat' dir='ltr'><strong>sunt,</strong></span> <span class='ocrx_word' id='word_1_108' title='bbox 1003 1554 1060 1602; x_wconf 90' lang='lat' dir='ltr'><strong>et</strong></span> <span class='ocrx_word' id='word_1_109' title='bbox 1115 1561 1236 1616; x_wconf 70' lang='lat' dir='ltr'><strong>quae</strong></span> <span class='ocrx_word' id='word_1_110' title='bbox 1267 1547 1634 1616; x_wconf 88' lang='lat' dir='ltr'><strong>postulamus,</strong></span> <span class='ocrx_word' id='word_1_111' title='bbox 1667 1545 2056 1615; x_wconf 84' lang='lat' dir='ltr'><strong>adipiscamur.</strong></span> 
     </span>
    </p>
   </div>
   <div class='ocr_carea' id='block_1_18' title="bbox 483 1637 2060 1710">
    <p class='ocr_par' dir='ltr' id='par_1_18' title="bbox 483 1637 2060 1710">
     <span class='ocr_line' id='line_1_18' title="bbox 483 1637 2060 1710; baseline -0.003 -16"><span class='ocrx_word' id='word_1_112' title='bbox 483 1641 560 1694; x_wconf 85' lang='lat' dir='ltr'><strong>Ac</strong></span> <span class='ocrx_word' id='word_1_113' title='bbox 582 1639 732 1710; x_wconf 89' lang='lat' dir='ltr'><strong>prior</strong></span> <span class='ocrx_word' id='word_1_114' title='bbox 757 1638 1000 1708; x_wconf 86' lang='lat' dir='ltr'><strong>quidem,</strong></span> <span class='ocrx_word' id='word_1_115' title='bbox 1028 1646 1236 1694; x_wconf 66' lang='lat' dir='ltr'><strong>nostra:</strong></span> <span class='ocrx_word' id='word_1_116' title='bbox 1258 1638 1566 1692; x_wconf 85' lang='lat' dir='ltr'><strong>voluntatis</strong></span> <span class='ocrx_word' id='word_1_117' title='bbox 1593 1645 1679 1693; x_wconf 87' lang='lat' dir='ltr'><strong>est</strong></span> <span class='ocrx_word' id='word_1_118' title='bbox 1704 1655 1720 1706; x_wconf 90' lang='lat'><strong>;</strong></span> <span class='ocrx_word' id='word_1_119' title='bbox 1760 1637 1934 1692; x_wconf 88' lang='lat' dir='ltr'><strong>altera</strong></span> <span class='ocrx_word' id='word_1_120' title='bbox 1961 1651 2060 1690; x_wconf 85' lang='lat' dir='ltr'><strong>au-</strong></span> 
     </span>
    </p>
   </div>
   <div class='ocr_carea' id='block_1_19' title="bbox 484 1728 1654 1800">
    <p class='ocr_par' dir='ltr' id='par_1_19' title="bbox 484 1728 1654 1800">
     <span class='ocr_line' id='line_1_19' title="bbox 484 1728 1654 1800; baseline 0 -16"><span class='ocrx_word' id='word_1_121' title='bbox 484 1739 595 1786; x_wconf 88' lang='lat' dir='ltr'><strong>tem</strong></span> <span class='ocrx_word' id='word_1_122' title='bbox 631 1731 774 1785; x_wconf 90' lang='lat' dir='ltr'><strong>inter</strong></span> <span class='ocrx_word' id='word_1_123' title='bbox 798 1728 1042 1800; x_wconf 88' lang='lat' dir='ltr'><strong>Spiritus</strong></span> <span class='ocrx_word' id='word_1_124' title='bbox 1068 1729 1213 1784; x_wconf 90' lang='lat' dir='ltr'><strong>dona</strong></span> <span class='ocrx_word' id='word_1_125' title='bbox 1253 1729 1524 1785; x_wconf 89' lang='lat' dir='ltr'><strong>censenda</strong></span> <span class='ocrx_word' id='word_1_126' title='bbox 1550 1737 1654 1784; x_wconf 87' lang='lat' dir='ltr'><strong>est.</strong></span> 
     </span>
    </p>
   </div>
   <div class='ocr_carea' id='block_1_20' title="bbox 554 1809 2136 1892">
    <p class='ocr_par' dir='ltr' id='par_1_20' title="bbox 554 1809 2136 1892">
     <span class='ocr_line' id='line_1_20' title="bbox 554 1809 2136 1892; baseline -0.006 -14"><span class='ocrx_word' id='word_1_127' title='bbox 554 1821 824 1892; x_wconf 82' lang='lat' dir='ltr'><strong>Spiritalis</strong></span> <span class='ocrx_word' id='word_1_128' title='bbox 881 1822 1232 1876; x_wconf 80' lang='lat' dir='ltr'><strong>circumcisio.</strong></span> <span class='ocrx_word' id='word_1_129' title='bbox 1257 1851 1326 1861; x_wconf 89' lang='lat'>—</span> <span class='ocrx_word' id='word_1_130' title='bbox 1359 1819 1657 1875; x_wconf 85' lang='lat' dir='ltr'><strong>Sciendum</strong></span> <span class='ocrx_word' id='word_1_131' title='bbox 1713 1828 1798 1874; x_wconf 91' lang='lat' dir='ltr'><strong>est</strong></span> <span class='ocrx_word' id='word_1_132' title='bbox 1849 1826 2056 1884; x_wconf 87' lang='lat' dir='ltr'><strong>autem,</strong></span> <span class='ocrx_word' id='word_1_133' title='bbox 2091 1809 2136 1869; x_wconf 84' lang='grc' dir='ltr'><strong><em>Β</em></strong></span> 
     </span>
    </p>
   </div>
   <div class='ocr_carea' id='block_1_21' title="bbox 485 1913 2061 1988">
    <p class='ocr_par' dir='ltr' id='par_1_21' title="bbox 485 1913 2061 1988">
     <span class='ocr_line' id='line_1_21' title="bbox 485 1913 2061 1988; baseline -0.006 -16"><span class='ocrx_word' id='word_1_134' title='bbox 485 1918 922 1988; x_wconf 73' lang='lat' dir='ltr'><strong>integumentum</strong></span> <span class='ocrx_word' id='word_1_135' title='bbox 945 1929 1108 1970; x_wconf 90' lang='lat' dir='ltr'><strong>omne</strong></span> <span class='ocrx_word' id='word_1_136' title='bbox 1131 1915 1274 1986; x_wconf 89' lang='lat' dir='ltr'><strong>quod</strong></span> <span class='ocrx_word' id='word_1_137' title='bbox 1304 1929 1332 1966; x_wconf 91' lang='lat' dir='ltr'><strong>a</strong></span> <span class='ocrx_word' id='word_1_138' title='bbox 1358 1913 1646 1968; x_wconf 89' lang='lat' dir='ltr'><strong>nativitate</strong></span> <span class='ocrx_word' id='word_1_139' title='bbox 1661 1913 2061 1972; x_wconf 80' lang='lat' dir='ltr'><strong>contraximus,</strong></span> 
     </span>
    </p>
   </div>
   <div class='ocr_carea' id='block_1_22' title="bbox 486 2003 2064 2077">
    <p class='ocr_par' dir='ltr' id='par_1_22' title="bbox 486 2003 2064 2077">
     <span class='ocr_line' id='line_1_22' title="bbox 486 2003 2064 2077; baseline -0.003 -15"><span class='ocrx_word' id='word_1_140' title='bbox 486 2013 772 2077; x_wconf 87' lang='lat' dir='ltr'><strong>peccatum</strong></span> <span class='ocrx_word' id='word_1_141' title='bbox 815 2005 1047 2070; x_wconf 88' lang='lat' dir='ltr'><strong>scilicet,</strong></span> <span class='ocrx_word' id='word_1_142' title='bbox 1086 2020 1181 2075; x_wconf 90' lang='lat' dir='ltr'><strong>per</strong></span> <span class='ocrx_word' id='word_1_143' title='bbox 1203 2005 1534 2075; x_wconf 87' lang='lat' dir='ltr'><strong>baptismum</strong></span> <span class='ocrx_word' id='word_1_144' title='bbox 1568 2003 1912 2068; x_wconf 85' lang='lat' dir='ltr'><strong>circumcidi,</strong></span> <span class='ocrx_word' id='word_1_145' title='bbox 1934 2019 2064 2058; x_wconf 90' lang='lat' dir='ltr'><strong>nos-</strong></span> 
     </span>
    </p>
   </div>
   <div class='ocr_carea' id='block_1_23' title="bbox 488 2094 1955 2170">
    <p class='ocr_par' dir='ltr' id='par_1_23' title="bbox 488 2094 1955 2170">
     <span class='ocr_line' id='line_1_23' title="bbox 488 2094 1955 2170; baseline -0.001 -18"><span class='ocrx_word' id='word_1_146' title='bbox 488 2113 594 2170; x_wconf 91' lang='lat' dir='ltr'><strong>que</strong></span> <span class='ocrx_word' id='word_1_147' title='bbox 651 2096 929 2169; x_wconf 87' lang='lat' dir='ltr'><strong>spiritales</strong></span> <span class='ocrx_word' id='word_1_148' title='bbox 981 2095 1262 2153; x_wconf 90' lang='lat' dir='ltr'><strong>lsraelitas</strong></span> <span class='ocrx_word' id='word_1_149' title='bbox 1301 2113 1364 2151; x_wconf 88' lang='lat' dir='ltr'><strong>ac</strong></span> <span class='ocrx_word' id='word_1_150' title='bbox 1402 2095 1497 2152; x_wconf 89' lang='lat' dir='ltr'><strong>Dei</strong></span> <span class='ocrx_word' id='word_1_151' title='bbox 1527 2095 1786 2167; x_wconf 85' lang='lat' dir='ltr'><strong>populum</strong></span> <span class='ocrx_word' id='word_1_152' title='bbox 1815 2094 1955 2151; x_wconf 83' lang='lat' dir='ltr'><strong>ﬁeri.</strong></span> 
     </span>
    </p>
   </div>
   <div class='ocr_carea' id='block_1_24' title="bbox 1118 2185 1402 2242">
    <p class='ocr_par' dir='ltr' id='par_1_24' title="bbox 1118 2185 1402 2242">
     <span class='ocr_line' id='line_1_24' title="bbox 1118 2185 1402 2242; baseline -0.007 0"><span class='ocrx_word' id='word_1_153' title='bbox 1118 2186 1273 2242; x_wconf 81' lang='lat' dir='ltr'><strong>CAP.</strong></span> <span class='ocrx_word' id='word_1_154' title='bbox 1310 2185 1402 2240; x_wconf 80' lang='lat' dir='ltr'><strong>Xl.</strong></span> 
     </span>
    </p>
   </div>
   <div class='ocr_carea' id='block_1_25' title="bbox 823 2277 1718 2346">
    <p class='ocr_par' dir='ltr' id='par_1_25' title="bbox 823 2277 1718 2346">
     <span class='ocr_line' id='line_1_25' title="bbox 823 2277 1718 2346; baseline -0.002 -12"><span class='ocrx_word' id='word_1_155' title='bbox 823 2279 902 2334; x_wconf 87' lang='lat' dir='ltr'><strong>De</strong></span> <span class='ocrx_word' id='word_1_156' title='bbox 933 2295 1104 2342; x_wconf 87' lang='lat' dir='ltr'><strong>cruce,</strong></span> <span class='ocrx_word' id='word_1_157' title='bbox 1137 2279 1224 2332; x_wconf 90' lang='lat' dir='ltr'><strong>ubi</strong></span> <span class='ocrx_word' id='word_1_158' title='bbox 1251 2295 1465 2334; x_wconf 81' lang='lat' dir='ltr'><strong>rursum</strong></span> <span class='ocrx_word' id='word_1_159' title='bbox 1496 2277 1559 2332; x_wconf 90' lang='lat' dir='ltr'><strong>de</strong></span> <span class='ocrx_word' id='word_1_160' title='bbox 1594 2277 1718 2346; x_wconf 83' lang='lat' dir='ltr'><strong>ﬁde.</strong></span> 
     </span>
    </p>
   </div>
   <div class='ocr_carea' id='block_1_26' title="bbox 557 2365 2064 2437">
    <p class='ocr_par' dir='ltr' id='par_1_26' title="bbox 557 2365 2064 2437">
     <span class='ocr_line' id='line_1_26' title="bbox 557 2365 2064 2437; baseline 0.002 -16"><span class='ocrx_word' id='word_1_161' title='bbox 557 2365 751 2422; x_wconf 86' lang='lat' dir='ltr'><strong>Rerum</strong></span> <span class='ocrx_word' id='word_1_162' title='bbox 802 2368 919 2437; x_wconf 86' lang='lat' dir='ltr'><strong>ipsa</strong></span> <span class='ocrx_word' id='word_1_163' title='bbox 977 2367 1177 2422; x_wconf 87' lang='lat' dir='ltr'><strong>creatio</strong></span> <span class='ocrx_word' id='word_1_164' title='bbox 1213 2367 1456 2421; x_wconf 83' lang='lat' dir='ltr'><strong>humanis</strong></span> <span class='ocrx_word' id='word_1_165' title='bbox 1506 2368 1798 2423; x_wconf 79' lang='lat' dir='ltr'><strong>rationibus</strong></span> <span class='ocrx_word' id='word_1_166' title='bbox 1827 2384 2064 2437; x_wconf 81' lang='lat' dir='ltr'><strong>compre-</strong></span> 
     </span>
    </p>
   </div>
   <div class='ocr_carea' id='block_1_27' title="bbox 489 2456 2066 2528">
    <p class='ocr_par' dir='ltr' id='par_1_27' title="bbox 489 2456 2066 2528">
     <span class='ocr_line' id='line_1_27' title="bbox 489 2456 2066 2528; baseline 0.003 -18"><span class='ocrx_word' id='word_1_167' title='bbox 489 2457 644 2512; x_wconf 65' lang='lat' dir='ltr'><strong>luendi</strong></span> <span class='ocrx_word' id='word_1_168' title='bbox 677 2475 782 2512; x_wconf 86' lang='lat' dir='ltr'><strong>non</strong></span> <span class='ocrx_word' id='word_1_169' title='bbox 830 2468 1018 2528; x_wconf 87' lang='lat' dir='ltr'><strong>potest.</strong></span> <span class='ocrx_word' id='word_1_170' title='bbox 1085 2456 1247 2512; x_wconf 85' lang='lat' dir='ltr'><strong>Fides</strong></span> <span class='ocrx_word' id='word_1_171' title='bbox 1293 2459 1539 2513; x_wconf 83' lang='lat' dir='ltr'><strong>universa</strong></span> <span class='ocrx_word' id='word_1_172' title='bbox 1574 2461 1886 2514; x_wconf 84' lang='lat' dir='ltr'><strong>necessaria.</strong></span> <span class='ocrx_word' id='word_1_173' title='bbox 1925 2460 2066 2528; x_wconf 83' lang='lat' dir='ltr'><strong>Quid</strong></span> 
     </span>
    </p>
   </div>
   <div class='ocr_carea' id='block_1_28' title="bbox 489 2547 2066 2618">
    <p class='ocr_par' dir='ltr' id='par_1_28' title="bbox 489 2547 2066 2618">
     <span class='ocr_line' id='line_1_28' title="bbox 489 2547 2066 2618; baseline 0.003 -18"><span class='ocrx_word' id='word_1_174' title='bbox 489 2548 642 2617; x_wconf 82' lang='lat' dir='ltr'><strong>ﬁdes.</strong></span> <span class='ocrx_word' id='word_1_175' title='bbox 681 2577 752 2588; x_wconf 89' lang='lat'><strong>--</strong></span> <span class='ocrx_word' id='word_1_176' title='bbox 788 2547 1013 2604; x_wconf 85' lang='lat' dir='ltr'><strong>Verbum</strong></span> <span class='ocrx_word' id='word_1_177' title='bbox 1081 2549 1254 2603; x_wconf 87' lang='lat' dir='ltr'><strong>crucis</strong></span> <span class='ocrx_word' id='word_1_178' title='bbox 1313 2549 1651 2618; x_wconf 85' lang='lat' dir='ltr'><strong>pereuntibus</strong></span> <span class='ocrx_word' id='word_1_179' title='bbox 1687 2549 1894 2617; x_wconf 86' lang='lat' dir='ltr'><strong>quidem</strong></span> <span class='ocrx_word' id='word_1_180' title='bbox 1931 2550 2066 2604; x_wconf 84' lang='lat' dir='ltr'><strong>stul-</strong></span> 
     </span>
    </p>
   </div>
   <div class='ocr_carea' id='block_1_29' title="bbox 495 2640 2064 2710">
    <p class='ocr_par' dir='ltr' id='par_1_29' title="bbox 495 2640 2064 2710">
     <span class='ocr_line' id='line_1_29' title="bbox 495 2640 2064 2710; baseline 0.003 -18"><span class='ocrx_word' id='word_1_181' title='bbox 495 2641 616 2693; x_wconf 86' lang='lat' dir='ltr'><strong>titia</strong></span> <span class='ocrx_word' id='word_1_182' title='bbox 648 2649 726 2694; x_wconf 85' lang='lat' dir='ltr'><strong>est</strong></span> <span class='ocrx_word' id='word_1_183' title='bbox 758 2658 775 2696; x_wconf 92' lang='lat'><strong><em>:</em></strong></span> <span class='ocrx_word' id='word_1_184' title='bbox 807 2641 875 2694; x_wconf 90' lang='lat' dir='ltr'><strong>iis</strong></span> <span class='ocrx_word' id='word_1_185' title='bbox 901 2649 1073 2694; x_wconf 88' lang='lat' dir='ltr'><strong>autem</strong></span> <span class='ocrx_word' id='word_1_186' title='bbox 1109 2641 1199 2710; x_wconf 89' lang='lat' dir='ltr'><strong>qui</strong></span> <span class='ocrx_word' id='word_1_187' title='bbox 1226 2640 1362 2693; x_wconf 83' lang='lat' dir='ltr'><strong>salvi</strong></span> <span class='ocrx_word' id='word_1_188' title='bbox 1389 2640 1543 2708; x_wconf 78' lang='lat' dir='ltr'><strong>ﬁunt,</strong></span> <span class='ocrx_word' id='word_1_189' title='bbox 1564 2640 1617 2693; x_wconf 88' lang='lat' dir='ltr'><strong>id</strong></span> <span class='ocrx_word' id='word_1_190' title='bbox 1647 2650 1724 2694; x_wconf 88' lang='lat' dir='ltr'><strong>est</strong></span> <span class='ocrx_word' id='word_1_191' title='bbox 1751 2641 1928 2705; x_wconf 85' lang='lat' dir='ltr'><strong>nobis,</strong></span> <span class='ocrx_word' id='word_1_192' title='bbox 1965 2643 2064 2698; x_wconf 88' lang='lat' dir='ltr'><strong>Dei</strong></span> 
     </span>
    </p>
   </div>
   <div class='ocr_carea' id='block_1_30' title="bbox 491 2727 2066 2800">
    <p class='ocr_par' dir='ltr' id='par_1_30' title="bbox 491 2727 2066 2800">
     <span class='ocr_line' id='line_1_30' title="bbox 491 2727 2066 2800; baseline 0.003 -16"><span class='ocrx_word' id='word_1_193' title='bbox 491 2730 660 2784; x_wconf 79' lang='lat' dir='ltr'><strong>uirtus</strong></span> <span class='ocrx_word' id='word_1_194' title='bbox 691 2727 846 2783; x_wconf 77' lang='lat' dir='ltr'><strong>est&quot;.</strong></span> <span class='ocrx_word' id='word_1_195' title='bbox 874 2727 1008 2782; x_wconf 87' lang='lat' dir='ltr'><strong>Nam</strong></span> <span class='ocrx_word' id='word_1_196' title='bbox 1039 2729 1338 2798; x_wconf 87' lang='lat' dir='ltr'><strong>spiritualis</strong></span> <span class='ocrx_word' id='word_1_197' title='bbox 1371 2729 1582 2800; x_wconf 88' lang='lat' dir='ltr'><strong>quidem</strong></span> <span class='ocrx_word' id='word_1_198' title='bbox 1599 2731 1812 2800; x_wconf 89' lang='lat' dir='ltr'><strong>judicat</strong></span> <span class='ocrx_word' id='word_1_199' title='bbox 1841 2734 2019 2787; x_wconf 82' lang='lat' dir='ltr'><strong>omnia</strong></span> <span class='ocrx_word' id='word_1_200' title='bbox 2047 2752 2066 2790; x_wconf 90' lang='lat'><strong><em>:</em></strong></span> 
     </span>
    </p>
   </div>
   <div class='ocr_carea' id='block_1_31' title="bbox 491 2817 2064 2892">
    <p class='ocr_par' dir='ltr' id='par_1_31' title="bbox 491 2817 2064 2892">
     <span class='ocr_line' id='line_1_31' title="bbox 491 2817 2064 2892; baseline 0.004 -19"><span class='ocrx_word' id='word_1_201' title='bbox 491 2819 742 2873; x_wconf 84' lang='lat' dir='ltr'><strong>animalis</strong></span> <span class='ocrx_word' id='word_1_202' title='bbox 770 2827 944 2872; x_wconf 88' lang='lat' dir='ltr'><strong>autem</strong></span> <span class='ocrx_word' id='word_1_203' title='bbox 967 2817 1118 2872; x_wconf 87' lang='lat' dir='ltr'><strong>homo</strong></span> <span class='ocrx_word' id='word_1_204' title='bbox 1138 2835 1238 2871; x_wconf 88' lang='lat' dir='ltr'><strong>non</strong></span> <span class='ocrx_word' id='word_1_205' title='bbox 1263 2821 1483 2889; x_wconf 86' lang='lat' dir='ltr'><strong>percipit</strong></span> <span class='ocrx_word' id='word_1_206' title='bbox 1507 2837 1569 2874; x_wconf 90' lang='lat' dir='ltr'><strong>ea</strong></span> <span class='ocrx_word' id='word_1_207' title='bbox 1591 2838 1706 2892; x_wconf 75' lang='lat' dir='ltr'><strong>qua:</strong></span> <span class='ocrx_word' id='word_1_208' title='bbox 1731 2822 1827 2876; x_wconf 88' lang='lat' dir='ltr'><strong>Dei</strong></span> <span class='ocrx_word' id='word_1_209' title='bbox 1855 2833 1978 2878; x_wconf 87' lang='lat' dir='ltr'><strong>sunt</strong></span> <span class='ocrx_word' id='word_1_210' title='bbox 1997 2827 2064 2879; x_wconf 73' lang='grc' dir='ltr'>θ’.</span> 
     </span>
    </p>
   </div>
   <div class='ocr_carea' id='block_1_32' title="bbox 494 2909 2067 2983">
    <p class='ocr_par' dir='ltr' id='par_1_32' title="bbox 494 2909 2067 2983">
     <span class='ocr_line' id='line_1_32' title="bbox 494 2909 2067 2983; baseline 0.006 -21"><span class='ocrx_word' id='word_1_211' title='bbox 494 2911 740 2965; x_wconf 81' lang='lat' dir='ltr'><strong>Stultitia</strong></span> <span class='ocrx_word' id='word_1_212' title='bbox 768 2910 918 2964; x_wconf 90' lang='lat' dir='ltr'><strong>enim</strong></span> <span class='ocrx_word' id='word_1_213' title='bbox 953 2909 1063 2964; x_wconf 89' lang='lat' dir='ltr'><strong>illis</strong></span> <span class='ocrx_word' id='word_1_214' title='bbox 1094 2917 1202 2972; x_wconf 90' lang='lat' dir='ltr'><strong>est,</strong></span> <span class='ocrx_word' id='word_1_215' title='bbox 1231 2911 1324 2978; x_wconf 90' lang='lat' dir='ltr'><strong>qui</strong></span> <span class='ocrx_word' id='word_1_216' title='bbox 1356 2926 1420 2966; x_wconf 88' lang='lat' dir='ltr'><strong>ea</strong></span> <span class='ocrx_word' id='word_1_217' title='bbox 1468 2913 1802 2983; x_wconf 87' lang='lat' dir='ltr'><strong>suscipiunt,</strong></span> <span class='ocrx_word' id='word_1_218' title='bbox 1833 2932 1935 2972; x_wconf 91' lang='lat' dir='ltr'><strong>nec</strong></span> <span class='ocrx_word' id='word_1_219' title='bbox 1974 2916 2067 2972; x_wconf 89' lang='lat' dir='ltr'><strong>Dei</strong></span> 
     </span>
    </p>
   </div>
   <div class='ocr_carea' id='block_1_33' title="bbox 2151 543 3743 618">
    <p class='ocr_par' dir='ltr' id='par_1_33' title="bbox 2151 543 3743 618">
     <span class='ocr_line' id='line_1_33' title="bbox 2151 543 3743 618; baseline -0.007 -12"><span class='ocrx_word' id='word_1_220' title='bbox 2151 553 2207 607; x_wconf 85' lang='grc' dir='ltr'>δὲ</span> <span class='ocrx_word' id='word_1_221' title='bbox 2237 553 2539 607; x_wconf 81' lang='grc' dir='ltr'><strong>τελειοῦται</strong></span> <span class='ocrx_word' id='word_1_222' title='bbox 2573 552 2709 604; x_wconf 82' lang='grc' dir='ltr'>πᾶσι</span> <span class='ocrx_word' id='word_1_223' title='bbox 2733 552 2847 612; x_wconf 84' lang='grc' dir='ltr'>τοῖς</span> <span class='ocrx_word' id='word_1_224' title='bbox 2877 545 3315 618; x_wconf 71' lang='grc' dir='ltr'>νομοθετηθεῖσι-ι</span> <span class='ocrx_word' id='word_1_225' title='bbox 3333 543 3439 597; x_wconf 77' lang='grc' dir='ltr'>ὑπὸ</span> <span class='ocrx_word' id='word_1_226' title='bbox 3462 543 3556 598; x_wconf 85' lang='grc' dir='ltr'><strong>τοῦ</strong></span> <span class='ocrx_word' id='word_1_227' title='bbox 3587 545 3743 615; x_wconf 79' lang='grc' dir='ltr'>Χρι-</span> 
     </span>
    </p>
   </div>
   <div class='ocr_carea' id='block_1_34' title="bbox 2155 634 3742 714">
    <p class='ocr_par' dir='ltr' id='par_1_34' title="bbox 2155 634 3742 714">
     <span class='ocr_line' id='line_1_34' title="bbox 2155 634 3742 714; baseline -0.008 -16"><span class='ocrx_word' id='word_1_228' title='bbox 2155 644 2305 708; x_wconf 90' lang='grc' dir='ltr'>στοῦ,</span> <span class='ocrx_word' id='word_1_229' title='bbox 2333 644 2480 714; x_wconf 72' lang='grc' dir='ltr'>ἔργῳ</span> <span class='ocrx_word' id='word_1_230' title='bbox 2513 642 2868 704; x_wconf 82' lang='grc' dir='ltr'><strong>πιστεύουσα,</strong></span> <span class='ocrx_word' id='word_1_231' title='bbox 2913 637 3236 698; x_wconf 74' lang='grc' dir='ltr'>εὐσεϐοῦσα,</span> <span class='ocrx_word' id='word_1_232' title='bbox 3261 636 3356 689; x_wconf 74' lang='lat' dir='ltr'><strong>xui.</strong></span> <span class='ocrx_word' id='word_1_233' title='bbox 3381 637 3476 697; x_wconf 75' lang='grc' dir='ltr'>τὰς</span> <span class='ocrx_word' id='word_1_234' title='bbox 3501 634 3742 695; x_wconf 71' lang='grc' dir='ltr'>ἐντολὰς</span> 
     </span>
    </p>
   </div>
   <div class='ocr_carea' id='block_1_35' title="bbox 2155 727 3743 807">
    <p class='ocr_par' dir='ltr' id='par_1_35' title="bbox 2155 727 3743 807">
     <span class='ocr_line' id='line_1_35' title="bbox 2155 727 3743 807; baseline -0.009 -17"><span class='ocrx_word' id='word_1_235' title='bbox 2155 737 2467 807; x_wconf 79' lang='grc' dir='ltr'><strong>πράττουσα</strong></span> <span class='ocrx_word' id='word_1_236' title='bbox 2507 734 2616 788; x_wconf 69' lang='grc' dir='ltr'>ιτοῦ</span> <span class='ocrx_word' id='word_1_237' title='bbox 2683 729 3162 792; x_wconf 56' lang='grc' dir='ltr'>ἀνακαινίσαντος,</span> <span class='ocrx_word' id='word_1_238' title='bbox 3193 729 3363 798; x_wconf 80' lang='grc' dir='ltr'>ἡμᾶς.</span> <span class='ocrx_word' id='word_1_239' title='bbox 3401 727 3458 778; x_wconf 91' lang='lat'><strong>&#39;0</strong></span> <span class='ocrx_word' id='word_1_240' title='bbox 3487 727 3599 797; x_wconf 85' lang='grc' dir='ltr'>γὰρ</span> <span class='ocrx_word' id='word_1_241' title='bbox 3660 727 3743 794; x_wconf 78' lang='grc' dir='ltr'><strong>μὴ</strong></span> 
     </span>
    </p>
   </div>
   <div class='ocr_carea' id='block_1_36' title="bbox 2157 817 3742 898">
    <p class='ocr_par' dir='ltr' id='par_1_36' title="bbox 2157 817 3742 898">
     <span class='ocr_line' id='line_1_36' title="bbox 2157 817 3742 898; baseline -0.008 -18"><span class='ocrx_word' id='word_1_242' title='bbox 2157 825 2299 880; x_wconf 82' lang='grc' dir='ltr'>κατὰ</span> <span class='ocrx_word' id='word_1_243' title='bbox 2330 826 2428 898; x_wconf 81' lang='grc' dir='ltr'>τὴν</span> <span class='ocrx_word' id='word_1_244' title='bbox 2461 825 2758 896; x_wconf 80' lang='grc' dir='ltr'>παράδοσιν</span> <span class='ocrx_word' id='word_1_245' title='bbox 2796 824 2895 892; x_wconf 76' lang='grc' dir='ltr'>τῆς</span> <span class='ocrx_word' id='word_1_246' title='bbox 2939 820 3233 887; x_wconf 82' lang='grc' dir='ltr'>καθολικῆς</span> <span class='ocrx_word' id='word_1_247' title='bbox 3275 817 3599 886; x_wconf 83' lang='grc' dir='ltr'>Ἑκκλησίας</span> <span class='ocrx_word' id='word_1_248' title='bbox 3650 833 3742 868; x_wconf 86' lang='grc' dir='ltr'>πι-</span> 
     </span>
    </p>
   </div>
   <div class='ocr_carea' id='block_1_37' title="bbox 2161 907 3742 989">
    <p class='ocr_par' dir='ltr' id='par_1_37' title="bbox 2161 907 3742 989">
     <span class='ocr_line' id='line_1_37' title="bbox 2161 907 3742 989; baseline -0.006 -18"><span class='ocrx_word' id='word_1_249' title='bbox 2161 919 2388 985; x_wconf 84' lang='grc' dir='ltr'>στεύων,</span> <span class='ocrx_word' id='word_1_250' title='bbox 2420 918 2452 989; x_wconf 81' lang='grc' dir='ltr'>ἢ</span> <span class='ocrx_word' id='word_1_251' title='bbox 2488 918 2761 971; x_wconf 84' lang='grc' dir='ltr'>κοινωνῶν</span> <span class='ocrx_word' id='word_1_252' title='bbox 2809 915 2898 969; x_wconf 82' lang='grc' dir='ltr'>διὰ</span> <span class='ocrx_word' id='word_1_253' title='bbox 2963 915 3072 968; x_wconf 85' lang='grc' dir='ltr'>τῶν</span> <span class='ocrx_word' id='word_1_254' title='bbox 3125 912 3344 967; x_wconf 80' lang='grc' dir='ltr'><strong>ἀτόπων</strong></span> <span class='ocrx_word' id='word_1_255' title='bbox 3418 909 3594 980; x_wconf 77' lang='grc' dir='ltr'>ἔργων</span> <span class='ocrx_word' id='word_1_256' title='bbox 3657 907 3742 977; x_wconf 82' lang='grc' dir='ltr'>τῷ</span> 
     </span>
    </p>
   </div>
   <div class='ocr_carea' id='block_1_38' title="bbox 2158 1007 2865 1078">
    <p class='ocr_par' dir='ltr' id='par_1_38' title="bbox 2158 1007 2865 1078">
     <span class='ocr_line' id='line_1_38' title="bbox 2158 1007 2865 1078; baseline -0.006 -14"><span class='ocrx_word' id='word_1_257' title='bbox 2158 1011 2410 1078; x_wconf 76' lang='grc' dir='ltr'>διαϐόλῳ,</span> <span class='ocrx_word' id='word_1_258' title='bbox 2443 1008 2672 1072; x_wconf 79' lang='grc' dir='ltr'>ἄπιστός</span> <span class='ocrx_word' id='word_1_259' title='bbox 2693 1007 2865 1062; x_wconf 77' lang='grc' dir='ltr'>ἐστιν.</span> 
     </span>
    </p>
   </div>
   <div class='ocr_carea' id='block_1_39' title="bbox 2234 1173 3736 1246">
    <p class='ocr_par' dir='ltr' id='par_1_39' title="bbox 2234 1173 3736 1246">
     <span class='ocr_line' id='line_1_39' title="bbox 2234 1173 3736 1246; baseline -0.009 -8"><span class='ocrx_word' id='word_1_260' title='bbox 2234 1186 2410 1238; x_wconf 86' lang='grc' dir='ltr'>Ἔστι</span> <span class='ocrx_word' id='word_1_261' title='bbox 2436 1181 2492 1236; x_wconf 79' lang='grc' dir='ltr'>δὲ</span> <span class='ocrx_word' id='word_1_262' title='bbox 2517 1179 2680 1235; x_wconf 80' lang='grc' dir='ltr'>πάλιν</span> <span class='ocrx_word' id='word_1_263' title='bbox 2724 1179 2929 1244; x_wconf 82' lang='grc' dir='ltr'><strong>πίστις</strong></span> <span class='ocrx_word' id='word_1_264' title='bbox 2949 1173 3350 1246; x_wconf 76' lang='grc' dir='ltr'><strong>ἐλπιζομένων</strong></span> <span class='ocrx_word' id='word_1_265' title='bbox 3367 1174 3736 1238; x_wconf 79' lang='grc' dir='ltr'>ὑπόστασις,</span> 
     </span>
    </p>
   </div>
   <div class='ocr_carea' id='block_1_40' title="bbox 2162 1264 3739 1346">
    <p class='ocr_par' dir='ltr' id='par_1_40' title="bbox 2162 1264 3739 1346">
     <span class='ocr_line' id='line_1_40' title="bbox 2162 1264 3739 1346; baseline -0.01 -16"><span class='ocrx_word' id='word_1_266' title='bbox 2162 1273 2517 1346; x_wconf 83' lang='grc' dir='ltr'><strong>πραγμάτων</strong></span> <span class='ocrx_word' id='word_1_267' title='bbox 2541 1272 2794 1340; x_wconf 70' lang='grc' dir='ltr'>ἐλεγχος</span> <span class='ocrx_word' id='word_1_268' title='bbox 2819 1270 2892 1323; x_wconf 87' lang='grc' dir='ltr'><strong>οὐ</strong></span> <span class='ocrx_word' id='word_1_269' title='bbox 2924 1265 3340 1336; x_wconf 76' lang='grc' dir='ltr'><strong>βλεπομένων,</strong></span> <span class='ocrx_word' id='word_1_270' title='bbox 3363 1264 3739 1335; x_wconf 79' lang='grc' dir='ltr'>ῆὰδίστακτος</span> 
     </span>
    </p>
   </div>
   <div class='ocr_carea' id='block_1_41' title="bbox 2163 1355 3734 1433">
    <p class='ocr_par' dir='ltr' id='par_1_41' title="bbox 2163 1355 3734 1433">
     <span class='ocr_line' id='line_1_41' title="bbox 2163 1355 3734 1433; baseline -0.008 -15"><span class='ocrx_word' id='word_1_271' title='bbox 2163 1366 2258 1418; x_wconf 72' lang='grc' dir='ltr'><strong>καὶ</strong></span> <span class='ocrx_word' id='word_1_272' title='bbox 2289 1363 2600 1433; x_wconf 79' lang='grc' dir='ltr'>ἀδιάκριτος</span> <span class='ocrx_word' id='word_1_273' title='bbox 2630 1359 2787 1423; x_wconf 77' lang='grc' dir='ltr'>ἐλπὶς</span> <span class='ocrx_word' id='word_1_274' title='bbox 2827 1358 2937 1412; x_wconf 85' lang='grc' dir='ltr'>τῶν</span> <span class='ocrx_word' id='word_1_275' title='bbox 2979 1375 3041 1410; x_wconf 89' lang='grc' dir='ltr'><strong>τε</strong></span> <span class='ocrx_word' id='word_1_276' title='bbox 3094 1356 3199 1410; x_wconf 81' lang='grc' dir='ltr'><strong>ὑπὸ</strong></span> <span class='ocrx_word' id='word_1_277' title='bbox 3229 1355 3365 1410; x_wconf 88' lang='grc' dir='ltr'>Θεοῦ</span> <span class='ocrx_word' id='word_1_278' title='bbox 3395 1357 3526 1426; x_wconf 74' lang='grc' dir='ltr'>ἡμῖν</span> <span class='ocrx_word' id='word_1_279' title='bbox 3556 1357 3734 1425; x_wconf 81' lang='grc' dir='ltr'>ἐπηγ-</span> 
     </span>
    </p>
   </div>
   <div class='ocr_carea' id='block_1_42' title="bbox 2163 1447 3732 1526">
    <p class='ocr_par' dir='ltr' id='par_1_42' title="bbox 2163 1447 3732 1526">
     <span class='ocr_line' id='line_1_42' title="bbox 2163 1447 3732 1526; baseline -0.007 -18"><span class='ocrx_word' id='word_1_280' title='bbox 2163 1455 2466 1526; x_wconf 80' lang='grc' dir='ltr'>γελμένων,</span> <span class='ocrx_word' id='word_1_281' title='bbox 2505 1452 2601 1506; x_wconf 77' lang='grc' dir='ltr'><strong>καὶ</strong></span> <span class='ocrx_word' id='word_1_282' title='bbox 2631 1452 2732 1522; x_wconf 81' lang='grc' dir='ltr'>τῆς</span> <span class='ocrx_word' id='word_1_283' title='bbox 2761 1449 2872 1503; x_wconf 84' lang='grc' dir='ltr'>τῶν</span> <span class='ocrx_word' id='word_1_284' title='bbox 2921 1449 3194 1519; x_wconf 78' lang='grc' dir='ltr'>αἰτήσεων</span> <span class='ocrx_word' id='word_1_285' title='bbox 3235 1447 3394 1518; x_wconf 80' lang='grc' dir='ltr'>ἡμῶν</span> <span class='ocrx_word' id='word_1_286' title='bbox 3423 1447 3732 1515; x_wconf 79' lang='grc' dir='ltr'>ὲπιτυχίας.</span> 
     </span>
    </p>
   </div>
   <div class='ocr_carea' id='block_1_43' title="bbox 2175 1536 3738 1617">
    <p class='ocr_par' dir='ltr' id='par_1_43' title="bbox 2175 1536 3738 1617">
     <span class='ocr_line' id='line_1_43' title="bbox 2175 1536 3738 1617; baseline -0.008 -16"><span class='ocrx_word' id='word_1_287' title='bbox 2175 1548 2239 1600; x_wconf 82' lang='grc' dir='ltr'><strong>Ἦ</strong></span> <span class='ocrx_word' id='word_1_288' title='bbox 2267 1547 2364 1617; x_wconf 84' lang='grc' dir='ltr'>μὲν</span> <span class='ocrx_word' id='word_1_289' title='bbox 2387 1538 2480 1598; x_wconf 83' lang='grc' dir='ltr'><strong>οὖν</strong></span> <span class='ocrx_word' id='word_1_290' title='bbox 2509 1541 2728 1613; x_wconf 78' lang='grc' dir='ltr'>πρώτη,</span> <span class='ocrx_word' id='word_1_291' title='bbox 2757 1543 2858 1612; x_wconf 83' lang='grc' dir='ltr'>τῆς</span> <span class='ocrx_word' id='word_1_292' title='bbox 2895 1538 3168 1612; x_wconf 81' lang='grc' dir='ltr'>ἡμετέρας</span> <span class='ocrx_word' id='word_1_293' title='bbox 3197 1536 3425 1609; x_wconf 80' lang='grc' dir='ltr'><strong>γνώμης</strong></span> <span class='ocrx_word' id='word_1_294' title='bbox 3459 1538 3652 1606; x_wconf 75' lang='grc' dir='ltr'>ὲστὶ,ἡ</span> <span class='ocrx_word' id='word_1_295' title='bbox 3681 1537 3738 1589; x_wconf 76' lang='grc' dir='ltr'>δὲ</span> 
     </span>
    </p>
   </div>
   <div class='ocr_carea' id='block_1_44' title="bbox 2165 1629 3440 1710">
    <p class='ocr_par' dir='ltr' id='par_1_44' title="bbox 2165 1629 3440 1710">
     <span class='ocr_line' id='line_1_44' title="bbox 2165 1629 3440 1710; baseline -0.006 -20"><span class='ocrx_word' id='word_1_296' title='bbox 2165 1636 2416 1710; x_wconf 82' lang='grc' dir='ltr'>δευτέρα,</span> <span class='ocrx_word' id='word_1_297' title='bbox 2445 1633 2556 1690; x_wconf 84' lang='grc' dir='ltr'>τῶν</span> <span class='ocrx_word' id='word_1_298' title='bbox 2595 1632 2952 1706; x_wconf 84' lang='grc' dir='ltr'>χαρισμάτων</span> <span class='ocrx_word' id='word_1_299' title='bbox 2974 1631 3069 1685; x_wconf 87' lang='grc' dir='ltr'><strong>τοῦ</strong></span> <span class='ocrx_word' id='word_1_300' title='bbox 3099 1629 3440 1702; x_wconf 86' lang='grc' dir='ltr'>Πνεύματος.</span> 
     </span>
    </p>
   </div>
   <div class='ocr_carea' id='block_1_45' title="bbox 2243 1807 3738 1881">
    <p class='ocr_par' dir='ltr' id='par_1_45' title="bbox 2243 1807 3738 1881">
     <span class='ocr_line' id='line_1_45' title="bbox 2243 1807 3738 1881; baseline -0.005 -14"><span class='ocrx_word' id='word_1_301' title='bbox 2243 1812 2442 1866; x_wconf 83' lang='grc' dir='ltr'>Ἰστέον</span> <span class='ocrx_word' id='word_1_302' title='bbox 2466 1811 2523 1866; x_wconf 79' lang='grc' dir='ltr'>δὲ</span> <span class='ocrx_word' id='word_1_303' title='bbox 2555 1812 2638 1866; x_wconf 86' lang='grc' dir='ltr'>ὅτι</span> <span class='ocrx_word' id='word_1_304' title='bbox 2665 1809 2753 1864; x_wconf 86' lang='grc' dir='ltr'>διὰ</span> <span class='ocrx_word' id='word_1_305' title='bbox 2771 1809 2864 1864; x_wconf 88' lang='grc' dir='ltr'><strong>τοῦ</strong></span> <span class='ocrx_word' id='word_1_306' title='bbox 2891 1809 3269 1881; x_wconf 84' lang='grc' dir='ltr'>βαπτίσματος</span> <span class='ocrx_word' id='word_1_307' title='bbox 3293 1807 3738 1880; x_wconf 84' lang='grc' dir='ltr'>περιτεμνόμεθα</span> 
     </span>
    </p>
   </div>
   <div class='ocr_carea' id='block_1_46' title="bbox 2165 1905 3738 1976">
    <p class='ocr_par' dir='ltr' id='par_1_46' title="bbox 2165 1905 3738 1976">
     <span class='ocr_line' id='line_1_46' title="bbox 2165 1905 3738 1976; baseline -0.006 -12"><span class='ocrx_word' id='word_1_308' title='bbox 2165 1909 2310 1964; x_wconf 72' lang='grc' dir='ltr'>ἅπαν</span> <span class='ocrx_word' id='word_1_309' title='bbox 2331 1907 2392 1961; x_wconf 81' lang='grc' dir='ltr'><strong>τὸ</strong></span> <span class='ocrx_word' id='word_1_310' title='bbox 2425 1906 2533 1961; x_wconf 70' lang='grc' dir='ltr'><strong>ἀπὸ</strong></span> <span class='ocrx_word' id='word_1_311' title='bbox 2558 1907 2824 1975; x_wconf 81' lang='grc' dir='ltr'>γενέσεως</span> <span class='ocrx_word' id='word_1_312' title='bbox 2853 1905 3138 1976; x_wconf 83' lang='grc' dir='ltr'>κάλυμμα,</span> <span class='ocrx_word' id='word_1_313' title='bbox 3155 1905 3276 1976; x_wconf 83' lang='grc' dir='ltr'>ήτοι</span> <span class='ocrx_word' id='word_1_314' title='bbox 3303 1905 3402 1976; x_wconf 84' lang='grc' dir='ltr'><strong>τήν</strong></span> <span class='ocrx_word' id='word_1_315' title='bbox 3439 1905 3738 1974; x_wconf 76' lang='grc' dir='ltr'>ἁμαρτίαν,</span> 
     </span>
    </p>
   </div>
   <div class='ocr_carea' id='block_1_47' title="bbox 2166 1996 3742 2070">
    <p class='ocr_par' dir='ltr' id='par_1_47' title="bbox 2166 1996 3742 2070">
     <span class='ocr_line' id='line_1_47' title="bbox 2166 1996 3742 2070; baseline -0.005 -17"><span class='ocrx_word' id='word_1_316' title='bbox 2166 1999 2261 2053; x_wconf 79' lang='grc' dir='ltr'><strong>καὶ</strong></span> <span class='ocrx_word' id='word_1_317' title='bbox 2302 1998 2636 2070; x_wconf 81' lang='grc' dir='ltr'>Ἰσραηλῖται</span> <span class='ocrx_word' id='word_1_318' title='bbox 2661 1997 3047 2069; x_wconf 77' lang='grc' dir='ltr'>πνευματικοὶ,</span> <span class='ocrx_word' id='word_1_319' title='bbox 3085 1998 3180 2051; x_wconf 77' lang='grc' dir='ltr'><strong>καὶ</strong></span> <span class='ocrx_word' id='word_1_320' title='bbox 3212 1997 3349 2052; x_wconf 88' lang='grc' dir='ltr'>Θεοῦ</span> <span class='ocrx_word' id='word_1_321' title='bbox 3371 1996 3497 2061; x_wconf 85' lang='grc' dir='ltr'>λαὸς</span> <span class='ocrx_word' id='word_1_322' title='bbox 3521 2014 3742 2067; x_wconf 78' lang='grc' dir='ltr'>χρημα-</span> 
     </span>
    </p>
   </div>
   <div class='ocr_carea' id='block_1_48' title="bbox 2161 2090 2407 2162">
    <p class='ocr_par' dir='ltr' id='par_1_48' title="bbox 2161 2090 2407 2162">
     <span class='ocr_line' id='line_1_48' title="bbox 2161 2090 2407 2162; baseline 0.004 -17"><span class='ocrx_word' id='word_1_323' title='bbox 2161 2090 2407 2162; x_wconf 79' lang='grc' dir='ltr'>τίςομεν.</span> 
     </span>
    </p>
   </div>
   <div class='ocr_carea' id='block_1_49' title="bbox 2661 2179 3244 2254">
    <p class='ocr_par' dir='ltr' id='par_1_49' title="bbox 2661 2179 3244 2254">
     <span class='ocr_line' id='line_1_49' title="bbox 2661 2179 3244 2254; baseline -0.002 -17"><span class='ocrx_word' id='word_1_324' title='bbox 2661 2181 2913 2237; x_wconf 82' lang='grc' dir='ltr'><strong>ΚΕΦΑΛ.</strong></span> <span class='ocrx_word' id='word_1_325' title='bbox 2950 2183 3038 2235; x_wconf 81' lang='lat' dir='ltr'><strong>IA&#39;</strong></span> <span class='ocrx_word' id='word_1_326' title='bbox 3071 2179 3244 2254; x_wconf 60' lang='grc' dir='ltr'><strong>[ΠΜ.</strong></span> 
     </span>
    </p>
   </div>
   <div class='ocr_carea' id='block_1_50' title="bbox 2274 2268 3630 2344">
    <p class='ocr_par' dir='ltr' id='par_1_50' title="bbox 2274 2268 3630 2344">
     <span class='ocr_line' id='line_1_50' title="bbox 2274 2268 3630 2344; baseline -0.003 -15"><span class='ocrx_word' id='word_1_327' title='bbox 2274 2275 2412 2344; x_wconf 79' lang='grc' dir='ltr'>Περὶ</span> <span class='ocrx_word' id='word_1_328' title='bbox 2433 2274 2722 2344; x_wconf 81' lang='grc' dir='ltr'>σταυροῦ,</span> <span class='ocrx_word' id='word_1_329' title='bbox 2761 2275 2832 2328; x_wconf 86' lang='grc' dir='ltr'><strong>ἐν</strong></span> <span class='ocrx_word' id='word_1_330' title='bbox 2867 2268 2915 2342; x_wconf 82' lang='grc' dir='ltr'>ᾧ</span> <span class='ocrx_word' id='word_1_331' title='bbox 2945 2274 3031 2328; x_wconf 69' lang='grc' dir='ltr'>ἔτι</span> <span class='ocrx_word' id='word_1_332' title='bbox 3054 2274 3154 2328; x_wconf 80' lang='grc' dir='ltr'>καὶ</span> <span class='ocrx_word' id='word_1_333' title='bbox 3190 2273 3322 2342; x_wconf 78' lang='grc' dir='ltr'>περὶ</span> <span class='ocrx_word' id='word_1_334' title='bbox 3350 2272 3630 2338; x_wconf 79' lang='grc' dir='ltr'>πίστεως.</span> 
     </span>
    </p>
   </div>
   <div class='ocr_carea' id='block_1_51' title="bbox 2247 2362 3748 2436">
    <p class='ocr_par' dir='ltr' id='par_1_51' title="bbox 2247 2362 3748 2436">
     <span class='ocr_line' id='line_1_51' title="bbox 2247 2362 3748 2436; baseline -0.005 -15"><span class='ocrx_word' id='word_1_335' title='bbox 2247 2365 2312 2420; x_wconf 83' lang='lat'><strong>&#39;0</strong></span> <span class='ocrx_word' id='word_1_336' title='bbox 2337 2368 2521 2436; x_wconf 74' lang='grc' dir='ltr'>λόγος</span> <span class='ocrx_word' id='word_1_337' title='bbox 2548 2369 2580 2420; x_wconf 85' lang='grc' dir='ltr'><em>ό</em></span> <span class='ocrx_word' id='word_1_338' title='bbox 2600 2364 2706 2419; x_wconf 85' lang='grc' dir='ltr'><strong>τοῦ</strong></span> <span class='ocrx_word' id='word_1_339' title='bbox 2733 2365 3021 2434; x_wconf 82' lang='grc' dir='ltr'>σταυροῦ,</span> <span class='ocrx_word' id='word_1_340' title='bbox 3061 2363 3186 2430; x_wconf 82' lang='grc' dir='ltr'>τοῖς</span> <span class='ocrx_word' id='word_1_341' title='bbox 3219 2363 3334 2433; x_wconf 70' lang='grc' dir='ltr'><strong>μὲν</strong></span> <span class='ocrx_word' id='word_1_342' title='bbox 3379 2363 3582 2418; x_wconf 66' lang='grc' dir='ltr'><em>ἀπολλ</em></span> <span class='ocrx_word' id='word_1_343' title='bbox 3593 2362 3748 2430; x_wconf 65' lang='lat' dir='ltr'><strong>vpe—</strong></span> 
     </span>
    </p>
   </div>
   <div class='ocr_carea' id='block_1_52' title="bbox 2165 2455 3748 2527">
    <p class='ocr_par' dir='ltr' id='par_1_52' title="bbox 2165 2455 3748 2527">
     <span class='ocr_line' id='line_1_52' title="bbox 2165 2455 3748 2527; baseline -0.003 -15"><span class='ocrx_word' id='word_1_344' title='bbox 2165 2474 2295 2524; x_wconf 83' lang='grc' dir='ltr'>νοις</span> <span class='ocrx_word' id='word_1_345' title='bbox 2321 2457 2510 2527; x_wconf 81' lang='grc' dir='ltr'>μωρία</span> <span class='ocrx_word' id='word_1_346' title='bbox 2537 2455 2688 2522; x_wconf 72' lang='grc' dir='ltr'>ἐστι,</span> <span class='ocrx_word' id='word_1_347' title='bbox 2713 2455 2838 2522; x_wconf 81' lang='grc' dir='ltr'>τοῖς</span> <span class='ocrx_word' id='word_1_348' title='bbox 2863 2455 2932 2509; x_wconf 84' lang='grc' dir='ltr'>δὲ</span> <span class='ocrx_word' id='word_1_349' title='bbox 2963 2455 3323 2525; x_wconf 81' lang='grc' dir='ltr'>σωζομένοις</span> <span class='ocrx_word' id='word_1_350' title='bbox 3357 2455 3520 2525; x_wconf 74' lang='grc' dir='ltr'>ἡμῖν,</span> <span class='ocrx_word' id='word_1_351' title='bbox 3556 2455 3748 2509; x_wconf 80' lang='grc' dir='ltr'>δύνα-</span> 
     </span>
    </p>
   </div>
   <div class='ocr_carea' id='block_1_53' title="bbox 2162 2546 3749 2621">
    <p class='ocr_par' dir='ltr' id='par_1_53' title="bbox 2162 2546 3749 2621">
     <span class='ocr_line' id='line_1_53' title="bbox 2162 2546 3749 2621; baseline -0.002 -18"><span class='ocrx_word' id='word_1_352' title='bbox 2162 2568 2264 2621; x_wconf 86' lang='grc' dir='ltr'><strong>μις</strong></span> <span class='ocrx_word' id='word_1_353' title='bbox 2291 2549 2438 2604; x_wconf 85' lang='grc' dir='ltr'><strong>Θεοῦ</strong></span> <span class='ocrx_word' id='word_1_354' title='bbox 2487 2550 2676 2603; x_wconf 83' lang='grc' dir='ltr'>ἐστιν.</span> <span class='ocrx_word' id='word_1_355' title='bbox 2719 2548 2782 2602; x_wconf 90' lang='lat'><strong>&#39;0</strong></span> <span class='ocrx_word' id='word_1_356' title='bbox 2819 2547 2934 2618; x_wconf 83' lang='grc' dir='ltr'><strong>μὲν</strong></span> <span class='ocrx_word' id='word_1_357' title='bbox 2962 2547 3070 2619; x_wconf 83' lang='grc' dir='ltr'>γὰρ</span> <span class='ocrx_word' id='word_1_358' title='bbox 3119 2547 3516 2617; x_wconf 80' lang='grc' dir='ltr'>πνευματικὸς</span> <span class='ocrx_word' id='word_1_359' title='bbox 3542 2546 3749 2600; x_wconf 79' lang='grc' dir='ltr'>πάντα</span> 
     </span>
    </p>
   </div>
   <div class='ocr_carea' id='block_1_54' title="bbox 2166 2635 3749 2710">
    <p class='ocr_par' dir='ltr' id='par_1_54' title="bbox 2166 2635 3749 2710">
     <span class='ocr_line' id='line_1_54' title="bbox 2166 2635 3749 2710; baseline -0.003 -15"><span class='ocrx_word' id='word_1_360' title='bbox 2166 2641 2497 2710; x_wconf 80' lang='grc' dir='ltr'>ἀνακρίνει,</span> <span class='ocrx_word' id='word_1_361' title='bbox 2527 2639 2791 2710; x_wconf 67' lang='grc' dir='ltr'>ψυχικὸς</span> <span class='ocrx_word' id='word_1_362' title='bbox 2828 2638 2898 2691; x_wconf 83' lang='grc' dir='ltr'>δὲ</span> <span class='ocrx_word' id='word_1_363' title='bbox 2952 2637 3264 2708; x_wconf 79' lang='grc' dir='ltr'>ἅνθρωπος</span> <span class='ocrx_word' id='word_1_364' title='bbox 3296 2639 3368 2692; x_wconf 85' lang='grc' dir='ltr'><strong>οὐ</strong></span> <span class='ocrx_word' id='word_1_365' title='bbox 3404 2636 3644 2706; x_wconf 81' lang='grc' dir='ltr'>δέχεται</span> <span class='ocrx_word' id='word_1_366' title='bbox 3669 2635 3749 2690; x_wconf 82' lang='grc' dir='ltr'>τὰ</span> 
     </span>
    </p>
   </div>
   <div class='ocr_carea' id='block_1_55' title="bbox 2165 2728 3748 2804">
    <p class='ocr_par' dir='ltr' id='par_1_55' title="bbox 2165 2728 3748 2804">
     <span class='ocr_line' id='line_1_55' title="bbox 2165 2728 3748 2804; baseline -0.003 -17"><span class='ocrx_word' id='word_1_367' title='bbox 2165 2734 2274 2789; x_wconf 84' lang='grc' dir='ltr'><strong>τοῦ</strong></span> <span class='ocrx_word' id='word_1_368' title='bbox 2333 2734 2698 2804; x_wconf 83' lang='grc' dir='ltr'>Πνεύματος.</span> <span class='ocrx_word' id='word_1_369' title='bbox 2769 2731 2966 2802; x_wconf 89' lang='grc' dir='ltr'>Μωρία</span> <span class='ocrx_word' id='word_1_370' title='bbox 3021 2731 3128 2803; x_wconf 85' lang='grc' dir='ltr'><strong>γάρ</strong></span> <span class='ocrx_word' id='word_1_371' title='bbox 3157 2733 3273 2784; x_wconf 77' lang='grc' dir='ltr'>ἐστι</span> <span class='ocrx_word' id='word_1_372' title='bbox 3307 2733 3418 2793; x_wconf 86' lang='grc' dir='ltr'>τοῖς</span> <span class='ocrx_word' id='word_1_373' title='bbox 3452 2728 3526 2798; x_wconf 82' lang='grc' dir='ltr'><strong>μὴ</strong></span> <span class='ocrx_word' id='word_1_374' title='bbox 3557 2728 3748 2782; x_wconf 79' lang='grc' dir='ltr'>πίστει</span> 
     </span>
    </p>
   </div>
   <div class='ocr_carea' id='block_1_56' title="bbox 2167 2810 3747 2899">
    <p class='ocr_par' dir='ltr' id='par_1_56' title="bbox 2167 2810 3747 2899">
     <span class='ocr_line' id='line_1_56' title="bbox 2167 2810 3747 2899; baseline -0.003 -18"><span class='ocrx_word' id='word_1_375' title='bbox 2167 2827 2504 2899; x_wconf 78' lang='grc' dir='ltr'>δεχομένοις,</span> <span class='ocrx_word' id='word_1_376' title='bbox 2553 2828 2648 2881; x_wconf 76' lang='grc' dir='ltr'>καὶ</span> <span class='ocrx_word' id='word_1_377' title='bbox 2699 2825 2762 2880; x_wconf 82' lang='grc' dir='ltr'>τὺ</span> <span class='ocrx_word' id='word_1_378' title='bbox 2817 2810 3020 2894; x_wconf 82' lang='grc' dir='ltr'>ἀγαθὸν</span> <span class='ocrx_word' id='word_1_379' title='bbox 3052 2825 3146 2879; x_wconf 75' lang='grc' dir='ltr'>καὶ</span> <span class='ocrx_word' id='word_1_380' title='bbox 3189 2825 3598 2894; x_wconf 88' lang='grc' dir='ltr'>παντοδύναμον</span> <span class='ocrx_word' id='word_1_381' title='bbox 3644 2824 3747 2878; x_wconf 85' lang='grc' dir='ltr'><strong>τοῦ</strong></span> 
     </span>
    </p>
   </div>
   <div class='ocr_carea' id='block_1_57' title="bbox 2169 2917 3748 2988">
    <p class='ocr_par' dir='ltr' id='par_1_57' title="bbox 2169 2917 3748 2988">
     <span class='ocr_line' id='line_1_57' title="bbox 2169 2917 3748 2988; baseline -0.003 -16"><span class='ocrx_word' id='word_1_382' title='bbox 2169 2919 2305 2972; x_wconf 82' lang='grc' dir='ltr'>Θεοῦ</span> <span class='ocrx_word' id='word_1_383' title='bbox 2347 2918 2739 2988; x_wconf 80' lang='grc' dir='ltr'>λογιζομένοις,</span> <span class='ocrx_word' id='word_1_384' title='bbox 2806 2917 2920 2972; x_wconf 82' lang='grc' dir='ltr'>ἀλλ’</span> <span class='ocrx_word' id='word_1_385' title='bbox 2956 2917 3318 2988; x_wconf 80' lang='grc' dir='ltr'>ἀνθρωπίνοις</span> <span class='ocrx_word' id='word_1_386' title='bbox 3363 2917 3458 2969; x_wconf 71' lang='lat' dir='ltr'><strong>xui.</strong></span> <span class='ocrx_word' id='word_1_387' title='bbox 3487 2917 3748 2982; x_wconf 81' lang='grc' dir='ltr'>φυσικοῖς</span> 
     </span>
    </p>
   </div>
   <div class='ocr_carea' id='block_1_58' title="bbox 493 3000 2063 3081">
    <p class='ocr_par' dir='ltr' id='par_1_58' title="bbox 493 3000 2063 3070">
     <span class='ocr_line' id='line_1_58' title="bbox 493 3000 2063 3070; baseline 0.004 -15"><span class='ocrx_word' id='word_1_388' title='bbox 493 3001 789 3056; x_wconf 85' lang='lat' dir='ltr'><strong>bonitatem</strong></span> <span class='ocrx_word' id='word_1_389' title='bbox 811 3007 865 3054; x_wconf 88' lang='lat' dir='ltr'><strong>et</strong></span> <span class='ocrx_word' id='word_1_390' title='bbox 879 3000 1326 3070; x_wconf 89' lang='lat' dir='ltr'><strong>omnipotentiam</strong></span> <span class='ocrx_word' id='word_1_391' title='bbox 1349 3001 1727 3070; x_wconf 86' lang='lat' dir='ltr'><strong>considerant;</strong></span> <span class='ocrx_word' id='word_1_392' title='bbox 1751 3020 1939 3060; x_wconf 87' lang='lat' dir='ltr'><strong>verum</strong></span> <span class='ocrx_word' id='word_1_393' title='bbox 1979 3022 2063 3062; x_wconf 78' lang='lat' dir='ltr'><strong>res</strong></span> 
     </span>
    </p>
   </div>
   <div class='ocr_carea' id='block_1_59' title="bbox 2177 3000 3749 3081">
    <p class='ocr_par' dir='ltr' id='par_1_59' title="bbox 2177 3007 3749 3081">
     <span class='ocr_line' id='line_1_59' title="bbox 2177 3007 3749 3081; baseline -0.003 -17"><span class='ocrx_word' id='word_1_394' title='bbox 2177 3012 2447 3080; x_wconf 84' lang='grc' dir='ltr'>λογισμοῖς</span> <span class='ocrx_word' id='word_1_395' title='bbox 2481 3009 2805 3081; x_wconf 78' lang='grc' dir='ltr'>ἐξερευνῶσι</span> <span class='ocrx_word' id='word_1_396' title='bbox 2854 3019 2882 3062; x_wconf 75' lang='grc' dir='ltr'>ι)</span> <span class='ocrx_word' id='word_1_397' title='bbox 2924 3010 2992 3065; x_wconf 81' lang='grc' dir='ltr'>τὰ</span> <span class='ocrx_word' id='word_1_398' title='bbox 3025 3009 3178 3063; x_wconf 76' lang='grc' dir='ltr'>θεῖαο</span> <span class='ocrx_word' id='word_1_399' title='bbox 3213 3009 3390 3063; x_wconf 85' lang='grc' dir='ltr'>πάντα</span> <span class='ocrx_word' id='word_1_400' title='bbox 3413 3008 3523 3078; x_wconf 80' lang='grc' dir='ltr'>γὰρ</span> <span class='ocrx_word' id='word_1_401' title='bbox 3545 3007 3616 3060; x_wconf 78' lang='grc' dir='ltr'>τὰ</span> <span class='ocrx_word' id='word_1_402' title='bbox 3644 3007 3749 3060; x_wconf 84' lang='grc' dir='ltr'><strong>τοῦ</strong></span> 
     </span>
    </p>
   </div>
   <div class='ocr_carea' id='block_1_60' title="bbox 491 3092 2063 3171">
    <p class='ocr_par' dir='ltr' id='par_1_60' title="bbox 491 3092 2063 3163">
     <span class='ocr_line' id='line_1_60' title="bbox 491 3092 2063 3163; baseline 0.003 -16"><span class='ocrx_word' id='word_1_403' title='bbox 491 3092 705 3148; x_wconf 90' lang='lat' dir='ltr'><strong>divinas</strong></span> <span class='ocrx_word' id='word_1_404' title='bbox 735 3093 987 3146; x_wconf 88' lang='lat' dir='ltr'><strong>humanis</strong></span> <span class='ocrx_word' id='word_1_405' title='bbox 1011 3092 1461 3163; x_wconf 84' lang='lat' dir='ltr'><strong>naturalibusque</strong></span> <span class='ocrx_word' id='word_1_406' title='bbox 1501 3095 1808 3152; x_wconf 91' lang='lat' dir='ltr'><strong>rationibus</strong></span> <span class='ocrx_word' id='word_1_407' title='bbox 1847 3097 2063 3154; x_wconf 78' lang='lat' dir='ltr'><strong>investi-</strong></span> 
     </span>
    </p>
   </div>
   <div class='ocr_carea' id='block_1_61' title="bbox 2177 3092 3753 3171">
    <p class='ocr_par' dir='ltr' id='par_1_61' title="bbox 2177 3097 3753 3171">
     <span class='ocr_line' id='line_1_61' title="bbox 2177 3097 3753 3171; baseline -0.003 -17"><span class='ocrx_word' id='word_1_408' title='bbox 2177 3101 2306 3154; x_wconf 84' lang='grc' dir='ltr'>Θεοῦ</span> <span class='ocrx_word' id='word_1_409' title='bbox 2332 3100 2472 3171; x_wconf 86' lang='grc' dir='ltr'>ὑπὲρ</span> <span class='ocrx_word' id='word_1_410' title='bbox 2507 3101 2669 3170; x_wconf 86' lang='grc' dir='ltr'>φύσιν</span> <span class='ocrx_word' id='word_1_411' title='bbox 2703 3100 2833 3166; x_wconf 76' lang='grc' dir='ltr'>είσὶ,</span> <span class='ocrx_word' id='word_1_412' title='bbox 2885 3104 2980 3156; x_wconf 69' lang='grc' dir='ltr'><strong>καὶ</strong></span> <span class='ocrx_word' id='word_1_413' title='bbox 3016 3101 3194 3168; x_wconf 85' lang='grc' dir='ltr'>λόγον,</span> <span class='ocrx_word' id='word_1_414' title='bbox 3243 3099 3341 3154; x_wconf 72' lang='grc' dir='ltr'>καὶ</span> <span class='ocrx_word' id='word_1_415' title='bbox 3390 3097 3619 3153; x_wconf 78' lang='grc' dir='ltr'>ἔννοιαν.</span> <span class='ocrx_word' id='word_1_416' title='bbox 3684 3098 3753 3150; x_wconf 72' lang='grc' dir='ltr'><strong>ΕΞ</strong></span> 
     </span>
    </p>
   </div>
   <div class='ocr_carea' id='block_1_62' title="bbox 495 3181 2063 3262">
    <p class='ocr_par' dir='ltr' id='par_1_62' title="bbox 495 3181 2063 3253">
     <span class='ocr_line' id='line_1_62' title="bbox 495 3181 2063 3253; baseline 0.006 -18"><span class='ocrx_word' id='word_1_417' title='bbox 495 3190 647 3253; x_wconf 77' lang='lat' dir='ltr'><strong>gant.</strong></span> <span class='ocrx_word' id='word_1_418' title='bbox 661 3181 878 3236; x_wconf 84' lang='lat' dir='ltr'><strong>Etenim</strong></span> <span class='ocrx_word' id='word_1_419' title='bbox 901 3196 1024 3252; x_wconf 69' lang='lat' dir='ltr'><strong>quae</strong></span> <span class='ocrx_word' id='word_1_420' title='bbox 1050 3181 1146 3238; x_wconf 89' lang='lat' dir='ltr'><strong>Dei</strong></span> <span class='ocrx_word' id='word_1_421' title='bbox 1173 3192 1323 3248; x_wconf 91' lang='lat' dir='ltr'><strong>sunt,</strong></span> <span class='ocrx_word' id='word_1_422' title='bbox 1343 3193 1594 3240; x_wconf 88' lang='lat' dir='ltr'><strong>naturam</strong></span> <span class='ocrx_word' id='word_1_423' title='bbox 1612 3193 1664 3240; x_wconf 91' lang='lat' dir='ltr'><strong>et</strong></span> <span class='ocrx_word' id='word_1_424' title='bbox 1679 3186 1997 3244; x_wconf 85' lang='lat' dir='ltr'><strong>Sermonem</strong></span> <span class='ocrx_word' id='word_1_425' title='bbox 2018 3197 2063 3244; x_wconf 86' lang='lat' dir='ltr'><strong>el</strong></span> 
     </span>
    </p>
   </div>
   <div class='ocr_carea' id='block_1_63' title="bbox 2177 3181 3752 3262">
    <p class='ocr_par' dir='ltr' id='par_1_63' title="bbox 2177 3185 3752 3262">
     <span class='ocr_line' id='line_1_63' title="bbox 2177 3185 3752 3262; baseline -0.003 -17"><span class='ocrx_word' id='word_1_426' title='bbox 2177 3192 2284 3262; x_wconf 86' lang='grc' dir='ltr'><strong>γάρ</strong></span> <span class='ocrx_word' id='word_1_427' title='bbox 2313 3209 2398 3255; x_wconf 89' lang='grc' dir='ltr'><strong>τις</strong></span> <span class='ocrx_word' id='word_1_428' title='bbox 2423 3192 2709 3262; x_wconf 82' lang='grc' dir='ltr'>λογίσηται</span> <span class='ocrx_word' id='word_1_429' title='bbox 2741 3192 2890 3254; x_wconf 81' lang='grc' dir='ltr'>ὅπως</span> <span class='ocrx_word' id='word_1_430' title='bbox 2921 3192 2986 3244; x_wconf 81' lang='grc' dir='ltr'>ὲκ</span> <span class='ocrx_word' id='word_1_431' title='bbox 3007 3191 3096 3244; x_wconf 91' lang='grc' dir='ltr'><strong>τοῦ</strong></span> <span class='ocrx_word' id='word_1_432' title='bbox 3119 3192 3195 3261; x_wconf 82' lang='grc' dir='ltr'>μὴ</span> <span class='ocrx_word' id='word_1_433' title='bbox 3211 3191 3366 3254; x_wconf 77' lang='grc' dir='ltr'>ὄντος</span> <span class='ocrx_word' id='word_1_434' title='bbox 3388 3190 3468 3252; x_wconf 83' lang='grc' dir='ltr'><strong>είς</strong></span> <span class='ocrx_word' id='word_1_435' title='bbox 3495 3189 3558 3242; x_wconf 78' lang='grc' dir='ltr'>τὸ</span> <span class='ocrx_word' id='word_1_436' title='bbox 3577 3185 3752 3254; x_wconf 75' lang='grc' dir='ltr'>εῖναι,</span> 
     </span>
    </p>
   </div>
   <div class='ocr_carea' id='block_1_64' title="bbox 495 3271 2063 3355">
    <p class='ocr_par' dir='ltr' id='par_1_64' title="bbox 495 3271 2063 3346">
     <span class='ocr_line' id='line_1_64' title="bbox 495 3271 2063 3346; baseline 0.004 -18"><span class='ocrx_word' id='word_1_437' title='bbox 495 3271 874 3343; x_wconf 80' lang='lat' dir='ltr'><strong>cogitationem</strong></span> <span class='ocrx_word' id='word_1_438' title='bbox 926 3281 1212 3343; x_wconf 88' lang='lat' dir='ltr'><strong>superant.</strong></span> <span class='ocrx_word' id='word_1_439' title='bbox 1247 3272 1382 3328; x_wconf 82' lang='lat' dir='ltr'><strong>Nam</strong></span> <span class='ocrx_word' id='word_1_440' title='bbox 1417 3275 1463 3331; x_wconf 91' lang='lat' dir='ltr'><strong>si</strong></span> <span class='ocrx_word' id='word_1_441' title='bbox 1497 3276 1621 3346; x_wconf 89' lang='lat' dir='ltr'><strong>quis</strong></span> <span class='ocrx_word' id='word_1_442' title='bbox 1683 3277 1869 3333; x_wconf 91' lang='lat' dir='ltr'><strong>animo</strong></span> <span class='ocrx_word' id='word_1_443' title='bbox 1893 3279 2063 3334; x_wconf 90' lang='lat' dir='ltr'><strong>volval</strong></span> 
     </span>
    </p>
   </div>
   <div class='ocr_carea' id='block_1_65' title="bbox 2177 3271 3756 3355">
    <p class='ocr_par' dir='ltr' id='par_1_65' title="bbox 2177 3280 3756 3355">
     <span class='ocr_line' id='line_1_65' title="bbox 2177 3280 3756 3355; baseline -0.005 -16"><span class='ocrx_word' id='word_1_444' title='bbox 2177 3285 2317 3348; x_wconf 87' lang='grc' dir='ltr'>τίνος</span> <span class='ocrx_word' id='word_1_445' title='bbox 2373 3301 2434 3337; x_wconf 88' lang='grc' dir='ltr'><strong>τε</strong></span> <span class='ocrx_word' id='word_1_446' title='bbox 2464 3283 2652 3338; x_wconf 73' lang='grc' dir='ltr'>ἕνεκεν</span> <span class='ocrx_word' id='word_1_447' title='bbox 2685 3285 3006 3355; x_wconf 87' lang='grc' dir='ltr'>παρήγαγεν</span> <span class='ocrx_word' id='word_1_448' title='bbox 3051 3282 3080 3334; x_wconf 88' lang='grc' dir='ltr'><strong>ὁ</strong></span> <span class='ocrx_word' id='word_1_449' title='bbox 3120 3281 3253 3343; x_wconf 79' lang='grc' dir='ltr'>Θεὸς</span> <span class='ocrx_word' id='word_1_450' title='bbox 3315 3280 3383 3334; x_wconf 84' lang='grc' dir='ltr'>τὰ</span> <span class='ocrx_word' id='word_1_451' title='bbox 3415 3280 3614 3342; x_wconf 86' lang='grc' dir='ltr'>πάντα,</span> <span class='ocrx_word' id='word_1_452' title='bbox 3650 3281 3756 3332; x_wconf 78' lang='grc' dir='ltr'><strong>καὶ</strong></span> 
     </span>
    </p>
   </div>
   <div class='ocr_carea' id='block_1_66' title="bbox 496 3365 2063 3446">
    <p class='ocr_par' dir='ltr' id='par_1_66' title="bbox 496 3365 2063 3442">
     <span class='ocr_line' id='line_1_66' title="bbox 496 3365 2063 3442; baseline 0.006 -25"><span class='ocrx_word' id='word_1_453' title='bbox 496 3379 737 3435; x_wconf 86' lang='lat' dir='ltr'><strong>quonam</strong></span> <span class='ocrx_word' id='word_1_454' title='bbox 792 3375 974 3435; x_wconf 89' lang='lat' dir='ltr'><strong>pacto,</strong></span> <span class='ocrx_word' id='word_1_455' title='bbox 1008 3373 1063 3421; x_wconf 90' lang='lat' dir='ltr'><strong>et</strong></span> <span class='ocrx_word' id='word_1_456' title='bbox 1100 3380 1201 3420; x_wconf 91' lang='lat' dir='ltr'><strong>cur</strong></span> <span class='ocrx_word' id='word_1_457' title='bbox 1239 3365 1383 3422; x_wconf 90' lang='lat' dir='ltr'><strong>Deus</strong></span> <span class='ocrx_word' id='word_1_458' title='bbox 1421 3368 1604 3422; x_wconf 90' lang='lat' dir='ltr'><strong>omnia</strong></span> <span class='ocrx_word' id='word_1_459' title='bbox 1640 3383 1704 3424; x_wconf 84' lang='lat' dir='ltr'><strong>ex</strong></span> <span class='ocrx_word' id='word_1_460' title='bbox 1748 3370 1920 3426; x_wconf 93' lang='lat' dir='ltr'><strong>nihilo</strong></span> <span class='ocrx_word' id='word_1_461' title='bbox 1948 3387 2063 3442; x_wconf 86' lang='lat' dir='ltr'><strong>pro-</strong></span> 
     </span>
    </p>
   </div>
   <div class='ocr_carea' id='block_1_67' title="bbox 2177 3365 3752 3446">
    <p class='ocr_par' dir='ltr' id='par_1_67' title="bbox 2177 3370 3752 3446">
     <span class='ocr_line' id='line_1_67' title="bbox 2177 3370 3752 3446; baseline -0.004 -15"><span class='ocrx_word' id='word_1_462' title='bbox 2177 3377 2422 3445; x_wconf 79' lang='grc' dir='ltr'>φυσικοῖς</span> <span class='ocrx_word' id='word_1_463' title='bbox 2444 3375 2726 3446; x_wconf 78' lang='grc' dir='ltr'>λογισμοῖς</span> <span class='ocrx_word' id='word_1_464' title='bbox 2781 3375 2984 3445; x_wconf 83' lang='grc' dir='ltr'>φθάσαι</span> <span class='ocrx_word' id='word_1_465' title='bbox 3030 3373 3319 3444; x_wconf 75' lang='grc' dir='ltr'>ἐϐουλήθη,</span> <span class='ocrx_word' id='word_1_466' title='bbox 3357 3373 3419 3426; x_wconf 82' lang='grc' dir='ltr'>οὐ</span> <span class='ocrx_word' id='word_1_467' title='bbox 3455 3370 3752 3441; x_wconf 78' lang='grc' dir='ltr'>καταλαμ-</span> 
     </span>
    </p>
   </div>
   <div class='ocr_carea' id='block_1_68' title="bbox 495 3455 2063 3539">
    <p class='ocr_par' dir='ltr' id='par_1_68' title="bbox 495 3455 2063 3535">
     <span class='ocr_line' id='line_1_68' title="bbox 495 3455 2063 3535; baseline 0.006 -25"><span class='ocrx_word' id='word_1_468' title='bbox 495 3455 749 3521; x_wconf 81' lang='lat' dir='ltr'><strong>duxerit,</strong></span> <span class='ocrx_word' id='word_1_469' title='bbox 824 3458 1286 3529; x_wconf 88' lang='lat' dir='ltr'><strong>naturalibusque</strong></span> <span class='ocrx_word' id='word_1_470' title='bbox 1349 3460 1660 3517; x_wconf 89' lang='lat' dir='ltr'><strong>rationibus</strong></span> <span class='ocrx_word' id='word_1_471' title='bbox 1732 3462 1788 3517; x_wconf 89' lang='lat' dir='ltr'><strong>id</strong></span> <span class='ocrx_word' id='word_1_472' title='bbox 1852 3464 2063 3535; x_wconf 84' lang='lat' dir='ltr'><strong>assequi</strong></span> 
     </span>
    </p>
   </div>
   <div class='ocr_carea' id='block_1_69' title="bbox 2177 3455 3754 3539">
    <p class='ocr_par' dir='ltr' id='par_1_69' title="bbox 2177 3463 3754 3539">
     <span class='ocr_line' id='line_1_69' title="bbox 2177 3463 3754 3539; baseline -0.005 -17"><span class='ocrx_word' id='word_1_473' title='bbox 2177 3468 2345 3523; x_wconf 75' lang='grc' dir='ltr'>ϐάνει.</span> <span class='ocrx_word' id='word_1_474' title='bbox 2376 3467 2598 3539; x_wconf 81' lang='grc' dir='ltr'>Ψυχικὴ</span> <span class='ocrx_word' id='word_1_475' title='bbox 2631 3469 2738 3539; x_wconf 85' lang='grc' dir='ltr'><strong>γάρ</strong></span> <span class='ocrx_word' id='word_1_476' title='bbox 2771 3469 2918 3521; x_wconf 77' lang='grc' dir='ltr'>ἐστιν</span> <span class='ocrx_word' id='word_1_477' title='bbox 2945 3469 2978 3537; x_wconf 81' lang='grc' dir='ltr'>ἡ</span> <span class='ocrx_word' id='word_1_478' title='bbox 3010 3466 3212 3536; x_wconf 81' lang='grc' dir='ltr'>γνῶσις</span> <span class='ocrx_word' id='word_1_479' title='bbox 3243 3466 3384 3534; x_wconf 80' lang='grc' dir='ltr'>αῦτη</span> <span class='ocrx_word' id='word_1_480' title='bbox 3411 3465 3506 3518; x_wconf 78' lang='grc' dir='ltr'><strong>καὶ</strong></span> <span class='ocrx_word' id='word_1_481' title='bbox 3549 3463 3754 3533; x_wconf 84' lang='grc' dir='ltr'>δαιμο-</span> 
     </span>
    </p>
   </div>
   <div class='ocr_carea' id='block_1_70' title="bbox 495 3547 2063 3627">
    <p class='ocr_par' dir='ltr' id='par_1_70' title="bbox 495 3547 2063 3624">
     <span class='ocr_line' id='line_1_70' title="bbox 495 3547 2063 3624; baseline 0.008 -22"><span class='ocrx_word' id='word_1_482' title='bbox 495 3547 811 3612; x_wconf 87' lang='lat' dir='ltr'><strong>contendat,</strong></span> <span class='ocrx_word' id='word_1_483' title='bbox 831 3565 1174 3620; x_wconf 88' lang='lat' dir='ltr'><strong>nequaquam</strong></span> <span class='ocrx_word' id='word_1_484' title='bbox 1213 3553 1317 3608; x_wconf 91' lang='lat' dir='ltr'><strong>hoc</strong></span> <span class='ocrx_word' id='word_1_485' title='bbox 1339 3554 1781 3624; x_wconf 88' lang='lat' dir='ltr'><strong>comprehendet.</strong></span> <span class='ocrx_word' id='word_1_486' title='bbox 1805 3557 2063 3615; x_wconf 64' lang='lat' dir='ltr'><strong>Animalia</strong></span> 
     </span>
    </p>
   </div>
   <div class='ocr_carea' id='block_1_71' title="bbox 2177 3547 3754 3627">
    <p class='ocr_par' dir='ltr' id='par_1_71' title="bbox 2177 3551 3754 3627">
     <span class='ocr_line' id='line_1_71' title="bbox 2177 3551 3754 3627; baseline -0.004 -17"><span class='ocrx_word' id='word_1_487' title='bbox 2177 3555 2390 3627; x_wconf 82' lang='grc' dir='ltr'>νιὼδης.</span> <span class='ocrx_word' id='word_1_488' title='bbox 2425 3557 2487 3609; x_wconf 88' lang='grc' dir='ltr'>Εί</span> <span class='ocrx_word' id='word_1_489' title='bbox 2509 3556 2565 3609; x_wconf 83' lang='grc' dir='ltr'>δέ</span> <span class='ocrx_word' id='word_1_490' title='bbox 2595 3572 2680 3619; x_wconf 88' lang='grc' dir='ltr'><strong>τις</strong></span> <span class='ocrx_word' id='word_1_491' title='bbox 2713 3555 2898 3608; x_wconf 88' lang='grc' dir='ltr'>πίστει</span> <span class='ocrx_word' id='word_1_492' title='bbox 2941 3557 3478 3626; x_wconf 85' lang='grc' dir='ltr'>χειραγωγούμενος,</span> <span class='ocrx_word' id='word_1_493' title='bbox 3511 3551 3754 3620; x_wconf 82' lang='grc' dir='ltr'>ἀγαθὸν,</span> 
     </span>
    </p>
   </div>
   <div class='ocr_carea' id='block_1_72' title="bbox 494 3639 2063 3718">
    <p class='ocr_par' dir='ltr' id='par_1_72' title="bbox 494 3639 2063 3715">
     <span class='ocr_line' id='line_1_72' title="bbox 494 3639 2063 3715; baseline 0.008 -22"><span class='ocrx_word' id='word_1_494' title='bbox 494 3640 641 3693; x_wconf 91' lang='lat' dir='ltr'><strong>enim</strong></span> <span class='ocrx_word' id='word_1_495' title='bbox 673 3649 728 3694; x_wconf 90' lang='lat' dir='ltr'><strong>et</strong></span> <span class='ocrx_word' id='word_1_496' title='bbox 757 3639 1026 3696; x_wconf 91' lang='lat' dir='ltr'><strong>diabolica</strong></span> <span class='ocrx_word' id='word_1_497' title='bbox 1056 3651 1141 3698; x_wconf 89' lang='lat' dir='ltr'><strong>est</strong></span> <span class='ocrx_word' id='word_1_498' title='bbox 1165 3643 1483 3714; x_wconf 90' lang='lat' dir='ltr'><strong>hujusmodi</strong></span> <span class='ocrx_word' id='word_1_499' title='bbox 1507 3649 1760 3703; x_wconf 91' lang='lat' dir='ltr'><strong>scientia.</strong></span> <span class='ocrx_word' id='word_1_500' title='bbox 1803 3647 1907 3715; x_wconf 86' lang='lat' dir='ltr'><strong>Qui</strong></span> <span class='ocrx_word' id='word_1_501' title='bbox 1938 3666 2063 3705; x_wconf 87' lang='lat' dir='ltr'><strong>veru</strong></span> 
     </span>
    </p>
   </div>
   <div class='ocr_carea' id='block_1_73' title="bbox 2177 3639 3759 3718">
    <p class='ocr_par' dir='ltr' id='par_1_73' title="bbox 2177 3644 3759 3718">
     <span class='ocr_line' id='line_1_73' title="bbox 2177 3644 3759 3718; baseline -0.006 -15"><span class='ocrx_word' id='word_1_502' title='bbox 2177 3650 2270 3703; x_wconf 77' lang='grc' dir='ltr'><strong>καὶ</strong></span> <span class='ocrx_word' id='word_1_503' title='bbox 2299 3647 2732 3718; x_wconf 87' lang='grc' dir='ltr'>παντοδύναμον,</span> <span class='ocrx_word' id='word_1_504' title='bbox 2782 3648 2880 3701; x_wconf 75' lang='grc' dir='ltr'>καὶ</span> <span class='ocrx_word' id='word_1_505' title='bbox 2921 3647 3139 3716; x_wconf 83' lang='grc' dir='ltr'>ἀληθὲς,</span> <span class='ocrx_word' id='word_1_506' title='bbox 3169 3647 3266 3700; x_wconf 77' lang='grc' dir='ltr'>καὶ</span> <span class='ocrx_word' id='word_1_507' title='bbox 3309 3646 3492 3714; x_wconf 76' lang='grc' dir='ltr'>σοφὸν,</span> <span class='ocrx_word' id='word_1_508' title='bbox 3543 3645 3637 3697; x_wconf 76' lang='grc' dir='ltr'>καὶ</span> <span class='ocrx_word' id='word_1_509' title='bbox 3674 3644 3759 3696; x_wconf 77' lang='grc' dir='ltr'><strong>δὶ-</strong></span> 
     </span>
    </p>
   </div>
   <div class='ocr_carea' id='block_1_74' title="bbox 498 3729 2063 3811">
    <p class='ocr_par' dir='ltr' id='par_1_74' title="bbox 498 3729 2063 3811">
     <span class='ocr_line' id='line_1_74' title="bbox 498 3729 2063 3811; baseline 0.008 -29"><span class='ocrx_word' id='word_1_510' title='bbox 498 3729 601 3784; x_wconf 89' lang='lat' dir='ltr'><strong>Iide</strong></span> <span class='ocrx_word' id='word_1_511' title='bbox 629 3730 796 3784; x_wconf 83' lang='lat' dir='ltr'><strong>veluti</strong></span> <span class='ocrx_word' id='word_1_512' title='bbox 825 3743 988 3785; x_wconf 91' lang='lat' dir='ltr'><strong>manu</strong></span> <span class='ocrx_word' id='word_1_513' title='bbox 1019 3731 1239 3800; x_wconf 83' lang='lat' dir='ltr'><strong>ductus,</strong></span> <span class='ocrx_word' id='word_1_514' title='bbox 1269 3733 1439 3790; x_wconf 88' lang='lat' dir='ltr'><strong>Deum</strong></span> <span class='ocrx_word' id='word_1_515' title='bbox 1478 3737 1706 3804; x_wconf 90' lang='lat' dir='ltr'><strong>bonum,</strong></span> <span class='ocrx_word' id='word_1_516' title='bbox 1740 3747 1795 3793; x_wconf 89' lang='lat' dir='ltr'><strong>et</strong></span> <span class='ocrx_word' id='word_1_517' title='bbox 1823 3741 2063 3811; x_wconf 90' lang='lat' dir='ltr'><strong>omnipo-</strong></span> 
     </span>
    </p>
   </div>
   <div class='ocr_carea' id='block_1_75' title="bbox 2177 3729 3756 3811">
    <p class='ocr_par' dir='ltr' id='par_1_75' title="bbox 2177 3735 3756 3808">
     <span class='ocr_line' id='line_1_75' title="bbox 2177 3735 3756 3808; baseline -0.007 -13"><span class='ocrx_word' id='word_1_518' title='bbox 2177 3757 2329 3794; x_wconf 83' lang='grc' dir='ltr'>καιον</span> <span class='ocrx_word' id='word_1_519' title='bbox 2369 3738 2430 3792; x_wconf 78' lang='grc' dir='ltr'>τὸ</span> <span class='ocrx_word' id='word_1_520' title='bbox 2459 3738 2614 3791; x_wconf 81' lang='grc' dir='ltr'>Θεῖον</span> <span class='ocrx_word' id='word_1_521' title='bbox 2664 3736 2973 3808; x_wconf 87' lang='grc' dir='ltr'>λογίσηται,</span> <span class='ocrx_word' id='word_1_522' title='bbox 3012 3736 3235 3807; x_wconf 80' lang='grc' dir='ltr'>εὑρήσει</span> <span class='ocrx_word' id='word_1_523' title='bbox 3286 3737 3464 3789; x_wconf 84' lang='grc' dir='ltr'>πάντα</span> <span class='ocrx_word' id='word_1_524' title='bbox 3495 3735 3614 3787; x_wconf 84' lang='grc' dir='ltr'>λεῖα</span> <span class='ocrx_word' id='word_1_525' title='bbox 3651 3735 3756 3786; x_wconf 77' lang='grc' dir='ltr'><strong>καὶ</strong></span> 
     </span>
    </p>
   </div>
   <div class='ocr_carea' id='block_1_76' title="bbox 497 3824 2063 3904">
    <p class='ocr_par' dir='ltr' id='par_1_76' title="bbox 497 3825 2063 3904">
     <span class='ocr_line' id='line_1_76' title="bbox 497 3825 2063 3904; baseline 0.008 -32"><span class='ocrx_word' id='word_1_526' title='bbox 497 3827 722 3887; x_wconf 90' lang='lat' dir='ltr'><strong>tentem,</strong></span> <span class='ocrx_word' id='word_1_527' title='bbox 757 3827 811 3875; x_wconf 91' lang='lat' dir='ltr'><strong>et</strong></span> <span class='ocrx_word' id='word_1_528' title='bbox 851 3837 1065 3889; x_wconf 87' lang='lat' dir='ltr'><strong>verum,</strong></span> <span class='ocrx_word' id='word_1_529' title='bbox 1101 3831 1156 3877; x_wconf 88' lang='lat' dir='ltr'><strong>et</strong></span> <span class='ocrx_word' id='word_1_530' title='bbox 1181 3825 1506 3893; x_wconf 89' lang='lat' dir='ltr'><strong>sapientem,</strong></span> <span class='ocrx_word' id='word_1_531' title='bbox 1534 3829 1810 3898; x_wconf 85' lang='lat' dir='ltr'><strong>etjustum</strong></span> <span class='ocrx_word' id='word_1_532' title='bbox 1846 3833 2063 3904; x_wconf 79' lang='lat' dir='ltr'><strong>cogitat,</strong></span> 
     </span>
    </p>
   </div>
   <div class='ocr_carea' id='block_1_77' title="bbox 2177 3824 3755 3904">
    <p class='ocr_par' dir='ltr' id='par_1_77' title="bbox 2177 3824 3755 3904">
     <span class='ocr_line' id='line_1_77' title="bbox 2177 3824 3755 3904; baseline -0.006 -18"><span class='ocrx_word' id='word_1_533' title='bbox 2177 3833 2376 3904; x_wconf 79' lang='grc' dir='ltr'>ὁμαλὰ,</span> <span class='ocrx_word' id='word_1_534' title='bbox 2402 3833 2498 3886; x_wconf 80' lang='lat' dir='ltr'><strong>xui.</strong></span> <span class='ocrx_word' id='word_1_535' title='bbox 2543 3830 2663 3885; x_wconf 72' lang='grc' dir='ltr'>ὁδὸν</span> <span class='ocrx_word' id='word_1_536' title='bbox 2707 3829 2942 3884; x_wconf 79' lang='grc' dir='ltr'>εὐθεῖαν.</span> <span class='ocrx_word' id='word_1_537' title='bbox 2986 3828 3176 3891; x_wconf 80' lang='grc' dir='ltr'>Ἑκτὸς</span> <span class='ocrx_word' id='word_1_538' title='bbox 3205 3827 3314 3898; x_wconf 86' lang='grc' dir='ltr'>γὰρ</span> <span class='ocrx_word' id='word_1_539' title='bbox 3354 3825 3589 3888; x_wconf 85' lang='grc' dir='ltr'>πίστεως</span> <span class='ocrx_word' id='word_1_540' title='bbox 3616 3824 3755 3877; x_wconf 70' lang='grc' dir='ltr'>ἁδύ-</span> 
     </span>
    </p>
   </div>
   <div class='ocr_carea' id='block_1_78' title="bbox 499 3909 2063 3995">
    <p class='ocr_par' dir='ltr' id='par_1_78' title="bbox 499 3909 2063 3990">
     <span class='ocr_line' id='line_1_78' title="bbox 499 3909 2063 3990; baseline 0.01 -26"><span class='ocrx_word' id='word_1_541' title='bbox 499 3909 680 3964; x_wconf 91' lang='lat' dir='ltr'><strong>omnia</strong></span> <span class='ocrx_word' id='word_1_542' title='bbox 722 3911 883 3980; x_wconf 91' lang='lat' dir='ltr'><strong>plana</strong></span> <span class='ocrx_word' id='word_1_543' title='bbox 929 3923 981 3968; x_wconf 90' lang='lat' dir='ltr'><strong>et</strong></span> <span class='ocrx_word' id='word_1_544' title='bbox 1010 3915 1325 3984; x_wconf 70' lang='lat' dir='ltr'><strong>aequabilia,</strong></span> <span class='ocrx_word' id='word_1_545' title='bbox 1379 3917 1641 3990; x_wconf 86' lang='lat' dir='ltr'><strong>viamque</strong></span> <span class='ocrx_word' id='word_1_546' title='bbox 1673 3931 1878 3978; x_wconf 88' lang='lat' dir='ltr'><strong>rectam</strong></span> <span class='ocrx_word' id='word_1_547' title='bbox 1921 3924 2063 3979; x_wconf 87' lang='lat' dir='ltr'><strong>inve-</strong></span> 
     </span>
    </p>
   </div>
   <div class='ocr_carea' id='block_1_79' title="bbox 2177 3909 3754 3995">
    <p class='ocr_par' dir='ltr' id='par_1_79' title="bbox 2177 3912 3754 3995">
     <span class='ocr_line' id='line_1_79' title="bbox 2177 3912 3754 3995; baseline -0.01 -13"><span class='ocrx_word' id='word_1_548' title='bbox 2177 3943 2332 3982; x_wconf 86' lang='grc' dir='ltr'>νατον</span> <span class='ocrx_word' id='word_1_549' title='bbox 2387 3923 2625 3995; x_wconf 81' lang='grc' dir='ltr'>σωθῆναι</span> <span class='ocrx_word' id='word_1_550' title='bbox 2649 3939 2662 3952; x_wconf 77' lang='grc' dir='ltr'><strong><em>ο</em></strong></span> <span class='ocrx_word' id='word_1_551' title='bbox 2722 3920 2903 3975; x_wconf 84' lang='grc' dir='ltr'>πίστει</span> <span class='ocrx_word' id='word_1_552' title='bbox 2954 3919 3065 3992; x_wconf 76' lang='grc' dir='ltr'>γὰρ</span> <span class='ocrx_word' id='word_1_553' title='bbox 3105 3919 3306 3984; x_wconf 82' lang='grc' dir='ltr'>πάντα,</span> <span class='ocrx_word' id='word_1_554' title='bbox 3340 3917 3411 3972; x_wconf 85' lang='grc' dir='ltr'><strong>τά</strong></span> <span class='ocrx_word' id='word_1_555' title='bbox 3439 3933 3501 3969; x_wconf 90' lang='grc' dir='ltr'><strong>τε</strong></span> <span class='ocrx_word' id='word_1_556' title='bbox 3533 3912 3754 3984; x_wconf 54' lang='grc' dir='ltr'>ἀνθρώ-</span> 
     </span>
    </p>
   </div>
   <div class='ocr_carea' id='block_1_80' title="bbox 501 4001 2063 4085">
    <p class='ocr_par' dir='ltr' id='par_1_80' title="bbox 501 4001 2063 4083">
     <span class='ocr_line' id='line_1_80' title="bbox 501 4001 2063 4083; baseline 0.01 -27"><span class='ocrx_word' id='word_1_557' title='bbox 501 4002 632 4058; x_wconf 91' lang='lat' dir='ltr'><strong>niet.</strong></span> <span class='ocrx_word' id='word_1_558' title='bbox 657 4001 792 4058; x_wconf 87' lang='lat' dir='ltr'><strong>Nam</strong></span> <span class='ocrx_word' id='word_1_559' title='bbox 830 4003 945 4060; x_wconf 83' lang='lat' dir='ltr'><strong>ﬁeri</strong></span> <span class='ocrx_word' id='word_1_560' title='bbox 985 4023 1091 4062; x_wconf 94' lang='lat' dir='ltr'><strong>non</strong></span> <span class='ocrx_word' id='word_1_561' title='bbox 1117 4018 1295 4078; x_wconf 82' lang='lat' dir='ltr'><strong>potest</strong></span> <span class='ocrx_word' id='word_1_562' title='bbox 1321 4019 1384 4066; x_wconf 86' lang='lat' dir='ltr'><strong>ut</strong></span> <span class='ocrx_word' id='word_1_563' title='bbox 1419 4013 1542 4083; x_wconf 87' lang='lat' dir='ltr'><strong>quis</strong></span> <span class='ocrx_word' id='word_1_564' title='bbox 1574 4015 1694 4070; x_wconf 86' lang='lat' dir='ltr'><strong>sine</strong></span> <span class='ocrx_word' id='word_1_565' title='bbox 1716 4015 1819 4071; x_wconf 83' lang='lat' dir='ltr'><strong>lide</strong></span> <span class='ocrx_word' id='word_1_566' title='bbox 1837 4017 2063 4074; x_wconf 88' lang='lat' dir='ltr'><strong>salutem</strong></span> 
     </span>
    </p>
   </div>
   <div class='ocr_carea' id='block_1_81' title="bbox 2177 4001 3757 4085">
    <p class='ocr_par' dir='ltr' id='par_1_81' title="bbox 2177 4009 3757 4085">
     <span class='ocr_line' id='line_1_81' title="bbox 2177 4009 3757 4085; baseline -0.008 -12"><span class='ocrx_word' id='word_1_567' title='bbox 2177 4037 2327 4083; x_wconf 88' lang='grc' dir='ltr'>πινα,</span> <span class='ocrx_word' id='word_1_568' title='bbox 2384 4017 2454 4073; x_wconf 85' lang='grc' dir='ltr'><strong>τά</strong></span> <span class='ocrx_word' id='word_1_569' title='bbox 2497 4034 2557 4070; x_wconf 88' lang='grc' dir='ltr'><strong>τε</strong></span> <span class='ocrx_word' id='word_1_570' title='bbox 2600 4014 2947 4085; x_wconf 82' lang='grc' dir='ltr'>πνευματικὰ</span> <span class='ocrx_word' id='word_1_571' title='bbox 3023 4013 3391 4067; x_wconf 81' lang='grc' dir='ltr'>συνίστανται.</span> <span class='ocrx_word' id='word_1_572' title='bbox 3449 4009 3586 4064; x_wconf 83' lang='grc' dir='ltr'>Οῦτε</span> <span class='ocrx_word' id='word_1_573' title='bbox 3639 4009 3757 4079; x_wconf 74' lang='grc' dir='ltr'>γὰρ</span> 
     </span>
    </p>
   </div>
   <div class='ocr_carea' id='block_1_82' title="bbox 498 4095 2063 4182">
    <p class='ocr_par' dir='ltr' id='par_1_82' title="bbox 498 4095 2063 4171">
     <span class='ocr_line' id='line_1_82' title="bbox 498 4095 2063 4171; baseline 0.01 -25"><span class='ocrx_word' id='word_1_574' title='bbox 498 4095 955 4164; x_wconf 81' lang='lat' dir='ltr'><strong>consequatur”.</strong></span> <span class='ocrx_word' id='word_1_575' title='bbox 991 4095 1124 4154; x_wconf 85' lang='lat' dir='ltr'><strong>Fide</strong></span> <span class='ocrx_word' id='word_1_576' title='bbox 1150 4100 1421 4170; x_wconf 89' lang='lat' dir='ltr'><strong>siquidem</strong></span> <span class='ocrx_word' id='word_1_577' title='bbox 1450 4110 1564 4158; x_wconf 91' lang='lat' dir='ltr'><strong>tum</strong></span> <span class='ocrx_word' id='word_1_578' title='bbox 1593 4103 1834 4160; x_wconf 87' lang='lat' dir='ltr'><strong>humana</strong></span> <span class='ocrx_word' id='word_1_579' title='bbox 1864 4106 2063 4171; x_wconf 75' lang='lat' dir='ltr'><strong>omnia,</strong></span> 
     </span>
    </p>
   </div>
   <div class='ocr_carea' id='block_1_83' title="bbox 2177 4095 3754 4182">
    <p class='ocr_par' dir='ltr' id='par_1_83' title="bbox 2177 4102 3754 4182">
     <span class='ocr_line' id='line_1_83' title="bbox 2177 4102 3754 4182; baseline -0.006 -19"><span class='ocrx_word' id='word_1_580' title='bbox 2177 4109 2420 4182; x_wconf 81' lang='grc' dir='ltr'>γεωργὸς</span> <span class='ocrx_word' id='word_1_581' title='bbox 2471 4109 2626 4171; x_wconf 76' lang='grc' dir='ltr'>ἐκτὸς</span> <span class='ocrx_word' id='word_1_582' title='bbox 2676 4108 2912 4171; x_wconf 85' lang='grc' dir='ltr'>πίστεως</span> <span class='ocrx_word' id='word_1_583' title='bbox 2965 4106 3156 4176; x_wconf 85' lang='grc' dir='ltr'>τέμνει</span> <span class='ocrx_word' id='word_1_584' title='bbox 3204 4103 3311 4174; x_wconf 86' lang='grc' dir='ltr'>γῆς</span> <span class='ocrx_word' id='word_1_585' title='bbox 3359 4102 3610 4156; x_wconf 74' lang='grc' dir='ltr'>αὔλακα·</span> <span class='ocrx_word' id='word_1_586' title='bbox 3641 4102 3754 4155; x_wconf 81' lang='grc' dir='ltr'><strong>οὐκ</strong></span> 
     </span>
    </p>
   </div>
   <div class='ocr_carea' id='block_1_84' title="bbox 500 4185 2063 4268">
    <p class='ocr_par' dir='ltr' id='par_1_84' title="bbox 500 4185 2063 4266">
     <span class='ocr_line' id='line_1_84' title="bbox 500 4185 2063 4266; baseline 0.009 -29"><span class='ocrx_word' id='word_1_587' title='bbox 500 4195 614 4238; x_wconf 92' lang='lat' dir='ltr'><strong>tum</strong></span> <span class='ocrx_word' id='word_1_588' title='bbox 684 4185 994 4255; x_wconf 88' lang='lat' dir='ltr'><strong>spiritualia</strong></span> <span class='ocrx_word' id='word_1_589' title='bbox 1041 4200 1319 4246; x_wconf 89' lang='lat' dir='ltr'><strong>constant.</strong></span> <span class='ocrx_word' id='word_1_590' title='bbox 1356 4191 1542 4264; x_wconf 82' lang='lat' dir='ltr'><strong>Neque</strong></span> <span class='ocrx_word' id='word_1_591' title='bbox 1587 4195 1731 4250; x_wconf 91' lang='lat' dir='ltr'><strong>enim</strong></span> <span class='ocrx_word' id='word_1_592' title='bbox 1763 4197 2002 4266; x_wconf 79' lang='lat' dir='ltr'><strong>agricola</strong></span> <span class='ocrx_word' id='word_1_593' title='bbox 2025 4197 2063 4229; x_wconf 83' lang='grc'><strong>⁹⁴</strong></span> 
     </span>
    </p>
   </div>
   <div class='ocr_carea' id='block_1_85' title="bbox 2177 4185 3756 4268">
    <p class='ocr_par' dir='ltr' id='par_1_85' title="bbox 2177 4190 3756 4268">
     <span class='ocr_line' id='line_1_85' title="bbox 2177 4190 3756 4268; baseline -0.003 -20"><span class='ocrx_word' id='word_1_594' title='bbox 2177 4195 2414 4268; x_wconf 78' lang='grc' dir='ltr'>ἔμπορος</span> <span class='ocrx_word' id='word_1_595' title='bbox 2450 4195 2631 4267; x_wconf 84' lang='grc' dir='ltr'>μικρῷ</span> <span class='ocrx_word' id='word_1_596' title='bbox 2679 4194 2818 4267; x_wconf 80' lang='grc' dir='ltr'>ξύλῳ</span> <span class='ocrx_word' id='word_1_597' title='bbox 2869 4195 2969 4267; x_wconf 81' lang='grc' dir='ltr'>τὴν</span> <span class='ocrx_word' id='word_1_598' title='bbox 3023 4194 3220 4248; x_wconf 77' lang='grc' dir='ltr'>ἑαυτοῦ</span> <span class='ocrx_word' id='word_1_599' title='bbox 3281 4193 3462 4263; x_wconf 80' lang='grc' dir='ltr'>ψυχὴν</span> <span class='ocrx_word' id='word_1_600' title='bbox 3507 4190 3584 4262; x_wconf 84' lang='grc' dir='ltr'>τῷ</span> <span class='ocrx_word' id='word_1_601' title='bbox 3615 4209 3756 4262; x_wconf 80' lang='grc' dir='ltr'>μαι-</span> 
     </span>
    </p>
   </div>
   <div class='ocr_carea' id='block_1_86' title="bbox 500 4275 2063 4358">
    <p class='ocr_par' dir='ltr' id='par_1_86' title="bbox 500 4275 2063 4358">
     <span class='ocr_line' id='line_1_86' title="bbox 500 4275 2063 4358; baseline 0.009 -28"><span class='ocrx_word' id='word_1_602' title='bbox 500 4275 618 4330; x_wconf 86' lang='lat' dir='ltr'><strong>sine</strong></span> <span class='ocrx_word' id='word_1_603' title='bbox 673 4275 778 4331; x_wconf 83' lang='lat' dir='ltr'><strong>ﬁde</strong></span> <span class='ocrx_word' id='word_1_604' title='bbox 817 4293 1005 4332; x_wconf 89' lang='lat' dir='ltr'><strong>arvum</strong></span> <span class='ocrx_word' id='word_1_605' title='bbox 1050 4281 1374 4350; x_wconf 87' lang='lat' dir='ltr'><strong>proscindit,</strong></span> <span class='ocrx_word' id='word_1_606' title='bbox 1414 4299 1518 4338; x_wconf 91' lang='lat' dir='ltr'><strong>nec</strong></span> <span class='ocrx_word' id='word_1_607' title='bbox 1560 4293 1834 4341; x_wconf 89' lang='lat' dir='ltr'><strong>mercator</strong></span> <span class='ocrx_word' id='word_1_608' title='bbox 1867 4288 2063 4358; x_wconf 78' lang='lat' dir='ltr'><strong>exiguo</strong></span> 
     </span>
    </p>
   </div>
   <div class='ocr_carea' id='block_1_87' title="bbox 2177 4275 3756 4358">
    <p class='ocr_par' dir='ltr' id='par_1_87' title="bbox 2177 4281 3756 4358">
     <span class='ocr_line' id='line_1_87' title="bbox 2177 4281 3756 4358; baseline -0.005 -17"><span class='ocrx_word' id='word_1_609' title='bbox 2177 4287 2386 4358; x_wconf 80' lang='grc' dir='ltr'>νομένῳ</span> <span class='ocrx_word' id='word_1_610' title='bbox 2406 4287 2507 4356; x_wconf 79' lang='grc' dir='ltr'>τῆς</span> <span class='ocrx_word' id='word_1_611' title='bbox 2537 4287 2813 4356; x_wconf 83' lang='grc' dir='ltr'>θαλάσσης</span> <span class='ocrx_word' id='word_1_612' title='bbox 2840 4285 3069 4353; x_wconf 86' lang='grc' dir='ltr'>πελάγει</span> <span class='ocrx_word' id='word_1_613' title='bbox 3107 4283 3476 4354; x_wconf 86' lang='grc' dir='ltr'>παραδίδωσιν</span> <span class='ocrx_word' id='word_1_614' title='bbox 3495 4298 3509 4311; x_wconf 83' lang='grc'><em>’</em></span> <span class='ocrx_word' id='word_1_615' title='bbox 3541 4282 3601 4334; x_wconf 83' lang='grc' dir='ltr'><strong>οὐ</strong></span> <span class='ocrx_word' id='word_1_616' title='bbox 3639 4281 3756 4348; x_wconf 65' lang='grc' dir='ltr'>γάι</span> 
     </span>
    </p>
   </div>
   <div class='ocr_carea' id='block_1_88' title="bbox 500 4363 2063 4449">
    <p class='ocr_par' dir='ltr' id='par_1_88' title="bbox 500 4363 2063 4433">
     <span class='ocr_line' id='line_1_88' title="bbox 500 4363 2063 4433; baseline 0.01 -18"><span class='ocrx_word' id='word_1_617' title='bbox 500 4363 648 4433; x_wconf 81' lang='lat' dir='ltr'><strong>ligno</strong></span> <span class='ocrx_word' id='word_1_618' title='bbox 681 4375 872 4421; x_wconf 88' lang='lat' dir='ltr'><strong>vectus</strong></span> <span class='ocrx_word' id='word_1_619' title='bbox 901 4366 1140 4422; x_wconf 85' lang='lat' dir='ltr'><strong>animam</strong></span> <span class='ocrx_word' id='word_1_620' title='bbox 1164 4385 1320 4425; x_wconf 89' lang='lat' dir='ltr'><strong>suam</strong></span> <span class='ocrx_word' id='word_1_621' title='bbox 1346 4369 1665 4428; x_wconf 78' lang='lat' dir='ltr'><strong>furentibus</strong></span> <span class='ocrx_word' id='word_1_622' title='bbox 1710 4375 1877 4432; x_wconf 87' lang='lat' dir='ltr'><strong>maris</strong></span> <span class='ocrx_word' id='word_1_623' title='bbox 1910 4376 2063 4432; x_wconf 83' lang='lat' dir='ltr'><strong>undis</strong></span> 
     </span>
    </p>
   </div>
   <div class='ocr_carea' id='block_1_89' title="bbox 2177 4363 3758 4449">
    <p class='ocr_par' dir='ltr' id='par_1_89' title="bbox 2179 4371 3758 4449">
     <span class='ocr_line' id='line_1_89' title="bbox 2179 4371 3758 4449; baseline -0.004 -18"><span class='ocrx_word' id='word_1_624' title='bbox 2179 4395 2270 4449; x_wconf 88' lang='grc' dir='ltr'><strong>μοι</strong></span> <span class='ocrx_word' id='word_1_625' title='bbox 2300 4377 2668 4442; x_wconf 84' lang='grc' dir='ltr'>συνίστανται,</span> <span class='ocrx_word' id='word_1_626' title='bbox 2697 4377 2799 4429; x_wconf 83' lang='grc' dir='ltr'><strong>οὐκ</strong></span> <span class='ocrx_word' id='word_1_627' title='bbox 2834 4376 2966 4430; x_wconf 73' lang='grc' dir='ltr'>ἄλλο</span> <span class='ocrx_word' id='word_1_628' title='bbox 2989 4392 3044 4428; x_wconf 92' lang='grc' dir='ltr'><strong>τι</strong></span> <span class='ocrx_word' id='word_1_629' title='bbox 3072 4374 3182 4428; x_wconf 86' lang='grc' dir='ltr'><strong>τῶν</strong></span> <span class='ocrx_word' id='word_1_630' title='bbox 3217 4375 3274 4426; x_wconf 82' lang='grc' dir='ltr'><strong>ὲν</strong></span> <span class='ocrx_word' id='word_1_631' title='bbox 3301 4372 3378 4443; x_wconf 84' lang='grc' dir='ltr'>τῷ</span> <span class='ocrx_word' id='word_1_632' title='bbox 3404 4371 3523 4443; x_wconf 85' lang='grc' dir='ltr'><strong>βίῳ.</strong></span> <span class='ocrx_word' id='word_1_633' title='bbox 3555 4372 3758 4424; x_wconf 84' lang='grc' dir='ltr'>Πίστει</span> 
     </span>
    </p>
   </div>
   <div class='ocr_carea' id='block_1_90' title="bbox 498 4455 2063 4563">
    <p class='ocr_par' dir='ltr' id='par_1_90' title="bbox 498 4455 2063 4531">
     <span class='ocr_line' id='line_1_90' title="bbox 498 4455 2063 4531; baseline 0.012 -26"><span class='ocrx_word' id='word_1_634' title='bbox 498 4455 816 4520; x_wconf 89' lang='lat' dir='ltr'><strong>committit,</strong></span> <span class='ocrx_word' id='word_1_635' title='bbox 856 4471 958 4511; x_wconf 90' lang='lat' dir='ltr'><strong>nec</strong></span> <span class='ocrx_word' id='word_1_636' title='bbox 994 4459 1341 4516; x_wconf 89' lang='lat' dir='ltr'><strong>matrimonia</strong></span> <span class='ocrx_word' id='word_1_637' title='bbox 1371 4463 1800 4531; x_wconf 89' lang='lat' dir='ltr'><strong>contrahuntur,</strong></span> <span class='ocrx_word' id='word_1_638' title='bbox 1840 4481 1944 4522; x_wconf 91' lang='lat' dir='ltr'><strong>nec</strong></span> <span class='ocrx_word' id='word_1_639' title='bbox 1980 4469 2063 4522; x_wconf 91' lang='lat' dir='ltr'><strong>de-</strong></span> 
     </span>
    </p>
   </div>
   <div class='ocr_carea' id='block_1_91' title="bbox 2177 4455 3755 4563">
    <p class='ocr_par' dir='ltr' id='par_1_91' title="bbox 2177 4459 3755 4540">
     <span class='ocr_line' id='line_1_91' title="bbox 2177 4459 3755 4540; baseline -0.005 -18"><span class='ocrx_word' id='word_1_640' title='bbox 2177 4468 2406 4540; x_wconf 87' lang='grc' dir='ltr'>νοοῦμεν</span> <span class='ocrx_word' id='word_1_641' title='bbox 2435 4470 2499 4522; x_wconf 83' lang='grc' dir='ltr'>ἐκ</span> <span class='ocrx_word' id='word_1_642' title='bbox 2521 4467 2614 4522; x_wconf 89' lang='grc' dir='ltr'><strong>τοῦ</strong></span> <span class='ocrx_word' id='word_1_643' title='bbox 2687 4467 2763 4539; x_wconf 84' lang='grc' dir='ltr'><strong>μὴ</strong></span> <span class='ocrx_word' id='word_1_644' title='bbox 2799 4467 2954 4531; x_wconf 77' lang='grc' dir='ltr'>ὕντος</span> <span class='ocrx_word' id='word_1_645' title='bbox 3003 4468 3082 4530; x_wconf 86' lang='grc' dir='ltr'><strong>είς</strong></span> <span class='ocrx_word' id='word_1_646' title='bbox 3107 4466 3169 4519; x_wconf 87' lang='grc' dir='ltr'><strong>τδ</strong></span> <span class='ocrx_word' id='word_1_647' title='bbox 3219 4459 3360 4518; x_wconf 82' lang='grc' dir='ltr'>εἶναι</span> <span class='ocrx_word' id='word_1_648' title='bbox 3380 4464 3448 4518; x_wconf 81' lang='grc' dir='ltr'>τὰ</span> <span class='ocrx_word' id='word_1_649' title='bbox 3477 4463 3655 4518; x_wconf 83' lang='grc' dir='ltr'>πάντα</span> <span class='ocrx_word' id='word_1_650' title='bbox 3682 4468 3755 4535; x_wconf 82' lang='grc' dir='ltr'>τῇ</span> 
     </span>
    </p>
   </div>
   <div class='ocr_carea' id='block_1_92' title="bbox 499 4543 2063 4645">
    <p class='ocr_par' dir='ltr' id='par_1_92' title="bbox 499 4543 2063 4645">
     <span class='ocr_line' id='line_1_92' title="bbox 499 4543 2063 4645; baseline 0.012 -49"><span class='ocrx_word' id='word_1_651' title='bbox 499 4543 664 4645; x_wconf 80' lang='lat' dir='ltr'><strong>nique</strong></span> <span class='ocrx_word' id='word_1_652' title='bbox 686 4545 833 4645; x_wconf 67' lang='lat' dir='ltr'><strong>aliud</strong></span> <span class='ocrx_word' id='word_1_653' title='bbox 869 4548 1167 4620; x_wconf 89' lang='lat' dir='ltr'><strong>quidquam</strong></span> <span class='ocrx_word' id='word_1_654' title='bbox 1208 4566 1398 4627; x_wconf 88' lang='lat' dir='ltr'><strong>eorum</strong></span> <span class='ocrx_word' id='word_1_655' title='bbox 1442 4569 1567 4626; x_wconf 66' lang='lat' dir='ltr'><strong>quae</strong></span> <span class='ocrx_word' id='word_1_656' title='bbox 1593 4555 1704 4612; x_wconf 91' lang='lat' dir='ltr'><strong>vita</strong></span> <span class='ocrx_word' id='word_1_657' title='bbox 1737 4557 1862 4623; x_wconf 81' lang='lat' dir='ltr'><strong>fert,</strong></span> <span class='ocrx_word' id='word_1_658' title='bbox 1897 4561 2063 4616; x_wconf 90' lang='lat' dir='ltr'><strong>susci-</strong></span> 
     </span>
    </p>
   </div>
   <div class='ocr_carea' id='block_1_93' title="bbox 2177 4543 3759 4645">
    <p class='ocr_par' dir='ltr' id='par_1_93' title="bbox 2177 4557 3759 4631">
     <span class='ocr_line' id='line_1_93' title="bbox 2177 4557 3759 4631; baseline -0.004 -17"><span class='ocrx_word' id='word_1_659' title='bbox 2177 4560 2268 4614; x_wconf 87' lang='grc' dir='ltr'><strong>τοῦ</strong></span> <span class='ocrx_word' id='word_1_660' title='bbox 2299 4561 2434 4614; x_wconf 88' lang='grc' dir='ltr'>Θεοῦ</span> <span class='ocrx_word' id='word_1_661' title='bbox 2465 4561 2693 4631; x_wconf 83' lang='grc' dir='ltr'>δυνάμει</span> <span class='ocrx_word' id='word_1_662' title='bbox 2757 4557 3037 4631; x_wconf 82' lang='grc' dir='ltr'>παρῆχθαι</span> <span class='ocrx_word' id='word_1_663' title='bbox 3064 4573 3078 4588; x_wconf 83' lang='lat'><strong><em>°</em></strong></span> <span class='ocrx_word' id='word_1_664' title='bbox 3113 4557 3295 4612; x_wconf 88' lang='grc' dir='ltr'>πάντα</span> <span class='ocrx_word' id='word_1_665' title='bbox 3328 4558 3398 4612; x_wconf 87' lang='grc' dir='ltr'><strong>τά</strong></span> <span class='ocrx_word' id='word_1_666' title='bbox 3418 4575 3478 4611; x_wconf 86' lang='grc' dir='ltr'><strong>τε</strong></span> <span class='ocrx_word' id='word_1_667' title='bbox 3502 4557 3620 4610; x_wconf 85' lang='grc' dir='ltr'>θεῖα</span> <span class='ocrx_word' id='word_1_668' title='bbox 3653 4558 3759 4609; x_wconf 75' lang='grc' dir='ltr'>καὶ</span> 
     </span>
    </p>
   </div>
   <div class='ocr_carea' id='block_1_94' title="bbox 501 4633 2063 4723">
    <p class='ocr_par' dir='ltr' id='par_1_94' title="bbox 501 4633 2063 4717">
     <span class='ocr_line' id='line_1_94' title="bbox 501 4633 2063 4717; baseline 0.013 -32"><span class='ocrx_word' id='word_1_669' title='bbox 501 4633 669 4703; x_wconf 86' lang='lat' dir='ltr'><strong>pitur.</strong></span> <span class='ocrx_word' id='word_1_670' title='bbox 719 4633 851 4691; x_wconf 87' lang='lat' dir='ltr'><strong>Fide</strong></span> <span class='ocrx_word' id='word_1_671' title='bbox 903 4638 1263 4713; x_wconf 76' lang='lat' dir='ltr'><strong>intelligimus</strong></span> <span class='ocrx_word' id='word_1_672' title='bbox 1323 4643 1420 4702; x_wconf 91' lang='lat' dir='ltr'><strong>Dei</strong></span> <span class='ocrx_word' id='word_1_673' title='bbox 1481 4648 1733 4717; x_wconf 88' lang='lat' dir='ltr'><strong>potentia</strong></span> <span class='ocrx_word' id='word_1_674' title='bbox 1774 4657 1974 4705; x_wconf 86' lang='lat' dir='ltr'><strong>cuncta</strong></span> <span class='ocrx_word' id='word_1_675' title='bbox 2005 4667 2063 4707; x_wconf 75' lang='lat' dir='ltr'><strong>es</strong></span> 
     </span>
    </p>
   </div>
   <div class='ocr_carea' id='block_1_95' title="bbox 2177 4633 3758 4723">
    <p class='ocr_par' dir='ltr' id='par_1_95' title="bbox 2177 4648 3758 4723">
     <span class='ocr_line' id='line_1_95' title="bbox 2177 4648 3758 4723; baseline -0.003 -17"><span class='ocrx_word' id='word_1_676' title='bbox 2177 4652 2245 4706; x_wconf 80' lang='grc' dir='ltr'>τὰ</span> <span class='ocrx_word' id='word_1_677' title='bbox 2274 4651 2593 4723; x_wconf 82' lang='grc' dir='ltr'>ἀνθρώπινα</span> <span class='ocrx_word' id='word_1_678' title='bbox 2618 4650 2799 4704; x_wconf 88' lang='grc' dir='ltr'>πίστει</span> <span class='ocrx_word' id='word_1_679' title='bbox 2843 4649 3243 4722; x_wconf 83' lang='grc' dir='ltr'>κατορθοῦμεν.</span> <span class='ocrx_word' id='word_1_680' title='bbox 3287 4651 3477 4713; x_wconf 89' lang='grc' dir='ltr'>Πίστις</span> <span class='ocrx_word' id='word_1_681' title='bbox 3511 4648 3568 4702; x_wconf 82' lang='grc' dir='ltr'>δέ</span> <span class='ocrx_word' id='word_1_682' title='bbox 3599 4649 3758 4702; x_wconf 76' lang='grc' dir='ltr'>ἐστιν</span> 
     </span>
    </p>
   </div>
   <div class='ocr_carea' id='block_1_96' title="bbox 501 4723 2063 4815">
    <p class='ocr_par' dir='ltr' id='par_1_96' title="bbox 501 4723 2063 4810">
     <span class='ocr_line' id='line_1_96' title="bbox 501 4723 2063 4810; baseline 0.012 -32"><span class='ocrx_word' id='word_1_683' title='bbox 501 4723 675 4779; x_wconf 91' lang='lat' dir='ltr'><strong>nihilo</strong></span> <span class='ocrx_word' id='word_1_684' title='bbox 722 4727 987 4796; x_wconf 88' lang='lat' dir='ltr'><strong>producta</strong></span> <span class='ocrx_word' id='word_1_685' title='bbox 1052 4747 1198 4788; x_wconf 89' lang='lat' dir='ltr'><strong>esse.</strong></span> <span class='ocrx_word' id='word_1_686' title='bbox 1227 4732 1360 4791; x_wconf 86' lang='lat' dir='ltr'><strong>Fide</strong></span> <span class='ocrx_word' id='word_1_687' title='bbox 1393 4737 1578 4792; x_wconf 89' lang='lat' dir='ltr'><strong>omnia</strong></span> <span class='ocrx_word' id='word_1_688' title='bbox 1627 4747 1776 4795; x_wconf 89' lang='lat' dir='ltr'><strong>recte</strong></span> <span class='ocrx_word' id='word_1_689' title='bbox 1802 4741 2063 4810; x_wconf 79' lang='lat' dir='ltr'><strong>gerimus,</strong></span> 
     </span>
    </p>
   </div>
   <div class='ocr_carea' id='block_1_97' title="bbox 2177 4723 3196 4815">
    <p class='ocr_par' dir='ltr' id='par_1_97' title="bbox 2177 4741 3196 4815">
     <span class='ocr_line' id='line_1_97' title="bbox 2177 4741 3196 4815; baseline -0.001 -16"><span class='ocrx_word' id='word_1_690' title='bbox 2177 4743 2744 4815; x_wconf 84' lang='grc' dir='ltr'>ἁπολυπραγμόνητος</span> <span class='ocrx_word' id='word_1_691' title='bbox 2776 4741 3196 4813; x_wconf 84' lang='grc' dir='ltr'>συγκατάθεσις.</span> 
     </span>
    </p>
   </div>
   <div class='ocr_carea' id='block_1_98' title="bbox 501 4815 2062 4896">
    <p class='ocr_par' dir='ltr' id='par_1_98' title="bbox 501 4815 2062 4896">
     <span class='ocr_line' id='line_1_98' title="bbox 501 4815 2062 4896; baseline 0.013 -29"><span class='ocrx_word' id='word_1_692' title='bbox 501 4821 617 4868; x_wconf 88' lang='lat' dir='ltr'><strong>tum</strong></span> <span class='ocrx_word' id='word_1_693' title='bbox 647 4815 904 4885; x_wconf 86' lang='lat' dir='ltr'><strong>humana,</strong></span> <span class='ocrx_word' id='word_1_694' title='bbox 940 4829 1053 4876; x_wconf 89' lang='lat' dir='ltr'><strong>tum</strong></span> <span class='ocrx_word' id='word_1_695' title='bbox 1081 4822 1286 4879; x_wconf 87' lang='lat' dir='ltr'><strong>divina.</strong></span> <span class='ocrx_word' id='word_1_696' title='bbox 1311 4827 1472 4883; x_wconf 92' lang='lat' dir='ltr'><strong>Fides</strong></span> <span class='ocrx_word' id='word_1_697' title='bbox 1499 4843 1662 4896; x_wconf 89' lang='lat' dir='ltr'><strong>porro</strong></span> <span class='ocrx_word' id='word_1_698' title='bbox 1689 4837 1772 4886; x_wconf 88' lang='lat' dir='ltr'><strong>est</strong></span> <span class='ocrx_word' id='word_1_699' title='bbox 1801 4846 2062 4888; x_wconf 71' lang='lat' dir='ltr'><strong>assensus</strong></span> 
     </span>
    </p>
   </div>
   <div class='ocr_carea' id='block_1_99' title="bbox 501 4907 1593 4982">
    <p class='ocr_par' dir='ltr' id='par_1_99' title="bbox 501 4907 1593 4982">
     <span class='ocr_line' id='line_1_99' title="bbox 501 4907 1593 4982; baseline 0.012 -23"><span class='ocrx_word' id='word_1_700' title='bbox 501 4907 651 4960; x_wconf 88' lang='lat' dir='ltr'><strong>omni</strong></span> <span class='ocrx_word' id='word_1_701' title='bbox 677 4911 894 4964; x_wconf 86' lang='lat' dir='ltr'><strong>curiosa</strong></span> <span class='ocrx_word' id='word_1_702' title='bbox 921 4911 1276 4982; x_wconf 90' lang='lat' dir='ltr'><strong>inquisitione</strong></span> <span class='ocrx_word' id='word_1_703' title='bbox 1297 4933 1499 4975; x_wconf 87' lang='lat' dir='ltr'><strong>vacans</strong></span> <span class='ocrx_word' id='word_1_704' title='bbox 1522 4921 1593 4972; x_wconf 81' lang='grc'><strong>⁸⁸.</strong></span> 
     </span>
    </p>
   </div>
   <div class='ocr_carea' id='block_1_100' title="bbox 571 4996 2066 5086">
    <p class='ocr_par' dir='ltr' id='par_1_100' title="bbox 571 4996 2066 5086">
     <span class='ocr_line' id='line_1_100' title="bbox 571 4996 2066 5086; baseline 0.012 -32"><span class='ocrx_word' id='word_1_705' title='bbox 571 4996 774 5054; x_wconf 74' lang='lat' dir='ltr'><strong>Christi</strong></span> <span class='ocrx_word' id='word_1_706' title='bbox 802 5018 977 5056; x_wconf 90' lang='lat' dir='ltr'><strong>rerum</strong></span> <span class='ocrx_word' id='word_1_707' title='bbox 1001 5005 1149 5060; x_wconf 82' lang='lat' dir='ltr'><strong>nulla</strong></span> <span class='ocrx_word' id='word_1_708' title='bbox 1173 5009 1472 5065; x_wconf 84' lang='lat' dir='ltr'><strong>mirabilior</strong></span> <span class='ocrx_word' id='word_1_709' title='bbox 1497 5013 1833 5086; x_wconf 85' lang='lat' dir='ltr'><strong>cruce._Ejus</strong></span> <span class='ocrx_word' id='word_1_710' title='bbox 1867 5015 2066 5086; x_wconf 84' lang='lat' dir='ltr'><strong>bene/i-</strong></span> 
     </span>
    </p>
   </div>
   <div class='ocr_carea' id='block_1_101' title="bbox 500 5084 2073 5162">
    <p class='ocr_par' dir='ltr' id='par_1_101' title="bbox 500 5084 2073 5162">
     <span class='ocr_line' id='line_1_101' title="bbox 500 5084 2073 5162; baseline 0.013 -19"><span class='ocrx_word' id='word_1_711' title='bbox 500 5089 1030 5162; x_wconf 86' lang='lat' dir='ltr'><strong>cia.—Quanquam</strong></span> <span class='ocrx_word' id='word_1_712' title='bbox 1066 5105 1249 5154; x_wconf 88' lang='lat' dir='ltr'><strong>autem</strong></span> <span class='ocrx_word' id='word_1_713' title='bbox 1275 5103 1456 5158; x_wconf 91' lang='lat' dir='ltr'><strong>omnis</strong></span> <span class='ocrx_word' id='word_1_714' title='bbox 1494 5084 1698 5161; x_wconf 81' lang='lat' dir='ltr'><strong>Christi</strong></span> <span class='ocrx_word' id='word_1_715' title='bbox 1722 5107 1870 5161; x_wconf 87' lang='lat' dir='ltr'><strong>actio</strong></span> <span class='ocrx_word' id='word_1_716' title='bbox 1897 5116 1952 5162; x_wconf 89' lang='lat' dir='ltr'><strong>et</strong></span> <span class='ocrx_word' id='word_1_717' title='bbox 1973 5084 2073 5162; x_wconf 72' lang='lat' dir='ltr'><strong>nii-</strong></span> 
     </span>
    </p>
   </div>
   <div class='ocr_carea' id='block_1_102' title="bbox 503 5183 2067 5260">
    <p class='ocr_par' dir='ltr' id='par_1_102' title="bbox 503 5183 2067 5260">
     <span class='ocr_line' id='line_1_102' title="bbox 503 5183 2067 5260; baseline 0.012 -25"><span class='ocrx_word' id='word_1_718' title='bbox 503 5183 819 5239; x_wconf 89' lang='lat' dir='ltr'><strong>raculorum</strong></span> <span class='ocrx_word' id='word_1_719' title='bbox 845 5186 1033 5252; x_wconf 90' lang='lat' dir='ltr'><strong>editio,</strong></span> <span class='ocrx_word' id='word_1_720' title='bbox 1057 5193 1340 5260; x_wconf 69' lang='lat' dir='ltr'><strong>praeclara,</strong></span> <span class='ocrx_word' id='word_1_721' title='bbox 1373 5195 1556 5250; x_wconf 85' lang='lat' dir='ltr'><strong>divina</strong></span> <span class='ocrx_word' id='word_1_722' title='bbox 1574 5212 1635 5252; x_wconf 90' lang='lat' dir='ltr'><strong>ac</strong></span> <span class='ocrx_word' id='word_1_723' title='bbox 1658 5199 1927 5255; x_wconf 85' lang='lat' dir='ltr'><strong>mirabilis</strong></span> <span class='ocrx_word' id='word_1_724' title='bbox 1949 5209 2067 5255; x_wconf 85' lang='lat' dir='ltr'><strong>est:</strong></span> 
     </span>
    </p>
   </div>
   <div class='ocr_carea' id='block_1_103' title="bbox 502 5273 2070 5358">
    <p class='ocr_par' dir='ltr' id='par_1_103' title="bbox 502 5273 2070 5358">
     <span class='ocr_line' id='line_1_103' title="bbox 502 5273 2070 5358; baseline 0.012 -32"><span class='ocrx_word' id='word_1_725' title='bbox 502 5273 638 5328; x_wconf 88' lang='lat' dir='ltr'><strong>nihil</strong></span> <span class='ocrx_word' id='word_1_726' title='bbox 667 5282 861 5358; x_wconf 19' lang='lat' dir='ltr'><strong>tamen.</strong></span> <span class='ocrx_word' id='word_1_727' title='bbox 885 5286 972 5334; x_wconf 85' lang='lat' dir='ltr'><strong>est</strong></span> <span class='ocrx_word' id='word_1_728' title='bbox 1007 5294 1072 5334; x_wconf 84' lang='lat' dir='ltr'><strong>ex</strong></span> <span class='ocrx_word' id='word_1_729' title='bbox 1112 5283 1368 5340; x_wconf 86' lang='lat' dir='ltr'><strong>omnibus</strong></span> <span class='ocrx_word' id='word_1_730' title='bbox 1399 5285 1545 5354; x_wconf 87' lang='lat' dir='ltr'><strong>quod</strong></span> <span class='ocrx_word' id='word_1_731' title='bbox 1595 5287 1957 5344; x_wconf 89' lang='lat' dir='ltr'><strong>admiratione</strong></span> <span class='ocrx_word' id='word_1_732' title='bbox 1989 5291 2070 5345; x_wconf 87' lang='lat' dir='ltr'><strong>di-</strong></span> 
     </span>
    </p>
   </div>
   <div class='ocr_carea' id='block_1_104' title="bbox 2243 5001 3751 5077">
    <p class='ocr_par' dir='ltr' id='par_1_104' title="bbox 2243 5001 3751 5077">
     <span class='ocr_line' id='line_1_104' title="bbox 2243 5001 3751 5077; baseline -0.003 -15"><span class='ocrx_word' id='word_1_733' title='bbox 2243 5009 2401 5062; x_wconf 83' lang='grc' dir='ltr'>Πᾶσα</span> <span class='ocrx_word' id='word_1_734' title='bbox 2457 5006 2555 5077; x_wconf 81' lang='grc' dir='ltr'>μὲν</span> <span class='ocrx_word' id='word_1_735' title='bbox 2617 5001 2710 5059; x_wconf 81' lang='grc' dir='ltr'><strong>οῦν</strong></span> <span class='ocrx_word' id='word_1_736' title='bbox 2779 5005 2978 5076; x_wconf 77' lang='grc' dir='ltr'>πρᾶξις</span> <span class='ocrx_word' id='word_1_737' title='bbox 3033 5005 3128 5060; x_wconf 75' lang='grc' dir='ltr'>καὶ</span> <span class='ocrx_word' id='word_1_738' title='bbox 3168 5003 3580 5076; x_wconf 86' lang='grc' dir='ltr'>θαυματουργία</span> <span class='ocrx_word' id='word_1_739' title='bbox 3639 5006 3751 5058; x_wconf 80' lang='grc' dir='ltr'><strong>τοῦ</strong></span> 
     </span>
    </p>
   </div>
   <div class='ocr_carea' id='block_1_105' title="bbox 2178 5095 3764 5173">
    <p class='ocr_par' dir='ltr' id='par_1_105' title="bbox 2178 5095 3764 5173">
     <span class='ocr_line' id='line_1_105' title="bbox 2178 5095 3764 5173; baseline -0.003 -18"><span class='ocrx_word' id='word_1_740' title='bbox 2178 5099 2416 5173; x_wconf 86' lang='grc' dir='ltr'>Χριστοῦ</span> <span class='ocrx_word' id='word_1_741' title='bbox 2463 5097 2717 5169; x_wconf 84' lang='grc' dir='ltr'>μεγίστη,</span> <span class='ocrx_word' id='word_1_742' title='bbox 2777 5101 2872 5152; x_wconf 76' lang='grc' dir='ltr'><strong>καὶ</strong></span> <span class='ocrx_word' id='word_1_743' title='bbox 2919 5099 3060 5164; x_wconf 87' lang='grc' dir='ltr'>θεία,</span> <span class='ocrx_word' id='word_1_744' title='bbox 3107 5098 3202 5152; x_wconf 86' lang='lat' dir='ltr'><strong>xu‘t</strong></span> <span class='ocrx_word' id='word_1_745' title='bbox 3247 5098 3570 5168; x_wconf 85' lang='grc' dir='ltr'>θαυμαστή·</span> <span class='ocrx_word' id='word_1_746' title='bbox 3611 5095 3764 5150; x_wconf 70' lang='grc' dir='ltr'>ἀλλὰ</span> 
     </span>
    </p>
   </div>
   <div class='ocr_carea' id='block_1_106' title="bbox 2178 5190 3760 5263">
    <p class='ocr_par' dir='ltr' id='par_1_106' title="bbox 2178 5190 3760 5263">
     <span class='ocr_line' id='line_1_106' title="bbox 2178 5190 3760 5263; baseline -0.003 -15"><span class='ocrx_word' id='word_1_747' title='bbox 2178 5195 2396 5248; x_wconf 86' lang='grc' dir='ltr'>πάντων</span> <span class='ocrx_word' id='word_1_748' title='bbox 2420 5193 2540 5246; x_wconf 61' lang='grc' dir='ltr'><strong>ἐστὶ¹</strong></span> <span class='ocrx_word' id='word_1_749' title='bbox 2571 5191 3013 5263; x_wconf 85' lang='grc' dir='ltr'>θαυμαστότερον</span> <span class='ocrx_word' id='word_1_750' title='bbox 3041 5190 3266 5261; x_wconf 84' lang='grc' dir='ltr'>ὁτίμιος</span> <span class='ocrx_word' id='word_1_751' title='bbox 3295 5191 3458 5245; x_wconf 79' lang='grc' dir='ltr'>αὑτοῦ</span> <span class='ocrx_word' id='word_1_752' title='bbox 3494 5190 3760 5258; x_wconf 80' lang='grc' dir='ltr'>σταυρός.</span> 
     </span>
    </p>
   </div>
   <div class='ocr_carea' id='block_1_107' title="bbox 2172 5282 3764 5357">
    <p class='ocr_par' dir='ltr' id='par_1_107' title="bbox 2172 5282 3764 5357">
     <span class='ocr_line' id='line_1_107' title="bbox 2172 5282 3764 5357; baseline -0.004 -18"><span class='ocrx_word' id='word_1_753' title='bbox 2172 5287 2252 5340; x_wconf 86' lang='grc' dir='ltr'><strong>Δι’</strong></span> <span class='ocrx_word' id='word_1_754' title='bbox 2287 5285 2498 5348; x_wconf 80' lang='grc' dir='ltr'>οὐδενὸς</span> <span class='ocrx_word' id='word_1_755' title='bbox 2525 5285 2636 5357; x_wconf 82' lang='grc' dir='ltr'>γὰρ</span> <span class='ocrx_word' id='word_1_756' title='bbox 2669 5285 2856 5356; x_wconf 78' lang='grc' dir='ltr'>ἐτέρου</span> <span class='ocrx_word' id='word_1_757' title='bbox 2888 5286 2916 5337; x_wconf 87' lang='grc' dir='ltr'><strong>ὁ</strong></span> <span class='ocrx_word' id='word_1_758' title='bbox 2941 5283 3167 5346; x_wconf 84' lang='grc' dir='ltr'>θάνατος</span> <span class='ocrx_word' id='word_1_759' title='bbox 3197 5283 3560 5354; x_wconf 85' lang='grc' dir='ltr'>κατήργηται,</span> <span class='ocrx_word' id='word_1_760' title='bbox 3595 5282 3627 5350; x_wconf 79' lang='grc' dir='ltr'>ἡ</span> <span class='ocrx_word' id='word_1_761' title='bbox 3656 5282 3764 5334; x_wconf 75' lang='grc' dir='ltr'><strong>τοῦ</strong></span> 
     </span>
    </p>
   </div>
   <div class='ocr_carea' id='block_1_108' title="bbox 572 5437 2080 5514">
    <p class='ocr_par' dir='ltr' id='par_1_108' title="bbox 572 5437 2080 5514">
     <span class='ocr_line' id='line_1_108' title="bbox 572 5437 2080 5514; baseline 0.005 -15"><span class='ocrx_word' id='word_1_762' title='bbox 572 5439 620 5514; x_wconf 74' lang='lat'><strong>&quot;_</strong></span> <span class='ocrx_word' id='word_1_763' title='bbox 653 5437 811 5492; x_wconf 79' lang='lat' dir='ltr'><strong>Rom.</strong></span> <span class='ocrx_word' id='word_1_764' title='bbox 842 5437 932 5514; x_wconf 43' lang='grc' dir='ltr'>ες),</span> <span class='ocrx_word' id='word_1_765' title='bbox 974 5439 1062 5514; x_wconf 62' lang='grc'><strong>17.</strong></span> <span class='ocrx_word' id='word_1_766' title='bbox 1086 5443 1156 5514; x_wconf 27' lang='grc' dir='ltr'><strong>,ξ’</strong></span> <span class='ocrx_word' id='word_1_767' title='bbox 1191 5442 1354 5498; x_wconf 81' lang='lat' dir='ltr'><strong>Hebr.</strong></span> <span class='ocrx_word' id='word_1_768' title='bbox 1387 5460 1465 5510; x_wconf 75' lang='grc' dir='ltr'><strong>κι,</strong></span> <span class='ocrx_word' id='word_1_769' title='bbox 1505 5446 1554 5502; x_wconf 81' lang='lat' dir='ltr'><strong>l.</strong></span> <span class='ocrx_word' id='word_1_770' title='bbox 1639 5450 1681 5481; x_wconf 77' lang='grc'><strong>⁹¹</strong></span> <span class='ocrx_word' id='word_1_771' title='bbox 1718 5449 1892 5506; x_wconf 84' lang='lat' dir='ltr'><strong>lCor.</strong></span> <span class='ocrx_word' id='word_1_772' title='bbox 1927 5468 1964 5514; x_wconf 83' lang='grc' dir='ltr'><strong>ι,</strong></span> <span class='ocrx_word' id='word_1_773' title='bbox 1993 5450 2080 5506; x_wconf 74' lang='lat'><strong>25.</strong></span> 
     </span>
    </p>
   </div>
   <div class='ocr_carea' id='block_1_109' title="bbox 1085 5447 3257 5524">
    <p class='ocr_par' dir='ltr' id='par_1_109' title="bbox 1085 5447 3257 5524">
     <span class='ocr_line' id='line_1_109' title="bbox 1085 5447 3257 5524; baseline 0.002 -29"><span class='ocrx_word' id='word_1_774' title='bbox 1085 5447 1156 5524; x_wconf 40' lang='lat' dir='ltr'><strong>ﬂ&quot;</strong></span> <span class='ocrx_word' id='word_1_775' title='bbox 1191 5447 1354 5524; x_wconf 79' lang='lat' dir='ltr'><strong>Hebr.</strong></span> <span class='ocrx_word' id='word_1_776' title='bbox 1387 5460 1465 5524; x_wconf 59' lang='grc' dir='ltr'>ξι,</span> <span class='ocrx_word' id='word_1_777' title='bbox 1505 5447 1554 5502; x_wconf 84' lang='lat' dir='ltr'><strong>l.</strong></span> <span class='ocrx_word' id='word_1_778' title='bbox 1639 5450 1681 5481; x_wconf 77' lang='lat'><strong>°‘</strong></span> <span class='ocrx_word' id='word_1_779' title='bbox 1718 5449 1892 5506; x_wconf 84' lang='lat' dir='ltr'><strong>lCor.</strong></span> <span class='ocrx_word' id='word_1_780' title='bbox 1927 5468 1964 5514; x_wconf 87' lang='lat' dir='ltr'><strong>t,</strong></span> <span class='ocrx_word' id='word_1_781' title='bbox 1993 5450 2080 5506; x_wconf 75' lang='lat'><strong>23.</strong></span> <span class='ocrx_word' id='word_1_782' title='bbox 2189 5451 2235 5484; x_wconf 80' lang='grc'><strong>⁹¹</strong></span> <span class='ocrx_word' id='word_1_783' title='bbox 2265 5451 2285 5505; x_wconf 95' lang='lat' dir='ltr'><strong>l</strong></span> <span class='ocrx_word' id='word_1_784' title='bbox 2315 5449 2446 5506; x_wconf 90' lang='lat' dir='ltr'><strong>Cor.</strong></span> <span class='ocrx_word' id='word_1_785' title='bbox 2491 5467 2553 5516; x_wconf 88' lang='lat' dir='ltr'><strong>ll,</strong></span> <span class='ocrx_word' id='word_1_786' title='bbox 2588 5449 2676 5506; x_wconf 80' lang='grc'><strong>15.</strong></span> <span class='ocrx_word' id='word_1_787' title='bbox 2767 5449 2813 5482; x_wconf 79' lang='grc'><strong>⁸³</strong></span> <span class='ocrx_word' id='word_1_788' title='bbox 2867 5447 3028 5502; x_wconf 82' lang='lat' dir='ltr'><strong>llebr.</strong></span> <span class='ocrx_word' id='word_1_789' title='bbox 3078 5463 3152 5514; x_wconf 73' lang='lat' dir='ltr'><strong>xx,</strong></span> <span class='ocrx_word' id='word_1_790' title='bbox 3205 5449 3257 5502; x_wconf 85' lang='lat'><strong>6.</strong></span> 
     </span>
    </p>
   </div>
   <div class='ocr_carea' id='block_1_110' title="bbox 505 5508 1506 5574">
    <p class='ocr_par' dir='ltr' id='par_1_110' title="bbox 505 5508 1506 5574">
     <span class='ocr_line' id='line_1_110' title="bbox 505 5508 1506 5574; baseline 0.01 -14"><span class='ocrx_word' id='word_1_791' title='bbox 505 5508 800 5574; x_wconf 78' lang='lat' dir='ltr'><strong>psal.csv.</strong></span> <span class='ocrx_word' id='word_1_792' title='bbox 878 5511 925 5542; x_wconf 85' lang='lat'><strong><em>&quot;</em></strong></span> <span class='ocrx_word' id='word_1_793' title='bbox 972 5509 1141 5565; x_wconf 87' lang='lat' dir='ltr'><strong>Basil.</strong></span> <span class='ocrx_word' id='word_1_794' title='bbox 1218 5513 1315 5567; x_wconf 86' lang='lat' dir='ltr'><strong>cit.</strong></span> <span class='ocrx_word' id='word_1_795' title='bbox 1397 5508 1506 5570; x_wconf 87' lang='lat' dir='ltr'><strong>loc.</strong></span> 
     </span>
    </p>
   </div>
   <div class='ocr_carea' id='block_1_111' title="bbox 3382 5445 3762 5502">
    <p class='ocr_par' dir='ltr' id='par_1_111' title="bbox 3382 5445 3762 5502">
     <span class='ocr_line' id='line_1_111' title="bbox 3382 5445 3762 5502; baseline 0.008 -3"><span class='ocrx_word' id='word_1_796' title='bbox 3382 5449 3427 5480; x_wconf 78' lang='lat'><strong>&quot;</strong></span> <span class='ocrx_word' id='word_1_797' title='bbox 3491 5445 3653 5500; x_wconf 80' lang='lat' dir='ltr'><strong>Basil.</strong></span> <span class='ocrx_word' id='word_1_798' title='bbox 3702 5450 3762 5502; x_wconf 86' lang='lat' dir='ltr'><strong>in</strong></span> 
     </span>
    </p>
   </div>
   <div class='ocr_carea' id='block_1_112' title="bbox 1786 5601 2455 5663">
    <p class='ocr_par' dir='ltr' id='par_1_112' title="bbox 1786 5601 2455 5663">
     <span class='ocr_line' id='line_1_112' title="bbox 1786 5601 2455 5663; baseline 0 -1"><span class='ocrx_word' id='word_1_799' title='bbox 1786 5605 2018 5663; x_wconf 58' lang='lat' dir='ltr'><strong>VARIIE</strong></span> <span class='ocrx_word' id='word_1_800' title='bbox 2053 5601 2455 5663; x_wconf 85' lang='lat' dir='ltr'><strong>LECTIONES.</strong></span> 
     </span>
    </p>
   </div>
   <div class='ocr_carea' id='block_1_113' title="bbox 558 5702 1472 5780">
    <p class='ocr_par' dir='ltr' id='par_1_113' title="bbox 558 5702 1472 5780">
     <span class='ocr_line' id='line_1_113' title="bbox 558 5702 1472 5780; baseline 0.014 -23"><span class='ocrx_word' id='word_1_801' title='bbox 558 5709 592 5750; x_wconf 75' lang='grc' dir='ltr'><em>Ρ</em></span> <span class='ocrx_word' id='word_1_802' title='bbox 621 5702 795 5770; x_wconf 82' lang='lat' dir='ltr'><strong>Codd.</strong></span> <span class='ocrx_word' id='word_1_803' title='bbox 834 5703 946 5762; x_wconf 74' lang='lat' dir='ltr'><strong>fere</strong></span> <span class='ocrx_word' id='word_1_804' title='bbox 967 5723 1159 5768; x_wconf 88' lang='lat' dir='ltr'><strong>omnes</strong></span> <span class='ocrx_word' id='word_1_805' title='bbox 1188 5710 1472 5780; x_wconf 75' lang='grc' dir='ltr'>ἐρευνῶσι.</span> 
     </span>
    </p>
   </div>
  </div>
