3926 6292
525 189 664 268 ῙῙῙῧ

1699 208 1760 269 S.
1804 203 2126 269 JOANNIS
2186 201 2622 267 DAMASCENI

3671 189 3818 258 meo
3920 135 3921 140 Ν

525 317 794 389 baptizari
822 316 1195 374 necessarium
1217 323 1301 374 est
1320 336 1335 386 ;
1355 316 1651 389 baptizari,
1682 319 1933 389 inquam,
1965 319 2110 374 sicut
2139 373 2141 379 ,

2246 318 2305 372 αὶ
2353 317 2510 386 ἅγιον
2550 315 2780 388 Πνεῦμα
2833 312 3262 386 βαπτισθέντες,
3297 310 3428 385 μίαν
3486 311 3653 382 φύσιν
3710 312 3819 378 τῆς

526 424 558 463 a
584 407 820 464 Domino
847 409 1056 465 dictum
1083 417 1206 465 est:
1242 408 1309 464 In
1335 409 1544 465 nomine
1578 408 1764 466 Patris
1802 421 1854 466 et
1893 410 2028 466 Filii
2059 423 2108 466 et

533 501 770 570 Spiritus
801 503 976 557 sancti
1010 502 1078 558 ”.
1113 501 1325 567 Quibus
1378 503 1589 557 scilicet
1623 502 1828 566 verbis,
1865 501 2039 558 Patris
2061 509 2114 558 et

525 591 648 646 Filii
710 601 765 648 et
821 594 1060 663 Spiritus
1095 593 1272 649 sancti
1333 593 1738 648 confessionem
1797 593 2110 649 edocemur.

526 683 799 750 Quocirca
856 685 950 753 qui
1000 685 1056 738 in
1111 684 1324 740 Patrem
1385 693 1440 740 et
1496 685 1700 739 Filium
1745 694 1801 739 et
1849 683 2113 757 Spiritum

528 784 775 829 sanctum
837 775 1100 845 baptizati
1136 813 1153 840 ,
1213 791 1489 845 unamque
1540 777 1596 831 in
1661 775 1840 830 tribus
1889 775 2117 831 Deitatis

527 865 782 933 personis
815 874 1070 919 naturam
1107 865 1319 928 edocti,
1355 866 1690 936 baptismum
1740 873 2016 934 repetunt,
2055 864 2117 929 ii,

530 955 834 1009 secundum
889 954 1136 1009 divinum
1181 955 1527 1026 Apostolum,
1583 954 1864 1018 Christum
1923 969 2120 1010 rursus

529 1044 897 1114 cruciﬁgunt:
933 1044 1268 1107 lmpossibile
1297 1048 1436 1100 enim
1482 1054 1600 1110 est,
1639 1045 1846 1114 inquit,
1897 1061 1984 1099 eos
2029 1045 2121 1114 qui

532 1133 689 1187 semel
719 1134 1013 1188 illuminati
1040 1145 1188 1200 sunt,
1217 1143 1351 1200 etc.,
1413 1151 1598 1189 rursus
1646 1133 1715 1187 ad
1762 1135 2124 1203 pmnitentiam

477 1218 487 1230 ’
534 1239 801 1286 renovare,
837 1226 1200 1295 cruciﬁgentes
1233 1226 1425 1279 iterum
1463 1225 1628 1296 260
1670 1225 1773 1278 sibi
1806 1225 1936 1291 ipsis
1965 1223 2125 1278 Chri-

533 1323 696 1380 stum,
729 1325 778 1369 et
821 1318 1052 1370 ostentui
1087 1317 1338 1370 habentes
1392 1317 1462 1368 ⁸¹.
1506 1318 1575 1368 At
1621 1315 1714 1385 qui
1764 1316 1819 1370 in
1876 1323 2123 1371 sanctam

369 1379 387 1396 ⁸
427 1469 434 1475 ⁸
537 1379 864 1462 Trinitatem
903 1408 1166 1477 baptizati
1199 1422 1309 1462 non
1345 1413 1498 1473 sunt,
1536 1406 1591 1460 hi
1623 1379 1806 1460 denuo
1839 1405 2124 1476 baptizen-

537 1507 631 1550 tur
683 1513 911 1553 necesse
967 1505 1073 1554 est.
1116 1497 1231 1554 Etsi
1279 1499 1427 1553 enim
1480 1489 1781 1567 Apostolus
1830 1496 1964 1551 dicit
2011 1495 2128 1552 :In

541 1586 816 1645 Christum
872 1598 922 1644 et
969 1590 1023 1643 in
1061 1600 1286 1645 mortem
1338 1591 1504 1659 ipsius
1546 1589 1806 1658 baptizati
1839 1606 2019 1644 sumus
2047 1591 2127 1656 ";

2215 409 2473 479 θεότητος
2494 409 2512 446 τ
2545 409 2604 462 ὲν
2655 406 2836 480 τρισὶν
2871 405 3205 460 ὑποστάσεσι
3254 403 3622 475 διδαχθέντες,
3651 397 3818 464 αὖθις

2215 501 2697 566 ἀναϐαπτίςονται,
2730 491 2877 554 οὗτοι
2921 496 3330 570 ἀνασταυροῦσι
3386 497 3478 550 τδν
3532 495 3817 568 Χριστὸν,

2216 589 2292 658 ὥς
2320 608 2488 664 φησιν
2515 595 2544 647 6
2588 592 2734 657 θεῖος
2773 588 3122 654 Ἀπόστολος.
3163 589 3494 644 Ἀδύνατον
3525 587 3636 658 γὰρ
3669 585 3817 650 τοὺς

2217 684 2382 749 ἅπαξ
2413 682 2844 754 φωτισθέντας,
2865 683 2960 736 καὶ
2993 681 3064 736 τὰ
3101 679 3252 752 ἑξῆς,
3279 675 3453 746 αὖθις
3494 677 3816 734 ἀνακαινί-

2220 774 2339 836 ζειν
2365 775 2456 840 εὶς
2487 773 2838 844 μετάνοιαν,
2869 770 3411 840 ἀνασταυροῦντας
3437 768 3677 834 ἑαυτοῖς
3712 765 3817 820 τὸε⁸

2218 865 2500 934 Χριστὸν,
2528 865 2628 920 καί
2655 861 3326 935 παραδειγματίζοντας.
3357 861 3512 916 Ὅσοι
3533 860 3594 912 δὲ
3629 858 3713 931 μὴ
3738 861 3820 921 εἰς

2219 957 2319 1027 τὴν
2371 955 2532 1026 ἁγίαν
2567 957 2775 1029 Τριάδα
2826 954 3263 1025 ἐϐαπτίσθησαν,
3295 951 3522 1016 τούτους
3549 951 3634 1004 δεῖ
3683 952 3820 1004 ἁνα-

2223 1045 2609 1111 ϐαπτίξεσθαι.
2642 1049 2706 1101 El
2749 1047 2860 1119 γὰρ
2903 1046 2999 1100 καί
3035 1062 3201 1117 φησιν
3239 1044 3432 1108 ὁθείος
3467 1042 3819 1104 Ἀπόστο).ο;,

2223 1138 2306 1191 ὅτι
2337 1141 2444 1204 Είς
2475 1137 2739 1206 Χριστὸν
2764 1138 2862 1192 καί
2909 1139 2996 1203 είς
3032 1135 3144 1190 τὸν
3182 1133 3445 1192 θάνατον
3473 1131 3662 1187 αὑτοῦ
3687 1132 3816 1184 ἐϐα-

2224 1231 2582 1301 πτίσθημεν,
2608 1231 2709 1301 οὐχ
2730 1228 2874 1284 οῦτω
2903 1229 3013 1282 δεῖν
3059 1226 3308 1298 γίνεσθαί
3333 1243 3468 1297 φησι
3500 1223 3598 1278 τοῦ
3622 1223 3823 1294 βαπτίο

2227 1341 2438 1396 σματος
2491 1323 2592 1392 τὴν
2636 1321 2967 1393 ἐπίκλησιν,
3002 1317 3119 1373 ἀλλ’
3159 1319 3243 1372 ὅτι
3291 1317 3464 1381 τύπος
3502 1316 3600 1370 τοῦ
3659 1314 3824 1367 θανᾶ-

2224 1433 2322 1469 του
2373 1415 2468 1468 τοῦ
2509 1412 2749 1486 Χριστοῦ
2779 1415 2896 1466 ἔστι
2949 1412 3012 1465 τὸ
3057 1411 3366 1482 βάπτισμα.
3421 1407 3522 1461 Διὰ
3561 1421 3677 1476 γαρ
3719 1404 3825 1457 τῶν

2225 1507 2394 1578 τριῶν
2421 1504 2534 1578 (68)
2564 1502 2955 1568 καταδύσεων,
2995 1499 3093 1564 τὰς
3121 1500 3273 1571 τρεῖς
3318 1496 3534 1569 ἡμέρας
3579 1494 3685 1563 τῆς
3727 1491 3824 1546 τοῦ

2228 1600 2439 1671 Κυρίου
2493 1598 2672 1669 ταφῆς
2733 1595 2991 1668 σημαίνει
3032 1593 3094 1648 τδ
3150 1593 3455 1664 βάπτισμα.
3487 1590 3561 1644 Τδ
3605 1585 3707 1643 οὖν
3746 1590 3828 1649 είς

541 1697 650 1736 non
684 1691 867 1737 tamen
901 1683 1008 1738 hoc
1040 1684 1178 1746 vult,
1211 1683 1472 1754 baptismi
1503 1684 1907 1738 invocationem
1947 1698 2014 1737 ex
2041 1681 2129 1739 his

2246 1660 2469 1763 Κρίστδν
2493 1660 2863 1760 βαπτισθῆναι
2887 1687 3056 1758 δηλοῖ,
3076 1660 3532 1746 τὸνπιστεῦοντας
3556 1681 3638 1745 είς
3665 1680 3830 1734 αὐτὸν

541 1772 726 1828 verbis
753 1781 1020 1829 constare
1051 1774 1276 1840 debere,
1316 1789 1508 1829 verum
1538 1774 1644 1828 hoc
1675 1773 1919 1836 demum,
1951 1773 2131 1844 bapti-

545 1880 722 1920 smum
774 1867 970 1921 mortis
999 1865 1206 1922 Christi
1238 1868 1468 1938 ﬁguram
1500 1866 1783 1937 praeferre.
1817 1865 2131 1935 Baptismus

544 1957 814 2028 siquidem
855 1960 945 2029 qui
978 1959 1121 2013 trina
1153 1959 1510 2015 immersione
1549 1959 1845 2029 peragitur,
1879 1965 1990 2014 tres
2016 1958 2134 2014 dies

546 2050 844 2121 signiﬁcat,
896 2050 1098 2120 quibus
1155 2049 1423 2106 Dominus
1466 2050 1682 2104 tumulo
1742 2050 1998 2106 conditus
2049 2049 2135 2119 ja-

548 2143 664 2194 cuit
689 2141 757 2193 ⁸³.
803 2141 986 2207 Quare
1018 2141 1074 2194 in
1113 2141 1400 2195 Christum
1451 2140 1786 2211 baptizatum
1835 2155 1958 2196 esse
1997 2139 2136 2194 nihil

549 2231 695 2287 aliud
744 2231 972 2299 indicat,
1025 2248 1191 2304 quam
1227 2234 1282 2288 in
1316 2233 1472 2287 illum
1521 2232 1800 2288 credendo
1852 2233 2135 2288 salutifera

549 2340 692 2393 aqua
721 2325 877 2394 tingi.
909 2325 1053 2381 Fieri
1087 2341 1195 2381 non
1247 2333 1432 2396 potest
1463 2334 1524 2382 ut
1548 2326 1603 2380 in
1633 2325 1912 2382 Christum
1943 2326 2136 2382 creda-

549 2431 694 2481 mus,
735 2416 845 2472 nisi
886 2417 1064 2474 Patris
1095 2426 1150 2473 et
1178 2415 1304 2472 Filii
1351 2426 1406 2473 et
1435 2415 1680 2488 Spiritus
1714 2419 1891 2474 sancti
1919 2417 2138 2473 conl‘es-

551 2509 708 2564 sione
761 2510 956 2564 imbuti
1003 2511 1180 2566 simus
1225 2511 1295 2565 ⁸⁸.
1348 2511 1603 2566 Christus
1636 2511 1782 2566 enim
1833 2520 1918 2566 est
1965 2510 2140 2567 Filius

551 2598 646 2655 Dei
687 2599 795 2654 vivi
830 2603 897 2667 ",
939 2617 1102 2672 quem
1154 2601 1316 2658 Pater
1367 2603 1526 2658 unxit
1583 2603 1794 2672 Spiritu
1849 2612 2042 2658 sancto
2070 2605 2139 2669 ³⁸,

551 2691 1016 2760 quemadmodum
1049 2695 1128 2748 ait
1154 2693 1380 2750 divinus
1419 2693 1590 2748 David
1617 2711 1631 2748 :
1669 2692 1957 2762 PrOpterea
1987 2695 2141 2747 unxit

556 2794 603 2838 te
639 2783 798 2852 Deus,
857 2785 996 2840 Deus
1047 2794 1192 2853 tuus,
1239 2787 1354 2842 oleo
1393 2786 1596 2841 ltetitite
1645 2803 1757 2856 prce
1810 2784 2143 2842 consortibus

555 2876 660 2929 tuis
692 2877 759 2932 ⁸⁷.
797 2877 967 2932 Isaias
999 2893 1219 2948 quoque
1247 2893 1311 2932 ex
1345 2877 1562 2933 Domini
1602 2893 1837 2948 persona
1869 2879 2100 2948 loquens
2127 2895 2141 2932 :

555 2966 790 3037 Spiritus
845 2969 1063 3024 Domini
1119 2985 1274 3038 super
1334 2987 1457 3036 me,
1521 2981 1736 3040 propter
1790 2970 1931 3040 quod
1987 2971 2138 3024 unxit

556 3074 638 3112 me
670 3058 740 3112 ".
773 3057 1068 3115 Enimvero
1115 3075 1368 3130 quaenam
1413 3060 1707 3114 verborum
1756 3059 1932 3114 forma
1981 3059 2137 3113 adhi-

557 3148 736 3203 benda
791 3159 961 3216 esset,
1019 3149 1286 3208 Dominus
1339 3151 1633 3221 discipulis
1677 3151 1794 3207 suis
1841 3151 2138 3221 exposuit:

555 3241 902 3310 Baptizantes
935 3259 1046 3308 eos,
1069 3243 1347 3314 inquiens,
1380 3244 1435 3298 in
1467 3244 1684 3298 nomine
1724 3241 1908 3296 Patris
1936 3251 1985 3296 et
2017 3240 2148 3296 Filii

557 3341 606 3386 et
657 3333 890 3402 Spiritus
915 3336 1088 3388 sancti
1120 3335 1188 3389 ³⁸.
1226 3333 1495 3401 Quoniam
1531 3334 1679 3390 enim
1715 3333 2151 3390 immortalitatis

628 3487 675 3518 ⁸ο
700 3486 892 3544 Matth.
928 3504 1121 3555 xxvru,
1159 3489 1246 3544 19.
1326 3490 1370 3522 ⁸⁸
1403 3486 1570 3545 Hebr.
1604 3505 1678 3552 ιν,
1707 3487 1764 3542 6..
1847 3488 1890 3521 "
1921 3487 2082 3543 Rom.
2119 3503 2198 3556 v1,
2229 3487 2285 3542 '5.

2233 1781 2612 1856 βαπτίζεσθαι.
2656 1779 2950 1834 Ἀδύνατον
3000 1777 3060 1832 δὲ
3097 1779 3179 1842 είς
3222 1775 3459 1848 Χριστὸν
3505 1774 3825 1836 πιστεῦσαι,

2235 1877 2310 1946 μὴ
2339 1874 2686 1946 διδαχθέντας
2716 1872 2815 1944 τὴν
2847 1874 2931 1936 εἰς
2963 1871 3186 1942 Πατέρα
3230 1869 3326 1923 καὶ
3359 1869 3490 1922 Υίὸν
3533 1868 3632 1922 καὶ
3674 1867 3830 1936 ἅγιον

2232 1966 2459 2038 Πνεῦμα
2512 1964 2825 2036 ὁμολογίαν,
2868 1962 3104 2035 Χριστὸς
3139 1961 3248 2033 γάρ
3281 1963 3434 2015 ἐστιν
3479 1962 3508 2014 6
3551 1961 3686 2023 Υἱὸς
3737 1957 3830 2012 τοῦ

2233 2059 2370 2114 Θεοῦ
2399 2057 2494 2112 τοῦ
2527 2057 2754 2122 ζῶντος,
2788 2055 2847 2109 δν
2873 2054 3093 2127 ἔχρισεν
3114 2054 3143 2107 6
3173 2053 3366 2125 Πατὴρ
3392 2051 3471 2122 τῷ
3498 2051 3641 2122 ἁγίῳ
3659 2050 3832 2104 Πνεῦ-

2237 2167 2392 2222 ματι,
2429 2148 2504 2211 ὥς
2535 2164 2702 2219 φησιν
2727 2147 2756 2200 6
2787 2146 2934 2210 θεῖος
2957 2144 3122 2198 Δαϐίδ
3143 2161 3158 2176 ·
3178 2146 3282 2199 Διά
3312 2143 3488 2198 τοῦτο
3521 2141 3739 2212 ἐχρισέ
3762 2157 3840 2194 σε

2236 2244 2270 2296 ό
2301 2240 2482 2305 Θεὸς,
2513 2242 2546 2294 ό
2601 2239 2748 2304 Θεός
2791 2252 2911 2291 σου
2965 2235 3176 2290 ἔλαιον
3221 2233 3643 2306 ἀγαλλιάσεως
3677 2233 3841 2302 παρὰ

2236 2331 2380 2399 τοὺς
2401 2331 2701 2401 μετόχους
2729 2345 2867 2385 σου.
2902 2329 3015 2384 Καὶ
3053 2329 3281 2391 Ἡσαΐας
3305 2329 3369 2381 ὲκ
3409 2325 3714 2398 προσώπου
3745 2324 3839 2378 τοῦ

2237 2422 2448 2493 Κυρίου
2471 2440 2486 2456 ·
2513 2421 2758 2492 Πνεῦμα
2784 2421 3005 2490 Κυρίου
3037 2420 3128 2472 ἐπ’
3160 2418 3286 2489 ἐμὲ,
3304 2414 3378 2474 οὗ
3400 2417 3610 2472 ἕνεκεν
3628 2417 3842 2486 ἐχρισέ

2235 2535 2332 2589 με.
2383 2517 2496 2588 Τὴν
2525 2516 2708 2588 μέντοι
2737 2515 3030 2586 ἐπίκλησιν
3073 2515 3200 2578 τοὺς
3241 2513 3480 2578 οἰκείους
3526 2513 3785 2584 μαθητὰς
3813 2515 3840 2564 ὁ

2241 2610 2446 2681 Κύριος
2478 2608 2746 2664 διδάσκων
2796 2606 2950 2676 ἔλεγε
2978 2623 2993 2638 ·
3025 2605 3422 2672 Βαπτίζοντες
3476 2604 3716 2670 αὐτοὺς
3755 2607 3842 2669 εἰς

2241 2701 2309 2758 τὸ
2345 2702 2538 2771 ὄνομα
2567 2700 2674 2754 τοῦ
2699 2699 2930 2769 Πατρός
2955 2698 3055 2752 καί
3083 2698 3193 2752 τοῦ
3221 2697 3358 2751 Υίοῦ
3392 2695 3489 2750 καί
3523 2695 3634 2750 τοῦ
3666 2696 3846 2766 ἁγίου

2243 2793 2613 2861 Πνεύματος.
2643 2789 2866 2860 Ἐπειδὴ
2895 2788 3006 2861 γὰρ
3030 2789 3118 2842 ἐπ’
3140 2788 3453 2860 ἀφθαρσίαν
3474 2789 3502 2828 ε
3532 2788 3848 2858 πεποίηκεν

2245 2883 2394 2952 ἡμᾶς
2415 2882 2444 2933 6
2467 2880 2621 2945 Θεὸς,
2653 2878 3011 2950 παραϐάντας
3045 2878 3103 2932 δὲ
3131 2877 3232 2948 τὴν
3259 2877 3526 2947 σωτήριον
3560 2873 3733 2928 αὐτοῦ
3758 2877 3850 2928 ὲν-

2249 2971 2430 3043 τολὴν,
2460 2969 2636 3041 φθορᾷ
2661 2970 2896 3023 θανάτου
2926 2968 3310 3031 κατεδίκασεν,
3331 2966 3420 3019 ἵνα
3458 2965 3532 3036 μὴ
3571 2965 3852 3020 ἀθάνατον

2243 3058 2278 3138 ᾗ
2300 3061 2361 3115 τὸ
2399 3061 2591 3127 κακὸν,
2614 3059 2963 3129 συγκαταϐὰς
2987 3058 3044 3112 δὲ
3074 3060 3184 3122 τοῖς
3215 3055 3444 3118 δούλοις,
3471 3056 3547 3118 ὼς
3569 3053 3852 3121 eiaculav-

2249 3170 2376 3226 χνος
2395 3194 2411 3218 ,
2440 3151 2536 3205 καὶ
2577 3150 2699 3204 καθ’
2740 3152 2892 3221 ἡμᾶς
2931 3149 2990 3204 δὲ
3011 3149 3039 3187 δ
3066 3146 3329 3218 γεγονὼς,
3356 3147 3457 3218 τῆς
3507 3145 3722 3216 φθορᾶς
3759 3145 3852 3198 διὰ

2251 3243 2348 3296 τοῦ
2380 3241 2513 3296 ίδίου
2541 3239 2748 3304 πάθους
2774 3239 3122 3311 ὲλυτρώσατο
3143 3253 3156 3267 ·
3190 3239 3470 3308 ὲπήγασεν
3497 3237 3632 3306 ἡμῖν
3663 3238 3730 3289 ἐκ
3747 3235 3848 3302 τῆς

2258 3333 2420 3404 ἁγίας
2449 3332 2544 3386 καὶ
2572 3333 2848 3404 ἀχράντου
2876 3329 3042 3386 αὐτοῦ
3074 3329 3318 3402 πλευρᾶς
3347 3325 3530 3399 πηγὴν
3559 3326 3814 3396 ἀφέσεως
3833 3344 3848 3357 ο

2387 3486 2436 3519 υ
2470 3487 2631 3542 Auct.
2663 3486 2869 3554 Quwst.
2903 3485 2972 3539 ad
3023 3483 3268 3538 Antioch.
3318 3481 3595 3554 “Mansit.
3642 3481 3745 3535 lib.
3779 3480 3854 3535 De

559 3556 703 3627 bapt.
733 3574 772 3623 ι,
815 3573 936 3629 cap.
969 3559 1056 3615 12.
1107 3551 1178 3592 ’⁸⁵
1199 3559 1391 3616 Matth.
1423 3575 1538 3626 xvr,
1565 3551 1672 3613 16.
1738 3559 1784 3591 ⁸⁸
1800 3559 1925 3614 Act.
1962 3575 2018 3626 χ,
2047 3558 2138 3615 58.

2246 3558 2252 3587 ’
2285 3556 2435 3613 Psal.
2464 3573 2609 3624 xuv,
2637 3551 2701 3612 δῖ
2763 3555 2810 3589 ⁸⁸
2834 3557 2939 3612 lsa.
2976 3571 3088 3622 ut,
3115 3556 3168 3609 1.
3243 3554 3290 3585 ³⁸
3317 3551 3504 3608 Matth.
3530 3567 3733 3619 xxvm,
3766 3554 3852 3606 19.

1863 3719 2098 3776 VARUE
2139 3715 2550 3777 LECTIONES.
2802 3779 2804 3781 γ

645 3827 662 3866 τ
693 3830 802 3885 Vox
838 3832 1109 3904 θεότητος,
1145 3836 1298 3892 deest
1329 3837 1384 3891 in
1416 3837 1579 3893 editis
1604 3846 1659 3894 et
1686 3835 1754 3892 R.
1782 3837 1835 3893 1.
1917 3839 1943 3876 ⁸
1973 3834 2109 3893 Cod.

2246 3834 2344 3892 Hii.
2384 3842 2440 3891 et
2480 3831 2571 3888 alii
2605 3829 2759 3887 multi
2793 3827 2883 3883 ἐπ’
2932 3826 3230 3899 ἀφθαρσίᾳ.
3279 3823 3452 3880 Vetus
3511 3821 3749 3890 interpr.
3800 3820 3854 3874 in

559 3900 996 3986 incorruptionef
1043 3903 1071 3943 ιι
1107 3904 1254 3962 Edit.
1291 3906 1458 3964 Basil.
1511 3910 1633 3962 κατ’
1687 3909 1836 3981 ἡμᾶς
1876 3907 1954 3964 δέ.

2093 4017 2320 4076 NOTAE.

568 4128 1021 4212 dinem.__Pr0pt_er
1045 4131 1144 4212 has
1165 4132 1352 4212 itaque
1376 4133 1623 4190 rationes
1653 4133 1853 4212 smelilo
1884 4132 2146 4212 secundo,

568 4203 625 4254 in
656 4199 866 4269 duplici
904 4199 1156 4276 Phrygiae
1180 4199 1412 4276 synodo,
1440 4213 1501 4276 et
1538 4203 1682 4276 apud
1721 4202 2008 4276 {Egyptios
2037 4211 2153 4258 sta-

571 4279 753 4342 tutum
785 4279 979 4342 est,_ut
1012 4273 1254 4342 haeretici
1289 4275 1467 4332 denuo
1493 4273 1927 4342 baptizaren‘t‘ur.
1952 4273 2148 4338 Quam-

571 4341 760 4394 obrem
792 4341 838 4414 si
893 4340 1035 4399 forte
1089 4340 1310 4414 quidam
1344 4361 1410 4400 ex
1448 4346 1528 4398 eis
1566 4340 1794 4398 sincero
1837 4345 1946 4398 ritu
1989 4343 2149 4397 tincti

571 4417 780 4483 essent,
815 4411 1123 4483 baptismus
1144 4415 1234 4470 ille
1265 4415 1562 4476 secundus,
1593 4423 1854 4483 tanquam
1877 4414 1980 4483 sub
2009 4428 2146 4467 con-

2255 4146 2432 4188 canon
2483 4128 2552 4186 46
2579 4143 2642 4184 ex
2697 4127 2807 4184 illis
2834 4125 2927 4197 qui
2967 4123 3268 4196 Apostolici
3295 4131 3584 4197 vocantur,
3623 4123 3855 4192 quojuo

2263 4203 2445 4266 betur,
2483 4208 2544 4254 ut
2587 4199 2635 4252 si
2683 4199 2800 4267 quis
2837 4193 3110 4266 episcopus
3141 4203 3263 4267 aut”
3286 4193 3560 4267 presbyter
3595 4209 3706 4267 non
3745 4206 3854 4267 tres

2257 4264 2524 4325 initiando
2560 4264 2845 4338 ntersiones
2867 4264 3072 4338 Iecerit,
3102 4264 3219 4318 ἀλλ’
3241 4264 3302 4316 ἓν
3326 4264 3631 4338 βαπτισμα,
3659 4265 3742 4325 si;
3764 4265 3860 4315 τὸν

2257 4341 2489 4396 θάνατον
2530 4339 2624 4393 τοῦ
2667 4333 2878 4409 Κυρίου
2927 4337 3220 4409 διδόμενον,
3245 4333 3335 4388 sed
3356 4335 3858 4409 tinctignemltnam

2253 4428 2372 4482 aute
2415 4411 2569 4466 detur
2589 4411 2642 4464 in
2677 4401 2895 4482 mortem
2917 4401 3156 4482 Domini,
3174 4401 3638 4482 deponatur.nN_am
3666 4401 3860 4482 Theo-

573 4471 786 4534 ditione
834 4471 1070 4539 collatus
1112 4483 1469 4539 aestimandus
1521 4471 1658 4538 erat.
1705 4471 1915 4538 'Verum
1963 4482 2142 4537 Latini
2253 4471 2501 4545 doretus,
2536 4482 2630 4534 lib.
2657 4495 2710 4532 iv
2733 4478 2932 4532 Ilwres.
2961 4491 3085 4545 cap.
3107 4475 3160 4540 5;
3189 4471 3468 4545 secrates,
3497 4473 3593 4545 lib_.
3612 4487 3667 4524 τι
3706 4471 3857 4545 Hist.

576 4551 791 4623 meliori
835 4552 954 4623 lege
982 4555 1298 4610 haeretieum
1329 4570 1441 4608 non
1463 4553 1826 4622 recipiebant,
1863 4554 1973 4609 nisi
1993 4569 2146 4622 quae-
2183 4546 2228 4603 D
2253 4543 2861 4623 c.25,et’Soz9_nienus,
2889 4547 2986 4601 lib.
3028 4543 3536 4623 vi,_c.26,scribunt
3553 4543 3859 4623 Eunomia-

578 4621 741 4674 situm
767 4637 872 4691 qua
896 4621 1202 4680 verborum
1233 4624 1409 4679 forma
1431 4621 1736 4692 baptizatus
1759 4631 1924 4680 esset.
1940 4621 2149 4677 Harum

581 4706 791 4773 rnorem
827 4708 937 4747 non
967 4709 1176 4764 paucos
1203 4695 1557 4773 ex_Asiaticis
1583 4695 1867 4764 amplexos
1889 4709 2015 4750 esse
2048 4693 2154 4746 Da-

580 4760 739 4834 silius
769 4762 885 4834 ipse
912 4760 1171 4826 testatur,
1203 4766 1370 4834 epist.
1398 4767 1422 4819 1
1459 4779 1657 4818 canon.

653 4831 767 4904 (68)
796 4831 899 4886 Διά
933 4836 1039 4904 γὰρ
1072 4835 1191 4904 τῶν
1207 4831 1402 4902 τριῶν.
1424 4834 1731 4903 Baptismus
1755 4833 2158 4904 siquidem,et_c.

585 4901 824 4982 Basilius
846 4901 1046 4982 |ib.De_
1062 4901 1270 4982 Spiritu
1300 4901 1768 4982 s_ancto,‘cap._28,
1796 4901 1849 4958 et
1873 4905 2042 4982 epist.
2060 4901 2163 4968 39;

584 4971 979 5053 liieronyﬂmus,
1005 4971 1163 5030 Cant.
1201 4973 1378 5046 Lucii.
1407 4983 1464 5031 et
1496 4971 1692 5053 alii—ab
1725 4971 2026 5053 apostolica
2057 4981 2171 5026 tra-

585 5043 760 5115 ditum
824 5042 1051 5106 ferunt.
1111 5055 1172 5101 ut
1215 5042 1368 5101 terna
1423 5042 1806 5101 mersitatione
1867 5045 2172 5115 baptismus

586 5114 764 5177 ﬁeret,
805 5128 914 5187 non
963 5117 1152 5187 solum
1183 5125 1409 5187 propter
1440 5115 1665 5187 nomina
1699 5115 1864 5187 trium
1899 5114 2172 5187 persona-

587 5197 710 5264 rum
733 5186 1099 5264 sanctissima:
1113 5185 1421 5264 Trinitatis,
1441 5185 1540 5264 sed
1561 5185 1728 5264 etiam
1756 5185 1888 5254 quia
1906 5185 2174 5264 Dominus

587 5254 784 5334 diebus
820 5257 996 5313 tribus
1024 5265 1274 5334 mortuus
1311 5257 1434 5334 iuit.
1470 5255 1608 5334 Can.
1645 5256 1674 5308 7
1710 5256 1995 5334 secunde
2025 5269 2165 5334 syn;

589 5325 684 5405 odi
709 5325 1058 5405 jussum_est
1105 5329 1478 5405 Eunomianos
1512 5327 1694 5405 denuo
1733 5325 2022 5405 baptizari,
2059 5323 2157 5394 qui

591 5398 754 5467 unica
795 5400 1091 5465 mersione,
1114 5415 1210 5455 seu
1241 5398 1405 5454 etiam
1438 5398 1774 5467 periusione,
1796 5398 2155 5467 tingercntur.

591 5465 704 5521 Hac
737 5469 882 5538 enim
943 5475 1298 5534 caeremonia,
1329 5465 1455 5538 quae
1495 5468 1783 5538 hactenus
1813 5466 2016 5520 usitata
2046 5479 2157 5538 non

587 5537 953 5616 erat_._Fi_lius
995 5548 1051 5595 et
1084 5539 1326 5616 Spiritus
1349 5535 1664 5616 “sanctusua
1703 5537 1907 5592 deitate
1937 5535 2158 5616 excludi

589 5608 1064 5678 signiﬁcabantur.
1102 5608 1212 5667 Ista
1259 5611 1456 5667 haeresi
1497 5612 1742 5681 profecto
1774 5609 2050 5665 recentior
2077 5613 2160 5662 est

2261 4612 2508 4687 nos,vnon
2529 4622 2583 4674 in
2603 4618 2950 4682 Trinitatem,
2975 4615 3070 4672 sed
3095 4615 3415 4687 i_n__mortem
3442 4612 3660 4687 Domini
3687 4612 3862 4687 bapti-

2263 4683 2424 4747 zasse
2455 4708 2469 4751 ;
2503 4691 2614 4744 imo
2647 4689 2687 4741 Τ
2695 4688 3029 4743 heodoretus
3051 4683 3226 4745 addit,
3257 4683 3513 4738 omisisse
3546 4683 3861 4736 invocatio-

2265 4777 2390 4817 nem
2442 4760 2770 4828 Trinitatis,
2804 4758 2940 4828 μηδὲ
2992 4753 3267 4808 ποιεῖσθαι
3311 4752 3412 4822 τὴν
3462 4752 3563 4828 τῆς
3616 4752 3862 4828 Τριάδος

2271 4831 2584 4902 ἐπίκλησιν.
2615 4827 2787 4902 Quod
2805 4823 2976 4902 'l‘acile
3024 4840 3135 4879 non
3161 4823 3560 4902 concesserim.
3593 4824 3862 4902 quando-

2271 4891 2496 4972 quidem
2525 4891 2862 4972 Epiphanius
2907 4897 3054 4972 h_unc
3083 4908 3212 4950 esse
3245 4891 3861 4972 contendit'verborum

2309 4987 2391 5027 uas
2442 4959 2774 5040 baptizando
2823 4967 3183 5040 proferrent,
3211 4978 3482 5040 sensum:
3519 4959 3586 5040 In
3643 4963 3862 5040 nomine

2321 5044 2368 5096 ei
2404 5032 2645 5102 incfeati,
2675 5041 2730 5093 in
2777 5032 2986 5093 nomine
3039 5033 3177 5088 Filii
3229 5033 3418 5096 creati,
3455 5040 3504 5086 et
3536 5033 3592 5083 in
3644 5032 3864 5085 nomine

2272 5111 2506 5180 Spiritus
2531 5109 2945 5180 sanctiﬁcantis,
2977 5106 3068 5180 qui
3096 5122 3129 5158 a
3178 5102 3323 5180 Filio
3355 5112 3563 5180 creatus
3590 5110 3680 5180 est
3695 5118 3714 5163 ;
3747 5103 3864 5155 vel-

2273 5170 2352 5237 uii
2396 5197 2587 5251 nempe
2633 5170 3512 5251 Athanasius'dixerat_Ar_ianos
3543 5171 3598 5223 in
3636 5170 3864 5251 Creato-

2273 5270 2384 5308 rem
2438 5261 2487 5306 et
2525 5242 2844 5305 "creaturam
2901 5248 3192 5317 baptizare.
3243 5242 3428 5317 Latini
3469 5251 3628 5317 te_rna
3702 5243 3868 5317 vulgo

2277 5323 2557 5378 inlusione
2609 5312 3042 5390 tingunt,rqueiu
3100 5329 3309 5390 morem
3370 5312 3682 5390 Cyprianus
3736 5313 3870 5390 olim

2267 5394 2441 5448 tuitus
2479 5399 2584 5454 est,
2617 5381 2780 5461 epist.
2815 5381 2914 5443 '76:
2936 5383 3318 5461 Commendat
3341 5381 3723 5461 .G'eituailius,
3765 5381 3868 5461 lib.

2267 5463 2347 5518 De
2407 5453 2773 5530 Eccl.d6gm.
2831 5468 2886 5516 et
2929 5458 3042 5530 jam
3103 5471 3134 5510 a
3187 5454 3401 5530 seculo
3446 5453 3874 5530 sal_t_em_._sesto

2271 5534 2456 5590 Ruina:
2487 5521 2843 5586 obseriatum
2877 5521 3176 5585 didicimus
3197 5540 3229 5580 a
3258 5524 3489 5581 doctiss.
3519 5521 3874 5584 Mabillouio,

2270 5614 2403 5661 tom.
2446 5604 2486 5659 ll
2519 5602 2709 5657 Μειδωὶ
2742 5599 2867 5657 Ital.
