3926 6292
210 430 379 496 1121
1308 439 1403 500 DE
1424 439 1600 500 FIDE
1630 437 2095 500 ORTHODOXA
2133 439 2280 499 LIB.
2308 439 2385 501 IV
3390 437 3526 502 1122

208 551 392 623 ὕδωρ
438 551 537 623 μὲν
585 555 664 616 είς
716 555 1082 628 ἀναγέννησιν
1131 556 1228 610 καὶ
1281 557 1572 612 ἐπίκλυσιν
1620 558 1719 626 τῆς
1774 574 1830 609 τε

1936 558 2341 631 consequentiae
2364 571 2531 613 causa
2563 572 2664 615 nos
2686 555 2831 614 Deus
2854 555 3177 614 condiderat
3208 556 3288 624 ⁶⁰;
3319 558 3524 614 violato

205 643 524 713 ἁμαρτίας
576 645 672 699 καὶ
726 648 826 717 τῆς
881 647 1121 720 φθορᾶςο
1167 644 1308 720 αἷμα
1349 648 1427 713 δὲ,
1464 649 1625 701 πότον
1677 648 1828 719 ζωῆς

1936 658 2117 706 autem
2144 650 2265 720 ejus
2292 657 2586 719 praecepto,
2620 650 2813 705 mortis
2846 650 2987 715 labe,
3027 666 3091 704 ne
3123 656 3445 719 perpetuum
3469 660 3526 706 et

206 734 418 787 ἀϊδίου
450 735 730 806 πρόξενον.
779 738 1030 803 Ἐντολὰς
1058 740 1115 793 δὲ
1152 742 1286 811 ἡμῖν
1313 739 1512 794 δέδωκε
1541 739 1607 792 δι’
1641 737 1830 802 ὓδατος

1936 741 2251 796 immortale
2279 740 2485 794 malum
2520 750 2689 803 esset,
2718 756 2818 796 nos
2853 742 2982 795 item
3030 741 3396 807 multaverat;
3443 742 3525 795 id-

206 826 650 894 ἀναγεννᾶσθαι
672 830 767 882 καὶ
797 831 1135 902 Πνεύματος,
1164 832 1232 885 δι’
1262 831 1558 896 ἐντεύξεως
1591 830 1687 884 καὶ
1712 830 1830 883 ἑπι-

1936 831 2085 887 circo
2131 847 2230 901 pro
2269 846 2369 887 sua
2420 830 2762 899 indulgentia
2813 845 2935 886 sese
2962 831 3159 896 {servis
3206 832 3521 896 inclinans,

210 916 517 987 κλήσεως,
552 919 633 990 τῷ
668 919 823 974 ὕδατι
875 923 1262 992 ὲπιφοιτῶντος
1317 922 1411 977 τοῦ
1446 922 1607 991 ἁγίου
1658 922 1830 976 Πνεύ-

1936 922 2217 991 nostrique
2253 921 2454 978 similis
2481 920 2730 984 eﬂ‘ectus,
2764 921 3033 989 passione
3065 936 3163 976 sua
3204 936 3306 976 nos
3339 936 3369 974 a
3402 937 3524 974 cor-

1934 1014 2189 1083 ruptione
2224 1012 2548 1075 vindicavit,
2600 1019 2653 1066 et
2690 1026 2758 1065 ex
2810 1019 3006 1066 sancto
3059 1020 3113 1066 et
3171 1014 3525 1066 immaculato

1935 1118 2039 1160 suo
2077 1104 2249 1159 latere
2294 1104 2467 1158 venia:
2517 1103 2723 1158 fontem
2773 1101 2936 1155 nobis
2973 1103 3156 1156 emisit
3192 1103 3233 1134 ⁶¹
3271 1122 3283 1156 :
3321 1118 3521 1170 aquam

1938 1197 2147 1252 scilicet
2175 1195 2241 1249 ad
2274 1194 2778 1265 regenerationem,
2819 1208 3036 1248 necnon
3068 1194 3278 1260 peccati
3314 1203 3367 1246 et
3400 1209 3524 1246 cor-

1939 1288 2168 1358 ruptela:
2214 1287 2645 1347 abstersionem;
2683 1286 3011 1356 sanguinem
3044 1299 3174 1338 vero
3226 1285 3278 1335 in
3334 1292 3519 1351 potum

1941 1380 2033 1448 qui
2077 1379 2244 1433 vitam
2274 1387 2533 1433 tcternam
2581 1384 2923 1445 procuraret.
2962 1374 3107 1441 Quin
3154 1376 3257 1430 hoc
3300 1392 3521 1445 quoque

208 1026 441 1078 ματος.
492 1011 715 1083 Ἐπειδὴ
740 1013 848 1085 γὰρ
889 1014 1109 1079 διπλοῦς
1136 1017 1165 1069 ὁ
1193 1014 1501 1086 ἄνθρωπος,
1534 1014 1598 1066 ἐκ
1650 1012 1832 1084 ψυχῆς

206 1115 285 1151 τε
323 1099 430 1153 xat
470 1100 748 1171 σώματος,
771 1103 968 1174 διπλῆν
1012 1106 1144 1177 ἡμῖν
1175 1104 1344 1160 ἔδωκε
1372 1104 1470 1157 καὶ
1502 1102 1600 1174 τὴν
1622 1102 1833 1174 κάθαρ-

208 1206 347 1254 σιν,
401 1190 469 1244 δι’
504 1191 699 1257 ὕδατός
748 1210 809 1245 τε
841 1195 950 1261 ξκαὶ
1001 1195 1319 1267 Πνεύματος
1343 1210 1357 1224 ’
1381 1191 1477 1247 τοῦ
1531 1193 1631 1263 μὲν
1653 1192 1827 1245 Πνεύ-

211 1296 438 1349 ματος,
476 1283 539 1335 τὸ
582 1286 701 1337 κατ’
744 1285 930 1339 είκόνα
984 1286 1078 1340 καὶ
1120 1286 1244 1342 καθ’
1290 1286 1550 1357 ὁμοίωσιν
1587 1286 1645 1336 ὲν
1696 1286 1828 1354 ἡμῖν

212 1372 714 1438 ἀνακαινίζοντος,
747 1374 842 1428 τοῦ
864 1376 922 1429 δὲ
954 1377 1167 1443 ὓδατος,
1198 1378 1287 1432 διὰ
1318 1378 1419 1448 τῆς
1447 1375 1538 1429 τοῦ
1579 1375 1834 1445 Πνεύμα-

208 1479 326 1526 τος
361 1464 588 1534 χάριτος
623 1465 982 1536 καθαίροντος
1005 1469 1067 1522 τὸ
1098 1468 1259 1540 σῶμα
1278 1468 1380 1539 τῆς
1407 1466 1705 1539 ἁμαρτίας,
1731 1468 1827 1520 καὶ

1937 1469 2220 1524 mandavit
2254 1470 2435 1532 nobis,
2472 1477 2533 1522 ut
2592 1484 2688 1538 per
2733 1482 2934 1537 aquam
2965 1475 3020 1521 et
3060 1466 3326 1536 Spiritum
3371 1481 3520 1533 rege-

207 1555 328 1625 τῆς
393 1555 602 1626 φθορᾶς
630 1556 1234 1626 ἁπαλλάττοντος,καὶ
1284 1559 1384 1629 τὴν
1436 1557 1532 1612 τοῦ
1585 1557 1819 1611 θανάτου

1936 1576 2259 1616 ueraremur
2288 1561 2357 1624 δ’,
2389 1558 2598 1630 Spiritu
2630 1568 2823 1614 sancto
2854 1558 2921 1613 ad
2955 1573 3154 1628 aquam
3203 1557 3519 1618 accedente,

207 1644 429 1697 εἰκόνα
477 1645 878 1718 ὲκπληροῦντος
909 1647 1003 1701 τοῦ
1040 1648 1254 1716 ὕδατος,
1295 1648 1387 1703 τὸν
1425 1648 1482 1703 δὲ
1520 1648 1620 1719 τῆς
1669 1648 1817 1720 ζωῆς

1936 1667 2031 1722 per
2066 1651 2293 1706 verbum
2329 1658 2382 1705 ct
2418 1650 2725 1705 orationem
2768 1649 2835 1703 “.
2886 1648 3020 1702 Nam
3056 1649 3317 1717 quoniam
3358 1648 3522 1698 hoino

210 1735 543 1809 ἀρραϐῶνα
567 1741 943 1811 παρεχομένου
980 1740 1073 1795 τοῦ
1104 1740 1446 1812 Πνεύματος.

1936 1741 2138 1812 doplici
2168 1748 2364 1795 natura
2392 1748 2633 1805 constat,
2674 1740 2855 1793 anima
2898 1739 3112 1793 scilicet
3162 1745 3219 1793 et
3265 1752 3518 1808 corpore,

210 1829 517 1898 duplicem
579 1830 811 1900 proinde
861 1832 1023 1890 nobis
1083 1834 1464 1905 purgationem
1505 1833 1675 1899 dedit,
1729 1848 1827 1904 per
1859 1847 2056 1905 aquam
2092 1832 2353 1888 nimirum
2390 1840 2445 1888 et
2479 1831 2797 1902 Spiritum:
2877 1831 2959 1886 sic
3035 1844 3227 1899 nempe
3276 1836 3333 1882 ut
3394 1826 3519 1896 Spi-

215 1922 379 1980 ritus
415 1923 613 1981 divinae
634 1926 890 1996 imaginis
918 1925 1406 1997 similitudinisque
1434 1928 1603 1984 decus
1636 1927 1694 1982 in
1724 1928 1885 1984 nobis
1934 1911 2288 1994 instauraret,
2339 1942 2480 1997 aqua
2534 1940 2663 1981 vero
2725 1939 2822 1996 per
2889 1922 3127 1993 Spiritus
3190 1923 3422 1993 gratiam
3488 1946 3525 1984 α

214 2026 467 2085 peccato
488 2031 691 2088 corpus
716 2016 1285 2088 mundaret,atquea
1346 2021 1705 2091 corruptione
1762 2020 1994 2077 liberum
2049 2020 2323 2086 redderet,
2414 2032 2555 2089 aqua
2614 2017 2835 2089 quidem
2888 2016 3083 2073 mortis
3164 2014 3519 2069 simulacrum

210 2105 598 2174 exprimente,
624 2105 828 2175 Spiritu
865 2114 1044 2160 autem
1070 2105 1196 2161 vita:
1231 2107 1434 2185 pignus
1466 2118 1522 2164 et
1554 2109 1917 2165 arrliabonem
1947 2109 2232 2180 largiente.

311 2198 447 2251 Ἀπ’
471 2199 647 2269 ἀρχῆς
666 2198 772 2271 γὰρ
800 2198 1045 2268 Πνεῦμα
1062 2200 1211 2254 Θεοῦ
1231 2200 1355 2267 τοῖς
1376 2202 1597 2257 ὕδασιν
1614 2202 1827 2273 ἐπεφέ-

2000 2203 2166 2273 Aquw
2193 2203 2269 2257 vis
2314 2201 2651 2274 purgatoria.
2680 2233 2749 2243 —
2781 2200 2991 2257 Etenim
3023 2215 3053 2254 a
3090 2198 3364 2271 principio
3399 2196 3522 2267 Spi-

202 2306 370 2361 ρετο
397 2305 413 2320 ⁸
441 2291 535 2343 καὶ
562 2290 769 2344 ἄνωθεν
802 2290 836 2359 ἡ
885 2289 1078 2361 Γραφὴ
1126 2296 1397 2363 μαρτυρεί
1447 2292 1527 2365 τῷ
1554 2294 1730 2362 ὖδατι,
1754 2295 1830 2360 ὥς

1936 2295 2072 2349 ritus
2126 2294 2343 2348 Domini
2390 2292 2660 2363 ferebatur
2715 2310 2871 2363 super
2922 2310 3088 2363 aquas
3138 2292 3226 2344 “:
3284 2292 3416 2361 quin
3465 2298 3520 2344 et

214 2385 351 2435 ἔστι
409 2380 801 2453 καθαρτήριον.
844 2383 969 2437 Ἐπὶ
997 2382 1125 2437 Νῶε
1149 2382 1218 2436 δι’
1248 2383 1441 2448 ὓδατος
1474 2387 1504 2439 ό
1551 2386 1685 2451 Θεὸς
1730 2388 1831 2458 τὴν

215 2471 513 2543 κοσμικὴν
541 2473 817 2544 ἁμαρτίαν
836 2473 1163 2527 κατέκλυσε.
1185 2476 1262 2527 Δι’
1296 2474 1489 2540 ὓδατος
1536 2480 1647 2541 πᾶς
1690 2478 1831 2532 ἁκά-

218 2563 441 2635 θαρτος
471 2563 614 2618 κατὰ
635 2564 726 2617 τὸν
763 2564 929 2634 νόμον
965 2564 1290 2636 καθαίρεται
1314 2568 1360 2633 i,
1389 2567 1485 2620 καὶ
1514 2568 1695 2622 αὐτῶν
1722 2569 1832 2624 τῶν

222 2657 477 2727 ἱματίων
514 2656 866 2727 πλυνομένων
916 2656 993 2727 τῷ
1045 2655 1224 2723 ὕδατι,
1263 2657 1465 2723 ἔδειξεν
1511 2659 1697 2723 Ἠλίας
1733 2662 1833 2733 τὴν

223 2750 399 2818 χάριν
428 2747 523 2801 τοῦ
542 2748 680 2802 Πνεύ
690 2765 861 2819 ματος
886 2749 1357 2820 συμμεμιγμένην
1379 2749 1457 2819 τῷ
1476 2749 1654 2816 ὕδατι,
1673 2750 1828 2806 ὓδατι

1937 2385 2209 2442 lustrandi
2264 2387 2466 2440 virtute
2495 2386 2775 2454 praaditam
2818 2400 2941 2441 esse
2992 2398 3187 2454 aquam
3227 2383 3520 2452 Scriptura

1932 2478 2047 2549 jam
2103 2478 2234 2532 olim
2289 2484 2633 2533 contestatur
2696 2476 2763 2529 ⁸⁸.
2813 2475 2928 2529 Noe
2984 2475 3323 2544 temporibus
3377 2473 3520 2528 Deus

1938 2568 2129 2624 mundi
2187 2579 2472 2638 peccatum
2538 2584 2635 2638 per
2660 2568 2817 2639 261
2855 2581 3052 2637 aquam
3106 2567 3240 2621 eluit
3296 2566 3362 2619 “.
3418 2564 3523 2619 Per

1937 2674 2134 2730 aquam
2163 2660 2415 2730 quisquis
2465 2659 2784 2715 immundus
2808 2667 2947 2725 erat,
2989 2659 3104 2728 lege
3138 2657 3517 2727 prmcipiente,

1937 2750 2329 2817 mundabatur,
2361 2758 2415 2806 et
2448 2749 2524 2804 ita
2556 2750 2777 2820 quidem
2812 2761 2870 2804 ut
2903 2759 2956 2804 et
2985 2750 3120 2819 ipsa:
3159 2757 3337 2802 vestes
3376 2763 3517 2816 aqua

228 2838 448 2909 φλέξας
477 2840 578 2913 τὴν
627 2840 1014 2897 ὁλοκαύτωσιν.
1053 2843 1163 2894 Καὶ
1196 2841 1385 2912 σχεδὸν
1430 2841 1649 2898 ἅπαντα
1688 2844 1829 2898 κατὰ

231 2932 331 2984 τὸν
367 2931 536 3002 νόμον
592 2930 744 2986 ὕδατι
799 2932 1184 3006 καθαρίζεται·
1212 2934 1280 2988 τὰ
1308 2933 1417 3004 γὰρ
1466 2933 1661 3004 ὁρατὰ,
1689 2933 1829 3005 σύμ-

227 3026 372 3079 ϐολα
430 3025 541 3081 τῶν
586 3026 893 3096 νοουμένων
928 3026 1066 3081 είσίν
1098 3044 1110 3058 ·
1146 3028 1181 3100 ἡ
1227 3026 1413 3098 μέντοι
1465 3027 1831 3098 ἁναγέννησις

224 3118 384 3171 κατὰ
445 3116 626 3189 ψυχὴν
676 3117 929 3188 γίνεται·
970 3118 1151 3183 πίστις
1204 3117 1313 3189 γὰρ
1373 3118 1636 3172 υἱοθετεῖν
1681 3113 1827 3181 οἶδε,

229 3208 423 3262 καίτοι
463 3209 625 3273 ὄντας
669 3209 951 3282 κτίσματα
981 3209 1070 3264 διὰ
1111 3209 1207 3264 τοῦ
1239 3210 1583 3283 Πνεύματος,
1619 3209 1716 3265 καὶ
1748 3209 1829 3273 είς

227 3299 335 3370 τὴν
365 3300 606 3371 ἀρχαίαν
638 3300 799 3369 ἄγειν
836 3302 1239 3373 μακαριότητα.

1935 2849 2121 2897 essent
2147 2842 2453 2898 abluenda.
2487 2841 2632 2897 Elias
2661 2840 2900 2912 Spiritus
2941 2840 3176 2911 gratiam
3227 2839 3517 2893 admistain

1939 2934 2097 3003 aquis
2125 2934 2390 2999 ostendit,
2416 2941 2531 2987 tum
2561 2928 2821 2987 nimirum
2851 2947 2974 2986 cum
3008 2932 3390 2986 holocaustum
3425 2930 3519 2982 ad-

1938 3026 2110 3080 liibita
2136 3041 2279 3095 aqua
2314 3026 2581 3082 cremavit
2609 3026 2676 3080 °".
2717 3024 2980 3094 Peneque
3004 3023 3187 3079 omnia
3213 3022 3516 3079 secundum

1936 3116 2110 3187 legem
2140 3131 2283 3187 aqua
2333 3116 2693 3172 mundantur.
2736 3114 2842 3171 Res
2874 3116 3019 3169 enim
3050 3114 3297 3170 visibiles
3327 3129 3516 3168 earum

1932 3220 2055 3275 quae
2085 3213 2265 3260 mente
2314 3206 2697 3274 percipiuntur
2748 3205 2903 3274 signa
2959 3211 3111 3259 sunt.
3149 3203 3516 3273 Regencratio

1931 3312 2099 3367 porro
2127 3297 2184 3350 in
2218 3297 2405 3351 animo
2436 3296 2743 3369 perﬁcitur.
2781 3295 2948 3351 Fides
2974 3297 3181 3366 quippe
3233 3296 3342 3349 vim
3388 3310 3509 3350 eam

222 3392 434 3455 liabet,
491 3402 551 3447 ut
603 3393 857 3463 quamvis
907 3409 939 3448 e
997 3394 1164 3449 rebus
1223 3394 1426 3450 creatis
1484 3394 1681 3459 simus,
1736 3406 1835 3463 per
1874 3387 2140 3460 Spiritum
2168 3401 2272 3443 nos
2310 3386 2365 3441 in
2394 3385 2491 3442 Dei
2531 3386 2674 3443 filios
2701 3385 2935 3457 adoptet,
2971 3386 3136 3456 atque
3202 3387 3271 3442 ad
3328 3387 3515 3457 pristi-

228 3500 371 3542 nam
408 3482 727 3539 felicitatcm
749 3483 900 3539 velut
939 3484 1286 3556 postliminio
1316 3494 1561 3541 revocet.

318 3578 390 3630 Ἦ
426 3576 525 3647 μὲν
549 3570 642 3629 οὖν
690 3576 800 3629 τῶν
848 3577 1135 3649 ἁμαρτιῶν
1165 3577 1358 3647 ἄφεσις
1388 3616 1403 3641 ,
1432 3579 1598 3631 πᾶσιν
1632 3577 1830 3646 ὁμοίως

2009 3570 2275 3640 Baptismi
2324 3570 2502 3640 gratia
2547 3583 2646 3637 pro
2702 3568 3097 3635 suscipientium
3128 3566 3232 3634 ﬁde
3279 3574 3328 3618 et
3362 3582 3515 3620 mun-

226 3670 328 3726 διὰ
360 3666 461 3723 τοῦ
497 3667 877 3739 βαπτίσματος
925 3669 1159 3723 δίδοταιο
1184 3670 1218 3738 ἡ
1247 3668 1304 3721 δὲ
1342 3667 1503 3739 χάρις
1536 3668 1632 3722 τοῦ
1656 3668 1828 3722 Πνεύ-

228 3777 421 3833 ματος
441 3759 584 3814 κατὰ
607 3758 706 3830 τὴν
737 3759 1030 3830 ἀναλογίαν
1052 3760 1151 3831 τῆς
1181 3760 1419 3824 πίστεως
1448 3760 1542 3813 καὶ
1566 3760 1666 3831 τῆς
1696 3777 1831 3831 προ-

237 3852 594 3923 καθάρσεως.
628 3851 744 3905 Νὖν
785 3851 885 3922 μὲν
918 3845 1013 3905 οὖν
1059 3851 1149 3905 διὰ
1178 3849 1274 3904 τοῦ
1307 3850 1692 3921 βαπτίσματος
1729 3853 1829 3923 τὴν

237 3943 625 4016 ἀπαρχὴντοῦ
645 3944 804 4013 ἁγίου
829 3943 970 3997 Πνεύ
979 3960 1150 4013 ματος
1174 3941 1548 4014 λαμϐάνομεν,
1563 3943 1657 3996 καὶ
1683 3943 1829 4014 ἁρχὴ

240 4036 433 4107 ἑτέρου
469 4034 584 4106 βίου
607 4035 820 4105 γίνεται
852 4036 982 4106 ἡμῖν
1011 4035 1045 4105 ή
1070 4034 1460 4103 παλιγγενεσία
1485 4073 1501 4100 ,
1533 4034 1627 4088 καὶ
1658 4051 1831 4106 σφρα-

239 4128 352 4196 γὶς,
384 4127 481 4183 καὶ
511 4127 903 4199 φυλακτήριον,
934 4125 1030 4180 καὶ
1065 4124 1413 4196 φωτισμόςί.

311 4303 437 4375 Χρὴ
484 4303 546 4357 δὲ
591 4303 740 4375 πάσῃ
785 4302 1014 4373 δυνάμει
1065 4299 1326 4370 ἀσφαλῶς
1379 4301 1567 4372 τηρεῖν
1601 4301 1830 4366 ἑαυτοὺς

245 4396 521 4467 καθαροὺς
547 4395 655 4450 ἀπὺ
675 4392 939 4465 ῥυπαρῶν
964 4392 1166 4465 ἔργων,
1202 4392 1291 4447 ἵνα
1324 4391 1400 4463 μὴ
1441 4392 1604 4446 πάλιν
1638 4392 1830 4465 ὥσπερ

246 4486 392 4540 κύων
422 4486 520 4540 ἐπὶ
562 4486 654 4540 τὸν
688 4485 821 4539 ῐδιον
870 4484 1064 4554 ἔμετον
1102 4483 1557 4555 ἐπιστρέψαντες,
1607 4484 1832 4548 δούλους

248 4577 410 4632 πάλιν
442 4576 672 4640 ἑαυτοὺς
698 4576 799 4645 τῆς
830 4574 1107 4646 ἁμαρτίας
1141 4574 1479 4645 ποιήσωμεν.
1510 4573 1702 4639 Πίστις
1723 4575 1832 4646 γὰρ

248 4663 414 4733 χωρὶς
443 4662 624 4734 ἔργων
671 4662 843 4734 νεκρά
884 4663 1034 4716 ἐστιν
1058 4702 1073 4726 ,
1099 4661 1303 4732 ὁμοίως
1336 4661 1434 4715 καὶ
1488 4660 1625 4731 ἔργα
1658 4664 1831 4733 χωρὶς

250 4755 505 4818 πίστεως.
537 4754 602 4807 Ἡ
628 4754 738 4825 γὰρ
769 4752 977 4825 ἀληθὴς
1007 4752 1194 4817 πίστις
1222 4752 1313 4807 διὰ
1340 4753 1449 4807 τῶν
1478 4751 1659 4823 ἔργων
1679 4754 1829 4809 δοκι-

254 4847 504 4916 μάζεται.

1931 3664 2089 3719 ditia.
2116 3692 2186 3704 —
2220 3661 2483 3727 Quamvis
2510 3670 2689 3713 autem
2733 3665 3083 3727 peccatorum
3122 3657 3375 3713 remissio
3399 3675 3515 3711 υΙΙι-

1930 3753 2094 3808 nibus
2124 3768 2221 3822 per
2250 3767 2408 3822 aqua:
2438 3749 2770 3819 baptismum
2819 3747 2979 3802 detur
3006 3766 3018 3800 :
3052 3744 3291 3815 Spiritus
3329 3755 3510 3801 tamen

1904 3843 2106 3914 'gratia
2132 3857 2233 3913 pro
2262 3841 2386 3896 tidei
2417 3854 2481 3894 ac
2511 3836 2722 3909 praevia:
2749 3836 3092 3907 purgationis
3122 3836 3286 3888 modo
3315 3850 3541 3890 concor

1930 3934 2100 3988 ditur.
2136 3933 2205 3987 Et
2229 3947 2375 3988 nunc
2406 3932 2628 4002 quidem
2653 3930 2897 4001 Spiritus
2923 3928 3097 3983 sancti
3122 3929 3395 3997 primitias
3419 3946 3515 3998 per

1931 4023 2266 4092 baptismum
2295 4020 2615 4090 accipimus,
2643 4028 2697 4074 et
2729 4018 3071 4087 regeneratio
3093 4056 3108 4081 ,
3151 4020 3379 4075 alterius
3408 4038 3516 4076 ιιο-⁶

1928 4113 2016 4168 bis
2044 4114 2170 4167 vita:
2196 4111 2438 4177 initium,
2463 4119 2519 4165 et
2543 4109 2911 4181 signaculum,
2945 4117 3001 4165 et
3046 4109 3392 4179 praesidium,
3457 4118 3512 4165 et

1930 4203 2263 4259 illuminatio
2290 4201 2546 4259 elﬁcitur.

1997 4294 2269 4351 Caeterum
2304 4295 2357 4348 in
2389 4293 2443 4348 id
2476 4292 2636 4349 nobis
2660 4292 2790 4348 totis
2822 4292 3033 4349 viribus
3064 4302 3147 4350 est
3168 4292 3506 4358 enitendum,

1930 4403 2001 4443 ne
2030 4388 2187 4443 canis
2232 4389 2406 4442 instar
2442 4386 2510 4440 ad
2545 4385 2811 4440 vomitum
2859 4385 3158 4440 redeuntes
3199 4386 3263 4452 “,
3300 4390 3505 4456 peccati

1930 4479 2298 4549 nosmetipsos
2354 4478 2541 4534 denuo
2593 4474 2851 4531 servituti
2907 4479 3303 4547 maneipemus.
3342 4479 3507 4535 Fides

1931 4570 2201 4640 siquidem
2228 4570 2347 4626 sine
2381 4568 2642 4639 operibus
2668 4574 2884 4622 mortua
2909 4575 3013 4635 est,
3048 4568 3289 4639 itemque
3320 4584 3505 4640 Opera,

1931 4662 2147 4717 sublata
2198 4660 2304 4717 ﬁde
2333 4661 2400 4715 ⁸⁸.
2425 4658 2566 4715 Vera
2609 4659 2812 4730 quippe
2845 4658 2981 4715 ﬁdes
3012 4674 3110 4730 per
3140 4674 3304 4731 opera
3358 4676 3508 4716 coin-

1930 4757 2217 4827 probatur.
2938 4780 2939 4783 η

318 4938 703 5009 Βαπτιζόμεθα
730 4936 787 4990 δὲ
841 4937 935 4999 εἰς’
956 4935 1056 5008 τὴν
1087 4935 1250 5005 ἁγίαν
1282 4935 1490 5006 Τριὰδα
1513 4978 1529 5003 ,
1562 4938 1645 4991 ὅτι
1684 4936 1823 4989 αύτὰ

2000 4929 2109 4986 Cur
2144 4930 2201 4983 in
2226 4927 2541 4984 Trinitatem
2562 4926 2914 4996 baptizemur.
2936 4953 3009 4967 ——
3032 4924 3113 4980 0b
3141 4925 3195 4980 id
3227 4940 3356 4980 vero
3379 4925 3425 4956 "
3452 4924 3507 4979 in

254 5024 322 5077 τὰ
355 5024 726 5096 βαπτιζόμενα
774 5022 965 5095 χρῄζει
1010 5024 1108 5095 τῆς
1152 5024 1316 5093 ἁγίας
1362 5025 1593 5097 Τριὰδος
1619 5028 1699 5090 είς
1722 5025 1823 5095 τὴν

256 5116 427 5172 αὐτῶν
477 5116 741 5172 σύστασίν
765 5132 825 5169 τε
876 5115 974 5171 καὶ
1005 5115 1270 5187 διαμονὴν
1291 5156 1307 5182 ,
1334 5116 1429 5169 καὶ
1462 5116 1726 5171 ἀδύνατον
1751 5115 1828 5187 μὴ

325 5272 369 5304 ⁸⁸
412 5272 653 5329 Method.
716 5271 814 5327 lib.
874 5269 951 5323 De
995 5285 1195 5325 resurr.
1288 5268 1330 5302 ⁶¹
1376 5267 1535 5325 Joan.
1594 5271 1825 5337 Xix,54.

261 5340 304 5413 ξξ
338 5341 503 5399 Levit.
560 5360 650 5408 xv,
683 5341 770 5395 10.
835 5341 879 5413 9⁸
909 5340 1045 5396 Gen.
1073 5356 1171 5413 _vr._
1209 5339 1295 5393 17.
1369 5341 1412 5413 [⁷
1445 5339 1509 5413 ll_l
1544 5340 1679 5413 Reg.
1718 5355 1875 5403 xvm,
1928 5338 2018 5394 52.

262 5408 386 5468 Naz.
430 5423 569 5470 orat.
629 5413 730 5481 ‘0;
761 5412 967 5466 Athan.
1022 5409 1093 5466 ad
1137 5407 1330 5479 Serap.
1362 5409 1438 5465 De
1465 5407 1859 5476 Spirfsanrto.

1932 5030 2178 5079 sanctam
2209 5019 2535 5076 Trinitatem
2582 5017 2949 5087 baptizamur,
2991 5017 3120 5086 quia
3157 5031 3277 5085 qua:
3324 5016 3504 5087 bapti-

1935 5123 2153 5180 zantur,
2181 5111 2250 5167 ad
2283 5111 2390 5179 sui,
2416 5119 2533 5166 tum
2568 5108 3045 5173 constitutionem,
3080 5114 3195 5162 tum
3222 5122 3506 5163 conserva-

1930 5270 1975 5301 “
2003 5265 2164 5324 Joan.
2223 5281 2305 5327 nt,
2336 5266 2389 5320 5.
2472 5263 2517 5296 ”
2543 5263 2708 5335 Greg.
2762 5272 2903 5335 ora}.
2944 5262 3035 5329 48.
3097 5331 3119 5335 _
3138 5258 3420 5335 f‘GenLr,
3449 5260 3504 5314 9.

2126 5336 2171 5370 ⁸⁸
2206 5336 2247 5391 ll
2294 5335 2441 5391 Petr.
2469 5350 2529 5402 ιι,
2559 5329 2681 5389 22Ῐ
2768 5333 2811 5365 ⁶⁹
2844 5331 2963 5388 Jac.
3006 5347 3067 5398 ιι,
3092 5331 3181 5385 26.
3261 5330 3306 5363 ⁷ο
3341 5329 3504 5402 Grcg.

1558 5560 1797 5625 VARIIE
1840 5556 2242 5620 LECTIONES.

254 5696 255 5699 ‘
334 5679 355 5721 ι
403 5682 550 5738 Multi
599 5682 816 5738 codices
866 5677 1207 5747 ὲκοιθαίρετο.
1277 5673 1411 5748 cod.
1456 5676 1514 5730 S.
1585 5677 1693 5733 liii.
1758 5678 1813 5732 in
1866 5693 2039 5748 marg.
2090 5677 2124 5747 ἢ
2194 5672 2548 5748 ἐκεκόιξὶαρςτοτ

2657 5675 2670 5719 i
2731 5669 2790 5724 In
2852 5669 2919 5723 R.
2950 5666 3091 5722 2626
3141 5666 3360 5722 additur
3411 5668 3509 5719 καὶ

270 5736 549 5831 arietariae.
606 5736 719 5831 Sicf
740 5736 949 5831 Faber,
978 5736 1100 5831 qui
1160 5746 1442 5831 transtulit
1478 5757 1547 5831 “et
1590 5748 1918 5805 illuminatio
1956 5736 2017 5802 εἴ
2062 5736 2521 5813 εᾰηςιίβσαιέο.’1ιι
2542 5739 2609 5799 R.
2634 5739 2798 5807 2924,
2832 5754 2929 5811 pro
2951 5738 3249 5808 φωτισμὺς,
3282 5736 3512 5793 habetur

272 5816 545 5893 ἁγιασμὸς,
593 5823 677 5879 sic
705 5830 862 5878 vetus
912 5816 1141 5889 interpr.
1190 5816 1565 5884 sanctiﬁcatio.
