3926 6292
217 406 356 473 1125
1277 413 1374 472 DE
1409 414 1587 473 FIDE
1628 413 2091 475 ORTHODOXA
2132 416 2277 477 LIB.
2306 418 2404 477 IV.
3344 420 3478 485 1126

209 518 392 574 τικόνο
430 515 531 571 οὐκ
565 515 645 570 ἔτι
673 514 780 586 γὰρ
820 516 989 570 κακία
1015 517 1111 571 καὶ
1148 518 1397 590 ἁμαρτία
1427 520 1797 574 πολιτεύεται·

1922 521 2173 590 martyrio
2224 523 2526 590 perﬁcitur,
2564 539 2673 593 quo
2728 532 2784 578 et
2833 524 3085 582 Christus
3136 525 3254 596 ipse
3302 532 3475 581 nostri

210 609 446 674 κολάζον
474 609 532 663 δὲ
561 608 918 680 ἀτελεύτητα.

1922 626 2070 666 :ausa
2105 611 2402 667 defunctus
2439 622 2523 669 est
2544 614 2613 667 θ’.
2665 615 2872 684 Estque
2906 617 3041 671 illud
3084 632 3344 687 perquam
3376 633 3474 671 au-

212 710 434 774 gustum
472 715 538 755 ac
569 700 809 765 beatum,
842 702 990 772 quod
1027 701 1195 758 nullis
1239 703 1468 772 posthac
1524 703 1782 759 sordibus
1817 702 2160 770 inquinetur.
2219 701 2547 757 Octavum”
2605 705 2840 775 denique
2870 715 2921 761 et
2945 717 3279 777 postremum
3341 709 3473 764 illud

212 804 319 862 est,
372 811 487 850 non
527 795 638 865 jam
685 795 1071 862 salutiferum,
1131 812 1323 852 verum
1392 799 1469 852 ita
1532 798 1798 851 malitiam
1832 796 2108 863 auferens,
2145 799 2366 867 quando
2409 813 2545 853 suns
2571 797 2682 866 jam
2725 801 2947 856 malitiae
3007 811 3061 857 et
3105 812 3326 873 peccato
3396 802 3473 856 lo-

212 903 313 945 cus
349 904 460 944 non
504 889 630 955 erit,
660 897 720 943 ut
749 899 934 945 tamen
970 893 1364 961 sempiternum
1404 891 1690 947 excruciet
1727 905 1789 945 ac
1824 891 2033 961 puniat.

286 982 598 1054 Σωματικῷ
620 982 676 1036 δὲ
709 982 840 1036 εῖδει
872 982 915 1051 1,
943 983 1075 1037 ὡσεὶ
1112 983 1436 1055 περιστερὰ,
1469 983 1799 1054 ὲπεφοίτησε

1972 982 2205 1051 Spiritus
2274 992 2489 1038 sanctus
2565 983 2823 1039 columst
2877 985 3043 1053 specie
3108 994 3156 1039 et
3219 986 3479 1055 ignis.—

212 1076 275 1128 τὸ
297 1075 525 1146 Πνεῦμα
555 1075 613 1129 τὸ
645 1075 823 1145 ἅγιον,
842 1077 942 1147 τὴν
978 1078 1234 1148 ἀπαρχὴν
1254 1077 1349 1130 τοῦ
1370 1076 1643 1147 ἡμετέρου
1669 1076 1797 1129 ὑπο-

1922 1075 2073 1129 ’orro
2097 1076 2142 1107 ⁸³⁸
2170 1074 2409 1145 Spiritus
2468 1085 2694 1132 sanctus
2750 1078 3023 1146 corporali
3077 1080 3279 1147 specie,
3333 1078 3477 1132 sicut

212 1166 462 1221 δεικνύον
492 1168 889 1239 βαπτίσματος,
913 1170 1007 1223 καὶ
1039 1170 1213 1241 τιμῶν
1234 1170 1296 1223 τὸ
1335 1169 1493 1240 σῶμα
1516 1187 1530 1202 ο
1556 1169 1680 1223 ἐπεὶ
1708 1169 1797 1222 καὶ

1922 1165 2151 1219 :olumba
2183 1167 2248 1220 ad
2286 1165 2573 1221 Dominum
2617 1168 2928 1232 descendit,
2981 1170 3170 1239 sicque
3219 1181 3332 1223 tum
3384 1170 3475 1222 ba-

211 1256 398 1324 τοῦτο,
420 1259 589 1328 ἤγουν
610 1258 672 1311 τὸ
707 1258 890 1329 σῶμα,
919 1262 983 1331 τῇ
1018 1259 1210 1313 θεώσει
1237 1259 1389 1326 Θεὸς,
1420 1260 1514 1313 καὶ
1550 1259 1666 1329 ἅμα
1693 1276 1797 1313 που

1922 1256 2084 1311 ιιίειιιί
2122 1258 2300 1311 nostri
2354 1259 2627 1327 primitias
2673 1258 3078 1325 suliindicabat,
3111 1269 3226 1312 tum
3277 1274 3477 1327 corpus

214 1350 425 1404 ἄνωθεν
451 1351 681 1405 εἴθισται
705 1353 1006 1423 περιστερὰ
1036 1353 1190 1406 λύσιν
1222 1351 1612 1423 κατακλυσμοῦ
1638 1351 1802 1420 εὐαγ-

214 1442 549 1511 γελίζεσθαι.
588 1443 713 1498 Ἐπὶ
750 1445 808 1498 δὲ
832 1446 958 1509 τοὺς
985 1446 1174 1514 ἁγίους
1209 1446 1544 1509 ἀποστόλους
1577 1462 1800 1516 πυροει-

212 1533 317 1597 δὼς
351 1533 590 1588 κάτεισι.
616 1534 746 1600 Θεὸς
791 1535 901 1608 γάρ
952 1537 1101 1589 ἐστιν
1133 1550 1147 1565 ’
1186 1537 1216 1590 ὁ
1258 1536 1314 1590 δὲ
1340 1535 1474 1599 Θεὸς
1505 1533 1617 1607 πῦρ
1662 1550 1799 1587 κατ-

216 1626 513 1681 αναλίσκον
548 1626 641 1680 ὲστ
654 1626 689 1680 ί.

1906 1347 2305 1403 cohonestabat
2332 1363 2345 1401 :
2376 1350 2636 1418 quoniam
2672 1357 2726 1403 et
2758 1350 2860 1404 hoc
2883 1367 3101 1421 quoque
3133 1365 3231 1419 per
3259 1351 3481 1405 deilica-

1905 1439 2112 1493 tionem
2166 1437 2309 1493 Deus
2350 1448 2487 1493 erat.
2537 1440 2709 1503 Adde,
2760 1440 2904 1510 quod
2948 1441 3201 1495 columba
3231 1456 3482 1495 cessasse

1906 1530 2171 1585 diluvium
2229 1531 2360 1584 olim
2409 1530 2761 1585 nuntiaverit.
2815 1530 2959 1601 ignis
3010 1548 3139 1586 vero
3196 1532 3376 1600 specie
3426 1533 3480 1585 in

1907 1632 2129 1677 sanctos
2161 1622 2438 1690 apostolos
2477 1620 2759 1675 descendit
2784 1620 2852 1686 ⁸⁸,
2878 1637 2943 1675 eo
2974 1623 3119 1692 quod
3148 1622 3289 1678 Deus
3314 1631 3479 1678 esset.

1908 1711 2048 1766 Deus
2080 1713 2218 1765 enim
2248 1713 2384 1781 ignis
2433 1728 2741 1766 consumens
2780 1723 2857 1766 est
2886 1713 2953 1767 ⁸⁸.

286 1803 363 1856 Τὸ
405 1802 585 1858 ἔλαιον
615 1802 724 1876 (71)
761 1802 1100 1875 βαπτίσματι
1140 1802 1667 1875 παραλαμϐάνεται,
1699 1819 1797 1873 μη-

1981 1803 2098 1859 Olei
2131 1806 2331 1859 unctio.
2368 1834 2437 1845 -
2465 1806 2533 1859 At
2572 1821 2700 1859 vero
2730 1806 2911 1860 oleum
2948 1804 3157 1859 idcirco
3188 1804 3255 1858 ad
3298 1805 3479 1873 bapti-

214 1896 339 1949 νύον
385 1895 486 1967 τὴν
514 1894 696 1967 χρίσιν
716 1904 755 1931 ω
780 1894 936 1966 ἡμῶν
956 1935 970 1959 ,
1003 1893 1099 1948 καὶ
1144 1894 1403 1966 χριστοὺς
1429 1895 1579 1966 ἡμᾶς
1632 1896 1800 1965 ἐργα-

215 1988 467 2058 ζόμενον,
502 1988 597 2041 καὶ
617 1988 709 2041 τὸν
740 1988 835 2041 τοῦ
869 1986 1006 2041 Θεοῦ
1038 1989 1175 2058 ἡμῖν
1215 1985 1689 2057 ἐπαγγελλόμενον
1714 1986 1803 2040 διὰ

213 2078 306 2133 τοῦ
334 2080 496 2148 ἁγίου
529 2080 850 2149 Πνεῦματος
878 2078 1049 2139 ἔλεον,
1076 2076 1201 2129 ἐπεὶ
1239 2076 1334 2130 καὶ
1378 2077 1588 2146 κάρφος
1619 2076 1804 2139 ἐλαίας

214 2174 326 2236 τοῖς
351 2173 421 2225 ἐκ
444 2172 538 2224 τοῦ
583 2168 978 2240 κατακλυσμοῦ
1021 2167 1408 2238 περισωθεῖσιν
1436 2170 1470 2239 ἡ
1500 2168 1802 2240 περιστερὰ

217 2262 539 2333 κεκόμικεν.

299 2354 639 2425 Ἐϐαπτίσθη
674 2354 930 2425 Ἰωάννης
955 2394 969 2420 ,
996 2352 1094 2424 τὴν
1135 2354 1297 2424 χεῖρα
1344 2350 1554 2414 ἐπιθεὶς
1579 2351 1673 2404 ἐπὶ
1704 2349 1803 2422 τὴν

218 2447 371 2503 θείαν
399 2448 495 2502 τοῦ
518 2447 793 2502 Δεσπότου
835 2445 1083 2518 κορυφὴν
1108 2488 1122 2514 ,
1151 2445 1245 2498 καὶ
1266 2444 1344 2515 τῷ
1378 2444 1491 2515 ἰδίῳ
1517 2444 1730 2515 αἵματι.

288 2631 362 2685 Οὐ
394 2630 504 2702 χρὴ
535 2629 927 2701 ὑπερτίθεσθαι
946 2639 973 2667 ιι
993 2629 1052 2682 τὸ
1076 2627 1383 2699 βάπτισμα,
1418 2628 1507 2681 ὅτε
1536 2627 1604 2681 δι’
1628 2625 1804 2697 ἔργων

220 2725 254 2792 ἡ
304 2722 491 2786 πίστις
537 2722 647 2775 τῶν
691 2722 1028 2792 προσιόντων
1080 2721 1428 2794 μαρτυρηθῇ.
1468 2721 1526 2772 Ὀ
1559 2720 1668 2790 γὰρ
1696 2727 1721 2755 ο
1746 2721 1804 2771 ὲν

221 2814 352 2883 δόλῳ
386 2813 633 2885 προσιὼν
661 2813 741 2884 τῷ
774 2814 1139 2885 βαπτίσματι,
1164 2812 1634 2884 κατακριθήσεται
1666 2810 1803 2883 μᾶλ-

222 2904 311 2958 λον
371 2906 407 2976 ἦ
433 2905 850 2977 ὠφεληθήσεται
862 2946 873 2959 .

753 3085 1006 3138 ΚΕΦΛΛ.
1039 3084 1073 3137 ιν
1098 3081 1268 3155 [ιιιν].

787 3176 928 3243 Περὶ
961 3176 1240 3241 πίστεως.

302 3267 369 3322 Ἦ
393 3269 575 3340 μέντοι
609 3280 796 3330 πιστις
815 3267 977 3337 διπλῆ
1022 3267 1170 3319 ἐστιν
1191 3282 1204 3296 ο
1244 3266 1412 3320 Ἔστι
1456 3265 1567 3334 γὰρ
1597 3267 1805 3331 πίστις

222 3359 291 3423 ἐξ
316 3361 531 3430 ἀκοῆς.
578 3359 895 3423 Ἀκούοντες
932 3359 1043 3430 γὰρ
1063 3358 1174 3412 τῶν
1221 3358 1382 3412 θείων
1422 3359 1674 3430 Γραφῶν,
1712 3378 1803 3412 πι-

297 3515 344 3548 ³¹
373 3513 506 3569 Luc.
543 3513 629 3567 12.
658 3514 745 3568 50.

849 3514 893 3547 ⁸³
917 3512 1081 3585 Creg.
1122 3521 1262 3567 orat.
1297 3514 1388 3585 ᾇθ.

222 3590 267 3623 ⁸⁷
323 3588 460 3641 Gen.
506 3602 620 3651 vm,
656 3585 743 3641 11.

823 3585 868 3618 ⁸⁸
894 3582 1058 3654 ὒιρεῖ
1104 3590 1247 3640 orat.
1289 3583 1378 3637 40.

1495 3512 1542 3545 ⁸⁸
1566 3513 1642 3569 Id.
1682 3523 1821 3569 orat.
1865 3515 1955 3569 59.

1906 1912 2087 1952 smum
2122 1896 2441 1961 adhibetur,
2485 1898 2613 1966 quia
2646 1898 2960 1951 unctionem
2990 1907 3234 1951 nostram
3270 1897 3480 1966 signiti-

1905 1996 2014 2050 cat,
2058 2002 2271 2055 nosque
2301 1987 2546 2043 christos
2580 1988 2745 2053 facit,
2780 1990 3005 2059 insuper
3044 1987 3138 2043 Dei
3172 1987 3484 2042 misericor-

1905 2079 2048 2133 diam
2080 2095 2175 2149 per
2207 2079 2475 2150 Spiritum
2511 2090 2761 2136 sanctum
2799 2083 2959 2139 nobis
2994 2084 3301 2151 pollicetur.
3345 2081 3480 2136 Nam

1904 2181 1957 2225 ct
1977 2172 2229 2227 columba
2271 2173 2381 2228 illis
2409 2172 2501 2243 qui
2539 2174 2841 2231 incolumes
2870 2192 2899 2231 e
2930 2178 3136 2231 diluvio
3170 2182 3481 2239 evaserant,

1904 2265 2037 2319 oleae
2068 2279 2282 2318 ramum
2316 2273 2514 2334 praeter
2550 2280 2765 2320 onmem
2795 2282 2946 2335 spem
2980 2268 3106 2320 olim
3140 2267 3321 2319 attulit
3343 2264 3410 2319 ⁸⁷.

1973 2353 2227 2421 Joannes,
2267 2363 2325 2409 ut
2368 2355 2693 2424 baptizatus.
2743 2387 2796 2396 —
2825 2356 3068 2412 Joannes
3110 2357 3365 2427 imposita
3401 2358 3483 2411 di—

1904 2444 2034 2500 vino
2072 2445 2285 2500 Domini
2318 2447 2488 2517 capiti
2519 2463 2705 2508 manu,
2733 2455 2787 2503 et
2819 2463 3013 2503 cruore
3048 2448 3271 2519 proprio
3307 2448 3481 2517 bapti-

1907 2545 2063 2591 zatus
2100 2536 2223 2591 fuit.

1978 2627 2251 2682 Cmterum
2301 2627 2347 2660 ⁸⁸
2406 2629 2742 2698 baptismum
2783 2628 2989 2684 diutius
3038 2643 3333 2699 prorogare
3375 2644 3481 2681 non

1908 2726 2121 2787 oportet
2146 2716 2276 2771 dum
2309 2718 2687 2772 accedentium
2714 2718 2871 2771 ﬁdem
2904 2726 3285 2773 contestantur
3314 2719 3483 2772 actio-

1908 2822 2026 2862 nes.
2065 2806 2119 2860 Si
2158 2806 2282 2876 quis
2310 2808 2437 2860 dolo
2469 2807 2535 2860 ad
2565 2808 2901 2877 baptismum
2927 2810 3244 2875 accesserit,
3274 2818 3481 2863 tantum

1908 2899 2065 2953 abest
2103 2909 2159 2953 ut
2196 2899 2324 2953 hinc
2367 2899 2627 2956 utilitatis
2678 2901 2962 2971 quidpiam
3006 2905 3225 2971 capiat,
3261 2912 3321 2956 ut
3351 2918 3482 2956 con-

1907 2990 2315 3044 demnationem
2348 2992 2532 3061 potius
2567 3001 2815 3047 accersat
2844 2994 2972 3046 sibi.

2469 3085 2627 3156 263
2666 3084 2816 3139 CAP.
2865 3084 2929 3139 χ.

2556 3176 2647 3237 De
2689 3177 2815 3246 ﬁde.

1985 3264 2144 3319 Fides
2170 3267 2355 3319 virtus.
2381 3264 2624 3334 lnﬁdelis
2655 3276 2754 3329 est,
2787 3268 2876 3337 qui
2908 3286 3008 3321 non
3045 3268 3203 3323 credit
3238 3268 3484 3324 Ecclesia!

1912 3358 2209 3424 traditioni,
2274 3368 2364 3411 uut
2410 3360 2546 3412 male
2594 3360 2823 3414 rivit.—
2856 3360 3013 3417 Fides
3070 3380 3232 3433 porro
3286 3365 3481 3433 duplex

2059 3516 2104 3548 ⁸⁵
2145 3514 2220 3568 ll).
2285 3524 2424 3569 orat.
2481 3515 2590 3581 4i;
2633 3515 2752 3581 Act,
2795 3533 2853 3581 ιι,
2906 3517 2959 3572 2.
3029 3520 3071 3550 ⁸⁸
3101 3520 3255 3578 Deut.
3292 3539 3361 3586 iV,
3391 3523 3479 3576 921.

1484 3694 1711 3750 νᾹῐὶΙέΕ
1752 3695 2156 3751 LECTIONES.

302 3816 323 3857 ι
353 3819 516 3875 Deest
542 3818 620 3883 δὲ,
653 3817 706 3872 in
732 3815 896 3872 editis
934 3822 987 3870 et
1012 3814 1170 3870 Coll).
1202 3815 1255 3869 1.

1332 3823 1373 3851 ω
1405 3812 1536 3888 Reg.
1568 3816 1590 3869 1
1625 3815 1784 3888 etN.
1813 3818 1905 3885 τὴι
1950 3817 2127 3888 χάριν.
2208 3828 2233 3855 η
2266 3817 2323 3873 1η
2347 3821 2467 3876 eod.
2504 3820 2560 3875 S.
2598 3819 2704 3875 Hii.
2742 3836 2807 3875 ex
2856 3821 3072 3876 emend.
3116 3822 3336 3877 additur
3367 3818 3477 3877 οὖν.
3556 3876 3561 3881 .

226 3906 249 3929 ·
274 3891 436 3947 Deest
489 3890 598 3961 γὰρ
651 3889 706 3943 in
740 3884 901 3943 codd.
940 3887 1182 3941 restituit
1232 3884 1552 3941 emendator
1595 3886 1721 3941 cod.
1764 3886 1821 3942 S.
1858 3884 1967 3942 Hil.

1739 4026 1975 4084 ΝΟΤίΕ.

300 4148 415 4217 (7t)
461 4145 533 4202 Τὸ
555 4145 869 4217 ἐλαιονᾼι
899 4144 1368 4217 vero_oleu_m.ete.
1387 4142 1546 4217 Apud
1577 4142 1800 4217 Graecos

230 4214 321 4273 ille
348 4214 441 4286 qui
496 4215 864 4286 baptizandus
921 4215 1105 4286 venit,
1138 4215 1260 4269 oleo
1283 4214 1527 4286 _simpli_ei
1563 4214 1801 4286 primum

232 4283 521 4358 inun‘gitur
563 4283 592 4339 τι
645 4286 951 4358 sacerdote.
987 4284 1187 4358 Unctio
1244 4283 1415 4358 altera
1457 4284 1803 4358 baptismum

232 4353 614 4425 subsequitur,
665 4358 831 4425 titque
860 4356 982 4425 oleo
1010 4354 1303 4425 pigmentis
1333 4353 1745 4425 condito,quod
1780 4367 1811 4406 a

231 4423 489 4498 pontiﬁce
511 4423 890 4487 consecratur,
929 4423 1128 4479 feria'v
1162 4426 1213 4478 in
1230 4425 1401 4479 Cinna
1437 4423 1672 4487 Domini,
1708 4425 1811 4498 hoc

235 4493 378 4568 μέγα
410 4496 618 4568 μῦρον,
654 4511 905 4561 magnum
950 4507 1271 4565 unguentum
1306 4504 1703 4568 nuncupatur,
1727 4493 1811 4548 vel

308 4563 461 4637 ἶσμα.
494 4563 631 4637 ’Νοε
690 4580 912 4636 quoque
971 4563 1215 4619 sanctum
1265 4565 1500 4637 chrisma
1549 4563 1809 4637 dicimus.

287 4634 433 4693 nctio
463 4640 580 4691 haec
605 4634 783 4706 ipsum
805 4641 887 4688 est
916 4644 1323 4706 sacramentum
1344 4634 1808 4706 Conﬁrmationis,

235 4709 301 4777 de
333 4722 445 4777 quo
490 4704 693 4777 legesis
734 4705 1039 4777 Allat_._rlib.
1085 4720 1142 4777 ιιι
1193 4704 1268 4758 De
1289 4721 1531 4777 consona.
1563 4719 1687 4777 cap.
1718 4704 1807 4777 16.

237 4772 424 4832 Oleum
455 4772 611 4846 prius
639 4774 844 4846 Cyrillo
876 4772 1152 4846 Ilierosol.
1189 4775 1400 4829 catecli.
1428 4787 1590 4844 myst.
1634 4772 1807 4846 Ξτὲπ-

238 4844 509 4918 όρκιστον,
556 4844 942 4918 exorcisatum,
981 4844 1206 4908 dicitur,
1237 4861 1339 4913 quo
1386 4845 1811 4918 Atumuardentia

237 4914 568 4982 peccatorum
599 4916 820 4985 vestigia
857 4924 1149 4984 purgentur
1172 4958 1186 4978 ,
1223 4924 1333 4966 tum
1378 4914 1666 4969 invisibiles
1703 4914 1812 4985 duae

240 5003 409 5041 mones
445 4984 759 5055 pellantur}
791 5000 965 5054 eoque
999 4985 1426 5055 catechumenos
1457 5001 1487 5037 α
1514 4985 1705 5039 vertice
1743 4984 1810 5037 ad

241 5053 454 5125 inﬁmas
504 5072 669 5126 usque
722 5053 912 5126 partes
944 5055 1164 5126 perungi
1210 5054 1307 5126 ait.
1368 5053 1613 5108 Alterum
1680 5068 1810 5126 vero

244 5123 476 5194 spiritus
511 5123 689 5181 sancti
724 5123 864 5181 esse
903 5124 1191 5193 imaginem
1236 5123 1398 5194 docet
1422 5165 1436 5189 ,
1460 5134 1519 5177 ut
1549 5124 1813 5194 quemad-

244 5192 458 5250 modum
521 5197 576 5250 in
619 5195 899 5249 Christum
955 5192 1077 5247 eum
1125 5192 1468 5248 ascendisset
1519 5192 1587 5248 de
1633 5208 1807 5259 aqua,

246 5262 481 5334 Spiritus
519 5272 749 5321 sanctus
787 5265 960 5325 venit,
1003 5264 1084 5318 sic
1144 5262 1347 5334 Christi
1414 5264 1619 5317 alumni
1685 5263 1812 5331 Spi-

246 5333 385 5391 ritus
443 5337 621 5392 sancti
674 5336 993 5390 chrismatis
1051 5333 1452 5401 insigniantur,
1514 5344 1811 5402 postquam

248 5403 499 5475 baptismi
539 5406 699 5475 aquis
747 5405 916 5459 abluti
968 5411 1118 5475 sunt.
1170 5402 1437 5475 (Scelerum
1482 5403 1616 5475 velut
1657 5405 1811 5475 panis

248 5472 622 5545 Eu’charistite,
652 5475 972 5545 inquitcat.
1010 5474 1066 5536 '5,
1097 5472 1236 5545 μετὰ
1264 5472 1361 5545 τὴν
1386 5472 1810 5545 λέπίκ-λησινῌτοῦ

245 5544 399 5615 ῥιγίου
433 5541 768 5615 Πνεύματος,
802 5544 902 5597 οὐκ
927 5543 1074 5596 ἔστιν
1100 5541 1269 5615 ἄρτος
1295 5541 1459 5604 λιτὸς,
1489 5543 1625 5615 ἀλλὰ
1650 5543 1811 5612 σῶμα

245 5613 501 5681 Χριστοῦ,
537 5613 650 5682 past
688 5614 1070 5668 invocationem
1117 5613 1349 5680 Spiritus
1397 5614 1568 5666 sancti
1601 5630 1703 5666 non
1734 5622 1811 5666 est

247 5683 464 5748 simplex
508 5687 682 5752 panis,
710 5684 799 5738 sed
828 5699 1016 5751 corpus
1050 5682 1250 5737 Christi
1279 5696 1299 5734 :
1327 5684 1404 5735 sic
1430 5693 1671 5735 sanciunt
1706 5700 1804 5736 un-

253 5761 520 5817 guentum,
548 5754 648 5807 οὐκ
691 5753 805 5807 ἐστι
843 5754 1020 5822 ψιλὸν,
1054 5752 1163 5805 οὐδ’
1192 5752 1267 5815 ὡς
1320 5752 1465 5805 εἴποι
1498 5769 1601 5817 τις,
1626 5753 1803 5804 κοινὸν

259 5822 370 5887 μετ’
398 5822 704 5893 ἐπίκλησιν,
741 5823 1247 5891 invocatione‘facta
1285 5838 1385 5876 non
1444 5832 1521 5877 est
1575 5823 1802 5890 amplius

1910 4156 2255 4215 unguentum,
2280 4165 2396 4210 nec,
2421 4158 2477 4203 ut
2499 4150 2577 4202 ita
2611 4149 2807 4211 dicam,
2846 4162 3139 4211 commune,
3169 4148 3259 4201 sed
3284 4148 3485 4206 Christi

1910 4217 2105 4270 donum
2138 4257 2152 4279 ,
2187 4222 2459 4289 sanctique
2507 4219 2741 4287 Spiritus
2769 4258 2783 4282 ,
2817 4218 2967 4285 cujus
3007 4219 3299 4289 diuinitatis
3348 4235 3487 4284 prm-

1912 4289 2085 4341 sentia
2116 4288 2477 4357 eﬂicacitatem
2516 4290 2691 4343 liabet.
2723 4290 2925 4345 Deinde
2947 4288 3184 4356 explicat
3215 4304 3313 4342 cur
3336 4289 3485 4345 frons

1910 4357 2113 4426 aliique
2146 4356 2364 4415 "sensus
2400 4360 2701 4415 secundum
2754 4359 3010 4413 Ecclesim
3040 4356 3334 4413 Orientalis
3366 4376 3483 4413 ιιιυ-

1909 4442 2023 4501 rem
2061 4438 2358 4499 ungantur.
2400 4430 2558 4501 Apud
2592 4428 2923 4501 Orientales,
2959 4437 3020 4482 ut
3049 4429 3176 4501 olim
3211 4429 3349 4501 apud
3385 4428 3488 4501 La-

1909 4499 2059 4570 tinos
2107 4501 2402 4569 plerosque
2430 4499 2710 4569 {quilibet
2766 4500 3056 4570 presbyter
3085 4499 3341 4570 absoluto
3387 4499 3486 4570 ba-

1908 4568 2113 4637 ptismo
2150 4568 2366 4625 sacram
2399 4568 2714 4625 chrismatis
2743 4568 3055 4639 unctionem
3093 4568 3240 4621 facit.
3276 4568 3484 4639 Pachy-

1910 4653 2089 4694 meres
2110 4655 2239 4694 vero
2268 4640 2323 4693 in
2355 4641 2527 4709 cap.5
2546 4641 2769 4709 Dionys.
2798 4637 2872 4691 De
2915 4638 3043 4693 eccl.
3078 4639 3208 4691 hier.
3233 4637 3486 4709 obseruat

1912 4710 2152 4779 priscum
2176 4725 2384 4764 morem
2414 4706 2467 4763 in
2493 4706 2719 4764 Oriente
2749 4708 2940 4771 fuisse,
2966 4717 3025 4763 ut
3058 4710 3208 4779 solus
3245 4706 3484 4779 pontifex

1914 4777 2220 4849 iteophytos
2274 4780 2574 4835 chrismate
2610 4787 2840 4847 ungeret
2872 4779 3093 4849 εαΧρεία
3120 4777 3226 4849 γὰρ
3260 4777 3349 4849 τοῦ
3390 4778 3488 4845 ἁρ-

1912 4846 2140 4921 χιερέως
2188 4850 2341 4921 ἔσται
2387 4851 2467 4921 είς
2507 4851 2568 4903 τὸ
2625 4852 2812 4921 χρῖσαι
2846 4847 2924 4917 τῷ
2973 4846 3136 4921 μύρῳ
3164 4847 3253 4921 τὸν
3296 4846 3487 4915 βαπτι-

1913 4868 2140 4919 χιερεως
2188 4868 2341 4903 εσται
2387 4868 2467 4912 εις
2507 4868 2568 4903 το
2616 4868 2812 4973 ἔρισαι
2846 4868 2924 4917 τῳ
2981 4868 3136 4917 μυρῳ
3164 4868 3253 4899 τον
3296 4868 3485 4928 βαπτι-

1913 4918 2128 4991 σθέντα.
2180 4918 2330 4990 Αὕτη
2384 4920 2492 4988 γὰρ
2536 4922 2568 4991 ἠ
2658 4920 2819 4991 ρχαία
2869 4917 3164 4991 συνήθεια’
3202 4915 3345 4991 Opus
3386 4928 3485 4991 crit

1909 4990 2178 5057 pontiﬁce,
2210 4991 2300 5061 qui
2320 4986 2669 5057 baptizatum
2691 4986 3188 5061 'unguento'li‘niat.
3221 4986 3319 5061 I_Iic
3349 4988 3486 5039 enim

1913 5075 2026 5112 mos
2082 5057 2330 5131 antiquus
2372 5061 2515 5129 fuit:
2545 5061 2758 5116 dicente
2787 5057 3006 5131 Scilicet
3037 5057 3312 5128 Dionysio,
3354 5072 3481 5125 per-

1913 5130 2129 5183 ﬁciendi
2178 5127 2505 5199 potestatem
2558 5146 2666 5185 non
2696 5144 2818 5184 esse
2851 5127 3186 5198 presbytero,
3215 5142 3311 5180 nec
3357 5142 3485 5199 pro-

1913 5199 2039 5269 inde
2090 5197 2391 5267 perlectum
2456 5202 2787 5269 baptismum
2857 5197 3059 5269 dandi,
3101 5199 3201 5269 qui
3264 5197 3483 5269 nonnisi

1912 5268 2207 5323 chrismate
2243 5267 2580 5337 perﬁciatur.
2618 5270 2754 5325 Cutn
2786 5282 2918 5323 vero
2964 5268 3228 5337 episcopi,
3256 5267 3482 5319 secundi

1913 5337 2129 5410 ordinis
2159 5340 2539 5410 sacerdotibus
2562 5339 2873 5410 baptizandi
2908 5352 3109 5391 munus
3132 5337 3483 5410 detulissent,

1914 5408 1994 5461 eis
2033 5408 2267 5462 subinde
2312 5409 2406 5477 jus
2450 5407 2811 5463 conﬁrmandi
2854 5412 3163 5477 necpliytos
3216 5407 3484 5475 permise-

1913 5484 2064 5532 runt.
2116 5478 2184 5530 At
2232 5480 2592 5533 consecrandi
2642 5479 2908 5546 unguenti
2962 5482 3307 5548 potesmteur
3354 5477 3486 5548 roti—

1913 5561 2101 5616 nuere.
2131 5555 2191 5599 ut
2225 5549 2405 5616 palam
2444 5556 2609 5610 esset,
2653 5545 2875 5602 ex’solo
2901 5545 3161 5616 pontifice
3189 5545 3480 5616 perfectio-

1913 5632 2036 5670 netu
2079 5615 2132 5669 in
2175 5615 2362 5671 ﬁdeles
2408 5617 2665 5671 derivari.
2697 5615 2913 5671 Usitata’
2936 5617 3138 5672 Graecis
3188 5615 3241 5669 in
3288 5615 3489 5669 contir-

1910 5685 2151 5740 matione
2200 5686 2456 5748 formula,
2497 5693 2710 5740 vetusta
2744 5687 2837 5739 illa
2885 5697 3151 5754 estquam
3200 5683 3366 5739 refert
3396 5698 3488 5737 ca—

1912 5770 2022 5809 non
2063 5757 2093 5827 7
2124 5756 2380 5827 secunda:
2409 5756 2603 5827 synodi
2639 5756 2949 5827 :Zcppqﬂgr
2983 5756 3192 5827 δωρεᾶς
3233 5754 3487 5827 Πνεύμα-

1911 5842 2002 5887 τος
2051 5825 2231 5895 ἁγίου,
2264 5824 2612 5895 Signaculum
2645 5824 2783 5881 doni
2807 5825 3038 5894 Spiritus
3063 5824 3266 5882 sancti.
