3926 6292
202 436 341 505 1125
1264 441 1362 500 DE
1398 443 1575 502 FIDE
1616 442 2081 503 ORTHODOXA
2119 445 2265 505 LIB.
2293 446 2392 506 IV.
3331 450 3466 515 1126

196 549 377 604 τικόν·
415 545 516 601 οὐκ
550 544 631 599 ἔτι
659 543 767 615 γὰρ
807 546 977 598 κακία
1002 546 1099 600 καὶ
1136 547 1385 618 ἁμαρτία
1415 549 1783 603 πολιτεύεται·

1908 550 2160 619 martyrio
2210 552 2513 619 perﬁcitur,
2552 567 2661 622 quo
2716 561 2771 608 et
2820 553 3073 611 Christus
3123 555 3242 626 ipse
3290 562 3463 612 nostri

199 640 431 705 κολάζον
460 639 516 692 δὲ
546 636 905 709 ἀτελεύτητα.

1908 655 2058 695 :ausa
2093 640 2390 697 defunctus
2427 650 2511 698 est
2532 644 2601 697 ⁸².
2653 644 2859 713 Estque
2895 646 3029 699 illud
3072 662 3332 717 perquam
3364 664 3461 701 au-

199 742 420 804 gustum
458 745 523 785 ac
554 730 796 794 beatum,
830 730 977 801 quod
1014 730 1183 787 nullis
1227 732 1455 800 posthac
1511 731 1769 789 sordibus
1805 731 2148 799 inquinetur.
2206 729 2535 786 Octavum"
2592 734 2828 805 denique
2857 744 2910 791 et
2933 746 3267 806 postremum
3328 739 3461 794 illud

199 834 305 893 est,
360 840 473 880 non
512 825 623 895 jam
670 824 1058 891 salutiferum,
1119 841 1310 881 verum
1379 828 1456 880 ita
1518 827 1785 881 malitiam
1819 825 2096 893 auferens,
2133 828 2354 895 quando
2397 843 2533 882 suus
2558 827 2670 896 jam
2713 830 2935 885 malitia:
2995 840 3049 887 et
3092 841 3314 902 peccato
3383 833 3461 886 lo-

199 934 299 976 cus
334 934 445 975 non
489 920 616 986 erit,
645 926 706 973 ut
735 928 921 974 tamen
957 922 1350 989 sempiternum
1391 920 1678 975 excruciet
1714 934 1777 974 ac
1811 919 2021 989 puniat.

273 1012 583 1084 Σωματικῷ
605 1011 662 1065 δὲ
695 1011 827 1065 εῖδει
859 1011 902 1080 1,
930 1012 1062 1066 ὡσεὶ
1099 1012 1423 1083 περιστερὰ,
1456 1012 1783 1083 ὲπεφοίτησε

1960 1011 2193 1081 Spiritus
2261 1022 2477 1067 sanctus
2552 1013 2811 1068 columba:
2865 1015 3030 1083 specie
3095 1024 3143 1069 et
3206 1016 3466 1085 ignis.—

199 1107 261 1159 τὸ
283 1106 510 1177 Πνεῦμα
540 1105 599 1159 τὸ
632 1105 810 1174 ἆγιον,
828 1105 929 1175 τὴν
965 1107 1221 1176 ἀπαρχὴν
1241 1106 1337 1158 τοῦ
1357 1106 1630 1175 ἡμετέρου
1656 1105 1783 1158 ὐπο-

1908 1103 2060 1158 δοτιο
2084 1105 2129 1136 3"
2158 1102 2397 1174 Spiritus
2456 1114 2682 1161 sanctus
2738 1108 3010 1176 corporali
3065 1109 3265 1176 specie,
3320 1109 3464 1162 sicut

198 1197 447 1251 δεικνύον
478 1197 876 1268 βαπτίσματος,
900 1198 993 1251 καὶ
1025 1199 1200 1270 τιμῶν
1220 1198 1283 1251 τὸ
1322 1198 1480 1268 σῶμα
1503 1215 1517 1230 ·
1542 1198 1667 1251 ἐπεὶ
1694 1198 1783 1251 καὶ

1908 1194 2139 1248 :olumba
2170 1195 2235 1249 ad
2272 1194 2561 1250 Dominum
2604 1197 2915 1262 descendit,
2969 1200 3157 1268 sicque
3206 1211 3320 1253 tum
3372 1200 3463 1253 ha-

199 1286 383 1354 τοῦτο,
405 1288 575 1357 ἣγουν
596 1288 658 1341 τὸ
693 1288 876 1358 σῶμα,
906 1290 969 1359 τῇ
1004 1287 1197 1343 θεώσει
1224 1287 1376 1355 Θεὸς,
1407 1288 1501 1341 καὶ
1536 1288 1652 1358 ἃμα
1680 1305 1783 1342 που

1908 1285 2071 1340 >tismi
2109 1287 2287 1340 udstri
2341 1288 2613 1356 primitias
2660 1288 3065 1354 subindicabat,
3098 1298 3213 1341 tum
3264 1305 3464 1358 corpus

203 1381 410 1435 ἄνωθεν
437 1380 668 1435 εἴθισται
691 1382 992 1452 περιστερὰ
1022 1382 1176 1435 λύσιν
1208 1380 1598 1452 κατακλυσμοῦ
1624 1380 1783 1449 εὐαγ-

1908 1376 2291 1431 20honestabat
2319 1392 2331 1430 :
2363 1379 2623 1447 quoniam
2659 1387 2712 1434 et
2744 1380 2847 1434 hoc
2870 1396 3088 1450 quoque
3120 1396 3218 1449 per
3246 1382 3467 1435 deifica-

202 1472 535 1542 γελίζεσθαι.
574 1473 699 1528 Ἐπὶ
736 1474 793 1528 δὲ
818 1474 944 1538 τοὺς
971 1475 1160 1543 ἁγίους
1195 1474 1531 1537 ἀποστόλους
1564 1490 1783 1544 πυροει-

1908 1468 2099 1522 ιίοηρηι
2153 1466 2296 1523 Deus
2337 1477 2473 1523 erat.
2523 1470 2696 1533 Adde,
2746 1469 2891 1540 quod
2935 1471 3187 1525 columba
3218 1487 3468 1525 cessasse

202 1564 307 1628 δὼς
340 1564 576 1618 κάτεισι.
602 1564 733 1630 Θεὸς
777 1565 887 1637 γάρ
938 1566 1087 1619 ἐστιν
1120 1579 1134 1594 °
1173 1566 1202 1618 ὁ
1246 1564 1301 1618 δὲ
1327 1563 1461 1628 Θεὸς
1492 1562 1603 1635 πῦρ
1648 1579 1786 1616 κατ-

204 1657 501 1711 αναλίσκον
535 1656 676 1710 ἐστί.

1893 1558 2158 1614 diluvium
2216 1559 2347 1612 olim
2395 1559 2748 1615 nuntiaverit.
2802 1560 2946 1631 Ignis
2997 1578 3126 1616 vero
3184 1563 3363 1630 specie
3413 1564 3465 1616 in

1792 1728 1795 1729 ν
1893 1660 2115 1705 sanctos
2147 1651 2425 1719 apostolos
2464 1650 2746 1705 descendit
2771 1651 2838 1716 ⁸⁸,
2864 1667 2929 1706 eo
2960 1653 3106 1722 quod
3135 1652 3276 1708 Deus
3300 1662 3464 1708 esset.

1894 1740 2035 1795 Deus
2066 1742 2204 1794 enim
2236 1742 2371 1811 ignis
2420 1758 2727 1796 consumens
2766 1753 2843 1795 est
2872 1743 2939 1797 ⁸⁸.

277 1834 352 1886 Τὸ
392 1832 571 1888 ἔλαιον
602 1832 711 1906 (71)
747 1832 1087 1905 βαπτίσματι
1126 1831 1617 1904 παραλαμϐάνεται
1639 1872 1653 1899 ,
1686 1848 1783 1902 μη-

1968 1832 2084 1887 Olei
2118 1835 2317 1888 unctio.
2354 1865 2423 1875 —
2452 1836 2519 1888 At
2559 1851 2686 1889 vero
2717 1836 2896 1889 oleum
2934 1834 3143 1890 idcirco
3175 1835 3241 1889 ad
3284 1835 3465 1904 bapti-

203 1926 331 1978 νύον
372 1926 472 1997 τὴν
500 1925 682 1997 χρίσιν
703 1934 741 1961 ω
767 1923 923 1996 ήμῶν
943 1965 957 1989 ,
990 1923 1085 1978 καὶ
1130 1923 1390 1996 χριστοὺς
1416 1924 1566 1994 ἡμᾶς
1619 1925 1787 1993 ἐργαο

204 2019 454 2088 ζόμενον,
488 2018 695 2071 καὶτὸν
726 2017 821 2071 τοῦ
855 2016 992 2071 Θεοῦ
1025 2019 1161 2088 ἡμῖν
1201 2014 1676 2085 ἐπαγγελλόμενον
1701 2015 1789 2068 διὰ

202 2109 300 2163 τοῦ
328 2110 484 2179 ἁγίου
516 2110 835 2180 Πνεῦματος
864 2107 1034 2170 ἔλεον,
1061 2106 1187 2160 ἐπεὶ
1225 2105 1321 2160 καὶ
1365 2105 1575 2175 κάρφος
1606 2105 1791 2168 ἐλαίας

202 2205 319 2266 τοῖς
344 2204 408 2255 ὲκ
431 2202 526 2255 τοῦ
570 2199 963 2271 κατακλυσμοῦ
1006 2196 1394 2268 περισωθεῖσιν
1422 2199 1456 2269 ἡ
1486 2196 1789 2268 περιστερὰ

204 2292 526 2363 κεκόμικεν.

290 2384 624 2456 Ἐὅαπτίσθη
659 2383 914 2455 Ἰωάννης
940 2424 954 2450 ,
982 2382 1079 2454 τὴν
1121 2384 1283 2454 χεῖρα
1329 2379 1540 2444 ἐπιθεὶς
1565 2380 1659 2433 ἐπὶ
1692 2377 1789 2451 τὴν

204 2477 361 2532 θείαν
388 2478 482 2532 τοῦ
505 2478 778 2531 Δεσπότου
820 2476 1069 2548 κορυφὴν
1092 2518 1107 2545 ,
1136 2476 1231 2529 καὶ
1251 2473 1329 2545 τῷ
1364 2474 1477 2544 ίδίῳ
1502 2473 1716 2544 αἵματι.

279 2660 353 2715 Οὐ
383 2660 491 2732 χρὴ
521 2659 959 2731 ὑπερτίθεσθαιιι
978 2659 1038 2712 τὸ
1061 2657 1368 2729 βάπτισμα,
1403 2658 1491 2711 ὅτε
1522 2657 1590 2710 δι’
1614 2655 1790 2726 ἔργων

206 2755 244 2822 ἡ
295 2752 478 2816 πίστις
523 2753 633 2806 τῶν
677 2752 1013 2822 προσιόντων
1065 2751 1413 2823 μαρτυρηθῇ.
1453 2750 1511 2802 Ὀ
1545 2749 1654 2819 γάρ
1682 2757 1707 2783 ο
1732 2750 1790 2801 ὲν

206 2844 343 2913 δόλῳ
376 2844 619 2916 προσιὼν
647 2843 728 2915 τῷ
760 2844 1124 2915 βαπτίσματι,
1149 2842 1621 2914 κατακριθήσεται
1651 2840 1789 2913 μᾶλ-

208 2936 302 2989 λον
361 2936 396 3006 ἦ
420 2935 859 3008 ὠφεληθήσεται.

740 3115 992 3169 ΚΕΦΛΛ.
1024 3114 1058 3166 r
1084 3111 1254 3185 [ur].

772 3206 914 3273 Περὶ
946 3206 1226 3271 πίστεως.

292 3297 356 3352 Ἥ
381 3300 561 3370 μέντοι
595 3312 782 3361 πίστις
801 3297 963 3368 διπλῆ
1008 3297 1156 3349 ἐστιν
1176 3312 1189 3326 ·
1230 3295 1397 3349 Ἐστι
1442 3294 1552 3364 γὰρ
1583 3296 1791 3360 πίστις

207 3391 280 3454 ἐξ
305 3392 518 3461 ἀκοῆς.
564 3390 881 3454 Ἀκούοντες
918 3390 1029 3460 γάρ
1049 3388 1159 3442 τῶν
1206 3387 1367 3442 θείων
1407 3388 1660 3460 Γραφῶν,
1697 3406 1789 3441 πι-

286 3545 333 3577 ⁸²
362 3544 493 3599 Luc.
530 3544 615 3598 ‘12.
645 3545 732 3599 50.

835 3545 880 3576 ⁸³
904 3542 1066 3615 Creg.
1107 3552 1247 3598 orat.
1283 3544 1374 3615 ait).

207 3621 257 3653 ⁸⁷
312 3619 448 3673 (ἰριι.
494 3633 607 3681 vui,
644 3616 731 3671 ll.

810 3615 855 3649 ⁸⁸
881 3612 1044 3685 (ἰτελεί
1090 3621 1233 3670 orat.
1274 3614 1364 3668 40.

1481 3542 1527 3575 ⁸⁸
1553 3542 1628 3598 ld.
1667 3552 1807 3598 orat.
1851 3544 1941 3598 59.

1893 1941 2074 1981 smum
2108 1925 2427 1991 adhibetur,
2472 1927 2600 1997 quia
2633 1929 2946 1982 unctionem
2976 1938 3220 1982 nostram
3256 1927 3466 1997 signiﬁ-

1892 2024 2001 2079 cat,
2044 2032 2258 2085 nosque
2287 2017 2533 2073 christos
2565 2018 2730 2084 facit,
2766 2020 2991 2090 insuper
3030 2018 3123 2073 Dei
3158 2018 3469 2073 misericor-

1892 2108 2035 2161 diam
2066 2124 2161 2178 pcr
2194 2108 2461 2180 Spiritum
2497 2121 2746 2166 sanctum
2785 2113 2945 2169 nobis
2981 2114 3287 2181 pollicetur.
3330 2112 3466 2167 Nam

1891 2210 1944 2253 ct
1964 2201 2216 2257 columba
2258 2203 2366 2258 illis
2394 2202 2488 2273 qui
2525 2204 2826 2261 incolumes
2855 2222 2885 2262 e
2916 2208 3122 2261 diluvio
3156 2212 3467 2269 evaserant,

1892 2293 2023 2348 olea:
2054 2308 2269 2347 ramum
2302 2303 2500 2363 praeter
2535 2310 2751 2350 onmem
2780 2313 2932 2365 spem
2965 2298 3093 2351 olim
3126 2298 3307 2350 attulit
3329 2294 3397 2349 ⁸⁷.

1961 2382 2213 2451 Joannes,
2254 2394 2310 2438 ut
2354 2385 2679 2453 baptizatus.
2728 2417 2782 2425 —
2810 2386 3054 2442 Joannes
3096 2387 3351 2457 imposita
3387 2388 3469 2441 di-

1891 2473 2021 2529 vino
2059 2474 2271 2529 Domini
2304 2477 2473 2547 capiti
2505 2492 2691 2537 manu.
2719 2485 2773 2532 et
2805 2492 2999 2533 cruore
3035 2478 3257 2548 proprio
3293 2477 3467 2547 bapti-

1894 2573 2050 2619 zatus
2086 2565 2210 2619 fuit.

1966 2655 2238 2711 Caeterum
2287 2656 2333 2690 ⁸⁸
2392 2658 2727 2728 baptismum
2769 2657 2975 2713 diutius
3024 2672 3319 2727 prorogare
3362 2673 3467 2709 non

1895 2754 2107 2816 oportet
2133 2746 2263 2800 dum
2295 2747 2672 2801 accedentium
2700 2748 2856 2801 ﬁdem
2889 2755 3271 2802 contestantur
3300 2747 3470 2800 actio-

1894 2851 2011 2891 nes.
2052 2835 2105 2889 Si
2144 2836 2268 2905 quis
2296 2837 2423 2889 dolo
2454 2836 2521 2889 ad
2550 2837 2887 2907 baptismum
2912 2839 3231 2904 accesserit,
3260 2847 3468 2891 tantum

1893 2928 2051 2982 abest
2088 2939 2145 2981 ut
2181 2929 2309 2982 hinc
2352 2928 2613 2985 utilitatis
2664 2930 2948 2999 quidpiam
2992 2934 3211 3000 capiat,
3247 2940 3307 2984 ut
3338 2946 3470 2984 con-

1893 3019 2300 3074 demnationem
2334 3021 2518 3090 potius
2553 3030 2801 3075 accersat
2830 3021 2958 3074 sibi.

2455 3114 2614 3184 263
2652 3112 2803 3167 CAP.
2851 3113 2916 3167 Χ.

2542 3204 2633 3265 De
2675 3205 2802 3274 ﬁde.

1972 3293 2130 3348 Fides
2154 3296 2341 3348 virtus.
2367 3293 2609 3363 Inﬁdelis
2640 3305 2740 3357 est,
2773 3297 2863 3366 qui
2894 3314 2995 3349 non
3032 3296 3190 3350 credi!
3226 3294 3471 3351 Ecclesia?

1897 3387 2195 3453 traditioni,
2259 3397 2349 3440 aut
2394 3389 2532 3442 male
2578 3389 2808 3443 t'it'it.—
2842 3388 3000 3445 Fides
3056 3406 3219 3461 porro
3273 3392 3469 3460 duplex

2044 3544 2089 3576 ³⁸
2130 3543 2205 3596 Ib.
2270 3552 2410 3598 orat.
2467 3544 2576 3609 ii;
2619 3544 2738 3609 Act,
2781 3561 2839 3609 ιι,
2893 3546 2946 3599 ‘2.
3015 3548 3058 3577 ⁸⁸
3088 3547 3242 3605 Deut.
3278 3565 3348 3613 ιν,
3377 3550 3467 3603 ει.

1470 3724 1551 3778 VA
1565 3725 1698 3780 [ΠᾹΞ
1739 3723 2030 3780 LECTION
2042 3726 2142 3780 ES.

292 3846 314 3888 ι
343 3849 504 3906 Deest
530 3848 609 3913 δὲ,
641 3848 694 3902 in
720 3845 883 3917 editis
921 3852 974 3900 et
999 3843 1157 3917 Coll).
1190 3845 1242 3899 1.
1319 3854 1359 3882 ω
1391 3842 1522 3917 Reg.
1554 3846 1576 3899 i
1612 3854 1665 3900 et
1698 3845 1763 3900 N.
1800 3847 1892 3917 τὴι
1936 3847 2113 3917 χάριν.
2194 3857 2219 3884 η
2252 3846 2309 3902 ln
2334 3849 2454 3905 cod.
2490 3848 2545 3904 S.
2584 3847 2691 3903 lIil.
2728 3864 2793 3903 ex
2842 3848 3059 3903 emend.
3103 3848 3323 3903 additur
3354 3844 3465 3904 οὖν.
3544 3902 3549 3909 ,

214 3938 240 3960 ο
266 3922 425 3977 Deest
478 3921 587 3991 γὰρ
640 3920 695 3973 in
728 3914 888 3973 codd.
928 3916 1170 3971 restituit
1219 3914 1539 3971 emendatOr
1583 3917 1709 3972 cod.
1751 3917 1808 3972 S.
1846 3914 1953 3972 Hil.

1727 4057 1962 4115 NOTIE.

291 4179 405 4249 (τι)
450 4176 522 4249 Τὸ
544 4175 859 4249 ἔλαιον-,Δί
888 4174 1357 4249 υενολοιειιιηκῑρ.
1376 4171 1535 4249 Apud
1566 4171 1789 4249 Graecos

217 4243 313 4305 ille
339 4243 431 4317 qui
485 4246 853 4317 baptizandus
910 4245 1093 4317 venit,
1126 4245 1250 4317 oleo
1271 4243 1516 4317 _simpli‘ci
1552 4244 1790 4317 primum

220 4312 509 4389 inungitur
552 4312 581 4371 ὁ
634 4316 940 4389 sacerdote.
976 4313 1176 4389 Unctio
1233 4312 1405 4389 altera
1447 4312 1792 4389 baptismum

220 4382 603 4455 subsequitur,
655 4389 821 4456 ﬁtque
849 4386 970 4456 oleo
998 4385 1292 4456 pigmentis
1322 4382 1734 4456 condito,_quod
1769 4397 1800 4437 ιι

220 4454 478 4531 pontiﬁce
500 4454 880 4517 consecratur,
918 4454 1117 4509 feria’v
1152 4457 1203 4508 in
1220 4455 1391 4509 Ctena
1425 4454 1662 4517 Domini,
1699 4454 1801 4531 hoc

223 4522 370 4600 μέγα
403 4527 607 4600 μῦρον,
644 4542 895 4593 magnum
939 4537 1262 4595 unguentum
1295 4533 1693 4600 nuncupatur,
1718 4522 1800 4577 vel

299 4593 453 4668 ξ’σμα.
484 4593 621 4653 ’Νοε
679 4611 901 4667 quoque
961 4593 1205 4649 sanctum
1255 4595 1490 4668 chrisma
1540 4593 1798 4668 dicimus.

277 4663 426 4724 nctio
455 4670 570 4721 hare
596 4663 772 4737 ipsum
794 4663 877 4720 est
905 4674 1314 4737 sacramentum
1334 4663 1799 4737 Conﬁrmationis,

222 4742 291 4794 de
324 4752 437 4808 quo
483 4733 683 4808 legesis
724 4736 1028 4808 Allat_._rlib.
1074 4750 1131 4808 ιιι
1182 4734 1259 4787 De
1280 4750 1521 4808 censeris.
1554 4748 1677 4808 cap.
1708 4733 1797 4808 16.

1898 4185 2242 4245 unguentum,
2267 4194 2383 4239 nec,
2407 4186 2464 4230 ut
2486 4178 2564 4231 ita
2598 4177 2794 4240 dicam,
2833 4191 3127 4238 commune,
3157 4175 3247 4229 sed
3273 4174 3473 4232 Christi

1899 4247 2093 4300 donum
2125 4287 2139 4309 ,
2174 4251 2447 4318 sanctique
2494 4247 2727 4316 Spiritus
2756 4286 2770 4309 ,
2805 4246 2955 4314 cujus
2995 4247 3287 4318 diuinitatis
3334 4262 3475 4318 prm-

1901 4318 2073 4370 sentia
2104 4316 2464 4387 efﬁcacitatem
2504 4318 2678 4372 habet.
2710 4318 2912 4373 Deinde
2935 4316 3173 4387 explicat
3204 4332 3301 4370 cur
3322 4316 3474 4372 frons

1898 4386 2102 4455 aliique
2133 4385 2352 4444 "sensus
2388 4390 2688 4445 seeundum
2742 4388 2998 4441 Ecclesia:
3027 4385 3322 4441 Orientalis
3354 4404 3472 4440 mo-

1899 4472 2012 4530 rem
2051 4468 2346 4528 ungantur.
2388 4460 2544 4530 Apud
2580 4457 2912 4530 Orientales,
2948 4465 3008 4510 ut
3038 4458 3164 4530 olim
3200 4457 3338 4530 apud
3374 4455 3476 4530 [.a-

1899 4528 2049 4599 tinos
2096 4526 2390 4599 plerosque
2419 4526 2698 4599 {quilibet
2754 4528 3045 4598 presbyter
3073 4527 3329 4599 absoluto
3375 4526 3474 4599 ba-

1899 4594 2113 4667 ptismo
2139 4594 2354 4654 sacrain
2387 4594 2702 4654 chrismatis
2731 4594 3044 4667 unctionem
3080 4596 3229 4667 facit.
3259 4594 3472 4667 Pachy-

1900 4666 2079 4722 meres
2100 4683 2229 4723 vero
2258 4669 2312 4722 in
2344 4670 2757 4739 cap.5Dionys.
2787 4666 2861 4739 De
2904 4666 3031 4722 eccl.
3067 4666 3197 4739 hier.
3222 4666 3475 4739 οὺεοιςν.ιι

1902 4738 2142 4808 priscum
2167 4753 2373 4793 morem
2402 4734 2455 4792 in
2482 4734 2708 4793 Oriente
2736 4737 2929 4797 fuisse.
2955 4745 3014 4791 ut
3039 4737 3197 4808 solus
3234 4734 3473 4808 pontifex

223 4786 432 4890 ξ)ῑεῦιῖ
448 4786 834 4888 panyasin
866 4786 1142 4890 Hierosol.
1179 4786 1580 4890 catecliﬁnyét.
1711 4805 1798 4890 εχει
1831 4786 1873 4841 ι)
1905 4786 3339 4890 insistis;diuisa;1;};ge'rziégxgaa'ia.22.:
3379 4786 3477 4871 ἀῇζ

224 4874 501 4951 όρκιστον,
547 4874 931 4951 exorcisutum,
971 4874 1196 4939 dicitur,
1227 4891 1330 4944 quo
1375 4874 1801 4951 _tui_n__a_rden_tia

222 4943 558 5016 peccatorum
590 4947 809 5016 vestigia
847 4956 1139 5015 purgentur
1162 4989 1176 5010 ,
1214 4955 1323 4998 tum
1368 4943 1656 5016 invisibiles
1693 4943 1803 5016 dce:

225 5013 402 5072 inanes
438 5013 749 5085 pellantur}
781 5013 962 5085 eoque
989 5016 1416 5085 catechumenos
1447 5032 1478 5067 a
1504 5015 1695 5069 vertice
1734 5013 1801 5067 ad

226 5089 446 5157 iit/imas
496 5102 671 5157 usque,
713 5093 903 5157 partes
935 5086 1155 5157 perungi
1200 5085 1297 5157 ait.
1358 5084 1603 5139 Alterum
1671 5097 1801 5157 vero

228 5154 468 5227 spiritus
503 5154 680 5227 sancti
715 5154 855 5227 esse
894 5155 1182 5224 imaginem
1216 5154 1388 5227 docet
1412 5195 1426 5220 ,
1451 5154 1804 5227 ut_quemad-

228 5222 450 5281 m’odum
512 5227 567 5280 in
610 5225 891 5280 Christum
947 5222 1068 5278 cum
1116 5222 1458 5277 ascendisset
1510 5222 1578 5278 de
1624 5238 1799 5289 aqua,

229 5296 472 5367 Spiritus
511 5303 740 5351 sanctus
778 5296 952 5355 venit.
994 5295 1075 5367 sic
1136 5292 1339 5367 Christi
1405 5293 1611 5347 alumni
1676 5292 1803 5361 Spi-

228 5364 377 5423 ri'tus
435 5368 611 5423 sancti
665 5368 985 5421 chrismatis
1043 5364 1443 5431 insigniantur,
1505 5373 1802 5432 postquam

231 5438 490 5507 baptismi
531 5436 691 5506 aquis
738 5436 910 5491 abluti
960 5442 1110 5507 sunt.
1161 5433 1428 5507 Cteterum
1474 5433 1609 5507 uelut
1648 5434 1803 5507 panis

230 5501 613 5570 Eii—charistiw',
642 5506 825 5575 inquit
856 5514 964 5559 cat.
1002 5505 1057 5567 5,
1089 5503 1228 5575 μετὰ
1255 5502 1352 5575 τὴν
1378 5501 1802 5575 Ῠὲπίκλησινμτοῦ

228 5578 390 5644 ἁγίου
424 5572 761 5646 Πνεύματος,
795 5575 895 5628 οὐκ
921 5575 1067 5627 ἔστιν
1094 5572 1262 5646 ἄρτος
1286 5572 1451 5635 λιτὸς,
1480 5573 1616 5646 ἀλλὰ
1642 5572 1802 5641 σῶμα

227 5645 492 5716 Χριστοῦ,
528 5644 643 5713 post
681 5644 1341 5716 invocatiortent_Spiritus
1389 5644 1560 5696 sancti
1594 5659 1696 5695 non
1725 5652 1802 5695 est

228 5712 456 5783 simplex
498 5718 674 5784 panis,
702 5715 792 5769 sed
821 5729 1009 5781 corpus
1042 5712 1243 5784 Christi
1273 5727 1291 5765 :
1319 5715 1395 5784 sic
1421 5722 1663 5766 sanctum
1698 5729 1796 5784 un-

233 5782 640 5856 guentunﬁgobu
684 5784 798 5838 ἔστι
837 5784 1013 5856 ψιλὸν,
1048 5783 1156 5856 οὑᾷν
1185 5783 1260 5845 ὡς
1313 5783 1456 5834 εἴποι
1490 5799 1593 5847 τις,
1617 5782 1793 5856 κοινὸν

240 5853 358 5926 μετ’
387 5853 697 5926 ἐπίκλησιν,
734 5853 1240 5921 invocatione‘facta
1279 5868 1377 5906 non
1436 5862 1513 5907 est
1567 5853 1793 5919 amplius

1904 4872 2131 4949 χιερέως
2178 4878 2331 4949 ἔσται
2376 4879 2457 4949 είς
2496 4880 2558 4931 τὸ
2614 4872 2801 4949 χρῖσαι
2835 4876 2914 4946 τῷ
2962 4872 3125 4949 ’μύρῳ
3152 4875 3243 4949 τὸλν
3285 4872 3477 4949 βαπτι·

1905 4943 2119 5019 σθέντα.
2170 4946 2320 5017 Αὕτη
2374 4948 2482 5015 γὰρ
2526 4950 2558 5018 ἡ
2605 4943 2808 5019 ἀρχαία
2859 4943 3113 5019 συνήθεια
3140 4962 3152 4975 ·
3190 4943 3334 5019 Opus
3375 4947 3474 5019 erit

1901 5018 2168 5085 pontiﬁce,
2201 5014 2658 5088 qui'baptiza'tuni
2681 5014 3177 5088 'itnguento‘lilziat.
3209 5014 3308 5088 Hic
3338 5015 3475 5066 enim

1904 5103 2017 5140 mos
2074 5085 2321 5158 antiquus
2362 5087 2505 5155 fuit:
2535 5089 2748 5143 dicente
2777 5085 2996 5158 Scilicet
3027 5085 3301 5155 Dionysio,
3344 5099 3470 5151 per-

1904 5157 2120 5212 ﬁciendi
2169 5155 2496 5228 potestatem
2549 5173 2656 5212 non
2686 5172 2808 5212 esse
2842 5155 3179 5228 presbytero,
3204 5169 3301 5208 nec
3346 5168 3474 5228 prof

1904 5228 2031 5280 inde
2081 5223 2383 5296 perfectum
2447 5229 2777 5296 baptismum
2843 5223 3049 5291 dandi,
3091 5226 3183 5293 qui
3254 5223 3473 5296 nonnisi

1902 5293 2198 5352 chrismate
2234 5293 2571 5366 perﬁciatur.
2608 5297 2744 5351 Cum
2778 5311 2908 5349 vero
2955 5296 3219 5366 episcopi,
3246 5293 3473 5366 secundi

1904 5367 2120 5421 ordinis
2150 5364 2531 5423 sacerdotibus
2554 5366 2864 5436 baptizandi
2899 5378 3099 5417 munus
3123 5364 3473 5436 detulissent,

1905 5438 1985 5491 eis
2023 5437 2258 5492 subinde
2303 5438 2397 5506 jus
2441 5434 2803 5491 confirmandi
2845 5437 3153 5506 ncepltytos
3206 5434 3475 5506 permise-

1904 5514 2055 5561 runt.
2107 5507 2175 5559 At
2224 5503 2583 5561 consecrandi
2634 5503 2899 5571 unguenti
2953 5509 3276 5572 potestatem
3346 5503 3476 5555 reti-

1904 5591 2092 5652 nuere,
2121 5585 2194 5652 ut
2216 5578 2395 5652 palam
2415 5582 2601 5652 _es_set,
2620 5591 2728 5652 ἐξ,
2747 5573 2867 5652 solo
2892 5571 3151 5652 pontiﬁce
3180 5571 3471 5652 perfectio-

1904 5661 2027 5700 nem
2069 5645 2123 5698 in
2167 5641 2353 5700 ﬁdeles
2398 5645 2656 5700 derivari.
2688 5642 2898 5696 Usitata
2927 5641 3130 5696 Graecis
3178 5641 3231 5694 in
3279 5643 3479 5696 conﬁr-

1901 5715 2143 5769 matione
2191 5715 2447 5777 formula,
2488 5721 2701 5770 vetusta
2736 5713 2828 5766 illa
2876 5722 3143 5778 estquam
3192 5710 3357 5766 refert
3386 5727 3477 5765 ca-

1903 5800 2013 5839 non
2054 5786 2084 5837 7
2116 5786 2371 5855 secundm
2400 5785 2593 5855 synodi
2630 5804 2642 5838 :
2677 5782 2942 5855 xoptate
2975 5782 3184 5852 δωρεᾶς
3225 5782 3476 5855 ili/educt-

1902 5871 1993 5918 τος
2042 5855 2223 5924 ἁγίου,
2256 5852 2603 5925 δίθηαὲηίιιιη
2636 5852 2773 5907 doni
2800 5853 3030 5923 Spiritus
3067 5852 3259 5908 sancti.
