3926 6292
441 344 578 414 1197

1683 354 1744 414 S.
1780 353 2099 416 JOANNIS
2131 353 2556 414 DA‘MASCENI

3563 340 3725 408 1.128

439 471 524 516 est
554 477 567 513 :
603 458 699 514 Est
745 459 884 516 enim
918 459 1050 530 ﬁdes
1077 475 1144 515 ea:
1171 459 1357 514 auditu
1380 461 1450 518 ⁸⁸.
1492 463 1812 535 Scripturas
1846 481 2003 520 nam-

2142 465 2368 536 τεύομεν
2403 469 2467 536 τῇ
2501 461 2821 535 διδασκαλίᾳ
2855 460 2946 515 τοῦ
2981 459 3138 528 ἁγίου
3169 458 3505 528 Πνεῦματος.
3540 459 3716 528 Αὕτη

439 565 546 622 que
574 565 761 607 sacras
790 550 1082 615 audiendo,
1111 550 1353 624 Spiritus
1387 554 1566 608 sancti
1608 554 1874 610 doctrinae
1893 569 2014 610 cre-

439 646 644 700 dimus.
714 644 895 714 Atque
949 645 1066 700 haec
1125 646 1262 702 fides
1310 662 1407 717 per
1459 647 1648 702 omnia
1683 648 1800 712 illa,
1835 662 1956 718 quae
1985 661 2014 701 a

439 734 660 789 Christo
684 743 888 789 statuta
909 743 1059 801 sunt,
1079 735 1362 806 perﬁcitur
1388 755 1410 790 :-
1424 751 1590 807 opere
1611 732 1862 792 videlicet
1891 751 2017 792 cre-

439 825 596 890 dens,
627 826 888 895 pietatem
920 826 1134 892 colens,
1165 837 1222 882 et
1250 829 1372 898 ejus
1411 829 1502 897 Qui
1534 843 1638 885 nos
1667 828 2017 892 instauravit,

441 916 730 986 przeceptis
757 916 1090 986 obsequens.
1117 915 1255 971 Nam
1282 919 1377 988 qui
1409 917 1714 973 secundum
1749 917 2018 974 Ecclesiae

442 1007 724 1062 catholica:
752 1008 1102 1063 traditionem
1126 1023 1239 1063 non
1277 1008 1470 1075 credit,
1509 1010 1595 1064 vel
1628 1025 1722 1080 per
1749 1009 2020 1078 ﬂagitiosa

442 1109 608 1166 opera
647 1109 774 1150 cum
825 1096 1041 1151 diabolo
1088 1096 1488 1161 communicat,
1520 1097 1609 1150 hic
1639 1095 1880 1150 infidelis
1911 1102 2018 1149 est.

516 1182 676 1238 Fides
710 1184 905 1239 donum
934 1183 1190 1252 Spiritus.
1236 1215 1303 1228 -——
1325 1183 1538 1240 Rursus
1581 1203 1595 1240 :
1622 1183 1782 1239 Fides
1801 1193 1875 1238 est
1901 1199 2022 1252 spe-

444 1273 738 1328 randarum
787 1275 1089 1329 substantia
1137 1292 1333 1340 rerum,
1374 1285 1738 1345 argumentum
1791 1271 2023 1342 non'ap-

446 1366 774 1434 parentium,
804 1365 851 1396 ⁹⁰
881 1365 965 1420 vel
996 1371 1078 1421 est
1105 1380 1231 1435 spes
1262 1366 1482 1421 minime
1505 1366 1668 1420 dubia
1720 1381 1820 1420 nec
1851 1364 2024 1418 ambi-

449 1470 577 1526 gua,
639 1471 746 1525 qua
778 1455 1112 1510 confidimus
1146 1455 1285 1523 fore,
1312 1466 1369 1510 ut
1405 1472 1527 1527 quae
1575 1456 1732 1512 nobis
1762 1456 2024 1510 divinitus

448 1547 721 1617 promissa
781 1555 929 1613 sunt,
969 1554 1025 1602 et
1081 1562 1202 1616 quae
1232 1548 1600 1616 postulamus,
1631 1548 2020 1618 adipiscamur.

447 1639 524 1693 Ac
547 1639 697 1708 prior
722 1637 964 1708 quidem,
993 1646 1200 1694 nostra:
1223 1639 1531 1694 voluntatis
1558 1647 1643 1695 est
1669 1658 1684 1708 ;
1725 1640 1899 1694 altera
1926 1655 2025 1693 au-

449 1737 559 1784 tem
595 1731 738 1785 inter
763 1728 1007 1799 Spiritus
1033 1729 1178 1785 dona
1217 1731 1488 1786 censenda
1514 1739 1619 1787 est.

518 1821 789 1891 Spiritatis
844 1822 1195 1876 circumcisio.
1222 1852 1289 1862 —
1323 1821 1621 1878 Sciendum
1677 1831 1762 1877 est
1814 1830 2020 1887 autem,
2056 1813 2100 1873 Β

450 1917 886 1986 integumentum
909 1929 1072 1970 omne
1095 1916 1238 1986 quod
1267 1931 1296 1968 a
1322 1916 1610 1970 nativitate
1625 1916 2026 1976 contraximus,

450 2013 736 2076 peccatum
779 2005 1010 2070 scilicet,
1049 2021 1145 2076 per
1167 2006 1498 2076 baptismum
1531 2008 1876 2071 circumcidi,
1897 2022 2028 2062 nos-

451 2113 558 2168 que
614 2096 892 2168 spiritales
944 2095 1224 2154 lsraelitas
1265 2114 1328 2153 ac
1367 2097 1461 2155 Dei
1492 2099 1750 2170 populum
1779 2099 1919 2155 ﬁeri.

1081 2186 1236 2244 CAP.
1273 2187 1366 2242 XI.

786 2279 864 2334 De
895 2296 1067 2342 cruce,
1100 2281 1188 2333 ubi
1215 2297 1429 2335 rursum
1460 2279 1523 2335 de
1558 2280 1682 2350 ﬁde.

520 2364 714 2422 Rerum
765 2369 882 2438 ipsa
940 2369 1141 2422 crcatio
1176 2369 1420 2423 humanis
1470 2371 1761 2426 rationibus
1791 2388 2027 2440 compre-

2119 557 2175 610 δὲ
2205 557 2507 611 τελειοῦται
2541 557 2677 609 πᾶσι
2702 558 2814 618 τοῖς
2844 552 3283 624 νομοθετηθεῖσιν
3301 551 3406 604 ὑπὸ
3429 551 3524 604 τοῦ
3563 552 3720 622 Χρι-

2123 648 2273 712 στοῦ,
2301 649 2447 719 ἔργῳ
2481 648 2835 710 πιστεύουσα,
2880 644 3203 706 εὐσεὸοῦσα,
3229 643 3323 696 καὶ
3347 644 3443 705 τὰς
3469 641 3718 703 ἐντολὰς

2123 742 2434 811 πράττουσα
2475 739 2584 793 ατοῦ
2651 735 3128 798 ἀνακαινίσαντος,
3161 736 3330 805 ἡμᾶς.
3368 735 3424 785 '0
3457 734 3574 804 γὰρ
3630 734 3721 802 μὴ

2124 830 2266 884 κατὰ
2297 831 2395 902 τὴν
2428 830 2725 902 παράδοσιν
2763 830 2862 897 τῆς
2906 827 3200 894 καθολικῆς
3242 825 3574 893 Ἐκκλησίας
3622 841 3721 875 πι-

2127 923 2355 989 στεύων,
2386 923 2419 994 ἢ
2455 923 2727 976 κοινωνῶν
2775 921 2864 976 διὰ
2929 921 3039 974 τῶν
3091 918 3310 974 ἀτόπων
3385 916 3569 988 ἔργων
3629 915 3722 985 τῷ

2124 1015 2377 1083 διαϐόλῳ,
2409 1013 2638 1077 άπιστός
2659 1013 2832 1067 ἐστιν.

2200 1190 2375 1242 Ἔστι
2401 1186 2458 1241 δὲ
2483 1185 2646 1241 πάλιν
2690 1185 2895 1250 πίστις
2915 1180 3316 1252 ἐλπιζομένων
3333 1181 3717 1246 ὑπόστασις,

2128 1277 2482 1350 πραγμάτων
2506 1277 2759 1345 ἐλεγχος
2785 1276 2858 1329 οὐ
2889 1271 3306 1342 βλεπομένων,
3328 1271 3361 1342 ἦ
3380 1271 3720 1334 άδίστακτος

2128 1370 2224 1422 καὶ
2253 1367 2566 1438 ἀδιάκριτος
2595 1365 2752 1428 ἐλπὶς
2793 1364 2902 1418 τῶν
2945 1381 3007 1416 τε
3060 1363 3165 1417 ὑπὸ
3195 1362 3330 1416 Θεοῦ
3361 1364 3493 1434 ήμῖν
3522 1364 3714 1433 ὲπηγο

2128 1460 2430 1530 γελμένων,
2470 1457 2566 1510 καὶ
2595 1457 2697 1527 τῆς
2727 1454 2837 1509 τῶν
2887 1456 3159 1526 αἰτήσεων
3201 1454 3360 1525 ήμῶν
3389 1455 3712 1523 ὲπιτυχίας.

2141 1552 2204 1604 Ἦ
2232 1551 2329 1621 μὲν
2351 1543 2445 1603 οὖν
2473 1546 2692 1618 πρώτη,
2721 1549 2824 1618 τῆς
2860 1545 3133 1617 ⁴ἡμετέρας
3163 1543 3390 1616 γνώμης
3424 1546 3570 1614 ἐστὶ,
3589 1547 3626 1614 ἡ
3655 1545 3718 1597 δὲ

2129 1641 2380 1714 δευτέρα,
2410 1639 2521 1694 τῶν
2559 1638 2918 1712 χαρισμάτων
2939 1637 3034 1691 τοῦ
3064 1637 3404 1708 Πνεῦματος.

2207 1817 2406 1871 Ἰστέον
2429 1816 2487 1870 δὲ
2519 1818 2602 1871 ὅτι
2629 1815 2717 1870 διὰ
2736 1815 2828 1869 τοῦ
2856 1815 3234 1887 βαπτίσματος
3257 1815 3716 1887 περιτεμνόμεθα

2129 1913 2274 1967 ἂπαν
2295 1911 2355 1966 τὸ
2389 1911 2496 1965 ἀπὸ
2522 1913 2789 1980 γενέσεως
2818 1911 3102 1983 κάλυμμα,
3120 1912 3240 1982 ήτοι
3267 1912 3366 1984 τὴν
3403 1913 3715 1982 ἁμαρτίαν,

2129 2003 2224 2057 καὶ
2265 2003 2600 2074 Ἰσραηλῖται
2625 2003 3011 2074 πνευματικοὶ,
3050 2005 3144 2058 καὶ
3176 2003 3313 2058 Θεοῦ
3335 2003 3463 2068 λαὸς
3485 2021 3719 2075 χρημα-

2124 2094 2370 2166 τίζομεν.

2625 2187 2876 2242 ΚΕΦΑΔ.
2914 2188 3001 2241 IA'
3035 2186 3208 2260 [ΠΜ.

2237 2279 2375 2349 Περὶ
2395 2279 2686 2349 σταυροῦ,
2724 2281 2795 2333 ἐν
2830 2274 2879 2348 ᾧ
2908 2280 2994 2334 ἔτι
3018 2281 3118 2334 καὶ
3153 2279 3286 2348 περὶ
3314 2279 3600 2346 πίστεως.

2211 2369 2274 2424 '0
2301 2373 2484 2440 λόγος
2511 2373 2544 2425 ό
2563 2370 2669 2424 τοῦ
2697 2371 2984 2440 σταυροῦ,
3025 2370 3149 2436 τοῖς
3183 2369 3298 2440 μὲν
3341 2370 3718 2438 ἀπολλυμέ-

452 2457 606 2512 bendi
640 2475 744 2512 non
793 2468 981 2528 potest.
1048 2457 1210 2513 Fides
1256 2461 1502 2515 universa
1537 2465 1849 2518 necessaria.
1887 2464 2026 2531 Quid

2142 2478 2258 2528 νιοις
2283 2462 2473 2531 μωρία
2500 2461 2651 2526 ἐστι,
2676 2461 2802 2528 τοῖς
2827 2461 2895 2515 δὲ
2926 2461 3287 2531 σωζομένοις
3319 2462 3485 2532 ἡμῖν,
3519 2462 3714 2516 δύνα-

452 2547 604 2616 ﬁdes.
643 2578 714 2588 —
751 2547 976 2604 Verbum
1043 2551 1216 2605 crucis
1276 2551 1614 2619 pereuntibus
1649 2553 1857 2621 quidem
1893 2553 2026 2607 stul-

2142 2572 2226 2620 ιιις
2253 2553 2401 2608 Θεοῦ
2450 2555 2639 2608 ἐστιν.
2682 2553 2746 2607 '0
2782 2553 2898 2623 μὲν
2925 2553 3032 2625 γὰρ
3081 2555 3480 2624 πνευματικὸς
3505 2553 3716 2607 πάντα

457 2641 579 2693 titia
611 2650 688 2694 est
720 2659 738 2696 :
769 2641 838 2694 iis
863 2650 1036 2694 autem
1071 2644 1162 2711 qui
1189 2643 1325 2696 salvi
1351 2643 1506 2712 ﬁunt,
1527 2643 1580 2696 id
1610 2655 1687 2698 est
1714 2645 1890 2708 nobis.
1927 2647 2026 2702 Dei

2142 2645 2460 2714 ἀνακρίνει,
2489 2644 2754 2714 ψυχικὸς
2791 2644 2860 2696 δὲ
2915 2643 3227 2714 ἄνθρωπος
3259 2646 3330 2699 οὐ
3367 2643 3611 2712 δέχεται
3635 2643 3714 2697 τὰ

453 2729 622 2784 uirtus
653 2727 808 2783 est“.
835 2727 970 2782 Nam
1001 2731 1301 2799 spiritualis
1333 2733 1544 2802 quidem
1563 2735 1774 2804 judicat
1804 2738 1981 2790 omnia
2009 2755 2026 2793 :

2142 2738 2236 2793 τοῦ
2295 2739 2661 2809 Πνεύματος.
2731 2737 2928 2807 Μωρία
2983 2737 3090 2808 γάρ
3120 2739 3236 2791 ἐστι
3269 2739 3381 2800 τοῖς
3415 2735 3489 2806 μὴ
3519 2736 3711 2790 πίστει

454 2819 704 2873 animalis
731 2828 905 2872 autem
929 2819 1080 2874 homo
1100 2837 1200 2874 non
1225 2824 1446 2891 percipit
1469 2840 1532 2878 ea
1554 2841 1669 2894 qua:
1694 2825 1790 2879 Dei
1817 2837 1940 2880 sunt
1959 2831 2026 2882 θ’.

2142 2832 2466 2903 δεχομένοις,
2515 2834 2609 2886 καὶ
2662 2831 2724 2885 τὸ
2779 2816 2982 2900 ἀγαθὸν
3015 2831 3108 2885 καὶ
3151 2832 3562 2902 παντοδῦναμον
3609 2832 3708 2885 τοῦ

455 2911 701 2965 Stultitia
729 2911 879 2965 enim
915 2910 1025 2965 illis
1056 2919 1163 2974 est,
1193 2913 1286 2981 qui
1318 2929 1382 2968 ea
1430 2917 1764 2985 suscipiunt,
1794 2935 1896 2975 nec
1935 2919 2026 2976 Dei

2142 2923 2266 2976 Θεοῦ
2309 2922 2701 2992 λογιζομένοις,
2768 2923 2882 2977 ἀλλ’
2918 2923 3280 2995 ἀνθρωπίνοις
3325 2924 3420 2976 καὶ
3449 2925 3709 2990 φυσικοῖς

453 3001 750 3055 bonitatem
772 3007 826 3055 et
841 3001 1289 3070 omnipotentiam
1311 3004 1690 3072 considerant;
1713 3023 1900 3063 verum
1941 3025 2026 3065 res

2142 3017 2409 3085 λογισμοῖς
2443 3014 2766 3086 ἐξερευνῶσι
2815 3025 2843 3068 P
2885 3016 2954 3070 τὰ
2987 3016 3106 3069 θεῖα
3126 3029 3140 3044 °
3175 3015 3351 3070 πάντα
3375 3015 3486 3086 γὰρ
3507 3015 3581 3068 τὰ
3609 3015 3709 3068 τοῦ

452 3091 666 3148 divinas
696 3092 948 3146 humanis
972 3093 1424 3164 naturalibusque
1463 3097 1770 3154 rationibus
1809 3099 2026 3157 investi-

2142 3105 2268 3158 Θεοῦ
2293 3105 2434 3176 ὑπὲρ
2469 3106 2631 3174 φύσιν
2665 3107 2794 3171 είσῖ,
2846 3109 2942 3161 καὶ
2978 3107 3156 3174 λόγον,
3205 3105 3303 3160 καὶ
3351 3104 3585 3160 ἔννοιαν.
3644 3105 3712 3158 ΕΞ

456 3190 608 3252 gant.
622 3181 839 3236 Etenim
862 3197 986 3252 quae
1013 3181 1106 3238 Dei
1135 3193 1285 3249 sunt,
1306 3194 1556 3241 naturam
1574 3194 1626 3243 et
1641 3189 1958 3247 Sermonem
1979 3201 2026 3248 et

2142 3196 2244 3266 γάρ
2275 3213 2360 3260 τις
2384 3196 2671 3267 λογίσηται
2702 3197 2851 3259 ὅπως
2882 3198 2947 3250 ὲκ
2967 3196 3058 3250 τοῦ
3080 3197 3156 3266 μὴ
3173 3197 3326 3260 δντος
3349 3197 3428 3259 εἰς
3457 3196 3519 3250 τὸ
3539 3193 3711 3262 εῖναι,

455 3271 836 3342 cogitationem
887 3283 1174 3344 superant.
1209 3273 1344 3330 Nam
1379 3276 1424 3332 si
1459 3277 1582 3347 quis
1644 3279 1830 3335 animo
1854 3282 2026 3337 volvat

2142 3289 2278 3352 τίνος
2334 3305 2396 3341 τε
2425 3287 2614 3343 ἕνεκεν
2646 3290 2968 3360 παρήγαγεν
3012 3288 3041 3340 ὁ
3081 3288 3215 3350 Θεὸς
3276 3287 3344 3341 τὰ
3377 3287 3579 3350 πάντα,
3613 3289 3713 3340 καὶ

457 3378 698 3434 quonam
753 3375 935 3435 pacto,
969 3373 1024 3421 et
1061 3381 1163 3421 cur
1201 3366 1344 3423 Deus
1383 3370 1566 3424 omnia
1601 3386 1666 3427 ex
1708 3373 1881 3429 nihilo
1908 3390 2026 3445 pro-

2142 3381 2383 3448 φυσικοῖς
2405 3379 2687 3450 λογισμοῖς
2742 3380 2945 3450 φθάσαι
2990 3379 3280 3451 ἐϐουλήθη,
3317 3379 3380 3432 οὐ
3417 3378 3710 3448 καταλαμ-

456 3455 710 3521 duxerit,
785 3458 1246 3529 naturalibusque
1309 3461 1621 3520 rationibus
1693 3465 1748 3519 id
1812 3467 2026 3537 assequi

2142 3471 2306 3526 δάνει.
2337 3471 2559 3543 Ψυχικὴ
2591 3473 2698 3543 γάρ
2731 3474 2878 3526 ἐστιν
2906 3474 2939 3542 ή
2971 3471 3172 3542 γνῶσις
3203 3472 3344 3540 αῦτη
3373 3472 3468 3524 καὶ
3510 3470 3710 3540 δαιμο-

455 3547 771 3612 contendat,
791 3564 1133 3621 nequaquam
1173 3553 1277 3608 hoc
1299 3557 1740 3626 comprehendet.
1765 3560 2026 3618 Animalia

2142 3558 2350 3630 νιὼδης.
2385 3561 2446 3614 Εἰ
2469 3561 2526 3613 δέ
2555 3577 2640 3624 τις
2673 3560 2857 3614 πίστει
2901 3563 3438 3631 χειραγωγούμενος,
3472 3560 3708 3628 ἀγαθὸν,

454 3639 601 3692 enim
633 3648 688 3694 et
717 3639 986 3696 diabolica
1016 3651 1101 3698 est
1124 3643 1442 3715 hujusmodi
1467 3651 1720 3705 scientia.
1762 3649 1866 3718 Qui
1897 3669 2026 3708 vero

2142 3654 2230 3706 καὶ
2258 3652 2692 3723 παντοδύναμον,
2741 3653 2839 3706 καὶ
2881 3652 3100 3722 ἀληθὲς,
3130 3653 3226 3706 καὶ
3270 3654 3452 3721 σοφὸν,
3504 3653 3601 3705 καὶ⁵
3633 3652 3715 3704 δί-

457 3728 561 3783 tlde
589 3729 756 3784 veluti
784 3745 947 3785 manu
978 3732 1199 3801 ductus,
1229 3733 1399 3792 Deum
1438 3739 1666 3806 bonum,
1700 3749 1754 3795 et
1782 3743 2033 3813 omnipo-

457 3826 682 3886 tentem,
717 3827 770 3874 et
811 3837 1024 3888 verum,
1060 3831 1114 3877 et
1140 3827 1465 3894 sapientem,
1493 3830 1770 3900 etjustum
1805 3836 2029 3906 cogitat,

458 3908 640 3962 omnia
681 3910 842 3980 plana
888 3922 940 3968 et
969 3915 1285 3984 aequabilis,
1339 3918 1600 3992 viamque
1633 3932 1838 3980 rectam
1880 3926 2032 3983 inve-

460 4001 591 4056 niet.
617 4000 752 4057 Nam
789 4002 903 4059 ﬁeri
944 4022 1050 4062 non
1076 4018 1254 4078 potest
1281 4019 1342 4066 ut
1378 4014 1502 4084 quis
1533 4016 1652 4071 sine
1675 4017 1778 4073 ﬁde
1797 4020 2027 4076 salutem

457 4095 914 4163 consequatur”.
949 4095 1083 4154 Fide
1109 4100 1378 4170 siquidem
1409 4112 1523 4159 tum
1552 4104 1792 4162 humana
1823 4109 2030 4174 omnia,

2134 3761 2288 3798 καιον
2328 3743 2390 3796 τδ
2418 3743 2574 3796 Θεῖον
2624 3741 2933 3813 λογίσηται,
2972 3743 3195 3814 εὑρήσει
3246 3744 3424 3796 πάντα
3455 3743 3578 3795 λεῖα
3613 3743 3713 3794 καὶ

2133 3836 2336 3908 ὁμαλὰ,
2361 3837 2458 3890 καὶ
2503 3835 2622 3890 ὁδὸν
2665 3835 2902 3890 εὐθεῖαν.
2946 3834 3136 3897 Ἐκτδς
3164 3833 3273 3904 γὰρ
3314 3833 3550 3895 πίστεως
3580 3833 3712 3886 ἀδύ-

2133 3946 2292 3984 νατον
2346 3928 2584 3999 σωθῆναι
2608 3943 2620 3956 ’
2682 3926 2862 3980 πίστει
2914 3925 3024 3997 γὰρ
3065 3925 3266 3991 πάντα,
3300 3924 3371 3978 τά
3399 3940 3460 3976 τε
3493 3920 3712 3994 ἀνθρώ-

2133 4040 2286 4086 πινα,
2343 4021 2413 4077 τά
2455 4038 2516 4074 τε
2559 4019 2907 4090 πνευματικὰ
2983 4019 3350 4074 συνίστανται.
3409 4016 3545 4071 Οῦτε
3601 4017 3713 4087 γάρ

2131 4112 2379 4185 γεωργὸς
2430 4113 2584 4176 ἐκτὸς
2635 4113 2871 4176 πίστεως
2924 4112 3115 4182 τέμνει
3163 4110 3270 4181 γῆς
3319 4109 3572 4163 αὔλακα·
3603 4110 3707 4164 οὐκ

459 4194 572 4237 tum
643 4185 952 4255 spiritualia
1000 4200 1277 4247 constant.
1314 4192 1500 4266 Neque
1545 4197 1690 4252 enim
1722 4200 1960 4269 agricola
1983 4200 2026 4232 ⁹⁴¹

2142 4199 2372 4272 ἔμπορος
2408 4199 2589 4272 μικρῷ
2637 4197 2777 4272 ξύλῳ
2827 4200 2927 4272 τὴν
2982 4200 3177 4254 ἑαυτοῦ
3240 4199 3420 4269 ψυχὴν
3466 4197 3543 4269 τῷ
3577 4217 3708 4270 μαι-

459 4274 576 4329 sine
631 4275 736 4330 ﬁde
775 4292 964 4332 arvum
1008 4281 1332 4350 proscindit,
1373 4299 1475 4340 nec
1518 4295 1792 4343 mercator
1825 4290 2024 4360 exiguo

2142 4291 2344 4361 νομένῳ
2363 4291 2465 4361 τῆς
2494 4291 2771 4360 θαλάσσης
2798 4291 3028 4358 πελάγει
3065 4289 3434 4360 παραδίδωσιν
3453 4305 3467 4318 ο
3501 4289 3562 4340 οὐ
3601 4289 3708 4356 γάι

459 4362 606 4432 ligno
639 4374 829 4421 vectus
859 4366 1097 4421 animam
1121 4385 1278 4425 suam
1305 4370 1623 4430 furentibus
1668 4377 1835 4434 maris
1868 4379 2026 4435 undis

2142 4399 2227 4453 μοι
2258 4381 2626 4447 συνίστανται,
2655 4383 2757 4434 οὐκ
2793 4381 2925 4436 ἄλλο
2946 4398 3002 4434 τι
3031 4380 3140 4433 τῶν
3174 4381 3232 4432 ὲν
3260 4378 3336 4450 τῷ
3362 4378 3483 4449 βίῳ.
3515 4379 3708 4432 Πίστει

457 4455 772 4521 committit,
812 4470 915 4510 nec
951 4459 1299 4516 matrimonia
1329 4465 1758 4533 contrahuntur,
1798 4484 1901 4525 nec
1937 4471 2026 4526 de-

458 4542 619 4566 -.2-..-
644 4544 787 4566 -I:--.l
832 4547 1026 4566 ---ξλμη
1046 4564 1056 4566 -
1589 4557 1600 4566 .
1699 4559 1718 4566 -
1989 4563 1998 4566 -

2142 4472 2362 4543 νοοῦμεν
2392 4474 2456 4526 ἐκ
2478 4471 2572 4526 τοῦ
2644 4472 2721 4544 μὴ
2757 4472 2912 4536 ὃντος
2960 4474 3039 4535 είς
3065 4471 3126 4525 τδ
3177 4465 3406 4524 εἶναιτὰ
3435 4470 3615 4524 πάντα
3638 4475 3706 4542 τῇ

458 4542 622 4643 niquc
825 4547 1124 4643 quidquam
1165 4566 1355 4632 eorum
1399 4570 1523 4626 qua
1549 4557 1661 4612 vita
1695 4559 1819 4625 fert,
1854 4563 2026 4618 susci-

2142 4563 2226 4618 τοῦ
2257 4542 2392 4618 Θεοῦ
2422 4542 2656 4636 δυνάμει
2710 4542 2995 4636 παρῆχθαι
3021 4579 3036 4594 ο
3071 4563 3252 4618 πάντα
3285 4564 3355 4618 τά
3375 4582 3434 4617 τε
3460 4563 3580 4617 θεῖα
3611 4567 3708 4615 καὶ

675 4631 810 4732 Fide
860 4637 1220 4712 intelligimus
1281 4643 1378 4701 Dei
1438 4650 1691 4717 potentia
1731 4660 1930 4708 cuncta
1962 4669 2026 4710 ex

2142 4655 2202 4710 ιὰ
2231 4631 2756 4727 ἀνθρώπινα-πίστει
2795 4631 3199 4726 κατορθοῦμεν.
3244 4656 3434 4719 Πίστις
3469 4655 3526 4709 δέ
3557 4657 3708 4709 ὲστιν

457 4721 631 4819 nihilo
678 4725 944 4793 producta
1008 4746 1154 4789 esse.
1183 4733 1316 4792 Fide
1350 4738 1534 4793 omnia
1583 4749 1733 4796 recte
1759 4743 2026 4812 gerimus,

2142 4721 2701 4819 ἀπολυπραγμόνητος
2732 4721 3153 4818 συγκατάθεσις.

457 4818 573 4866 tum
603 4813 860 4883 humana,
896 4828 1008 4875 tum
1037 4822 1242 4880 divina.
1266 4827 1428 4884 Fides
1455 4844 1618 4898 porro
1646 4838 1730 4887 est
1757 4847 2019 4890 assensus

456 4904 606 4958 omni
633 4909 850 4962 curiosa
877 4910 1232 4981 inquisitione
1252 4933 1455 4976 vacans
1479 4922 1550 4974 ".

527 4994 730 5052 Christi
758 5017 933 5054 rerum
957 5005 1104 5060 nulla
1128 5009 1428 5066 mirabilior
1453 5014 1789 5088 crucc._Ejus
1823 5017 2022 5088 bene/i-

455 5087 985 5162 cia.—Quanquam
1022 5105 1204 5154 autem
1230 5103 1412 5159 omnis
1449 5085 1654 5162 Christi
1678 5109 1825 5163 actio
1853 5118 1908 5164 et
1929 5085 2029 5164 mi-

459 5182 775 5238 raculorum
800 5186 988 5252 editio,
1013 5193 1296 5260 praeclara,
1329 5195 1511 5250 divina
1529 5213 1590 5252 ac
1614 5200 1882 5257 mirabilis
1904 5212 2024 5257 est:

457 5270 595 5326 nihil
622 5281 802 5330 tamen
840 5286 927 5334 est
962 5294 1027 5334 ex
1067 5284 1323 5340 omnibus
1354 5286 1499 5355 quod
1550 5288 1912 5346 admiratione
1944 5293 2025 5348 di-

2199 5012 2356 5065 Πᾶσα
2413 5010 2511 5081 μὲν
2573 5005 2665 5064 οὖν
2735 5010 2933 5081 πρᾶξις
2989 5011 3083 5066 καὶ
3123 5009 3537 5082 θαυματουργία
3599 5012 3696 5066 τοῦ

2134 5103 2371 5176 Χριστοῦ
2419 5102 2672 5173 μεγίστη,
2732 5105 2828 5156 καὶ
2874 5103 3015 5168 θεία,
3063 5104 3158 5157 καὶ
3203 5104 3526 5174 θαυμαστή·
3569 5103 3709 5157 ἀλλὰ

2133 5197 2351 5251 πάντων
2375 5197 2495 5250 ἐστὶ
2526 5195 2968 5267 θαυμαστότερον
2996 5199 3024 5250 ὁ
3042 5195 3221 5267 τίμιος
3251 5197 3412 5251 αὐτοῦ
3448 5197 3706 5267 σταυρός.

2128 5291 2207 5343 Δι’
2242 5289 2453 5352 οὐδενὸς
2480 5288 2591 5361 γὰρ
2624 5288 2811 5360 ἑτέρου
2842 5291 2870 5341 ὁ
2895 5288 3122 5352 θάνατος
3154 5290 3516 5360 κατήργηται,
3551 5289 3587 5358 ἡ
3613 5288 3709 5342 τοῦ

528 5436 576 5517 "_
609 5435 766 5491 Rom.
1041 5443 1111 5517 __’°
1145 5442 1308 5517 Hebr.
1343 5460 1420 5517 xl,
1459 5447 1508 5502 1.
1593 5451 1636 5482 ⁹¹
1673 5449 1846 5508 lCor.
1882 5469 1919 5517 ι,
1947 5452 2036 5509 25.

1041 5451 1111 5524 ,ξ’
1146 5451 1308 5524 Hebr.
1343 5460 1420 5524 at,
1459 5451 1508 5502 1.
1593 5451 1636 5482 ⁹¹
1673 5451 1846 5508 lCor.
1882 5469 1919 5517 ι,
1947 5452 2026 5509 25.

2144 5454 2190 5486 ”
2220 5454 2239 5508 1
2270 5452 2400 5509 Cor.
2446 5471 2507 5521 ιι,
2543 5453 2630 5510 15.
2722 5453 2767 5486 ⁸³
2821 5451 2982 5506 llehr.
3033 5469 3106 5518 χι,
3160 5455 3212 5507 6.

461 5506 756 5572 psal.cxv.
833 5511 880 5542 "
927 5508 1096 5565 Basil.
1173 5513 1270 5568 cit.
1352 5506 1459 5571 Ioc.

3337 5454 3382 5486 "
3446 5452 3609 5508 Basil.
3648 5456 3704 5508 in

1740 5607 1972 5665 VARIAS
2007 5604 2409 5665 LECTIONES.

519 5709 551 5750 Ρ
581 5701 749 5762 Codd.
788 5704 900 5762 fere
922 5722 1112 5768 omnes
1142 5711 1426 5780 ἐρευνῶσι.
