3926 6292
195 368 331 440 1137

1255 384 1354 444 DE
1396 383 1578 446 FIDE
1609 386 2076 451 ORTIIUDOXA
2114 390 2261 454 LIB.
2304 396 2405 459 1V:

3331 390 3479 457 1138

192 489 275 541 Τὰ
302 488 360 542 δὲ
386 489 599 559 λογικά,
630 489 724 543 καί
748 490 892 544 κατὰ
920 490 990 548 τὰ
1012 493 1385 564 προειρημένα
1422 496 1542 566 μὲν,
1571 498 1634 551 οὐ
1670 498 1779 571 μὴν

1906 516 2093 556 bonum
2127 518 2252 558 cum
2287 505 2367 561 eis
2402 505 2800 570 communicat,
2828 514 2945 561 tum
2994 509 3271 575 quatenus
3311 512 3477 569 sunt,

186 581 326 636 ἀλλὰ
359 582 506 636 κατὰ
529 582 591 636 τὸ
615 582 859 651 λογικὸν,
890 584 985 637 καί
1009 585 1188 640 ταῦτα
1208 586 1408 657 μᾶλλον
1429 604 1442 617 ⁸
1468 590 1777 664 οἰκειότερα

1884 601 2001 648 tum
2036 604 2315 666 quatenus
2354 598 2520 653 vitam
2572 603 2928 669 acceperunt.
2964 596 3035 652 At
3057 611 3189 652 vero
3220 610 3342 667 quae
3374 611 3471 651 ra-

188 674 300 745 γάρ
351 673 469 739 πώς
522 675 632 728 εἰσι
684 676 827 746 πρὸς
878 677 1063 746 αὐτὸν,
1124 680 1175 732 εἰ
1220 679 1318 734 καὶ
1370 681 1590 748 πάντως
1620 678 1776 749 οὗτος

1911 683 2037 741 ione
2068 692 2322 754 utuntur,
2359 695 2477 743 tum
2502 689 2575 745 ob
2603 704 2668 744 ea
2691 705 2816 760 quae
2847 689 3014 745 modo
3054 688 3318 752 diximus,
3354 696 3471 742 tum

191 762 512 837 ὑπέρκειται
547 765 923 835 άσυγκρίτως.

1884 776 1956 832 ob
2003 776 2281 833 rationem
2335 780 2503 835 etiam
2571 795 2680 851 qua
2716 781 2951 852 pollent,
2992 781 3124 836 boni
3164 779 3481 850 participa—

192 856 342 913 tione
377 858 663 928 copiosius
694 858 980 914 fruuntur.
1008 856 1252 916 Arctiori
1290 863 1498 918 etenim
1529 863 1940 936 quodammodo
1991 866 2410 925 necessitudine
2455 884 2586 925 cum
2638 884 2711 927 eo
2773 870 3076 942 cunjuncta
3132 877 3301 927 sunt:
3331 877 3474 925 tam-

191 952 295 1009 etsi
324 953 533 1025 alioqui
568 955 663 1012 ille
684 957 1113 1028 incomparabili
1148 957 1493 1015 sublimitate
1523 960 1711 1015 omnia
1751 969 1993 1031 superet.

274 1046 333 1098 '0
390 1047 577 1117 μέντοι
624 1047 935 1118 ἄνθρωπος,
989 1048 1213 1119 λογικὸς
1279 1051 1374 1105 καὶ
1428 1050 1781 1117 αὑτεξούσιος

194 1136 510 1207 γενόμενος,
567 1138 818 1206 ἐξουσίαν
872 1140 1103 1213 εἴληφεν
1146 1142 1513 1209 ἀδιαλείπτως
1541 1145 1634 1199 διὰ
1682 1145 1783 1212 τῆς

192 1228 407 1290 οἰκείας
420 1228 802 1301 προαιρέσεως
828 1232 1086 1287 ένοῦσθαι
1107 1234 1187 1305 τῷ
1205 1235 1349 1307 Θεῷ,
1381 1236 1436 1290 εἰ
1458 1253 1523 1306 γε
1552 1237 1786 1310 διαμένῃ

196 1318 257 1370 έν
306 1318 384 1389 τῷ
415 1320 629 1391 ἀγαθῷ,
677 1323 928 1376 τουτέστι
959 1326 1027 1395 τῇ
1066 1326 1161 1379 τοῦ
1205 1327 1510 1393 κτίσαντος
1543 1329 1783 1400 ὑπακοῇ.

210 1410 433 1483 Ἐπειδὴ
464 1413 646 1466 τοίνυν
674 1417 733 1468 ὲν
787 1416 1104 1489 παραϐάσει
1140 1419 1241 1492 τῆς
1281 1419 1378 1472 τοῦ
1415 1421 1785 1491 πεποιηκότος

172 1505 362 1559 ἀὑτὸν
393 1507 614 1576 ἐντολῆς
645 1507 863 1577 γέγονε,
922 1510 1019 1563 καὶ
1053 1510 1270 1582 θανάτῳ
1320 1513 1414 1566 καί
1443 1512 1621 1585 φθορᾷ
1649 1514 1784 1570 ὑπο-

199 1596 513 1660 πέπτωκεν,
552 1598 582 1649 ό
610 1599 846 1670 Ποιητὴς
903 1602 1002 1655 καὶ
1056 1603 1405 1675 Δημιουργδς
1455 1602 1550 1657 τοῦ
1592 1604 1787 1674 γένους

199 1688 357 1759 ὴμῶν
386 1689 473 1743 διὰ
504 1689 794 1762 σπλάγχνα
854 1692 1042 1757 ἐλέους
1093 1694 1262 1749 αὐτοῦ
1310 1695 1574 1767 ὡμοιώθη
1626 1697 1782 1768 ἡμῖν,

1961 1054 2125 1126 Atqui
2159 1055 2327 1111 homo
2375 1055 2591 1113 ratione
2628 1057 2917 1128 liberaque
2954 1055 3237 1112 voluntate
3278 1054 3476 1125 praedi-

1890 1152 1981 1200 tus
2012 1160 2139 1201 cum
2164 1156 2333 1215 esset,
2375 1148 2519 1205 hanc
2553 1156 2848 1220 acceperat
2898 1155 3249 1220 potestatem,
3280 1154 3342 1202 ιιι
3377 1162 3479 1218 per

1891 1249 2046 1293 suam
2081 1237 2409 1295 electionem
2443 1241 2820 1296 indesinenter
2859 1253 2985 1295 cum
3030 1239 3140 1295 Deo
3173 1238 3481 1311 conjunge-

1891 1336 2066 1393 retur,
2114 1329 2391 1399 siquidem
2441 1330 2497 1384 in
2540 1331 2709 1396 bono,
2769 1331 2875 1386 hoc
2919 1337 3004 1387 est
3057 1330 3115 1384 in
3165 1329 3479 1385 obedientia

1893 1417 2177 1474 Creatoris
2216 1419 2579 1488 perstitisset.
2615 1419 2890 1486 Quoniam
2924 1432 3058 1474 vero
3081 1418 3363 1475 Creatoris
3391 1418 3481 1474 sui

1893 1508 2099 1563 violato
2152 1518 2449 1579 praecepto,
2497 1511 2661 1563 morti
2705 1520 2759 1564 et
2810 1509 3158 1579 corruptioni
3203 1509 3481 1563 obnoxius

1892 1599 2018 1665 fuit,
2074 1600 2281 1656 idcirco
2340 1602 2560 1673 generis
2613 1602 2792 1656 nostri
2815 1600 3125 1656 Productor
3166 1610 3221 1656 et
3259 1600 3481 1672 Opifex,

1892 1689 1965 1744 ob
1992 1688 2383 1745 misericordiae
2411 1705 2527 1747 suae
2552 1691 2783 1758 viscera,
2821 1689 3168 1747 assimilatus
3192 1700 3277 1747 est
3299 1692 3483 1756 nobis,

200 1782 343 1835 κατά
378 1782 557 1837 πάντα
611 1785 907 1855 γενόμενος
965 1785 1253 1859 ἄνθρωπος
1278 1788 1451 1859 χωρὶς
1479 1790 1786 1860 ἁμαρτίας,

1906 1781 2064 1837 homo
2103 1784 2282 1838 factus
2311 1783 2435 1838 sine
2464 1789 2722 1853 peccato,
2759 1793 3071 1852 nostraeque
3106 1789 3320 1837 naturae
3344 1783 3485 1836 uni-

201 1872 297 1923 καί
333 1870 518 1943 ήνὼθη
551 1875 617 1945 τῇ
651 1874 897 1947 ἡμετέρᾳ
931 1874 1118 1945 φύσει.
1162 1877 1384 1951 Ἐπειδὴ
1425 1879 1536 1951 γὰρ
1562 1880 1795 1950 μετέδω-

202 1977 301 2013 κεν
330 1962 467 2031 ἡμῖν
495 1965 596 2033 τῆς
628 1963 768 2029 ἰδίας
796 1965 1028 2029 εἰκόνος,
1063 1968 1161 2020 καὶ
1186 1967 1280 2021 τοῦ
1300 1969 1432 2022 ἰδίου
1457 1970 1792 2040 πνεύματος,

201 2051 298 2104 καί
326 2052 426 2105 οὐκ
456 2054 823 2126 έφυλάξαμεν,
866 2057 1279 2130 μεταλαμϐάνει
1313 2061 1477 2125 αὐτὸς
1516 2065 1615 2133 τῆς
1650 2080 1796 2116 πτω-

201 2144 308 2215 χῆς
327 2147 423 2199 καί
445 2147 709 2213 ἀσθενοῦς
737 2149 899 2221 ἡμῶν
948 2150 1187 2220 φύσεως,
1245 2153 1334 2228 ἵνα
1362 2155 1513 2226 ἡμᾶς
1550 2156 1794 2228 καθάρῃ,

201 2242 299 2293 καί
325 2239 662 2314 ἀφθαρτίσῃ,
696 2242 791 2296 καὶ
816 2243 1081 2315 μετόχους
1106 2245 1273 2301 πάλιν
1310 2248 1409 2320 τῆς
1428 2247 1597 2301 αὐτοῦ
1621 2266 1795 2304 κατα-

203 2331 381 2404 στήσῃ
416 2331 695 2405 θεότητος.

280 2426 430 2479 Ἔδει
458 2426 518 2480 δὲ
553 2426 632 2498 μὴ
663 2424 826 2497 μόνον
855 2426 956 2500 τὴν
979 2428 1239 2501 ἀπαρχὴν
1259 2422 1371 2501 τῆς
1389 2431 1666 2504 ἡμετέρας
1691 2432 1796 2502 φύ-

206 2532 348 2582 σεως
381 2518 440 2571 ὲν
463 2521 667 2591 μετοχῇ
724 2520 979 2589 γενέσθαι
1021 2521 1117 2576 τοῦ
1164 2523 1496 2595 κρείττονος,
1538 2525 1679 2580 ἀλλὰ
1704 2527 1798 2581 καὶ

206 2608 387 2661 πάντα
414 2612 506 2662 τὸν
534 2608 862 2681 βουλόμενον
894 2612 1207 2683 ἄνθρωπον,
1241 2615 1338 2668 καί
1374 2614 1635 2688 δευτέραν
1668 2617 1797 2686 γέν-

205 2716 364 2771 νησιν
390 2700 743 2773 γεννηθῆναι,
783 2705 880 2758 καὶ
900 2705 1181 2777 τραφῆναι
1229 2706 1439 2780 τροφὴν
1471 2708 1653 2780 ξένην,
1705 2712 1799 2767 καὶ

206 2792 276 2862 τῇ
303 2792 559 2863 γεννήσει
591 2793 924 2865 πρόσφορον,
956 2788 1051 2848 καί
1083 2794 1228 2850 οὕτω
1276 2795 1482 2867 φθάσαι
1509 2797 1570 2851 τὸ
1599 2799 1799 2873 μέτρον

206 2882 306 2953 τῆς
339 2882 700 2953 τελειότητος.
741 2884 840 2939 Διὰ
874 2886 973 2956 μὲν
1010 2882 1105 2940 οὖν
1133 2888 1234 2958 τῆς
1284 2886 1455 2942 αὑτοῦ
1484 2890 1799 2961 γεννήσεως

208 2973 330 3043 ἢτοι
363 2974 718 3046 σαρκώσεως,
750 2976 847 3031 καί
873 2974 969 3031 τοῦ
1006 2976 1410 3048 βαπτίσματος,
1440 2980 1536 3033 καὶ
1559 2981 1654 3050 τοῦ
1689 2983 1799 3038 πά-

210 3063 359 3132 θους,
389 3065 486 3119 καὶ
509 3067 608 3137 τῆς
656 3068 1035 3135 ἀναστάσεως,
1086 3068 1445 3143 ’ἠλευθέρωσε
1491 3072 1591 3145 τὴν
1635 3074 1800 3145 φύσιν

1899 1885 1987 1929 tus
2014 1873 2115 1928 fuit
2147 1876 2214 1929 ³³.
2252 1873 2411 1941 Nam,
2455 1877 2585 1946 quia
2628 1876 2921 1946 imaginem
2978 1874 3173 1944 ipsius,
3231 1882 3286 1930 et
3316 1874 3486 1945 spiri-

1898 1977 2015 2023 tum
2045 1982 2208 2038 quem
2243 1969 2408 2024 nobis
2435 1969 2687 2033 dederat,
2714 1967 2946 2023 minime
2969 1967 3487 2038 servavimus,-ipse

1896 2075 2023 2117 cum
2061 2075 2304 2133 paupere
2339 2063 2670 2131 inﬁrmaque
2725 2066 2926 2115 natura
2985 2070 3177 2116 nostra
3209 2074 3488 2115 commer-

1899 2154 2043 2209 cium
2070 2154 2214 2221 iniit,
2241 2169 2352 2225 quo
2378 2168 2480 2209 nos
2502 2153 2775 2223 expiaret,
2810 2160 2976 2221 atque
3014 2150 3081 2205 ad
3114 2150 3490 2221 incorruptio~

1898 2247 1987 2303 nis
2029 2255 2231 2304 statum
2262 2248 2581 2314 translatos,
2618 2261 2735 2303 suae
2763 2260 2987 2303 rursum
3015 2244 3325 2301 divinitatis
3364 2243 3490 2301 τεὼ

1898 2335 2054 2391 deret
2086 2334 2405 2406 participes.
2604 2368 2607 2369 ν
2940 2348 2941 2351 ‘

1969 2428 2373 2483 lncarnationis
2428 2427 2505 2482 vis
2560 2427 2617 2481 in
2655 2425 2873 2499 reliquis
2921 2438 2959 2479 a‘
2993 2423 3205 2482 Christo
3260 2423 3491 2478 homini-

1900 2520 2430 2591 bus.—()portebat
2457 2520 2605 2577 enim
2674 2526 2736 2575 ut
2767 2534 2877 2575 non
2919 2518 3098 2575 solum
3141 2517 3361 2591 generis
3387 2531 3494 2572 no-

1900 2616 2001 2671 stri
2030 2613 2310 2685 primitiae,
2346 2614 2443 2671 sed
2491 2625 2545 2669 et
2585 2612 2851 2685 quisquis-
2882 2612 3401 2677 hominum‘vellet,
3433 2610 3490 2666 in

1902 2707 2052 2763 illius
2095 2707 2296 2763 summi
2343 2707 2474 2764 boni
2524 2706 3011 2779 participationem
3041 2706 3273 2762 veniens
3306 2705 3493 2761 denuo

1901 2807 2249 2867 nasceretur,
2281 2814 2538 2873 novoque
2574 2797 2814 2857 subinde
2840 2798 2991 2866 cibo,
3025 2797 3123 2869 qui
3171 2794 3491 2867 huiusmodi

1902 2891 2179 2947 nativitati
2208 2898 2618 2947 consentaneus
2657 2896 2827 2954 esset,
2861 2889 3163 2956 enutritus,
3196 2886 3493 2959 perfectio-

1902 2984 1995 3040 nis
2023 2984 2245 3039 modum
2271 2984 2587 3055 attingeret.
2619 2980 2989 3049 Quamobrem
3034 2996 3133 3052 per
3164 2995 3318 3035 suam
3351 2979 3496 3034 nati-

1904 3078 2153 3146 vitatem,
2223 3077 2343 3134 sive
2410 3076 2879 3141 incarnationem,
2934 3074 3270 3146 baptismum
3341 3073 3493 3139 item,

206 3156 311 3227 τῆς
338 3158 613 3230 ἁμαρτίας
631 3158 727 3214 τοῦ
764 3162 1129 3233 προπάτορος,
1171 3162 1268 3217 τοῦ
1307 3144 1555 3219 θανάτου
1583 3144 1678 3221 καὶ
1702 3168 1797 3239 τῆς

1906 3169 2243 3240 passionem,
2300 3175 2355 3223 et
2408 3165 2901 3231 resurrectionem,
2934 3165 3232 3220 humanum
3261 3177 3437 3236 genus
3462 3176 3495 3217 a

209 3250 443 3323 φθορᾶς,
494 3254 592 3307 καί
633 3254 733 3326 τῆς
787 3256 1143 3321 ἀναστάσεως
1176 3257 1407 3331 ἀπαρχὴ
1458 3257 1679 3328 γέγονε,
1705 3261 1802 3315 καὶ

210 3342 332 3397 όδδν
365 3345 463 3399 καὶ
490 3345 663 3401 τύπον
724 3348 918 3402 ἑαυτὸν
965 3349 1061 3401 καὶ
1113 3350 1487 3423 ὑπογραμμὸν
1532 3352 1801 3421 τέθεικεν,

211 3434 301 3489 ἵνα
336 3438 450 3527 καὶ
490 3439 651 3509 ἡμεῖς
689 3443 802 3504 τοῖς
844 3440 1010 3495 αὐτοῦ
1068 3443 1546 3516 ἀκολουθήσαντες
1605 3445 1800 3527 ἴχνεσι,

208 3526 506 3599 γενώμεθα
568 3529 738 3595 θέσει,
792 3531 929 3604 ὅπερ
994 3531 1159 3596 αὐτός
1208 3537 1326 3589 ἔστι
1354 3536 1538 3605 φύσει,
1567 3526 1677 3591 υἱοὶ
1707 3537 1804 3591 καὶ

210 3622 546 3694 κληρονόμοι
571 3622 734 3690 Θεοῦ,
758 3625 854 3679 καὶ
890 3624 1057 3679 αὐτοῦ
1092 3628 1529 3700 συγκληρονόμοι
1559 3628 1586 3669 ιλ
1610 3645 1625 3659 ο
1674 3630 1807 3684 ἔδω-

211 3731 311 3767 κεν
340 3709 433 3769 οὖν
465 3717 619 3787 ἡμῖν,
647 3715 721 3780 ὡς
754 3706 1187 3789 ἔφην,”γέννησιν
1211 3720 1495 3793 δευτέραν,
1518 3722 1586 3775 ἶν’
1617 3720 1805 3793 ὥσπερ

212 3807 571 3880 γεννηθέντες
599 3811 663 3863 ὲκ
693 3809 788 3865 τοῦ
843 3811 1035 3883 Ἀδάμ,
1064 3813 1436 3887 ὡμοιώθημεν
1464 3815 1635 3887 αὐτῷ,
1672 3817 1806 3888 κλη-

217 3904 624 3974 ρονομήσαντες
676 3904 779 3975 τὴν
832 3904 1082 3973 κατάραν
1120 3904 1216 3959 καὶ
1256 3909 1357 3975 τὴν
1400 3904 1630 3978 φθορὰν,
1664 3905 1807 3961 οὕτω

214 3996 313 4050 καὶ
347 3996 404 4061 ἐξ
438 3996 605 4050 αὐτοῦ
670 3996 1050 4066 γεννηθέντες,
1098 3997 1460 4070 όμοιωθῶμεν
1501 3997 1673 4070 αὐτῷ,
1712 3999 1808 4052 καί

216 4087 761 4159 κληρονομήσωμενί
803 4090 906 4159 τήν
938 4107 1000 4143 τε
1033 4089 1367 4162 ἀφθαρσίαν,
1402 4092 1498 4145 καί
1520 4090 1619 4163 τὴν
1651 4091 1805 4146 εὐλο·

216 4179 364 4248 γίαν,
402 4180 499 4233 καὶ
531 4179 632 4252 τὴν
667 4178 827 4246 δόξαν
853 4180 1021 4234 αὑτοῦ

1906 3262 2071 3334 primi
2111 3252 2359 3332 parentis
2406 3268 2655 3330 peccato,
2706 3266 2884 3314 morte
2914 3273 3139 3329 quoque
3184 3270 3251 3311 ac
3292 3270 3495 3310 corru-

1908 3355 2094 3426 ptione
2145 3351 2439 3417 liberavit;
2486 3348 3035 3419 resurrectionisque
3087 3348 3269 3405 factus
3302 3345 3498 3418 primi-

1908 3447 2020 3510 tias,
2055 3446 2299 3515 seipsum
2341 3443 2485 3497 viam
2537 3456 2901 3513 normamque
2938 3448 2994 3496 et
3044 3440 3326 3510 exemplar
3357 3453 3496 3494 con-

1909 3539 2110 3603 stituit,
2155 3544 2214 3593 ut
2257 3552 2362 3592 nos
2396 3549 2619 3606 quoque
2670 3533 2920 3604 vestigiis
2956 3532 3078 3602 ejus
3124 3531 3495 3599 adhaerentes,

1908 3632 2055 3704 quod
2100 3631 2215 3701 ipse
2250 3639 2445 3683 natura
2475 3636 2583 3692 est,
2627 3626 2729 3681 hoc
2762 3626 3059 3695 adoptione
3092 3620 3364 3687 essemus,
3394 3624 3495 3677 tilii
3612 3647 3621 3651 -

1911 3724 2198 3789 nimirum,
2228 3730 2283 3775 et
2309 3719 2557 3775 lueredes
2590 3716 2709 3784 Dei,
2754 3718 3044 3787 ipsiusque
3085 3714 3401 3773 coltzeredes
3428 3712 3494 3773 "’.

1908 3817 2081 3873 Nobis
2109 3816 2295 3887 itaque
2327 3812 2652 3878 secundam,
2688 3820 2747 3866 ut
2770 3810 2909 3874 dixi,
2948 3810 3293 3865 nativitatem
3322 3807 3498 3877 dedit;

1911 3921 1971 3966 ut
2000 3907 2465 3983 quemadmodum
2515 3920 2578 3959 ex
2625 3904 2838 3958 Adamo
2876 3902 3177 3973 procreati,
3234 3902 3497 3956 similitu-

1911 4003 2096 4058 dinem
2147 4000 2271 4071 ejus
2334 3994 2745 4057 contraximus,
2801 3992 3391 4062 maledictionemque,
3444 3999 3502 4046 et

1909 4092 2325 4164 corruptionem
2360 4087 2711 4145 lnnreditario
2747 4084 2915 4141 veluti
2943 4083 3070 4154 jure
3100 4084 3246 4138 nacti
3279 4098 3497 4140 sumus:

1914 4189 1996 4254 sic
2021 4203 2088 4241 ex
2133 4186 2256 4256 ipso
2284 4183 2479 4256 geniti,
2520 4180 2733 4237 similes
2756 4179 2809 4234 ei
2844 4176 3170 4242 elliciamur,
3198 4185 3365 4248 atque
3392 4177 3501 4231 im-

1913 4279 2278 4337 mortalitatis
2329 4276 2529 4348 ipsius,
2583 4271 3129 4341 bcnedictionisque,
3183 4284 3249 4324 ac
3309 4268 3499 4342 gloria:

1914 4372 2303 4429 lnnreditatem
2333 4380 2766 4438 consequamur.

300 4457 521 4530 Ἐπειδὴ
571 4457 629 4512 δὲ
666 4466 1038 4531 πνευματικός
1082 4463 1230 4517 ἐστιν
1268 4455 1425 4526 οὗτος
1482 4464 1497 4515 i
1534 4465 1563 4517 6
1611 4465 1797 4538 Ἀδὰμ,

1986 4465 2263 4520 Nativitas
2295 4479 2386 4533 per
2411 4461 2704 4523 Christum,
2747 4457 2996 4529 cibusque
3034 4454 3250 4525 duplex.
3282 4451 3499 4509 Eucha-

218 4549 328 4603 ἔδει
349 4550 443 4603 καὶ
468 4552 570 4620 τὴν
592 4551 852 4623 γέννησιν
885 4555 1269 4626 πνευματικὴν
1292 4552 1456 4621 εἶναι,
1484 4558 1688 4629 ὁμοίως
1709 4560 1807 4613 καὶ

215 4639 317 4711 τὴν
350 4641 577 4711 βρῶσιν.
610 4642 728 4697 ἀλλ’
776 4644 966 4714 ἐπειδὴ
992 4644 1172 4698 διπλοῖ
1196 4646 1343 4709 τινές
1364 4648 1534 4717 ὲσμεν
1556 4648 1653 4699 καί
1680 4646 1807 4701 σύν-

216 4730 384 4796 θετοι,
418 4732 500 4785 δεῖ
529 4734 625 4787 καί
656 4733 757 4805 τὴν
788 4735 1046 4804 γέννησιν
1068 4734 1267 4805 διπλῆν
1294 4732 1455 4801 εἶναι,
1476 4736 1679 4807 ὁμοίως
1710 4735 1806 4789 καὶ

215 4824 318 4894 τὴν
345 4824 551 4895 βρῶσιν
587 4826 861 4883 σύνθετον.
910 4827 974 4881 Ἦ
1025 4829 1125 4898 μὲν
1163 4823 1259 4881 οὖν
1293 4827 1548 4897 γέννησις
1575 4830 1708 4900 ἡμῖν
1736 4828 1804 4882 δι’

114 4914 115 4917 “
218 4915 414 4980 ὓδατος
439 4918 534 4971 καὶ
562 4918 886 4990 Πνεύματος
936 4918 1144 4973 δέδοται
1169 4934 1185 4951 ⁸
1245 4922 1389 4991 φημὶ
1433 4920 1491 4973 δὲ
1522 4921 1619 4975 τοῦ
1651 4921 1807 4991 ἁγίου

221 5009 600 5081 βαπτίσματος
623 5027 638 5042 ’
666 5013 699 5083 ἡ
732 5012 790 5067 δὲ
822 5010 1025 5083 βρῶσις
1054 5012 1217 5073 αὐτὸς
1248 5015 1276 5065 ό
1306 5012 1473 5084 ἄρτος
1509 5014 1608 5086 τῆς
1637 5012 1815 5084 ζωῆς,

218 5104 251 5155 6
273 5101 479 5173 Κύριος
504 5102 663 5174 ἡμῶν
704 5103 915 5175 Ἰησοῦς
969 5102 1228 5175 Χριστὸς,
1264 5103 1294 5156 ό
1325 5106 1391 5158 ὲκ
1430 5105 1527 5159 τοῦ
1573 5104 1809 5176 οὐρανοῦ

217 5195 486 5260 καταϐάς.
510 5195 738 5251 Μέλλων
772 5197 883 5268 γὰρ
911 5196 1005 5251 τὸν
1029 5197 1275 5253 ἑκούσιον
1292 5196 1435 5271 ὑπὲρ
1451 5198 1611 5271 ἡμῶν
1641 5215 1814 5255 κατα·

285 5353 336 5387 ³³
373 5352 545 5410 Hebr.
575 5356 636 5423 ti,
662 5355 752 5412 17.
809 5354 856 5389 ⁸⁵
894 5354 1056 5412 Rom.
1122 5371 1222 5422 vn,
1260 5355 1348 5413 i7.

1914 4560 2082 4615 ristia:
2112 4556 2404 4611 institutio.
2445 4553 2604 4607 Vetus
2641 4540 2855 4605 Pascha
2882 4548 3108 4603 comedit
3147 4546 3503 4602 Christus.—

1912 4656 2184 4710 Cazterum
2242 4648 2511 4721 quoniam
2577 4645 2668 4700 hic
2705 4645 2879 4700 Adam
2919 4641 3227 4713 spiritualis
3260 4647 3367 4706 est,
3399 4653 3500 4708 par

1912 4755 2053 4810 erat,
2087 4752 2143 4799 ut
2170 4749 2288 4799 tum
2319 4740 2584 4795 nativitas
2628 4735 2943 4808 Spiritualis
2988 4740 3160 4797 esset,
3193 4740 3310 4786 tum
3348 4730 3499 4802 pari-

1914 4845 2000 4893 ter
2032 4834 2316 4889 alimonia.
2350 4830 2554 4887 Verum
2601 4828 2730 4899 quia
2760 4824 2997 4897 duplicis
3034 4832 3250 4879 natura:
3280 4837 3499 4888 sumus,

1910 4939 1966 4988 et
2012 4924 2331 4999 compositi,
2381 4906 2657 4994 duplicem
2714 4934 2935 4992 quoque
2993 4918 3364 4979 nativitatem,
3415 4924 3503 4970 at-

1912 5034 2020 5088 que
2052 5019 2183 5071 item
2217 5012 2589 5084 compositum
2626 5009 2813 5065 cibum
2845 5024 2971 5064 csse
3004 5006 3321 5078 Oportebat.
3351 5005 3501 5073 Quo-

1919 5110 2067 5163 circa
2100 5106 2267 5177 268
2306 5102 2568 5159 nativitas
2602 5100 2828 5171 quidem
2879 5098 3041 5153 nobis
3072 5113 3169 5168 per
3203 5110 3405 5168 aquam
3442 5104 3503 5150 et

1920 5197 2215 5271 Spiritum,
2274 5195 2379 5251 hoc
2432 5203 2541 5263 est,
2579 5209 2677 5267 per
2726 5201 2982 5249 sanctum
3044 5189 3320 5260 baptisma
3365 5187 3495 5243 data

1534 5529 1696 5587 VARI
1709 5528 1770 5585 ΑΞ
1811 5526 2213 5586 LECTIONES.

292 5696 320 5736 ι·
356 5692 590 5763 Μιθδο,
620 5692 792 5766 φύσει
819 5693 931 5766 καὶ
974 5692 1304 5764 κληρονόμοι
1351 5694 1451 5766 τῆς
1489 5692 1671 5766 αὐτοῦᾲ
1702 5690 1994 5764 γενώμεθα
2037 5690 2283 5766 χάριτος,
2320 5684 2429 5766 καὶ.
2468 5684 2668 5766 ἀύτοῦ.
2698 5680 3014 5766 uio},
3036 5680 3495 5766 συγκλῃρονόμρι.

227 5768 247 5809 ί
290 5766 443 5837 Rugii
500 5751 726 5835 quidam
781 5751 1316 5837 κληρονομῆσαντες.
1350 5751 1446 5821 Sic
1470 5774 1629 5821 vetus
1661 5751 1893 5834 interpr.
1941 5751 2333 5817 Ιιαῖιίὲάῖιαηιεε.
2414 5756 2430 5809 Ι
2468 5758 2525 5813 In
2566 5756 2692 5814 cod.
2741 5756 2809 5810 S.
2843 5753 2949 5809 Hil.
2982 5751 3138 5810 deest
3186 5751 3361 5812 οὗτος.
3396 5751 3497 5803 58*

220 5833 434 5911 quitur,
464 5833 532 5891 ut?
580 5837 636 5890 iu
689 5833 904 5890 multis"
930 5836 1055 5889 aliis
1086 5834 1165 5886 δεῖ
1190 5833 1298 5888 καί.
