  <div class='ocr_page' id='page_1' title='image "/cluster/home/n/w/nwhite01/storage/ocr_20150623/94/hvd.32044052838174/721.png"; bbox 0 0 3926 6292; ppageno 0'>
   <div class='ocr_carea' id='block_1_1' title="bbox 475 245 3729 358">
    <p class='ocr_par' dir='ltr' id='par_1_1' title="bbox 475 245 3729 358">
     <span class='ocr_line' id='line_1_1' title="bbox 475 245 3729 358; baseline 0.001 -4"><span class='ocrx_word' id='word_1_1' title='bbox 475 283 620 356; x_wconf 77' lang='lat'><strong>1159</strong></span> <span class='ocrx_word' id='word_1_2' title='bbox 1391 245 1402 250; x_wconf 60' lang='grc'><em>’</em></span> <span class='ocrx_word' id='word_1_3' title='bbox 1617 289 1678 350; x_wconf 91' lang='lat' dir='ltr'><strong>s.</strong></span> <span class='ocrx_word' id='word_1_4' title='bbox 1717 287 2038 351; x_wconf 80' lang='lat' dir='ltr'><strong>JOANNIS</strong></span> <span class='ocrx_word' id='word_1_5' title='bbox 2075 288 2510 351; x_wconf 81' lang='lat' dir='ltr'><strong>DAMASCENI</strong></span> <span class='ocrx_word' id='word_1_6' title='bbox 3580 289 3729 358; x_wconf 75' lang='lat' dir='ltr'><strong>nco</strong></span> 
     </span>
    </p>
   </div>
   <div class='ocr_carea' id='block_1_2' title="bbox 468 391 2018 468">
    <p class='ocr_par' dir='ltr' id='par_1_2' title="bbox 468 393 2018 466">
     <span class='ocr_line' id='line_1_2' title="bbox 468 393 2018 466; baseline 0.002 -18"><span class='ocrx_word' id='word_1_7' title='bbox 468 395 612 449; x_wconf 86' lang='lat' dir='ltr'><strong>toris</strong></span> <span class='ocrx_word' id='word_1_8' title='bbox 635 401 815 449; x_wconf 86' lang='lat' dir='ltr'><strong>mater</strong></span> <span class='ocrx_word' id='word_1_9' title='bbox 843 393 1116 464; x_wconf 73' lang='lat' dir='ltr'><strong>exstitit);</strong></span> <span class='ocrx_word' id='word_1_10' title='bbox 1144 393 1394 448; x_wconf 89' lang='lat' dir='ltr'><strong>nascitur</strong></span> <span class='ocrx_word' id='word_1_11' title='bbox 1419 400 1604 449; x_wconf 87' lang='lat' dir='ltr'><strong>autem</strong></span> <span class='ocrx_word' id='word_1_12' title='bbox 1634 397 1690 450; x_wconf 90' lang='lat' dir='ltr'><strong>in</strong></span> <span class='ocrx_word' id='word_1_13' title='bbox 1725 402 1890 450; x_wconf 76' lang='lat' dir='ltr'><strong>do&#39;mo</strong></span> <span class='ocrx_word' id='word_1_14' title='bbox 1914 411 2018 466; x_wconf 87' lang='lat' dir='ltr'><strong>pro</strong></span> 
     </span>
    </p>
   </div>
   <div class='ocr_carea' id='block_1_3' title="bbox 2179 391 3729 468">
    <p class='ocr_par' dir='ltr' id='par_1_3' title="bbox 2179 391 3729 468">
     <span class='ocr_line' id='line_1_3' title="bbox 2179 391 3729 468; baseline 0.002 -17"><span class='ocrx_word' id='word_1_15' title='bbox 2179 399 2413 468; x_wconf 78' lang='grc' dir='ltr'>ιωακεὶμ</span> <span class='ocrx_word' id='word_1_16' title='bbox 2469 399 2640 466; x_wconf 82' lang='grc' dir='ltr'>οίκῳ,</span> <span class='ocrx_word' id='word_1_17' title='bbox 2702 396 2796 450; x_wconf 74' lang='grc' dir='ltr'>καὶ</span> <span class='ocrx_word' id='word_1_18' title='bbox 2845 395 2926 467; x_wconf 82' lang='grc' dir='ltr'><strong>τῷ</strong></span> <span class='ocrx_word' id='word_1_19' title='bbox 2979 393 3110 466; x_wconf 79' lang='grc' dir='ltr'>Ιερῷ</span> <span class='ocrx_word' id='word_1_20' title='bbox 3174 391 3533 464; x_wconf 75' lang='grc' dir='ltr'>προσάγεται.</span> <span class='ocrx_word' id='word_1_21' title='bbox 3593 397 3729 454; x_wconf 78' lang='grc' dir='ltr'>Εἶτα</span> 
     </span>
    </p>
   </div>
   <div class='ocr_carea' id='block_1_4' title="bbox 471 483 2021 564">
    <p class='ocr_par' dir='ltr' id='par_1_4' title="bbox 471 484 2021 556">
     <span class='ocr_line' id='line_1_4' title="bbox 471 484 2021 556; baseline -0.001 -15"><span class='ocrx_word' id='word_1_22' title='bbox 471 485 667 541; x_wconf 76' lang='lat' dir='ltr'><strong>batica:</strong></span> <span class='ocrx_word' id='word_1_23' title='bbox 691 484 960 550; x_wconf 81' lang='lat' dir='ltr'><strong>Joachim,</strong></span> <span class='ocrx_word' id='word_1_24' title='bbox 987 491 1152 556; x_wconf 88' lang='lat' dir='ltr'><strong>atque</strong></span> <span class='ocrx_word' id='word_1_25' title='bbox 1175 484 1244 540; x_wconf 90' lang='lat' dir='ltr'><strong>ad</strong></span> <span class='ocrx_word' id='word_1_26' title='bbox 1269 486 1533 556; x_wconf 86' lang='lat' dir='ltr'><strong>templum</strong></span> <span class='ocrx_word' id='word_1_27' title='bbox 1555 484 1874 540; x_wconf 84' lang='lat' dir='ltr'><strong>adducitur.</strong></span> <span class='ocrx_word' id='word_1_28' title='bbox 1901 485 2021 541; x_wconf 87' lang='lat' dir='ltr'><strong>Tun</strong></span> 
     </span>
    </p>
   </div>
   <div class='ocr_carea' id='block_1_5' title="bbox 2183 483 3733 564">
    <p class='ocr_par' dir='ltr' id='par_1_5' title="bbox 2183 483 3733 564">
     <span class='ocr_line' id='line_1_5' title="bbox 2183 483 3733 564; baseline 0.002 -24"><span class='ocrx_word' id='word_1_29' title='bbox 2183 504 2212 540; x_wconf 88' lang='grc' dir='ltr'>ν</span> <span class='ocrx_word' id='word_1_30' title='bbox 2238 485 2316 558; x_wconf 83' lang='grc' dir='ltr'>τῷ</span> <span class='ocrx_word' id='word_1_31' title='bbox 2343 489 2476 559; x_wconf 75' lang='grc' dir='ltr'>οἴκῳ</span> <span class='ocrx_word' id='word_1_32' title='bbox 2502 485 2641 540; x_wconf 83' lang='grc' dir='ltr'><strong>Θεοῦ</strong></span> <span class='ocrx_word' id='word_1_33' title='bbox 2690 485 3016 556; x_wconf 75' lang='grc' dir='ltr'>φυτευοεῖσὰ</span> <span class='ocrx_word' id='word_1_34' title='bbox 3067 501 3127 538; x_wconf 86' lang='grc' dir='ltr'><strong>τε</strong></span> <span class='ocrx_word' id='word_1_35' title='bbox 3171 483 3269 537; x_wconf 71' lang='grc' dir='ltr'>καὶ</span> <span class='ocrx_word' id='word_1_36' title='bbox 3324 486 3615 541; x_wconf 86' lang='grc' dir='ltr'>πιανθείσα</span> <span class='ocrx_word' id='word_1_37' title='bbox 3649 491 3733 564; x_wconf 80' lang='grc' dir='ltr'><strong>τῷ</strong></span> 
     </span>
    </p>
   </div>
   <div class='ocr_carea' id='block_1_6' title="bbox 471 571 2021 651">
    <p class='ocr_par' dir='ltr' id='par_1_6' title="bbox 471 571 2011 644">
     <span class='ocr_line' id='line_1_6' title="bbox 471 571 2011 644; baseline 0.001 -16"><span class='ocrx_word' id='word_1_38' title='bbox 471 573 671 628; x_wconf 89' lang='lat' dir='ltr'><strong>deinde</strong></span> <span class='ocrx_word' id='word_1_39' title='bbox 703 573 759 627; x_wconf 91' lang='lat' dir='ltr'><strong>in</strong></span> <span class='ocrx_word' id='word_1_40' title='bbox 791 573 958 629; x_wconf 88' lang='lat' dir='ltr'><strong>domo</strong></span> <span class='ocrx_word' id='word_1_41' title='bbox 988 573 1080 629; x_wconf 89' lang='lat' dir='ltr'><strong>Dei</strong></span> <span class='ocrx_word' id='word_1_42' title='bbox 1113 574 1381 644; x_wconf 86' lang='lat' dir='ltr'><strong>plantata,</strong></span> <span class='ocrx_word' id='word_1_43' title='bbox 1416 583 1470 630; x_wconf 87' lang='lat' dir='ltr'><strong>et</strong></span> <span class='ocrx_word' id='word_1_44' title='bbox 1509 589 1608 644; x_wconf 90' lang='lat' dir='ltr'><strong>per</strong></span> <span class='ocrx_word' id='word_1_45' title='bbox 1646 571 1912 644; x_wconf 85' lang='lat' dir='ltr'><strong>Spiritum</strong></span> <span class='ocrx_word' id='word_1_46' title='bbox 1949 589 2011 630; x_wconf 89' lang='lat' dir='ltr'><strong>sa</strong></span> 
     </span>
    </p>
   </div>
   <div class='ocr_carea' id='block_1_7' title="bbox 2183 571 3733 651">
    <p class='ocr_par' dir='ltr' id='par_1_7' title="bbox 2183 577 3733 651">
     <span class='ocr_line' id='line_1_7' title="bbox 2183 577 3733 651; baseline 0.001 -18"><span class='ocrx_word' id='word_1_47' title='bbox 2183 580 2432 650; x_wconf 79' lang='grc' dir='ltr'>ἰνεὺματι</span> <span class='ocrx_word' id='word_1_48' title='bbox 2463 621 2477 643; x_wconf 94' lang='grc'><strong>,</strong></span> <span class='ocrx_word' id='word_1_49' title='bbox 2505 579 2638 632; x_wconf 77' lang='grc' dir='ltr'>ὡσεὶ</span> <span class='ocrx_word' id='word_1_50' title='bbox 2695 578 2852 632; x_wconf 71' lang='grc' dir='ltr'>ἐλαία</span> <span class='ocrx_word' id='word_1_51' title='bbox 2890 577 3262 648; x_wconf 82' lang='grc' dir='ltr'>κατάκαρπος,</span> <span class='ocrx_word' id='word_1_52' title='bbox 3295 577 3480 647; x_wconf 81' lang='grc' dir='ltr'>πάσης</span> <span class='ocrx_word' id='word_1_53' title='bbox 3524 579 3733 651; x_wconf 78' lang='grc' dir='ltr'>ἀρετῆς</span> 
     </span>
    </p>
   </div>
   <div class='ocr_carea' id='block_1_8' title="bbox 470 665 2020 743">
    <p class='ocr_par' dir='ltr' id='par_1_8' title="bbox 470 665 2020 736">
     <span class='ocr_line' id='line_1_8' title="bbox 470 665 2020 736; baseline 0.003 -18"><span class='ocrx_word' id='word_1_54' title='bbox 470 666 678 736; x_wconf 72' lang='lat' dir='ltr'><strong>ginata,</strong></span> <span class='ocrx_word' id='word_1_55' title='bbox 714 666 892 720; x_wconf 89' lang='lat' dir='ltr'><strong>instar</strong></span> <span class='ocrx_word' id='word_1_56' title='bbox 931 665 1090 721; x_wconf 69' lang='lat' dir='ltr'><strong>oliva:</strong></span> <span class='ocrx_word' id='word_1_57' title='bbox 1135 666 1434 723; x_wconf 62' lang='lat' dir='ltr'><strong>fructifera:</strong></span> <span class='ocrx_word' id='word_1_58' title='bbox 1473 668 1740 722; x_wconf 86' lang='lat' dir='ltr'><strong>virtutum</strong></span> <span class='ocrx_word' id='word_1_59' title='bbox 1792 669 2020 722; x_wconf 90' lang='lat' dir='ltr'><strong>omniuu</strong></span> 
     </span>
    </p>
   </div>
   <div class='ocr_carea' id='block_1_9' title="bbox 2182 665 3732 743">
    <p class='ocr_par' dir='ltr' id='par_1_9' title="bbox 2182 667 3732 743">
     <span class='ocr_line' id='line_1_9' title="bbox 2182 667 3732 743; baseline 0.002 -20"><span class='ocrx_word' id='word_1_60' title='bbox 2182 670 2494 740; x_wconf 66' lang='grc' dir='ltr'>ιαταγώγιον</span> <span class='ocrx_word' id='word_1_61' title='bbox 2539 671 2754 739; x_wconf 83' lang='grc' dir='ltr'>γέγονε,</span> <span class='ocrx_word' id='word_1_62' title='bbox 2787 669 2968 739; x_wconf 85' lang='grc' dir='ltr'>πάσης</span> <span class='ocrx_word' id='word_1_63' title='bbox 3023 667 3288 740; x_wconf 80' lang='grc' dir='ltr'><strong>βιωτικῆς</strong></span> <span class='ocrx_word' id='word_1_64' title='bbox 3316 669 3410 722; x_wconf 71' lang='grc' dir='ltr'>καὶ</span> <span class='ocrx_word' id='word_1_65' title='bbox 3453 675 3732 743; x_wconf 78' lang='grc' dir='ltr'>σαρκικῆς</span> 
     </span>
    </p>
   </div>
   <div class='ocr_carea' id='block_1_10' title="bbox 469 755 2019 834">
    <p class='ocr_par' dir='ltr' id='par_1_10' title="bbox 469 755 2019 829">
     <span class='ocr_line' id='line_1_10' title="bbox 469 755 2019 829; baseline 0.001 -18"><span class='ocrx_word' id='word_1_66' title='bbox 469 755 814 811; x_wconf 87' lang='lat' dir='ltr'><strong>domicilium</strong></span> <span class='ocrx_word' id='word_1_67' title='bbox 844 758 1143 812; x_wconf 87' lang='lat' dir='ltr'><strong>instruitur</strong></span> <span class='ocrx_word' id='word_1_68' title='bbox 1169 775 1183 825; x_wconf 90' lang='lat'><strong>;</strong></span> <span class='ocrx_word' id='word_1_69' title='bbox 1217 769 1277 814; x_wconf 90' lang='lat' dir='ltr'><strong>ut</strong></span> <span class='ocrx_word' id='word_1_70' title='bbox 1303 774 1446 829; x_wconf 72' lang='lat' dir='ltr'><strong>qum,</strong></span> <span class='ocrx_word' id='word_1_71' title='bbox 1468 759 1745 814; x_wconf 87' lang='lat' dir='ltr'><strong>abstracta</strong></span> <span class='ocrx_word' id='word_1_72' title='bbox 1769 767 1952 814; x_wconf 90' lang='lat' dir='ltr'><strong>mente</strong></span> <span class='ocrx_word' id='word_1_73' title='bbox 1973 759 2019 812; x_wconf 94' lang='lat' dir='ltr'><strong>al</strong></span> 
     </span>
    </p>
   </div>
   <div class='ocr_carea' id='block_1_11' title="bbox 2179 755 3729 834">
    <p class='ocr_par' dir='ltr' id='par_1_11' title="bbox 2183 759 3729 834">
     <span class='ocr_line' id='line_1_11' title="bbox 2183 759 3729 834; baseline -0.001 -16"><span class='ocrx_word' id='word_1_74' title='bbox 2183 763 2449 834; x_wconf 84' lang='grc' dir='ltr'>πιθυμίας</span> <span class='ocrx_word' id='word_1_75' title='bbox 2472 762 2563 816; x_wconf 85' lang='grc' dir='ltr'><strong>τὸν</strong></span> <span class='ocrx_word' id='word_1_76' title='bbox 2587 761 2712 818; x_wconf 97' lang='grc' dir='ltr'>νοῦν</span> <span class='ocrx_word' id='word_1_77' title='bbox 2741 761 3120 830; x_wconf 89' lang='grc' dir='ltr'>άποστήσασα,</span> <span class='ocrx_word' id='word_1_78' title='bbox 3151 759 3246 814; x_wconf 74' lang='grc' dir='ltr'>καὶ</span> <span class='ocrx_word' id='word_1_79' title='bbox 3276 759 3420 814; x_wconf 79' lang='grc' dir='ltr'>οὕτω</span> <span class='ocrx_word' id='word_1_80' title='bbox 3453 761 3729 833; x_wconf 81' lang='grc' dir='ltr'><strong>παρθένον</strong></span> 
     </span>
    </p>
   </div>
   <div class='ocr_carea' id='block_1_12' title="bbox 469 849 2019 930">
    <p class='ocr_par' dir='ltr' id='par_1_12' title="bbox 469 849 2019 921">
     <span class='ocr_line' id='line_1_12' title="bbox 469 849 2019 921; baseline 0.003 -19"><span class='ocrx_word' id='word_1_81' title='bbox 469 849 622 902; x_wconf 89' lang='lat' dir='ltr'><strong>omni</strong></span> <span class='ocrx_word' id='word_1_82' title='bbox 679 850 871 904; x_wconf 62' lang='lat' dir='ltr'><strong>saiculi</strong></span> <span class='ocrx_word' id='word_1_83' title='bbox 920 851 1218 921; x_wconf 85' lang='lat' dir='ltr'><strong>carnisque</strong></span> <span class='ocrx_word' id='word_1_84' title='bbox 1273 851 1600 921; x_wconf 85' lang='lat' dir='ltr'><strong>cupiditate,</strong></span> <span class='ocrx_word' id='word_1_85' title='bbox 1647 853 1889 906; x_wconf 89' lang='lat' dir='ltr'><strong>animum</strong></span> <span class='ocrx_word' id='word_1_86' title='bbox 1932 866 2019 906; x_wconf 85' lang='lat' dir='ltr'><strong>un:</strong></span> 
     </span>
    </p>
   </div>
   <div class='ocr_carea' id='block_1_13' title="bbox 2173 849 3723 930">
    <p class='ocr_par' dir='ltr' id='par_1_13' title="bbox 2173 853 3723 930">
     <span class='ocr_line' id='line_1_13' title="bbox 2173 853 3723 930; baseline 0.001 -23"><span class='ocrx_word' id='word_1_87' title='bbox 2173 857 2247 930; x_wconf 68' lang='grc' dir='ltr'><strong>τὴν</strong></span> <span class='ocrx_word' id='word_1_88' title='bbox 2274 856 2452 929; x_wconf 79' lang='grc' dir='ltr'>ψυχὴν</span> <span class='ocrx_word' id='word_1_89' title='bbox 2480 857 2867 928; x_wconf 83' lang='grc' dir='ltr'>συντηρήσασα</span> <span class='ocrx_word' id='word_1_90' title='bbox 2903 855 3000 908; x_wconf 83' lang='grc' dir='ltr'><strong>σὺν</strong></span> <span class='ocrx_word' id='word_1_91' title='bbox 3021 853 3099 924; x_wconf 88' lang='grc' dir='ltr'>τῷ</span> <span class='ocrx_word' id='word_1_92' title='bbox 3131 854 3368 924; x_wconf 87' lang='grc' dir='ltr'>σώματι,</span> <span class='ocrx_word' id='word_1_93' title='bbox 3387 854 3464 918; x_wconf 82' lang='grc' dir='ltr'><strong>ὡς</strong></span> <span class='ocrx_word' id='word_1_94' title='bbox 3488 855 3723 924; x_wconf 62' lang='grc' dir='ltr'>ἔπρεπε,</span> 
     </span>
    </p>
   </div>
   <div class='ocr_carea' id='block_1_14' title="bbox 476 941 2026 1023">
    <p class='ocr_par' dir='ltr' id='par_1_14' title="bbox 476 941 2026 1012">
     <span class='ocr_line' id='line_1_14' title="bbox 476 941 2026 1012; baseline 0 -16"><span class='ocrx_word' id='word_1_95' title='bbox 476 955 602 996; x_wconf 91' lang='lat' dir='ltr'><strong>cum</strong></span> <span class='ocrx_word' id='word_1_96' title='bbox 629 956 859 1012; x_wconf 88' lang='lat' dir='ltr'><strong>corpore</strong></span> <span class='ocrx_word' id='word_1_97' title='bbox 897 941 1163 1012; x_wconf 78' lang='lat' dir='ltr'><strong>virginem</strong></span> <span class='ocrx_word' id='word_1_98' title='bbox 1210 951 1632 1008; x_wconf 83' lang='lat' dir='ltr'><strong>conservasset,</strong></span> <span class='ocrx_word' id='word_1_99' title='bbox 1682 941 1850 996; x_wconf 90' lang='lat' dir='ltr'><strong>veluti</strong></span> <span class='ocrx_word' id='word_1_100' title='bbox 1881 941 2026 996; x_wconf 30' lang='lat' dir='ltr'><strong>decet</strong></span> 
     </span>
    </p>
   </div>
   <div class='ocr_carea' id='block_1_15' title="bbox 2175 941 3725 1023">
    <p class='ocr_par' dir='ltr' id='par_1_15' title="bbox 2175 944 3725 1023">
     <span class='ocr_line' id='line_1_15' title="bbox 2175 944 3725 1023; baseline -0.003 -21"><span class='ocrx_word' id='word_1_101' title='bbox 2175 952 2246 1023; x_wconf 76' lang='grc' dir='ltr'><strong>’ὴν</strong></span> <span class='ocrx_word' id='word_1_102' title='bbox 2279 949 2413 1002; x_wconf 84' lang='grc' dir='ltr'>Θεὸν</span> <span class='ocrx_word' id='word_1_103' title='bbox 2467 947 2760 1016; x_wconf 83' lang='grc' dir='ltr'>ἐγκόλπιον</span> <span class='ocrx_word' id='word_1_104' title='bbox 2813 944 3173 1016; x_wconf 85' lang='grc' dir='ltr'>ὑποδέχεσθαι</span> <span class='ocrx_word' id='word_1_105' title='bbox 3207 945 3542 1015; x_wconf 67' lang='grc' dir='ltr'>μέλλουσανο</span> <span class='ocrx_word' id='word_1_106' title='bbox 3567 945 3725 1014; x_wconf 77' lang='grc' dir='ltr'>ἅγιος</span> 
     </span>
    </p>
   </div>
   <div class='ocr_carea' id='block_1_16' title="bbox 466 1030 2016 1110">
    <p class='ocr_par' dir='ltr' id='par_1_16' title="bbox 466 1030 2013 1102">
     <span class='ocr_line' id='line_1_16' title="bbox 466 1030 2013 1102; baseline -0.003 -14"><span class='ocrx_word' id='word_1_107' title='bbox 466 1030 561 1088; x_wconf 88' lang='lat' dir='ltr'><strong>bat</strong></span> <span class='ocrx_word' id='word_1_108' title='bbox 595 1031 767 1099; x_wconf 83' lang='lat' dir='ltr'><strong>illam,</strong></span> <span class='ocrx_word' id='word_1_109' title='bbox 813 1047 937 1102; x_wconf 61' lang='lat' dir='ltr'><strong>quae</strong></span> <span class='ocrx_word' id='word_1_110' title='bbox 979 1034 1105 1087; x_wconf 88' lang='lat' dir='ltr'><strong>sinu</strong></span> <span class='ocrx_word' id='word_1_111' title='bbox 1144 1046 1248 1088; x_wconf 91' lang='lat' dir='ltr'><strong>suo</strong></span> <span class='ocrx_word' id='word_1_112' title='bbox 1293 1042 1630 1102; x_wconf 88' lang='lat' dir='ltr'><strong>conceptura</strong></span> <span class='ocrx_word' id='word_1_113' title='bbox 1677 1031 1846 1088; x_wconf 88' lang='lat' dir='ltr'><strong>Deum</strong></span> <span class='ocrx_word' id='word_1_114' title='bbox 1893 1039 2013 1086; x_wconf 90' lang='lat' dir='ltr'><strong>erat</strong></span> 
     </span>
    </p>
   </div>
   <div class='ocr_carea' id='block_1_17' title="bbox 2169 1030 3719 1110">
    <p class='ocr_par' dir='ltr' id='par_1_17' title="bbox 2169 1034 3719 1110">
     <span class='ocr_line' id='line_1_17' title="bbox 2169 1034 3719 1110; baseline 0 -18"><span class='ocrx_word' id='word_1_115' title='bbox 2169 1040 2257 1110; x_wconf 63' lang='lat' dir='ltr'><strong>(dp</strong></span> <span class='ocrx_word' id='word_1_116' title='bbox 2289 1038 2387 1104; x_wconf 82' lang='grc' dir='ltr'>ὢν,</span> <span class='ocrx_word' id='word_1_117' title='bbox 2417 1042 2476 1093; x_wconf 80' lang='grc' dir='ltr'>ὲν</span> <span class='ocrx_word' id='word_1_118' title='bbox 2527 1037 2703 1107; x_wconf 81' lang='grc' dir='ltr'>ἁγίοις</span> <span class='ocrx_word' id='word_1_119' title='bbox 2757 1034 3129 1091; x_wconf 83' lang='grc' dir='ltr'>ἀναπαύεται·</span> <span class='ocrx_word' id='word_1_120' title='bbox 3154 1035 3298 1090; x_wconf 75' lang='grc' dir='ltr'>οὕτω</span> <span class='ocrx_word' id='word_1_121' title='bbox 3329 1037 3509 1094; x_wconf 78' lang='grc' dir='ltr'>τοίνυν</span> <span class='ocrx_word' id='word_1_122' title='bbox 3550 1038 3719 1105; x_wconf 75' lang='grc' dir='ltr'>ἁγιωσ</span> 
     </span>
    </p>
   </div>
   <div class='ocr_carea' id='block_1_18' title="bbox 466 1121 2016 1200">
    <p class='ocr_par' dir='ltr' id='par_1_18' title="bbox 466 1121 2008 1192">
     <span class='ocr_line' id='line_1_18' title="bbox 466 1121 2008 1192; baseline -0.001 -16"><span class='ocrx_word' id='word_1_123' title='bbox 466 1123 588 1192; x_wconf 90' lang='lat' dir='ltr'><strong>qui,</strong></span> <span class='ocrx_word' id='word_1_124' title='bbox 612 1139 738 1176; x_wconf 90' lang='lat' dir='ltr'><strong>cum</strong></span> <span class='ocrx_word' id='word_1_125' title='bbox 773 1123 891 1192; x_wconf 89' lang='lat' dir='ltr'><strong>ipse</strong></span> <span class='ocrx_word' id='word_1_126' title='bbox 917 1130 1146 1177; x_wconf 86' lang='lat' dir='ltr'><strong>sanctus</strong></span> <span class='ocrx_word' id='word_1_127' title='bbox 1175 1121 1271 1186; x_wconf 91' lang='lat' dir='ltr'><strong>sit,</strong></span> <span class='ocrx_word' id='word_1_128' title='bbox 1301 1122 1359 1177; x_wconf 92' lang='lat' dir='ltr'><strong>in</strong></span> <span class='ocrx_word' id='word_1_129' title='bbox 1394 1123 1604 1180; x_wconf 89' lang='lat' dir='ltr'><strong>sanctis</strong></span> <span class='ocrx_word' id='word_1_130' title='bbox 1639 1122 1939 1192; x_wconf 87' lang='lat' dir='ltr'><strong>requiescit</strong></span> <span class='ocrx_word' id='word_1_131' title='bbox 1961 1121 2008 1152; x_wconf 84' lang='grc'>⁷⁰</span> 
     </span>
    </p>
   </div>
   <div class='ocr_carea' id='block_1_19' title="bbox 2165 1121 3715 1200">
    <p class='ocr_par' dir='ltr' id='par_1_19' title="bbox 2165 1125 3715 1200">
     <span class='ocr_line' id='line_1_19' title="bbox 2165 1125 3715 1200; baseline 0.002 -19"><span class='ocrx_word' id='word_1_132' title='bbox 2165 1129 2316 1200; x_wconf 77' lang='lat' dir='ltr'><strong>niqu</strong></span> <span class='ocrx_word' id='word_1_133' title='bbox 2342 1129 2683 1200; x_wconf 77' lang='grc' dir='ltr'><strong>μετέρχεται,</strong></span> <span class='ocrx_word' id='word_1_134' title='bbox 2717 1127 2808 1182; x_wconf 78' lang='grc' dir='ltr'>καὶ</span> <span class='ocrx_word' id='word_1_135' title='bbox 2831 1126 2954 1190; x_wconf 82' lang='grc' dir='ltr'>ναὸς</span> <span class='ocrx_word' id='word_1_136' title='bbox 2979 1125 3133 1194; x_wconf 75' lang='grc' dir='ltr'>ἅγιος</span> <span class='ocrx_word' id='word_1_137' title='bbox 3160 1128 3256 1181; x_wconf 74' lang='grc' dir='ltr'>καὶ</span> <span class='ocrx_word' id='word_1_138' title='bbox 3288 1127 3603 1200; x_wconf 69' lang='grc' dir='ltr'>θαυμαστὸς</span> <span class='ocrx_word' id='word_1_139' title='bbox 3620 1131 3715 1187; x_wconf 78' lang='grc' dir='ltr'><strong>τοῦ</strong></span> 
     </span>
    </p>
   </div>
   <div class='ocr_carea' id='block_1_20' title="bbox 468 1211 2018 1291">
    <p class='ocr_par' dir='ltr' id='par_1_20' title="bbox 468 1211 2013 1284">
     <span class='ocr_line' id='line_1_20' title="bbox 468 1211 2013 1284; baseline -0.002 -16"><span class='ocrx_word' id='word_1_140' title='bbox 468 1211 627 1269; x_wconf 88' lang='lat' dir='ltr'><strong>Unde</strong></span> <span class='ocrx_word' id='word_1_141' title='bbox 660 1213 1081 1270; x_wconf 87' lang='lat' dir='ltr'><strong>sanctimoniam</strong></span> <span class='ocrx_word' id='word_1_142' title='bbox 1119 1213 1506 1277; x_wconf 90' lang='lat' dir='ltr'><strong>consectando,</strong></span> <span class='ocrx_word' id='word_1_143' title='bbox 1551 1213 1814 1284; x_wconf 89' lang='lat' dir='ltr'><strong>templum</strong></span> <span class='ocrx_word' id='word_1_144' title='bbox 1858 1212 2013 1267; x_wconf 90' lang='lat' dir='ltr'><strong>evadi</strong></span> 
     </span>
    </p>
   </div>
   <div class='ocr_carea' id='block_1_21' title="bbox 1604 1211 3154 1291">
    <p class='ocr_par' dir='ltr' id='par_1_21' title="bbox 1611 1212 3154 1291">
     <span class='ocr_line' id='line_1_21' title="bbox 1611 1212 3154 1291; baseline 0.006 -26"><span class='ocrx_word' id='word_1_145' title='bbox 1611 1213 1814 1284; x_wconf 89' lang='lat' dir='ltr'><strong>mplum</strong></span> <span class='ocrx_word' id='word_1_146' title='bbox 1858 1212 2041 1267; x_wconf 83' lang='lat' dir='ltr'><strong>evadit</strong></span> <span class='ocrx_word' id='word_1_147' title='bbox 2147 1219 2373 1291; x_wconf 68' lang='grc' dir='ltr'>ὑψίστου</span> <span class='ocrx_word' id='word_1_148' title='bbox 2404 1219 2538 1276; x_wconf 85' lang='grc' dir='ltr'>Θεοῦ</span> <span class='ocrx_word' id='word_1_149' title='bbox 2587 1218 2964 1276; x_wconf 79' lang='grc' dir='ltr'>ἀναδείκνυται</span> <span class='ocrx_word' id='word_1_150' title='bbox 2986 1217 3154 1285; x_wconf 77' lang='grc' dir='ltr'>ἄξιος.</span> 
     </span>
    </p>
   </div>
   <div class='ocr_carea' id='block_1_22' title="bbox 465 1303 2040 1376">
    <p class='ocr_par' dir='ltr' id='par_1_22' title="bbox 465 1303 2040 1376">
     <span class='ocr_line' id='line_1_22' title="bbox 465 1303 2040 1376; baseline -0.001 -16"><span class='ocrx_word' id='word_1_151' title='bbox 465 1317 723 1361; x_wconf 89' lang='lat' dir='ltr'><strong>sanctum</strong></span> <span class='ocrx_word' id='word_1_152' title='bbox 756 1314 811 1361; x_wconf 92' lang='lat' dir='ltr'><strong>et</strong></span> <span class='ocrx_word' id='word_1_153' title='bbox 841 1303 1191 1369; x_wconf 86' lang='lat' dir='ltr'><strong>admirabile,</strong></span> <span class='ocrx_word' id='word_1_154' title='bbox 1236 1303 1444 1376; x_wconf 90' lang='lat' dir='ltr'><strong>Deique</strong></span> <span class='ocrx_word' id='word_1_155' title='bbox 1494 1304 1749 1361; x_wconf 78' lang='lat' dir='ltr'><strong>altissimi</strong></span> <span class='ocrx_word' id='word_1_156' title='bbox 1803 1304 2040 1374; x_wconf 82' lang='lat' dir='ltr'><strong>hospitio</strong></span> 
     </span>
    </p>
   </div>
   <div class='ocr_carea' id='block_1_23' title="bbox 465 1398 718 1468">
    <p class='ocr_par' dir='ltr' id='par_1_23' title="bbox 465 1398 718 1468">
     <span class='ocr_line' id='line_1_23' title="bbox 465 1398 718 1468; baseline -0.012 -15"><span class='ocrx_word' id='word_1_157' title='bbox 465 1398 718 1468; x_wconf 71' lang='lat' dir='ltr'><strong>dignum.</strong></span> 
     </span>
    </p>
   </div>
   <div class='ocr_carea' id='block_1_24' title="bbox 535 1483 2085 1564">
    <p class='ocr_par' dir='ltr' id='par_1_24' title="bbox 535 1485 2040 1558">
     <span class='ocr_line' id='line_1_24' title="bbox 535 1485 2040 1558; baseline -0.001 -14"><span class='ocrx_word' id='word_1_158' title='bbox 535 1489 805 1556; x_wconf 86' lang='lat' dir='ltr'><strong>Quoniam</strong></span> <span class='ocrx_word' id='word_1_159' title='bbox 837 1497 1020 1544; x_wconf 90' lang='lat' dir='ltr'><strong>autem</strong></span> <span class='ocrx_word' id='word_1_160' title='bbox 1065 1487 1266 1544; x_wconf 89' lang='lat' dir='ltr'><strong>salutis</strong></span> <span class='ocrx_word' id='word_1_161' title='bbox 1312 1497 1518 1544; x_wconf 68' lang='lat' dir='ltr'><strong>nostra:</strong></span> <span class='ocrx_word' id='word_1_162' title='bbox 1569 1485 1748 1544; x_wconf 83' lang='lat' dir='ltr'><strong>hostis</strong></span> <span class='ocrx_word' id='word_1_163' title='bbox 1798 1485 2040 1558; x_wconf 78' lang='lat' dir='ltr'><strong>virgines</strong></span> 
     </span>
    </p>
   </div>
   <div class='ocr_carea' id='block_1_25' title="bbox 2174 1483 3724 1564">
    <p class='ocr_par' dir='ltr' id='par_1_25' title="bbox 2228 1483 3724 1564">
     <span class='ocr_line' id='line_1_25' title="bbox 2228 1483 3724 1564; baseline 0.005 -26"><span class='ocrx_word' id='word_1_164' title='bbox 2228 1483 2447 1559; x_wconf 79' lang='grc' dir='ltr'>Ἐπειδὴ</span> <span class='ocrx_word' id='word_1_165' title='bbox 2482 1485 2540 1542; x_wconf 80' lang='grc' dir='ltr'>δὲ</span> <span class='ocrx_word' id='word_1_166' title='bbox 2571 1487 2830 1561; x_wconf 76' lang='grc' dir='ltr'><strong>ἐπετήρει</strong></span> <span class='ocrx_word' id='word_1_167' title='bbox 2873 1491 2974 1555; x_wconf 83' lang='grc' dir='ltr'><strong>τάς</strong></span> <span class='ocrx_word' id='word_1_168' title='bbox 3011 1491 3319 1564; x_wconf 80' lang='grc' dir='ltr'>παρθένους</span> <span class='ocrx_word' id='word_1_169' title='bbox 3347 1491 3377 1544; x_wconf 81' lang='grc' dir='ltr'><strong>ὁ</strong></span> <span class='ocrx_word' id='word_1_170' title='bbox 3420 1491 3524 1563; x_wconf 83' lang='grc' dir='ltr'>τῆς</span> <span class='ocrx_word' id='word_1_171' title='bbox 3563 1492 3724 1562; x_wconf 80' lang='grc' dir='ltr'>ἡμῶν</span> 
     </span>
    </p>
   </div>
   <div class='ocr_carea' id='block_1_26' title="bbox 463 1577 2013 1654">
    <p class='ocr_par' dir='ltr' id='par_1_26' title="bbox 463 1577 1996 1649">
     <span class='ocr_line' id='line_1_26' title="bbox 463 1577 1996 1649; baseline -0.003 -16"><span class='ocrx_word' id='word_1_172' title='bbox 463 1579 818 1646; x_wconf 75' lang='lat' dir='ltr'><strong>observabat,</strong></span> <span class='ocrx_word' id='word_1_173' title='bbox 849 1586 1077 1649; x_wconf 89' lang='lat' dir='ltr'><strong>propter</strong></span> <span class='ocrx_word' id='word_1_174' title='bbox 1107 1579 1261 1633; x_wconf 68' lang='lat' dir='ltr'><strong>Isaiae</strong></span> <span class='ocrx_word' id='word_1_175' title='bbox 1279 1578 1626 1642; x_wconf 85' lang='lat' dir='ltr'><strong>vaticinium,</strong></span> <span class='ocrx_word' id='word_1_176' title='bbox 1650 1593 1760 1647; x_wconf 88' lang='lat' dir='ltr'><strong>quo</strong></span> <span class='ocrx_word' id='word_1_177' title='bbox 1783 1577 1996 1632; x_wconf 85' lang='lat' dir='ltr'><strong>dixerat</strong></span> 
     </span>
    </p>
   </div>
   <div class='ocr_carea' id='block_1_27' title="bbox 2171 1577 3721 1654">
    <p class='ocr_par' dir='ltr' id='par_1_27' title="bbox 2171 1577 3721 1654">
     <span class='ocr_line' id='line_1_27' title="bbox 2171 1577 3721 1654; baseline 0.007 -27"><span class='ocrx_word' id='word_1_178' title='bbox 2171 1577 2423 1649; x_wconf 65' lang='lat' dir='ltr'><strong>rmmpiac</strong></span> <span class='ocrx_word' id='word_1_179' title='bbox 2449 1579 2667 1650; x_wconf 74' lang='grc' dir='ltr'>ἐχθρὸς,</span> <span class='ocrx_word' id='word_1_180' title='bbox 2690 1580 2779 1634; x_wconf 80' lang='grc' dir='ltr'><strong>διὰ</strong></span> <span class='ocrx_word' id='word_1_181' title='bbox 2810 1581 2912 1653; x_wconf 82' lang='grc' dir='ltr'>τὴν</span> <span class='ocrx_word' id='word_1_182' title='bbox 2936 1580 3161 1636; x_wconf 79' lang='grc' dir='ltr'>Ἡσαΐου</span> <span class='ocrx_word' id='word_1_183' title='bbox 3188 1583 3498 1654; x_wconf 75' lang='grc' dir='ltr'>πρόρρησιν</span> <span class='ocrx_word' id='word_1_184' title='bbox 3518 1599 3533 1615; x_wconf 77' lang='grc' dir='ltr'><strong>ο</strong></span> <span class='ocrx_word' id='word_1_185' title='bbox 3556 1584 3721 1638; x_wconf 83' lang='grc' dir='ltr'>Ἰδοὺ</span> 
     </span>
    </p>
   </div>
   <div class='ocr_carea' id='block_1_28' title="bbox 468 1668 2018 1742">
    <p class='ocr_par' dir='ltr' id='par_1_28' title="bbox 468 1668 2018 1742">
     <span class='ocr_line' id='line_1_28' title="bbox 468 1668 2018 1742; baseline -0.003 -18"><span class='ocrx_word' id='word_1_186' title='bbox 468 1669 602 1726; x_wconf 82' lang='lat' dir='ltr'><strong>Ecce</strong></span> <span class='ocrx_word' id='word_1_187' title='bbox 638 1671 780 1742; x_wconf 81' lang='lat' dir='ltr'><strong>virgo</strong></span> <span class='ocrx_word' id='word_1_188' title='bbox 818 1671 874 1724; x_wconf 90' lang='lat' dir='ltr'><strong>in</strong></span> <span class='ocrx_word' id='word_1_189' title='bbox 921 1679 1069 1724; x_wconf 80' lang='lat' dir='ltr'><strong>utero</strong></span> <span class='ocrx_word' id='word_1_190' title='bbox 1105 1669 1334 1734; x_wconf 79' lang='lat' dir='ltr'><strong>habebit,</strong></span> <span class='ocrx_word' id='word_1_191' title='bbox 1362 1677 1410 1721; x_wconf 92' lang='lat' dir='ltr'><strong>et</strong></span> <span class='ocrx_word' id='word_1_192' title='bbox 1433 1669 1606 1737; x_wconf 87' lang='lat' dir='ltr'><strong>pariet</strong></span> <span class='ocrx_word' id='word_1_193' title='bbox 1626 1668 1819 1736; x_wconf 82' lang='lat' dir='ltr'><strong>ﬁlium,</strong></span> <span class='ocrx_word' id='word_1_194' title='bbox 1857 1673 1904 1719; x_wconf 92' lang='lat' dir='ltr'><strong>et</strong></span> <span class='ocrx_word' id='word_1_195' title='bbox 1949 1681 2018 1719; x_wconf 80' lang='lat' dir='ltr'><strong>vo</strong></span> 
     </span>
    </p>
   </div>
   <div class='ocr_carea' id='block_1_29' title="bbox 2175 1668 3725 1742">
    <p class='ocr_par' dir='ltr' id='par_1_29' title="bbox 2175 1668 3725 1742">
     <span class='ocr_line' id='line_1_29' title="bbox 2175 1668 3725 1742; baseline 0.004 -21"><span class='ocrx_word' id='word_1_196' title='bbox 2175 1668 2500 1737; x_wconf 61' lang='lat' dir='ltr'><strong>laapOéroc</strong></span> <span class='ocrx_word' id='word_1_197' title='bbox 2523 1670 2593 1723; x_wconf 81' lang='grc' dir='ltr'>ἐν</span> <span class='ocrx_word' id='word_1_198' title='bbox 2636 1671 2844 1740; x_wconf 70' lang='grc' dir='ltr'>γαστρί</span> <span class='ocrx_word' id='word_1_199' title='bbox 2877 1671 2999 1736; x_wconf 77' lang='grc' dir='ltr'>ἔξει</span> <span class='ocrx_word' id='word_1_200' title='bbox 3021 1713 3036 1738; x_wconf 94' lang='grc'><strong>,</strong></span> <span class='ocrx_word' id='word_1_201' title='bbox 3069 1672 3344 1742; x_wconf 86' lang='grc' dir='ltr'>φήσαντος</span> <span class='ocrx_word' id='word_1_202' title='bbox 3366 1710 3382 1735; x_wconf 90' lang='grc'><strong>,</strong></span> <span class='ocrx_word' id='word_1_203' title='bbox 3417 1674 3515 1726; x_wconf 80' lang='grc' dir='ltr'><strong>καί</strong></span> <span class='ocrx_word' id='word_1_204' title='bbox 3554 1673 3725 1738; x_wconf 80' lang='grc' dir='ltr'>τέξε-</span> 
     </span>
    </p>
   </div>
   <div class='ocr_carea' id='block_1_30' title="bbox 463 1757 2013 1833">
    <p class='ocr_par' dir='ltr' id='par_1_30' title="bbox 463 1757 1996 1831">
     <span class='ocr_line' id='line_1_30' title="bbox 463 1757 1996 1831; baseline -0.004 -15"><span class='ocrx_word' id='word_1_205' title='bbox 463 1763 658 1816; x_wconf 86' lang='lat' dir='ltr'><strong>cabunt</strong></span> <span class='ocrx_word' id='word_1_206' title='bbox 684 1778 870 1816; x_wconf 86' lang='lat' dir='ltr'><strong>nomen</strong></span> <span class='ocrx_word' id='word_1_207' title='bbox 917 1761 1032 1831; x_wconf 74' lang='lat' dir='ltr'><strong>ejus</strong></span> <span class='ocrx_word' id='word_1_208' title='bbox 1081 1759 1396 1818; x_wconf 75' lang='lat' dir='ltr'><strong>Emmanuel</strong></span> <span class='ocrx_word' id='word_1_209' title='bbox 1434 1757 1594 1828; x_wconf 84' lang='lat' dir='ltr'><strong>(quod</strong></span> <span class='ocrx_word' id='word_1_210' title='bbox 1643 1757 1996 1826; x_wconf 73' lang='lat' dir='ltr'><strong>interpreteris</strong></span> 
     </span>
    </p>
   </div>
   <div class='ocr_carea' id='block_1_31' title="bbox 2175 1757 3725 1833">
    <p class='ocr_par' dir='ltr' id='par_1_31' title="bbox 2175 1757 3725 1833">
     <span class='ocr_line' id='line_1_31' title="bbox 2175 1757 3725 1833; baseline 0.006 -23"><span class='ocrx_word' id='word_1_211' title='bbox 2175 1775 2240 1811; x_wconf 76' lang='grc' dir='ltr'><strong>ἀι</strong></span> <span class='ocrx_word' id='word_1_212' title='bbox 2284 1757 2439 1824; x_wconf 78' lang='grc' dir='ltr'>υἱὸν,</span> <span class='ocrx_word' id='word_1_213' title='bbox 2475 1759 2572 1812; x_wconf 80' lang='grc' dir='ltr'>καί</span> <span class='ocrx_word' id='word_1_214' title='bbox 2629 1759 2965 1814; x_wconf 74' lang='grc' dir='ltr'>καλέσουσι</span> <span class='ocrx_word' id='word_1_215' title='bbox 3000 1759 3068 1814; x_wconf 87' lang='grc' dir='ltr'>τὸ</span> <span class='ocrx_word' id='word_1_216' title='bbox 3117 1761 3309 1828; x_wconf 78' lang='grc' dir='ltr'>ὄνομα</span> <span class='ocrx_word' id='word_1_217' title='bbox 3353 1763 3540 1818; x_wconf 82' lang='grc' dir='ltr'>αὐτοῦ</span> <span class='ocrx_word' id='word_1_218' title='bbox 3588 1765 3725 1833; x_wconf 74' lang='grc' dir='ltr'><strong>Ἐμο</strong></span> 
     </span>
    </p>
   </div>
   <div class='ocr_carea' id='block_1_32' title="bbox 466 1845 2016 1922">
    <p class='ocr_par' dir='ltr' id='par_1_32' title="bbox 466 1849 2013 1922">
     <span class='ocr_line' id='line_1_32' title="bbox 466 1849 2013 1922; baseline -0.005 -13"><span class='ocrx_word' id='word_1_219' title='bbox 466 1855 743 1908; x_wconf 81' lang='lat' dir='ltr'><strong>nobiscum</strong></span> <span class='ocrx_word' id='word_1_220' title='bbox 767 1852 906 1907; x_wconf 74' lang='lat' dir='ltr'><strong>Deus</strong></span> <span class='ocrx_word' id='word_1_221' title='bbox 927 1854 997 1922; x_wconf 74' lang='grc' dir='ltr'><strong>τι)</strong></span> <span class='ocrx_word' id='word_1_222' title='bbox 1021 1868 1036 1916; x_wconf 91' lang='lat'><strong>;</strong></span> <span class='ocrx_word' id='word_1_223' title='bbox 1057 1852 1288 1918; x_wconf 88' lang='lat' dir='ltr'><strong>idcirco,</strong></span> <span class='ocrx_word' id='word_1_224' title='bbox 1305 1862 1364 1904; x_wconf 92' lang='lat' dir='ltr'><strong>ut</strong></span> <span class='ocrx_word' id='word_1_225' title='bbox 1386 1851 1477 1906; x_wconf 89' lang='lat' dir='ltr'><strong>ille</strong></span> <span class='ocrx_word' id='word_1_226' title='bbox 1490 1849 1580 1921; x_wconf 88' lang='lat' dir='ltr'><strong>qui</strong></span> <span class='ocrx_word' id='word_1_227' title='bbox 1600 1849 1876 1920; x_wconf 88' lang='lat' dir='ltr'><strong>sapientes</strong></span> <span class='ocrx_word' id='word_1_228' title='bbox 1893 1864 2013 1904; x_wconf 87' lang='lat' dir='ltr'><strong>corn</strong></span> 
     </span>
    </p>
   </div>
   <div class='ocr_carea' id='block_1_33' title="bbox 2176 1845 3726 1922">
    <p class='ocr_par' dir='ltr' id='par_1_33' title="bbox 2176 1845 3726 1920">
     <span class='ocr_line' id='line_1_33' title="bbox 2176 1845 3726 1920; baseline 0.004 -20"><span class='ocrx_word' id='word_1_229' title='bbox 2176 1845 2416 1914; x_wconf 73' lang='grc' dir='ltr'>ιανουήλ</span> <span class='ocrx_word' id='word_1_230' title='bbox 2443 1864 2457 1878; x_wconf 89' lang='grc'><strong>·</strong></span> <span class='ocrx_word' id='word_1_231' title='bbox 2491 1847 2525 1901; x_wconf 82' lang='grc' dir='ltr'><strong><em>ὅ</em></strong></span> <span class='ocrx_word' id='word_1_232' title='bbox 2569 1847 2702 1902; x_wconf 82' lang='grc' dir='ltr'>ἐστι</span> <span class='ocrx_word' id='word_1_233' title='bbox 2729 1850 3340 1920; x_wconf 76' lang='grc' dir='ltr'>μεθερμηνευόμενον,</span> <span class='ocrx_word' id='word_1_234' title='bbox 3387 1852 3528 1905; x_wconf 81' lang='grc' dir='ltr'>Μεθ’</span> <span class='ocrx_word' id='word_1_235' title='bbox 3552 1851 3726 1920; x_wconf 70' lang='grc' dir='ltr'><strong>ἡμῶν</strong></span> 
     </span>
    </p>
   </div>
   <div class='ocr_carea' id='block_1_34' title="bbox 461 1937 2011 2016">
    <p class='ocr_par' dir='ltr' id='par_1_34' title="bbox 461 1939 2011 2016">
     <span class='ocr_line' id='line_1_34' title="bbox 461 1939 2011 2016; baseline -0.003 -18"><span class='ocrx_word' id='word_1_236' title='bbox 461 1945 759 2016; x_wconf 86' lang='lat' dir='ltr'><strong>prehendit</strong></span> <span class='ocrx_word' id='word_1_237' title='bbox 791 1945 846 1998; x_wconf 91' lang='lat' dir='ltr'><strong>in</strong></span> <span class='ocrx_word' id='word_1_238' title='bbox 879 1943 1085 1998; x_wconf 88' lang='lat' dir='ltr'><strong>astutia</strong></span> <span class='ocrx_word' id='word_1_239' title='bbox 1121 1943 1368 2012; x_wconf 89' lang='lat' dir='ltr'><strong>ipsorum</strong></span> <span class='ocrx_word' id='word_1_240' title='bbox 1393 1942 1464 2006; x_wconf 76' lang='grc' dir='ltr'><strong>τ’,</strong></span> <span class='ocrx_word' id='word_1_241' title='bbox 1527 1956 1652 1996; x_wconf 83' lang='grc' dir='ltr'>ευιιι</span> <span class='ocrx_word' id='word_1_242' title='bbox 1688 1939 1902 1994; x_wconf 79' lang='lat' dir='ltr'><strong>falleret</strong></span> <span class='ocrx_word' id='word_1_243' title='bbox 1943 1955 2011 2009; x_wconf 87' lang='lat' dir='ltr'><strong>qu</strong></span> 
     </span>
    </p>
   </div>
   <div class='ocr_carea' id='block_1_35' title="bbox 2173 1937 3723 2016">
    <p class='ocr_par' dir='ltr' id='par_1_35' title="bbox 2173 1937 3723 2014">
     <span class='ocr_line' id='line_1_35' title="bbox 2173 1937 3723 2014; baseline 0.003 -23"><span class='ocrx_word' id='word_1_244' title='bbox 2173 1941 2178 1985; x_wconf 60' lang='grc' dir='ltr'><em>ὸ</em></span> <span class='ocrx_word' id='word_1_245' title='bbox 2210 1938 2384 2004; x_wconf 84' lang='grc' dir='ltr'>Θεός·</span> <span class='ocrx_word' id='word_1_246' title='bbox 2415 1937 2491 2002; x_wconf 87' lang='grc' dir='ltr'><strong>ὡς</strong></span> <span class='ocrx_word' id='word_1_247' title='bbox 2518 1937 2588 1992; x_wconf 75' lang='grc' dir='ltr'>ἂν</span> <span class='ocrx_word' id='word_1_248' title='bbox 2609 1937 2838 2010; x_wconf 79' lang='grc' dir='ltr'><strong>δελεάσῃ</strong></span> <span class='ocrx_word' id='word_1_249' title='bbox 2884 1940 2974 1993; x_wconf 81' lang='grc' dir='ltr'>τὸν</span> <span class='ocrx_word' id='word_1_250' title='bbox 3004 1941 3062 1994; x_wconf 82' lang='grc' dir='ltr'>ὲν</span> <span class='ocrx_word' id='word_1_251' title='bbox 3099 1939 3262 2011; x_wconf 78' lang='grc' dir='ltr'>σοφίᾳ</span> <span class='ocrx_word' id='word_1_252' title='bbox 3296 1940 3385 1994; x_wconf 75' lang='grc' dir='ltr'><strong>ἀεὶ</strong></span> <span class='ocrx_word' id='word_1_253' title='bbox 3415 1941 3723 2014; x_wconf 78' lang='grc' dir='ltr'>ἁδρυνόμε-</span> 
     </span>
    </p>
   </div>
   <div class='ocr_carea' id='block_1_36' title="bbox 461 2027 2011 2110">
    <p class='ocr_par' dir='ltr' id='par_1_36' title="bbox 461 2030 2006 2110">
     <span class='ocr_line' id='line_1_36' title="bbox 461 2030 2006 2110; baseline -0.006 -16"><span class='ocrx_word' id='word_1_254' title='bbox 461 2038 749 2110; x_wconf 72' lang='lat' dir='ltr'><strong>sapientia:</strong></span> <span class='ocrx_word' id='word_1_255' title='bbox 769 2035 994 2090; x_wconf 87' lang='lat' dir='ltr'><strong>nomine</strong></span> <span class='ocrx_word' id='word_1_256' title='bbox 1023 2047 1240 2103; x_wconf 86' lang='lat' dir='ltr'><strong>semper</strong></span> <span class='ocrx_word' id='word_1_257' title='bbox 1261 2033 1555 2104; x_wconf 76' lang='lat' dir='ltr'><strong>gloriatur,</strong></span> <span class='ocrx_word' id='word_1_258' title='bbox 1593 2031 1775 2101; x_wconf 89' lang='lat' dir='ltr'><strong>puella</strong></span> <span class='ocrx_word' id='word_1_259' title='bbox 1805 2030 2006 2102; x_wconf 84' lang='lat' dir='ltr'><strong>Joseph</strong></span> 
     </span>
    </p>
   </div>
   <div class='ocr_carea' id='block_1_37' title="bbox 2176 2027 3726 2110">
    <p class='ocr_par' dir='ltr' id='par_1_37' title="bbox 2176 2027 3726 2104">
     <span class='ocr_line' id='line_1_37' title="bbox 2176 2027 3726 2104; baseline 0.003 -24"><span class='ocrx_word' id='word_1_260' title='bbox 2176 2045 2255 2092; x_wconf 89' lang='grc' dir='ltr'><strong>ον,</strong></span> <span class='ocrx_word' id='word_1_261' title='bbox 2289 2029 2318 2081; x_wconf 79' lang='grc' dir='ltr'><strong>ό</strong></span> <span class='ocrx_word' id='word_1_262' title='bbox 2348 2027 2722 2100; x_wconf 86' lang='grc' dir='ltr'>δρασσόμενος</span> <span class='ocrx_word' id='word_1_263' title='bbox 2773 2031 2900 2094; x_wconf 81' lang='grc' dir='ltr'>τοὺς</span> <span class='ocrx_word' id='word_1_264' title='bbox 2937 2029 3137 2101; x_wconf 77' lang='grc' dir='ltr'>σοφοὺς</span> <span class='ocrx_word' id='word_1_265' title='bbox 3183 2031 3244 2084; x_wconf 80' lang='grc' dir='ltr'>ὲν</span> <span class='ocrx_word' id='word_1_266' title='bbox 3291 2033 3359 2102; x_wconf 70' lang='grc' dir='ltr'><strong>τῇ</strong></span> <span class='ocrx_word' id='word_1_267' title='bbox 3415 2033 3726 2104; x_wconf 72' lang='grc' dir='ltr'>πανουργίᾳ</span> 
     </span>
    </p>
   </div>
   <div class='ocr_carea' id='block_1_38' title="bbox 459 2115 2009 2196">
    <p class='ocr_par' dir='ltr' id='par_1_38' title="bbox 459 2119 2009 2196">
     <span class='ocr_line' id='line_1_38' title="bbox 459 2119 2009 2196; baseline -0.007 -13"><span class='ocrx_word' id='word_1_268' title='bbox 459 2127 851 2196; x_wconf 85' lang='lat' dir='ltr'><strong>desponsatur,</strong></span> <span class='ocrx_word' id='word_1_269' title='bbox 881 2137 1055 2179; x_wconf 87' lang='lat' dir='ltr'><strong>novus</strong></span> <span class='ocrx_word' id='word_1_270' title='bbox 1087 2123 1304 2179; x_wconf 88' lang='lat' dir='ltr'><strong>scilicet</strong></span> <span class='ocrx_word' id='word_1_271' title='bbox 1330 2133 1510 2177; x_wconf 91' lang='lat' dir='ltr'><strong>tomus</strong></span> <span class='ocrx_word' id='word_1_272' title='bbox 1529 2120 1730 2176; x_wconf 88' lang='lat' dir='ltr'><strong>scienti</strong></span> <span class='ocrx_word' id='word_1_273' title='bbox 1753 2119 1919 2192; x_wconf 76' lang='lat'><strong>276</strong></span> <span class='ocrx_word' id='word_1_274' title='bbox 1951 2120 2009 2173; x_wconf 91' lang='lat' dir='ltr'><strong>lit</strong></span> 
     </span>
    </p>
   </div>
   <div class='ocr_carea' id='block_1_39' title="bbox 2178 2115 3728 2196">
    <p class='ocr_par' dir='ltr' id='par_1_39' title="bbox 2183 2115 3728 2191">
     <span class='ocr_line' id='line_1_39' title="bbox 2183 2115 3728 2191; baseline 0.005 -22"><span class='ocrx_word' id='word_1_275' title='bbox 2183 2115 2344 2182; x_wconf 86' lang='grc' dir='ltr'>ὐτῶν,</span> <span class='ocrx_word' id='word_1_276' title='bbox 2372 2115 2507 2187; x_wconf 82' lang='grc' dir='ltr'>πρὸς</span> <span class='ocrx_word' id='word_1_277' title='bbox 2537 2117 2887 2190; x_wconf 82' lang='grc' dir='ltr'>μνηστείανή</span> <span class='ocrx_word' id='word_1_278' title='bbox 2919 2120 3102 2184; x_wconf 76' lang='grc' dir='ltr'>νεᾶνις</span> <span class='ocrx_word' id='word_1_279' title='bbox 3133 2117 3212 2190; x_wconf 82' lang='grc' dir='ltr'><strong>τῷ</strong></span> <span class='ocrx_word' id='word_1_280' title='bbox 3253 2120 3454 2191; x_wconf 75' lang='grc' dir='ltr'>Ἰωσὴφ</span> <span class='ocrx_word' id='word_1_281' title='bbox 3481 2121 3590 2175; x_wconf 80' lang='grc' dir='ltr'>ὑπὸ</span> <span class='ocrx_word' id='word_1_282' title='bbox 3615 2123 3728 2176; x_wconf 82' lang='grc' dir='ltr'><strong>τῶν</strong></span> 
     </span>
    </p>
   </div>
   <div class='ocr_carea' id='block_1_40' title="bbox 461 2206 2011 2286">
    <p class='ocr_par' dir='ltr' id='par_1_40' title="bbox 461 2211 2011 2286">
     <span class='ocr_line' id='line_1_40' title="bbox 461 2211 2011 2286; baseline -0.004 -14"><span class='ocrx_word' id='word_1_283' title='bbox 461 2226 612 2274; x_wconf 92' lang='lat' dir='ltr'><strong>teras</strong></span> <span class='ocrx_word' id='word_1_284' title='bbox 634 2218 702 2272; x_wconf 80' lang='grc'><strong>⁷⁸.</strong></span> <span class='ocrx_word' id='word_1_285' title='bbox 719 2215 834 2271; x_wconf 80' lang='lat' dir='ltr'><strong>Hac</strong></span> <span class='ocrx_word' id='word_1_286' title='bbox 852 2230 1017 2286; x_wconf 89' lang='lat' dir='ltr'><strong>porro</strong></span> <span class='ocrx_word' id='word_1_287' title='bbox 1041 2214 1429 2286; x_wconf 89' lang='lat' dir='ltr'><strong>desponsatio,</strong></span> <span class='ocrx_word' id='word_1_288' title='bbox 1451 2223 1506 2269; x_wconf 91' lang='lat' dir='ltr'><strong>et</strong></span> <span class='ocrx_word' id='word_1_289' title='bbox 1531 2212 1742 2283; x_wconf 81' lang='lat' dir='ltr'><strong>Virgini</strong></span> <span class='ocrx_word' id='word_1_290' title='bbox 1767 2211 2011 2268; x_wconf 88' lang='lat' dir='ltr'><strong>custodia</strong></span> 
     </span>
    </p>
   </div>
   <div class='ocr_carea' id='block_1_41' title="bbox 2178 2206 3728 2286">
    <p class='ocr_par' dir='ltr' id='par_1_41' title="bbox 2178 2206 3728 2282">
     <span class='ocr_line' id='line_1_41' title="bbox 2178 2206 3728 2282; baseline 0.003 -21"><span class='ocrx_word' id='word_1_291' title='bbox 2178 2207 2342 2278; x_wconf 79' lang='grc' dir='ltr'>ερέων</span> <span class='ocrx_word' id='word_1_292' title='bbox 2397 2206 2666 2262; x_wconf 70' lang='grc' dir='ltr'>ἐκδίδοται</span> <span class='ocrx_word' id='word_1_293' title='bbox 2706 2207 2734 2260; x_wconf 86' lang='grc' dir='ltr'><strong>ὁ</strong></span> <span class='ocrx_word' id='word_1_294' title='bbox 2761 2207 2948 2272; x_wconf 76' lang='grc' dir='ltr'>καινὸς</span> <span class='ocrx_word' id='word_1_295' title='bbox 2974 2209 3162 2280; x_wconf 83' lang='grc' dir='ltr'>τόμος,</span> <span class='ocrx_word' id='word_1_296' title='bbox 3200 2209 3280 2281; x_wconf 86' lang='grc' dir='ltr'><strong>τῷ</strong></span> <span class='ocrx_word' id='word_1_297' title='bbox 3311 2209 3620 2282; x_wconf 84' lang='grc' dir='ltr'>γράμματα</span> <span class='ocrx_word' id='word_1_298' title='bbox 3651 2214 3728 2266; x_wconf 86' lang='grc' dir='ltr'>εί-</span> 
     </span>
    </p>
   </div>
   <div class='ocr_carea' id='block_1_42' title="bbox 459 2299 2009 2380">
    <p class='ocr_par' dir='ltr' id='par_1_42' title="bbox 459 2303 2009 2380">
     <span class='ocr_line' id='line_1_42' title="bbox 459 2303 2009 2380; baseline -0.006 -13"><span class='ocrx_word' id='word_1_299' title='bbox 459 2318 516 2368; x_wconf 86' lang='grc' dir='ltr'><strong>ει</strong></span> <span class='ocrx_word' id='word_1_300' title='bbox 539 2309 588 2364; x_wconf 89' lang='lat' dir='ltr'><strong>ei</strong></span> <span class='ocrx_word' id='word_1_301' title='bbox 620 2309 715 2380; x_wconf 88' lang='lat' dir='ltr'><strong>qui</strong></span> <span class='ocrx_word' id='word_1_302' title='bbox 746 2307 984 2378; x_wconf 75' lang='lat' dir='ltr'><strong>virgines</strong></span> <span class='ocrx_word' id='word_1_303' title='bbox 1018 2305 1376 2366; x_wconf 87' lang='lat' dir='ltr'><strong>observabat,</strong></span> <span class='ocrx_word' id='word_1_304' title='bbox 1418 2303 1672 2374; x_wconf 87' lang='lat' dir='ltr'><strong>deceptio</strong></span> <span class='ocrx_word' id='word_1_305' title='bbox 1703 2303 1826 2357; x_wconf 78' lang='lat' dir='ltr'><strong>fuit.</strong></span> <span class='ocrx_word' id='word_1_306' title='bbox 1855 2303 1922 2357; x_wconf 82' lang='lat' dir='ltr'><strong>At</strong></span> <span class='ocrx_word' id='word_1_307' title='bbox 1949 2303 2009 2358; x_wconf 91' lang='lat' dir='ltr'><strong>ul</strong></span> 
     </span>
    </p>
   </div>
   <div class='ocr_carea' id='block_1_43' title="bbox 2177 2299 3727 2380">
    <p class='ocr_par' dir='ltr' id='par_1_43' title="bbox 2177 2299 3727 2375">
     <span class='ocr_line' id='line_1_43' title="bbox 2177 2299 3727 2375; baseline 0.003 -22"><span class='ocrx_word' id='word_1_308' title='bbox 2177 2301 2257 2354; x_wconf 89' lang='grc' dir='ltr'><strong>ότι</strong></span> <span class='ocrx_word' id='word_1_309' title='bbox 2282 2317 2297 2332; x_wconf 77' lang='grc' dir='ltr'><strong>ο</strong></span> <span class='ocrx_word' id='word_1_310' title='bbox 2327 2301 2362 2370; x_wconf 80' lang='grc' dir='ltr'>ἡ</span> <span class='ocrx_word' id='word_1_311' title='bbox 2392 2299 2450 2354; x_wconf 81' lang='grc' dir='ltr'>δὲ</span> <span class='ocrx_word' id='word_1_312' title='bbox 2482 2299 2775 2371; x_wconf 83' lang='grc' dir='ltr'>μνηστεία,</span> <span class='ocrx_word' id='word_1_313' title='bbox 2815 2301 3032 2373; x_wconf 85' lang='grc' dir='ltr'>φυλακή</span> <span class='ocrx_word' id='word_1_314' title='bbox 3081 2318 3142 2355; x_wconf 89' lang='grc' dir='ltr'><strong>τε</strong></span> <span class='ocrx_word' id='word_1_315' title='bbox 3173 2303 3275 2374; x_wconf 80' lang='grc' dir='ltr'>τῆς</span> <span class='ocrx_word' id='word_1_316' title='bbox 3305 2303 3588 2375; x_wconf 84' lang='grc' dir='ltr'>Παρθένου</span> <span class='ocrx_word' id='word_1_317' title='bbox 3619 2304 3727 2358; x_wconf 77' lang='grc' dir='ltr'><strong>ὕπο</strong></span> 
     </span>
    </p>
   </div>
   <div class='ocr_carea' id='block_1_44' title="bbox 459 2390 2009 2469">
    <p class='ocr_par' dir='ltr' id='par_1_44' title="bbox 459 2392 2009 2469">
     <span class='ocr_line' id='line_1_44' title="bbox 459 2392 2009 2469; baseline -0.005 -14"><span class='ocrx_word' id='word_1_318' title='bbox 459 2400 614 2455; x_wconf 88' lang='lat' dir='ltr'><strong>veuit</strong></span> <span class='ocrx_word' id='word_1_319' title='bbox 642 2395 930 2469; x_wconf 89' lang='lat' dir='ltr'><strong>plenitudo</strong></span> <span class='ocrx_word' id='word_1_320' title='bbox 965 2395 1252 2466; x_wconf 87' lang='lat' dir='ltr'><strong>temporis,</strong></span> <span class='ocrx_word' id='word_1_321' title='bbox 1311 2393 1539 2465; x_wconf 74' lang='lat' dir='ltr'><strong>angelus</strong></span> <span class='ocrx_word' id='word_1_322' title='bbox 1587 2392 1804 2449; x_wconf 87' lang='lat' dir='ltr'><strong>Domini</strong></span> <span class='ocrx_word' id='word_1_323' title='bbox 1839 2393 2009 2450; x_wconf 89' lang='lat' dir='ltr'><strong>missu</strong></span> 
     </span>
    </p>
   </div>
   <div class='ocr_carea' id='block_1_45' title="bbox 2176 2390 3726 2469">
    <p class='ocr_par' dir='ltr' id='par_1_45' title="bbox 2176 2390 3726 2466">
     <span class='ocr_line' id='line_1_45' title="bbox 2176 2390 3726 2466; baseline 0.004 -22"><span class='ocrx_word' id='word_1_324' title='bbox 2176 2408 2318 2463; x_wconf 28' lang='lat' dir='ltr'><strong>laxa,</strong></span> <span class='ocrx_word' id='word_1_325' title='bbox 2353 2390 2449 2446; x_wconf 74' lang='lat' dir='ltr'><strong>xui.</strong></span> <span class='ocrx_word' id='word_1_326' title='bbox 2495 2390 2593 2446; x_wconf 89' lang='grc' dir='ltr'><strong>τοῦ</strong></span> <span class='ocrx_word' id='word_1_327' title='bbox 2637 2392 2739 2456; x_wconf 83' lang='grc' dir='ltr'><strong>τὰς</strong></span> <span class='ocrx_word' id='word_1_328' title='bbox 2791 2391 3101 2463; x_wconf 82' lang='grc' dir='ltr'>παρθένους</span> <span class='ocrx_word' id='word_1_329' title='bbox 3149 2394 3538 2466; x_wconf 83' lang='grc' dir='ltr'>ὲπιτηροῦντος</span> <span class='ocrx_word' id='word_1_330' title='bbox 3584 2398 3726 2452; x_wconf 78' lang='grc' dir='ltr'>ἁπο-</span> 
     </span>
    </p>
   </div>
   <div class='ocr_carea' id='block_1_46' title="bbox 461 2478 2011 2559">
    <p class='ocr_par' dir='ltr' id='par_1_46' title="bbox 461 2486 2011 2559">
     <span class='ocr_line' id='line_1_46' title="bbox 461 2486 2011 2559; baseline -0.001 -14"><span class='ocrx_word' id='word_1_331' title='bbox 461 2493 531 2548; x_wconf 79' lang='lat' dir='ltr'><strong>ad</strong></span> <span class='ocrx_word' id='word_1_332' title='bbox 564 2506 682 2548; x_wconf 85' lang='lat' dir='ltr'><strong>eam</strong></span> <span class='ocrx_word' id='word_1_333' title='bbox 713 2490 841 2554; x_wconf 82' lang='lat' dir='ltr'><strong>luit,</strong></span> <span class='ocrx_word' id='word_1_334' title='bbox 875 2487 1094 2545; x_wconf 85' lang='lat' dir='ltr'><strong>Domini</strong></span> <span class='ocrx_word' id='word_1_335' title='bbox 1124 2487 1554 2559; x_wconf 87' lang='lat' dir='ltr'><strong>conceptionem</strong></span> <span class='ocrx_word' id='word_1_336' title='bbox 1590 2486 2011 2544; x_wconf 83' lang='lat' dir='ltr'><strong>annuntiaturus</strong></span> 
     </span>
    </p>
   </div>
   <div class='ocr_carea' id='block_1_47' title="bbox 2173 2478 3723 2559">
    <p class='ocr_par' dir='ltr' id='par_1_47' title="bbox 2173 2478 3723 2559">
     <span class='ocr_line' id='line_1_47' title="bbox 2173 2478 3723 2559; baseline 0.006 -24"><span class='ocrx_word' id='word_1_337' title='bbox 2173 2481 2480 2555; x_wconf 76' lang='grc' dir='ltr'>ἰουκόλημα.</span> <span class='ocrx_word' id='word_1_338' title='bbox 2515 2481 2646 2536; x_wconf 86' lang='grc' dir='ltr'>Ὅτε</span> <span class='ocrx_word' id='word_1_339' title='bbox 2689 2481 2746 2536; x_wconf 83' lang='grc' dir='ltr'>δὲ</span> <span class='ocrx_word' id='word_1_340' title='bbox 2792 2478 2926 2554; x_wconf 72' lang='grc' dir='ltr'>ἦλθε</span> <span class='ocrx_word' id='word_1_341' title='bbox 2977 2483 3038 2537; x_wconf 81' lang='grc' dir='ltr'>τὸ</span> <span class='ocrx_word' id='word_1_342' title='bbox 3071 2483 3345 2556; x_wconf 84' lang='grc' dir='ltr'>πλήρωμα</span> <span class='ocrx_word' id='word_1_343' title='bbox 3383 2485 3477 2540; x_wconf 89' lang='grc' dir='ltr'><strong>τοῦ</strong></span> <span class='ocrx_word' id='word_1_344' title='bbox 3501 2489 3723 2559; x_wconf 83' lang='grc' dir='ltr'>χρόνου.</span> 
     </span>
    </p>
   </div>
   <div class='ocr_carea' id='block_1_48' title="bbox 459 2571 2009 2652">
    <p class='ocr_par' dir='ltr' id='par_1_48' title="bbox 459 2581 2009 2652">
     <span class='ocr_line' id='line_1_48' title="bbox 459 2581 2009 2652; baseline -0.001 -12"><span class='ocrx_word' id='word_1_345' title='bbox 459 2585 828 2652; x_wconf 86' lang='lat' dir='ltr'><strong>Quamobrem</strong></span> <span class='ocrx_word' id='word_1_346' title='bbox 863 2583 959 2639; x_wconf 87' lang='lat' dir='ltr'><strong>Dei</strong></span> <span class='ocrx_word' id='word_1_347' title='bbox 997 2581 1224 2649; x_wconf 88' lang='lat' dir='ltr'><strong>Filium,</strong></span> <span class='ocrx_word' id='word_1_348' title='bbox 1289 2597 1473 2638; x_wconf 85' lang='lat' dir='ltr'><strong>veram</strong></span> <span class='ocrx_word' id='word_1_349' title='bbox 1531 2581 1680 2636; x_wconf 83' lang='lat' dir='ltr'><strong>illam</strong></span> <span class='ocrx_word' id='word_1_350' title='bbox 1736 2581 2009 2638; x_wconf 77' lang='lat' dir='ltr'><strong>subsistet:</strong></span> 
     </span>
    </p>
   </div>
   <div class='ocr_carea' id='block_1_49' title="bbox 2173 2571 3723 2652">
    <p class='ocr_par' dir='ltr' id='par_1_49' title="bbox 2173 2571 3723 2651">
     <span class='ocr_line' id='line_1_49' title="bbox 2173 2571 3723 2651; baseline 0.005 -25"><span class='ocrx_word' id='word_1_351' title='bbox 2173 2573 2425 2643; x_wconf 76' lang='grc' dir='ltr'>επεστάλη</span> <span class='ocrx_word' id='word_1_352' title='bbox 2458 2571 2689 2642; x_wconf 80' lang='grc' dir='ltr'>ἄγγελος</span> <span class='ocrx_word' id='word_1_353' title='bbox 2721 2573 2932 2646; x_wconf 81' lang='grc' dir='ltr'>Κυρίου</span> <span class='ocrx_word' id='word_1_354' title='bbox 2969 2575 3105 2648; x_wconf 76' lang='grc' dir='ltr'>πρὸς</span> <span class='ocrx_word' id='word_1_355' title='bbox 3144 2576 3336 2648; x_wconf 79' lang='grc' dir='ltr'>αὐτὴν,</span> <span class='ocrx_word' id='word_1_356' title='bbox 3357 2578 3459 2651; x_wconf 81' lang='grc' dir='ltr'>τὴν</span> <span class='ocrx_word' id='word_1_357' title='bbox 3481 2577 3578 2632; x_wconf 86' lang='grc' dir='ltr'><strong>τοῦ</strong></span> <span class='ocrx_word' id='word_1_358' title='bbox 3606 2580 3723 2634; x_wconf 79' lang='grc' dir='ltr'><strong>Κυ-</strong></span> 
     </span>
    </p>
   </div>
   <div class='ocr_carea' id='block_1_50' title="bbox 459 2663 2009 2748">
    <p class='ocr_par' dir='ltr' id='par_1_50' title="bbox 459 2674 2009 2748">
     <span class='ocr_line' id='line_1_50' title="bbox 459 2674 2009 2748; baseline -0.004 -14"><span class='ocrx_word' id='word_1_359' title='bbox 459 2686 681 2748; x_wconf 85' lang='lat' dir='ltr'><strong>temque</strong></span> <span class='ocrx_word' id='word_1_360' title='bbox 714 2675 896 2731; x_wconf 88' lang='lat' dir='ltr'><strong>Patris</strong></span> <span class='ocrx_word' id='word_1_361' title='bbox 933 2676 1215 2741; x_wconf 88' lang='lat' dir='ltr'><strong>virtutem,</strong></span> <span class='ocrx_word' id='word_1_362' title='bbox 1267 2690 1371 2730; x_wconf 86' lang='lat' dir='ltr'><strong>non</strong></span> <span class='ocrx_word' id='word_1_363' title='bbox 1408 2689 1474 2729; x_wconf 75' lang='lat' dir='ltr'><strong>ea:</strong></span> <span class='ocrx_word' id='word_1_364' title='bbox 1520 2674 1791 2730; x_wconf 78' lang='lat' dir='ltr'><strong>voluntate</strong></span> <span class='ocrx_word' id='word_1_365' title='bbox 1840 2674 2009 2729; x_wconf 67' lang='lat' dir='ltr'><strong>carni:</strong></span> 
     </span>
    </p>
   </div>
   <div class='ocr_carea' id='block_1_51' title="bbox 2174 2663 3724 2748">
    <p class='ocr_par' dir='ltr' id='par_1_51' title="bbox 2174 2663 3724 2741">
     <span class='ocr_line' id='line_1_51' title="bbox 2174 2663 3724 2741; baseline 0.007 -29"><span class='ocrx_word' id='word_1_366' title='bbox 2174 2664 2262 2718; x_wconf 76' lang='lat' dir='ltr'><strong>.iou</strong></span> <span class='ocrx_word' id='word_1_367' title='bbox 2284 2663 2781 2735; x_wconf 78' lang='grc' dir='ltr'>εὐαγγελιζόμενος</span> <span class='ocrx_word' id='word_1_368' title='bbox 2816 2665 3078 2736; x_wconf 71' lang='grc' dir='ltr'>σύλληψιν</span> <span class='ocrx_word' id='word_1_369' title='bbox 3102 2682 3117 2698; x_wconf 88' lang='grc'><strong>·</strong></span> <span class='ocrx_word' id='word_1_370' title='bbox 3141 2666 3316 2730; x_wconf 76' lang='grc' dir='ltr'>οὕτως</span> <span class='ocrx_word' id='word_1_371' title='bbox 3344 2685 3405 2722; x_wconf 88' lang='grc' dir='ltr'><strong>τε</strong></span> <span class='ocrx_word' id='word_1_372' title='bbox 3430 2669 3724 2741; x_wconf 71' lang='grc' dir='ltr'>συνείληφε</span> 
     </span>
    </p>
   </div>
   <div class='ocr_carea' id='block_1_52' title="bbox 461 2753 2011 2838">
    <p class='ocr_par' dir='ltr' id='par_1_52' title="bbox 461 2765 2011 2838">
     <span class='ocr_line' id='line_1_52' title="bbox 461 2765 2011 2838; baseline 0 -16"><span class='ocrx_word' id='word_1_373' title='bbox 461 2782 636 2822; x_wconf 80' lang='lat' dir='ltr'><strong>necea:</strong></span> <span class='ocrx_word' id='word_1_374' title='bbox 664 2765 929 2822; x_wconf 79' lang='lat' dir='ltr'><strong>voluntate</strong></span> <span class='ocrx_word' id='word_1_375' title='bbox 951 2765 1050 2820; x_wconf 77' lang='lat' dir='ltr'><strong>viri</strong></span> <span class='ocrx_word' id='word_1_376' title='bbox 1081 2765 1150 2832; x_wconf 72' lang='grc'><strong>⁷⁵,</strong></span> <span class='ocrx_word' id='word_1_377' title='bbox 1182 2767 1287 2820; x_wconf 85' lang='lat' dir='ltr'><strong>hoc</strong></span> <span class='ocrx_word' id='word_1_378' title='bbox 1312 2774 1396 2821; x_wconf 87' lang='lat' dir='ltr'><strong>est</strong></span> <span class='ocrx_word' id='word_1_379' title='bbox 1427 2781 1538 2820; x_wconf 91' lang='lat' dir='ltr'><strong>non</strong></span> <span class='ocrx_word' id='word_1_380' title='bbox 1567 2779 1635 2820; x_wconf 77' lang='lat' dir='ltr'><strong>ex</strong></span> <span class='ocrx_word' id='word_1_381' title='bbox 1667 2780 1968 2838; x_wconf 77' lang='lat' dir='ltr'><strong>congressu</strong></span> <span class='ocrx_word' id='word_1_382' title='bbox 1989 2781 2011 2822; x_wconf 84' lang='grc' dir='ltr'><strong>ε</strong></span> 
     </span>
    </p>
   </div>
   <div class='ocr_carea' id='block_1_53' title="bbox 2173 2753 3723 2838">
    <p class='ocr_par' dir='ltr' id='par_1_53' title="bbox 2173 2753 3723 2829">
     <span class='ocr_line' id='line_1_53' title="bbox 2173 2753 3723 2829; baseline 0.006 -21"><span class='ocrx_word' id='word_1_383' title='bbox 2173 2755 2233 2808; x_wconf 79' lang='grc' dir='ltr'><strong>ὺν</strong></span> <span class='ocrx_word' id='word_1_384' title='bbox 2274 2755 2404 2810; x_wconf 84' lang='grc' dir='ltr'>Υίδν</span> <span class='ocrx_word' id='word_1_385' title='bbox 2445 2753 2541 2810; x_wconf 89' lang='grc' dir='ltr'><strong>τοῦ</strong></span> <span class='ocrx_word' id='word_1_386' title='bbox 2571 2755 2764 2822; x_wconf 83' lang='grc' dir='ltr'>Θεοῦ,</span> <span class='ocrx_word' id='word_1_387' title='bbox 2803 2755 2900 2828; x_wconf 81' lang='grc' dir='ltr'><strong>τήν</strong></span> <span class='ocrx_word' id='word_1_388' title='bbox 2944 2756 3040 2812; x_wconf 88' lang='grc' dir='ltr'><strong>τοῦ</strong></span> <span class='ocrx_word' id='word_1_389' title='bbox 3090 2759 3306 2829; x_wconf 84' lang='grc' dir='ltr'>Πατρδς</span> <span class='ocrx_word' id='word_1_390' title='bbox 3353 2760 3723 2817; x_wconf 80' lang='grc' dir='ltr'>ἐνυπόστατον</span> 
     </span>
    </p>
   </div>
   <div class='ocr_carea' id='block_1_54' title="bbox 463 2847 2013 2928">
    <p class='ocr_par' dir='ltr' id='par_1_54' title="bbox 463 2855 2013 2928">
     <span class='ocr_line' id='line_1_54' title="bbox 463 2855 2013 2928; baseline -0.003 -13"><span class='ocrx_word' id='word_1_391' title='bbox 463 2861 711 2928; x_wconf 87' lang='lat' dir='ltr'><strong>semine,</strong></span> <span class='ocrx_word' id='word_1_392' title='bbox 749 2859 847 2915; x_wconf 85' lang='lat' dir='ltr'><strong>sed</strong></span> <span class='ocrx_word' id='word_1_393' title='bbox 883 2873 952 2912; x_wconf 77' lang='lat' dir='ltr'><strong>ex</strong></span> <span class='ocrx_word' id='word_1_394' title='bbox 992 2856 1227 2928; x_wconf 75' lang='lat' dir='ltr'><strong>benigna</strong></span> <span class='ocrx_word' id='word_1_395' title='bbox 1269 2855 1449 2913; x_wconf 84' lang='lat' dir='ltr'><strong>Patris</strong></span> <span class='ocrx_word' id='word_1_396' title='bbox 1501 2856 1798 2922; x_wconf 82' lang='lat' dir='ltr'><strong>voluntate,</strong></span> <span class='ocrx_word' id='word_1_397' title='bbox 1833 2855 2013 2928; x_wconf 73' lang='lat' dir='ltr'><strong>Spiritl</strong></span> 
     </span>
    </p>
   </div>
   <div class='ocr_carea' id='block_1_55' title="bbox 2175 2847 3725 2928">
    <p class='ocr_par' dir='ltr' id='par_1_55' title="bbox 2175 2847 3725 2925">
     <span class='ocr_line' id='line_1_55' title="bbox 2175 2847 3725 2925; baseline 0.003 -23"><span class='ocrx_word' id='word_1_398' title='bbox 2175 2847 2390 2919; x_wconf 81' lang='grc' dir='ltr'>ύναμιν,</span> <span class='ocrx_word' id='word_1_399' title='bbox 2421 2847 2522 2902; x_wconf 78' lang='grc' dir='ltr'>οὐκ</span> <span class='ocrx_word' id='word_1_400' title='bbox 2565 2849 2633 2902; x_wconf 79' lang='grc' dir='ltr'>ἐκ</span> <span class='ocrx_word' id='word_1_401' title='bbox 2659 2847 2965 2919; x_wconf 81' lang='grc' dir='ltr'>θελήματος</span> <span class='ocrx_word' id='word_1_402' title='bbox 2991 2850 3216 2920; x_wconf 83' lang='grc' dir='ltr'>σαρκὸς,</span> <span class='ocrx_word' id='word_1_403' title='bbox 3239 2851 3360 2905; x_wconf 76' lang='grc' dir='ltr'>οὐδὲ</span> <span class='ocrx_word' id='word_1_404' title='bbox 3390 2854 3453 2906; x_wconf 85' lang='grc' dir='ltr'>ὲκ</span> <span class='ocrx_word' id='word_1_405' title='bbox 3483 2851 3725 2925; x_wconf 84' lang='grc' dir='ltr'>θελήμα-</span> 
     </span>
    </p>
   </div>
   <div class='ocr_carea' id='block_1_56' title="bbox 462 2939 2012 3020">
    <p class='ocr_par' dir='ltr' id='par_1_56' title="bbox 462 2943 2012 3020">
     <span class='ocr_line' id='line_1_56' title="bbox 462 2943 2012 3020; baseline 0 -14"><span class='ocrx_word' id='word_1_406' title='bbox 462 2964 654 3006; x_wconf 88' lang='lat' dir='ltr'><strong>sancto</strong></span> <span class='ocrx_word' id='word_1_407' title='bbox 709 2949 876 3008; x_wconf 88' lang='lat' dir='ltr'><strong>simul</strong></span> <span class='ocrx_word' id='word_1_408' title='bbox 932 2959 1196 3020; x_wconf 88' lang='lat' dir='ltr'><strong>operante</strong></span> <span class='ocrx_word' id='word_1_409' title='bbox 1252 2948 1527 3018; x_wconf 87' lang='lat' dir='ltr'><strong>concepit.</strong></span> <span class='ocrx_word' id='word_1_410' title='bbox 1584 2947 1700 3004; x_wconf 82' lang='lat' dir='ltr'><strong>Hoc</strong></span> <span class='ocrx_word' id='word_1_411' title='bbox 1762 2957 1924 3020; x_wconf 91' lang='lat' dir='ltr'><strong>pacto</strong></span> <span class='ocrx_word' id='word_1_412' title='bbox 1969 2943 2012 3006; x_wconf 12' lang='lat' dir='ltr'><strong>ie</strong></span> 
     </span>
    </p>
   </div>
   <div class='ocr_carea' id='block_1_57' title="bbox 2169 2939 3719 3020">
    <p class='ocr_par' dir='ltr' id='par_1_57' title="bbox 2169 2939 3719 3020">
     <span class='ocr_line' id='line_1_57' title="bbox 2169 2939 3719 3020; baseline 0.006 -28"><span class='ocrx_word' id='word_1_413' title='bbox 2169 2957 2233 3002; x_wconf 88' lang='grc' dir='ltr'><strong>ος</strong></span> <span class='ocrx_word' id='word_1_414' title='bbox 2263 2939 2475 3011; x_wconf 77' lang='grc' dir='ltr'>ἀνδρὸς,</span> <span class='ocrx_word' id='word_1_415' title='bbox 2495 2941 2616 3012; x_wconf 80' lang='grc' dir='ltr'>ήτοι</span> <span class='ocrx_word' id='word_1_416' title='bbox 2652 2942 2950 3012; x_wconf 82' lang='grc' dir='ltr'>συναφείας</span> <span class='ocrx_word' id='word_1_417' title='bbox 2988 2942 3085 2997; x_wconf 78' lang='grc' dir='ltr'>καὶ</span> <span class='ocrx_word' id='word_1_418' title='bbox 3117 2946 3326 3016; x_wconf 80' lang='grc' dir='ltr'>σπορᾶς</span> <span class='ocrx_word' id='word_1_419' title='bbox 3347 2987 3363 3012; x_wconf 89' lang='grc'><strong>,</strong></span> <span class='ocrx_word' id='word_1_420' title='bbox 3388 2945 3503 3000; x_wconf 81' lang='grc' dir='ltr'>ἀλλ’</span> <span class='ocrx_word' id='word_1_421' title='bbox 3530 2947 3597 3001; x_wconf 76' lang='grc' dir='ltr'>ἐκ</span> <span class='ocrx_word' id='word_1_422' title='bbox 3618 2947 3719 3020; x_wconf 74' lang='grc' dir='ltr'>τῆς</span> 
     </span>
    </p>
   </div>
   <div class='ocr_carea' id='block_1_58' title="bbox 462 3031 2012 3148">
    <p class='ocr_par' dir='ltr' id='par_1_58' title="bbox 462 3036 2012 3148">
     <span class='ocr_line' id='line_1_58' title="bbox 462 3036 2012 3108; baseline -0.002 -12"><span class='ocrx_word' id='word_1_423' title='bbox 462 3039 709 3096; x_wconf 80' lang='lat' dir='ltr'><strong>Creatori</strong></span> <span class='ocrx_word' id='word_1_424' title='bbox 768 3047 825 3093; x_wconf 91' lang='grc' dir='ltr'><strong>ιιι</strong></span> <span class='ocrx_word' id='word_1_425' title='bbox 876 3046 1173 3105; x_wconf 87' lang='lat' dir='ltr'><strong>crearetur,</strong></span> <span class='ocrx_word' id='word_1_426' title='bbox 1232 3044 1288 3093; x_wconf 89' lang='lat' dir='ltr'><strong>et</strong></span> <span class='ocrx_word' id='word_1_427' title='bbox 1343 3037 1519 3092; x_wconf 77' lang='lat' dir='ltr'><strong>ﬂeturi</strong></span> <span class='ocrx_word' id='word_1_428' title='bbox 1565 3043 1625 3091; x_wconf 91' lang='lat' dir='ltr'><strong>ut</strong></span> <span class='ocrx_word' id='word_1_429' title='bbox 1673 3036 2012 3108; x_wconf 78' lang='lat' dir='ltr'><strong>elIingeretur</strong></span> 
     </span>
     <span class='ocr_line' id='line_1_59' title="bbox 465 3126 2006 3148; baseline -0.002 3"><span class='ocrx_word' id='word_1_430' title='bbox 465 3131 505 3148; x_wconf 67' lang='grc' dir='ltr'>η</span> <span class='ocrx_word' id='word_1_431' title='bbox 543 3132 581 3148; x_wconf 62' lang='lat'><strong>.,</strong></span> <span class='ocrx_word' id='word_1_432' title='bbox 624 3146 661 3148; x_wconf 32' lang='grc' dir='ltr'>ν-</span> <span class='ocrx_word' id='word_1_433' title='bbox 905 3143 963 3148; x_wconf 39' lang='grc' dir='ltr'><strong>,Α</strong></span> <span class='ocrx_word' id='word_1_434' title='bbox 1003 3126 1106 3148; x_wconf 72' lang='grc' dir='ltr'>ιι--</span> <span class='ocrx_word' id='word_1_435' title='bbox 1260 3142 1320 3148; x_wconf 83' lang='lat'>__</span> <span class='ocrx_word' id='word_1_436' title='bbox 1371 3127 1520 3148; x_wconf 72' lang='lat'><strong>____._</strong></span> <span class='ocrx_word' id='word_1_437' title='bbox 1577 3136 1621 3148; x_wconf 81' lang='lat'><strong>_.</strong></span> <span class='ocrx_word' id='word_1_438' title='bbox 1675 3127 2006 3148; x_wconf 37' lang='lat'><strong>._-__----._..</strong></span> 
     </span>
    </p>
   </div>
   <div class='ocr_carea' id='block_1_59' title="bbox 2172 3031 3722 3148">
    <p class='ocr_par' dir='ltr' id='par_1_59' title="bbox 2175 3031 3722 3108">
     <span class='ocr_line' id='line_1_60' title="bbox 2175 3031 3722 3108; baseline 0.006 -22"><span class='ocrx_word' id='word_1_439' title='bbox 2175 3031 2237 3086; x_wconf 90' lang='grc' dir='ltr'><strong>οῦ</strong></span> <span class='ocrx_word' id='word_1_440' title='bbox 2265 3032 2476 3104; x_wconf 86' lang='grc' dir='ltr'>Πατρδς</span> <span class='ocrx_word' id='word_1_441' title='bbox 2511 3032 2759 3100; x_wconf 79' lang='grc' dir='ltr'>εὐδοκίας</span> <span class='ocrx_word' id='word_1_442' title='bbox 2784 3036 2880 3089; x_wconf 77' lang='grc' dir='ltr'>καὶ</span> <span class='ocrx_word' id='word_1_443' title='bbox 2908 3036 3199 3108; x_wconf 79' lang='grc' dir='ltr'>συνεργίας</span> <span class='ocrx_word' id='word_1_444' title='bbox 3230 3035 3323 3091; x_wconf 85' lang='grc' dir='ltr'><strong>τοῦ</strong></span> <span class='ocrx_word' id='word_1_445' title='bbox 3359 3038 3517 3107; x_wconf 81' lang='grc' dir='ltr'>ἁγίου</span> <span class='ocrx_word' id='word_1_446' title='bbox 3542 3040 3722 3094; x_wconf 79' lang='grc' dir='ltr'>Πνεῦ-</span> 
     </span>
    </p>
   </div>
   <div class='ocr_carea' id='block_1_60' title="bbox 461 3125 2011 3202">
    <p class='ocr_par' dir='ltr' id='par_1_60' title="bbox 461 3126 2008 3202">
     <span class='ocr_line' id='line_1_61' title="bbox 461 3126 2008 3202; baseline -0.002 -14"><span class='ocrx_word' id='word_1_447' title='bbox 461 3131 670 3202; x_wconf 89' lang='lat' dir='ltr'><strong>Deique</strong></span> <span class='ocrx_word' id='word_1_448' title='bbox 730 3130 870 3186; x_wconf 83' lang='lat' dir='ltr'><strong>Filio</strong></span> <span class='ocrx_word' id='word_1_449' title='bbox 901 3143 966 3184; x_wconf 88' lang='lat' dir='ltr'><strong>ac</strong></span> <span class='ocrx_word' id='word_1_450' title='bbox 1001 3126 1114 3184; x_wconf 86' lang='lat' dir='ltr'><strong>Deo</strong></span> <span class='ocrx_word' id='word_1_451' title='bbox 1159 3135 1220 3182; x_wconf 92' lang='lat' dir='ltr'><strong>ut</strong></span> <span class='ocrx_word' id='word_1_452' title='bbox 1253 3142 1321 3183; x_wconf 81' lang='lat' dir='ltr'><strong>ex</strong></span> <span class='ocrx_word' id='word_1_453' title='bbox 1370 3127 1524 3196; x_wconf 88' lang='lat' dir='ltr'><strong>puris</strong></span> <span class='ocrx_word' id='word_1_454' title='bbox 1570 3136 1626 3184; x_wconf 86' lang='lat' dir='ltr'><strong>et</strong></span> <span class='ocrx_word' id='word_1_455' title='bbox 1673 3127 2008 3191; x_wconf 85' lang='lat' dir='ltr'><strong>immaculati</strong></span> 
     </span>
    </p>
   </div>
   <div class='ocr_carea' id='block_1_61' title="bbox 2175 3125 3725 3202">
    <p class='ocr_par' dir='ltr' id='par_1_61' title="bbox 2175 3125 3725 3202">
     <span class='ocr_line' id='line_1_62' title="bbox 2175 3125 3725 3202; baseline 0.004 -22"><span class='ocrx_word' id='word_1_456' title='bbox 2175 3140 2312 3188; x_wconf 81' lang='grc' dir='ltr'>ιατος</span> <span class='ocrx_word' id='word_1_457' title='bbox 2331 3139 2346 3153; x_wconf 84' lang='lat'><strong><em>°</em></strong></span> <span class='ocrx_word' id='word_1_458' title='bbox 2376 3125 2684 3196; x_wconf 75' lang='grc' dir='ltr'>ἐχορήγησε</span> <span class='ocrx_word' id='word_1_459' title='bbox 2716 3125 2798 3197; x_wconf 83' lang='grc' dir='ltr'>τῷ</span> <span class='ocrx_word' id='word_1_460' title='bbox 2842 3125 3051 3198; x_wconf 76' lang='grc' dir='ltr'>κτίστῃ</span> <span class='ocrx_word' id='word_1_461' title='bbox 3087 3127 3150 3181; x_wconf 83' lang='grc' dir='ltr'><strong>τὺ</strong></span> <span class='ocrx_word' id='word_1_462' title='bbox 3177 3128 3485 3200; x_wconf 80' lang='grc' dir='ltr'>κτισθῆναι,</span> <span class='ocrx_word' id='word_1_463' title='bbox 3509 3131 3608 3186; x_wconf 79' lang='grc' dir='ltr'>καὶ</span> <span class='ocrx_word' id='word_1_464' title='bbox 3643 3132 3725 3202; x_wconf 81' lang='grc' dir='ltr'><strong>τῷ</strong></span> 
     </span>
    </p>
   </div>
   <div class='ocr_carea' id='block_1_62' title="bbox 458 3211 2008 3293">
    <p class='ocr_par' dir='ltr' id='par_1_62' title="bbox 458 3217 2008 3292">
     <span class='ocr_line' id='line_1_63' title="bbox 458 3217 2008 3292; baseline -0.003 -14"><span class='ocrx_word' id='word_1_465' title='bbox 458 3223 582 3292; x_wconf 86' lang='lat' dir='ltr'><strong>ejus</strong></span> <span class='ocrx_word' id='word_1_466' title='bbox 610 3221 871 3278; x_wconf 88' lang='lat' dir='ltr'><strong>carnibus</strong></span> <span class='ocrx_word' id='word_1_467' title='bbox 901 3227 956 3274; x_wconf 92' lang='lat' dir='ltr'><strong>et</strong></span> <span class='ocrx_word' id='word_1_468' title='bbox 982 3217 1345 3291; x_wconf 73' lang='lat' dir='ltr'><strong>sanguinibus</strong></span> <span class='ocrx_word' id='word_1_469' title='bbox 1368 3217 1748 3274; x_wconf 85' lang='lat' dir='ltr'><strong>incarnaretur</strong></span> <span class='ocrx_word' id='word_1_470' title='bbox 1769 3218 2008 3290; x_wconf 90' lang='lat' dir='ltr'><strong>homoqu</strong></span> 
     </span>
    </p>
   </div>
   <div class='ocr_carea' id='block_1_63' title="bbox 2175 3211 3725 3293">
    <p class='ocr_par' dir='ltr' id='par_1_63' title="bbox 2175 3211 3725 3293">
     <span class='ocr_line' id='line_1_64' title="bbox 2175 3211 3725 3293; baseline 0.005 -27"><span class='ocrx_word' id='word_1_471' title='bbox 2175 3211 2357 3284; x_wconf 72' lang='grc' dir='ltr'>πλάστῃ</span> <span class='ocrx_word' id='word_1_472' title='bbox 2397 3213 2458 3267; x_wconf 75' lang='grc' dir='ltr'><strong>τὺ</strong></span> <span class='ocrx_word' id='word_1_473' title='bbox 2481 3213 2814 3284; x_wconf 84' lang='grc' dir='ltr'>πλασθῆναι,</span> <span class='ocrx_word' id='word_1_474' title='bbox 2837 3214 2932 3268; x_wconf 73' lang='grc' dir='ltr'>καὶ</span> <span class='ocrx_word' id='word_1_475' title='bbox 2951 3215 3032 3286; x_wconf 84' lang='grc' dir='ltr'><strong>τῷ</strong></span> <span class='ocrx_word' id='word_1_476' title='bbox 3054 3215 3170 3288; x_wconf 84' lang='grc' dir='ltr'><strong>Υίῷ</strong></span> <span class='ocrx_word' id='word_1_477' title='bbox 3196 3216 3291 3271; x_wconf 89' lang='grc' dir='ltr'><strong>τοῦ</strong></span> <span class='ocrx_word' id='word_1_478' title='bbox 3316 3217 3450 3273; x_wconf 83' lang='grc' dir='ltr'>Θεοῦ</span> <span class='ocrx_word' id='word_1_479' title='bbox 3473 3220 3570 3275; x_wconf 81' lang='grc' dir='ltr'>καὶ</span> <span class='ocrx_word' id='word_1_480' title='bbox 3601 3221 3725 3293; x_wconf 87' lang='grc' dir='ltr'><strong>Θεῷ</strong></span> 
     </span>
    </p>
   </div>
   <div class='ocr_carea' id='block_1_64' title="bbox 459 3306 2009 3387">
    <p class='ocr_par' dir='ltr' id='par_1_64' title="bbox 459 3309 2009 3382">
     <span class='ocr_line' id='line_1_65' title="bbox 459 3309 2009 3382; baseline -0.006 -8"><span class='ocrx_word' id='word_1_481' title='bbox 459 3315 639 3378; x_wconf 77' lang='lat' dir='ltr'><strong>ﬂeret,</strong></span> <span class='ocrx_word' id='word_1_482' title='bbox 679 3309 1146 3376; x_wconf 88' lang='lat' dir='ltr'><strong>subministravit,</strong></span> <span class='ocrx_word' id='word_1_483' title='bbox 1177 3309 1370 3380; x_wconf 76' lang='lat' dir='ltr'><strong>primae</strong></span> <span class='ocrx_word' id='word_1_484' title='bbox 1401 3309 1646 3381; x_wconf 87' lang='lat' dir='ltr'><strong>parentis</strong></span> <span class='ocrx_word' id='word_1_485' title='bbox 1691 3319 1874 3380; x_wconf 88' lang='lat' dir='ltr'><strong>partes</strong></span> <span class='ocrx_word' id='word_1_486' title='bbox 1917 3324 2009 3382; x_wconf 89' lang='lat' dir='ltr'><strong>per</strong></span> 
     </span>
    </p>
   </div>
   <div class='ocr_carea' id='block_1_65' title="bbox 2175 3306 3725 3387">
    <p class='ocr_par' dir='ltr' id='par_1_65' title="bbox 2175 3306 3725 3387">
     <span class='ocr_line' id='line_1_66' title="bbox 2175 3306 3725 3387; baseline 0.006 -27"><span class='ocrx_word' id='word_1_487' title='bbox 2175 3307 2200 3360; x_wconf 83' lang='grc' dir='ltr'><strong>δ</strong></span> <span class='ocrx_word' id='word_1_488' title='bbox 2231 3306 2583 3378; x_wconf 82' lang='grc' dir='ltr'>σαρκωθῆναι</span> <span class='ocrx_word' id='word_1_489' title='bbox 2612 3309 2706 3363; x_wconf 81' lang='grc' dir='ltr'>καὶ</span> <span class='ocrx_word' id='word_1_490' title='bbox 2727 3307 3175 3382; x_wconf 83' lang='grc' dir='ltr'>άνθρωπισθῆναι</span> <span class='ocrx_word' id='word_1_491' title='bbox 3201 3313 3266 3366; x_wconf 81' lang='grc' dir='ltr'>ὲκ</span> <span class='ocrx_word' id='word_1_492' title='bbox 3294 3312 3406 3387; x_wconf 78' lang='grc' dir='ltr'><strong>τῶν</strong></span> <span class='ocrx_word' id='word_1_493' title='bbox 3425 3314 3608 3385; x_wconf 84' lang='grc' dir='ltr'>ἁγνῶν</span> <span class='ocrx_word' id='word_1_494' title='bbox 3629 3318 3725 3370; x_wconf 81' lang='grc' dir='ltr'>καὶ</span> 
     </span>
    </p>
   </div>
   <div class='ocr_carea' id='block_1_66' title="bbox 456 3396 2006 3475">
    <p class='ocr_par' dir='ltr' id='par_1_66' title="bbox 456 3396 2002 3468">
     <span class='ocr_line' id='line_1_67' title="bbox 456 3396 2002 3468; baseline -0.003 -9"><span class='ocrx_word' id='word_1_495' title='bbox 456 3402 703 3459; x_wconf 78' lang='lat' dir='ltr'><strong>solvens.</strong></span> <span class='ocrx_word' id='word_1_496' title='bbox 736 3398 1210 3468; x_wconf 85' lang='lat' dir='ltr'><strong>Quemadmodum</strong></span> <span class='ocrx_word' id='word_1_497' title='bbox 1250 3398 1399 3454; x_wconf 90' lang='lat' dir='ltr'><strong>enim</strong></span> <span class='ocrx_word' id='word_1_498' title='bbox 1444 3397 1537 3454; x_wconf 88' lang='lat' dir='ltr'><strong>illa</strong></span> <span class='ocrx_word' id='word_1_499' title='bbox 1573 3396 1708 3454; x_wconf 91' lang='lat' dir='ltr'><strong>citra</strong></span> <span class='ocrx_word' id='word_1_500' title='bbox 1742 3397 1945 3454; x_wconf 89' lang='lat' dir='ltr'><strong>coitum</strong></span> <span class='ocrx_word' id='word_1_501' title='bbox 1972 3413 2002 3454; x_wconf 89' lang='lat' dir='ltr'><strong>e</strong></span> 
     </span>
    </p>
   </div>
   <div class='ocr_carea' id='block_1_67' title="bbox 2175 3396 3725 3475">
    <p class='ocr_par' dir='ltr' id='par_1_67' title="bbox 2180 3396 3725 3475">
     <span class='ocr_line' id='line_1_68' title="bbox 2180 3396 3725 3475; baseline 0.013 -25"><span class='ocrx_word' id='word_1_502' title='bbox 2180 3396 2459 3468; x_wconf 82' lang='grc' dir='ltr'>μολὺντων</span> <span class='ocrx_word' id='word_1_503' title='bbox 2513 3399 2688 3470; x_wconf 75' lang='grc' dir='ltr'>αὐτῆς</span> <span class='ocrx_word' id='word_1_504' title='bbox 2736 3401 2959 3471; x_wconf 77' lang='grc' dir='ltr'>σαρκῶν</span> <span class='ocrx_word' id='word_1_505' title='bbox 2987 3419 3047 3455; x_wconf 85' lang='grc' dir='ltr'><strong>τε</strong></span> <span class='ocrx_word' id='word_1_506' title='bbox 3100 3403 3198 3457; x_wconf 71' lang='grc' dir='ltr'><strong>καὶ</strong></span> <span class='ocrx_word' id='word_1_507' title='bbox 3229 3404 3497 3474; x_wconf 77' lang='grc' dir='ltr'>αἱμάτων,</span> <span class='ocrx_word' id='word_1_508' title='bbox 3528 3406 3592 3460; x_wconf 62' lang='lat' dir='ltr'><strong>re</strong></span> <span class='ocrx_word' id='word_1_509' title='bbox 3623 3408 3725 3475; x_wconf 78' lang='grc' dir='ltr'><strong>τῆς</strong></span> 
     </span>
    </p>
   </div>
   <div class='ocr_carea' id='block_1_68' title="bbox 454 3487 2004 3573">
    <p class='ocr_par' dir='ltr' id='par_1_68' title="bbox 454 3487 2004 3558">
     <span class='ocr_line' id='line_1_69' title="bbox 454 3487 2004 3558; baseline -0.005 -10"><span class='ocrx_word' id='word_1_510' title='bbox 454 3494 672 3548; x_wconf 77' lang='lat' dir='ltr'><strong>Adamo</strong></span> <span class='ocrx_word' id='word_1_511' title='bbox 719 3491 956 3548; x_wconf 80' lang='lat' dir='ltr'><strong>formata</strong></span> <span class='ocrx_word' id='word_1_512' title='bbox 1005 3497 1091 3544; x_wconf 87' lang='lat' dir='ltr'><strong>est</strong></span> <span class='ocrx_word' id='word_1_513' title='bbox 1117 3505 1134 3542; x_wconf 84' lang='lat'><strong>:</strong></span> <span class='ocrx_word' id='word_1_514' title='bbox 1162 3488 1280 3543; x_wconf 71' lang='lat' dir='ltr'><strong>inec</strong></span> <span class='ocrx_word' id='word_1_515' title='bbox 1309 3487 1476 3558; x_wconf 88' lang='lat' dir='ltr'><strong>etiam</strong></span> <span class='ocrx_word' id='word_1_516' title='bbox 1507 3501 1710 3543; x_wconf 90' lang='lat' dir='ltr'><strong>novum</strong></span> <span class='ocrx_word' id='word_1_517' title='bbox 1737 3487 1912 3542; x_wconf 79' lang='lat' dir='ltr'><strong>Adam</strong></span> <span class='ocrx_word' id='word_1_518' title='bbox 1945 3503 2004 3558; x_wconf 81' lang='lat' dir='ltr'><strong>pe</strong></span> 
     </span>
    </p>
   </div>
   <div class='ocr_carea' id='block_1_69' title="bbox 2173 3487 3723 3573">
    <p class='ocr_par' dir='ltr' id='par_1_69' title="bbox 2173 3489 3723 3573">
     <span class='ocr_line' id='line_1_70' title="bbox 2173 3489 3723 3573; baseline 0.009 -32"><span class='ocrx_word' id='word_1_519' title='bbox 2173 3490 2492 3561; x_wconf 70' lang='grc' dir='ltr'>ςρομήτορος</span> <span class='ocrx_word' id='word_1_520' title='bbox 2525 3489 2924 3563; x_wconf 82' lang='grc' dir='ltr'>ἁποπληροῦσα</span> <span class='ocrx_word' id='word_1_521' title='bbox 2952 3492 3114 3564; x_wconf 82' lang='grc' dir='ltr'>χρέος</span> <span class='ocrx_word' id='word_1_522' title='bbox 3138 3510 3152 3526; x_wconf 76' lang='grc' dir='ltr'><strong><em>ο</em></strong></span> <span class='ocrx_word' id='word_1_523' title='bbox 3182 3493 3375 3569; x_wconf 85' lang='grc' dir='ltr'>ὥσπερ</span> <span class='ocrx_word' id='word_1_524' title='bbox 3396 3497 3508 3568; x_wconf 83' lang='grc' dir='ltr'><strong>γὰρ</strong></span> <span class='ocrx_word' id='word_1_525' title='bbox 3535 3500 3723 3573; x_wconf 74' lang='grc' dir='ltr'>εκείνη</span> 
     </span>
    </p>
   </div>
   <div class='ocr_carea' id='block_1_70' title="bbox 453 3577 2003 3658">
    <p class='ocr_par' dir='ltr' id='par_1_70' title="bbox 453 3579 2003 3656">
     <span class='ocr_line' id='line_1_71' title="bbox 453 3579 2003 3656; baseline -0.005 -15"><span class='ocrx_word' id='word_1_526' title='bbox 453 3586 638 3656; x_wconf 89' lang='lat' dir='ltr'><strong>perit:</strong></span> <span class='ocrx_word' id='word_1_527' title='bbox 676 3583 756 3639; x_wconf 90' lang='lat' dir='ltr'><strong>sic</strong></span> <span class='ocrx_word' id='word_1_528' title='bbox 787 3596 941 3647; x_wconf 83' lang='lat' dir='ltr'><strong>vero,</strong></span> <span class='ocrx_word' id='word_1_529' title='bbox 982 3589 1044 3635; x_wconf 92' lang='lat' dir='ltr'><strong>ut</strong></span> <span class='ocrx_word' id='word_1_530' title='bbox 1089 3581 1177 3634; x_wconf 88' lang='lat' dir='ltr'><strong>hic</strong></span> <span class='ocrx_word' id='word_1_531' title='bbox 1216 3587 1486 3635; x_wconf 89' lang='lat' dir='ltr'><strong>consueto</strong></span> <span class='ocrx_word' id='word_1_532' title='bbox 1517 3593 1675 3634; x_wconf 89' lang='lat' dir='ltr'><strong>more</strong></span> <span class='ocrx_word' id='word_1_533' title='bbox 1707 3585 1867 3649; x_wconf 90' lang='lat' dir='ltr'><strong>partu</strong></span> <span class='ocrx_word' id='word_1_534' title='bbox 1916 3579 2003 3634; x_wconf 72' lang='lat' dir='ltr'><strong>ede</strong></span> 
     </span>
    </p>
   </div>
   <div class='ocr_carea' id='block_1_71' title="bbox 2175 3577 3725 3658">
    <p class='ocr_par' dir='ltr' id='par_1_71' title="bbox 2177 3577 3725 3658">
     <span class='ocr_line' id='line_1_72' title="bbox 2177 3577 3725 3658; baseline 0.008 -27"><span class='ocrx_word' id='word_1_535' title='bbox 2177 3577 2437 3646; x_wconf 83' lang='grc' dir='ltr'>υναφείας</span> <span class='ocrx_word' id='word_1_536' title='bbox 2477 3578 2637 3643; x_wconf 75' lang='grc' dir='ltr'>έκτὺς</span> <span class='ocrx_word' id='word_1_537' title='bbox 2688 3579 2750 3646; x_wconf 72' lang='grc' dir='ltr'><strong>ιε</strong></span> <span class='ocrx_word' id='word_1_538' title='bbox 2793 3580 2966 3653; x_wconf 81' lang='grc' dir='ltr'>Ἀδάμ</span> <span class='ocrx_word' id='word_1_539' title='bbox 2995 3581 3536 3658; x_wconf 82' lang='grc' dir='ltr'>πεπλαστούργηται,</span> <span class='ocrx_word' id='word_1_540' title='bbox 3577 3588 3725 3644; x_wconf 74' lang='grc' dir='ltr'>οὕτω</span> 
     </span>
    </p>
   </div>
   <div class='ocr_carea' id='block_1_72' title="bbox 455 3668 2005 3750">
    <p class='ocr_par' dir='ltr' id='par_1_72' title="bbox 455 3668 2005 3746">
     <span class='ocr_line' id='line_1_73' title="bbox 455 3668 2005 3746; baseline -0.006 -11"><span class='ocrx_word' id='word_1_541' title='bbox 455 3687 628 3742; x_wconf 81' lang='lat' dir='ltr'><strong>retur,</strong></span> <span class='ocrx_word' id='word_1_542' title='bbox 658 3683 713 3731; x_wconf 90' lang='lat' dir='ltr'><strong>et</strong></span> <span class='ocrx_word' id='word_1_543' title='bbox 747 3689 914 3746; x_wconf 91' lang='lat' dir='ltr'><strong>supra</strong></span> <span class='ocrx_word' id='word_1_544' title='bbox 936 3686 1102 3745; x_wconf 89' lang='lat' dir='ltr'><strong>quam</strong></span> <span class='ocrx_word' id='word_1_545' title='bbox 1151 3673 1294 3727; x_wconf 88' lang='lat' dir='ltr'><strong>ratio</strong></span> <span class='ocrx_word' id='word_1_546' title='bbox 1346 3669 1615 3726; x_wconf 84' lang='lat' dir='ltr'><strong>nascendi</strong></span> <span class='ocrx_word' id='word_1_547' title='bbox 1654 3669 1818 3725; x_wconf 84' lang='lat' dir='ltr'><strong>ferat.</strong></span> <span class='ocrx_word' id='word_1_548' title='bbox 1847 3668 2005 3725; x_wconf 83' lang='grc' dir='ltr'>ΕιΙίιιι</span> 
     </span>
    </p>
   </div>
   <div class='ocr_carea' id='block_1_73' title="bbox 2177 3668 3727 3750">
    <p class='ocr_par' dir='ltr' id='par_1_73' title="bbox 2177 3668 3727 3750">
     <span class='ocr_line' id='line_1_74' title="bbox 2177 3668 3727 3750; baseline 0.006 -27"><span class='ocrx_word' id='word_1_549' title='bbox 2177 3669 2234 3723; x_wconf 80' lang='grc' dir='ltr'>αὶ</span> <span class='ocrx_word' id='word_1_550' title='bbox 2277 3668 2419 3740; x_wconf 76' lang='grc' dir='ltr'>αὕτη</span> <span class='ocrx_word' id='word_1_551' title='bbox 2446 3668 2541 3724; x_wconf 80' lang='grc' dir='ltr'>τὸν</span> <span class='ocrx_word' id='word_1_552' title='bbox 2569 3670 2689 3724; x_wconf 88' lang='grc' dir='ltr'>νέον</span> <span class='ocrx_word' id='word_1_553' title='bbox 2729 3671 2904 3744; x_wconf 82' lang='grc' dir='ltr'>’Δδὰμ</span> <span class='ocrx_word' id='word_1_554' title='bbox 2938 3673 3222 3745; x_wconf 82' lang='grc' dir='ltr'>άπεκύησε</span> <span class='ocrx_word' id='word_1_555' title='bbox 3247 3676 3437 3748; x_wconf 54' lang='grc' dir='ltr'>,Νόμῳ</span> <span class='ocrx_word' id='word_1_556' title='bbox 3472 3679 3727 3750; x_wconf 81' lang='grc' dir='ltr'>κυήσεως</span> 
     </span>
    </p>
   </div>
   <div class='ocr_carea' id='block_1_74' title="bbox 451 3759 2001 3838">
    <p class='ocr_par' dir='ltr' id='par_1_74' title="bbox 451 3759 2001 3836">
     <span class='ocr_line' id='line_1_75' title="bbox 451 3759 2001 3836; baseline -0.006 -10"><span class='ocrx_word' id='word_1_557' title='bbox 451 3768 602 3826; x_wconf 82' lang='lat' dir='ltr'><strong>enim</strong></span> <span class='ocrx_word' id='word_1_558' title='bbox 625 3767 744 3822; x_wconf 80' lang='lat' dir='ltr'><strong>sine</strong></span> <span class='ocrx_word' id='word_1_559' title='bbox 776 3773 931 3836; x_wconf 86' lang='lat' dir='ltr'><strong>patre</strong></span> <span class='ocrx_word' id='word_1_560' title='bbox 961 3780 1028 3821; x_wconf 80' lang='lat' dir='ltr'><strong>ex</strong></span> <span class='ocrx_word' id='word_1_561' title='bbox 1061 3763 1314 3830; x_wconf 84' lang='lat' dir='ltr'><strong>muliere,</strong></span> <span class='ocrx_word' id='word_1_562' title='bbox 1347 3761 1446 3833; x_wconf 87' lang='lat' dir='ltr'><strong>qui</strong></span> <span class='ocrx_word' id='word_1_563' title='bbox 1479 3777 1544 3818; x_wconf 80' lang='grc' dir='ltr'><strong>ει</strong></span> <span class='ocrx_word' id='word_1_564' title='bbox 1581 3759 1746 3816; x_wconf 86' lang='lat' dir='ltr'><strong>Patre</strong></span> <span class='ocrx_word' id='word_1_565' title='bbox 1771 3761 1894 3817; x_wconf 89' lang='lat' dir='ltr'><strong>sine</strong></span> <span class='ocrx_word' id='word_1_566' title='bbox 1925 3777 2001 3816; x_wconf 73' lang='lat' dir='ltr'><strong>ma</strong></span> 
     </span>
    </p>
   </div>
   <div class='ocr_carea' id='block_1_75' title="bbox 2173 3759 3723 3838">
    <p class='ocr_par' dir='ltr' id='par_1_75' title="bbox 2173 3760 3723 3838">
     <span class='ocr_line' id='line_1_76' title="bbox 2173 3760 3723 3838; baseline 0.005 -23"><span class='ocrx_word' id='word_1_567' title='bbox 2173 3760 2456 3832; x_wconf 82' lang='grc' dir='ltr'>ικτόμενον</span> <span class='ocrx_word' id='word_1_568' title='bbox 2481 3800 2499 3826; x_wconf 86' lang='grc'><strong>,</strong></span> <span class='ocrx_word' id='word_1_569' title='bbox 2532 3763 2630 3817; x_wconf 77' lang='grc' dir='ltr'>καὶ</span> <span class='ocrx_word' id='word_1_570' title='bbox 2673 3763 2814 3836; x_wconf 68' lang='grc' dir='ltr'>ὑπὲρ</span> <span class='ocrx_word' id='word_1_571' title='bbox 2875 3763 3042 3835; x_wconf 79' lang='grc' dir='ltr'>φύσιν</span> <span class='ocrx_word' id='word_1_572' title='bbox 3084 3768 3418 3838; x_wconf 82' lang='grc' dir='ltr'>γεννήσεως.</span> <span class='ocrx_word' id='word_1_573' title='bbox 3459 3769 3723 3828; x_wconf 79' lang='grc' dir='ltr'>Τίκτεται</span> 
     </span>
    </p>
   </div>
   <div class='ocr_carea' id='block_1_76' title="bbox 443 3850 1993 3932">
    <p class='ocr_par' dir='ltr' id='par_1_76' title="bbox 443 3852 1993 3926">
     <span class='ocr_line' id='line_1_77' title="bbox 443 3852 1993 3926; baseline -0.003 -13"><span class='ocrx_word' id='word_1_574' title='bbox 443 3866 540 3913; x_wconf 79' lang='lat' dir='ltr'><strong>tre</strong></span> <span class='ocrx_word' id='word_1_575' title='bbox 571 3864 734 3912; x_wconf 90' lang='lat' dir='ltr'><strong>natus</strong></span> <span class='ocrx_word' id='word_1_576' title='bbox 754 3857 1028 3912; x_wconf 78' lang='lat' dir='ltr'><strong>exstabat.</strong></span> <span class='ocrx_word' id='word_1_577' title='bbox 1059 3855 1126 3908; x_wconf 76' lang='lat' dir='ltr'><strong>Et</strong></span> <span class='ocrx_word' id='word_1_578' title='bbox 1147 3854 1367 3926; x_wconf 88' lang='lat' dir='ltr'><strong>quidem</strong></span> <span class='ocrx_word' id='word_1_579' title='bbox 1397 3863 1668 3923; x_wconf 88' lang='lat' dir='ltr'><strong>quatenus</strong></span> <span class='ocrx_word' id='word_1_580' title='bbox 1689 3867 1755 3907; x_wconf 81' lang='lat' dir='ltr'><strong>ex</strong></span> <span class='ocrx_word' id='word_1_581' title='bbox 1787 3852 1993 3908; x_wconf 62' lang='lat' dir='ltr'><strong>mulieri</strong></span> 
     </span>
    </p>
   </div>
   <div class='ocr_carea' id='block_1_77' title="bbox 2174 3850 3724 3932">
    <p class='ocr_par' dir='ltr' id='par_1_77' title="bbox 2175 3850 3724 3932">
     <span class='ocr_line' id='line_1_78' title="bbox 2175 3850 3724 3932; baseline 0.006 -28"><span class='ocrx_word' id='word_1_582' title='bbox 2175 3850 2246 3922; x_wconf 86' lang='grc' dir='ltr'>ὰρ</span> <span class='ocrx_word' id='word_1_583' title='bbox 2275 3851 2510 3924; x_wconf 80' lang='grc' dir='ltr'>ἀπάτωρ</span> <span class='ocrx_word' id='word_1_584' title='bbox 2530 3854 2596 3907; x_wconf 81' lang='grc' dir='ltr'>ὲκ</span> <span class='ocrx_word' id='word_1_585' title='bbox 2620 3852 2906 3922; x_wconf 77' lang='grc' dir='ltr'>γυναικὸς,</span> <span class='ocrx_word' id='word_1_586' title='bbox 2935 3855 2964 3908; x_wconf 82' lang='grc' dir='ltr'><strong>ὁ</strong></span> <span class='ocrx_word' id='word_1_587' title='bbox 2987 3855 3054 3908; x_wconf 63' lang='lat' dir='ltr'><strong>tu</strong></span> <span class='ocrx_word' id='word_1_588' title='bbox 3084 3855 3301 3927; x_wconf 81' lang='grc' dir='ltr'>Πατρδς</span> <span class='ocrx_word' id='word_1_589' title='bbox 3331 3857 3570 3932; x_wconf 84' lang='grc' dir='ltr'>ἀμήτωρ</span> <span class='ocrx_word' id='word_1_590' title='bbox 3588 3875 3603 3888; x_wconf 88' lang='grc'><strong>·</strong></span> <span class='ocrx_word' id='word_1_591' title='bbox 3628 3862 3724 3918; x_wconf 70' lang='grc' dir='ltr'><strong>καὶ</strong></span> 
     </span>
    </p>
   </div>
   <div class='ocr_carea' id='block_1_78' title="bbox 453 3941 2003 4019">
    <p class='ocr_par' dir='ltr' id='par_1_78' title="bbox 453 3943 2003 4019">
     <span class='ocr_line' id='line_1_79' title="bbox 453 3943 2003 4019; baseline -0.004 -15"><span class='ocrx_word' id='word_1_592' title='bbox 453 3948 758 4004; x_wconf 86' lang='lat' dir='ltr'><strong>secundum</strong></span> <span class='ocrx_word' id='word_1_593' title='bbox 785 3945 1033 4019; x_wconf 85' lang='lat' dir='ltr'><strong>pariendi</strong></span> <span class='ocrx_word' id='word_1_594' title='bbox 1073 3945 1223 4017; x_wconf 75' lang='lat' dir='ltr'><strong>leges</strong></span> <span class='ocrx_word' id='word_1_595' title='bbox 1244 3943 1424 4000; x_wconf 86' lang='lat' dir='ltr'><strong>editus</strong></span> <span class='ocrx_word' id='word_1_596' title='bbox 1455 3953 1582 4000; x_wconf 87' lang='lat' dir='ltr'><strong>est:</strong></span> <span class='ocrx_word' id='word_1_597' title='bbox 1619 3953 1894 4014; x_wconf 87' lang='lat' dir='ltr'><strong>quatenus</strong></span> <span class='ocrx_word' id='word_1_598' title='bbox 1936 3957 2003 3998; x_wconf 92' lang='lat' dir='ltr'><strong>au</strong></span> 
     </span>
    </p>
   </div>
   <div class='ocr_carea' id='block_1_79' title="bbox 2173 3941 3723 4019">
    <p class='ocr_par' dir='ltr' id='par_1_79' title="bbox 2173 3941 3723 4018">
     <span class='ocr_line' id='line_1_80' title="bbox 2173 3941 3723 4018; baseline 0.01 -23"><span class='ocrx_word' id='word_1_599' title='bbox 2173 3959 2218 3996; x_wconf 85' lang='grc' dir='ltr'><strong>τι</strong></span> <span class='ocrx_word' id='word_1_600' title='bbox 2253 3941 2354 4013; x_wconf 75' lang='grc' dir='ltr'>μὲν</span> <span class='ocrx_word' id='word_1_601' title='bbox 2385 3943 2452 3996; x_wconf 82' lang='grc' dir='ltr'>ὲκ</span> <span class='ocrx_word' id='word_1_602' title='bbox 2497 3944 2761 4013; x_wconf 77' lang='grc' dir='ltr'>γυναικὸς</span> <span class='ocrx_word' id='word_1_603' title='bbox 2791 3983 2806 4010; x_wconf 89' lang='grc'><strong>,</strong></span> <span class='ocrx_word' id='word_1_604' title='bbox 2838 3944 2990 4016; x_wconf 84' lang='grc' dir='ltr'>νόμῳ</span> <span class='ocrx_word' id='word_1_605' title='bbox 3028 3947 3282 4018; x_wconf 86' lang='grc' dir='ltr'>κυήσεως</span> <span class='ocrx_word' id='word_1_606' title='bbox 3304 3989 3320 4014; x_wconf 90' lang='grc'><strong>,</strong></span> <span class='ocrx_word' id='word_1_607' title='bbox 3348 3950 3434 4005; x_wconf 85' lang='grc' dir='ltr'>ὅτι</span> <span class='ocrx_word' id='word_1_608' title='bbox 3490 3951 3548 4006; x_wconf 76' lang='grc' dir='ltr'>δὲ</span> <span class='ocrx_word' id='word_1_609' title='bbox 3595 3956 3723 4009; x_wconf 75' lang='grc' dir='ltr'>ἄνευ</span> 
     </span>
    </p>
   </div>
   <div class='ocr_carea' id='block_1_80' title="bbox 451 4035 2001 4116">
    <p class='ocr_par' dir='ltr' id='par_1_80' title="bbox 451 4035 2000 4111">
     <span class='ocr_line' id='line_1_81' title="bbox 451 4035 2000 4111; baseline -0.006 -14"><span class='ocrx_word' id='word_1_610' title='bbox 451 4049 566 4096; x_wconf 88' lang='lat' dir='ltr'><strong>tem</strong></span> <span class='ocrx_word' id='word_1_611' title='bbox 615 4040 734 4097; x_wconf 88' lang='lat' dir='ltr'><strong>sine</strong></span> <span class='ocrx_word' id='word_1_612' title='bbox 796 4046 974 4111; x_wconf 86' lang='lat' dir='ltr'><strong>patre,</strong></span> <span class='ocrx_word' id='word_1_613' title='bbox 1019 4051 1186 4108; x_wconf 87' lang='lat' dir='ltr'><strong>supra</strong></span> <span class='ocrx_word' id='word_1_614' title='bbox 1229 4035 1601 4106; x_wconf 64' lang='lat' dir='ltr'><strong>generationis</strong></span> <span class='ocrx_word' id='word_1_615' title='bbox 1651 4042 1928 4090; x_wconf 89' lang='lat' dir='ltr'><strong>naturam.</strong></span> <span class='ocrx_word' id='word_1_616' title='bbox 1959 4035 2000 4088; x_wconf 84' lang='lat' dir='ltr'><strong>A</strong></span> 
     </span>
    </p>
   </div>
   <div class='ocr_carea' id='block_1_81' title="bbox 2173 4035 3723 4116">
    <p class='ocr_par' dir='ltr' id='par_1_81' title="bbox 2173 4035 3723 4116">
     <span class='ocr_line' id='line_1_82' title="bbox 2173 4035 3723 4116; baseline 0.01 -29"><span class='ocrx_word' id='word_1_617' title='bbox 2173 4035 2364 4106; x_wconf 54' lang='grc' dir='ltr'>ατρὸς,</span> <span class='ocrx_word' id='word_1_618' title='bbox 2395 4035 2537 4108; x_wconf 78' lang='grc' dir='ltr'>ὑπὲρ</span> <span class='ocrx_word' id='word_1_619' title='bbox 2568 4035 2732 4104; x_wconf 77' lang='grc' dir='ltr'>φύσιν</span> <span class='ocrx_word' id='word_1_620' title='bbox 2773 4039 3115 4108; x_wconf 82' lang='grc' dir='ltr'>γεννήσεως·</span> <span class='ocrx_word' id='word_1_621' title='bbox 3149 4041 3242 4100; x_wconf 68' lang='grc' dir='ltr'>καὶ</span> <span class='ocrx_word' id='word_1_622' title='bbox 3266 4042 3348 4099; x_wconf 84' lang='grc' dir='ltr'>ὅτι</span> <span class='ocrx_word' id='word_1_623' title='bbox 3385 4043 3487 4114; x_wconf 84' lang='grc' dir='ltr'>μὲν</span> <span class='ocrx_word' id='word_1_624' title='bbox 3533 4045 3614 4116; x_wconf 81' lang='grc' dir='ltr'><strong>τῷ</strong></span> <span class='ocrx_word' id='word_1_625' title='bbox 3644 4048 3723 4104; x_wconf 84' lang='grc' dir='ltr'>εί-</span> 
     </span>
    </p>
   </div>
   <div class='ocr_carea' id='block_1_82' title="bbox 451 4125 2001 4210">
    <p class='ocr_par' dir='ltr' id='par_1_82' title="bbox 451 4127 2001 4210">
     <span class='ocr_line' id='line_1_83' title="bbox 451 4127 2001 4210; baseline -0.005 -22"><span class='ocrx_word' id='word_1_626' title='bbox 451 4145 648 4188; x_wconf 83' lang='lat' dir='ltr'><strong>rnrsus</strong></span> <span class='ocrx_word' id='word_1_627' title='bbox 676 4140 956 4203; x_wconf 87' lang='lat' dir='ltr'><strong>quatenus</strong></span> <span class='ocrx_word' id='word_1_628' title='bbox 980 4137 1247 4210; x_wconf 76' lang='lat' dir='ltr'><strong>copsueto</strong></span> <span class='ocrx_word' id='word_1_629' title='bbox 1281 4134 1549 4196; x_wconf 86' lang='lat' dir='ltr'><strong>tempore,</strong></span> <span class='ocrx_word' id='word_1_630' title='bbox 1579 4141 1776 4181; x_wconf 81' lang='lat' dir='ltr'><strong>novem</strong></span> <span class='ocrx_word' id='word_1_631' title='bbox 1803 4127 2001 4196; x_wconf 76' lang='lat' dir='ltr'><strong>expleti</strong></span> 
     </span>
    </p>
   </div>
   <div class='ocr_carea' id='block_1_83' title="bbox 2173 4125 3723 4210">
    <p class='ocr_par' dir='ltr' id='par_1_83' title="bbox 2173 4127 3723 4203">
     <span class='ocr_line' id='line_1_84' title="bbox 2173 4127 3723 4203; baseline 0.007 -24"><span class='ocrx_word' id='word_1_632' title='bbox 2173 4127 2380 4198; x_wconf 78' lang='grc' dir='ltr'>ισμένῳ</span> <span class='ocrx_word' id='word_1_633' title='bbox 2405 4129 2583 4199; x_wconf 82' lang='grc' dir='ltr'>χρόνῳ</span> <span class='ocrx_word' id='word_1_634' title='bbox 2626 4127 2742 4197; x_wconf 83' lang='grc' dir='ltr'>(τὸν</span> <span class='ocrx_word' id='word_1_635' title='bbox 2771 4130 2880 4200; x_wconf 82' lang='grc' dir='ltr'>γὰρ</span> <span class='ocrx_word' id='word_1_636' title='bbox 2910 4131 3327 4203; x_wconf 80' lang='grc' dir='ltr'>ὲννεαμηνιαῖον</span> <span class='ocrx_word' id='word_1_637' title='bbox 3357 4135 3606 4202; x_wconf 87' lang='grc' dir='ltr'>τελέσας,</span> <span class='ocrx_word' id='word_1_638' title='bbox 3628 4139 3723 4193; x_wconf 79' lang='grc' dir='ltr'>καὶ</span> 
     </span>
    </p>
   </div>
   <div class='ocr_carea' id='block_1_84' title="bbox 451 4216 2001 4297">
    <p class='ocr_par' dir='ltr' id='par_1_84' title="bbox 451 4219 2001 4292">
     <span class='ocr_line' id='line_1_85' title="bbox 451 4219 2001 4292; baseline -0.006 -9"><span class='ocrx_word' id='word_1_639' title='bbox 451 4227 758 4292; x_wconf 74' lang='lat' dir='ltr'><strong>mensibus,</strong></span> <span class='ocrx_word' id='word_1_640' title='bbox 783 4233 838 4282; x_wconf 92' lang='lat' dir='ltr'><strong>et</strong></span> <span class='ocrx_word' id='word_1_641' title='bbox 874 4224 1132 4280; x_wconf 86' lang='lat' dir='ltr'><strong>inchoato</strong></span> <span class='ocrx_word' id='word_1_642' title='bbox 1157 4221 1396 4284; x_wconf 88' lang='lat' dir='ltr'><strong>decimo,</strong></span> <span class='ocrx_word' id='word_1_643' title='bbox 1434 4233 1534 4275; x_wconf 88' lang='lat' dir='ltr'><strong>sua</strong></span> <span class='ocrx_word' id='word_1_644' title='bbox 1564 4219 1748 4290; x_wconf 89' lang='lat' dir='ltr'><strong>partui</strong></span> <span class='ocrx_word' id='word_1_645' title='bbox 1783 4219 1872 4273; x_wconf 82' lang='lat' dir='ltr'><strong>lex</strong></span> <span class='ocrx_word' id='word_1_646' title='bbox 1901 4233 2001 4274; x_wconf 89' lang='lat' dir='ltr'><strong>con</strong></span> 
     </span>
    </p>
   </div>
   <div class='ocr_carea' id='block_1_85' title="bbox 2173 4216 3723 4297">
    <p class='ocr_par' dir='ltr' id='par_1_85' title="bbox 2173 4216 3723 4297">
     <span class='ocr_line' id='line_1_86' title="bbox 2173 4216 3723 4297; baseline 0.008 -27"><span class='ocrx_word' id='word_1_647' title='bbox 2173 4216 2212 4288; x_wconf 83' lang='grc' dir='ltr'>ᾦ</span> <span class='ocrx_word' id='word_1_648' title='bbox 2258 4219 2473 4290; x_wconf 79' lang='grc' dir='ltr'>δεκάτῳ</span> <span class='ocrx_word' id='word_1_649' title='bbox 2531 4218 2730 4284; x_wconf 73' lang='grc' dir='ltr'>ἐπιϐάς</span> <span class='ocrx_word' id='word_1_650' title='bbox 2773 4222 3076 4294; x_wconf 80' lang='grc' dir='ltr'>γεννᾶται),</span> <span class='ocrx_word' id='word_1_651' title='bbox 3108 4223 3258 4296; x_wconf 84' lang='grc' dir='ltr'>νόμῳ</span> <span class='ocrx_word' id='word_1_652' title='bbox 3288 4219 3567 4297; x_wconf 78' lang='grc' dir='ltr'>’κυήσεως</span> <span class='ocrx_word' id='word_1_653' title='bbox 3589 4245 3605 4261; x_wconf 90' lang='grc'><strong>·</strong></span> <span class='ocrx_word' id='word_1_654' title='bbox 3640 4230 3723 4283; x_wconf 82' lang='grc' dir='ltr'>ὃτι</span> 
     </span>
    </p>
   </div>
   <div class='ocr_carea' id='block_1_86' title="bbox 451 4308 2001 4394">
    <p class='ocr_par' dir='ltr' id='par_1_86' title="bbox 451 4309 2001 4388">
     <span class='ocr_line' id='line_1_87' title="bbox 451 4309 2001 4388; baseline -0.006 -11"><span class='ocrx_word' id='word_1_655' title='bbox 451 4319 591 4377; x_wconf 83' lang='lat' dir='ltr'><strong>stitit</strong></span> <span class='ocrx_word' id='word_1_656' title='bbox 624 4336 639 4374; x_wconf 92' lang='lat'><strong>:</strong></span> <span class='ocrx_word' id='word_1_657' title='bbox 669 4327 942 4388; x_wconf 81' lang='lat' dir='ltr'><strong>quatenus</strong></span> <span class='ocrx_word' id='word_1_658' title='bbox 967 4323 1151 4370; x_wconf 82' lang='lat' dir='ltr'><strong>autem</strong></span> <span class='ocrx_word' id='word_1_659' title='bbox 1181 4313 1302 4369; x_wconf 89' lang='lat' dir='ltr'><strong>sine</strong></span> <span class='ocrx_word' id='word_1_660' title='bbox 1347 4311 1459 4367; x_wconf 92' lang='lat' dir='ltr'><strong>ullo</strong></span> <span class='ocrx_word' id='word_1_661' title='bbox 1487 4325 1688 4368; x_wconf 88' lang='lat' dir='ltr'><strong>sensus</strong></span> <span class='ocrx_word' id='word_1_662' title='bbox 1715 4309 1903 4366; x_wconf 87' lang='lat' dir='ltr'><strong>dolore</strong></span> <span class='ocrx_word' id='word_1_663' title='bbox 1942 4326 2001 4381; x_wconf 83' lang='lat' dir='ltr'><strong>ge</strong></span> 
     </span>
    </p>
   </div>
   <div class='ocr_carea' id='block_1_87' title="bbox 2174 4308 3724 4394">
    <p class='ocr_par' dir='ltr' id='par_1_87' title="bbox 2174 4309 3724 4394">
     <span class='ocr_line' id='line_1_88' title="bbox 2174 4309 3724 4394; baseline 0.01 -32"><span class='ocrx_word' id='word_1_664' title='bbox 2174 4309 2508 4376; x_wconf 72' lang='grc' dir='ltr'>ὲάνωδίνως,</span> <span class='ocrx_word' id='word_1_665' title='bbox 2541 4310 2684 4384; x_wconf 80' lang='grc' dir='ltr'>ὑπὲρ</span> <span class='ocrx_word' id='word_1_666' title='bbox 2710 4311 2914 4384; x_wconf 69' lang='grc' dir='ltr'>θεσμὸν</span> <span class='ocrx_word' id='word_1_667' title='bbox 2947 4317 3257 4390; x_wconf 86' lang='grc' dir='ltr'>γεννήσεως</span> <span class='ocrx_word' id='word_1_668' title='bbox 3275 4333 3290 4348; x_wconf 89' lang='grc'><strong>·</strong></span> <span class='ocrx_word' id='word_1_669' title='bbox 3329 4311 3398 4390; x_wconf 75' lang='grc' dir='ltr'>ἦς</span> <span class='ocrx_word' id='word_1_670' title='bbox 3425 4318 3533 4391; x_wconf 80' lang='grc' dir='ltr'>γὰρ</span> <span class='ocrx_word' id='word_1_671' title='bbox 3553 4320 3724 4394; x_wconf 79' lang='grc' dir='ltr'>ἡδονὴ</span> 
     </span>
    </p>
   </div>
   <div class='ocr_carea' id='block_1_88' title="bbox 453 4401 2003 4488">
    <p class='ocr_par' dir='ltr' id='par_1_88' title="bbox 453 4401 2003 4478">
     <span class='ocr_line' id='line_1_89' title="bbox 453 4401 2003 4478; baseline -0.005 -14"><span class='ocrx_word' id='word_1_672' title='bbox 453 4408 760 4464; x_wconf 82' lang='lat' dir='ltr'><strong>nerationis</strong></span> <span class='ocrx_word' id='word_1_673' title='bbox 810 4407 982 4478; x_wconf 74' lang='lat' dir='ltr'><strong>legem</strong></span> <span class='ocrx_word' id='word_1_674' title='bbox 1035 4403 1335 4474; x_wconf 77' lang='lat' dir='ltr'><strong>superavit.</strong></span> <span class='ocrx_word' id='word_1_675' title='bbox 1374 4401 1549 4469; x_wconf 85' lang='lat' dir='ltr'><strong>Quam</strong></span> <span class='ocrx_word' id='word_1_676' title='bbox 1593 4401 1741 4456; x_wconf 88' lang='lat' dir='ltr'><strong>enim</strong></span> <span class='ocrx_word' id='word_1_677' title='bbox 1782 4402 2003 4473; x_wconf 84' lang='lat' dir='ltr'><strong>volupta</strong></span> 
     </span>
    </p>
   </div>
   <div class='ocr_carea' id='block_1_89' title="bbox 2174 4401 3724 4488">
    <p class='ocr_par' dir='ltr' id='par_1_89' title="bbox 2174 4401 3724 4480">
     <span class='ocr_line' id='line_1_90' title="bbox 2174 4401 3724 4480; baseline 0.008 -24"><span class='ocrx_word' id='word_1_678' title='bbox 2174 4401 2196 4456; x_wconf 78' lang='grc' dir='ltr'>ῡ</span> <span class='ocrx_word' id='word_1_679' title='bbox 2229 4402 2610 4474; x_wconf 83' lang='grc' dir='ltr'>προηγήσατο,</span> <span class='ocrx_word' id='word_1_680' title='bbox 2642 4404 2766 4458; x_wconf 71' lang='grc' dir='ltr'>οὐδὲ</span> <span class='ocrx_word' id='word_1_681' title='bbox 2812 4405 2943 4462; x_wconf 78' lang='grc' dir='ltr'>ὠδὶν</span> <span class='ocrx_word' id='word_1_682' title='bbox 2978 4407 3422 4480; x_wconf 72' lang='grc' dir='ltr'>ἐπηκολούθησε,</span> <span class='ocrx_word' id='word_1_683' title='bbox 3447 4413 3595 4467; x_wconf 81' lang='grc' dir='ltr'>κατὰ</span> <span class='ocrx_word' id='word_1_684' title='bbox 3631 4413 3724 4468; x_wconf 69' lang='grc' dir='ltr'><strong>τὸν</strong></span> 
     </span>
    </p>
   </div>
   <div class='ocr_carea' id='block_1_90' title="bbox 453 4494 2003 4570">
    <p class='ocr_par' dir='ltr' id='par_1_90' title="bbox 453 4494 2003 4564">
     <span class='ocr_line' id='line_1_91' title="bbox 453 4494 2003 4564; baseline -0.005 -8"><span class='ocrx_word' id='word_1_685' title='bbox 453 4515 564 4556; x_wconf 88' lang='lat' dir='ltr'><strong>non</strong></span> <span class='ocrx_word' id='word_1_686' title='bbox 598 4498 845 4564; x_wconf 82' lang='lat' dir='ltr'><strong>anteivit,</strong></span> <span class='ocrx_word' id='word_1_687' title='bbox 886 4512 955 4552; x_wconf 88' lang='lat' dir='ltr'><strong>ne</strong></span> <span class='ocrx_word' id='word_1_688' title='bbox 984 4496 1142 4554; x_wconf 88' lang='lat' dir='ltr'><strong>dolor</strong></span> <span class='ocrx_word' id='word_1_689' title='bbox 1182 4509 1318 4552; x_wconf 84' lang='lat' dir='ltr'><strong>sane</strong></span> <span class='ocrx_word' id='word_1_690' title='bbox 1362 4494 1419 4550; x_wconf 91' lang='lat' dir='ltr'><strong>in</strong></span> <span class='ocrx_word' id='word_1_691' title='bbox 1468 4500 1626 4564; x_wconf 90' lang='lat' dir='ltr'><strong>partu</strong></span> <span class='ocrx_word' id='word_1_692' title='bbox 1677 4501 1902 4548; x_wconf 84' lang='lat' dir='ltr'><strong>secutus</strong></span> <span class='ocrx_word' id='word_1_693' title='bbox 1928 4502 2003 4549; x_wconf 88' lang='lat' dir='ltr'><strong>est</strong></span> 
     </span>
    </p>
   </div>
   <div class='ocr_carea' id='block_1_91' title="bbox 2176 4494 3726 4570">
    <p class='ocr_par' dir='ltr' id='par_1_91' title="bbox 2176 4495 3726 4570">
     <span class='ocr_line' id='line_1_92' title="bbox 2176 4495 3726 4570; baseline 0.008 -24"><span class='ocrx_word' id='word_1_694' title='bbox 2176 4496 2427 4567; x_wconf 75' lang='grc' dir='ltr'>εροφήτην</span> <span class='ocrx_word' id='word_1_695' title='bbox 2454 4496 2548 4550; x_wconf 79' lang='grc' dir='ltr'>τὸν</span> <span class='ocrx_word' id='word_1_696' title='bbox 2584 4495 2840 4566; x_wconf 80' lang='grc' dir='ltr'>λέγοντα’</span> <span class='ocrx_word' id='word_1_697' title='bbox 2859 4500 3011 4568; x_wconf 71' lang='grc' dir='ltr'><strong>Πρὶν</strong></span> <span class='ocrx_word' id='word_1_698' title='bbox 3035 4500 3339 4570; x_wconf 75' lang='grc' dir='ltr'>ὼδίνησεν</span> <span class='ocrx_word' id='word_1_699' title='bbox 3355 4544 3372 4570; x_wconf 95' lang='grc'><strong>,</strong></span> <span class='ocrx_word' id='word_1_700' title='bbox 3399 4505 3588 4562; x_wconf 64' lang='grc' dir='ltr'>ἔτεκε.</span> <span class='ocrx_word' id='word_1_701' title='bbox 3612 4507 3726 4559; x_wconf 74' lang='grc' dir='ltr'><strong>Καὶ</strong></span> 
     </span>
    </p>
   </div>
   <div class='ocr_carea' id='block_1_92' title="bbox 449 4585 1999 4666">
    <p class='ocr_par' dir='ltr' id='par_1_92' title="bbox 449 4585 1999 4661">
     <span class='ocr_line' id='line_1_93' title="bbox 449 4585 1999 4661; baseline -0.005 -13"><span class='ocrx_word' id='word_1_702' title='bbox 449 4592 574 4660; x_wconf 82' lang='lat' dir='ltr'><strong>Quo</strong></span> <span class='ocrx_word' id='word_1_703' title='bbox 603 4599 814 4661; x_wconf 85' lang='lat' dir='ltr'><strong>spectat</strong></span> <span class='ocrx_word' id='word_1_704' title='bbox 846 4588 980 4644; x_wconf 87' lang='lat' dir='ltr'><strong>illud</strong></span> <span class='ocrx_word' id='word_1_705' title='bbox 1020 4589 1297 4659; x_wconf 64' lang='lat' dir='ltr'><strong>prophetae</strong></span> <span class='ocrx_word' id='word_1_706' title='bbox 1329 4605 1344 4643; x_wconf 92' lang='lat'><strong>:</strong></span> <span class='ocrx_word' id='word_1_707' title='bbox 1386 4585 1678 4654; x_wconf 85' lang='lat' dir='ltr'><strong>Antequam</strong></span> <span class='ocrx_word' id='word_1_708' title='bbox 1708 4599 1808 4655; x_wconf 81' lang='lat' dir='ltr'><strong>par</strong></span> <span class='ocrx_word' id='word_1_709' title='bbox 1821 4587 1999 4640; x_wconf 71' lang='lat' dir='ltr'><strong>turiret</strong></span> 
     </span>
    </p>
   </div>
   <div class='ocr_carea' id='block_1_93' title="bbox 2175 4585 3725 4666">
    <p class='ocr_par' dir='ltr' id='par_1_93' title="bbox 2175 4587 3725 4666">
     <span class='ocr_line' id='line_1_94' title="bbox 2175 4587 3725 4666; baseline 0.009 -27"><span class='ocrx_word' id='word_1_710' title='bbox 2175 4587 2302 4643; x_wconf 79' lang='grc' dir='ltr'>εάλιν</span> <span class='ocrx_word' id='word_1_711' title='bbox 2339 4604 2355 4620; x_wconf 78' lang='grc' dir='ltr'><strong><em>ο</em></strong></span> <span class='ocrx_word' id='word_1_712' title='bbox 2383 4588 2533 4658; x_wconf 74' lang='grc' dir='ltr'>Πρὶν</span> <span class='ocrx_word' id='word_1_713' title='bbox 2585 4589 2787 4643; x_wconf 76' lang='grc' dir='ltr'><strong>ἐλθεῖν</strong></span> <span class='ocrx_word' id='word_1_714' title='bbox 2833 4591 2943 4646; x_wconf 82' lang='grc' dir='ltr'><strong>τὸν</strong></span> <span class='ocrx_word' id='word_1_715' title='bbox 2975 4593 3189 4666; x_wconf 80' lang='grc' dir='ltr'>καιρὸν</span> <span class='ocrx_word' id='word_1_716' title='bbox 3220 4593 3340 4652; x_wconf 76' lang='grc' dir='ltr'>τῶν</span> <span class='ocrx_word' id='word_1_717' title='bbox 3361 4595 3598 4652; x_wconf 73' lang='grc' dir='ltr'>ὠδίνων</span> <span class='ocrx_word' id='word_1_718' title='bbox 3622 4597 3725 4665; x_wconf 74' lang='grc' dir='ltr'><strong>ἐξ·</strong></span> 
     </span>
    </p>
   </div>
   <div class='ocr_carea' id='block_1_94' title="bbox 447 4677 1997 4753">
    <p class='ocr_par' dir='ltr' id='par_1_94' title="bbox 447 4677 1990 4753">
     <span class='ocr_line' id='line_1_95' title="bbox 447 4677 1990 4753; baseline -0.003 -17"><span class='ocrx_word' id='word_1_719' title='bbox 447 4683 649 4753; x_wconf 77' lang='lat' dir='ltr'><strong>peperit</strong></span> <span class='ocrx_word' id='word_1_720' title='bbox 681 4683 749 4745; x_wconf 86' lang='grc'><strong>⁷⁵,</strong></span> <span class='ocrx_word' id='word_1_721' title='bbox 781 4691 836 4736; x_wconf 88' lang='grc' dir='ltr'><strong>ει</strong></span> <span class='ocrx_word' id='word_1_722' title='bbox 883 4681 1016 4736; x_wconf 87' lang='lat' dir='ltr'><strong>illud</strong></span> <span class='ocrx_word' id='word_1_723' title='bbox 1047 4695 1242 4737; x_wconf 78' lang='lat' dir='ltr'><strong>rursus</strong></span> <span class='ocrx_word' id='word_1_724' title='bbox 1268 4697 1281 4733; x_wconf 92' lang='lat'><strong>:</strong></span> <span class='ocrx_word' id='word_1_725' title='bbox 1318 4678 1614 4748; x_wconf 80' lang='lat' dir='ltr'><strong>Antequam</strong></span> <span class='ocrx_word' id='word_1_726' title='bbox 1641 4677 1864 4734; x_wconf 71' lang='lat' dir='ltr'><strong>venisset</strong></span> <span class='ocrx_word' id='word_1_727' title='bbox 1890 4687 1990 4732; x_wconf 86' lang='lat' dir='ltr'><strong>tem</strong></span> 
     </span>
    </p>
   </div>
   <div class='ocr_carea' id='block_1_95' title="bbox 1393 4677 2943 4753">
    <p class='ocr_par' dir='ltr' id='par_1_95' title="bbox 1393 4677 2943 4751">
     <span class='ocr_line' id='line_1_96' title="bbox 1393 4677 2943 4751; baseline 0.005 -19"><span class='ocrx_word' id='word_1_728' title='bbox 1393 4687 1614 4748; x_wconf 77' lang='lat' dir='ltr'><strong>nequam</strong></span> <span class='ocrx_word' id='word_1_729' title='bbox 1641 4677 1864 4734; x_wconf 71' lang='lat' dir='ltr'><strong>venisset</strong></span> <span class='ocrx_word' id='word_1_730' title='bbox 1890 4687 2029 4732; x_wconf 85' lang='lat' dir='ltr'><strong>tem-</strong></span> <span class='ocrx_word' id='word_1_731' title='bbox 2134 4678 2343 4751; x_wconf 75' lang='grc' dir='ltr'>ἐφυγε,</span> <span class='ocrx_word' id='word_1_732' title='bbox 2381 4680 2479 4736; x_wconf 78' lang='grc' dir='ltr'><strong>καί</strong></span> <span class='ocrx_word' id='word_1_733' title='bbox 2501 4679 2709 4735; x_wconf 70' lang='grc' dir='ltr'>ἔτεκεν·</span> <span class='ocrx_word' id='word_1_734' title='bbox 2733 4679 2943 4751; x_wconf 80' lang='grc' dir='ltr'>ἄρσεν.</span> 
     </span>
    </p>
   </div>
   <div class='ocr_carea' id='block_1_96' title="bbox 449 4768 1862 4844">
    <p class='ocr_par' dir='ltr' id='par_1_96' title="bbox 449 4768 1862 4844">
     <span class='ocr_line' id='line_1_97' title="bbox 449 4768 1862 4844; baseline -0.004 -16"><span class='ocrx_word' id='word_1_735' title='bbox 449 4791 548 4844; x_wconf 78' lang='lat' dir='ltr'><strong>pus</strong></span> <span class='ocrx_word' id='word_1_736' title='bbox 579 4773 935 4844; x_wconf 84' lang='lat' dir='ltr'><strong>parturiendi,</strong></span> <span class='ocrx_word' id='word_1_737' title='bbox 967 4773 1125 4844; x_wconf 72' lang='lat' dir='ltr'><strong>fugit,</strong></span> <span class='ocrx_word' id='word_1_738' title='bbox 1156 4789 1220 4826; x_wconf 91' lang='lat' dir='ltr'><strong>ac</strong></span> <span class='ocrx_word' id='word_1_739' title='bbox 1245 4770 1446 4840; x_wconf 82' lang='lat' dir='ltr'><strong>peperit</strong></span> <span class='ocrx_word' id='word_1_740' title='bbox 1473 4768 1773 4824; x_wconf 71' lang='lat' dir='ltr'><strong>masculum</strong></span> <span class='ocrx_word' id='word_1_741' title='bbox 1789 4768 1862 4823; x_wconf 88' lang='lat'><strong>&quot;’.</strong></span> 
     </span>
    </p>
   </div>
   <div class='ocr_carea' id='block_1_97' title="bbox 519 4857 2069 4936">
    <p class='ocr_par' dir='ltr' id='par_1_97' title="bbox 519 4861 2038 4936">
     <span class='ocr_line' id='line_1_98' title="bbox 519 4861 2038 4936; baseline -0.003 -16"><span class='ocrx_word' id='word_1_742' title='bbox 519 4864 595 4920; x_wconf 76' lang='lat' dir='ltr'><strong>Ex</strong></span> <span class='ocrx_word' id='word_1_743' title='bbox 631 4881 694 4922; x_wconf 89' lang='lat' dir='ltr'><strong>ea</strong></span> <span class='ocrx_word' id='word_1_744' title='bbox 724 4867 904 4936; x_wconf 83' lang='lat' dir='ltr'><strong>itaque</strong></span> <span class='ocrx_word' id='word_1_745' title='bbox 979 4863 1072 4921; x_wconf 89' lang='lat' dir='ltr'><strong>Dei</strong></span> <span class='ocrx_word' id='word_1_746' title='bbox 1149 4861 1325 4918; x_wconf 79' lang='lat' dir='ltr'><strong>Filius</strong></span> <span class='ocrx_word' id='word_1_747' title='bbox 1351 4869 1628 4932; x_wconf 87' lang='lat' dir='ltr'><strong>assumpta</strong></span> <span class='ocrx_word' id='word_1_748' title='bbox 1659 4873 1827 4916; x_wconf 89' lang='lat' dir='ltr'><strong>carne</strong></span> <span class='ocrx_word' id='word_1_749' title='bbox 1875 4867 2038 4915; x_wconf 83' lang='lat' dir='ltr'><strong>natus</strong></span> 
     </span>
    </p>
   </div>
   <div class='ocr_carea' id='block_1_98' title="bbox 2174 4857 3724 4936">
    <p class='ocr_par' dir='ltr' id='par_1_98' title="bbox 2208 4857 3724 4933">
     <span class='ocr_line' id='line_1_99' title="bbox 2208 4857 3724 4933; baseline 0.007 -23"><span class='ocrx_word' id='word_1_750' title='bbox 2208 4857 2540 4930; x_wconf 82' lang='grc' dir='ltr'>Γεγέννηται</span> <span class='ocrx_word' id='word_1_751' title='bbox 2568 4858 2752 4914; x_wconf 88' lang='grc' dir='ltr'>τοίνυν</span> <span class='ocrx_word' id='word_1_752' title='bbox 2784 4858 2844 4932; x_wconf 73' lang='grc' dir='ltr'><strong>ιε</strong></span> <span class='ocrx_word' id='word_1_753' title='bbox 2879 4861 3052 4933; x_wconf 80' lang='grc' dir='ltr'>αὐτῆς</span> <span class='ocrx_word' id='word_1_754' title='bbox 3078 4863 3109 4918; x_wconf 82' lang='grc' dir='ltr'><strong>δ</strong></span> <span class='ocrx_word' id='word_1_755' title='bbox 3138 4863 3270 4928; x_wconf 86' lang='grc' dir='ltr'>Υίδς</span> <span class='ocrx_word' id='word_1_756' title='bbox 3307 4865 3403 4920; x_wconf 85' lang='grc' dir='ltr'><strong>τοῦ</strong></span> <span class='ocrx_word' id='word_1_757' title='bbox 3455 4866 3592 4921; x_wconf 85' lang='grc' dir='ltr'>Θεοῦ</span> <span class='ocrx_word' id='word_1_758' title='bbox 3628 4883 3724 4922; x_wconf 81' lang='grc' dir='ltr'>σε-</span> 
     </span>
    </p>
   </div>
   <div class='ocr_carea' id='block_1_99' title="bbox 445 4945 1995 5029">
    <p class='ocr_par' dir='ltr' id='par_1_99' title="bbox 445 4953 1995 5028">
     <span class='ocr_line' id='line_1_100' title="bbox 445 4953 1995 5028; baseline -0.005 -12"><span class='ocrx_word' id='word_1_759' title='bbox 445 4969 561 5028; x_wconf 86' lang='lat' dir='ltr'><strong>est;</strong></span> <span class='ocrx_word' id='word_1_760' title='bbox 596 4976 707 5015; x_wconf 89' lang='lat' dir='ltr'><strong>non</strong></span> <span class='ocrx_word' id='word_1_761' title='bbox 741 4962 906 5016; x_wconf 85' lang='lat' dir='ltr'><strong>homo</strong></span> <span class='ocrx_word' id='word_1_762' title='bbox 950 4957 1162 5022; x_wconf 65' lang='lat' dir='ltr'><strong>deiter,</strong></span> <span class='ocrx_word' id='word_1_763' title='bbox 1196 4956 1418 5027; x_wconf 87' lang='lat' dir='ltr'><strong>Deoque</strong></span> <span class='ocrx_word' id='word_1_764' title='bbox 1453 4954 1689 5019; x_wconf 78' lang='lat' dir='ltr'><strong>amatus,</strong></span> <span class='ocrx_word' id='word_1_765' title='bbox 1737 4953 1833 5010; x_wconf 80' lang='lat' dir='ltr'><strong>sed</strong></span> <span class='ocrx_word' id='word_1_766' title='bbox 1884 4953 1995 5010; x_wconf 92' lang='lat' dir='ltr'><strong>Deu</strong></span> 
     </span>
    </p>
   </div>
   <div class='ocr_carea' id='block_1_100' title="bbox 2175 4945 3725 5029">
    <p class='ocr_par' dir='ltr' id='par_1_100' title="bbox 2175 4949 3725 5029">
     <span class='ocr_line' id='line_1_101' title="bbox 2175 4949 3725 5029; baseline 0.006 -23"><span class='ocrx_word' id='word_1_767' title='bbox 2175 4949 2493 5023; x_wconf 84' lang='grc' dir='ltr'>αρκωμένος</span> <span class='ocrx_word' id='word_1_768' title='bbox 2529 4951 2575 5020; x_wconf 74' lang='grc' dir='ltr'><strong>ί,</strong></span> <span class='ocrx_word' id='word_1_769' title='bbox 2603 4951 2664 5010; x_wconf 81' lang='grc' dir='ltr'>οὐ</span> <span class='ocrx_word' id='word_1_770' title='bbox 2722 4952 2983 5025; x_wconf 75' lang='grc' dir='ltr'>θεοφόρος</span> <span class='ocrx_word' id='word_1_771' title='bbox 3028 4955 3318 5029; x_wconf 76' lang='grc' dir='ltr'>ἄνθρωπος</span> <span class='ocrx_word' id='word_1_772' title='bbox 3338 4998 3355 5024; x_wconf 94' lang='grc'><strong>,</strong></span> <span class='ocrx_word' id='word_1_773' title='bbox 3387 4959 3524 5016; x_wconf 72' lang='grc' dir='ltr'>ἀλλὰ</span> <span class='ocrx_word' id='word_1_774' title='bbox 3585 4960 3725 5025; x_wconf 80' lang='grc' dir='ltr'>Θεὸς</span> 
     </span>
    </p>
   </div>
   <div class='ocr_carea' id='block_1_101' title="bbox 509 5082 2059 5163">
    <p class='ocr_par' dir='ltr' id='par_1_101' title="bbox 509 5082 2040 5163">
     <span class='ocr_line' id='line_1_102' title="bbox 509 5082 2040 5163; baseline 0.01 -40"><span class='ocrx_word' id='word_1_775' title='bbox 509 5089 559 5163; x_wconf 58' lang='grc' dir='ltr'><strong>τε</strong></span> <span class='ocrx_word' id='word_1_776' title='bbox 609 5088 890 5163; x_wconf 36' lang='lat' dir='ltr'><strong>“api...</strong></span> <span class='ocrx_word' id='word_1_777' title='bbox 949 5086 1038 5163; x_wconf 70' lang='lat'><strong>1_0_.</strong></span> <span class='ocrx_word' id='word_1_778' title='bbox 1084 5085 1156 5163; x_wconf 81' lang='lat'><strong>_&quot;</strong></span> <span class='ocrx_word' id='word_1_779' title='bbox 1211 5085 1317 5141; x_wconf 87' lang='lat' dir='ltr'><strong>lsa.</strong></span> <span class='ocrx_word' id='word_1_780' title='bbox 1351 5100 1448 5163; x_wconf 84' lang='lat' dir='ltr'><strong>v1t_.</strong></span> <span class='ocrx_word' id='word_1_781' title='bbox 1484 5084 1607 5163; x_wconf 76' lang='lat' dir='ltr'><strong>M_;_</strong></span> <span class='ocrx_word' id='word_1_782' title='bbox 1645 5082 1838 5163; x_wconf 57' lang='lat' dir='ltr'><strong>blatth.</strong></span> <span class='ocrx_word' id='word_1_783' title='bbox 1873 5097 1911 5147; x_wconf 84' lang='grc' dir='ltr'><strong>ι,</strong></span> <span class='ocrx_word' id='word_1_784' title='bbox 1947 5082 2040 5139; x_wconf 73' lang='lat'><strong>25.</strong></span> 
     </span>
    </p>
   </div>
   <div class='ocr_carea' id='block_1_102' title="bbox 2167 5082 3717 5163">
    <p class='ocr_par' dir='ltr' id='par_1_102' title="bbox 2167 5083 3717 5163">
     <span class='ocr_line' id='line_1_103' title="bbox 2167 5083 3717 5163; baseline 0.01 -24"><span class='ocrx_word' id='word_1_785' title='bbox 2167 5083 2301 5141; x_wconf 84' lang='lat' dir='ltr'><strong>&#39;Job</strong></span> <span class='ocrx_word' id='word_1_786' title='bbox 2364 5101 2422 5151; x_wconf 87' lang='lat' dir='ltr'><strong>v,</strong></span> <span class='ocrx_word' id='word_1_787' title='bbox 2470 5085 2571 5153; x_wconf 66' lang='lat'><strong>13;</strong></span> <span class='ocrx_word' id='word_1_788' title='bbox 2611 5085 2792 5144; x_wconf 87' lang='lat' dir='ltr'><strong>lCor.</strong></span> <span class='ocrx_word' id='word_1_789' title='bbox 2854 5102 2938 5156; x_wconf 87' lang='lat' dir='ltr'><strong>ut,</strong></span> <span class='ocrx_word' id='word_1_790' title='bbox 2990 5087 3079 5145; x_wconf 74' lang='lat' dir='ltr'><strong>i9.</strong></span> <span class='ocrx_word' id='word_1_791' title='bbox 3154 5089 3201 5123; x_wconf 86' lang='lat'><strong>&quot;</strong></span> <span class='ocrx_word' id='word_1_792' title='bbox 3252 5088 3556 5163; x_wconf 78' lang='lat' dir='ltr'><strong>lsa.&#39;xnx,</strong></span> <span class='ocrx_word' id='word_1_793' title='bbox 3624 5095 3717 5153; x_wconf 78' lang='lat' dir='ltr'><strong>ll.</strong></span> 
     </span>
    </p>
   </div>
   <div class='ocr_carea' id='block_1_103' title="bbox 444 5153 1804 5226">
    <p class='ocr_par' dir='ltr' id='par_1_103' title="bbox 444 5153 1804 5226">
     <span class='ocr_line' id='line_1_104' title="bbox 444 5153 1804 5226; baseline -0.007 -9"><span class='ocrx_word' id='word_1_794' title='bbox 444 5153 881 5226; x_wconf 45' lang='lat'><strong>&quot;1030.515.</strong></span> <span class='ocrx_word' id='word_1_795' title='bbox 975 5158 1023 5189; x_wconf 84' lang='grc'><strong>⁷⁸</strong></span> <span class='ocrx_word' id='word_1_796' title='bbox 1082 5153 1192 5212; x_wconf 89' lang='lat' dir='ltr'><strong>lsa.</strong></span> <span class='ocrx_word' id='word_1_797' title='bbox 1228 5155 1460 5220; x_wconf 75' lang='lat' dir='ltr'><strong>vat,7.</strong></span> <span class='ocrx_word' id='word_1_798' title='bbox 1561 5154 1608 5186; x_wconf 83' lang='grc'><strong>⁷⁸</strong></span> <span class='ocrx_word' id='word_1_799' title='bbox 1665 5153 1804 5208; x_wconf 85' lang='lat' dir='ltr'><strong>ibid.</strong></span> 
     </span>
    </p>
   </div>
   <div class='ocr_carea' id='block_1_104' title="bbox 1740 5242 2412 5303">
    <p class='ocr_par' dir='ltr' id='par_1_104' title="bbox 1740 5242 2412 5303">
     <span class='ocr_line' id='line_1_105' title="bbox 1740 5242 2412 5303; baseline 0 0"><span class='ocrx_word' id='word_1_800' title='bbox 1740 5245 1974 5303; x_wconf 78' lang='lat' dir='ltr'><strong>VARle</strong></span> <span class='ocrx_word' id='word_1_801' title='bbox 2005 5242 2300 5302; x_wconf 82' lang='lat' dir='ltr'><strong>LECTION</strong></span> <span class='ocrx_word' id='word_1_802' title='bbox 2309 5245 2412 5302; x_wconf 82' lang='lat' dir='ltr'><strong>ES.</strong></span> 
     </span>
    </p>
   </div>
   <div class='ocr_carea' id='block_1_105' title="bbox 520 5337 3716 5414">
    <p class='ocr_par' dir='ltr' id='par_1_105' title="bbox 520 5337 3716 5414">
     <span class='ocr_line' id='line_1_106' title="bbox 520 5337 3716 5414; baseline -0.001 -11"><span class='ocrx_word' id='word_1_803' title='bbox 520 5348 538 5390; x_wconf 66' lang='grc' dir='ltr'><strong>ί</strong></span> <span class='ocrx_word' id='word_1_804' title='bbox 586 5349 743 5414; x_wconf 78' lang='lat' dir='ltr'><strong>Regii</strong></span> <span class='ocrx_word' id='word_1_805' title='bbox 799 5349 955 5405; x_wconf 84' lang='lat' dir='ltr'><strong>multi</strong></span> <span class='ocrx_word' id='word_1_806' title='bbox 1001 5349 1156 5406; x_wconf 88' lang='lat' dir='ltr'><strong>Colb.</strong></span> <span class='ocrx_word' id='word_1_807' title='bbox 1198 5346 1256 5410; x_wconf 75' lang='lat'><strong>2,</strong></span> <span class='ocrx_word' id='word_1_808' title='bbox 1320 5344 1378 5399; x_wconf 90' lang='lat' dir='ltr'><strong>S.</strong></span> <span class='ocrx_word' id='word_1_809' title='bbox 1423 5337 1532 5400; x_wconf 81' lang='lat' dir='ltr'><strong>Hil.</strong></span> <span class='ocrx_word' id='word_1_810' title='bbox 1569 5343 1722 5399; x_wconf 76' lang='lat' dir='ltr'><strong>et‘N.</strong></span> <span class='ocrx_word' id='word_1_811' title='bbox 1753 5343 1887 5404; x_wconf 82' lang='grc' dir='ltr'>Θεὸς</span> <span class='ocrx_word' id='word_1_812' title='bbox 1921 5359 2150 5414; x_wconf 85' lang='grc' dir='ltr'>σεσαρκ.</span> <span class='ocrx_word' id='word_1_813' title='bbox 2185 5342 2276 5397; x_wconf 90' lang='lat' dir='ltr'><strong>Sic</strong></span> <span class='ocrx_word' id='word_1_814' title='bbox 2320 5350 2483 5414; x_wconf 83' lang='lat' dir='ltr'><strong>vetus</strong></span> <span class='ocrx_word' id='word_1_815' title='bbox 2510 5341 2744 5414; x_wconf 85' lang='lat' dir='ltr'><strong>interpr.</strong></span> <span class='ocrx_word' id='word_1_816' title='bbox 2792 5351 2846 5414; x_wconf 85' lang='lat' dir='ltr'><strong>et</strong></span> <span class='ocrx_word' id='word_1_817' title='bbox 2866 5341 3088 5400; x_wconf 83' lang='lat' dir='ltr'><strong>Faber:</strong></span> <span class='ocrx_word' id='word_1_818' title='bbox 3129 5343 3305 5401; x_wconf 79' lang='lat' dir='ltr'><strong>Filius</strong></span> <span class='ocrx_word' id='word_1_819' title='bbox 3339 5346 3434 5401; x_wconf 89' lang='lat' dir='ltr'><strong>Dei</strong></span> <span class='ocrx_word' id='word_1_820' title='bbox 3460 5356 3512 5401; x_wconf 90' lang='lat' dir='ltr'><strong>et</strong></span> <span class='ocrx_word' id='word_1_821' title='bbox 3549 5345 3716 5414; x_wconf 73' lang='lat' dir='ltr'><strong>Dens,</strong></span> 
     </span>
    </p>
   </div>
   <div class='ocr_carea' id='block_1_106' title="bbox 443 5393 3720 5489">
    <p class='ocr_par' dir='ltr' id='par_1_106' title="bbox 443 5393 3720 5489">
     <span class='ocr_line' id='line_1_107' title="bbox 443 5393 3720 5489; baseline -0.001 -13"><span class='ocrx_word' id='word_1_822' title='bbox 443 5421 514 5477; x_wconf 77' lang='lat' dir='ltr'><strong>tt.</strong></span> <span class='ocrx_word' id='word_1_823' title='bbox 543 5393 697 5476; x_wconf 63' lang='grc' dir='ltr'><strong>εὶΞέ</strong></span> <span class='ocrx_word' id='word_1_824' title='bbox 708 5393 1532 5489; x_wconf 44' lang='lat' dir='ltr'><strong>&#39;;.i&#39;b:&#39;.é.&#39;;,“.‘a&quot;tangatis</strong></span> <span class='ocrx_word' id='word_1_825' title='bbox 1567 5393 2239 5483; x_wconf 45' lang='lat' dir='ltr'><strong>ait;‘as&#39;stsc*.ita‘*‘qao*a&#39;</strong></span> <span class='ocrx_word' id='word_1_826' title='bbox 2254 5393 2328 5469; x_wconf 57' lang='lat' dir='ltr'><strong>ex</strong></span> <span class='ocrx_word' id='word_1_827' title='bbox 2360 5393 2756 5484; x_wconf 48' lang='lat' dir='ltr'><strong>inausum</strong></span> <span class='ocrx_word' id='word_1_828' title='bbox 2797 5393 2888 5482; x_wconf 56' lang='lat' dir='ltr'><strong>is;</strong></span> <span class='ocrx_word' id='word_1_829' title='bbox 2912 5393 3029 5470; x_wconf 42' lang='lat' dir='ltr'><strong>fit)?</strong></span> <span class='ocrx_word' id='word_1_830' title='bbox 3052 5393 3146 5481; x_wconf 72' lang='lat' dir='ltr'><strong>.i.,‘</strong></span> <span class='ocrx_word' id='word_1_831' title='bbox 3170 5393 3720 5473; x_wconf 62' lang='lat' dir='ltr'><strong>r‘.;&#39;.;;.’;.;.;ssi.1:.:</strong></span> 
     </span>
    </p>
   </div>
   <div class='ocr_carea' id='block_1_107' title="bbox 448 5492 2191 5610">
    <p class='ocr_par' dir='ltr' id='par_1_107' title="bbox 448 5492 2191 5610">
     <span class='ocr_line' id='line_1_108' title="bbox 448 5492 2191 5610; baseline 0.002 -67"><span class='ocrx_word' id='word_1_832' title='bbox 448 5492 788 5547; x_wconf 87' lang='lat' dir='ltr'><strong>monuimus.</strong></span> <span class='ocrx_word' id='word_1_833' title='bbox 1954 5551 2191 5610; x_wconf 46' lang='lat' dir='ltr'><strong>NOTAE.</strong></span> 
     </span>
    </p>
   </div>
   <div class='ocr_carea' id='block_1_108' title="bbox 445 5644 3719 5719">
    <p class='ocr_par' dir='ltr' id='par_1_108' title="bbox 445 5644 3719 5719">
     <span class='ocr_line' id='line_1_109' title="bbox 445 5644 3719 5719; baseline 0.003 -21"><span class='ocrx_word' id='word_1_834' title='bbox 445 5657 636 5719; x_wconf 64' lang='lat' dir='ltr'><strong>sancta</strong></span> <span class='ocrx_word' id='word_1_835' title='bbox 675 5650 997 5708; x_wconf 88' lang='lat' dir='ltr'><strong>visebantur</strong></span> <span class='ocrx_word' id='word_1_836' title='bbox 1045 5647 1390 5703; x_wconf 82' lang='lat' dir='ltr'><strong>Probaticam</strong></span> <span class='ocrx_word' id='word_1_837' title='bbox 1443 5662 1574 5719; x_wconf 90' lang='lat' dir='ltr'><strong>non_</strong></span> <span class='ocrx_word' id='word_1_838' title='bbox 1603 5647 1921 5711; x_wconf 86' lang='lat' dir='ltr'><strong>recensuit,</strong></span> <span class='ocrx_word' id='word_1_839' title='bbox 1951 5647 2028 5701; x_wconf 86' lang='lat' dir='ltr'><strong>uti</strong></span> <span class='ocrx_word' id='word_1_840' title='bbox 2138 5644 2412 5719; x_wconf 80' lang='lat' dir='ltr'><strong>ejusmodi</strong></span> <span class='ocrx_word' id='word_1_841' title='bbox 2441 5645 2799 5705; x_wconf 87' lang='lat' dir='ltr'><strong>traditionum</strong></span> <span class='ocrx_word' id='word_1_842' title='bbox 2837 5644 3012 5705; x_wconf 84' lang='lat' dir='ltr'><strong>fuisse</strong></span> <span class='ocrx_word' id='word_1_843' title='bbox 3057 5655 3336 5719; x_wconf 89' lang='lat' dir='ltr'><strong>parentem</strong></span> <span class='ocrx_word' id='word_1_844' title='bbox 3366 5647 3617 5706; x_wconf 83' lang='lat' dir='ltr'><strong>dicemus</strong></span> <span class='ocrx_word' id='word_1_845' title='bbox 3657 5651 3719 5708; x_wconf 86' lang='lat' dir='ltr'><strong>in</strong></span> 
     </span>
    </p>
   </div>
   <div class='ocr_carea' id='block_1_109' title="bbox 445 5715 2417 5788">
    <p class='ocr_par' dir='ltr' id='par_1_109' title="bbox 445 5715 2417 5788">
     <span class='ocr_line' id='line_1_110' title="bbox 445 5715 2417 5788; baseline -0.002 -14"><span class='ocrx_word' id='word_1_846' title='bbox 445 5733 551 5774; x_wconf 87' lang='lat' dir='ltr'><strong>nec</strong></span> <span class='ocrx_word' id='word_1_847' title='bbox 585 5718 985 5786; x_wconf 82' lang='lat' dir='ltr'><strong>Hieronymus,</strong></span> <span class='ocrx_word' id='word_1_848' title='bbox 1015 5721 1222 5774; x_wconf 86' lang='lat' dir='ltr'><strong>alterve</strong></span> <span class='ocrx_word' id='word_1_849' title='bbox 1267 5719 1519 5788; x_wconf 83' lang='lat' dir='ltr'><strong>superior</strong></span> <span class='ocrx_word' id='word_1_850' title='bbox 1549 5717 1799 5773; x_wconf 83' lang='lat' dir='ltr'><strong>Juvenali</strong></span> <span class='ocrx_word' id='word_1_851' title='bbox 1825 5759 1838 5785; x_wconf 90' lang='lat'><strong>,</strong></span> <span class='ocrx_word' id='word_1_852' title='bbox 1870 5732 2032 5788; x_wconf 83' lang='lat' dir='ltr'><strong>quem</strong></span> <span class='ocrx_word' id='word_1_853' title='bbox 2139 5717 2246 5771; x_wconf 85' lang='lat' dir='ltr'><strong>alio</strong></span> <span class='ocrx_word' id='word_1_854' title='bbox 2276 5715 2417 5770; x_wconf 91' lang='lat' dir='ltr'><strong>loco.</strong></span> 
     </span>
    </p>
   </div>
  </div>
