3926 6292
302 317 437 387 1161

1343 314 1440 375 DE
1465 313 1644 373 FIDE
1686 313 2153 374 ORTHODOXA
2187 317 2334 377 LIB.
2376 319 2477 379 IV.

3403 320 3540 388 1162

295 427 714 501 σεσαρκωμὲνος
747 442 759 455 ·
788 424 887 495 οὒκ
921 424 997 488 ὥς
1018 424 1304 495 προφήτης
1344 423 1596 494 ἐνεργείᾳ
1637 424 1856 494 χριόμε-

1966 422 2449 491 incarnatusmon
2475 427 2527 481 in
2552 410 2830 499 prophetae
2879 444 3083 485 morem
3132 430 3414 488 eﬂicientia
3467 437 3542 489 in-

294 541 403 589 νος,
467 518 740 591 παρουσίᾳ
793 516 852 570 δὲ
908 516 1031 569 ὅλου
1065 515 1156 569 τοῦ
1190 516 1459 587 χρίοντος·
1484 514 1623 568 ὥστε
1660 514 1873 586 ἄνθρω-

291 630 394 666 πον
417 612 518 683 μὲν
541 607 791 679 γενέσθαι
813 608 875 660 τὸ
903 607 1098 678 χρίσαν
1120 647 1134 672 ,
1163 607 1257 660 καὶ
1285 606 1416 659 Θεὸν
1444 605 1504 659 τὸ
1536 606 1826 676 χριόμενον
1856 622 1868 635 ⁸

289 704 350 757 ού
380 701 650 773 μεταϐολῇ
682 700 918 769 φύσεως,
938 699 1051 753 ἀλλ’
1074 697 1266 753 ὲνὼσει
1307 700 1374 768 τῇ
1411 697 1532 751 καθ’
1557 696 1869 750 ὑπόστασιν.

301 796 360 847 Ὀ
393 794 553 858 αὐτὸς
576 793 685 863 γὰρ
706 788 774 863 ἦν
797 795 843 857 ε,
865 792 893 845 ὃ
910 809 968 845 τε
997 791 1168 862 χρίων
1190 791 1281 844 καὶ
1310 792 1338 843 6
1365 790 1676 860 χριόμενος·
1703 788 1873 858 χρίων

290 887 365 949 ὡς
386 887 520 949 Θεὸς
542 886 731 940 ἑαυτὸν
752 886 826 948 ὡς
858 883 1164 955 ἄνθρωπον.
1191 883 1316 945 Πῶς
1338 878 1430 936 οὖν
1452 881 1513 934 οὐ
1543 880 1870 949 Θεοτόκος,ή

290 977 420 1030 Θεὸν
446 975 862 1048 σεσαρκωμένον
896 974 954 1039 ἐξ
983 974 1149 1044 αὐτῆς
1175 975 1483 1042 γεννήσασα
1508 987 1521 1036 ;
1544 972 1748 1033 Ὄντως
1770 987 1869 1023 κυ-

297 1068 426 1140 ρίως
456 1068 551 1121 καὶ
581 1066 795 1136 ἀληθῶς
822 1066 1110 1128 Θεοτόκος,
1160 1065 1253 1118 καὶ
1284 1064 1486 1133 κυρία,
1528 1063 1620 1115 καὶ
1651 1062 1869 1114 πάντων

294 1161 609 1233 κτισμάτων
655 1158 1010 1223 δεσπόζουσα,
1061 1157 1222 1226 δούλη
1257 1156 1351 1209 καὶ
1406 1156 1588 1225 μήτηρ
1635 1153 1731 1225 τοῦ
1762 1157 1866 1221 Δη-

294 1252 557 1321 μιουργοῦ
579 1249 984 1322 χρηματίσασα.
1005 1250 1212 1318 Ὠσπερ
1233 1248 1289 1299 δὲ
1313 1245 1636 1315 συλληφθεὶς
1667 1243 1869 1314 παρθέ-

295 1360 384 1395 νον
404 1342 502 1412 τὴν
528 1341 893 1395 συλλαϐοῦσαν
914 1341 1198 1411 ἐτήρησεν,
1226 1339 1365 1392 οὓτω
1394 1339 1485 1390 καὶ
1514 1336 1748 1405 τεχθεὶς,
1766 1334 1866 1403 τὴν

295 1435 463 1502 αὐτῆς
480 1432 775 1504 παρθενίαν
798 1431 1061 1499 ἐφύλαξεν
1080 1432 1343 1501 ἄτρωτον,
1367 1432 1525 1498 μόνος
1553 1425 1779 1479 διελθὼν
1797 1424 1866 1478 δι’

294 1523 487 1591 αὐτῆς,
512 1523 605 1575 καὶ
636 1522 1031 1591 κεκλεισμένην
1082 1521 1331 1591 τηρήσας
1368 1520 1541 1588 αὐτήν
1563 1534 1576 1549 ο
1604 1518 1671 1570 δι’
1697 1516 1865 1584 ἀκοῆς

295 1612 395 1684 μὲν
423 1614 457 1683 ἡ
491 1612 772 1684 σύλληψις,
796 1615 829 1682 ή
855 1612 911 1665 δὲ
936 1613 1195 1681 γέννησις
1232 1610 1319 1663 διὰ
1347 1610 1447 1680 τῆς
1472 1607 1737 1680 συνήθους
1758 1606 1864 1659 τῶν

1978 523 2195 579 unctus,
2228 531 2416 571 verum
2436 520 2601 575 totius
2629 521 2883 590 ungentis
2903 522 3214 591 praesentia,
3239 533 3298 578 ut
3321 536 3375 579 et
3407 526 3541 580 illud

1974 606 2118 674 quod
2145 607 2319 672 unxit,
2349 607 2554 662 factum
2589 610 2661 664 sit
2692 610 2876 675 homo,
2908 619 2961 665 et
2990 611 3097 666 hoc
3136 612 3283 681 quod
3312 623 3539 668 unetum

1972 703 2075 759 est,
2101 695 2279 762 Deus;
2315 712 2424 751 non
2455 698 2836 757 immutatione
2860 709 3088 768 naturae,
3113 702 3206 756 sed
3231 702 3435 757 unione
3454 719 3541 758 se-

1974 776 2216 840 cundum
2254 786 2615 858 hypostasim.
2650 790 2793 845 idem
2826 792 2970 845 enim
3000 800 3118 846 erat
3150 800 3204 847 et
3234 808 3450 863 ungens
3487 803 3543 849 et

1972 885 2193 944 unctus,
2221 886 2432 949 ungbns
2464 889 2533 935 ut'
2553 880 2698 937 Deus
2756 882 2994 952 seipsum
3026 892 3086 938 ut
3110 884 3409 940 hominem.
3438 885 3542 940 Ec-

1974 981 2075 1020 cur
2093 983 2225 1039 ergo
2250 969 2344 1025 Dei
2370 968 2618 1026 Genitrix
2652 988 2760 1028 non
2789 977 2915 1039 erit,
2944 991 3064 1045 quae
3087 976 3252 1031 Deum
3286 978 3540 1032 incarna-

1971 1064 2084 1111 tum
2112 1075 2176 1112 ex
2210 1076 2269 1115 se
2294 1063 2520 1131 genuit?
2551 1062 2804 1119 Profecto
2834 1080 2958 1120 vere
2984 1074 3036 1121 et
3055 1069 3276 1138 proprie
3308 1068 3404 1125 Dei
3435 1068 3542 1125 Ge-
3648 1072 3651 1073 ⁷

1970 1148 2135 1202 nitri:
2166 1159 2250 1205 est
2282 1160 2335 1205 et
2359 1151 2587 1207 Domina
2611 1198 2624 1221 ,
2656 1157 3024 1226 omnibusque
3050 1159 3246 1215 creatis
3279 1160 3538 1229 imperat,

1969 1254 2088 1309 quae
2107 1241 2305 1295 ancilla
2325 1254 2605 1313 materque
2621 1245 2783 1300 simul
2805 1248 3014 1302 exstitit
3029 1248 3329 1304 Creatoris.
3346 1251 3541 1316 Quem-

1969 1329 2264 1384 admodum
2296 1342 2476 1386 autcm
2512 1334 2604 1389 ille
2636 1336 2730 1405 qui
2766 1346 3062 1408 conceptus
3091 1338 3211 1403 fuit,
3260 1354 3379 1393 eam
3419 1357 3540 1410 qua:

1965 1422 2595 1494 conceperat,Virginem
2622 1427 2885 1491 servavit;
2912 1429 2991 1483 sic
3014 1430 3293 1485 nascendo
3315 1432 3542 1502 virgini-

1968 1519 2134 1565 tatem
2190 1512 2335 1569 illius
2381 1512 2709 1571 incolumem
2739 1518 3033 1573 custodivit
3058 1559 3073 1582 ,
3105 1522 3255 1577 solus
3288 1539 3386 1593 per
3417 1539 3537 1579 eam

1966 1604 2260 1672 transiens,
2297 1607 2651 1678 clausamque
2687 1623 3017 1666 conservans
3045 1612 3112 1667 ⁷³.
3142 1612 3220 1666 Ac
3254 1616 3538 1684 conceptio

288 1698 626 1773 τικτομένων
681 1702 899 1767 ἐξόδου,
938 1704 986 1755 εί
1046 1702 1140 1755 καί
1190 1718 1334 1763 τινες
1387 1697 1746 1769 μυθολογοῦσι
1774 1695 1856 1748 διὰ

1964 1693 2184 1762 quidem
2210 1712 2308 1766 per
2339 1698 2589 1752 auditum
2622 1698 2766 1754 facta
2796 1710 2879 1756 est
2903 1719 2917 1756 :
2956 1711 3109 1757 ortus
3135 1719 3265 1759 vero
3289 1719 3385 1775 per
3413 1722 3534 1761 eam

289 1796 388 1864 τῆς
434 1764 676 1865 πλευρᾶς
721 1764 893 1847 αὐτὸν
920 1788 1177 1863 τεχθῆναι
1221 1792 1320 1855 τῆς
1368 1764 1728 1859 Θεομήτορος.
1783 1785 1856 1838 Οὐ

1964 1794 2192 1854 partem,
2214 1764 2314 1856 per
2335 1804 2498 1858 quam
2529 1790 2677 1845 exire
2700 1789 2844 1847 fetus
2869 1793 3215 1861 consuescit;
3242 1764 3538 1864 quamlibet

291 1888 399 1958 γὰρ
433 1887 690 1952 ἀδύνατος
728 1882 796 1957 ἦν
850 1886 941 1940 καὶ
979 1886 1068 1940 διά
1113 1884 1215 1954 τῆς
1248 1884 1422 1954 πύλης
1469 1880 1728 1943 διελθεῖν,
1762 1877 1856 1931 καὶ

1964 1875 2131 1946 aliqui
2187 1878 2502 1936 labulentur
2552 1881 2704 1936 illum
2760 1897 2857 1952 per
2909 1882 3202 1940 Genitricis
3251 1884 3345 1941 Dei
3394 1886 3537 1941 latus

289 1978 493 2049 ταύτης
529 1978 603 2049 μὴ
626 1977 976 2049 παραϐλάψαι
1010 1978 1315 2048 σήμαντρα.

1963 1968 2169 2024 editum
2204 1987 2346 2028 esse.
2378 1974 2565 2046 Neque
2596 1976 2741 2030 enim
2792 1975 2895 2031 hoc
2938 1978 2987 2033 ei
3023 1978 3362 2050 impossibile
3393 1987 3534 2043 erat,

291 2080 351 2123 ut
381 2085 477 2140 per
501 2080 711 2139 portam
746 2069 1022 2133 transiret,
1054 2066 1252 2137 sigillis
1275 2067 1394 2136 ejus
1434 2065 1580 2120 nulla
1610 2071 1765 2134 parte
1793 2057 2155 2118 labefactatis.

360 2160 528 2213 Μένει
566 2160 743 2213 τοίνυν
788 2159 882 2213 καὶ
943 2158 1081 2228 μετὰ
1131 2160 1287 2212 τόκον
1346 2155 1609 2227 παρθένος
1659 2156 1693 2225 ή
1743 2154 1859 2207 ἀει-

290 2250 580 2322 πάρθενος,
609 2250 859 2321 οὐδαμῶς
882 2250 1035 2321 ἀνδρὶ
1062 2248 1225 2320 μέχρι
1256 2248 1493 2302 θανάτου
1524 2246 1861 2317 προσομιλὴ-

292 2358 451 2397 σασα.
484 2342 547 2394 Ei
566 2343 672 2413 γὰρ
702 2343 795 2395 καὶ
827 2342 1135 2414 γέγραπται
1155 2358 1168 2372 ο
1194 2339 1305 2394 Καὶ
1326 2342 1437 2394 οὐκ
1470 2338 1623 2409 ἔγνω
1648 2336 1861 2405 αὐτὴν,

288 2433 399 2500 ἕως
416 2428 487 2489 οὗ
510 2434 671 2487 ἔτεκε
687 2432 792 2486 τὸν
805 2433 937 2487 υἱὸν
956 2431 1145 2500 αὐτῆς
1163 2428 1673 2498 τόνπρωτότοκον,
1693 2428 1864 2481 ἰστέον

289 2526 371 2579 ὅτι
425 2525 768 2596 πρωτότοκός
815 2526 1008 2578 ὲστινό
1042 2524 1257 2596 πρῶτος
1300 2522 1605 2593 γεννηθεὶς,
1654 2522 1703 2573 εί
1762 2522 1855 2574 καὶ

292 2617 586 2687 μονογενὴς
637 2617 745 2687 εἴη.
805 2616 879 2669 Τὸ
932 2616 1030 2686 μὲν
1081 2616 1189 2685 γὰρ
1242 2613 1858 2686 πρωτότοκος,πρῶτον

288 2706 614 2777 γεννηθῆναι
645 2708 817 2778 δηλοῖ,
851 2708 913 2761 ού
972 2708 1186 2771 πάντως
1237 2708 1295 2760 δὲ
1342 2708 1436 2761 καὶ
1488 2708 1690 2777 ἑτέρων
1729 2722 1855 2759 συν-

290 2799 545 2868 εμφαίνει
567 2799 838 2869 γέννησιν.
870 2797 943 2852 Τὸ
970 2798 1047 2864 δὲ,
1074 2798 1207 2865 ἕως,
1238 2800 1338 2870 τήν
1361 2798 1461 2869 μὲν
1489 2798 1583 2851 τοῦ
1614 2797 1857 2867 ὡρισμέ-

288 2906 380 2943 νου
412 2890 602 2959 χρόνου
634 2888 973 2961 προθεσμίαν
1007 2889 1264 2961 σημαίνει
1284 2930 1298 2954 ,
1324 2890 1426 2943 οὐκ
1471 2890 1780 2957 ἀποφάσκει
1801 2888 1857 2942 δὲ

287 2982 350 3035 τὸ
377 2983 513 3052 μετὰ
540 2982 713 3035 ταῦτα
731 2998 747 3014 ·
776 2983 914 3052 φησὶ
946 2982 1055 3053 γὰρ
1083 2984 1111 3035 6
1163 2982 1365 3054 Κύριος
1384 2999 1397 3013 θ
1433 2982 1546 3037 Kal
1576 2981 1858 3053 ιδοὺ’ὲγὼ

288 3074 415 3141 μεθ’
456 3073 624 3143 ὑμῶν
649 3072 768 3144 εἰμὶ
786 3075 987 3141 πάσας
1013 3076 1120 3141 τὰς
1143 3074 1386 3144 ἡμέρας,
1415 3074 1526 3141 ἕως
1562 3074 1674 3144 τῆς
1706 3090 1857 3129 συν-

2033 2153 2296 2210 Adversus
2315 2159 2898 2214 Antidicomarianitas.
2923 2159 3265 2230 Primogeniti
3279 2176 3398 2225 vox,
3416 2176 3536 2215 cum

1961 2247 2120 2301 etiam
2140 2249 2323 2302 unicus
2346 2251 2550 2319 genitus
2571 2261 2668 2304 est.
2700 2252 2806 2305 Vox
2828 2265 2997 2305 DONEC
3023 2252 3148 2321 quid
3175 2252 3537 2322 signiﬁcat.—

1963 2335 2161 2392 Mansit
2193 2354 2320 2405 ergo
2353 2348 2475 2409 post
2506 2350 2724 2410 partum
2762 2343 2914 2412 virgo
2935 2382 2949 2406 ,
2980 2344 3101 2411 duae
3126 2358 3341 2412 semper
3379 2344 3537 2411 virgo

1961 2429 2185 2494 mansit,
2216 2430 2360 2483 nulla
2393 2433 2457 2485 ad
2490 2432 2695 2486 obitum
2728 2438 2899 2503 usque
2937 2447 3093 2487 suum
3124 2433 3364 2488 admissa
3407 2448 3534 2489 cum

1958 2519 2076 2573 viro
2127 2523 2538 2576 consuetudine.
2603 2523 2863 2590 Quamvis
2915 2526 3063 2579 enim
3115 2526 3379 2593 scriptum
3412 2526 3531 2584 sit:

1959 2610 2029 2664 Et
2062 2628 2164 2665 non
2199 2615 2436 2683 cognovit
2458 2631 2595 2678 eam,
2623 2616 2783 2670 donec
2814 2616 3013 2685 peperit
3038 2616 3212 2679 ﬁlium
3243 2632 3398 2670 suum
3425 2618 3536 2685 pri-

1961 2707 2282 2775 mogenitum
2321 2708 2389 2774 ",
2440 2715 2679 2762 attamen
2714 2708 2855 2763 scire
2887 2707 3132 2773 interest,
3186 2710 3535 2778 promogeni-

1962 2806 2077 2851 tum
2127 2798 2281 2852 illum
2310 2814 2433 2854 esse
2462 2799 2555 2869 qui
2583 2799 2791 2869 primus
2826 2801 2895 2854 sit
2930 2807 3271 2872 procreatus,
3316 2801 3532 2856 etiamsi

1960 2890 2164 2960 alioqui
2193 2892 2508 2960 unigenitus
2543 2891 2639 2947 sit.
2672 2891 2886 2947 Etenim
2926 2892 3273 2963 primogeniti
3307 2907 3409 2947 vox
3435 2893 3533 2948 de-

1960 2982 2137 3037 clarat
2156 2982 2371 3052 quidem
2407 2982 2643 3051 primum
2682 2996 2805 3037 esse
2834 2981 3077 3053 genitum
3110 2982 3342 3052 aliquem
3371 2999 3386 3049 ;
3422 2997 3531 3037 non

1961 3073 2182 3142 perinde
2235 3081 2414 3127 tamen
2452 3073 2589 3128 alios
2626 3072 2857 3143 posthac
2897 3087 3021 3128 esse
3057 3073 3273 3143 genitos
3302 3071 3527 3129 indicat.

287 3133 522 3226 τελείαξ-
560 3161 666 3215 τοῦ
689 3133 904 3230 αἰῶνος
922 3178 935 3191 ·
962 3133 1065 3234 οὐχ
1094 3133 1480 3234 ωςημετὰντὴν
1500 3133 1631 3217 ’τοῦ1
1649 3133 1856 3229 ἀίῶνος

1964 3133 2125 3235 ittqui
2153 3166 2271 3219 haec
2306 3164 2596 3234 particula,
2627 3133 2800 3219 donec
2822 3204 2836 3230 ,
2867 3164 2941 3219 ita
2973 3133 3275 3235 praescripti
3319 3174 3528 3235 tempo-

290 3253 601 3309 συντέλειαν
631 3254 1129 3326 χωρισθησὸμενος.
1148 3255 1285 3324 Φησὶ
1306 3254 1437 3323 γοῦν
1473 3258 1501 3309 6
1533 3255 1675 3319 θεῖος
1702 3258 1858 3310 Ἀπό-

288 3344 503 3407 στολος·
537 3346 647 3400 Καὶ
686 3346 870 3409 οὕτως
900 3346 1157 3400 πάντοτε
1184 3344 1309 3399 σὺν
1350 3346 1546 3415 Κυρίῳ
1576 3347 1853 3416 ἐσόμεθα,

287 3433 430 3503 μετὰ
465 3434 562 3504 τὴν
590 3436 777 3508 κοινὴν
812 3437 1107 3491 ἀνάστασιν
1134 3434 1331 3504 λέγων·

1955 3254 2035 3309 ris
2067 3254 2359 3308 terminum
2392 3251 2680 3323 signiﬁcat,
2736 3263 2795 3308 ut
2847 3255 3011 3325 277
3047 3270 3281 3325 sequens
3316 3266 3531 3325 tempus

1956 3343 2225 3398 continuo
2273 3357 2383 3397 non
2429 3342 2706 3397 excludat.
2755 3342 3023 3399 Dominus
3052 3345 3322 3415 siquidem
3353 3344 3526 3401 dixit:

1956 3436 2026 3489 Et
2055 3451 2168 3489 ecce
2189 3450 2280 3504 ego
2314 3432 2577 3486 vobiscum
2600 3448 2716 3486 sum
2741 3433 2982 3487 omnibus
3021 3434 3227 3499 diebus,
3263 3452 3425 3505 usque
3450 3437 3521 3489 ad

285 3532 787 3588 consummationem
810 3531 991 3586 διεσαίὶ
1015 3531 1090 3597 ⁸ος
1120 3546 1228 3586 non
1257 3530 1429 3586 veluti
1462 3541 1847 3597 consummato
1881 3532 2083 3589 saeculo
2118 3542 2239 3584 sese
2270 3527 2341 3581 sit
2378 3526 2776 3582 abstracturus.
2826 3525 2917 3579 Ait
2948 3528 3145 3598 quippe
3186 3530 3524 3599 Apostolus:

242 3614 247 3623 ’
286 3626 357 3682 Et
388 3627 467 3682 sic
491 3643 693 3696 semper
721 3643 839 3680 cum
885 3626 1111 3681 Domino
1152 3626 1350 3681 erimus
1379 3625 1446 3692 ⁸¹,
1480 3624 1689 3681 scilicet
1727 3634 1853 3697 post
1888 3636 2236 3683 communem
2269 3618 2752 3675 resurrectionem.

357 3738 485 3802 Πῶς
516 3739 625 3810 γὰρ
660 3737 726 3793 ἃν
772 3737 905 3792 Θεὸν
947 3738 1255 3808 γεννήσασα
1280 3774 1299 3803 ,
1330 3736 1426 3791 καὶ
1477 3737 1542 3791 ὲκ
1592 3737 1694 3808 τῆς
1742 3737 1852 3793 τῶν

289 3830 848 3902 παρηκολουθηκότων
883 3830 1082 3901 πείρας
1104 3830 1167 3883 τὸ
1193 3829 1379 3899 θαῦμα
1399 3829 1734 3901 γνωρίσασα,
1758 3831 1852 3885 ἁνι-

285 3921 410 3992 δρὸς
438 3904 731 3990 συνάφειαν
780 3919 1131 3987 κατεδέξατο;
1164 3920 1344 3989 ἄπαγε
1363 3937 1379 3953 ο
1420 3921 1481 3974 οὐ
1513 3921 1851 3993 σωφρονοῦν-

285 4028 377 4073 τος
413 4010 673 4082 λογισμοῦ
717 4011 786 4065 τὰ
817 4011 1044 4075 τοιαῦτα
1071 4013 1212 4065 νοεῖν
1237 4051 1253 4076 ,
1288 4011 1364 4083 μὴ
1412 4012 1495 4066 ὅτι
1533 4013 1626 4066 καὶ
1677 4014 1849 4083 πράτ-

282 4119 344 4158 τε
351 4122 419 4158 ιν.

365 4216 506 4271 Ἀλλ’
549 4217 686 4289 αὕτη
717 4220 752 4291 ὴ
806 4217 1076 4291 μακαρία,
1107 4220 1201 4274 καὶ
1228 4217 1338 4277 τῶν
1368 4217 1509 4289 ὑπὲρ
1534 4219 1694 4288 φύσιν
1741 4219 1846 4273 δω-

2027 3737 2321 3794 Enimvero
2347 3736 2442 3807 qui
2482 3734 2599 3791 ﬁeri
2632 3734 2921 3807 potuisset.
2966 3748 3023 3793 ut
3066 3753 3187 3810 qua:
3214 3737 3384 3795 Deum
3425 3757 3524 3813 ge-

1955 3837 2171 3896 nuerat,
2200 3835 2255 3884 et
2284 3843 2356 3883 ex
2386 3841 2578 3882 eorum
2609 3842 2727 3895 quae
2756 3840 2941 3883 secuta
2962 3836 3091 3882 sunt
3125 3830 3519 3899 experimento,

1954 3920 2278 3976 miraculum
2330 3927 2582 3979 noverat,
2628 3917 2729 3971 viri
2786 3912 3130 3989 Complexnm
3164 3920 3520 3977 admisisset?

1952 4010 2099 4066 absit
2146 4010 2262 4065 haec
2292 4008 2498 4078 opinio.
2530 4006 2882 4078 Nequaquam
2934 4010 3075 4066 casti
3126 4011 3297 4066 animi
3352 4013 3520 4067 fuerit

1910 4174 1915 4177 τ
1951 4103 2082 4157 talia
2103 4101 2363 4172 cogitare,
2396 4101 2592 4155 nedum
2623 4111 2954 4169 perpetrare.

2016 4214 2216 4271 Verum
2244 4215 2400 4270 beata
2430 4213 2566 4277 haec,
2588 4222 2755 4283 atque
2781 4212 3059 4270 beneﬁciis
3082 4214 3375 4284 ejusmodi,
3395 4234 3516 4288 qua:

284 4304 424 4377 ρεῶν
463 4307 755 4375 ἀξιωθεῖσα
782 4348 797 4373 ,
822 4312 921 4375 τὰς
948 4311 1162 4376 ὠδῖνας,
1195 4312 1262 4378 ἃς
1299 4312 1519 4382 διέφυγε
1563 4313 1841 4380 τίκτουσα,

1964 4315 2155 4361 natura:
2188 4304 2406 4359 modum
2438 4305 2723 4369 excedant,
2759 4304 3055 4371 cumulata,
3089 4321 3229 4376 quos
3260 4308 3315 4363 in
3353 4319 3514 4380 partu

279 4396 484 4465 ταύτας
512 4400 570 4453 ἐν
598 4401 677 4472 τῷ
721 4402 816 4455 τοῦ
855 4402 1064 4468 πάθους
1093 4403 1272 4473 καιρῷ
1310 4404 1593 4475 ὑπέμεινε,
1619 4406 1724 4458 ὑπὸ
1745 4408 1846 4476 τῆς

1964 4396 2165 4452 lolores
2191 4394 2475 4466 eﬂ‘ugerat,
2510 4394 2782 4465 passionis
2816 4405 3054 4466 tempore
3082 4399 3362 4464 sustinuit,
3400 4417 3515 4456 ma-

178 4550 181 4559 ,
281 4488 557 4560 μητρυιῆς
589 4490 927 4560 συμπαθείας
951 4492 1061 4544 τῶν
1112 4492 1434 4561 σπλάγχνων
1462 4491 1553 4544 τὸν
1596 4509 1846 4563 σπαραγ-

277 4580 380 4648 μὸν
424 4581 701 4635 ἀνατλᾶσα
724 4621 739 4644 ,
787 4583 883 4635 καὶ
922 4582 981 4635 ὃν
1021 4581 1165 4650 ἔγνω
1200 4582 1334 4635 Θεὸν
1380 4581 1470 4635 διὰ
1516 4584 1842 4654 γεννήσεως,

276 4669 463 4726 τοῦτον
495 4672 571 4735 ὡς
623 4671 931 4742 κακοῦργον
975 4672 1367 4742 ἀναιρούμενον
1421 4671 1697 4742 βλέπουσα
1720 4715 1736 4738 ,
1767 4673 1844 4736 ὡς

278 4761 524 4834 ῥομφαίᾳ
572 4764 686 4828 τοῖς
741 4762 1021 4833 λογισμοῖς
1065 4762 1442 4833 ἑσπαράττετο
1477 4777 1493 4792 ’
1536 4763 1630 4816 καὶ
1683 4762 1843 4816 τοῦτό

276 4856 425 4908 ἔστι·
451 4853 561 4917 Καὶ
585 4852 704 4906 σοῦ
739 4852 807 4906 δὲ
856 4853 1048 4921 αὐτῆς
1083 4852 1197 4922 τὴν
1218 4852 1436 4923 ψυχὴν
1468 4853 1845 4909 διελεύσεται

266 4942 533 5010 ῥομφαία
548 4939 597 4996 ³³.
629 4943 792 4997 me
832 4944 1156 5015 μεταϐάλλει
1196 4944 1295 5014 τὴν
1318 4944 1494 5015 λύπην
1517 4947 1550 5016 ή
1571 4945 1715 5017 χαρὰ
1743 4945 1845 5015 τῆς

272 5032 646 5102 ἀναστάσεως,
669 5034 804 5089 Θεὸν
824 5037 915 5089 τὸν
949 5036 1115 5109 σαρκὶ
1141 5035 1373 5090 θανόντα
1398 5036 1767 5107 κηρύττουσα.

1945 4494 2104 4541 terno
2136 4483 2328 4539 aﬁectu
2359 4483 2585 4538 lacerari
2609 4484 2715 4539 sibi
2744 4485 2956 4540 viscera
2986 4486 3250 4551 sentiens,
3275 4489 3515 4546 intimis-

1946 4592 2054 4648 que
2070 4574 2493 4645 cogitationibus
2517 4575 2679 4630 veluti
2701 4575 2878 4646 gladio
2894 4578 3183 4646 disccrpta,
3208 4594 3329 4633 cum
3354 4580 3510 4634 illum

1948 4682 2109 4738 quem
2162 4665 2432 4736 gignendo
2474 4664 2641 4721 Deum
2684 4681 2808 4721 esse
2855 4674 3205 4737 cegnoverat,
3252 4679 3510 4738 tanquam

1949 4755 2271 4812 sceleratum
2334 4754 2570 4823 aliquem
2632 4765 2809 4811 morte
2867 4755 3008 4810 allici
3076 4766 3345 4813 cerneret.
3417 4759 3512 4814 Sic

1944 4860 2108 4916 porro
2141 4843 2552 4915 intelligendum
2583 4845 2712 4900 illud
2736 4853 2822 4901 est
2854 4864 2868 4901 :
2903 4844 2971 4899 Ει
2999 4854 3146 4900 tuam
3177 4848 3345 4915 ipsius
3392 4850 3511 4902 ani-

1945 4954 2089 4993 mam
2118 4935 2322 4992 doloris
2352 4935 2563 5007 gladius
2607 4937 2953 5007 pertransibit
2978 4938 3045 4992 ⁸³.
3074 4939 3339 4995 Caeterum
3372 4953 3509 4993 mm-

1942 5044 2122 5085 rorem
2174 5028 2392 5097 excepit
2440 5029 2858 5085 resurrectionis
2888 5028 3106 5094 laetitia,
3166 5044 3287 5099 quae
3335 5028 3509 5085 Deum

1942 5137 2064 5179 esse
2092 5120 2245 5176 illum
2276 5122 2625 5191 personabat,
2650 5123 2740 5193 qui
2760 5137 2925 5178 carne
2949 5131 3174 5179 mortem
3202 5121 3433 5177 obierat.

376 5273 419 5304 "'
465 5273 667 5331 Ezech.
708 5291 857 5339 XLIV,
920 5277 975 5331 2.
1053 5277 1100 5309 "
1133 5276 1325 5333 Matth.
1375 5294 1417 5341 ι,
1445 5276 1534 5332 25.
1604 5276 1651 5310 ⁸⁸
1678 5276 1856 5332 Matth

1964 5295 2097 5346 Lvm,
2124 5279 2213 5335 20.
2293 5281 2387 5335 ".l
2421 5278 2615 5345 Thess.
2642 5296 2716 5347 Iv,
2755 5280 2842 5336 16.
2921 5281 2965 5315 ⁸²
2994 5280 3130 5336 Luc.
3163 5297 3226 5347 ιι,
3257 5282 3346 5338 55.

1537 5437 1773 5495 VARLE
1812 5436 2211 5494 LECTIONES.

334 5544 365 5621 _8
397 5540 555 5621 Deest
581 5540 649 5621 ἦν
687 5545 745 5600 in
771 5546 1091 5621 _codi_cibu_s_
1136 5548 1680 5621 quibusdamRegiis
1720 5562 1775 5606 et
1799 5551 1957 5607 Colb.
1985 5552 2034 5606 l.
2138 5549 2510 5621 hAdditurin
2549 5549 2618 5605 Β.
2657 5549 2797 5621 2926
2835 5550 2972 5617 ὅπερ
3004 5549 3503 5621 αὑτῇᾼπροείρηκεν

257 5615 285 5666 ὲ
317 5612 567 5692 θεοδόχος
595 5612 852 5692 Συμεὼν,
888 5617 979 5692 τὸν
1012 5612 1215 5687 Κύριον
1262 5612 1789 5692 ἐναγκαλισάμενος·
1826 5621 1978 5687 Quod
2032 5620 2239 5691 quidem
2293 5619 2541 5689 prwdixit
2583 5622 2632 5676 ei
2690 5620 2792 5675 Dei
2830 5612 3357 5690 susceptor'Simeon',
3391 5612 3503 5673 Doc-

259 5698 459 5737 mmum
493 5686 633 5738 uiuis
663 5686 773 5739 suis
802 5690 1159 5757 complexam.

540 5778 810 5841 PATROL.
853 5783 968 5843 Gn.
1014 5780 1216 5845 XCIV.
1586 5863 1611 5867 η
2740 5840 2741 5843 η
3044 5784 3110 5843 37
