3926 6292
396 295 535 354 ’1165

1028 387 1177 444 CAP.
1219 384 1335 440 XV.

393 495 526 560 Quis
597 486 817 550 sanctis,
874 477 1498 602 ipsorurgquefeliquiis
1552 475 1714 530 Itonos
1774 473 1968 526 haben-

1110 567 1171 602 us
1200 560 1290 602 stt.

1110 567 1171 604 ιιε
1200 560 1290 604 811.

468 650 707 715 Sanctis,
735 662 835 702 ceu
877 643 1080 698 Christi
1112 641 1326 704 amicis,
1351 654 1451 694 ceu
1484 636 1576 692 Dei
1614 637 1738 690 ﬁliis
1769 650 1833 692 ac
1862 635 1969 688 ha:-

394 742 642 801 rcdibus.
688 751 823 792 suus
859 733 1144 789 habendus
1200 738 1284 784 est
1329 730 1523 794 honos,
1572 725 1781 780 Joanne
1810 724 1966 777 theo-

395 837 516 906 logo
562 846 614 888 et
664 829 995 900 evangelista
1057 824 1319 879 dicente:
1359 820 1836 892 Quotquotoautem
1884 831 1967 866 re-

395 901 637 994 ceperunt
668 936 810 983 eum,
839 917 982 971 dedit
1007 915 1081 968 eis
1111 920 1422 978 potestatem
1450 909 1589 977 ﬁlios
1621 907 1718 961 Dei
1752 904 1869 975 ﬁeri
1899 901 1967 955 ⁸³.

367 1016 656 1092 ‘Quocirca
702 1012 818 1081 jam
873 1024 977 1062 non
1031 1013 1154 1059 sunt
1197 1003 1354 1065 servi,
1399 1002 1489 1055 sed
1547 999 1666 1068 ﬁlii.
1713 995 1865 1064 Quod
1925 993 1970 1048 si

395 1107 532 1174 ﬁlii,
581 1115 628 1158 et
676 1098 928 1154 Ita'redes.
981 1091 1232 1148 Ilwredes
1265 1090 1472 1160 quidem
1515 1088 1648 1152 Dei;
1679 1083 1969 1140 cohwredes

397 1208 572 1253 autem
623 1193 824 1249 Christi
855 1190 923 1242 ⁸⁸.
960 1186 1219 1241 Dominus
1245 1196 1463 1251 quoque
1504 1182 1555 1234 in
1587 1177 1760 1232 sacris
1790 1174 1969 1228 Evan-

396 1291 551 1361 geliis
595 1289 662 1342 ad
718 1281 1001 1355 apostolos
1053 1279 1126 1332 ita
1176 1276 1459 1345 loquitur:
1506 1272 1608 1326 Vos
1663 1270 1821 1323 amici
1872 1265 1972 1320 mei

397 1385 524 1440 estis
555 1382 622 1434 ⁸⁸.
657 1378 720 1432 Ει
741 1396 754 1432 :
776 1374 902 1430 lam
931 1389 1030 1426 non
1061 1369 1235 1423 dicant
1269 1385 1356 1421 vos
1381 1382 1573 1421 servos.
1608 1362 1801 1418 Servus
1836 1363 1972 1415 enim

399 1474 564 1531 nescit
594 1469 720 1544 quid
751 1468 916 1538 faciat
959 1463 1200 1517 dominus
1224 1460 1338 1529 ejus
1361 1459 1426 1510 ⁸⁸.
1459 1457 1535 1510 Ad
1569 1456 1682 1510 haec
1709 1471 1832 1508 cunt
1860 1452 1972 1507 Rex

393 1580 610 1637 regum,
669 1571 722 1616 et
763 1558 1028 1615 Dominus
1057 1551 1455 1608 dominantium
1489 1550 1556 1610 ⁸⁷,
1588 1559 1641 1603 et
1675 1546 1816 1600 Deus
1841 1545 1972 1598 dco-

398 1641 524 1712 rutn
547 1655 614 1720 ⁸⁸,
648 1665 897 1708 summus
931 1647 1021 1702 ille
1050 1645 1292 1699 omnium
1325 1640 1578 1695 conditor
1619 1654 1680 1692 ac
1713 1639 1974 1693 Dominus

1531 303 1538 316 ι
1585 277 1646 335 S.
1684 273 2004 336 JOANNIS
2036 270 2466 338 DAMASCENI

2000 385 2048 441 Α

2571 378 2820 444 ΚΕΦΔΛ.
2866 376 2944 428 IE'
2974 373 3155 446 [HH'].

2076 475 2214 544 Περὶ
2248 473 2360 542 τῆς
2395 471 2513 526 τῶν
2562 471 2746 540 ἁγίων
2792 469 2904 549 ιιιιίζυ
2934 466 3055 521 τῶν
3099 462 3409 533 λειψάνων
3457 464 3656 518 αὐτῶν

2767 557 2964 608 τιμης-

2146 635 2422 707 Τιμητέον
2465 633 2590 696 τοὺς
2651 631 2837 699 ἁγίους
2890 629 2965 693 ὡς
3024 626 3210 696 φίλους
3263 623 3544 696 Χριστοῦ»
3577 625 3656 688 ὡς

2076 728 2240 780 τέκνα
2277 725 2371 778 καὶ
2403 723 2774 794 κληρονόμους
2806 719 2962 783 Θεοῦ,
3007 717 3082 780 ὥς
3136 733 3304 786 φησιν
3353 713 3608 784 Ἰωάννης
3635 715 3654 754 ί

2075 822 2104 874 ὁ
2128 819 2376 886 Θεολόγος
2420 817 2512 869 καὶ
2546 812 2938 882 εὐαγγελιστής
2959 826 2971 838 ·
3000 811 3177 863 Ὅσοι
3195 803 3271 860 ’δὲ
3307 806 3529 860 ἔλαϐον
3551 808 3659 860 af»

2076 912 2182 964 τὸν
2210 949 2225 974 ,
2254 909 2478 962 ἔδωκεν
2525 902 2730 968 αὐτοῖς
2757 900 3053 966 ’ἐξουσίαν
3095 895 3279 951 τέκνα
3322 895 3470 950 Θεοῦ
3497 895 3662 965 γενέ-

2077 999 2498 1056 σθαι.-Ὥστε
2524 998 2635 1050 οὐκ
2650 995 2809 1049 εἰσὶν
2835 993 2923 1047 ἐτι
2943 989 3171 1055 δοῦλοι,
3193 988 3331 1042 ἀλλ’
3355 987 3476 1040 υἱοί
3492 1002 3504 1014 ·
3525 987 3578 1038 ει
3591 985 3662 1038 δὲ

2077 1094 2216 1157 υἱοὶ,
2245 1091 2341 1146 καὶ
2373 1087 2754 1157 κληρονόμοι,
2782 1082 3141 1151 κληρονόμοι
3159 1079 3276 1149 μὲν
3305 1077 3474 1142 Θεοῦ,
3508 1093 3659 1145 συγ-

2079 1182 2439 1251 κληρονόμοι
2461 1179 2528 1233 δὲ
2561 1174 2832 1248 Χριστοῦ.
2855 1173 2964 1228 Καὶ
2988 1174 3016 1226 ὁ
3045 1171 3248 1241 Κύριος
3281 1172 3338 1222 ὲν
3359 1170 3474 1231 τοῖς
3497 1169 3662 1237 ἱεροῖς

2079 1273 2434 1343 Εὑαγγελίοις
2477 1272 2590 1333 τοῖς
2635 1267 2958 1328 ἀποστόλοις
3013 1261 3212 1332 φησιν·
3254 1258 3452 1328 Ὑμεῖς
3492 1259 3664 1327 φίλοι

2075 1369 2191 1438 μού
2219 1367 2379 1420 ἐστε.
2428 1365 2550 1417 Οὐκ
2601 1360 2688 1415 ἐτι
2737 1354 2902 1411 καλῶ
2945 1351 3101 1424 ὑμᾶς
3145 1351 3441 1415 δούλουςο
3473 1352 3507 1401 ὀ
3548 1346 3662 1416 γὰρ

2079 1459 2301 1523 δοῦλος
2334 1457 2444 1510 οὐκ
2473 1449 2598 1507 οἶδε
2623 1450 2680 1504 τί
2701 1447 2856 1502 ποιεῖ
2879 1443 3065 1500 αὑτοῦ
3089 1446 3120 1497 ό
3145 1443 3370 1510 κύριος.
3400 1440 3460 1492 El
3479 1439 3536 1492 δὲ
3567 1438 3666 1492 καὶ

2081 1551 2339 1613 Βασιλεὺς
2395 1544 2812 1616 βασιλευόντων,
2852 1539 2947 1592 καὶ
3001 1535 3204 1606 Κύριος
3265 1531 3662 1602 κυριευόντων,

2083 1643 2175 1696 καὶ
2207 1641 2340 1702 Θεὸς
2374 1636 2532 1700 θεῶν,
2567 1637 2596 1688 ό
2627 1628 2970 1702 Δημιουργὸς
3001 1624 3110 1678 τῶν
3135 1623 3392 1677 ἁπάντων
3426 1618 3523 1673 καὶ
3549 1617 3666 1670 Κύ-

399 1748 633 1808 dicatur,
676 1740 922 1809 profecto
961 1735 1139 1792 sancti
1173 1746 1394 1802 quoque
1442 1739 1557 1784 tum
1604 1730 1702 1795 dii,
1735 1737 1848 1782 tum
1880 1727 1976 1780 do-

2094 1752 2195 1797 DtO;
2232 1731 2469 1800 λέγεται,
2497 1727 2715 1786 πάντως
2757 1721 2849 1774 καὶ
2879 1720 2928 1772 οἱ
2967 1718 3135 1785 ἆγιοι,
3177 1709 3293 1767 ’θεοί
3331 1728 3392 1763 τε
3436 1709 3532 1762 καὶ
3565 1709 3666 1762 κύ-

387 1837 557 1901 :mini,
603 1842 718 1887 tum
763 1845 919 1900 reges
962 1828 1073 1882 sint
1129 1839 1351 1880 necesse
1397 1831 1494 1878 est.
1555 1821 1756 1876 Horum
1815 1821 1977 1886 Deus,

402 1934 546 1986 Deus
584 1935 689 1992 est,
722 1924 817 1995 qui
870 1932 983 1977 tum
1028 1919 1312 1983 Dominus,
1347 1925 1463 1971 tum
1500 1913 1614 1969 Rex
1653 1924 1758 1978 est,
1799 1921 1853 1967 et
1883 1927 1980 1982 ap-

400 2023 654 2094 pellatur.
709 2017 820 2084 Ego
871 2014 1032 2075 enim,
1084 2011 1264 2079 inquit
1303 2008 1368 2062 ad
1409 2005 1617 2070 Mosen,
1663 2021 1780 2057 sum
1842 2003 1980 2057 Deus

406 2113 698 2173 Abraham,
751 2119 800 2163 et
851 2107 986 2160 Deus
1034 2103 1215 2167 Isaac,
1261 2111 1310 2156 et
1345 2099 1484 2154 Deus
1515 2098 1685 2151 Iacob
1718 2097 1786 2149 δί’.
1837 2096 1979 2161 Quin

403 2205 620 2275 Moyses
672 2201 808 2255 deus
840 2194 1136 2251 Pharaonis
1162 2207 1189 2246 a
1221 2191 1331 2247 Deo
1380 2191 1718 2246 constitutus
1776 2188 1876 2242 fuit
1911 2188 1978 2241 9°.

399 2297 546 2352 Deos
580 2308 746 2365 porro
775 2298 830 2346 et
869 2302 1044 2358 reges,
1072 2293 1122 2342 et
1153 2284 1405 2339 dominos
1433 2284 1582 2346 dico,
1616 2297 1721 2336 non
1762 2289 1980 2347 natura,

405 2386 499 2440 sed
531 2383 661 2454 quia
696 2378 982 2434 aﬂectibus
1012 2375 1130 2430 suis
1158 2373 1480 2444 imperando
1514 2371 1978 2440 dominandoque,

406 2474 601 2529 divinae
653 2470 906 2542 imaginis
964 2465 1405 2530 similitudinem,
1459 2463 1755 2519 secundum
1819 2476 1982 2532 quam

407 2566 613 2622 conditi
645 2572 827 2627 erant,
857 2561 1172 2615 nullatenus
1213 2557 1576 2612 adulteratam
1627 2560 1986 2610 servaverunt

408 2661 550 2730 (ipsa
578 2656 780 2728 quippe
811 2654 956 2724 regis
996 2652 1197 2722 imago,
1229 2665 1320 2704 rex
1352 2664 1570 2720 quoque
1601 2649 1851 2715 dicitur),
1893 2659 1986 2699 ve-

407 2751 488 2804 lut
515 2748 681 2803 etiam
717 2745 810 2815 qui
861 2745 1032 2798 libera
1063 2741 1358 2796 voluntatis
1393 2739 1707 2795 inductione
1738 2739 1849 2793 Deo
1890 2751 1984 2791 co—

410 2838 579 2908 pulati
610 2835 836 2900 fuerint,
863 2845 1100 2900 eumque
1140 2830 1378 2901 hospitio
1414 2829 1596 2884 cordis
1629 2828 1984 2895 excipientes,

412 2929 468 2984 id
499 2926 645 2998 quod
695 2925 785 2979 ille
829 2929 1022 2993 suapte
1068 2929 1265 2975 natura
1309 2929 1414 2984 est,
1459 2919 1562 2974 hoc
1598 2918 1702 2989 ipsi
1733 2933 1831 2988 per
1865 2931 1989 2988 gra-

411 3023 542 3074 tiam
594 3014 888 3071 evaserint.
955 3011 1096 3078 Quid
1149 3011 1315 3082 igitur
1349 3025 1530 3064 causae
1587 3025 1709 3066 esse
1767 3010 1980 3080 possit,

2086 1800 2209 1900 ριοι,
2242 1827 2336 1880 καὶ
2383 1820 2640 1892 βασιλεῖς.
2673 1814 2892 1866 Τούτων
2916 1810 3046 1874 Θεὸς
3068 1809 3096 1860 ὁ
3120 1805 3272 1875 Θεὸς,
3307 1804 3405 1857 καὶ
3436 1800 3664 1872 Κύριος,

2083 1894 2177 1973 καὶ
2209 1913 2471 1975 Βασιλεύς
2501 1909 2616 1963 ἐστι
2665 1925 2722 1960 τε
2777 1905 2870 1957 καὶ
2915 1902 3154 1971 λέγεται.
3199 1895 3346 1966 Ἐγὼ
3524 1894 3665 1962 ειμι,

2081 2009 2215 2080 φησὶ
2233 2007 2312 2077 τῷ
2341 2005 2572 2072 Μωῦσῇ,
2609 1999 2750 2064 Θεὸς
2789 1993 3066 2063 Ἀϐραὰμ,
3102 1988 3200 2044 καὶ
3247 1988 3389 2052 Θεὸς
3442 1983 3665 2047 Ἰσαὰκ,

2081 2075 2182 2156 ea
2221 2075 2366 2164 θέδς
2401 2093 2626 2150 Ἰακώϐ.
2655 2090 2764 2145 Καὶ
2809 2087 2929 2140 θεὸν
2972 2082 3174 2154 Φαραὼ
3211 2081 3301 2132 τὸν
3349 2075 3594 2146 Μωῦσῆν
3639 2076 3668 2128 δ

2081 2195 2212 2256 Θεὸς
2256 2191 2531 2261 ἐποίησεν.
2583 2183 2750 2245 Θεοὺς
2797 2181 2852 2233 δὲ
2898 2179 3067 2250 λέγω,
3117 2175 3214 2228 καὶ
3258 2170 3535 2242 βασιλεῖς,
3571 2167 3670 2221 καὶ

2083 2281 2400 2358 κυρίους,οὺ
2433 2280 2615 2348 φύσει,
2637 2272 2836 2335 ἀλλ’ὡς
2865 2271 2972 2323 τῶν
3011 2266 3199 2320 παθῶν
3233 2261 3665 2336 βασιλεύσαντας

2084 2351 2180 2434 καί
2216 2373 2636 2446 κυριεύσαντας,
2660 2365 2756 2419 καὶ
2784 2362 2883 2434 τὴν
2922 2361 3023 2430 τῆς
3051 2359 3201 2420 Θείας
3235 2355 3444 2416 εἰκόνος
3471 2351 3670 2422 ὁμοίω-

2087 2489 2190 2535 σιν,
2217 2441 2341 2522 καθ’
2379 2466 2445 2535 ἣν
2486 2461 2581 2515 καὶ
2616 2456 2964 2527 γεγένηνται,
3001 2448 3466 2520 ἀπαραχάρακτον
3495 2441 3669 2512 φυλά-

2085 2532 2316 2630 ξιινντοις⁸
2352 2532 2604 2626 βασιλεὺς
2629 2549 2738 2620 γὰρ
2781 2547 3028 2614 λέγεται,
3060 2540 3155 2595 καὶ
3199 2539 3233 2608 ἡ
3276 2535 3374 2590 τοῦ
3407 2532 3670 2605 βασιλέως

2086 2625 2248 2707 εἰκών
2280 2666 2294 2678 ·
2325 2625 2420 2701 καὶ
2458 2643 2566 2708 ὡςί
2603 2639 2899 2700 ὲνωῦἐντας
2948 2633 3067 2704 Θεῷ
3103 2629 3246 2685 κατὰ
3296 2625 3621 2698 προαιρεσιν
3651 2664 3666 2684 ,

2087 2746 2180 2799 καὶ¹
2209 2741 2398 2796 τοῦτον
2437 2734 2760 2804 δεξαμένους
2802 2730 3028 2792 ἔνοικον,
3068 2724 3166 2778 καὶ
3193 2725 3259 2794 τῇ
3300 2719 3489 2773 τούτου
3534 2715 3670 2786 μεοο

2086 2838 2194 2905 ἐξει
2226 2811 2518 2903 γεγονότας
2566 2827 2770 2898 χάριτι,
2804 2824 2940 2892 ὅπερ
2975 2819 3135 2881 αὑτός
3175 2817 3291 2868 ἐστι
3328 2811 3509 2881 φύσει..
3539 2807 3668 2870 Πῶς

2085 2926 2266 2984 οῦνόὐ
2313 2921 2572 2994 τιμητέον
2603 2917 2730 2979 τοὺς
2785 2913 3126 2984 θεράποντας
3151 2948 3164 2966 .
3196 2905 3290 2958 καὶ
3319 2902 3508 2972 φίλους
3528 2940 3544 2965 ,
3568 2900 3667 2952 καὶ

2086 3019 2236 3082 υἱοὺς
2277 2992 2383 3068 τοῦ
2412 2992 2548 3065 Θεοῦ
2581 3006 3063 3081 χρηματίσαντας;
3109 2999 3172 3052 'H
3217 2997 3324 3066 γὰρ
3371 2992 3508 3061 πρὸς
3540 2992 3668 3052 τοὺς

411 3109 708 3182 quominus
758 3109 966 3159 honore
1017 3102 1143 3156 illos
1193 3116 1610 3172 prosequamur,
1645 3103 1738 3172 qui
1771 3101 1981 3165 famuli,

2094 3074 2437 3178 seytztbpova;
2459 3074 2916 3170 cav'éaaaostm
2947 3092 3084 3164 τιμὴ
3121 3085 3390 3150 ἀπόδειξιν
3426 3084 3538 3155 ἔχει
3567 3085 3668 3152 τῆς

414 3201 710 3268 amicique,
742 3205 798 3252 et
842 3194 934 3249 Dei
976 3193 1072 3248 ﬁlii
1119 3194 1283 3249 sunt?
1318 3194 1529 3248 Etenim
1577 3195 1623 3250 is
1662 3195 1857 3260 honor,
1891 3195 1985 3264 qui

413 3291 696 3350 conservis
730 3288 954 3359 optimis
984 3287 1240 3349 habetur,
1295 3287 1548 3356 propensi
1583 3301 1712 3356 erga
1741 3301 1985 3340 commu-

416 3401 540 3440 nem
569 3382 854 3435 Dominum
888 3377 1056 3432 animi
1085 3385 1463 3448 argumentum
1495 3385 1576 3433 est
1603 3379 1670 3430 θ’.

486 3471 741 3546 2781Ιί
796 3469 1174 3542 promptuaria
1222 3477 1275 3524 et
1323 3469 1526 3523 munda
1578 3467 1670 3522 Dei
1710 3468 1990 3523 domicilia

419 3568 562 3621 facta
595 3571 744 3628 sunt,
789 3563 917 3633 quia
951 3561 1209 3616 Dominus
1239 3560 1408 3615 dicit:
1445 3559 1762 3614 Iuhabitabo
1787 3562 1838 3613 iu
1857 3559 1989 3626 illis,

415 3668 468 3713 et
509 3654 871 3718 iuambulabo,
907 3661 956 3707 et
989 3669 1078 3706 ero
1116 3653 1333 3705 illorum
1389 3651 1524 3706 Deus
1555 3651 1626 3714 ξ’.
1666 3651 1823 3716 Quod
1863 3653 1988 3705 item

415 3751 684 3818 iustorum
715 3745 989 3798 animteiu
1025 3759 1184 3796 manu
1217 3742 1312 3796 Dei
1339 3745 1468 3808 sint,
1502 3758 1594 3796 nec
1623 3757 1766 3796 mars
1793 3757 1880 3796 eos
1911 3752 1995 3794 at-

422 3842 618 3908 tingat,
669 3835 896 3890 Litteris
931 3834 1108 3888 sacris
1142 3833 1419 3903 proditum
1448 3841 1532 3888 est
1561 3832 1632 3886 ”.
1667 3831 1814 3887 Mors
1847 3833 1992 3887 enim

423 3937 736 3983 sanctorum
785 3940 1011 3980 somnus
1057 3925 1239 3995 potius
1287 3932 1372 3980 est
1411 3939 1572 3994 quam
1609 3939 1776 3979 mors.
1821 3923 1998 3979 Labo-

421 4023 670 4068 rareruut
703 4012 872 4078 enim,
904 4011 958 4063 in
989 4011 1084 4063 hoc
1115 4010 1336 4074 steculo,
1369 4021 1418 4065 et
1453 4011 1620 4064 vivent
1654 4011 1708 4064 in
1739 4013 1895 4081 ﬁnem
1926 4013 1994 4067 ".

425 4110 531 4184 ljlt:
564 4105 804 4159 Pretiosa
828 4105 884 4156 in
919 4111 1195 4172 conspectu
1243 4101 1477 4169 Domini,
1517 4119 1657 4157 mors
1692 4113 1998 4158 sanctorum

423 4197 538 4267 ejus
568 4198 634 4250 ⁸⁵.
669 4194 810 4262 Quid
831 4203 979 4250 certe
1004 4194 1306 4264 pretiosum
1333 4193 1528 4263 magis,
1557 4208 1721 4263 quam
1749 4195 1804 4247 in
1832 4209 1997 4250 manu

428 4289 522 4342 Dei
586 4286 743 4343 esse?
793 4285 937 4341 Deus
984 4285 1186 4354 quippe
1236 4284 1347 4338 vita
1387 4292 1444 4341 et
1493 4286 1582 4339 lux
1634 4294 1733 4340 est.
1791 4284 1866 4339 lta
1919 4287 1998 4353 ﬁt,

427 4390 489 4436 ut
519 4379 612 4450 qui
649 4379 703 4432 in
735 4392 900 4431 manu
935 4375 1030 4433 Dei
1079 4384 1228 4443 sunt,
1279 4376 1334 4431 in.
1375 4377 1483 4432 vita
1529 4391 1748 4447 quoque
1788 4388 1845 4435 et
1879 4379 2000 4434 luce

429 4473 561 4528 sint.

497 4561 654 4628 Quod
698 4568 878 4614 autem
917 4567 972 4614 et
1001 4573 1098 4629 per
1129 4565 1366 4612 mentem
1398 4557 1451 4611 in
1497 4556 1743 4626 ipsorum
1777 4571 1998 4627 quoque

427 4651 753 4722 corporibus
797 4649 941 4706 Deus
993 4648 1344 4713 habitaverit,
1383 4654 1617 4703 testatur
1651 4647 1994 4717 Apostolus:

432 4741 668 4797 Nescitis
693 4743 829 4814 quod
870 4757 1093 4811 corpora
1121 4749 1294 4796 vestra
1323 4741 1575 4809 templum
1612 4749 1734 4794 sunt
1760 4738 1998 4810 Spiritus

427 4836 621 4900 sancti,
655 4838 742 4906 qui
768 4834 974 4889 habitat
1009 4836 1062 4889 in
1094 4834 1238 4889 vobis
1268 4832 1349 4884 9'?
1382 4833 1640 4886 Dominu‘s
1670 4842 1847 4886 autem
1871 4833 1994 4900 Spi-

428 4930 566 4981 ritus
617 4939 692 4982 est
723 4928 790 4982 ".
823 4927 888 4981 Et
921 4945 932 4981 :
961 4924 1022 4981 Si
1070 4927 1187 4995 quis
1247 4924 1494 4995 templum
1540 4923 1639 4979 Dei
1701 4925 1998 4987 violaverit,

428 5019 692 5090 disperdat
717 5037 833 5076 eum
863 5018 1000 5074 Deus
1040 5018 1106 5073 ".
1140 5018 1248 5074 Cur
1279 5034 1409 5090 ergo
1439 5017 1697 5074 animatis
1741 5016 1832 5073 Dei
1863 5027 2002 5072 tem-

2089 3201 2225 3272 πρὸς
2258 3197 2347 3252 τὸν
2377 3194 2554 3274 κοινὸν
2586 3189 2864 3257 Δεσπότην
2901 3184 3134 3246 εὐνοίας.

2161 3460 2323 3520 Οὗτοι
2355 3462 2557 3531 ταμεῖα
2619 3454 2778 3519 Θεοῦ,
2827 3450 2922 3506 καὶ
2968 3447 3184 3516 καθαρὰ
3231 3442 3488 3513 γεγόνασι
3537 3456 3674 3495 κατ-

2093 3557 2342 3626 αγώγιον
2387 3549 2716 3615 Ἐνοικήσω
2772 3544 2881 3616 γὰρ
2931 3543 3000 3594 ἐν
3051 3537 3256 3602 αὐτοῖς
3301 3535 3400 3589 καὶ
3432 3535 3674 3603 ἐμπερι-

2093 3648 2369 3716 πατήσω,
2417 3643 2582 3713 φησὶν
2631 3642 2658 3693 ὁ
2695 3638 2861 3702 Θεὸς,
2893 3634 2991 3688 καὶ
3028 3633 3240 3700 ἔσομαι
3270 3626 3472 3681 αὐτῶν
3501 3626 3668 3688 Θεός.

2095 3741 2217 3793 ’Ότι
2242 3713 2352 3806 *μὲν
2384 3729 2477 3786 οὖν
2493 3729 2686 3800 ψυχαὶ
2718 3726 2964 3781 δικαίων
2998 3723 3068 3774 ἐν
3093 3719 3242 3788 χειρὶ
3272 3716 3443 3780 Θεοῦ,
3469 3714 3570 3768 καὶ
3597 3713 3672 3765 οὐ

2089 3829 2175 3899 μὴ
2201 3803 2428 3894 ἅψηται
2451 3820 2649 3876 αὐτῶν
2674 3822 2706 3872 ό
2739 3815 3015 3879 θάνατος,
3044 3812 3208 3880 φησὶν
3242 3810 3274 3878 ἡ
3309 3807 3428 3860 θεία
3456 3803 3669 3874 Γραφή.

2108 3893 2172 3974 '0‘
2199 3893 2430 3980 θάνατος
2461 3913 2569 3984 γὰρ
2607 3910 2716 3964 τῶν
2769 3906 2940 3976 ἁγίων
2993 3903 3160 3965 ὕπνος
3214 3899 3414 3971 μᾶλλόν
3458 3898 3606 3948 ἐστιν
3635 3893 3672 3964 ἢ

2097 4012 2344 4072 θάνατος.
2396 3983 2758 4058 Ἐκοιτίασαν
2793 3998 2900 4068 γὰρ
2939 3997 3026 4060 εἰς
3081 3993 3188 4046 τὸν
3209 3988 3417 4050 αἰῶνα,
3456 3986 3552 4072 καὶ
3578 3983 3674 4051 ζή-

2097 4065 2418 4164 σονταινεις
2451 4095 2646 4158 τέλος.
2670 4065 2819 4145 Kal?
2854 4065 3048 4156 Τίμιος
3086 4082 3369 4137 ἐναντίον
3389 4065 3610 4147 Κυρἰου
3640 4078 3674 4128 ὁ

2099 4192 2351 4255 θάνατος
2394 4186 2512 4240 τῶν
2553 4183 2739 4238 ὁσίων
2764 4175 2972 4233 αὑτοῦ.
3005 4175 3070 4230 Τί
3110 4168 3203 4226 οὖν
3232 4169 3559 4240 τιμιώτερον
3580 4161 3676 4217 τοῦ

2100 4285 2157 4337 ὲν
2188 4279 2333 4353 χειρὶ
2366 4273 2505 4331 εἶναι
2525 4272 2660 4327 Θεοῦ
2682 4288 2696 4338 ;
2731 4271 2852 4341 Ζωὴ
2878 4268 2987 4338 γάρ
3011 4268 3160 4318 ἐστιν
3187 4265 3216 4316 ὁ
3239 4262 3391 4326 Θεὸς,
3410 4258 3505 4312 καὶ
3531 4255 3675 4326 φῶς,

2102 4377 2200 4431 καὶ
2242 4376 2292 4427 οῑ
2324 4373 2381 4424 ὲν
2437 4368 2577 4440 χειρὶ
2631 4363 2766 4418 Θεοῦ
2811 4363 2963 4425 ὄντες
2999 4362 3058 4412 ὲν
3091 4357 3205 4428 ζωῇ
3254 4355 3348 4408 καὶ
3387 4353 3528 4423 φωτὶ
3571 4353 3674 4404 ὑπ-

2103 4471 2384 4540 ἀρχουσιν.

2176 4531 2298 4614 :0“
2325 4557 2383 4610 δὲ
2415 4556 2508 4609 καὶ
2553 4554 2644 4606 διὰ
2683 4548 2777 4603 τοῦ
2822 4545 2913 4599 νοῦ
2945 4543 3040 4598 καὶ
3059 4543 3174 4604 τοῖς
3218 4537 3466 4608 σώμασιν
3494 4531 3678 4588 αὐτῶν

2103 4653 2378 4724 ἐνῴκησεν
2405 4650 2434 4700 ὁ
2461 4645 2592 4707 Θεὸς
2618 4684 2632 4709 ,
2660 4640 2826 4712 φησὶν
2851 4641 2881 4692 ὁ
2919 4632 3241 4694 Ἀπόστολος
3264 4646 3277 4660 ·
3308 4629 3428 4682 Οὐκ
3476 4622 3679 4677 οἶδατί

2102 4713 2192 4798 δτὶ
2236 4713 2308 4795 τὰ
2335 4737 2579 4806 σώματα
2625 4730 2794 4801 ὑμῶν
2839 4727 2987 4790 ναὸς
3037 4722 3142 4777 τοῦ
3199 4715 3574 4779 ἐνοικοῦντος
3607 4713 3684 4765 ἐν

2102 4834 2244 4905 ὑμῖν
2273 4803 2444 4900 ἀνίοι)
2500 4823 2848 4893 Πνεύματός
2890 4818 3095 4877 ἐστιν;
3134 4814 3197 4865 '0
3237 4809 3306 4863 δὲ
3351 4808 3566 4874 Κύριος
3611 4803 3684 4856 τὸ

2108 4893 2351 4992 ἀνεῦμά
2389 4919 2541 4972 ἐστι.
2569 4916 2712 4968 Καιο
2747 4911 2822 4966 ΕΖ
2878 4927 2970 4974 τις
3025 4905 3133 4961 τὸν
3188 4901 3350 4992 radi:
3381 4897 3486 4952 τοῦ
3533 4893 3684 4950 Θεοῦ

2111 4985 2350 5087 φθείρει,
2393 5005 2596 5079 φθερεῖ
2619 5003 2836 5060 τοῦτον
2870 5003 2902 5056 ό
2934 4997 3098 5062 Θεός.
3127 4992 3249 5056 [ιῶς
3295 4985 3386 5043 οὖν
3422 4988 3484 5041 οὐ
3521 5002 3686 5056 ειμι,-

494 5157 718 5234 ‘ann.
754 5195 792 5242 ι,
825 5178 912 5234 12.
979 5179 1026 5211 ⁸⁸
1055 5177 1232 5234 Galat.
1264 5195 1337 5244 tv,
1366 5181 1425 5246 7;
1467 5179 1627 5239 Rom.
1661 5196 1776 5241 νιιι,
1809 5182 1895 5235 l7.
1954 5181 1985 5213 ⁸³

2094 5194 2180 5233 an.
2214 5193 2305 5238 xv,
2338 5174 2427 5246 14.
2499 5167 2712 5246 "ibid.
2749 5159 2932 5246 ⁸⁷
2964 5158 3269 5246 Apoc;
3299 5145 3508 5246 “in...”
3532 5141 3683 5246 P‘sgtl:

434 5265 579 5312 χιιι,
612 5251 660 5305 1.
761 5251 807 5284 ⁸³
835 5248 1005 5306 Exod.
1035 5265 1118 5314 ιιι,
1159 5249 1212 5304 6.
1286 5252 1330 5284 ’°
1359 5249 1537 5305 Exod.
1593 5268 1688 5314 vn,
1756 5251 1807 5305 1.

432 5317 476 5371 ll
509 5319 643 5378 Cor.
669 5337 740 5382 vt,
772 5320 857 5375 16.
937 5320 982 5352 ³³
1010 5319 1137 5388 Sap.
1170 5335 1248 5386 ιιι,
1277 5320 1328 5374 1.
1401 5319 1446 5351 9‘
1482 5321 1624 5375 Psal.
1660 5336 1849 5385 XLVIII,
1889 5319 2056 5385 9,10.

436 5403 517 5452 tu,
549 5391 634 5444 l7.
729 5392 774 5424 "
804 5389 968 5446 lCor.
1003 5404 1082 5452 ιιι,
1114 5388 1197 5443 l7.

1910 5250 2148 5306 "Basil.
2213 5255 2353 5301 orat.
2416 5245 2468 5297 in
2537 5239 2605 5294 40
2662 5243 2891 5306 martyr.

3003 5212 3047 5258 δ’
3100 5212 3275 5278 Levii.
3344 5230 3492 5278 nrt,
3557 5212 3686 5278 εἰς

2167 5283 2387 5371 ’δυίδέξίμ
2416 5283 2887 5376 ’ἔκνῖνίὲίνηῖῖ
2927 5300 2944 5353 l
3011 5287 3139 5350 Cor’.
3175 5308 3254 5358 ιιι,
3292 5289 3343 5342 6.
3417 5283 3463 5317 ⁸⁷
3486 5284 3527 5339 ll
3553 5286 3688 5338 Cor.

1738 5536 1970 5594 νΑιιιΑῑ
2012 5531 2414 5592 LECTIONES.

492 5674 517 5710 ’ί
556 5675 714 5740 Deest
807 5680 1061 5751 Ἰωάννης
1121 5686 1175 5737 in
1246 5681 1432 5737 multis
1465 5678 1667 5744 codd;
1702 5674 1942 5730 additum
1973 5681 2056 5728 est
2087 5671 2140 5726 in
2167 5683 2342 5739 marg.
2369 5665 2491 5751 eod.
2523 5664 2582 5719 S.
2617 5661 2721 5716 Hil.
2803 5658 2816 5709 i
2863 5658 3020 5730 Deest
3042 5657 3118 5721 ὡς
3158 5655 3211 5710 in
3249 5653 3376 5711 cod.
3421 5649 3480 5706 8.
3517 5647 3629 5705 [ιιι.
