3926 6292
256 378 396 447 1165

253 574 351 629 τοῦ
397 571 534 626 Θεοῦ
573 568 908 641 σκηνώματα
943 587 957 635 ;
992 565 1149 624 Οὗτοι
1207 569 1405 634 ζῶντες
1456 572 1515 623 έν
1547 571 1834 643 παρρησίᾳ

252 666 336 737 τῷ
365 665 484 733 Θεῷ
524 662 929 733 παρεστήκασι.

330 755 522 825 Πηγὰς
576 756 708 824 ἡμῖν
768 754 1072 824 σωτηρίους
1114 754 1143 806 6
1188 756 1464 824 Δεσπότης
1496 756 1727 826 Χριστὸς
1770 756 1838 809 τὰ

256 849 365 901 τῶν
400 847 572 913 ἁγίων
602 844 913 915 παρέσχετο
943 844 1208 914 λείψανα,
1248 845 1605 915 πολυτρόπως
1629 846 1728 910 τὰς
1752 847 1838 899 εὐο

258 938 517 1009 εργεσίας
561 936 876 1005 πηγάζοντα
905 975 920 1001 ,
950 935 1121 1005 μύρον
1179 936 1405 997 εὐωδίας
1455 936 1720 1007 βρύοντα·
1747 938 1839 992 καὶ

263 1029 454 1100 μηδεὶς
508 1026 827 1080 ἀπιστείτω.
875 1026 937 1078 El
976 1026 1085 1097 γάρ
1119 1028 1176 1092 ἐξ
1237 1028 1548 1098 ἁκροτόμου
1587 1030 1680 1081 καὶ
1720 1045 1840 1082 στε·

266 1123 396 1191 ρεᾶς
455 1119 658 1190 πέτρας
695 1117 839 1189 ὕδωρ
884 1120 941 1172 ὲν
987 1119 1181 1191 ἐρήμῳ
1214 1120 1483 1190 ὲπήγασε,
1517 1119 1840 1190 βουλομένου

265 1214 419 1277 Θεοῦ,
445 1215 541 1266 καὶ
567 1214 633 1266 ἐκ
657 1212 901 1281 σιαγόνος
926 1212 1047 1265 ὄνου
1066 1212 1200 1282 (92⁸)
1234 1212 1312 1281 τῷ
1336 1210 1573 1281 Σαμψὼν
1596 1211 1841 1279 διψῶντι,

268 1310 333 1359 ἐκ
379 1304 732 1375 μαρτυρικῶν
766 1304 1033 1373 λειψάνων
1077 1303 1249 1373 μύρον
1298 1303 1497 1367 εὑῶδες
1524 1302 1847 1365 ἀναϐλύζειν

269 1397 523 1459 ἄπιστον;
570 1394 859 1463 Οὐδαμῶς.
890 1397 1005 1457 τοῖς
1030 1411 1095 1462 γε
1146 1394 1310 1447 είδόσι
1334 1395 1432 1464 τὴν
1461 1393 1557 1448 τοῦ
1588 1394 1723 1447 Θεοῦ
1758 1394 1847 1447 δύ-

269 1503 453 1555 ναμιν,
482 1486 575 1537 καὶ
610 1486 710 1551 τὴν
743 1484 851 1538 τῶν
890 1484 1061 1553 ἁγίων
1088 1486 1219 1553 παρ’
1250 1484 1413 1537 αὑτοῦ
1446 1486 1613 1553 τιμήν
1648 1518 1655 1525 ρ

357 1749 446 1802 Ἔν
477 1747 595 1817 τῷιι
621 1748 771 1817 νόμῳ
806 1748 913 1810 πᾶς
946 1748 975 1799 6
1015 1746 1321 1815 ἁπτόμενος
1366 1747 1561 1817 νεκροῦ
1606 1748 1852 1819 ἀκάθαρ-

276 1858 368 1903 τος
399 1838 787 1909 ἐχρημάτιζεν,
820 1836 934 1890 ἀλλ*
966 1838 1065 1907 οὑχ
1111 1832 1256 1890 οὗτοι
1284 1838 1487 1908 νεκροί.
1522 1832 1718 1907 Ἀφὀῦ
1742 1839 1851 1910 γὰρ
1884 1820 1924 1874 Β

278 1937 312 2003 ή
341 1930 609 1999 αὑτοζωὴ,
641 1932 668 1982 6
694 1929 793 1998 τῆς
819 1930 965 1999 ζωῆς
1003 1929 1199 1995 αἴτιος,
1230 1933 1287 1983 ὲν
1330 1933 1541 1999 νεκροῖς
1573 1930 1850 2001 ἐλογίσθη,

278 2025 406 2087 τοὺς
435 2025 519 2077 ἐπ’
548 2023 723 2075 ἐλπίδι
749 2021 1101 2085 ἀναστάσεως
1144 2024 1236 2076 καὶ
1266 2026 1331 2094 τῇ
1371 2025 1450 2086 είς
1483 2023 1644 2077 αὑτὸν
1673 2024 1854 2076 πίστει

282 2116 645 2188 κοιμηθέντας
670 2158 684 2181 ,
718 2117 780 2169 ού
834 2117 1061 2184 νεκροὺς
1111 2116 1608 2187 προσαγορεύομεν.
1647 2118 1856 2186 Νεκρὺν

287 2209 391 2278 γὰρ
420 2208 581 2278 σῶμα
612 2206 729 2271 πῶς
767 2206 1206 2277 θαυματουργεῖν
1238 2207 1460 2261 δύναται
1482 2224 1497 2271 ;
1522 2208 1644 2271 Πῶς
1666 2204 1758 2260 οὖν
1789 2209 1855 2260 δι’

284 2299 464 2353 αὐτῶν
512 2299 763 2370 δαίμονες
791 2298 1210 2361 ἀπελαύνονται,
1239 2299 1386 2351 νόσοι
1444 2299 1856 2367 φυγαδεύονται,

285 2391 530 2454 ἀσθενεῖς
569 2390 961 2462 θεραπεύονται
984 2429 1000 2455 ,
1026 2389 1216 2457 τυφλοὶ
1254 2390 1642 2453 ἀναϐλέπουσι,
1670 2392 1860 2461 λεπροὶ

287 2482 662 2553 καθαίρονται,
692 2481 992 2552 πειρασμοὶ
1017 2481 1112 2532 καὶ
1154 2481 1301 2534 ἀνίαι
1335 2481 1573 2545 λύονται,
1605 2483 1751 2536 πᾶσα
1774 2483 1861 2536 δό-

290 2589 373 2635 σις
398 2571 576 2641 ἀγαθὴ
600 2572 664 2624 ὲκ
693 2570 787 2624 τοῦ
831 2569 1045 2639 Πατρὸς
1070 2568 1178 2622 τῶν
1206 2569 1401 2638 φώτων
1425 2570 1492 2623 δι’
1535 2570 1713 2623 αὐτῶν
1747 2574 1860 2633 τοῖς

289 2662 595 2731 ἀδιστάκτῳ
622 2662 802 2713 πίστει
834 2658 1045 2714 αἰτοῦσι
1076 2661 1320 2727 κάτεισι;
1360 2660 1509 2714 Πόσα
1538 2661 1604 2715 ἂν
1632 2662 1859 2733 ἔκαμες,

293 2754 379 2807 ἵνα
413 2751 721 2821 προστάτην
760 2750 926 2823 εὕρῃς
958 2751 1137 2821 θνητῷ
1167 2768 1226 2804 σε
1259 2751 1472 2820 βασιλεῖ
1494 2754 1860 2824 προσάγοντα,

292 2845 388 2898 καὶ
412 2843 551 2913 ὑπὲρ
580 2842 672 2894 σοῦ
718 2842 853 2911 πρὸς
894 2843 1057 2895 αὐτὸν
1101 2844 1229 2906 τοὺς
1271 2843 1464 2912 λόγους
1512 2848 1863 2914 ποιούμενον;

295 2936 435 2998 Τοὺς
488 2930 580 2987 οὖν
630 2936 936 3003 προστάτας
971 2932 1065 2986 τοῦ
1118 2935 1308 3003 γένους
1361 2936 1600 2999 παντὸς,
1628 2938 1754 2999 τοὺς
1792 2936 1868 3008 τῷ

294 3026 412 3097 Θεῷ
447 3026 584 3095 ὑπὲρ
616 3025 773 3095 ήμῶν
795 3026 893 3088 τὰς
916 3025 1185 3089 ἐντεύξεις
1214 3027 1589 3097 ποιουμένους,
1620 3029 1681 3082 οὐ
1707 3045 1870 3098 τιμη-

1310 372 1405 431 Ι)Ε
1434 371 1609 430 FIDE
1638 368 2105 430 ORTHODOXA
2148 368 2294 427 LIB.
2329 368 2433 428 IV.

253 492 376 543 τέον
408 482 519 554 (92)
543 480 671 545 τοὺς
698 480 974 551 ἐμψύχους
999 480 1159 543 ναοὺς
1200 479 1294 534 τοῦ
1328 481 1484 542 Θεοῦ,
1516 481 1585 534 τὰ
1616 480 1835 550 ἔμψυχα
1864 484 1909 540 Α

3367 357 3502 424 1168

1941 479 2069 541 plis,
2104 477 2353 547 vivisque
2384 477 2506 546 ejus
2551 472 2922 529 tabernaculis
2968 452 3279 527 honor'non
3315 470 3386 524 sit
3411 472 3510 524 ad"

1937 570 2209 624 bibendus
2224 569 2342 661 ?Qlli
2380 570 2511 623 dum
2551 568 2799 622 viverent
2830 581 2955 620 cum
2998 564 3196 619 ﬁducia
3231 563 3342 619 Deo
3372 564 3508 617 οειὶτ

1937 669 2121 714 terunt
2149 661 2217 713 °’.

2007 752 2265 807 Christus
2306 751 2567 805 Dominus
2590 759 2917 807 sanctorum
2943 747 3201 817 reliquias
3238 747 3386 802 velut
3425 764 3514 803 sa-

1940 847 2149 900 lutares
2180 843 2359 897 fontes
2408 844 2660 911 przebuit,
2689 858 2756 897 ex
2791 842 2996 912 quibus
3028 841 3262 911 plurima
3297 840 3365 894 ad
3413 856 3513 895 nos

1940 936 2206 993 beneficia
2274 942 2544 999 manant,
2603 934 3106 1002 suavissimumque
3170 939 3511 1002 unguentum

1942 1030 2180 1101 proﬂuit.
2229 1029 2339 1083 Nec
2378 1030 2669 1098 quisquam
2720 1027 2806 1082 his
2857 1027 3015 1081 [idem
3065 1027 3336 1082 detrahat.
3379 1025 3512 1079 Nam

1943 1121 1987 1174 si
2028 1134 2169 1187 aqua
2209 1120 2261 1172 in
2290 1118 2507 1172 deserto
2539 1133 2605 1171 ex
2635 1131 2827 1186 aspera
2852 1126 2905 1170 et
2932 1116 3069 1170 dura
3101 1132 3240 1185 rupe
3272 1117 3312 1181 ⁸,
3354 1124 3519 1183 alque

1944 1226 2008 1264 ex
2047 1210 2185 1263 asini
2232 1210 2475 1269 maxilla,
2523 1209 2589 1260 ad
2636 1207 2935 1262 sedandam
2984 1206 3242 1260 Samsoni
3293 1206 3515 1265 sitim’,

1947 1300 2056 1354 Deo
2088 1300 2162 1353 ita
2192 1298 2428 1360 volente,
2463 1298 2719 1366 prosiliit,
2760 1313 2860 1351 cur
2900 1296 3220 1350 incredibile
3272 1296 3521 1349 videatur
3594 1294 3607 1307 ’

1946 1408 2009 1446 ex
2051 1400 2353 1461 martyrum
2388 1389 2633 1458 reliquiis
2661 1404 2827 1444 suave
2857 1376 3193 1459 unguentum
3217 1388 3523 1443 scaturire?

1948 1482 2170 1537 Minime
2222 1490 2389 1544 certe,
2456 1481 2526 1535 iis
2570 1480 2790 1549 quidem
2845 1481 3047 1549 quibus
3107 1479 3200 1533 Dei
3258 1481 3519 1548 potentia,

1948 1584 2001 1629 et
2074 1575 2247 1629 honor
2299 1588 2409 1642 quo
2485 1579 2708 1627 sanctos
2777 1585 2907 1625 suos
2972 1570 3171 1637 allicit,
3246 1572 3521 1640 explorata

1952 1675 2103 1722 Sunt.

2025 1757 2206 1812 Sancti
2256 1757 2478 1810 mortuis
2508 1772 2611 1809 non
2642 1754 3048 1808 annumerandi.
3097 1752 3139 1806 Τ
3142 1755 3278 1806 otius
3308 1753 3528 1806 humani

1955 1851 2158 1919 generis
2198 1850 2432 1917 patroni.
2477 1876 2524 1887 ο·
2565 1848 2623 1901 In
2650 1847 2768 1917 lege
2799 1846 3054 1915 quisquis
3089 1854 3365 1899 mortuum
3406 1845 3531 1897 teli-

1957 1940 2466 2011 gcrat,immundus
2495 1937 2873 1993 censebatur‘.
2907 1936 3102 1990 Verum
3129 1936 3180 1989 hi
3204 1937 3255 1989 in
3288 1947 3530 1988 mortuo-

1957 2048 2077 2085 rum
2126 2044 2355 2084 numero
2407 2028 2644 2084 habendi
2680 2041 2790 2082 non
2823 2036 2974 2081 sunt.
3011 2024 3088 2080 Ex
3122 2039 3232 2094 quo
3265 2024 3409 2079 enim
3443 2025 3531 2077 ille

1959 2123 2052 2192 qui
2083 2123 2198 2189 ipsa
2233 2122 2341 2173 vita
2369 2130 2472 2183 est,
2514 2128 2567 2173 et
2609 2119 2734 2173 vitae
2770 2126 2965 2171 auctor
2994 2117 3139 2171 inter
3168 2125 3416 2173 mortuos
3439 2116 3534 2167 de-

1962 2219 2184 2281 putatus
2204 2218 2329 2264 est:
2363 2224 2457 2263 eos
2488 2208 2581 2276 qui
2615 2222 2740 2261 cum
2792 2222 2888 2275 spe
2921 2206 3366 2270 resurrectionis,
3408 2204 3535 2257 litie-

1960 2318 2068 2372 que
2100 2303 2153 2355 in
2191 2301 2392 2371 ipsum,
2418 2298 2853 2360 obdormierunt,
2894 2311 3239 2367 nequaquam
3290 2303 3535 2349 mortuos

1964 2391 2319 2463 appellamus.
2379 2388 2483 2454 Qui
2543 2386 2688 2446 enim
2776 2401 2979 2456 corpus
3052 2386 3313 2439 miracula
3376 2384 3539 2443 edere

1965 2482 2168 2553 queat?
2198 2480 2445 2547 Quanam
2479 2479 2646 2549 igitur
2677 2478 2892 2533 ratione
2921 2477 3115 2532 borum
3140 2491 3306 2546 Opera
3344 2476 3540 2532 dtemo.

1967 2591 2064 2628 nes
2087 2573 2459 2643 expelluntur,
2494 2571 2669 2625 morbi
2698 2568 3080 2640 proﬂigantur,
3110 2569 3301 2638 tegroti
3335 2582 3539 2623 sanan-

1967 2678 2078 2731 tur,
2113 2667 2239 2722 caeci
2271 2668 2449 2720 visum
2477 2663 2768 2732 recipiunt,
2799 2661 2994 2730 leprosi
3021 2660 3377 2721 mundantur,
3413 2670 3534 2712 ten-

1969 2760 2204 2813 lationes
2243 2773 2306 2811 ac
2359 2769 2649 2820 mcerores,
2702 2768 2860 2807 omne
2912 2752 3099 2806 datum
3149 2750 3441 2821 optimum,
3475 2750 3541 2804 ii‘s

1968 2852 2062 2922 qui
2120 2851 2224 2905 lide
2271 2866 2380 2903 non
2437 2847 2604 2902 dubia
2649 2846 2948 2915 postulant,
2989 2860 3089 2914 per
3123 2857 3221 2898 eos
3260 2842 3543 2898 descendit

1971 2964 1999 3000 a
2038 2946 2196 2999 Patre
2226 2944 2492 2998 luminum
2525 2942 2567 2997 ³.
2601 2941 2741 3008 Quid
2771 2941 2977 2996 laboris
3002 2954 3108 2993 non
3145 2937 3442 3008 suscipias,
3485 2944 3542 2991 ut

1972 3047 2260 3107 patronum
2296 3034 2657 3095 nanciscaris,
2686 3033 2781 3102 qui
2831 3040 2884 3086 te
2931 3032 3150 3085 mortali
3190 3031 3292 3100 ‘egi
3328 3028 3540 3092 oﬂ‘erat,

296 3119 450 3186 τέον;
479 3120 587 3172 Ναὶ
621 3120 726 3190 μὴν
769 3119 1023 3190 τιμητέον
1044 3116 1087 3185 ‘,
1112 3120 1273 3182 ναοὺς
1312 3120 1625 3189 ἐγείροντας
1653 3120 1731 3191 τῷ
1753 3120 1855 3191 Θεᾷ

1972 3137 2028 3183 et
2059 3142 2156 3198 pro
2193 3138 2246 3182 te
2274 3129 2339 3181 ad
2367 3141 2491 3181 eum
2519 3127 2682 3181 verba
2724 3124 2925 3179 faciat?
2951 3124 3146 3177 Annon
3179 3110 3343 3191 igitur
3376 3121 3411 3174 ii
3444 3122 3544 3175 ho-

299 3211 392 3262 ἐπὶ
412 3210 490 3282 τῷ
522 3211 726 3267 τούτων
765 3212 1025 3281 ὀνόματι,
1060 3213 1439 3283 καρποφορίας
1468 3214 1865 3284 προσάγοντας,

300 3304 397 3363 τὰς
428 3303 630 3356 τούτων
672 3304 899 3373 μνήμας»
932 3304 1290 3373 γεραίροντας
1315 3306 1439 3367 ,καὶ
1469 3306 1527 3357 ὲν
1556 3304 1743 3367 αὑταῖς
1781 3304 1869 3355 εύ-

301 3395 697 3464 φραινομὲνους
736 3396 1157 3464 πνευματικῶς,
1195 3397 1282 3450 ἵνα
1333 3396 1511 3450 οἰκεία
1565 3397 1674 3449 τῶν
1735 3412 1868 3464 συγ-

304 3486 611 3539 καλούντων
648 3488 681 3556 ή
708 3487 1013 3558 εὐφροσύνη
1050 3488 1299 3558 γένηται,
1324 3488 1411 3541 ἵνα
1445 3489 1519 3558 μὴ
1547 3488 1870 3558 θεραπεύειν

305 3576 652 3647 πειρώμενοι,
699 3577 1004 3647 τοῦμπαλιν
1037 3580 1233 3643 αὐτοὺς
1287 3580 1731 3650 παροργίσωμεν.
1776 3576 1872 3645 Οἷς

308 3669 408 3740 μὲν
447 3669 555 3738 γάρ
583 3669 714 3733 Θεὸς
745 3669 1129 3742 θεραπεύεται.
1172 3673 1267 3726 καὶ¹
1300 3674 1350 3726 οἱ
1382 3672 1569 3726 τούτου
1603 3672 1873 3741 θεράπον-

1976 3218 2229 3281 uorandi,
2261 3219 2357 3287 qui
2408 3217 2575 3270 totius
2620 3214 2839 3285 generis
2889 3215 3110 3269 humani
3148 3214 3361 3283 patroni
3392 3220 3541 3279 sunt,

1976 3309 2195 3380 Deoque
2224 3325 2324 3379 pro
2367 3309 2525 3363 nobis
2567 3309 2843 3378 supplices
2879 3322 3072 3376 preces
3107 3304 3402 3358 adhibent?
3436 3302 3547 3355 llo-

1977 3400 2231 3462 norandi,
2264 3410 2446 3463 certe;
2482 3405 2535 3451 et
2565 3397 2788 3465 quidem
2825 3398 2900 3449 ita
2929 3403 2989 3448 ut
3019 3395 3073 3447 in
3105 3409 3295 3448 eorum
3326 3393 3547 3449 nomino

1976 3493 2177 3561 templa
2211 3491 2320 3544 Deo
2340 3498 2711 3549 exstrualnus,
2736 3488 2877 3541 dona
2898 3486 3215 3548 oﬂeramns,
3248 3485 3546 3539 memorias

1978 3598 2170 3638 eorum
2201 3582 2468 3646 colamus,
2497 3587 2660 3649 atque
2690 3581 2744 3633 in
2795 3579 2863 3633 iis
2906 3578 3270 3647 spiritualiter
3308 3578 3547 3631 oblecte-

1973 3691 2097 3728 mur
2130 3696 2140 3727 :
2174 3688 2237 3727 ea
2273 3673 2463 3741 utique
2494 3670 2701 3733 laetitia,
2736 3686 2856 3740 qua:
2885 3669 2992 3723 illis
3030 3669 3268 3721 arrideat
3299 3667 3464 3737 279
3516 3684 3547 3721 a

305 3777 397 3823 τες
426 3760 891 3832 εὐφρανθήσονται
933 3780 945 3792 ·
978 3757 1060 3825 οἷς
1109 3764 1164 3815 δὲ
1201 3762 1549 3834 προσοχθίζει
1595 3763 1748 3825 Θεὸς,
1779 3766 1855 3816 κα

1973 3764 2175 3833 quibus
2206 3764 2507 3817 invitamur
2531 3775 2616 3824 ne,
2638 3760 2768 3814 dum
2793 3759 3058 3813 demereri
3089 3758 3209 3815 illos
3235 3760 3548 3812 studemus!

307 3855 354 3905 οἱ
378 3852 566 3905 τούτου
611 3853 1026 3923 προσοχθιοῦσιν
1085 3855 1441 3909 ὑπασπισταί.
1498 3856 1585 3908 Ἐν
1615 3855 1871 3925 ψαλμοῖς,

379 4028 423 4056 ³³9
465 4029 643 4081 Aster.
676 4029 831 4082 llom.
875 4029 929 4083 in
961 4030 1058 4084 SS.
1104 4040 1261 4084 mart.

1346 4032 1359 4059 ¹
1395 4029 1560 4085 Exod.
1606 4048 1736 4092 xvll,
1770 4031 1822 4085 6.
1900 4031 1920 4061 '
1954 4027 2136 4083 Judic.
2164 4047 2253 4095 xv,
2283 4032 2363 4084 l7.

1978 3855 2320 3910 oﬂ‘endamus
2344 3853 2521 3924 potius
2550 3860 2605 3908 et
2636 3851 2939 3905 irritemus.
2973 3850 3184 3914 Quibus
3211 3850 3354 3903 enim
3383 3849 3551 3903 rebus

2452 4030 2472 4059 ⁸
2498 4028 2660 4083 Num.
2698 4045 2813 4094 xix,
2854 4027 2939 4082 ll.
3024 4027 3045 4058 ⁸
3069 4028 3186 4084 Jac.
3216 4023 3369 4088 ι,17.

1589 4184 1821 4240 VARIE
1856 4185 2255 4244 LECTIONES.

383 4271 405 4308 ¹ί
432 4272 586 4327 Edita
614 4275 705 4326 καὶ
744 4277 799 4327 ὲν
829 4273 926 4344 τῷ.
1010 4273 1027 4317 ὶ
1066 4272 1187 4328 llaec
1217 4290 1318 4328 vox
1356 4278 1409 4328 in
1436 4276 1601 4332 editis
1624 4278 1836 4331 deerat.

1820 4428 2054 4485 NOTAE.

382 4539 491 4609 (92)
537 4539 667 4611 Πῶς
698 4536 917 4611 οὖν,οὺ
970 4540 1260 4609 τιμητέον.
1293 4540 1402 4594 Cur
1452 4558 1572 4611 ergo
1624 4542 1875 4594 animatis
1908 4523 1954 4576 ι)
1984 4559 2196 4599 necnon
2250 4559 2359 4598 una
2388 4558 2520 4600 voce
2548 4552 2642 4606 tm
2665 4545 2844 4611 Leclli,
2880 4546 2933 4601 id
2968 4554 3053 4603 est
3096 4548 3343 4603 maxilla.
3395 4546 3553 4604 Unde

312 4610 409 4664 Dei
436 4610 781 4679 lemplis,etc.
810 4609 1084 4663 Solemnis
1114 4625 1330 4680 semper
1359 4610 1460 4665 fuit
1495 4609 1689 4668 honos.
1714 4627 1876 4678 quem

311 4682 496 4734 ﬁdeles
540 4692 854 4733 sanctorum
900 4680 1154 4747 reliquiis
1192 4691 1245 4733 et
1282 4682 1563 4733 memoriis
1588 4681 1872 4743 adhibent,

309 4751 678 4818 nequidquam
711 4748 1115 4817 refragantibus
1144 4748 1457 4804 Manicllzeis
1506 4759 1559 4804 et
1588 4750 1878 4803 Eunomia-

307 4817 418 4879 nis,
455 4834 593 4886 quos
623 4817 681 4870 S.
704 4818 954 4871 Asterius
987 4820 1291 4873 Amasenus
1321 4827 1458 4873 orat.
1492 4822 1545 4873 ill
1580 4820 1679 4873 SS.
1715 4829 1872 4873 mart.

308 4890 810 4957 eruditevcllicat;
845 4898 900 4941 ut
937 4898 990 4942 et
1036 4887 1385 4957 Vigilantium
1421 4891 1615 4943 horum
1645 4892 1874 4943 aemula-

306 4966 481 5013 torem
505 4956 869 5028 Hieronymus
895 4959 988 5011 lib.
1018 4956 1162 5012 cont.
1194 4959 1298 5026 ips.
1325 4969 1377 5012 et
1402 4961 1561 5028 epist.
1592 4961 1654 5013 ad
1688 4959 1874 5027 Ripar.

308 5028 632 5082 Damasceni
669 5038 838 5101 letale
869 5029 1268 5101 Constantinus
1296 5030 1701 5101 Coprouymus,
1740 5039 1796 5081 nt
1821 5031 1874 5083 in

306 5107 637 5169 sanctorum
668 5099 954 5169 imagines,
988 5100 1059 5151 ita
1088 5109 1138 5152 ct
1182 5100 1237 5153 in
1266 5114 1454 5169 eorum
1490 5099 1751 5169 reliquias
1774 5115 1877 5169 ste-

306 5169 506 5239 viebat.
544 5165 677 5221 Vide
710 5165 954 5237 Theopb.
1005 5171 1068 5222 ad
1113 5184 1238 5222 ann.
1275 5168 1345 5225 26
1379 5169 1520 5225 illius
1561 5165 1755 5239 imper.
1797 5168 1873 5223 De

306 5238 518 5292 honore
559 5239 650 5307 qui
702 5239 1026 5306 corporibus
1057 5249 1378 5308 sanctorum
1402 5241 1661 5301 debetur,
1690 5241 1873 5308 legen-

307 5310 411 5380 dus
460 5316 543 5362 est
571 5308 929 5362 doctissimus
956 5308 1212 5363 Petavius
1248 5318 1287 5362 t.
1313 5307 1379 5362 ιν
1407 5308 1667 5380 Tbeolug.
1688 5307 1869 5379 degm.

307 5376 548 5447 libaxtv,
579 5393 697 5447 cap.
732 5379 796 5431 lO
818 5388 872 5430 et
898 5394 1054 5447 seqq.

380 5445 513 5515 (92‘)
555 5445 663 5501 Καὶ
688 5448 757 5501 ἐκ
786 5445 1067 5517 σιαγόὲος
1098 5447 1260 5503 ὄνου.
1303 5448 1465 5517 Atque
1492 5465 1557 5503 ea:
1589 5450 1727 5507 asini
1765 5467 1880 5503 ma-

302 5517 463 5580 xilla,
509 5526 615 5572 etc.
653 5517 750 5571 llic
779 5518 1034 5572 nionendi
1079 5520 1421 5573 occasionem
1473 5535 1674 5582 suum,
1703 5521 1877 5573 locum

305 5589 360 5638 in
419 5602 529 5654 quo
588 5588 820 5642 Samson
875 5589 1023 5641 mille
1070 5587 1417 5644 Pbilisthaeos
1456 5590 1595 5643 asini
1658 5591 1878 5643 maxilla

308 5658 631 5723 prostravit,
664 5656 931 5712 Hebraice
954 5658 1159 5713 dictum
1204 5668 1287 5713 est
1315 5657 1495 5712 Judic.
1524 5674 1611 5724 xv,
1644 5659 1708 5711 l7
1736 5679 1748 5713 :
1776 5669 1878 5719 vnn

303 5726 429 5811 ίῘΏἾ
468 5746 695 5807 Ramath
740 5747 932 5814 Laelii,
991 5766 1043 5823 q.
1087 5750 1140 5806 d.
1192 5750 1564 5823 projectionem
1612 5752 1850 5809 "mxima

1983 4614 2196 4686 Noster
2226 4615 2428 4686 aliique
2474 4616 2680 4683 opinati
2728 4626 2892 4679 sunt,
2924 4632 2988 4686 ex
3044 4618 3275 4686 ipsamet
3333 4619 3553 4673 maxilla

1984 4699 2155 4752 aquas
2187 4683 2240 4737 in
2273 4699 2336 4737 os
2375 4683 2658 4739 Samsonis
2683 4687 2918 4740 sitientis
2952 4683 3205 4752 ﬂuxisse;
3233 4704 3356 4742 cum
3405 4690 3556 4741 Scri-

1983 4763 2142 4823 ptura
2175 4753 2376 4808 diserte
2395 4754 2664 4823 signiﬁcet
2697 4756 2901 4810 fontem
2925 4756 3018 4825 qui
3048 4759 3099 4809 in
3122 4757 3274 4810 Lechi
3296 4760 3554 4824 manavit,

1983 4825 2048 4877 ad
2075 4825 2398 4887 hodiernum
2424 4840 2597 4894 usque
2628 4826 2769 4880 diem
2800 4842 3168 4895 perseverare,
3199 4828 3558 4895 appellatum-

1981 4910 2088 4965 que
2110 4910 2231 4949 esse
2252 4900 2395 4979 831p
2428 4903 2510 4981 py
2536 4895 2732 4961 fontem
2764 4897 3071 4949 invocantis.
3105 4895 3259 4951 Unde
3284 4897 3557 4967 Iosephus

1983 4987 2078 5041 lib.
2105 5004 2136 5040 v
2171 4987 2299 5040 Aut.
2352 5002 2471 5058 cap.
2525 4988 2611 5052 10,
2655 4990 2736 5043 sic
2767 5004 2876 5042 rem
2906 4995 3113 5058 gestam
3143 4990 3333 5044 refert.
3368 5008 3382 5044 :
3418 4989 3557 5043 Deus

1983 5058 2159 5126 itaque
2209 5057 2449 5128 precibus
2506 5058 2621 5125 ejus
2675 5068 2924 5112 exoratus
2952 5100 2965 5121 ,
3004 5061 3186 5128 πηγήν
3225 5061 3367 5112 κατά
3410 5077 3557 5121 τινος

1983 5128 2190 5197 πέτρας
2223 5127 2434 5199 άνίησιν
2460 5128 2641 5197 ήδείαν
2679 5131 2771 5199 καὶ
2798 5128 3018 5199 πολλὴν,
3050 5127 3172 5182 ὃθεν
3200 5130 3228 5181 6
3252 5128 3557 5198 Σαμψὼνης

1981 5199 2165 5250 ἐκάλει
2190 5197 2250 5249 τὸ
2282 5197 2502 5268 χωρίον,
2541 5198 2792 5268 σιαγόνα,
2824 5213 2889 5252 ea:
2909 5197 3055 5266 petra
3084 5199 3316 5268 quadam
3344 5197 3557 5252 suavem

1982 5265 2293 5337 largumque
2320 5265 2512 5337 fontem
2555 5265 2754 5337 eduxit,
2793 5265 2929 5321 unde
2960 5265 3182 5322 Samson
3214 5270 3385 5321 locum
3421 5271 3560 5322 hunc

1964 5336 2304 5405 nuncupavit,
2327 5336 2638 5408 Masillam.
2658 5336 2957 5407 ‘Josephus,
2991 5354 3091 5408 pro
3116 5336 3342 5391 Hebraeo
3356 5348 3554 5401 mn,

1984 5418 2186 5476 petram
2243 5410 2468 5477 posuit:
2510 5406 2668 5474 Vulg.
2729 5406 2957 5476 interpr.
2993 5406 3258 5461 'molarem
3327 5409 3554 5466 dentem.

1988 5477 2126 5531 LXX
2151 5480 2230 5531 sic
2262 5487 2540 5531 verterunt
2576 5495 2588 5531 :
2622 5478 2728 5530 Καὶ
2762 5478 2988 5547 ἔρρηξεν
3016 5479 3043 5530 6
3071 5477 3202 5541 Θεὸς
3229 5477 3319 5529 τὸν
3358 5477 3562 5530 λάκκον

1982 5551 2073 5601 τὸν
2100 5552 2157 5600 ἐν
2182 5552 2248 5618 τῇ
2274 5549 2504 5615 σιαγόνι.
2540 5547 2679 5603 Deus
2702 5562 2972 5615 erumpere
3001 5547 3121 5616 fecit
3153 5551 3328 5601 lacum
3361 5549 3451 5618 qui
3481 5557 3561 5604 est

1983 5642 2036 5693 in
2070 5639 2329 5767 nutricula;
2358 5641 2411 5695 id
2455 5647 2538 5695 cst
2570 5641 2624 5695 in
2652 5640 2773 5695 loco
2807 5639 2899 5721 qui
2936 5638 3119 5699 dictus
3141 5648 3230 5697 est
3267 5623 3361 5702 η·ιὸ
3403 5638 3563 5710 tecllt',

1983 5727 2126 5764 max:
2176 5728 2227 5767 α.

1983 5727 2227 5771 maxum.
