3926 6292
235 399 374 467 1169

1298 397 1394 455 DE
1428 397 1605 457 FiDE
1643 392 2107 455 ORTIIODOXA
2147 392 2291 450 LIB.
2337 393 2431 452 IV.

3354 385 3491 452 H70

231 512 459 569 κυνοῦσί
488 527 545 563 τε
579 510 672 563 καὶ
700 506 904 577 τιμῶσι
942 507 1040 577 τήν
1072 524 1129 558 τε
1168 508 1263 559 τοῦ
1298 508 1551 580 Σωτῆρος
1587 508 1681 559 καὶ
1709 508 1805 575 τῆς

1916 504 2053 556 niam
2086 510 2266 556 autem
2296 502 2518 571 quidam
2545 516 2644 556 nos
2676 500 2927 571 culpant,
2966 501 3114 571 quod
3154 501 3486 568 Salvatoris,

230 602 533 672 Δεσποίνης
589 599 747 670 ἡμῶν
802 598 1019 662 εἰκόνα,
1066 596 1146 649 ἔτι
1196 598 1253 650 δὲ
1311 599 1405 651 καὶ
1453 599 1561 651 τῶν
1601 597 1801 651 λοιπῶν

233 695 404 763 ἁγίων
453 690 549 745 καὶ
585 688 934 760 θεραπόντων
960 686 1219 758 Χριστοῦ,
1257 687 1605 741 ἀκουέτωσαν
1639 688 1715 749 ὼς
1743 685 1804 750 ἐξ

232 785 410 855 ἀρχῆς
444 782 473 835 ό
517 779 651 841 Θεὸς
704 778 799 831 τὸν
855 778 1140 847 ἄνθρωπον
1184 777 1305 830 κατ’
1356 778 1564 830 οἰκείαν
1617 776 1802 829 εἰκόνα

229 874 475 945 ἐποίησέ.
509 872 668 934 Τίνος
694 864 787 923 οὖν
819 869 1008 922 ’ἐνεκεν
1039 868 1289 938 ἀλλήλοις
1311 878 1333 905 τ
1369 866 1801 939 προσκυνοῦμεν,

230 967 280 1018 εἰ
310 965 386 1034 μὴ
425 963 501 1026 ὡς
538 961 660 1015 κατ’
702 960 887 1013 εἰκόνα
927 959 1064 1012 Θεοῦ
1110 958 1538 1028 πεποιημένοις;
1582 959 1668 1021 Ὠς
1696 959 1804 1027 γάρ

232 1071 403 1124 φησιν
432 1056 460 1106 ό
491 1052 754 1123 θεηγόρος
776 1062 796 1087 ⁸
850 1050 945 1103 καὶ
982 1049 1149 1112 πολὺς
1192 1049 1260 1102 τὰ
1290 1049 1407 1101 θεῖα
1432 1047 1737 1112 Βασίλειος,
1771 1047 1804 1116 ὴ

230 1145 334 1215 τῆς
375 1143 582 1205 εἰκόνος
617 1141 753 1211 τιμὴ
795 1141 888 1193 ἐπὶ
938 1140 1028 1193 τὸν
1083 1139 1442 1209 πρωτότυπον
1489 1138 1756 1192 διαδαίνει
1788 1155 1803 1169 ο

234 1235 595 1307 πρωτότυπον
646 1233 702 1285 δέ
761 1234 876 1284 ἐστι
931 1232 990 1301 τό
1040 1231 1472 1299 εἰκονιζόμενον,
1520 1230 1581 1295 ἐξ
1628 1225 1689 1286 οὗ
1744 1229 1807 1282 τὸ

235 1326 574 1396 παράγωγον
608 1323 841 1391 γίνεται.
879 1321 1035 1384 Τίνος
1069 1322 1255 1375 ἕνεκεν
1284 1325 1312 1375 ό
1350 1321 1645 1384 Μωσαῖκδς
1677 1320 1807 1384 λαὸς

233 1420 300 1487 τῇ
337 1418 512 1487 σκηνῇ
560 1414 838 1468 κύκλωθεν
882 1411 1251 1483 προσεκύνει,
1294 1411 1478 1463 εἰκόνα
1514 1411 1608 1463 καὶ
1637 1411 1806 1463 τύπον

234 1504 480 1578 φερούσῃ
507 1502 615 1557 τῶν
638 1502 927 1570 οὐρανίων.
965 1501 1166 1572 μᾶλλον
1187 1501 1244 1554 δὲ
1264 1501 1367 1570 τῆς
1385 1501 1512 1572 ὅλης
1543 1501 1802 1565 κτίσεως;

233 1595 375 1665 Φησί
403 1592 535 1663 γοῦν
587 1594 617 1645 ό
647 1592 781 1654 Θεὸς
810 1589 889 1660 τῷ
935 1591 1145 1662 Μωῡσῇ
1171 1604 1187 1620 ⁸
1236 1592 1383 1658 Ὅρα
1404 1630 1419 1654 ,
1477 1590 1755 1654 ποιήσεις
1780 1590 1800 1627 ⁸

234 1686 434 1740 πάντα
479 1684 627 1737 κατὰ
674 1683 781 1737 τὸν
811 1683 1006 1735 τύπον
1031 1681 1141 1734 τὸν
1166 1680 1477 1750 δειχθέντα
1504 1696 1604 1735 σοι
1632 1682 1703 1735 ἐν
1726 1680 1807 1746 τῷ

235 1781 381 1848 ὄρει.
421 1778 533 1832 Καὶ
561 1776 630 1830 τὰ
660 1776 943 1847 Χερουϐὶμ
972 1775 1028 1829 δὲ
1054 1774 1123 1828 τὰ
1164 1774 1457 1837 σκιάζοντα
1490 1774 1549 1827 τὸ
1578 1773 1804 1845 ἱλαστή-

1909 602 1964 646 et
2013 592 2256 646 Dominze
2303 600 2525 656 nostrae,
2571 591 3021 661 reliquorumque
3069 603 3386 649 sanctorum
3424 610 3489 649 ac

1910 682 2113 737 Christi
2165 696 2448 737 servorum
2506 682 2776 751 imagines
2827 681 3122 739 adoramus
3159 694 3212 739 et
3257 701 3491 740 venera-

1913 789 2067 839 mur;
2103 766 2327 827 audiant
2366 772 2528 827 velim
2569 773 2714 841 quod
2748 771 2891 826 Deus
2922 773 2991 827 ab
3021 775 3176 829 initio
3212 776 3487 830 hominem

1912 866 1978 920 ad
2032 865 2323 935 imaginem
2370 879 2522 920 suam
2553 863 2749 918 fecerit
2781 865 2847 919 ι’.
2884 865 3050 935 280
3075 865 3179 931 Qui
3219 867 3276 921 ﬁt
3320 868 3490 937 igitur

1915 965 1970 1009 ut
2009 955 2099 1009 alii
2136 957 2273 1010 alios
2305 956 2621 1017 adoremus,
2659 953 2768 1007 nisi
2799 955 2926 1023 quia
2964 956 3031 1007 ad
3064 955 3157 1011 Dei
3192 958 3484 1027 imaginem

1913 1044 2042 1099 facti
2074 1046 2308 1100 sumus?
2335 1044 2491 1106 Nam,
2527 1054 2586 1098 ut
2613 1044 2702 1099 ille
2724 1058 2908 1098 rerum
2938 1045 3248 1101 divinarum
3283 1048 3490 1103 doctis-

1914 1136 2089 1191 simus
2139 1136 2415 1204 interpres
2460 1133 2696 1189 Basilius
2725 1136 2801 1188 ait
2829 1153 2844 1189 :
2883 1153 2901 1187 ι
2938 1136 3199 1205 imaginis
3220 1138 3394 1192 honor
3420 1139 3488 1193 ad

1912 1227 2190 1297 exemplar
2220 1226 2503 1281 transit".
2543 1245 2562 1277 ι
2604 1226 2891 1296 Exemplar
2914 1243 3079 1297 porro
3107 1236 3211 1296 est,
3244 1228 3296 1283 id
3332 1231 3489 1300 cujus

1911 1321 2113 1392 elﬁgies
2139 1321 2484 1391 esprimitur,
2508 1336 2574 1375 ex
2608 1335 2718 1389 quo
2749 1319 2926 1375 forma
2949 1321 3251 1377 derivatur.
3284 1322 3490 1388 Quam—

1913 1412 2099 1466 obrem
2162 1410 2433 1467 Mosaicus
2514 1412 2749 1481 populus
2818 1412 3261 1479 tabernaculum,
3340 1416 3488 1483 quod

1913 1500 2220 1555 caelestium
2249 1515 2459 1563 rerum,
2485 1500 2595 1554 imo
2614 1498 2882 1555 universae
2905 1511 3171 1556 creaturae
3196 1502 3487 1573 imaginem

1858 1614 1871 1619 κ
1912 1597 1967 1645 et
2001 1589 2227 1658 ﬁguram
2261 1589 2508 1657 gerebat,
2561 1588 2807 1658 undique
2859 1604 3064 1659 pronus
3117 1591 3383 1647 adorabat
3422 1594 3487 1647 ιδ.

1914 1682 2004 1735 Ait
2039 1680 2241 1750 quippe
2268 1678 2411 1735 Deus
2446 1678 2617 1750 Moysi
2655 1698 2668 1733 :
2713 1680 2841 1734 Vide
2876 1682 3057 1735 omnia
3099 1682 3264 1751 facito
3305 1700 3491 1737 secun-

1914 1772 2042 1825 dum
2076 1771 2367 1837 exemplar,
2401 1770 2541 1840 quod
2572 1770 2668 1823 tibi
2702 1772 2754 1824 in
2791 1781 2965 1825 monte
3011 1782 3279 1828 ostensum
3311 1784 3389 1827 est
3422 1775 3487 1827 ³⁸.

236 1887 376 1941 ριον,
407 1868 531 1938 οὐχὶ
560 1867 697 1939 ἔργα
740 1867 938 1937 χειρῶν
980 1864 1284 1936 ἀνθρώπων
1316 1860 1420 1935 ἦνς
1479 1866 1546 1917 Τί
1575 1865 1633 1918 δὲ
1680 1866 1708 1919 ὁ
1750 1865 1808 1917 ὲν

1916 1860 2053 1928 Quid
2084 1860 2379 1917 Cberubim
2409 1861 2522 1922 illa.
2559 1876 2681 1931 quae
2713 1862 3160 1932 prepitiatorium
3190 1864 3487 1919 obumbra-

172 2032 175 2039 _
246 1959 646 2032 Ἱεροσολύμοις
670 1958 1016 2029 περιώνυμος
1041 1957 1204 2021 ναός;
1233 1957 1369 2027 Οὐχὶ
1403 1957 1804 2028 χειροποίητος,

236 2055 334 2109 καὶ
369 2051 674 2125 ἀνθρώπων
702 2051 866 2123 τέχνῃ
897 2048 1445 2120 κατεσκευασμένος;

315 2318 388 2371 Ἤ
418 2317 475 2371 δὲ
510 2316 633 2372 θεία
660 2317 854 2389 Γραφὴ
892 2319 1191 2387 κατηγορεῖ
1218 2317 1325 2370 τῶν
1361 2315 1809 2387 προσκυνούντων

233 2410 351 2473 τοῖς
394 2409 654 2477 γλυπτοῖς
677 2449 692 2473 ,
732 2409 870 2463 ἀλλὰ
914 2409 1011 2462 καὶ
1060 2408 1294 2462 θυόντων
1336 2410 1450 2472 τοῖς
1488 2409 1806 2479 δαιμονίοις.

236 2502 438 2556 Ἐθυον
488 2502 589 2571 μὲν
640 2502 942 2571 Ἕλληνες,
992 2499 1149 2553 ἔθυον
1184 2499 1241 2552 δὲ
1282 2500 1376 2552 καί⁸
1421 2500 1473 2552 οἰ
1529 2500 1805 2554 Ἰουδαῖον

234 2592 356 2647 ἀλλ’
385 2590 649 2660 Ἕλληνες
692 2590 789 2659 μὲν
815 2590 1177 2660 δαιμονίοιςυ,
1217 2589 1461 2642 Ἰουδαῖοι
1485 2588 1541 2641 δὲ
1568 2588 1647 2658 τῷ
1667 2588 1809 2659 Θεῷ.

234 2685 347 2737 Καὶ
379 2682 689 2751 ἀπόϐλητος
723 2682 819 2750 μὲν
864 2683 899 2751 ἡ
934 2681 1044 2734 τῶν
1087 2681 1356 2749 Ἐλλήνων
1403 2679 1568 2734 θυσία
1615 2677 1686 2751 ἦν
1716 2680 1811 2734 καὶ

235 2772 597 2842 κατάκριτος,
633 2772 667 2843 ἡ
700 2771 756 2823 δὲ
782 2769 893 2823 τῶν
920 2770 1145 2824 δικαίων
1172 2770 1249 2841 τῷ
1272 2770 1391 2841 Θεῷ
1420 2771 1807 2836 εὐαπόδεκτος.

240 2864 464 2916 Ἕθυσε
484 2860 592 2931 γὰρ
616 2859 763 2925 Νῶε,
791 2862 887 2914 καί
917 2860 1235 2929 ὠσφράνθη
1267 2865 1299 2916 ό
1332 2862 1476 2928 Θεὸς
1499 2863 1700 2931 ὀσμὴν
1717 2866 1814 2918 εὐ-

232 2950 419 3015 ωδίας
438 2948 550 3018 τῆς
568 2948 794 3019 ἀγαθῆς
812 2950 1228 3019 προαιρέσεως,
1265 2954 1356 3005 καὶ
1376 2953 1473 3022 τῆς
1498 2953 1632 3023 πρὸς
1652 2954 1814 3007 αὐτὸν

235 3040 450 3102 εὐνοίας
493 3039 555 3092 τὸ
595 3038 793 3103 εὐῶδες
840 3041 1258 3111 ἀποδεχόμενος.
1298 3040 1454 3096 Οὕτω
1478 3043 1545 3096 τὰ
1583 3046 1679 3113 μὲν
1705 3045 1813 3099 τῶν

246 3130 524 3200 Ἐλλήνων
565 3129 817 3198 γλυπτὰ,
867 3132 991 3184 ἐπεὶ
1036 3132 1308 3202 δαιμόνων
1355 3130 1498 3204 ἦσαν
1546 3135 1810 3202 ἐξεικονί-

1909 1951 2062 2015 bant,
2090 1965 2276 2006 nonne
2302 1952 2667 2005 humanarum
2712 1966 2973 2005 manuum
3010 1967 3178 2023 opera
3207 1963 3368 2009 erant
3400 1954 3489 2005 "t

1908 2043 2053 2108 Quid
2082 2050 2264 2098 autem
2285 2043 2783 2099 celebratissimum
2814 2043 2949 2099 illud
2980 2044 3271 2100 delubrum
3300 2044 3492 2100 Hiero-

1907 2132 2335 2204 solymitanum?
2382 2146 2567 2186 annon
2607 2147 2771 2186 manu
2832 2141 2997 2203 atque
3039 2133 3320 2190 hominum
3370 2143 3489 2190 arte

1908 2232 2289 2279 constructum
2324 2229 2442 2276 erat
2464 2221 2544 2275 ‘7?

1978 2314 2317 2383 Sculptilium
2360 2313 2608 2367 adoralio
2647 2313 2925 2382 gentilium
2963 2315 3125 2368 vetita
3160 2316 3376 2379 solum,
3430 2325 3487 2367 ιιι

1907 2416 1958 2462 et
1983 2407 2277 2475 sacrificia.
2318 2436 2389 2447 —-
2433 2405 2628 2459 Divina
2668 2411 2851 2458 autem
2893 2403 3183 2474 Scriptura
3218 2421 3316 2462 eos
3350 2406 3489 2460 insi-

1909 2498 2081 2551 mulat
2117 2498 2212 2567 qui
2264 2498 2499 2554 adorant
2539 2498 2857 2569 sculptilia;
2890 2498 2985 2554 sed
3028 2506 3083 2553 et
3116 2512 3212 2552 eos
3252 2498 3347 2565 qui
3376 2496 3489 2550 da:-

1911 2588 2112 2644 moniis
2139 2588 2475 2644 sacriﬁcant.
2499 2590 2665 2659 Atqui
2694 2590 2924 2659 gentiles
2951 2588 3173 2659 quidem
3205 2585 3488 2642 sacriﬁca-

1912 2681 2064 2743 bant,
2115 2678 2505 2735 sacriﬁcabant
2542 2695 2673 2735 vero
2698 2689 2750 2735 et
2780 2679 2952 2735 Judaei
2989 2698 3004 2735 :
3036 2693 3224 2734 verum
3259 2676 3487 2747 gentiles

1910 2768 2197 2824 daemoniis
2218 2807 2233 2832 ,
2259 2767 2433 2823 Judaei
2462 2777 2646 2824 autem
2690 2770 2821 2826 Deo.
2847 2770 2925 2825 Ac
2948 2768 3178 2840 proinde
3202 2767 3485 2839 gentilium

1912 2859 2131 2930 quidem
2151 2860 2375 2914 victima
2404 2860 2757 2929 rejiciebatur
2786 2875 2852 2915 ac
2880 2860 3281 2916 damnabatur:
3315 2857 3488 2929 justo-

1912 2964 2034 3003 rum
2066 2960 2248 3004 autem
2282 2949 2616 3005 sacriﬁcium
2649 2950 2759 3005 Deo
2794 2957 3077 3018 acceptum
3106 2957 3245 3003 erat.
3281 2946 3486 3002 Obtulit

1913 3039 2059 3093 enim
2117 3038 2233 3092 Noe
2262 3040 2591 3109 sacriﬁcium
2616 3055 2634 3093 :
2656 3049 2705 3094 et
2724 3040 2978 3093 odoratus
3006 3049 3084 3095 est
3112 3037 3254 3093 Deus
3275 3036 3489 3092 odorem

1914 3132 2196 3185 suavitatis
2224 3133 2286 3196 ³⁸,
2330 3142 2389 3186 ut
2423 3134 2514 3203 qui
2546 3134 2734 3204 proba:
2759 3134 2934 3203 ipsius
2969 3131 3289 3195 voluntatis,
3324 3139 3491 3200 atque

238 3238 429 3289 σματα
456 3261 471 3286 ,
541 3221 826 3293 ἀπόϐλητά
898 3239 958 3275 τε
1028 3222 1123 3275 καὶ
1189 3224 1618 3296 ἀπηγορευμένα
1680 3244 1808 3296 τυγ-

1916 3238 2040 3293 erga
2075 3238 2134 3277 se
2162 3225 2371 3280 amoris
2405 3233 2460 3280 et
2501 3226 2669 3280 studii
2721 3228 3046 3280 suavitatem
3078 3222 3485 3293 comprobaret.

233 3311 488 3380 χάνουσι.

312 3482 462 3548 Πρὸς
485 3482 540 3538 δὲ
566 3485 774 3551 τούτοις
795 3487 889 3541 τοῦ
911 3489 1145 3560 ἀοράτου
1168 3530 1183 3555 ,
1218 3488 1313 3544 καὶ
1346 3490 1640 3560 ἀσωμάτου
1656 3531 1671 3556 ,
1722 3494 1818 3546 καὶ

235 3568 662 3643 ἀπεριγράπτου
683 3619 698 3641 ,
734 3580 829 3632 καὶ
869 3580 1281 3651 ἀσχηματίστου
1314 3582 1451 3635 Θεοῦ
1484 3582 1567 3645 τίς
1594 3582 1817 3643 δύναται

233 3664 577 3733 ποιήσασθαι
593 3667 653 3738 μί
659 3686 733 3740 μη
743 3687 839 3740 μα;
855 3672 1479 3744 Παραφροσύνηςτοίνυν
1490 3675 1666 3745 ἄκρας
1681 3674 1813 3745 (95⁸)
1828 3696 1851 3699 έν

1909 3313 2008 3379 Ita,
2049 3315 2333 3383 gentilium
2393 3315 2615 3385 quidem
2664 3317 2948 3385 sculptilia
3000 3315 3129 3384 quia
3175 3314 3492 3370 daemonum

1910 3404 2205 3459 simulacra
2242 3412 2422 3469 erant,
2461 3406 2769 3475 improbata
2809 3416 2974 3473 atque
3008 3403 3301 3459 interdicta
3336 3414 3485 3458 sunt.

1986 3491 2286 3563 Imaginum
2321 3512 2450 3549 usus
2495 3512 2599 3549 non
2650 3497 2811 3551 tritus
2860 3496 2914 3548 in
2957 3494 3115 3548 veteri
3148 3503 3485 3553 testamento,

1916 3584 2170 3639 invisibili
2199 3587 2451 3641 hactenus
2480 3587 2609 3642 Deo.
2637 3585 2747 3642 Cur
2777 3588 2830 3639 in
2862 3602 2991 3639 novo
3028 3585 3296 3639 inductus.
3345 3585 3489 3638 Ado-

1925 3678 2064 3731 ratio
2088 3677 2380 3749 imaginum
2405 3694 2469 3733 ex
2506 3679 2810 3733 traditione.
2845 3706 2917 3720 --
2936 3675 3205 3733 Prazterea
3234 3676 3491 3748 quisnam

312 3822 517 3899 "gen.
548 3843 586 3899 ι,
616 3824 729 3899 “26.
751 3895 763 3899 _
806 3823 851 3855 ¹³
882 3824 1045 3899 Basil.
1074 3828 1184 3899 lib.
1213 3826 1449 3899 De_Sgir.
1480 3837 1685 3899 sancto,
1712 3828 1952 3899 cap._18.
2030 3830 2073 3861 “
2101 3828 2270 3885 Exod.
2303 3848 2497 3897 xxxiii,
2530 3832 2615 3886 lt).
2695 3833 2738 3865 "
2782 3832 2954 3889 Exod.
2986 3848 3114 3897 xxv,
3147 3833 3217 3887 40
3251 3851 3264 3899 ;
3317 3834 3478 3891 Hebr.

237 3910 359 3957 vui,
396 3894 452 3949 5.

547 3895 588 3925 ‘°
616 3893 787 3948 Exod.
816 3910 942 3959 xxv,
980 3895 1063 3950 l8.
1144 3897 1185 3929 ¹⁷
1242 3896 1307 3951 ιιι
1343 3896 1473 3968 Reg.
1508 3912 1584 3961 vr,
1621 3897 1673 3950 1.
1754 3896 1796 3929 ¹⁸
1829 3896 2113 3965 ϐοηενιιι,
2141 3899 2231 3955 21.

1467 4061 1700 4119 νΑιιιιλΕ
1739 4061 2137 4119 LECTIONES.

314 4213 504 4293 (Mss.
531 4213 687 4293 multi
717 4216 1087 4293 χάλ-λήλους...
1114 4222 1537 4293 πεποιημένους.
1612 4231 1632 4258 ³
1661 4221 1790 4279 Mss.
1817 4222 2097 4293 Θεοφόρος,
2122 4225 2200 4277 sic
2219 4229 2374 4278 vetus
2402 4221 2631 4291 interpr.
2656 4230 2710 4276 et
2732 4220 2906 4278 Faber
2929 4220 3218 4292 Deiferum.
3300 4222 3318 4257 ί
3352 4220 3483 4277 Mss.

240 4286 502 4357 ποιήσῃς.
581 4296 608 4323 ιι
639 4283 772 4339 Cod.
800 4284 858 4340 S.
881 4283 995 4341 Hil.
1028 4296 1083 4343 et
1112 4290 1203 4344 alii
1232 4283 1473 4359 δαίμοσι.

1747 4403 1980 4462 NOTIE.

308 4512 463 4587 (95⁸)Δ
495 4515 989 4587 Παραφροσύνηςί
1027 4519 1236 4573 τοίνυν
1286 4520 1494 4587 ἄκρας.
1556 4519 1819 4575 Extrema:
1846 4517 2164 4586 DAntiquo
2187 4515 2399 4570 dierum
2440 4513 2673 4587 habetur
2694 4556 2709 4579 ,
2747 4526 2919 4587 a’quo
2951 4518 3077 4572 data
3112 4527 3351 4587 potestas
3379 4528 3484 4583 est,

238 4583 406 4657 igitur
428 4581 731 4657 dementiag,
753 4593 861 4639 etc.
892 4581 1086 4657 ld’jam
1115 4581 1399 4657 professus
1425 4581 1542 4643 erat
1571 4591 1625 4644 in
1658 4592 1817 4647 libris

238 4654 306 4727 de
357 4655 525 4721 imag.
566 4652 711 4727 quod
780 4652 1009 4727 septima
1050 4652 1293 4726 synodus
1360 4659 1654 4727 cmterique
1685 4662 1818 4714 ima-

239 4721 430 4798 ginum
464 4721 1304 4798 _pat_roni_approbavere.gVide
1342 4730 1501 4797 epist.
1542 4721 1820 4798 episeopo-

241 4804 360 4864 rnu_m
380 4790 631 4864 Qrientis
666 4792 733 4846 ad
764 4790 1059 4860 synodum,
1086 4790 1390 4864 epistolam'
1409 4799 1533 4852 item
1558 4790 1817 4854 Germani

240 4858 348 4940 (_3P.
374 4858 726 4940 Nicephorius
750 4858 972 4940 quoque
1004 4863 1057 4916 in
1088 4858 1457 4940 disputatione
1485 4882 1611 4940 curn
1638 4868 1817 4923 Leone

239 4930 486 5003 Aruleno
536 4930 848 5003 inculcata
890 4932 1075 5003 Moyse
1126 4930 1352 5003 vetitum
1410 4952 1533 4992 esse
1588 4938 1818 4993 Deitatis

240 5012 411 5077 omne.
437 4999 836 5077 simillacrumm;
884 4999 1047 5074 atque
1076 5004 1214 5077 adeo
1247 5002 1521 5077 Israelitas
1552 5023 1658 5061 non
1693 5009 1817 5063 sine

243 5066 580 5140 idololatriae
610 5071 768 5140 culpa
793 5066 974 5127 Deum'
1005 5074 1108 5127 sub
1138 5076 1311 5129 forma
1338 5076 1495 5129 vituli
1530 5079 1813 5132 adorasse.

240 5136 320 5189 Ad
353 5153 519 5205 quem
556 5136 735 5194 locum
772 5141 1133 5198 Combeﬁsius
1175 5146 1287 5198 haec
1316 5145 1568 5200 observat
1598 5165 1611 5200 :
1655 5166 1672 5199 ι
1707 5150 1819 5201 Se-

242 5207 552 5287 verior'hic
588 5207 900 5287 Nicephori
917 5215 1185 5267 sententia
1223 5216 1277 5267 in
1318 5218 1526 5287 eo_s_qui
1567 5215 1658 5271 Dei
1706 5217 1817 5287 ullo

243 5276 410 5354 modo
439 5276 743 5355 imagines:
762 5281 1056 5355 fabricant,
1094 5276 1536 5355 quosgentilium
1576 5286 1817 5355 dogmati

244 5351 455 5423 socios,
492 5351 726 5423 extremi
776 5352 972 5419 dignos
1015 5351 1275 5423 supplicii
1315 5351 1676 5423 pronuntiati
1707 5354 1819 5410 Nec

247 5410 410 5495 facile
444 5416 819 5473 admissurum
835 5410 1063 5495 “putem,
1086 5410 1249 5495 quod
1287 5410 1408 5476 rudi
1444 5425 1658 5494 pictura
1688 5424 1815 5478 Tri-

246 5491 442 5559 nitatis
489 5500 755 5559 a_rea_num
794 5491 1076 5545 nonnullis
1112 5491 1460 5559 delineatur,
1494 5502 1551 5547 ut
1581 5496 1815 5551 senioris

248 5554 352 5605 viri
385 5554 573 5634 specie
604 5555 819 5634 Patrem
853 5560 1176 5629 designent;
1213 5554 1565 5634 Filium_,'qua
1594 5579 1813 5619 carnem

248 5626 587 5703 assumpsit,
617 5626 894 5703 hominem
927 5626 1354 5703 repraesentem;
1394 5626 1657 5703 Spiritum
1687 5649 1816 5689 sau-

249 5698 881 5774 ctiirrl,‘quanapparuit_
920 5698 1186 5774 columba:
1234 5698 1451 5774 specief
1486 5703 1562 5757 Ac
1594 5704 1813 5774 quidem

252 5757 321 5814 de
369 5757 536 5817 Patre
590 5757 768 5823 fave-re
798 5769 1141 5833 existimant,
1202 5757 1346 5839 qu'od
1393 5757 1719 5829 Daniclfvn
1751 5776 1817 5829 de

1921 4600 1975 4643 et
2008 4588 2203 4651 honor,
2231 4595 2285 4639 et
2318 4600 2547 4654 regnum
2590 4586 2729 4641 Filio
2764 4586 3047 4643 hetninis.’
3066 4586 3135 4640 At
3164 4595 3345 4649 certe,
3375 4604 3484 4642 non

1921 4658 2011 4712 hic
2038 4655 2200 4709 Pater
2228 4661 2497 4725 mternus,
2525 4656 2697 4723 prima
2742 4658 2952 4712 scilicet
2985 4657 3203 4712 deitatis
3229 4672 3482 4725 persona.

1922 4726 2116 4795 magis.
2150 4739 2315 4795 quat_n
2340 4725 2432 4795 vel
2468 4724 2660 4790 Filius,
2692 4727 2783 4782 vel
2814 4726 3051 4795 Spiritus
3089 4724 3355 4781 sanctus:
3388 4730 3486 4783 sed

1921 4792 2082 4850 beaia
2113 4792 2527 4865 ipsafl‘rinitas,
2563 4810 2628 4847 ac
2662 4811 2806 4865 unus
2845 4792 2962 4865 ipse
2996 4797 3161 4859 Deus,
3195 4797 3357 4864 cujus
3401 4799 3487 4850 in-

1919 4861 2171 4935 carnatio
2194 4861 2437 4935 eﬁ‘ectus
2456 4873 2561 4935 est,
2596 4878 2659 4918 ac
2692 4861 3150 4935 Filius'hominis,
3178 4861 3284 4935 qua
3310 4865 3483 4921 Filius

1920 4933 2165 5014 hominis
2192 4940 2276 4987 est
2298 4972 2313 4996 ,
2346 4933 2440 5014 qui
2483 4933 2601 5014 ipse
2626 4949 2731 5003 qua
2761 4934 2933 5014 Filius
2962 4935 3057 5014 Dei
3080 4977 3095 5001 ,
3122 4933 3325 5014 [eadem
3360 4952 3485 5014 qua;

1922 5019 1952 5058 a
1981 5003 2143 5073 Patre
2177 5001 2419 5073 accepit_.
2471 5001 2578 5073 sibi
2624 5001 2853 5059 contulit
2883 5022 2899 5062 :
2931 5013 2989 5059 ut
3026 5007 3092 5060 de
3122 5003 3327 5073 Spiritu
3376 5001 3485 5060 sibi

1922 5074 2095 5145 illum‘
2110 5070 2611 5145 donasse_Cyri_llus
2647 5075 2744 5127 ait.
2777 5074 2980 5145 Sicque
3014 5070 3179 5130 istud
3217 5074 3481 5140 Danielis,

1923 5159 2033 5197 non
2064 5140 2245 5197 Patris
2298 5140 2505 5214 aliquid
2564 5140 3025 5212 prepriumfsed
3071 5146 3481 5214 appropriatum

1923 5214 2130 5267 fuerit.
2160 5250 2174 5265 .
2199 5251 2212 5265 .
2241 5248 2256 5263 .
2296 5211 2420 5277 Ipsa
2458 5227 2584 5266 vere
2618 5211 2836 5277 senior,
2885 5216 3037 5269 nullo
3081 5211 3284 5267 detrita
3329 5215 3485 5269 senio

1924 5281 2189 5345 Trinitas,
2217 5294 2361 5333 unus
2383 5278 2547 5345 Deus,
2564 5282 2736 5353 cujus
2756 5284 2995 5339 essentia
3017 5299 3142 5338 esse
3164 5284 3257 5347 sit,
3281 5284 3485 5353 ipsqu-

1924 5368 2032 5422 que
2067 5367 2096 5405 a
2127 5365 2185 5405 se
2220 5356 2274 5404 et
2296 5352 2671 5422 necessarium
2697 5392 2712 5416 ,
2760 5355 2879 5422 ipsa
2930 5354 3236 5408 aeternitate
3262 5363 3486 5409 creatu-

1920 5420 2035 5475 r‘am
2059 5434 2275 5492 omnem
2299 5420 2657 5492 antecedens,
2680 5420 2829 5477 etcf»
2863 5422 3046 5492 Pergit
3080 5441 3093 5477 :
3133 5442 3151 5474 ι
3184 5425 3485 5491 optandum

1921 5507 2054 5566 sane
2087 5487 2496 5566 castigatiorem
2519 5505 2644 5546 esse
2677 5507 2799 5566 qua:
2823 5487 2992 5547 nobis
3013 5487 3489 5566 familiaris‘sacra

1920 5559 2314 5628 iconograpbia
2346 5565 2454 5628 est,
2491 5567 2546 5613 et
2573 5559 2753 5628 qualis
2790 5562 3160 5623 Iantoxcalore
3193 5563 3315 5618 ﬁdei
3356 5578 3487 5617 san-

1921 5624 2027 5685 ct'is
2055 5624 2264 5698 pridem
2294 5624 2711 5701 confessoribus
2748 5629 3015 5686 adversus
3047 5632 3329 5687 bazreticos
3358 5647 3501 5701 pror-

1923 5696 2160 5775 pugiiata
2194 5702 2299 5757 est,
2336 5696 2597 5775 vigetque
2644 5700 2944 5775 etiamnum
2980 5701 3124 5771 apud
3175 5696 3491 5775 Orientales

1917 5767 1969 5826 ct
1996 5767 2233 5832 Graecos,
2268 5767 2472 5835 quibus
2507 5767 2744 5839 pictura:
2798 5771 2917 5840 ipsa
2948 5767 3235 5842 prototypa
3258 5809 3275 5839 ,
3309 5770 3486 5838 quoad
