3926 6292
457 343 591 409 1119

1601 356 1668 416 8.
1709 356 1948 417 JOANN
1957 358 2027 417 IS
2060 359 2487 420 DAMASCENI

3591 353 3746 417 1180

456 460 702 536 adeoque
733 466 939 530 septem
993 467 1049 516 et
1079 461 1269 533 viginti
1329 472 1474 518 sunt.
1532 463 1738 534 Duplex
1771 467 1916 520 eiiim
1950 476 2034 522 est

2163 471 2220 524 1s
2255 469 2299 534 ί,
2331 474 2425 526 καὶ
2455 473 2515 526 τὸ
2562 470 2726 526 Σαδί.
2791 470 2880 524 Διὸ
2927 469 3022 524 καὶ
3052 469 3108 522 αί
3139 465 3313 539 βίϐλοι
3349 467 3490 520 κατὰ
3529 468 3736 521 τοῦτον

460 551 643 606 littera
664 549 838 619 Capit.
871 562 925 606 et
966 553 1124 619 Mem,
1161 564 1215 609 et
1255 553 1403 621 Nam,
1439 568 1492 611 et
1523 555 1616 621 Pe,
1642 565 1695 610 et
1727 558 1888 611 Sede.
1921 559 2040 623 Quo

2163 563 2232 615 ξὺν
2256 563 2457 634 τρόπον
2485 562 2658 616 εἴκοσι
2689 557 2787 616 ’δύο
2827 562 2924 632 μὲν
2959 559 3341 632 ἀριθμοῦνται,
3370 559 3547 611 εῐκοσι
3580 559 3734 610 ἑπτὰ

458 642 520 696 ﬁt
564 651 624 696 ut
679 643 802 697 libri
869 659 1089 712 quoque
1143 648 1335 701 eodem
1401 647 1583 711 modo,
1641 649 1751 702 duo
1817 650 2040 718 quidem

2163 657 2199 707 ῑὲ
2226 655 2590 725 εὑρίσκονται,
2621 653 2711 707 διὰ
2765 655 2828 706 τὸ
2874 652 3032 706 πέντε
3063 651 3121 717 ἐξ
3156 649 3332 704 αὐτῶν
3372 648 3729 702 διπλοῦσθαι.

457 741 514 789 et
560 735 752 803 viginti
832 748 1208 800 numeremur,
1275 749 1532 793 cwlerum
1601 749 1807 808 septem
1859 749 1912 794 et
1955 741 2042 795 vi-

372 881 374 884 _
459 823 596 892 ginti
646 825 1028 892 reperiantur;
1086 826 1346 894 quoniam
1397 826 1611 880 scilicet
1649 828 1892 895 quinque
1940 825 2044 879 du-

461 914 636 983 plices
669 923 816 969 sunt.
850 915 983 970 Nam
1043 917 1188 971 liber
1245 916 1391 970 Ruth
1434 932 1558 971 cum
1598 917 1738 970 libro
1789 915 2044 971 Judicum

467 1007 734 1080 iungitur,
763 1023 1017 1076 unusque
1048 1009 1292 1063 Hebraeis
1340 1010 1479 1062 liber
1513 1017 1786 1062 censetur.
1828 1007 2046 1062 Primus

463 1097 590 1150 item
627 1109 680 1150 et
713 1098 988 1152 Secundus
1036 1098 1368 1168 Regnorum,
1417 1113 1558 1152 unus
1605 1098 1741 1150 liber
1773 1106 1877 1152 est.
1915 1096 2047 1152 Ter-

465 1189 575 1244 tius
606 1191 792 1244 itidem
822 1200 875 1245 et
914 1200 1149 1259 quartus
1190 1189 1525 1262 Regnorum,
1573 1205 1716 1244 unus
1751 1189 1906 1243 liber.
1932 1189 2054 1242 Pri-t

468 1295 589 1334 ιιιιιε
633 1297 848 1350 quoque
887 1290 940 1335 et
995 1282 1273 1336 secundus
1347 1279 1838 1348 Paralipomenon,
1906 1295 2049 1333 tinus

468 1372 605 1426 liber
633 1391 645 1426 :
676 1388 739 1425 ac
768 1373 1002 1440 denique
1028 1372 1240 1440 primus
1263 1379 1317 1424 et
1348 1370 1640 1425 secundus
1673 1369 1878 1432 Esdrze,
1912 1370 2051 1424 liber

469 1479 635 1516 unus.
679 1463 756 1515 Ad
812 1463 957 1516 hunc
1006 1464 1226 1516 modum
1286 1463 1409 1516 libri
1463 1478 1656 1516 omnes
1717 1462 1770 1515 in
1817 1469 2098 1530 quatuo‘r'

472 1556 891 1620 pentateuclios,
927 1554 1466 1622 quinquernionesve
1497 1552 1661 1623 284
1688 1555 2052 1620 compingun-

472 1655 594 1708 tur;
651 1658 887 1712 cumque
941 1645 1034 1698 alii
1066 1645 1175 1697 duo
1235 1643 1538 1712 supersint,
1599 1643 1678 1694 sic
1733 1641 1961 1710 proinde
1995 1655 2055 1695 se

472 1738 676 1793 habent
706 1739 830 1793 libri
883 1739 940 1792 in
973 1755 1184 1792 canone
1224 1740 1453 1808 recepti.
1515 1727 1761 1807 Legales,
1813 1737 2054 1805 quinque

473 1839 622 1898 sunt,
659 1830 906 1891 Genesis.
937 1830 1179 1894 Exodus,
1217 1805 1518 1892 Leviticus,
1569 1805 1816 1894 Numeri,
1859 1827 2053 1881 Deute-
2088 1805 2125 1858 Β

472 1922 808 1976 ronomium.
862 1921 961 1975 llic
1007 1924 1220 1992 primus
1251 1921 1624 1991 quinquernio
1680 1929 1784 1982 est,
1825 1920 1918 1988 qui
1967 1919 2055 1973 lex

472 2015 639 2069 etiam
663 2014 995 2084 appellatur.
1022 2011 1284 2082 Sequitur
1307 2012 1844 2082 alterquinquernio,
1864 2024 2056 2064 eorum

475 2119 596 2174 quae
621 2107 858 2174 γραφεῖα
913 2114 1322 2174 nuncupantur,
1368 2119 1399 2157 a
1425 2104 1754 2173 quibusdam
1791 2117 1918 2157 vero
1956 2101 2056 2154 ha-

475 2196 790 2264 giographa.
819 2196 915 2249 Est
955 2205 1132 2250 autem
1170 2195 1486 2264 hujusmodi
1518 2214 1531 2248 :
1565 2193 1728 2249 Jesus
1750 2193 1921 2254 Nave,
1959 2191 2058 2246 Ju-

477 2288 628 2342 dices
652 2303 756 2342 una
787 2303 910 2340 cum
948 2285 1275 2348 Rutlt,liber
1303 2302 1470 2350 unus,
1509 2287 1818 2354 Regnorum
1848 2285 2058 2354 primus

478 2393 602 2432 cum
631 2378 893 2442 secundo,
930 2379 1068 2434 liber
1087 2395 1265 2444 unus;
1303 2377 1500 2432 tertius
1537 2377 1668 2431 item
1697 2383 2056 2444 cumquarto.

481 2469 617 2524 liber
648 2487 810 2525 unus.
837 2470 1015 2524 llabes
1045 2459 1346 2525 secundum
1377 2469 1893 2539 quinquernionem.
1927 2467 2060 2521 Ter-

478 2564 589 2618 tius
619 2581 783 2633 porro
819 2565 1080 2617 librorum
1117 2563 1495 2633 quinquernio
1526 2562 1776 2616 versibus
1825 2567 2058 2624 constat,

483 2671 673 2725 nempe
709 2657 842 2710 liber
870 2654 995 2718 Job,
1028 2655 1376 2721 Psalterium,
1409 2653 1701 2708 Proverbia
1729 2651 2060 2713 Salomonis,

481 2747 728 2815 ejusdem
789 2747 1194 2810 Ecclesiastes,
1261 2757 1316 2803 et
1389 2748 1619 2802 Cantica
1695 2747 2060 2799 canticorum.

483 2837 726 2904 Quartus
789 2841 1164 2910 quinquernio
1229 2840 1622 2910 prepbetarum
1680 2839 1850 2891 libros
1915 2852 2065 2890 com-

483 2935 761 3004 plectitur.
825 2933 1120 2987 Duodeeim
1177 2932 1475 3001 prepbette,
1528 2931 1667 2983 liber
1717 2946 1892 2992 unus;
1952 2938 2063 2981 lum

2144 743 2478 800 Συνάπτεται
2523 747 2634 816 γὰρ
2682 741 2838 799 Ῥοὺθ
2903 746 3017 806 τοῖς
3061 744 3332 814 Κριταῖς,
3399 743 3494 795 καὶ
3561 742 3733 812 ἀριθ-

2149 842 2326 910 μεῖται
2375 837 2504 909 παρ’
2552 836 2826 907 Ἑϐραίοις
2885 835 2982 905 μία
3035 835 3248 906 βίϐλος·
3300 835 3332 903 ἡ
3375 833 3568 903 πρώτη
3636 833 3734 885 καὶ

2145 931 2179 1000 ὴ
2237 930 2462 1000 δευτέρα
2515 928 2623 982 τῶν
2692 926 3010 988 Βασιλειῶν,
3059 926 3158 996 μία
3201 925 3418 994 βίϐλος·
3468 926 3505 996 ἡ
3560 924 3731 993 τρίτη

2148 1023 2242 1074 καὶ
2269 1023 2302 1091 ἡ
2331 1021 2564 1091 τετάρτη
2594 1021 2700 1073 τῶν
2733 1019 3052 1080 Βασιλειῶν,
3083 1017 3181 1088 μία
3214 1017 3391 1088 βίϐλος
3414 1034 3428 1047 ·
3456 1018 3490 1086 ή
3526 1015 3734 1086 πρώτη

2149 1113 2297 1181 καὶὴ
2331 1111 2562 1180 δευτέρα
2587 1111 2695 1163 τῶν
2743 1109 3265 1180 Παραλειπομένων,
3299 1107 3396 1176 μία
3438 1105 3660 1176 βίϐλος·
3699 1109 3734 1174 ἡ

2150 1204 2342 1273 πρώτη
2371 1203 2464 1255 καὶ
2488 1201 2766 1272 ήδευτέρα
2792 1200 2883 1253 τοῦ
2917 1199 3136 1272 Ἔσδρα,
3171 1198 3269 1270 μία
3299 1198 3501 1269 βίϐλος.
3532 1196 3734 1260 Οὕτως

2149 1288 2242 1345 οὖν
2274 1291 2588 1360 σύγκεινται
2640 1291 2698 1343 αἱ
2760 1287 2933 1361 βίϐλοι
2971 1290 3026 1341 ὲν
3054 1285 3441 1356 πεντατεύχοις
3473 1285 3733 1354 τέτρασι,

2151 1386 2246 1438 καὶ
2295 1385 2548 1455 μένουσιν
2588 1384 2745 1438 ἄλλαι
2799 1381 2912 1446 δύο,
2960 1381 3036 1442 ὡς
3077 1378 3348 1443 είναιτὰς
3383 1379 3735 1440 ἑνδιαθέτονς

2153 1476 2368 1547 βίϐλους
2415 1474 2589 1538 οὕτως
2622 1490 2636 1504 ’
2687 1474 2848 1528 πέντε
2874 1472 3126 1542 νομικὰς,
3180 1472 3218 1523 Γ
3223 1471 3416 1531 ένεσιν,
3481 1470 3733 1535 Ἐξοδον,

2153 1567 2458 1658 Λευιτικὸν,
2506 1565 2781 1638 Ἀριθμοὶ,
2838 1563 3284 1634 Δευτερονόμιον.
3337 1560 3485 1631 Αῦτη
3532 1560 3734 1633 πρώτη

2155 1649 2535 1728 πεντὰτὲυχος,
2569 1658 2603 1728 ἡ
2635 1655 2730 1708 καὶ
2759 1654 3071 1726 νομοθεσία.
3097 1649 3231 1706 Εἶτα
3261 1652 3396 1721 ἄλλη
3431 1653 3737 1704 πεντάτευ-

2154 1767 2269 1818 χος,
2299 1750 2368 1802 τὰ
2410 1747 2722 1818 καλούμενα
2763 1746 3029 1817 Γραφεία,
3073 1744 3227 1814 παρὰ
3273 1761 3384 1796 τισι
3431 1743 3489 1796 δὲ
3549 1742 3738 1809 Ἀγιό-

2154 1858 2363 1913 γραφα,
2431 1840 2590 1894 ἄτινά
2647 1839 2796 1892 ἐστιν
2842 1837 3040 1901 οὕτως·
3088 1835 3298 1905 Ἰησοῦς
3334 1836 3363 1888 ὁ
3391 1834 3485 1888 τοῦ
3546 1835 3733 1902 Ναυῆ.

2155 1934 2352 2005 Κριταὶ
2381 1932 2517 2003 μετὰ
2546 1932 2644 2000 τῆς
2681 1930 2857 1993 Ῥοὺθ,
2892 1928 3191 1984 Βασιλειῶν
3231 1926 3420 1998 πρώτη
3467 1926 3607 1994 μετὰ
3636 1929 3736 1995 τῆς

2155 2025 2432 2096 δευτέρας,
2459 2023 2640 2094 βίϐλος
2673 2023 2790 2093 μία,
2847 2023 2882 2092 ἡ
2939 2021 3098 2091 τρίτη
3134 2019 3272 2089 μετά
3305 2019 3404 2088 τῆς
3439 2017 3733 2086 uti???"

2159 2114 2340 2184 βίϐλος
2375 2113 2493 2182 μία,
2517 2113 2611 2166 καὶ
2633 2113 2688 2164 αἱ
2717 2111 2810 2164 δύο
2844 2109 2952 2163 τῶν
2993 2108 3512 2180 Παραλειπομένων,
3553 2105 3736 2175 βίϐλος

2161 2203 2279 2273 μία.
2307 2199 2455 2272 Αὕτη
2477 2201 2708 2269 δευτέρα
2738 2198 3123 2268 πεντάτευχος.
3143 2195 3314 2266 Τρίτη
3347 2195 3736 2262 πεντάτευχος,

2159 2297 2214 2347 αἱ
2249 2294 2527 2363 στιχήρεις
2563 2291 2754 2361 βίϐλοι,
2780 2290 2873 2344 τοῦ
2918 2288 3061 2349 Ἰὼϐ,
3093 2287 3153 2341 τὸ
3171 2287 3503 2358 Ψαλτήριον,
3539 2287 3739 2356 Παροι-

2164 2384 2286 2455 μίαι
2336 2383 2719 2454 Σολομῶντος,
2762 2380 3195 2451 Ἐκκλησιαστὴς
3273 2380 3368 2433 τοῦ
3419 2378 3626 2442 αὐτοῦ,
3673 2378 3739 2430 τὰ

2166 2477 2420 2548 ’ᾼσματα
2445 2477 2553 2528 τῶν
2587 2475 2845 2547 ᾀσμάτων
2906 2471 3000 2528 τοῦ
3028 2473 3218 2527 αὑτοῦ.
3259 2470 3506 2541 Τετάρτη
3546 2469 3742 2521 πεντα-

2161 2583 2373 2637 τευχος,
2426 2567 2457 2635 ἡ
2493 2567 2804 2637 προφητική
2831 2582 2844 2597 ο
2890 2565 2951 2618 τὺ
2991 2562 3503 2632 δωδεκαπρόφητον,
3556 2559 3742 2629 βίϐλος

2167 2660 2286 2730 μία,
2340 2659 2592 2723 Ἠσαίας,
2660 2657 2954 2727 Ἱερεμίας,
3001 2653 3284 2724 Ἰεζεκιὴλ,
3332 2648 3567 2720 ’Δανιήλο
3619 2645 3746 2704 εἶτα»

2163 2748 2257 2801 τοῦ
2309 2746 2525 2817 Ἐσδρὰ,
2559 2749 2615 2800 αἱ
2657 2747 2751 2802 δύο
2795 2749 2873 2811 είς
2909 2748 3038 2816 μίαν
3098 2745 3502 2813 συναπτόμεναι
3533 2741 3741 2811 βίϐλον,

2165 2839 2260 2893 καὶ
2293 2841 2326 2907 ἡ
2373 2838 2644 2909 Ἐσθήρε.
2693 2839 2758 2891 Ἦ
2807 2837 2864 2890 δὲ
2907 2839 3240 2908 Πανάρετος,
3282 2835 3562 2888 τουτέστιν
3589 2833 3746 2903 ἡΣο-

2123 2977 2139 2993 ,
2169 2931 2265 2998 φία
2296 2930 2388 2984 τοῦ
2451 2931 2816 3000 Σολομῶντος,
2853 2932 2949 2984 καὶ
2995 2931 3028 3000 ἡ
3075 2929 3244 2996 Σοφία
3267 2927 3360 2981 τοῦ
3401 2925 3601 2995 Ἰησοῦ,
3625 2924 3748 2994 ﬁve
3819 2935 3822 2938 ’

487 3025 675 3084 Isaias,
704 3006 1287 3085 Jereinias,Ezecliiel,
1324 3030 1379 3075 et
1413 3020 1766 3074 Daniel..llis
1799 3019 2059 3074 accedunt

2169 3019 2349 3089 πατὴρ
2390 3020 2489 3089 μὲν
2516 3019 2609 3073 τοῦ
2640 3021 2811 3092 Σιρὰχ
2837 3020 3052 3084 ἐξέθετο
3089 3018 3388 3091 Ἐϐραῖστὶ,
3437 3015 3749 3085 Ἑλληνιστὶ

486 3125 718 3182 uterque
769 3111 987 3176 Esdrze,
1039 3112 1129 3182 qui
1186 3111 1328 3164 libro
1392 3126 1501 3163 uno
1559 3110 1954 3170 continentur,
2013 3117 2059 3164 et

2169 3110 2226 3164 δὲ
2268 3112 2614 3182 ήρμήνευσεν
2669 3114 2697 3166 ό
2751 3111 2947 3165 τούτου
2975 3112 3075 3180 μὲν
3113 3109 3332 3179 ἔγγονος
3383 3106 3615 3177 Ἰησοῦς,
3651 3105 3749 3159 τοῦ

486 3203 700 3259 Esther.
735 3203 1042 3258 Panaretus
1076 3213 1255 3258 autem
1294 3202 1370 3271 (q.
1414 3202 1468 3255 (Ι.
1502 3202 1746 3255 etnnium
1801 3201 2063 3254 virtutum

489 3294 952 3365 promptuarium)
1003 3294 1054 3349 id
1085 3303 1168 3350 est
1206 3295 1488 3363 Sapientia
1521 3293 1851 3356 Salomonis,
1880 3302 1932 3346 et
1963 3289 2065 3345 Sa-

2170 3201 2228 3255 δὲ
2292 3202 2460 3272 Σιρὰχ
2507 3202 2654 3265 υίός’
2715 3203 2960 3274 ὲνάρετοι
3021 3202 3122 3272 μὲν
3164 3199 3468 3264 καὶκαλαὶ,
3501 3198 3620 3252 ἀλλ’
3650 3199 3750 3250 oin:

2173 3292 2558 3364 ἀριθμοῦνται,
2591 3292 2712 3346 οὐδὲ
2740 3291 2950 3345 ἔκειντο
2971 3293 3029 3346 ὲν
3063 3293 3127 3362 τῇ
3154 3289 3392 3360 κιϐωτῷ.

487 3386 688 3454 pientis
743 3383 894 3448 Jesu,
956 3400 1120 3454 quam
1165 3399 1196 3437 a
1247 3382 1438 3437 Siraeh
1491 3391 1646 3452 patre
1723 3380 1988 3436 Hebraiee
2057 3381 2283 3444 editam,
2332 3382 2508 3451 ipsius
2564 3397 2732 3452 nepos
2774 3381 2957 3448 Jesus,
3001 3397 3064 3436 ac
3109 3381 3300 3437 Siracb
3358 3381 3524 3444 illius,
3559 3379 3749 3434 (ἔπεσε

488 3481 677 3542 postea
744 3475 1041 3529 transtulit.
1092 3474 1153 3528 Ili
1223 3473 1474 3544 quamvis
1524 3473 1729 3542 alioqui
1783 3471 2026 3542 praeclari
2067 3478 2123 3528 et
2173 3472 2456 3542 elegantes
2486 3472 2612 3527 libri
2645 3473 2780 3539 sint,
2814 3487 2924 3528 non
2951 3479 3133 3528 tamen
3171 3474 3280 3529 illis
3320 3475 3440 3528 aliis
3477 3489 3750 3529 annume-

490 3571 704 3632 rantur,
745 3584 919 3637 neque
957 3568 1011 3620 in
1051 3582 1178 3621 arca
1211 3567 1375 3635 positi
1440 3573 1619 3618 erant.

559 3658 678 3714 Libi
725 3661 859 3714 Noui
908 3657 1253 3714 Testamenti.
1285 3657 1496 3711 —Jam
1533 3673 1662 3712 vero
1709 3655 1848 3710 Novi
1879 3655 2072 3710 Testa-

489 3749 658 3808 menti
705 3753 827 3807 libri
879 3753 969 3807 isti
1025 3760 1200 3806 sunt:
1235 3761 1473 3816 quatuor
1524 3749 1842 3821 Evangelia,
1880 3761 2073 3817 nempe

490 3845 792 3898 secundum
822 3842 1157 3908 Matthmum,
1198 3842 1465 3907 Marcum,
1499 3840 1725 3906 Lucam,
1767 3839 2068 3910 Joannem;

491 3936 626 3989 Acta
702 3936 1114 4004 apostolorum,
1186 3943 1413 3990 auctore
1476 3935 1625 3989 Luca
1688 3935 2066 4004 evangelista;

494 4032 700 4093 septem
737 4025 1024 4080 catholica:
1055 4024 1334 4094 Epistulae.
1376 4041 1482 4079 una
1515 4024 1730 4087 Jacobi,
1754 4027 1874 4078 diue
1900 4023 2069 4088 Petri,

492 4123 606 4168 tres
635 4113 888 4180 Joannis,
934 4114 1090 4170 Juda:
1142 4131 1280 4179 una;
1325 4113 1480 4170 Pauli
1538 4115 1768 4185 apostoli
1818 4114 2074 4184 Epistola:

491 4208 952 4274 quatuonlecim;
1017 4207 1246 4262 Joannis
1280 4207 1637 4276 evangelista:
1671 4206 2069 4277 Apocalypsis;

493 4297 746 4352 Curiones
780 4298 1020 4366 denique
1049 4305 1368 4353 sanctorum
1419 4299 1798 4368 apostolorum
1832 4314 1931 4368 per
1952 4298 2074 4354 Cle-

497 4394 732 4442 mentem
765 4388 1102 4454 concinnati.

2249 3659 2359 3729 Τῆς
2385 3658 2441 3712 δὲ
2490 3657 2640 3723 Νέας
2686 3657 2981 3729 Διαθήκης,
3033 3655 3346 3725 Εὐαγγέλια
3380 3657 3665 3727 τέσσαρα·
3695 3658 3762 3730 τὸ

2180 3751 2324 3804 κατὰ
2347 3750 2650 3816 Ματθαϊον,
2681 3750 2742 3804 τὸ
2786 3749 2926 3804 κατὰ
2969 3749 3218 3820 Μάρκον,
3248 3748 3310 3801 τὸ
3335 3748 3474 3802 κατὰ
3508 3750 3753 3810 Λουκᾶν,

2176 3841 2238 3894 τὸ
2268 3841 2408 3895 κατὰ
2445 3841 2698 3910 Ἰωάννην
2723 3856 2738 3871 ο
2796 3838 3030 3911 Πράξεις
3081 3838 3189 3892 τῶν
3223 3838 3394 3907 ἁγίων
3436 3838 3759 3890 ἀποστόλων

2177 3933 2266 3986 διὰ
2294 3933 2481 3986 Λουκᾶ
2537 3931 2630 3985 τοῦ
2688 3930 3079 3999 εὐαγγελιστοῦ
3108 3946 3122 3962 ⁶
3152 3930 3438 3983 καθολικαὶ
3468 3929 3760 3983 ἐπιστολαὶ

2180 4025 2349 4079 ἑπτά·
2389 4025 2647 4079 Ἰακώϐου
2685 4025 2784 4096 μία
2809 4066 2826 4092 ,
2861 4024 3071 4096 Πέτρου
3116 4023 3229 4086 δύο,
3284 4025 3531 4077 Ἰωάννου
3580 4026 3756 4093 τρεῖς,

2191 4117 2362 4171 Ἰούδα
2395 4116 2509 4187 μία.
2554 4117 2766 4170 Παύλου
2824 4116 3126 4169 ἀποστόλου
3161 4114 3471 4168 Ἐπιστολαῖ
3503 4115 3760 4167 δεκατέσ-

2180 4225 2364 4280 σαρες
2383 4208 2751 4277 ’Λποκὰλυψις
2775 4207 3022 4261 Ἰωάννου
3053 4205 3442 4276 εὐαγγελιστοῦ
3471 4223 3484 4234 ·
3515 4206 3760 4268 Κανόνες

2179 4299 2291 4352 τῶν
2320 4301 2491 4367 ἁγίων
2517 4299 2834 4353 ἀποστόλων
2867 4297 2978 4370 (97)
3008 4296 3097 4352 διὰ
3134 4297 3452 4368 Κλήμεντος
3473 4293 3526 4350 δ.

1757 4541 1996 4598 VARIE
2036 4543 2446 4606 LECTIONES.

589 4704 612 4778 φ
637 4700 1044 4778 ᾏυίιίηεοιιῑωε
1077 4707 1228 4778 Regii
1254 4696 1322 4778 ac
1364 4704 1520 4762 Colb.
1547 4706 1629 4772 φί.

1730 4703 2178 4776 Uilnllegs2428
2212 4706 2308 4762 καὶ
2332 4707 2366 4776 ἠ
2409 4703 2619 4770 Ἰουδὶθ,
2655 4705 2751 4760 καὶ
2803 4707 2838 4775 ἡ
2874 4702 3097 4776 Ἐσθῄρ.
3157 4701 3521 4776 Sic_qu_o_que
3570 4702 3767 4776 inpr:

497 4773 622 4845 rod.
648 4772 706 4845 ὃ.
727 4772 850 4845 ΠΗ.
871 4778 962 4832 sed
991 4777 1108 4832 libri
1133 4770 1346 4841 Judith,
1368 4791 1474 4841 non
1494 4770 1740 4829 meminit
1767 4770 2129 4845 Epiphanius,
2153 4792 2255 4831 nec
2279 4770 2462 4833 tcitus
2491 4777 2768 4842 Auctoris,
2787 4770 2910 4830 eum
2933 4770 3120 4842 exigit.
3195 4773 3222 4813 ιι
3256 4770 3328 4826 R.
3351 4772 3490 4828 2428
3507 4772 3603 4824 καὶ
3640 4773 3772 4826 ἑπι-

499 4843 684 4897 στολαὶ
718 4843 808 4897 δύο
833 4843 921 4899 διὰ
945 4848 1280 4921 Κλήμεντος,
1315 4845 1410 4903 sed
1433 4843 1828 4916 interpolatum
1844 4845 1993 4900 varie
2017 4845 2230 4903 buncce
2256 4845 2498 4903 codicem
2528 4862 2653 4902 esse
2702 4845 3038 4900 monuimus.

2004 4983 2240 5045 nam.
2327 5063 2330 5066 _
2411 5049 2422 5058 ,

581 5120 692 5192 (97)
730 5123 996 5188 Κανόνες
1022 5121 1140 5176 τῶν
1155 5121 1536 5177 ἀποστόλων.
1583 5120 1824 5175 Conone:
1852 5118 2080 5192 denique

509 5189 902 5262 apostolorum.
936 5192 1142 5246 llorum
1166 5207 1439 5248 canonum
1473 5192 1774 5246 auctoritas
1800 5189 2080 5262 adstructa

511 5259 835 5316 li'ieratcan.
873 5262 910 5316 2
953 5263 1244 5317 Trullano.
1299 5265 1368 5316 At
1409 5263 1546 5316 viris
1572 5263 1780 5316 critica:
1821 5260 1958 5313 artis
1998 5259 2082 5314 in-

507 5332 746 5402 curiosis
775 5334 911 5402 satis
940 5341 1059 5388 erat
1087 5331 1692 5402 prtellxumcanonibus
1717 5369 1732 5394 ,
1763 5331 1858 5400 qui
1901 5328 2083 5402 magni

508 5401 718 5455 dudum
778 5404 832 5456 in
875 5399 1107 5458 Oriente
1155 5401 1415 5472 ponderis
1465 5409 1652 5472 erant,
1705 5399 2080 5472 apostolorum

513 5481 714 5540 nomen
743 5489 756 5522 :
781 5488 906 5524 cum
935 5481 1114 5527 tamen
1157 5469 1298 5526 nihil
1338 5471 1484 5524 aliud
1525 5478 1711 5527 essent
1737 5469 1845 5526 nisi
1885 5470 2082 5540 priscae

2185 5133 2308 5172 rum
2369 5131 2643 5173 canonum
2695 5131 2724 5170 a
2775 5116 3107 5183 Clemente,
3162 5127 3273 5169 non
3331 5111 3634 5183 Romano,
3670 5113 3773 5169 sed

2182 5187 2554 5243 Alexandrino
2609 5186 2836 5251 factam,
2865 5202 3036 5257 quem
3080 5182 3376 5257 Eusebius,
3405 5183 3579 5257 lib._vt
3617 5182 3770 5257 115st.

2185 5274 2234 5312 c.
2263 5258 2362 5319 25;
2401 5257 2476 5311 De
2511 5259 2696 5325 script.
2727 5258 2858 5312 eccl.
2884 5254 2938 5312 et
2985 5255 3231 5319 ΡΙιοιίιιε,
3270 5255 3393 5308 cod.
3444 5254 3543 5325 ιιι,
3574 5269 3587 5305 :
3628 5254 3772 5325 Περὶ

2183 5328 2424 5381 κανόνων
2451 5323 3028 5396 ἐκκλησιαστικῶνῶε
3056 5327 3340 5396 rationibus
3360 5323 3770 5384 ecclesiasticis,

2185 5399 2437 5452 volumen
2463 5393 2704 5452 edidisse
2745 5406 3041 5452 testentur.
3076 5396 3180 5450 Sed
3206 5410 3269 5449 ex
3317 5393 3511 5448 borum
3563 5402 3774 5445 aucto-

2185 5483 2306 5521 rum
2336 5468 2678 5536 inspectione
2708 5467 3060 5522 manil’estum
3117 5465 3198 5536 ﬁt,
3245 5478 3495 5536 eos__non
3549 5462 3624 5536 de
3665 5463 3774 5514 hac

513 5539 879 5622 Orientalium
941 5542 1570 5622 disciplineprmcipua
1615 5541 1816 5622 capita,
1847 5532 2081 5610 quorum
2181 5532 2519 5622 collectione
2583 5553 2858 5622 canonum
2911 5536 3078 5606 loqui,
3111 5534 3295 5622 sedde
3351 5532 3773 5622 libro,_in__quo

516 5619 770 5682 auctores
796 5612 1018 5682 genuini
1071 5609 1482 5682 ignorabanturl
1538 5609 2084 5682 Jam’dixi,’eo_rum

517 5679 788 5742 quosdam
813 5681 1066 5749 conditos
1094 5679 1215 5736 esse
1240 5689 1362 5749 post
1386 5689 1633 5735 exortam
1657 5680 1908 5736 ltmresim
1935 5680 2083 5732 Ano-

516 5751 809 5806 rncorum.
875 5748 1200 5825 Beveregius
1243 5748 1640 5805 ’Collcctionem
1681 5750 1912 5820 primam
1952 5750 2083 5804 isto-

2183 5607 2434 5662 adduetis
2500 5607 2847 5670 canonibus,
2899 5602 2997 5660 seu
3051 5603 3275 5675 regulis_
3321 5602 3766 5675 ecclesiasticis.

2193 5678 2318 5750 illos
2339 5677 2713 5745 impugnabat,
2756 5679 2846 5750 qui
2875 5670 3138 5732 Judaicis'
3154 5671 3366 5743 legibus
3395 5680 3451 5730 et
3479 5670 3768 5726 institutis

2191 5748 2644 5802 adhaerescerent.
