3926 6292
202 355 372 431 118i

739 474 989 536 ΚΕΦΑΛ.
1022 474 1107 537 tu"
1155 484 1318 560 [LJV].

492 596 628 663 Περὶ
652 593 771 648 τῶν
796 596 895 649 ἐπὶ
926 599 1183 665 Χριστοῦ
1210 566 1567 674 λεγομένωφῖ.

299 710 430 762 Τῶν
476 710 569 762 ἐπὶ
618 712 855 782 Χριστοῦ
887 714 1199 785 λεγομένων
1249 720 1433 787 τρόποι
1458 722 1667 785 γενικοί
1709 721 1815 773 είσι

201 800 506 869 τέσσαρες
530 816 545 833 ’
568 802 636 855 τὰ
669 802 770 871 μὲν
808 804 915 875 γὰρ
962 807 1058 859 καὶ
1092 808 1201 877 πρὸ
1223 809 1321 879 τῆς
1347 810 1815 880 ὲναιιθρωπήσεως

205 888 470 957 ἁρμόσει
504 890 678 959 αὐτῷ,
705 890 775 943 τὰ
824 892 881 945 δὲ
909 894 966 946 ὲν
993 896 1060 965 τῇ
1111 895 1319 962 ἑνώσει,
1364 899 1433 949 τὰ
1467 898 1524 950 δὲ
1554 898 1691 968 μετὰ
1717 897 1814 968 τὴν

203 978 451 1044 ἕνωσιν,
486 980 554 1033 τὰ
581 980 637 1033 δὲ
665 981 803 1051 μετὰ
823 983 920 1053 τὴν
943 985 1257 1042 ἀνάστασιν.
1296 991 1405 1055 Καὶ
1438 990 1545 1043 τῶν
1574 990 1680 1063 πρὸ
1713 990 1814 1060 τῆς

203 1069 706 1140 ἑνανθρωπήσεως
739 1072 838 1142 μὲν
860 1074 1051 1145 τρόποι
1082 1079 1216 1131 εἰσὶν
1250 1079 1329 1145 ἓξ·
1349 1081 1416 1133 τὰ
1448 1081 1546 1150 μὲν
1575 1082 1682 1152 γὰρ
1717 1082 1814 1135 αύ-

201 1160 365 1225 τῶν,
386 1161 448 1213 τὸ
475 1163 709 1230 συναφὲς
728 1165 827 1234 τῆς
856 1166 1093 1235 φύσεως,
1111 1171 1284 1223 καὶτὸ
1315 1172 1452 1239 πρὸς
1479 1173 1573 1226 τὸν
1594 1174 1811 1244 Πατέρα

200 1252 524 1317 ὀμοούσιον
547 1255 699 1323 δηλοῖ
726 1256 800 1317 ὡς
820 1258 900 1310 τό’
941 1260 1081 1328 Ἐγὼ
1104 1263 1201 1314 καὶ
1235 1266 1266 1315 ό
1284 1264 1485 1331 Πατὴρ
1509 1264 1580 1318 ἓν·
1601 1265 1807 1334 ἐσμεν·

202 1343 323 1394 καὶ
360 1344 419 1396 τό
442 1362 456 1376 ο
503 1344 556 1398 '0
587 1346 860 1414 ἑωρακὼς
891 1349 995 1418 ἐμὲ
1028 1351 1246 1419 ἑώρακε
1270 1355 1377 1408 τὸν
1410 1355 1641 1423 Πατέρα
1664 1373 1679 1389 ο
1715 1358 1808 1411 καὶ

200 1434 277 1487 τό
302 1451 320 1464 ⁸
363 1436 461 1501 ’ος
492 1436 562 1489 ἐν
577 1438 781 1508 μορφῇ
814 1442 963 1496 Θεοῦ
987 1442 1295 1511 ὑπάρχων,
1324 1446 1421 1498 καὶ
1451 1446 1519 1499 τὰ
1548 1447 1771 1500 τοιαῦτα
1791 1465 1804 1478 ·

201 1524 285 1577 τὰ
328 1526 413 1589 δὲ,
446 1527 506 1578 τὸ
530 1528 735 1583 τέλειον
759 1534 858 1600 τῆς
884 1532 1256 1597 ὑποστάσεως,
1285 1535 1361 1599 ὼς
1389 1537 1449 1589 τό
1472 1556 1485 1568 ·
1520 1538 1651 1603 Υἱὸς
1699 1538 1807 1592 τοῦ

204 1614 406 1679 Θεοῦ,
439 1616 537 1670 καὶ
558 1621 867 1689 χαρακτὴρ
893 1605 1006 1691 ⁴τῆς
1022 1626 1422 1693 ὑποστάσεως
1455 1630 1642 1683 αὑτοῦ
1664 1647 1676 1659 ο
1714 1629 1807 1683 καὶ

202 1706 275 1756 τό
304 1721 321 1736 ⁸
363 1706 648 1777 Minui/lng-
672 1711 916 1781 ,βουλῆς
938 1714 1242 1784 Ἄγγελος,
1272 1719 1635 1787 θαυμαστὸς,
1655 1722 1807 1789 σύμ-

202 1800 282 1850 6’0
296 1801 475 1864 υλος,
510 1801 691 1855 καὶτὰ
720 1803 905 1873 ὅμοια.

282 2078 384 2132 Τὰ
404 2078 461 2132 δὲ
482 2080 583 2150 τὴν
606 2081 664 2133 ἐν
690 2082 951 2153 ἀλλήλαις
973 2084 1079 2137 τῶν
1104 2086 1459 2141 ύποστάσεων
1489 2105 1556 2141 πε
1567 2088 1807 2161 ριχώρη-

201 2187 325 2234 σιν,
351 2171 433 2235 ὡς
466 2172 567 2225 τόο
621 2172 768 2243 Ἐγὼ
795 2175 865 2228 ἐν
909 2174 992 2239 τῷ
1040 2178 1243 2245 "arpi,
1288 2180 1387 2232 καί
1438 2184 1472 2235 ό
1512 2182 1716 2249 Πατὴρ
1737 2184 1806 2236 ἐν

201 2260 356 2326 ἐμοι
382 2276 396 2289 ο
428 2259 526 2314 καὶ
582 2261 683 2332 τὴν
735 2262 1130 2333 ἀνεκφοίτητον
1175 2265 1405 2333 ἵδρυσιν,
1453 2267 1529 2328 ὼς
1556 2268 1585 2319 ὁ
1608 2268 1801 2335 Λόγος,

201 2352 309 2400 καὶ
344 2350 533 2418 σοφία,
566 2350 663 2404 καὶ
686 2349 939 2420 δύναμις,
971 2352 1064 2404 καὶ
1099 2352 1461 2424 ἀπαύγασμα.
1493 2355 1560 2408 Ὅ
1601 2373 1661 2408 τε
1692 2357 1803 2426 γὰρ

204 2440 398 2508 Λόγος
422 2442 481 2492 ἐν
511 2442 588 2510 τῷ
637 2441 714 2511 νῷ
737 2455 752 2470 ’
808 2444 981 2509 Λόγον
1016 2442 1072 2494 δέ
1114 2460 1257 2514 φημι
1289 2445 1379 2497 τὸν
1407 2445 1641 2515 οὐσιώδη
1669 2464 1682 2477 ·
1709 2448 1800 2500 καὶ

204 2529 240 2596 ἡ
290 2530 466 2596 σοφία
501 2532 732 2601 ὁμοίως,
765 2534 863 2587 καὶ
918 2535 978 2587 ὲν
1006 2533 1085 2603 τῷ
1136 2535 1419 2605 δυναμένῳ
1469 2538 1503 2606 ἡ
1546 2536 1796 2608 δύναμις,

201 2621 268 2673 ἐν
291 2620 382 2691 τῷ
414 2624 556 2689 φωτὶ
594 2623 655 2676 τὸ
699 2624 1063 2695 ἀπαύγασμα,
1113 2626 1522 2699 ἀνεκφοιτήτως
1562 2628 1795 2699 ἵδρυται,

202 2710 268 2779 ἑξ
296 2711 488 2767 αὐτῶν
510 2712 889 2786 πηγαζόμενα.

282 2889 376 2943 Τὰ
405 2888 486 2952 δὲ,
516 2889 593 2952 ὡς
622 2889 678 2955 ἐξ
708 2890 885 2944 αἰτίου
910 2890 1004 2945 τοῦ
1038 2892 1273 2962 Πατρὸς,
1307 2893 1383 2957 ὡς
1413 2893 1493 2946 τό⁸
1522 2893 1574 2946 Ὀ
1592 2895 1797 2963 Πατήρ

199 2999 329 3046 μου
376 2980 593 3049 μείζων
633 2983 752 3050 μού
796 2983 968 3037 ἐστιν
993 3001 1006 3014 ·
1047 2983 1107 3050 ἐξ
1140 2984 1305 3037 αὐτοῦ
1344 2984 1453 3055 γὰρ
1497 2985 1610 3055 ἔχει
1643 2988 1704 3040 τό
1734 3004 1795 3040 τε

200 3067 357 3124 εἶναι
398 3073 495 3125 καὶ
526 3073 707 3127 πάντα
738 3075 838 3128 ὅσα
866 3075 1014 3146 ἔχει·
1056 3076 1117 3129 τὸ
1165 3077 1263 3143 μὲν
1306 3074 1447 3131 εἶναι
1497 3080 1791 3149 γεννητῶς,

1307 376 1403 439 DE
1438 375 1613 441 FIDE
1655 376 2114 441 ORTHODOXA
2144 378 2290 439 LIB.
2334 381 2429 438 1V-

3368 367 3501 432 1182

2517 486 2668 541 CAP.
2715 482 2902 543 XVI".

2220 599 2299 654 De
2332 601 2411 654 llis
2443 617 2558 670 qum
2592 602 2655 652 de
2689 598 2899 654 Christo
2920 596 3188 652 dicuntur.

1990 712 2336 780 Quadruplex
2377 710 2775 779 pra'dicationis
2811 709 2875 762 de
2902 707 3113 763 Christo
3147 722 3330 777 genus.
3367 706 3500 760 Ante

1922 802 2350 881 Incaruationem
2379 800 2669 869 sepluplex.
2707 830 2777 839 —
2810 799 3009 853 Eorum
3037 814 3157 868 qua)
3185 797 3251 852 de
3278 797 3499 852 Christo

1916 895 2197 959 dicuntur,
2252 893 2631 964 quadruplex,
2693 900 2753 946 ut
2793 892 2847 945 in
2897 908 3097 962 genere
3155 892 3357 955 dicam,
3413 900 3498 944 est

1916 984 2131 1040 modus.
2164 983 2422 1049 Qumdam
2448 982 2594 1037 enim
2622 982 2672 1035 ei
2702 988 2827 1035 ante
2855 979 3251 1034 humanitatem
3280 995 3496 1032 assunt-

1916 1086 2062 1146 ptam
2083 1076 2455 1137 conveniunt;
2493 1072 2739 1143 quazdam
2772 1073 2824 1125 iu
2856 1072 2972 1141 ipsa
3002 1071 3225 1136 unione;
3248 1070 3495 1139 qutmlam

1915 1176 2042 1238 post
2077 1168 2371 1231 unionem;
2400 1164 2647 1233 quadam
2675 1173 2953 1233 postremo
2985 1169 3108 1232 post
3133 1161 3496 1214 resurrectio-

1912 1274 2057 1313 nem.
2108 1259 2286 1327 Atque
2322 1270 2514 1310 eorum
2560 1268 2681 1323 quae
2718 1251 3078 1306 humanitatis
3120 1250 3499 1318 assumptione

1911 1350 2187 1403 anteriora
2219 1354 2370 1413 sunt,
2407 1361 2501 1400 sex
2535 1352 2666 1398 sunt
2699 1343 2871 1396 modi.
2926 1341 3044 1394 Alia
3092 1341 3237 1395 enim
3290 1347 3498 1393 natura:

1911 1439 2353 1508 coniunctionem
2404 1446 2455 1490 et
2502 1433 3144 1489 consubstantialitatcm
3179 1446 3301 1483 cum
3336 1428 3497 1481 Patre

1910 1530 2222 1593 declarant,
2277 1536 2384 1581 ut:
2427 1524 2540 1596 Ego
2568 1536 2615 1580 et
2674 1523 2840 1579 Pater
2901 1538 3065 1577 unum
3106 1538 3287 1576 sumus
3316 1520 3391 1586 ’3;
3442 1528 3497 1574 et
3602 1558 3613 1571 ρ

1908 1620 2044 1676 illud
2079 1638 2091 1673 :
2132 1619 2236 1685 Qui
2295 1620 2433 1673 videt
2467 1634 2565 1685 me,
2608 1617 2744 1672 ridet
2773 1622 2823 1669 et
2866 1614 3081 1669 Patrem
3108 1614 3184 1680 '9;
3232 1626 3446 1667 necnon
3478 1629 3492 1665 :

1908 1712 2041 1767 Cum
2068 1713 2124 1765 in
2164 1710 2490 1780 [arma‘Dei
2523 1718 2657 1763 esset
2699 1709 2778 1775 ⁸⁰;
2827 1715 3133 1775 caeteraque
3197 1706 3249 1759 id
3300 1719 3492 1775 genus.

1910 1804 2027 1858 Alia
2083 1801 2473 1872 perfectionem
2540 1800 2808 1862 indicant,
2848 1798 3038 1860 veluti,
3072 1794 3249 1849 Filius
3298 1795 3390 1846 Dei
3413 1795 3492 1855 “;

1910 1903 1962 1948 et
2003 1895 2177 1965 ﬁgura
2207 1893 2518 1948 substantia:
2538 1893 2653 1962 ejus
2680 1891 2761 1960 δίς
2794 1898 2849 1947 et
2888 1889 3042 1954 illud,
3073 1888 3257 1959 Magni
3285 1887 3493 1940 consilii

1909 1986 2164 2055 Angelus,
2196 1983 2552 2046 admirabilis,
2579 1983 2915 2037 consiliarius
2933 1981 2998 2045 “,
3029 1988 3084 2035 et
3122 1980 3346 2035 similia.

1979 2077 2100 2130 Alia
2130 2084 2373 2129 mutuam
2407 2086 2771 2146 personarum
2794 2070 3400 2134 circumincessiouem,
3433 2076 3491 2120 ut

1908 2164 2040 2220 illud
2077 2184 2090 2220 :
2133 2165 2241 2236 Ego
2270 2166 2325 2217 in
2352 2164 2538 2230 Patre,
2569 2174 2617 2218 ct
2646 2163 2810 2218 Pater
2840 2165 2890 2217 in
2924 2180 3002 2217 me
3031 2172 3108 2216 est
3138 2161 3217 2226 “;
3250 2176 3352 2215 nec
3382 2175 3488 2212 non

1905 2256 2068 2327 285
2118 2257 2392 2326 ﬁxamque
2446 2264 2501 2311 et
2549 2256 2903 2311 insolubilem
2952 2254 3179 2309 alterius
3216 2254 3271 2307 in
3318 2253 3487 2306 altera

1905 2349 2200 2404 haesionem
2226 2388 2241 2412 ,
2280 2364 2333 2402 v.
2371 2365 2449 2419 ε..
2485 2346 2750 2410 Verbum,
2800 2360 2852 2401 et
2884 2347 3178 2416 sapientia,
3210 2356 3262 2400 ct
3292 2352 3487 2413 poteno

1903 2442 2002 2504 tia,
2038 2449 2093 2495 et
2128 2442 2408 2510 splendor.
2446 2440 2579 2493 Nam
2634 2449 2688 2493 et
2742 2441 2965 2493 verbum
3012 2441 3065 2492 in
3114 2448 3293 2492 mente
3339 2436 3485 2506 (ver-

1904 2531 2031 2585 bum
2056 2538 2241 2584 autem
2268 2531 2676 2586 substantivum
2708 2527 2982 2599 intelligo)
3010 2530 3245 2597 itemque
3266 2528 3486 2596 sapiens

1903 2622 1977 2674 tia
2006 2621 2059 2675 in
2091 2623 2366 2691 sapiente,
2399 2622 2643 2692 polentia
2698 2637 2919 2691 quoque
2966 2621 3022 2674 in
3057 2628 3294 2689 potente,
3335 2627 3388 2673 et
3429 2617 3484 2670 in

1901 2710 2024 2765 luce
2051 2713 2333 2782 splendor,
2368 2713 2508 2767 citra
2545 2713 2714 2766 ullum
2766 2726 3057 2768 excessum
3090 2710 3193 2764 lixa
3234 2718 3381 2776 sunt,
3416 2725 3483 2764 ex

1899 2802 2005 2858 illis
2026 2804 2350 2875 proﬂuentia
2371 2805 2436 2858 ⁸³.

1968 2896 2090 2948 Alia
2139 2895 2211 2949 ita
2248 2894 2576 2961 elferuntur,
2616 2903 2880 2964 tanquam
2918 2894 2984 2950 de
3025 2911 3091 2949 eo
3125 2895 3219 2964 qui
3262 2894 3482 2948 Patrem

1897 2995 2175 3042 auctorem
2204 2995 2490 3055 agnoscat,
2519 2994 2577 3041 ut
2610 2987 2741 3041 illud
2774 3006 2786 3041 :
2814 2982 2980 3041 Pater
3004 2987 3177 3055 maior
3203 3003 3281 3039 me
3306 2996 3382 3039 est
3412 2985 3480 3039 “.

1896 3079 1978 3133 Ab
2007 3079 2128 3149 ipso
2158 3079 2363 3149 quippe
2394 3080 2558 3134 habet
2594 3090 2709 3134 tum
2752 3080 2900 3151 quod
2941 3088 3065 3144 est,
3102 3088 3215 3133 tum
3256 3094 3320 3133 ea
3358 3094 3479 3132 om-

199 3164 304 3215 καὶ
330 3163 398 3215 ού
426 3162 907 3234 δημιουργητικῶς
931 3183 945 3196 ·
978 3166 1055 3230 ὡς
1086 3167 1178 3220 τό·
1226 3169 1371 3238 Ἐγὼ
1416 3170 1482 3223 ἐκ
1536 3171 1643 3224 τοῦ
1678 3174 1795 3224 Πα-

1907 3170 1991 3223 uia
2023 3185 2144 3239 quae
2180 3170 2345 3224 habet
2379 3170 2443 3202 δτι
2481 3168 2635 3236 Quod
2669 3178 2789 3239 est,
2825 3172 3087 3239 inquam,
3120 3183 3218 3239 per
3249 3182 3481 3236 genera-

198 3251 352 3317 Δπρὸς
375 3250 640 3319 ἐξῆλθον
672 3253 768 3306 καὶ
801 3254 944 3321 ἥκω.
978 3256 1152 3325 Κάγὼ
1172 3255 1245 3317 ζῶ
1268 3258 1362 3312 διὰ
1391 3260 1498 3312 τὸν
1532 3260 1790 3327 Πατέρα.

200 3343 404 3396 Πάντα
436 3344 494 3396 δὲ
520 3346 619 3397 ὅσα
635 3344 771 3414 ἔχει,
798 3348 858 3398 οὐ
880 3350 1267 3417 μεταδοτικῶς,
1286 3350 1411 3404 οὔτε
1444 3351 1790 3416 διδακτικῶς,

198 3433 326 3487 ἀλλ’
362 3432 441 3494 ὡς
471 3434 530 3497 ἐξ
546 3436 719 3488 αἰτίου
740 3453 754 3468 ο
789 3438 863 3500 ὼς
891 3440 948 3492 τό
970 3456 982 3468 ’
1006 3443 1088 3494 Οὐ
1114 3440 1363 3496 δύναται
1392 3446 1425 3495 ό
1442 3444 1572 3510 Υἱὸς
1600 3444 1797 3498 ποιεῖν

196 3524 307 3591 ἀφ’
340 3523 564 3578 ἑαυτοῦ
595 3526 798 3593 οὐδὲν,
825 3530 934 3607 ear
966 3532 1052 3600 μή
1081 3549 1137 3586 τι
1177 3534 1383 3601 ,βλέπῃ
1422 3535 1529 3589 τὸν
1564 3538 1796 3604 Πατέρα

200 3614 406 3678 οὕτως
446 3618 758 3674 ποιοῦντα.
799 3621 862 3674 Et
898 3623 971 3692 μὴ
1001 3625 1111 3695 γὰρ
1139 3628 1166 3678 ὁ
1197 3627 1387 3696 Πατήρ
1410 3629 1581 3691 ἐστιν,
1614 3630 1733 3682 οὐδὲ
1765 3631 1793 3682 ὁ

199 3704 359 3767 Υἱός.
394 3706 489 3759 Ἐκ
517 3707 612 3760 τοῦ
652 3710 864 3782 [ἰατρὸς
893 3713 1003 3785 γὰρ
1033 3716 1060 3767 ὁ
1091 3716 1237 3779 Υἱὸς,
1272 3718 1368 3770 καὶ
1389 3719 1446 3770 ἐν
1478 3718 1557 3788 τῷ
1594 3718 1789 3789 [Ia-cpi,

200 3795 301 3847 καὶ
321 3794 445 3865 ἅμα
483 3797 562 3867 τῷ
611 3800 807 3872 [lat-pl,
864 3804 959 3857 καὶ
1008 3806 1068 3859 ού
1117 3808 1257 3877 μετὰ
1321 3810 1337 3849 ί
1403 3810 1494 3863 τὸν
1546 3811 1787 3883 Πατέρα.

213 3884 457 3958 ὀμοίως
487 3891 583 3943 καὶ
613 3891 649 3945 ἃ
670 3898 836 3960 ποιεῖ,
877 3896 939 3961 ἐξ
990 3899 1158 3952 αὐτοῦ
1186 3900 1282 3954 καὶ
1326 3904 1423 3956 σὺν
1449 3905 1599 3973 αὐτῷ
1622 3920 1635 3932 ·
1690 3905 1788 3973 μία

200 3979 314 4049 γὰρ
346 3981 445 4032 καὶ
474 3984 505 4051 ἡ
530 3984 667 4056 αὐτή
694 4002 708 4016 ο
732 3988 829 4056 οὐχ
851 3988 1035 4058 ὁμοία,
1070 3993 1188 4046 ἀλλ’
1212 3995 1244 4064 ἡ
1265 3994 1400 4065 αὑτὴ
1423 3994 1515 4047 τοῦ
1550 3996 1783 4067 Πατρδς,

200 4070 297 4122 καὶ
335 4070 433 4125 τοῦ
467 4073 620 4141 Υίοῦ,
647 4078 742 4130 καὶ
766 4079 860 4131 τοῦ
883 4080 1041 4149 ἁγίου
1076 4084 1390 4155 Πνεύματος
1426 4086 1663 4157 Οέλησις,
1701 4090 1790 4141 ἐν·

199 4160 395 4231 έργειά
426 4180 489 4217 τε
510 4166 603 4218 καὶ
624 4167 872 4239 δύναμις.

273 4358 357 4412 Τὰ
377 4359 459 4423 δὲ,
490 4360 565 4423 ὡς
600 4365 698 4433 τῆς
732 4364 1006 4438 πατρικῆς
1049 4367 1320 4434 εὐδοκίας,
1356 4371 1445 4424 διὰ
1482 4374 1582 4444 τῆς
1614 4375 1781 4428 αὑτοῦ

201 4451 483 4523 ἐνεργείας
509 4454 863 4524 πληρούμενα
909 4469 956 4522 ι,
988 4462 1083 4513 καὶ
1128 4461 1225 4530 οὐχ
1257 4462 1332 4524 ὡς
1363 4463 1430 4515 δι’
1458 4463 1713 4531 ὀργάνου,
1745 4464 1776 4534 ἢ

198 4543 405 4607 δούλου,
438 4544 555 4596 ἀλλ’
584 4545 658 4607 ὡς
679 4546 748 4598 δι’
779 4546 1070 4612 ούσιὼδους
1095 4552 1189 4605 καὶ
1212 4553 1581 4606 ἐνυποστάτου
1611 4555 1777 4608 αὑτοῦ

199 4634 390 4701 Λόγου,
429 4636 529 4687 καὶ
559 4639 776 4704 σοφὶας,
810 4639 908 4691 καὶ
955 4640 1259 4711 δυνάμεως,
1300 4643 1389 4695 διὰ
1440 4644 1503 4696 τὸ
1549 4646 1679 4713 μίαν
1719 4648 1776 4699 ὲν

201 4723 369 4796 Πατρὶ
390 4728 489 4780 καὶ
516 4727 630 4798 Υἱῷ
685 4729 1013 4801 θεωρεῖσθαι
1056 4734 1271 4805 κίνησιν
1292 4752 1304 4765 ·
1334 4737 1412 4800 ὼς
1445 4738 1507 4790 τό
1526 4756 1538 4769 ·
1574 4738 1777 4793 Πάντα

199 4814 271 4867 δι’
304 4817 496 4871 αὐτοῦ
525 4820 762 4887 ἐγένετο
788 4838 803 4853 ·
839 4823 933 4877 καὶ
952 4824 1013 4877 τό
1033 4841 1045 4854 ⁸
1091 4826 1429 4881 Ἀπέστειλε
1449 4829 1556 4883 τὸν
1582 4832 1777 4900 Λόγον

1901 3262 2106 3315 tionem
2131 3302 2146 3326 ,
2181 3277 2290 3316 non
2326 3276 2425 3330 per
2459 3263 2797 3317 creationem
2841 3262 3045 3333 (cujus
3082 3262 3305 3330 generis
3346 3259 3481 3313 illud

1896 3360 1983 3407 est
2013 3371 2026 3406 :
2064 3351 2176 3422 Ego
2207 3367 2271 3406 ea:
2306 3350 2467 3405 Patre
2494 3354 2659 3416 exivi,
2697 3367 2741 3407 et
2775 3354 2919 3408 venio
2954 3353 3038 3418 M’;
3071 3362 3175 3407 et-z
3220 3351 3332 3421 Ego
3365 3354 3480 3404 vivo

1896 3456 2108 3510 propter
2146 3442 2366 3496 Patrem
2397 3442 2465 3494 ".
2525 3441 2722 3497 Omnia
2786 3451 2969 3497 autem
3011 3458 3073 3496 ea
3119 3457 3241 3513 quae
3284 3430 3477 3505 babei,

1896 3548 2006 3586 non
2043 3548 2141 3602 per
2171 3532 2599 3588 concessionem
2620 3573 2635 3599 ,
2668 3540 2763 3586 aut
2795 3534 3186 3587 documentum
3213 3574 3228 3597 ,
3276 3532 3372 3586 sed
3420 3540 3479 3583 ut

1895 3639 1960 3677 ex
1987 3637 2155 3676 causa
2178 3664 2191 3687 ,
2215 3622 2365 3677 velut
2386 3638 2511 3678 cum
2540 3623 2617 3676 ait
2644 3640 2657 3676 :
2691 3620 2814 3675 Non
2844 3630 3014 3691 potest
3048 3619 3225 3674 Filius
3252 3638 3283 3674 a
3308 3638 3363 3674 se
3395 3622 3480 3689 [a-

1893 3730 2007 3769 cere
2034 3715 2346 3785 quidquam,
2380 3716 2485 3769 nisi
2520 3714 2709 3769 viderit
2740 3714 2959 3767 Patrem
2984 3715 3061 3767 ita
3092 3714 3376 3784 facientem
3402 3714 3473 3769 '°.

1892 3805 2029 3861 Nam
2068 3808 2115 3862 si
2156 3807 2318 3862 Pater
2347 3823 2456 3863 non
2485 3816 2604 3871 est,
2637 3818 2785 3863 certe
2815 3823 2916 3862 nec
2959 3807 3157 3864 Filius.
3203 3807 3279 3861 Ex
3312 3806 3477 3860 Patre

1890 3898 2036 3952 enim
2064 3905 2148 3953 est
2176 3896 2351 3953 Filius
2371 3938 2387 3963 ,
2421 3906 2475 3953 et
2500 3899 2554 3951 in
2585 3896 2777 3961 Patre,
2807 3907 2861 3953 et
2890 3914 2997 3953 una
3029 3914 3153 3952 cum
3187 3897 3353 3951 Patre
3377 3939 3392 3963 ,
3421 3906 3475 3952 et

1889 4005 2002 4042 non
2036 3996 2161 4058 post
2194 3987 2434 4043 Patrem.
2472 3987 2762 4044 Consimili
2799 3990 2996 4053 modo,
3046 4002 3109 4045 ea
3143 4006 3263 4059 qua:
3305 3990 3469 4054 facit,

1888 4096 1954 4134 ex
1987 4080 2131 4152 ipso,
2160 4088 2215 4133 et
2244 4095 2369 4133 cum
2402 4080 2522 4150 ipso
2554 4079 2705 4135 facit.
2737 4078 2852 4134 Una
2875 4082 3019 4135 enim
3048 4090 3098 4134 et
3132 4080 3321 4134 eadem
3349 4090 3470 4148 est;

1886 4173 2108 4233 eadem,
2145 4171 2370 4239 inquam
2394 4211 2409 4236 ,
2445 4180 2499 4225 et
2534 4186 2644 4223 non
2681 4171 2913 4234 similis,
2953 4170 3131 4224 Patris
3167 4178 3222 4223 et
3261 4168 3384 4222 Filii
3416 4180 3471 4225 et

1889 4261 2130 4331 Spiritus
2163 4262 2341 4317 sancti
2386 4264 2637 4316 voluntas
2660 4298 2675 4323 ,
2707 4261 2956 4329 operatio
2977 4300 2991 4325 ,
3024 4269 3078 4315 et
3110 4262 3307 4314 vittu's.

1954 4375 2076 4429 Alia
2120 4376 2350 4445 insuper
2387 4374 2674 4438 dicuntur,
2705 4383 2971 4444 tanquam
3002 4371 3185 4428 Patris
3216 4372 3469 4427 voluntas

1883 4483 2047 4537 opera
2089 4469 2237 4523 illius
2278 4468 2598 4536 impleatur,
2632 4483 2745 4522 non
2794 4477 2855 4521 ut
2896 4483 2993 4537 per
3034 4466 3465 4521 instrumentum

1886 4569 1979 4614 aut
2009 4575 2230 4615 servum
2251 4598 2268 4622 ,
2295 4560 2390 4614 sed
2417 4567 2479 4613 ut
2507 4574 2606 4629 per
2636 4560 3047 4616 substantivum
3076 4567 3129 4614 et
3157 4560 3466 4613 subsistens

1884 4653 2061 4721 ipsius
2090 4650 2369 4718 Verbum,
2401 4653 2730 4722 sapientiam
2753 4692 2768 4718 ,
2797 4660 2850 4707 et
2876 4651 3181 4722 potentiam
3211 4670 3223 4705 :
3253 4658 3466 4720 propte-

1882 4760 1976 4799 rea
2017 4745 2163 4814 quod
2200 4761 2345 4800 unus
2379 4746 2432 4798 in
2464 4740 2625 4801 Patre
2656 4753 2710 4799 et
2748 4745 2893 4799 Filio
2930 4755 3114 4800 motus
3143 4745 3460 4798 considera-

1884 4845 1991 4889 tur.
2035 4834 2127 4888 Sic
2160 4835 2295 4889 illud
2326 4854 2339 4889 :
2382 4836 2579 4891 Omnia
2616 4854 2708 4905 per
2746 4837 2922 4907 ipsum
2955 4836 3103 4902 facta
3138 4844 3260 4889 sunt
3294 4834 3361 4888 ⁵¹.
3396 4833 3461 4887 Et

198 4906 397 4994 αὐτοῦ,
439 4911 538 4962 καὶ
583 4910 792 4967 ἰάσατο
827 4917 1050 4984 αὐτούς
1073 4924 1089 4950 δ
1124 4920 1217 4973 καὶ
1242 4921 1303 4973 τό
1325 4936 1340 4952 ·
1377 4922 1500 4975 Ἵνα
1544 4922 1775 4993 γνῶσιν

1907 4927 2056 4981 llud:
2108 4925 2262 4981 Misit
2300 4927 2526 4981 Verbum
2580 4945 2764 4994 suum,
2817 4938 2867 4981 et
2905 4929 3110 4982 sanavit
3149 4943 3237 4982 eos
3273 4926 3341 4978 ".
3380 4925 3459 4979 Ac

201 4990 285 5048 ὅτι
328 5000 405 5051 σύ
435 5017 517 5067 με
549 5002 932 5074 ἀπέστειλας.

273 5168 666 5280 :°Joan.x,30.
744 5184 788 5215 ’9
812 5183 974 5241 Joan.
1016 5189 1211 5252 νίψει
1322 5192 1366 5223 ⁴⁰
1410 5192 1645 5265 Philipp.
1708 5214 1766 5257 ll,
1823 5195 1875 5250 6.

295 5258 390 5280 (mn
442 5266 535 5280 ν...
597 5251 660 5280 In
758 5255 803 5280 Mt
828 5256 994 5280 Λευ-ιη
1053 5259 1122 5280 In.
1398 5264 1461 5280 nu
1701 5267 1793 5280 υ..

1612 5282 1661 5334 p.
1701 5268 1821 5320 διε.
1898 5268 2107 5322 “Jonn.
2152 5272 2377 5334 Xl\',°28.
2488 5273 2526 5300 ’⁵⁷

1638 5338 1684 5368 δ”
1710 5337 1869 5391 .loan.
1900 5356 1951 5401 ν,
1983 5339 2067 5391 19.
2147 5340 2189 5371 ⁸⁸
2219 5340 2382 5395 Joan.
2436 5358 2447 5392 I
2487 5342 2538 5393 5.

206 5237 411 5325 :Joa'n.
442 5237 556 5325 τιν,
597 5251 679 5304 10.
758 5255 803 5286 ⁸⁵
828 5237 1363 5325 cjiibfiitifxxm,

205 5308 394 5447 ἳιῗιιξῗᾷ.
460 5320 508 5353 ⁸⁸
530 5320 693 5378 Joan.
728 5308 1016 5390 xvi-1,728."-
1054 5308 1541 5397 ἴδ”ιῦὲίῆῗξτιζ

1886 5034 2078 5073 rursus
2126 5019 2272 5073 istud
2302 5038 2315 5074 :
2350 5019 2418 5073 Ut
2449 5031 2767 5089 cognoscant
2798 5020 2925 5091 quia
2956 5030 3013 5073 tu
3048 5035 3129 5073 me
3159 5018 3351 5072 misisti
3387 5014 3456 5069 ⁸⁸.

2528 5202 2570 5231 δ’
2610 5198 2775 5253 llebr.
2819 5216 2854 5260 I,
2887 5200 2939 5253 5.
3052 5198 3098 5230 ⁸³
3148 5196 3251 5253 lsa.
3291 5212 3365 5256 ix,
3396 5195 3450 5252 ϐ.

2488 5273 2526 5300 ’⁵⁷
2559 5270 2721 5331 Grca.
2767 5270 2894 5322 Νη.
2931 5277 3073 5322 orat.
3104 5268 3191 5320 56.
3237 5272 3314 5319 “et
3372 5268 3447 5321 al.

2642 5342 2695 5405 ,δ’
2722 5340 2866 5394 Psal.
2895 5356 3006 5402 cu,
3038 5338 3126 5393 20.
3205 5338 3250 5371 ⁸³
3280 5335 3442 5391 Joan.

1990 5197 2031 5227 ¹⁵¹
2092 5196 2255 5255 Joan.
2296 5218 2331 5262 ι,
2368 5202 2419 5255 5.

1898 5266 2107 5322 “Jonn.
2152 5287 2262 5334 XIV,
2289 5272 2377 5325 ‘28.

1502 5550 1734 5613 νΑιὶιΑῑ
1776 5561 2176 5620 LECTIONES.

282 5702 689 5798 .i._-Edi_l?,.3{°ﬁ&'.
751 5710 764 5761 ⁵
1085 5713 1188 5798 ΠῘῘ·
1234 5725 1287 5769 εί
1332 5717 1423 5798 Emi
1464 5717 1845 5788 πληρουμένης
1880 5735 1892 5769 :
1924 5720 2004 5773 sic
2062 5730 2216 5798 vetus
2275 5724 2503 5798 interpr.
2528 5726 2791 5798 completi,
2838 5723 3011 5777 Faber
3040 5727 3260 5798 impleti,
3298 5726 3447 5781 bene~

206 5770 373 5839 placiti
411 5778 637 5833 scilicet.
675 5778 729 5834 lu
775 5784 935 5838 editis
974 5785 1160 5840 deerat
1188 5786 1381 5854 capula
1409 5770 1854 5857 sequéhs,‘quain
1884 5770 2016 5846 mss.
2054 5770 2671 5859 (ίᾷἰῖιᾶιῆἷίᾶιὶἾὶΞιὺὲὶὶίῗ
