3926 6292
477 322 616 390 1183

1647 327 1709 389 3.
1733 327 2053 392 JOANNIS
2082 329 2522 392 DAMASCENI

3604 323 3753 393 ιιδι

547 437 669 492 Alia
716 435 954 507 denique
999 437 1324 508 prophetico
1366 438 1578 508 modo;
1611 453 1846 510 quorum
1880 439 2044 493 etiam

2220 437 2301 490 Τὰ
2320 437 2376 490 δὲ
2407 434 2792 513 προφητικῶς
2831 433 2923 488 καὶ
2978 432 3183 487 τούτων
3241 431 3309 486 τὰ
3350 431 3448 503 μὲν
3487 433 3565 498 ὡς
3617 438 3752 504 μέλρ

477 530 677 602 duplex
709 543 884 598 genus
922 537 1028 584 est.
1064 528 1323 596 Qumdam
1351 531 1500 588 enim
1532 532 1612 585 uti
1649 530 1836 586 futura
1863 531 2060 586 dicun-

479 626 568 672 tur
596 655 613 680 ,
647 616 796 670 velut
828 633 843 669 :
876 614 1163 688 Manifeste
1188 620 1354 674 veniet
1383 618 1452 675 “.
1483 618 1548 674 Et
1573 621 1707 674 illud
1738 619 2015 678 Zachariae
2044 636 2058 675 :

479 707 615 760 Ecce
646 704 758 759 Rea:
788 715 910 760 tuus
940 708 1102 768 veniet
1137 709 1234 762 tibi
1265 709 1334 762 ⁸³.
1368 709 1435 762 Ει
1461 709 1607 778 quod
1640 724 1670 763 a
1713 708 1938 764 Michtea
1971 709 2059 766 di-

474 807 625 852 ctum
657 805 782 853 est:
821 796 960 854 Ecce
993 798 1249 855 Dominus
1281 801 1578 872 egredietur
1609 799 1672 855 de
1699 801 1812 855 loco
1842 817 1973 864 suo.
2005 812 2056 857 et

474 887 782 954 descendet,
823 897 874 944 et
916 890 1159 946 ascendet
1187 907 1344 960 super
1368 892 1578 947 excelsa
1607 902 1762 947 terrm
1792 893 1865 949 ⁸⁸.
1896 893 2060 958 Qua:-

473 978 600 1032 dam
633 987 851 1045 autem,
887 981 1019 1035 licet
1053 979 1236 1036 futura
1256 1021 1272 1046 ,
1303 980 1571 1037 dicuntur
1597 989 1782 1037 tamen
1811 983 1891 1037 uti
1917 997 2059 1052 prir-

475 1068 668 1141 terita,
695 1077 756 1123 ut
790 1088 803 1124 :
838 1071 939 1124 Hic
973 1071 1114 1126 Deus
1147 1081 1366 1128 noster:
1391 1074 1626 1141 posthac
1654 1075 1710 1127 in
1741 1083 1886 1128 terra
1914 1075 2057 1128 visus

474 1166 578 1223 est,
597 1167 647 1211 et
675 1175 793 1211 cum
824 1158 1124 1216 hominibus
1156 1171 1506 1216 conversatus
1531 1171 1611 1216 est
1636 1163 1702 1214 ⁸⁷.
1731 1161 1865 1217 Illud
1885 1165 2014 1218 item
2039 1178 2053 1215 :

477 1247 734 1302 Dominus
760 1252 955 1305 creavit
979 1269 1060 1306 me
1088 1253 1296 1306 initium
1318 1254 1530 1308 viarum
1555 1270 1776 1308 suarum
1802 1255 1872 1308 ad
1897 1271 2057 1323 opera

476 1356 573 1392 sua
598 1340 664 1393 ⁸⁸.
689 1339 755 1394 Et
777 1342 909 1396 illud
935 1363 950 1398 :
979 1343 1267 1412 Propterea
1294 1347 1446 1399 unxit
1477 1354 1526 1399 te
1547 1344 1719 1409 Deus,
1749 1345 1891 1401 Deus
1914 1356 2054 1414 tuus,

478 1431 593 1485 oleo
625 1432 828 1489 latitia
851 1448 962 1502 pra:
991 1436 1324 1506 consortibus
1357 1437 1462 1491 tuis
1487 1437 1533 1470 ⁸³
1559 1455 1573 1491 :
1607 1444 1664 1493 et
1689 1435 1913 1493 similia.

553 1610 621 1666 In
659 1613 850 1668 unione
879 1614 1072 1684 triplex
1101 1616 1498 1684 prazdicationis
1532 1635 1714 1689 genus.
1739 1648 1808 1659 —
1827 1619 1896 1673 Et
1924 1617 2052 1688 qui-

477 1703 603 1758 dem
639 1718 702 1758 ea
732 1719 856 1774 qua:
886 1706 1148 1762 unionem
1185 1705 1562 1772 antecedunt,
1580 1709 1648 1764 de
1681 1709 1802 1778 ipso
1835 1723 2054 1780 quoque

2162 530 2340 594 λοντα,
2368 525 2477 582 οἷον
2495 547 2508 561 ·
2545 526 2854 597 Ἐμφανῶς
2875 525 3006 593 ἣξει
3031 541 3045 556 ο
3077 525 3172 578 καὶ
3201 525 3262 577 τὺ
3294 523 3389 577 τοῦ
3418 527 3709 599 Ζαχαρίου
3729 547 3748 563 ο

2173 620 2320 675 Ἰδοὺ
2349 623 2383 675 d
2410 619 2713 686 Βασιλεύς
2753 633 2870 673 σου
2907 617 3146 687 ἔρχεται
3187 633 3308 671 σοι.
3348 618 3459 671 Καὶ
3523 618 3592 671 τὸ
3639 619 3750 672 ὑπὸ
3768 637 3778 682 έ

2160 711 2397 781 Μιχαίου
2423 709 2744 783 εἰρημένον·
2787 708 2943 765 Ἰδοὺ
2981 707 3200 776 Κύριος
3235 707 3633 776 ἐκπορεύεται
3675 709 3746 764 ἐκ

2159 791 2266 858 τοῦ
2285 804 2476 857 τόπου
2503 801 2709 867 αὐτοῦ,
2732 801 2828 854 καὶ
2853 799 3272 865 καταϐήσεται,
3308 799 3404 853 καὶ
3447 799 3746 866 ἐπιϐήσε-

2159 911 2252 947 ται
2274 893 2374 946 ἐπί
2408 892 2481 947 τὰ
2512 891 2722 961 ὑψηλὰ
2744 890 2857 960 τῆς
2913 882 3030 960 τῆξ
3047 907 3061 920 ·
3088 888 3160 942 τὰ
3211 888 3292 951 δὲ,
3319 888 3390 942 τὰ
3439 889 3745 960 μέλλοντα,

2156 983 2233 1047 ὡς
2265 982 2651 1054 παρῳχηκότα,
2680 981 2756 1040 ὡς
2779 980 2871 1034 τό·
2907 975 3098 1046 Οὗτος
3122 982 3156 1034 ὁ
3185 979 3340 1045 Θεὸς
3364 979 3553 1048 ἡμῶν.
3571 982 3748 1034 Μετὰ

2157 1074 2344 1129 ταῦτα
2381 1073 2478 1127 ἐπὶ
2529 1071 2642 1142 τῆς
2698 1070 2812 1141 m’c
2863 1069 3052 1140 ὤφθη,
3101 1069 3366 1136 καὶτοῖς
3401 1071 3746 1139 ἀνθρώποις

2157 1163 2626 1234 συνανεστράςρη
2645 1179 2658 1194 ·
2679 1163 2772 1217 καὶ
2798 1163 2893 1217 τόο
2925 1163 3140 1230 Κύριος
3186 1161 3388 1216 ἔκτισέ
3418 1179 3498 1232 με
3537 1163 3748 1230 ἀρχὴν

2156 1254 2274 1308 τῶν
2323 1254 2479 1309 ὁδῶν
2528 1255 2714 1310 αὐτοῦ
2777 1255 2865 1321 εις
2905 1253 3052 1322 ἔργα
3092 1251 3310 1308 αὐτοῦ’
3361 1254 3457 1306 καὶ
3510 1255 3572 1306 τό
3595 1271 3614 1284 ο
3639 1257 3748 1308 Διὰ

2156 1345 2334 1401 τοῦτο
2356 1345 2565 1416 ἔχρισέ
2587 1361 2662 1400 σε
2685 1348 2719 1400 ὀ
2745 1343 2910 1411 Θεὸς,
2928 1345 2963 1398 ὁ
2990 1345 3137 1411 Θεός
3155 1331 3300 1410 σου,
3324 1344 3536 1399 ἔλαιον
3557 1346 3746 1414 ἀναι-

2156 1436 2419 1503 λιὰσεως
2471 1436 2632 1506 παρὰ
2687 1436 2830 1504 τοὺς
2869 1437 3170 1506 μετόχους
3217 1450 3358 1501 σου,
3391 1435 3491 1490 καὶ
3514 1437 3587 1491 τὰ
3624 1453 3743 1490 τοι-

2155 1545 2318 1583 αυτα.

2225 1619 2306 1672 Τὰ
2337 1619 2438 1688 μὲν
2467 1613 2565 1672 οὖν
2589 1617 2695 1690 πρδ
2721 1617 2820 1689 τῆς
2844 1618 3113 1683 ένώσεως,
3135 1617 3233 1672 καὶ
3262 1618 3403 1688 μετὰ
3420 1619 3524 1690 τὴν
3539 1618 3746 1675 ἕνωσιν

2156 1709 2244 1762 ἐπ’
2280 1709 2430 1781 αὑτῷ
2463 1709 2788 1780 λεχθήσεται
2810 1724 2826 1740 ο
2851 1709 2920 1763 τὰ
2957 1709 3017 1763 δὲ
3062 1708 3202 1780 μετὰ
3234 1709 3335 1780 τὴν
3380 1709 3602 1778 ἕνωσιν,
3633 1713 3744 1783 πρὸ

477 1802 601 1862 post
639 1795 899 1850 unionem
937 1795 1202 1852 dicuntur
1234 1817 1248 1852 :
1287 1815 1411 1869 quae
1442 1807 1626 1854 autem
1669 1801 1926 1856 unionem
1966 1815 2054 1856 se-

2163 1799 2255 1868 τῆς
2279 1799 2528 1864 ὲνώσεως
2567 1799 2840 1872 οὐδαμῶς,
2892 1799 2940 1852 εἰ
2971 1800 3169 1871 μήτιγε
3221 1801 3600 1872 προφητικῶς,
3665 1804 3742 1866 ὡς

478 1893 747 1954 quuntur,
782 1886 1199 1942 anteunionem
1244 1903 1356 1942 non
1404 1889 1566 1954 item,
1611 1890 1715 1945 nisi
1749 1890 2051 1946 secundum

477 1977 822 2047 prophetiam
845 2018 860 2042 ,
893 1983 955 2031 ιιι
984 1978 1364 2048 praediximus.
1407 1980 1477 2034 At
1508 1995 1641 2034 vero
1671 1996 1862 2036 eorum
1885 2022 1899 2047 ,
1932 1995 2055 2052 qua:

479 2069 534 2121 in
577 2067 781 2122 unione
831 2074 998 2132 sunt,
1045 2068 1242 2137 triplex
1279 2078 1364 2124 est
1407 2069 1628 2126 modus.
1681 2069 1815 2125 Nam
1856 2086 1980 2127 cum
2023 2087 2055 2128 a

481 2158 852 2227 praestantiori
892 2167 1048 2229 parte
1094 2160 1260 2216 verba
1297 2159 1564 2228 facimus,
1606 2163 1794 2219 carnis
1831 2163 2056 2219 deiﬁca-

479 2248 680 2302 tionem
703 2287 718 2311 ,
746 2254 802 2303 et
832 2249 886 2302 in
919 2247 1159 2304 Verbum
1222 2252 1656 2321 assumptionem
1678 2291 1693 2314 ,
1753 2260 1808 2307 et
1863 2269 2058 2324 super-

476 2339 898 2406 exaltationem,
947 2347 1252 2412 ceteraque
1301 2341 1355 2396 id
1387 2347 1605 2414 generis
1650 2344 1910 2410 dicimus,
1945 2359 2058 2416 quo

479 2445 613 2500 opes
675 2431 798 2486 illas
859 2431 1238 2500 declaremns‘,
1305 2450 1427 2506 quae
1481 2437 1633 2492 carni
1683 2451 1749 2491 ex
1796 2452 1893 2492 sua
1930 2453 2056 2493 eum

479 2521 881 2578 sublimissimo
933 2523 1047 2579 Deo
1094 2523 1278 2580 Verbo
1334 2526 1580 2591 unione,
1635 2527 2059 2598 arctissimaque

479 2614 874 2684 conjunctione
905 2627 1286 2672 accesserunt.
1317 2618 1454 2672 Cum
1489 2627 1671 2674 autem
1704 2619 1774 2674 ab
1804 2619 2057 2675 infcriori

479 2713 675 2775 parte,
712 2707 1151 2763 incarnationem
1190 2707 1285 2764 Dei
1323 2707 1520 2776 Verbi,
1560 2711 1925 2769 humanitatis
1965 2727 2059 2768 as-

480 2800 849 2869 sumptionem
873 2842 887 2864 ,
921 2802 1354 2857 exinanitionem
1377 2843 1392 2866 ,
1433 2813 1840 2872 paupertatem,
1869 2815 1925 2860 et
1953 2805 2059 2860 hu-

480 2891 843 2946 miliationem
866 2892 1122 2947 dicimus.
1146 2893 1274 2948 Hmc
1295 2893 1442 2948 enim
1467 2904 1518 2948 et
1544 2895 1746 2949 similia
1767 2934 1782 2958 ,
1809 2896 1880 2950 ob
1903 2911 2059 2952 suam

481 2997 608 3036 cum
661 2982 1006 3037 humanitate
1055 2984 1408 3046 mistionem,
1468 2981 1649 3037 Verbo
1704 3000 1768 3038 ac
1807 2982 1929 3040 Deo
1963 2987 2063 3041 tri—

482 3073 748 3128 buuntur.
776 3073 1018 3143 Denique
1043 3089 1166 3129 cum
1188 3075 1254 3129 de
1277 3074 1520 3143 utrisque
1541 3075 1706 3146 286
1723 3075 1886 3130 simul
1907 3077 2062 3132 nobis

481 3172 566 3220 est
593 3180 776 3218 sermo
798 3207 812 3229 ,
841 3165 1097 3220 unionem
1121 3205 1138 3231 ,
1171 3168 1615 3220 communionem
1643 3205 1657 3227 .
1695 3168 2010 3222 unctionem
2041 3206 2057 3232 ,

485 3255 788 3309 naturalem
824 3255 1183 3325 intimamque
1209 3257 1596 3312 cohaerentiam
1616 3299 1630 3320 ,
1659 3258 2060 3316 conformatio-

483 3363 608 3402 nem
637 3389 650 3414 ,
702 3339 1017 3418 ereteraque
1053 3347 1106 3403 id
1140 3349 1357 3428 generis
1390 3350 1658 3404 vocabula
1694 3360 2056 3422 usurpantur.

485 3437 568 3492 οι)
597 3439 746 3492 hunc
782 3439 952 3506 igitur
989 3425 1212 3509 tertium
1245 3440 1466 3494 modum
1497 3441 1744 3510 praedicti
1771 3443 1882 3501 duo
1912 3443 2059 3498 modi

480 3528 762 3585 dicuntur.
785 3531 887 3584 Per
916 3533 1175 3585 unionem
1199 3531 1345 3586 enim
1369 3532 1667 3597 indicatur,
1686 3526 1831 3602 quod
1856 3542 2062 3588 utrum-

481 3637 588 3690 que
613 3638 679 3675 ex
709 3637 810 3677 sua
843 3638 969 3677 cum
1000 3638 1065 3678 eo
1095 3623 1240 3694 quod
1266 3639 1374 3678 una
1406 3639 1592 3678 secum
1621 3625 1877 3689 exsistit,
1909 3640 2062 3679 com-

481 3714 833 3783 paginatione
865 3725 917 3770 et
943 3715 1474 3770 circumiiicessione
1508 3715 1768 3786 adeptum
1797 3714 1889 3770 sit.
1934 3713 2065 3772 Ete-

482 3803 596 3856 nim
631 3805 674 3836 °°
705 3805 777 3859 ob
808 3805 1067 3860 unionem
1105 3805 1412 3862 secundum
1446 3807 1816 3875 hypostasim,
1848 3813 1902 3861 et
1932 3821 2062 3862 caro

482 3894 735 3949 deiﬁcata
769 3912 831 3952 ac
868 3897 1012 3953 Deus
1059 3912 1184 3952 esse
1237 3895 1420 3961 facta,
1467 3897 1890 3967 divinitatisque
1933 3912 2061 3954 eum

483 3985 663 4041 Verbo
697 3988 849 4043 socia
881 3989 1124 4044 dicitur:
1170 3995 1224 4044 et
1263 4002 1459 4042 rursus
1489 3987 1634 4044 Deus
1664 3987 1903 4043 Verbum
1939 4001 2062 4044 car-

483 4092 606 4131 nem
635 4079 1030 4149 assumpsisse,
1053 4088 1106 4133 et
1128 4078 1292 4135 homo
1319 4076 1502 4133 factus
1521 4093 1644 4134 esse
1666 4079 1889 4145 dicitur,
1917 4093 2064 4132 crea-

483 4177 604 4218 tura
629 4166 814 4222 itidem
837 4210 852 4234 ,
874 4178 927 4222 et
958 4167 1302 4222 novissimus
1329 4167 1640 4236 appellatur
1661 4169 1740 4222 σιτ
1771 4183 1880 4222 non
1909 4166 2061 4238 quod

481 4257 603 4312 duae
650 4267 860 4313 natura:
897 4260 951 4315 in
986 4274 1153 4314 unam
1212 4265 1468 4313 naturam
1519 4259 1883 4328 compositam
1931 4274 2064 4314 con-

482 4363 654 4402 versae
682 4349 791 4403 sint
823 4350 840 4417 (
868 4349 984 4404 ﬁeri
1019 4349 1167 4406 enim
1200 4351 1394 4420 nequit
1429 4348 1496 4415 °’,
1535 4350 1591 4404 in
1619 4349 2063 4420 _una'eademque

2154 1887 2386 1961 ἔφημεν.
2414 1889 2535 1944 Τῶν
2566 1891 2624 1945 δὲ
2650 1892 2709 1945 ὲν
2732 1893 2799 1961 τῇ
2831 1888 3024 1944 ὲνώσει
3057 1889 3247 1962 τρόποι
3273 1891 3382 1944 εἰσὶ
3413 1892 3586 1962 τρεῖς.
3608 1893 3742 1944 Ὅτε

2159 1979 2260 2050 μὲν
2283 1981 2391 2052 γὰρ
2416 1983 2482 2035 ὲκ
2532 1979 2628 2035 τοῦ
2673 1981 2982 2053 κρείττονος
3025 1979 3119 2034 τὸν
3159 1980 3316 2051 λόγον
3348 1981 3663 2052 ποιούμεθα
3687 1988 3740 2049 k,

2157 2074 2351 2128 θέωσιν
2399 2072 2502 2142 τῆς
2558 2071 2780 2142 σαρκὸς,
2811 2070 2906 2124 καὶ
2944 2070 3199 2140 λόγωσιν,
3248 2071 3345 2125 καὶ
3375 2072 3742 2143 ὑπερύψωσιν

2155 2165 2407 2235 λέγομεν,
2465 2163 2560 2217 καὶ
2608 2161 2678 2218 τὰ
2733 2161 2982 2230 τοιαῦτα,
3028 2163 3120 2217 τὸν
3169 2163 3608 2234 προσγενόμενον
3669 2168 3738 2236 τῇ

2158 2256 2323 2326 σαρκὶ
2349 2253 2581 2308 πλοῦτον
2609 2255 2674 2308 ὲκ
2709 2252 2812 2324 τῆς
2843 2253 2981 2324 πρὸς
3017 2254 3111 2306 τὸν
3143 2253 3371 2323 ῠψιστον
3396 2254 3531 2308 Θεδν
3560 2256 3741 2323 Λόγον

2157 2344 2405 2410 ἑνὼσεὼς
2427 2362 2488 2398 τε
2524 2345 2619 2398 καὶ
2637 2344 2921 2414 συμφυΐας
2955 2343 3331 2414 ἐμφαίνοντες.
3367 2346 3498 2398 Ὅτε
3539 2345 3597 2398 δὲ
3631 2346 3744 2399 ἀπὸ

2155 2433 2252 2487 τοῦ
2282 2432 2587 2496 ἐλάττονος,
2617 2432 2895 2502 σάρκωσιν
2934 2430 3028 2485 τοῦ
3060 2431 3197 2486 Θεοῦ
3239 2434 3438 2501 Λόγου,
3457 2433 3741 2506 ἑνανθρώ-

2157 2540 2350 2595 πησιν,
2405 2523 2639 2577 κένωσιν
2664 2561 2680 2586 ,
2723 2522 3038 2592 πτωχείαν,
3108 2522 3471 2588 ταπείνωσιν,
3528 2524 3736 2595 φαμέν.

2158 2613 2347 2669 Ταῦτα
2377 2613 2508 2684 γὰρ,
2545 2613 2641 2667 καὶ
2663 2613 2734 2666 τὰ
2763 2611 3010 2678 τοιαῦτα,
3041 2615 3107 2666 ὲκ
3122 2615 3224 2685 τῆς
3266 2615 3402 2686 πρὸς
3452 2615 3515 2668 τὸ
3533 2616 3744 2687 ἀνθρὼ-

2160 2723 2316 2762 πινον
2337 2708 2589 2779 κράσεως
2616 2704 2934 2772 ὲπιλέγεται
2963 2702 3042 2775 τῷ
3074 2704 3236 2774 Λόγῳ
3270 2706 3366 2758 καὶ
3393 2705 3535 2776 Θεῷ.
3561 2707 3742 2758 Ὅταν

2160 2797 2218 2850 δὲ
2248 2797 2307 2864 ἐξ
2339 2798 2542 2868 ἀμφοῖν
2569 2796 2706 2868 ἅμα,
2743 2797 2960 2865 ἕνωσιν,
3008 2795 3318 2860 κοινωνίαν,
3363 2797 3563 2868 χρίσιν,
3595 2815 3742 2866 συμ-

2161 2889 2345 2958 φυΐαν,
2377 2889 2798 2960 συμμόρφωσιν,
2834 2890 2930 2943 καὶ
2957 2888 3026 2943 τὰ
3045 2888 3272 2943 τοιαῦτα
3308 2888 3612 2959 φάσκομεν.
3641 2890 3744 2943 Διὰ

2159 2979 2350 3034 τοῦτον
2375 2976 2471 3034 οὖν
2493 2981 2614 3040 τὸν.
2643 2979 2826 3052 τρίτον
2863 2979 3063 3052 τρόπον
3109 2981 3159 3033 oi
3191 2979 3622 3050 προλελεγμένοι
3645 2979 3745 3033 δύο

2163 3073 2354 3144 τρόποι
2383 3073 2653 3142 λέγονται.
2683 3073 2783 3128 Διὰ
2803 3073 2912 3144 γὰρ
2943 3072 3038 3143 τῆς
3093 3072 3338 3136 ἑνώσεως
3375 3071 3660 3142 δηλοῦται.
3689 3073 3744 3124 τί

2162 3164 2322 3236 ἔσχεν
2353 3165 2617 3236 ἑκάτερον
2646 3166 2711 3218 ὲκ
2739 3165 2838 3235 τῆς
2867 3163 2965 3217 τοῦ
3016 3163 3427 3232 συνυφεοτῶτος
3457 3162 3611 3231 αὐτῷ
3639 3164 3744 3232 ἁρ-

2163 3259 2336 3328 μογῆς
2358 3257 2453 3310 καὶ
2477 3273 2547 3311 πε
2559 3257 2923 3328 ριχωρήσεως.
2957 3254 3057 3308 Διὰ
3085 3253 3194 3325 γὰρ
3223 3253 3322 3325 τὴν
3361 3253 3481 3307 καθ’
3495 3253 3743 3307 ὑπόστα-

2162 3364 2246 3400 σιν
2289 3347 2482 3401 ἕνωσιν
2520 3348 2554 3418 ἡ
2589 3346 2725 3417 σὰρξ
2752 3345 3052 3402 τεθεῶσθαι
3079 3346 3318 3415 λέγεται,
3353 3345 3451 3399 καὶ
3483 3345 3620 3406 Θεὸς
3651 3362 3744 3413 γε.

2161 3439 2367 3503 νέσθαι,
2416 3439 2514 3492 καὶ
2564 3438 2792 3508 όμόθεος
2839 3439 2916 3510 τῷ
2970 3441 3166 3512 Δόγῳο
3203 3440 3298 3494 καὶ
3339 3441 3368 3493 ό
3412 3439 3545 3501 Θεὸς
3565 3440 3745 3506 Λόγος

2164 3530 2536 3602 σαρκωθῆναι,
2590 3531 2686 3584 καὶ
2731 3531 3018 3602 ἄνθρωπος
3063 3532 3339 3601 γενέσθαι,
3382 3531 3476 3584 καὶ
3529 3529 3745 3596 κτίσμα
3811 3565 3828 3572 ι

2161 3621 2445 3689 λέγεσθαι.
2496 3621 2592 3690 καὶ
2640 3620 2868 3690 ἔσχατος
2917 3621 3236 3676 καλεῖσθαιο
3285 3622 3383 3691 οὐχ
3409 3621 3484 3683 ὡς
3509 3620 3623 3673 τῶν
3649 3620 3746 3674 δύο

2163 3712 2381 3782 φύσεων
2412 3710 2855 3782 μεταϐληθεισῶν
2911 3713 2992 3777 είς
3042 3713 3172 3783 μίαν
3224 3713 3387 3782 φύσιν
3439 3711 3740 3766 σύνθετον·

2162 3800 2424 3855 ἀδύνατον
2463 3799 2574 3870 γὰρ
2607 3801 2664 3853 ὲν
2701 3801 2800 3871 μιᾷ
2832 3800 2994 3870 φύσει
3015 3801 3134 3872 ἅμα
3164 3801 3236 3856 τὰ
3274 3801 3496 3855 ἐναντία
3529 3801 3744 3869 φυσικά

2162 3891 2415 3960 γενέσθαι
2443 3907 2457 3921 ·
2485 3890 2602 3943 ἀλλ’
2622 3890 2699 3954 ὡς
2724 3889 2838 3944 τῶν
2873 3891 2968 3946 δύο
3008 3891 3224 3960 φύσεων
3263 3891 3387 3945 καθ’
3436 3891 3744 3945 ὑπόστασιν

2165 3980 2486 4046 ἑνωθεισῶν,
2506 3981 2602 4034 καὶ
2630 3980 2730 4051 τὴν
2757 3983 2838 4045 είς
2869 3981 3106 4053 ἀλλήλας
3138 3981 3516 4055 περιχὼρήσιν
3562 3979 3743 4048 ἀσύγ-

2164 4088 2330 4144 χυτον
2349 4071 2446 4125 καὶ
2471 4072 2848 4144 ἀμετάϐλητον
2877 4073 3141 4144 ἐχουσῶν.
3177 4073 3243 4127 Ἦ
3277 4072 3335 4126 δὲ
3361 4071 3742 4144 περιχὼρηοις

2162 4167 2262 4220 οὐκ
2287 4165 2354 4218 ὲκ
2381 4167 2482 4234 τῆς
2508 4166 2730 4235 σαρκὸς,
2752 4166 2868 4220 ἀλλ’
2906 4170 2972 4220 ἐκ
3023 4167 3125 4237 τῆς
3176 4166 3431 4229 θεότητος
3467 4165 3738 4234 γέγονεν’

2163 4255 2446 4326 ἀμήχανον
2467 4258 2577 4327 γὰρ
2604 4255 2704 4326 τὴν
2729 4256 2910 4328 σάρκα
2935 4257 3316 4327 περιχωρῆσαι
3358 4256 3448 4310 διὰ
3477 4255 3582 4325 τῆς
3617 4255 3744 4309 θεό-

2164 4363 2326 4417 τητος
2348 4364 2363 4379 °
2391 4347 2506 4400 ἀλλ’
2529 4349 2561 4418 ἡ
2605 4347 2724 4400 θεία
2752 4345 2913 4415 φύσις
2935 4346 3084 4412 ἅπαξ
3117 4346 3502 4418 περιχωροῦσα
3525 4345 3619 4398 διὰ
3643 4347 3747 4417 τῆς

485 4445 682 4492 natura
712 4439 1087 4508 proprietates
1135 4439 1420 4496 naturales
1467 4440 1614 4496 inter
1663 4455 1723 4495 se
1765 4441 2058 4495 contrariae

2164 4437 2386 4508 σαρκὸς,
2423 4437 2590 4500 ἔδωκε
2611 4437 2706 4490 καὶ
2726 4440 2790 4508 τῇ
2821 4439 2985 4509 σαρκὶ
3018 4439 3116 4508 τὴν
3157 4439 3294 4508 πρὸς
3321 4437 3526 4507 ταύτην
3561 4438 3744 4508 appr;-

484 4529 649 4583 simul
694 4530 967 4585 exsistant
995 4531 1050 4600 ),
1085 4531 1178 4586 sed
1212 4531 1339 4600 quia
1373 4531 1496 4586 duae
1519 4539 1728 4594 natura:
1758 4529 2062 4585 secundum

2172 4546 2264 4582 τον
2291 4528 2685 4600 περιχώρησιν,
2719 4529 2786 4599 ἢν
2821 4529 2884 4600 δὴ
2913 4528 3104 4582 ἕνωσιν
3130 4529 3379 4598 λέγομεν.

483 4621 820 4690 hypostasim
869 4625 1036 4678 unita:
1069 4632 1232 4689 sunt,
1284 4636 1644 4695 mutuamqne
1689 4625 1832 4680 inter
1868 4641 1928 4680 se
1961 4625 2100 4679 citra
2130 4623 2510 4678 confusionem
2552 4631 2608 4678 et
2646 4625 3122 4688 immutationem,
3159 4621 3744 4678 circumincessionem

485 4711 710 4768 habent.
745 4714 1214 4772 Circumincessio
1274 4725 1460 4772 autem
1510 4732 1621 4772 non
1656 4734 1685 4772 a
1721 4732 1928 4780 carne,
1968 4717 2062 4773 sed
2104 4730 2134 4769 a
2168 4715 2460 4770 divinitate
2492 4717 2738 4785 profecta
2789 4724 2896 4772 est.
2948 4715 3138 4785 Neque
3177 4716 3322 4770 enim
3363 4714 3477 4768 ﬁeri
3519 4715 3745 4786 possit,

484 4807 544 4852 ut
576 4815 706 4856 caro
740 4802 1083 4858 divinitatem
1122 4804 1528 4870 circumvadat,
1581 4821 1771 4860 verum
1801 4805 1986 4860 divina
2043 4813 2238 4858 natura
2297 4805 2464 4860 semel
2493 4819 2714 4859 carnem
2757 4807 3118 4874 permeando,
3158 4806 3312 4860 carni
3347 4819 3566 4876 quoque
3603 4819 3749 4862 con-

485 4890 644 4956 tulit,
673 4901 732 4946 ut
753 4893 820 4948 ad
847 4910 908 4949 se
933 4893 1100 4950 modo
1127 4895 1365 4965 quodam
1393 4895 1655 4951 ineffabili
1685 4905 2057 4952 eommearet:
2097 4897 2244 4968 quod
2278 4897 2494 4964 quidem
2530 4912 2631 4952 nos
2661 4898 2922 4953 unionem
2953 4899 3210 4954 dicimus.

556 4983 690 5049 Qua:
730 5002 849 5039 cum
897 4988 1312 5056 reciprocatione
1370 4989 1640 5054 dicantur.
1667 4989 2059 5046 —-Sciendum

487 5087 670 5132 autem
701 5085 787 5133 est
807 5119 822 5145 ,
855 5077 911 5132 in
944 5079 1123 5148 primo
1151 5090 1205 5136 et
1233 5083 1477 5138 secundo
1501 5099 1701 5154 genere
1723 5098 1914 5139 eorum
1939 5097 2060 5154 qua:

2250 4990 2444 5043 ’ἰστέον
2468 4991 2546 5055 δὲ,
2568 4991 2642 5054 ὡς
2661 4991 2754 5045 ἐπὶ
2771 4989 2867 5043 τοῦ
2891 4987 3108 5060 πρώτου
3136 4989 3232 5042 καὶ
3255 4988 3512 5060 δευτέρου
3527 4987 3746 5059 τρόπου

2163 5081 2274 5136 τῶν
2305 5083 2366 5134 ἐν
2395 5083 2459 5152 τῇ
2494 5079 2709 5143 ἑνὼσει,
2737 5078 2797 5133 τὺ
2847 5079 3118 5132 ἀνάπαλιν
3157 5079 3475 5150 θεωρεῖταιο
3507 5080 3596 5132 ὅτε
3629 5079 3747 5151 γὰρ

559 5233 605 5307 δέ
631 5231 951 5307 Psal.__xt.lx,
984 5238 1037 5292 '5.
1113 5237 1159 5270 ⁵⁸
1177 5237 1345 5294 Zach.
1372 5255 1447 5307 ix,
1478 5240 1531 5295 9.
1608 5239 1654 5272 ⁸⁸
1689 5238 1851 5294 Micll.
1878 5254 1914 5298 1.
1935 5239 1989 5293 5-

2163 5236 2356 5290 Iaruch
2389 5239 2578 5302 "1,38.
2653 5213 2702 5272 ’ἶ
2732 5239 2895 5294 Prov.
2921 5253 3042 5302 vui,
3062 5233 3154 5291 22.
3183 5237 3228 5270 ⁸⁹
3251 5235 3396 5292 Psal.
3429 5249 3662 5304 nunt,
3686 5235 3745 5293 8.

490 5303 534 5332 ‘°
561 5301 723 5376 Greg.
763 5303 898 5363 Νη.
939 5301 1098 5363 οῖσι.
1133 5308 1240 5376 59.,
1301 5309 1344 5340 ⁸⁸
1370 5301 1474 5365 lsa.
1504 5324 1660 5375 um,
1688 5311 1741 5364 5.
1819 5309 1863 5340 ⁸³
1891 5309 2090 5379 Supra.
2118 5305 2215 5362 lib.
2258 5321 2336 5371 tu,
2366 5323 2489 5379 cap.
2529 5310 2586 5362 2.

1765 5458 1996 5514 \ARI/E
2036 5458 2437 5516 LECTIONES.

567 5611 588 5650 ι
618 5610 750 5686 Reg,
789 5611 955 5686 54:47,
992 5626 1046 5670 et
1071 5613 1230 5670 Colb.
1267 5614 1684 5686 Graeco-Latino
1715 5613 1747 5684 ἧ
1778 5611 1884 5686 γὰρ
1906 5615 1971 5686 ἐκ
2005 5612 2269 5686 μείζονος,
2330 5613 2363 5683 ἢ

498 5679 811 5752 ποιούμέθα.
847 5683 1045 5740 Eadem
1074 5699 1239 5754 supra
1276 5685 1472 5741 lineam
1517 5679 1771 5754 leguntur
1790 5679 1866 5739 'in'
1912 5679 2068 5739 Col’b.
2127 5683 2285 5751 1559,
2319 5679 2372 5738 et
2397 5683 2448 5737 in
2482 5698 2576 5738 ora
2613 5679 2765 5754 Regii
2799 5681 2959 5738 2427.

2419 5613 2526 5666 ἀπὸ
2560 5612 2654 5686 τοὲ
2684 5611 2986 5686 ﬂatantes.
3039 5612 3074 5686 ἢ
3123 5612 3186 5680 εξ
3237 5612 3440 5683 ἀμφοῖν
3458 5608 3554 5667 τδν
3575 5607 3752 5682 λεγειν
