3926 6292
182 260 317 327 1185

1232 260 1331 319 DE
1369 259 1547 319 FIDE
1585 255 2049 317 OBTHODOXA
2083 256 2230 315 LIB.
2263 255 2359 316 IV.

3285 249 3422 314 1186

175 373 300 442 περὶ
329 372 429 441 τῆς
457 371 656 443 σαρκὸς
680 372 769 425 τὸν
813 371 971 441 λόγον
1018 372 1339 443 ποιούμεθα,
1373 374 1569 426 θέωσιν
1590 412 1603 434 ,
1653 373 1741 424 καὶ

1858 385 1901 423 ιιι
1935 370 2138 423 unione
2166 369 2305 423 fiunt
2326 408 2340 432 ,
2369 365 3258 438 reciprocationem“considerari.
3284 365 3421 420 Nam

172 462 425 529 λόγωσιν,
455 468 547 515 καὶ
564 463 937 533 ὑπερύψωσιν,
956 464 1050 517 καὶ
1069 464 1251 533 χρίσιν
1269 465 1466 533 φαμέν.
1486 463 1619 515 Ἀπὸ
1650 464 1747 532 μὲν

171 549 280 618 γὰρ
298 551 394 619 τῆς
415 550 664 621 θεότητος
680 550 873 615 ταῦτα,
893 552 1020 620 περὶ
1043 551 1101 604 δὲ
1117 550 1215 622 τὴν
1238 552 1415 621 σάρκα
1434 551 1743 620 θεωρεῖται.

175 639 303 691 Ὅτε
335 637 426 692 ιδὲ
447 640 686 711 περὶτοῦ
717 640 915 708 Λόγου,
968 639 1214 704 κένωσιν,
1243 640 1537 710 σάρκωσιν,
1594 642 1748 692 ἐναν-

174 727 476 799 θρὼπησιν,
532 731 881 797 ταπείνωσιν,
914 731 1011 785 καὶ
1061 730 1130 782 τὰ
1176 728 1435 782 τοιαῦτα*
1472 728 1629 782 ἅτινα
1672 728 1748 791 ὼς

170 818 401 889 ἔφημεν,
430 823 495 874 ὲκ
524 825 622 894 τῆς
645 823 844 893 σαρκὸς
878 823 1189 891 ὲπιλέγεται
1238 821 1318 891 τῷ
1355 821 1515 891 Λόγῳ
1550 838 1609 873 τε
1651 820 1748 872 καὶ

171 906 290 978 Θεῷ
315 925 328 939 ·
362 911 523 973 αὐτὸς
556 911 667 981 γὰρ
692 910 866 965 ταῦτα
892 912 1184 979 ὑπέμεινεν
1207 909 1371 964 ἑκών.

1852 473 1979 512 cum
2013 458 2081 512 de
2109 471 2277 511 carne
2307 473 2618 513 sermonem
2650 458 2941 523 habemus,
2971 454 3378 511 deilicationem
3406 498 3420 516 ,

1852 556 1908 602 et
1938 547 2377 616 assumptionem
2422 548 2487 601 ad
2523 546 2759 601 Verbum
2785 587 2799 612 ,
2833 544 3422 615 superexaltationem-

1851 654 1959 708 que
1993 646 2047 693 et
2078 639 2396 693 unctionem
2431 638 2690 693 dicimus.
2730 639 2852 692 llaec
2887 638 3031 692 enim
3067 652 3094 688 a
3132 635 3423 689 divinitate

1852 728 2300 798 prociliscuntur,
2363 735 2417 781 et
2480 728 2628 782 circa
2695 742 2915 781 carnem
2977 725 3421 781 considerantur.

1852 818 2070 874 Rursus
2093 858 2108 882 ,
2140 834 2269 873 cum
2306 819 2372 873 de
2406 817 2587 873 Verbo
2620 820 2913 888 loquimur,
2948 818 3381 872 exinanitionem
3403 854 3418 878 ,

1852 909 2330 975 incarnationem,
2395 909 2885 968 humanationem.
2943 908 3420 969 humiliationem,

174 1008 229 1053 et
266 1001 470 1056 similia
494 1003 762 1056 vocabula
791 1002 1154 1057 adhibemus:
1185 1018 1308 1071 qua:
1333 1000 1595 1072 quidem,
1633 1008 1693 1054 ut
1725 1000 2001 1066 diximus,
2054 1015 2220 1055 carne
2270 1000 2337 1055 ad
2388 999 2627 1055 Verbum
2677 1014 2740 1054 ac
2787 998 2955 1054 Deum
2992 999 3420 1054 transferuntur.

173 1094 297 1163 Ipse
325 1098 470 1151 enim
504 1098 655 1151 istaec
683 1108 878 1165 sponte
907 1098 1189 1152 sustinuit.

130 1234 145 1239 -
241 1191 365 1243 Τῶν
393 1190 451 1242 δὲ
484 1188 621 1258 μετὰ
648 1187 747 1256 τὴν
764 1172 958 1239 ἓνωςῗιν
980 1186 1171 1257 τρόποι
1189 1187 1297 1239 εἰσὶ
1321 1190 1470 1257 τρεῖς
1490 1202 1503 1216 ·
1530 1184 1747 1255 πρῶτος

170 1286 202 1335 6
229 1285 331 1352 τῆς
364 1281 515 1342 Θείας
542 1280 758 1347 φύσεως
785 1278 1103 1347 δηλωτικὸς,
1153 1278 1227 1342 ὡς
1275 1272 1363 1330 τόν
1402 1277 1550 1346 Ἐγὼ
1571 1278 1640 1329 ἐν
1667 1276 1748 1342 τῷ

170 1374 379 1439 Harp},
410 1370 508 1424 καὶ
530 1372 563 1423 d
596 1368 798 1437 Πατὴρ
817 1370 885 1421 ἐν
907 1369 1040 1436 ἐμοί
1062 1384 1076 1397 ·
1101 1368 1194 1420 καί
1214 1384 1227 1397 ’
1265 1368 1412 1437 Ἐγὼ
1438 1368 1535 1421 καί
1567 1371 1599 1421 ό
1628 1370 1747 1420 Πα-

170 1466 286 1531 τὴρ
324 1462 396 1515 ἓν
442 1462 657 1528 ἐσμενο
695 1460 789 1513 καὶ
838 1459 1017 1513 πάντα
1053 1459 1153 1511 ὅσα
1186 1459 1291 1528 πρὸ
1328 1458 1427 1526 τῆς
1459 1458 1748 1529 ἀνθρωπή-

174 1572 317 1617 σεως
340 1551 489 1622 αύτῷ
519 1550 852 1618 ὲπιλέγεται,
909 1549 1097 1621 ταῦτα,
1134 1550 1230 1602 καὶ
1275 1549 1413 1619 μετά
1451 1550 1549 1618 τὴν
1591 1551 1747 1601 ὲναν-

173 1647 463 1717 θρώπησιν
487 1644 635 1715 αὐτῷ
667 1643 1106 1713 ἐπιλεχθήσεται,
1132 1643 1270 1713 πλὴν
1298 1643 1391 1696 τοῦ
1425 1645 1499 1713 μὴ
1530 1640 1746 1712 εἰληφέ-

170 1757 262 1791 ναι
301 1739 511 1809 σάρκα,
532 1735 622 1789 καὶ
652 1734 720 1788 τὰ
744 1733 916 1802 αὐτῆς
949 1734 1173 1802 φυσικά.

238 2003 526 2072 Δεύτερος,
550 2002 578 2053 6
606 2000 706 2069 τῆς
729 1998 1098 2069 ἀνθρωπίνης,
1126 1997 1202 2061 ὡς
1223 1998 1282 2050 τό
1302 2014 1315 2026 ·
1356 1997 1414 2050 Τί
1431 2013 1507 2064 με
1526 1995 1749 2063 ζητεῖτε

164 2093 542 2156 ἀποκτεῖναι,
594 2092 930 2159 ἄνθρωπον,
961 2089 1031 2156 ὃς
1066 2089 1183 2157 τὴν
1216 2090 1504 2155 ἀλήθειαν
1540 2090 1682 2158 ὑμῖν
1708 2099 1747 2127 ιιι

167 2184 516 2251 λελάληκα·
541 2184 635 2235 καὶ
651 2183 714 2235 τό
738 2199 753 2213 ι
787 2181 951 2235 Οὕτω
982 2181 1079 2234 δεῖ
1100 2179 1416 2249 ὑψωθῆναι
1454 2181 1561 2235 τόν
1612 2182 1747 2236 Υἱὸν

164 2274 276 2327 τοῦ
304 2272 642 2340 ἀνθρώπου,
678 2272 770 2325 καὶ
800 2271 866 2324 τὰ
890 2270 1136 2324 τοιαῦτα.

237 2447 463 2501 Τούτων
489 2447 546 2499 δὲ
594 2446 701 2499 τῶν
730 2444 1213 2516 ἀνθρωποπρεπῶς
1248 2446 1339 2497 ἐπὶ
1372 2444 1466 2497 τοῦ
1492 2445 1748 2516 Σωτῆρος

163 2539 415 2611 Χριστοῦ
438 2538 745 2607 λεγομένων
763 2538 857 2591 καὶ
888 2536 1316 2607 γεγραμμένων,
1340 2538 1448 2589 εἴτε
1482 2540 1538 2589 ὲν
1567 2538 1746 2607 ῥήμα-

164 2647 276 2693 σιν,
304 2628 417 2681 εἴτε
444 2630 501 2679 ἐν
536 2628 877 2696 πράγμασιν,
910 2626 1103 2696 τρόποι
1142 2626 1247 2677 εἰσὶ
1295 2623 1371 2688 ἕξ.
1401 2624 1480 2676 Τά
1514 2625 1609 2693 μὲν
1639 2623 1747 2693 γὰρ

160 2720 355 2773 αὐτῶν
391 2718 531 2771 κατὰ
581 2719 739 2786 φύσιν
792 2715 1158 2786 οἰκονομικῶς
1216 2712 1532 2783 πέπρακταί
1564 2730 1621 2765 τε
1656 2715 1748 2766 καὶ

160 2810 460 2862 λέλεκται·
485 2802 595 2860 οἷον
627 2809 656 2860 6
683 2808 746 2858 ὲκ
780 2806 1058 2877 Παρθένου
1110 2804 1286 2867 τόκος,
1317 2804 1351 2872 ἡ
1382 2802 1503 2856 καθ’
1530 2803 1747 2872 ἡλικίαν

154 2898 408 2969 αὔξησίς
434 2915 494 2950 τε
525 2899 619 2951 καὶ
644 2898 917 2968 προκοπὴ,
959 2897 993 2965 ἡ
1042 2897 1221 2958 πεῖνα,
1251 2896 1284 2963 ἡ
1310 2893 1460 2963 δίψα,
1500 2896 1528 2948 6
1558 2894 1744 2958 κόπος,

160 2991 230 3042 τὸ
255 2989 522 3058 δάκρυον,
563 2989 591 3039 6
622 2986 807 3048 ὕπνος,
826 2988 859 3055 ἡ
889 2984 996 3038 τῶν
1030 2986 1174 3056 ἥλων
1199 2987 1413 3055 τρῆσις,
1437 2986 1465 3038 6
1494 2983 1743 3047 θάνατος,

156 3080 260 3134 καὶ
310 3078 386 3131 τὰ
433 3076 674 3140 τοιαῦτα,
734 3078 834 3130 ὅσα
885 3076 1091 3144 φυσικά
1120 3076 1217 3130 καὶ
1254 3074 1555 3146 ἀδιάὅλητα
1599 3075 1743 3144 πάθη

156 3172 538 3240 ὑπάρχουσιν.
587 3170 675 3221 Ἐν
723 3169 935 3231 τούτοις
963 3167 1073 3237 γὰρ
1102 3166 1273 3221 ἅπασι
1304 3167 1450 3237 μίξις
1503 3166 1602 3237 μέν
1631 3169 1747 3231 ἐστι
1773 3148 1815 3207 C

152 3263 255 3317 τοῦ
284 3260 441 3313 θείου
473 3263 607 3330 πρὸς
639 3259 701 3311 τὸ
740 3258 1100 3329 ἀνθρώπινον,
1165 3258 1304 3329 πλὴν
1360 3258 1455 3311 τοῦ
1497 3258 1748 3328 σώματος

152 3352 395 3422 ἀληθῶς
448 3347 586 3405 εἶναι
637 3350 979 3413 πιστεύεται,
1025 3342 1178 3403 οὐδὲν
1228 3350 1438 3403 τούτων
1478 3350 1572 3403 τοῦ
1600 3350 1746 3403 θείου

150 3449 505 3515 πάσχοντος,
536 3442 602 3496 δι’
628 3442 811 3496 αὐτῶν
830 3442 888 3496 δὲ
909 3444 1009 3513 τὴν
1034 3440 1191 3514 ἡμῶν
1211 3441 1620 3514 οἱκονομοῦντος
1645 3460 1748 3495 σω-

148 3556 224 3609 τη
234 3538 394 3609 ρίαν.

229 3710 321 3762 Τά
376 3706 440 3760 δὲ
486 3706 626 3759 κατά
672 3705 1056 3777 προσποίησιν,
1085 3702 1196 3758 οἷον
1242 3704 1303 3758 τὸ
1347 3706 1588 3776 ἐρωτᾷνο
1626 3706 1750 3761 Ποῦ

151 3799 478 3855 τεθείκατε
532 3794 830 3863 Λάζαρον;
881 3796 910 3847 6
959 3796 1054 3848 ἐπὶ
1100 3796 1202 3866 τὴν
1247 3796 1416 3867 συκῆν
1441 3796 1660 3865 δρόμος,
1689 3797 1751 3850 τὸ

151 3886 529 3949 ὑποδύεσθαι,
563 3887 730 3957 ἦγουν
758 3886 1155 3956 ,ύπαναχωρείν
1176 3903 1190 3918 ⁸
1240 3888 1273 3957 ή
1317 3886 1615 3956 προσευχὴ,
1645 3886 1703 3939 τό
1732 3901 1747 3917 ’

152 3976 678 4048 Προσεποιήσιιτο
729 3975 1074 4044 ποῤῥωτέρω
1123 3977 1481 4044 πορεύεσθαι
1503 3991 1517 4005 ·
1548 3976 1751 4029 τούτων

152 4074 273 4143 γὰρ
328 4069 435 4123 καὶ
479 4067 588 4120 τῶν
633 4068 1051 4139 παραπλησίων,
1082 4060 1204 4121 οὔτε
1231 4066 1307 4131 ὡς
1336 4066 1486 4131 Θεὸς,
1522 4067 1644 4120 οὔτε
1676 4068 1753 4133 ὡς

152 4165 471 4235 ἄνθρωπος
515 4159 735 4233 ἔχρῃζε,
768 4160 907 4229 πλὴν
934 4158 1421 4229 ἀνθρωποπρεπῶς
1453 4159 1752 4229 ἐσχηματί-

152 4258 309 4319 ζετο,
346 4252 496 4324 πρὸς
538 4252 677 4322 ὅπερ
704 4254 737 4322 ἡ
770 4251 950 4322 χρεία,
983 4250 1079 4303 καὶ
1104 4251 1163 4305 τὸ
1189 4251 1464 4314 λυσιτελὲς
1508 4249 1707 4321 ἀπῄτει
1735 4266 1748 4279 ’

151 4342 273 4401 οἷον
313 4346 426 4415 τὴν
464 4342 795 4413 προσευχὴν,
822 4342 910 4396 διὰ
936 4341 997 4395 τὸ
1026 4341 1218 4408 δεῖξαι,
1247 4342 1323 4404 ὼς
1351 4342 1452 4395 οὐκ
1478 4341 1624 4395 ἔστιν
1656 4343 1753 4395 ἀν-

148 4439 366 4501 τίθεος,
410 4436 495 4498 ὡς
524 4436 619 4487 καὶ
645 4434 824 4488 αἰτίαν
860 4434 1055 4488 ἑαυτοῦ
1088 4433 1263 4533 τιμῶν
1291 4434 1382 4487 τὸν
1410 4436 1659 4504 Πατέρα⁶
1690 4433 1752 4487 τὺ
1782 4475 1828 4533 D

149 4528 409 4599 ἐρωτᾷν,
445 4525 553 4577 οὐκ
590 4523 823 4591 ἀγνοῶν,
873 4523 987 4577 ἀλλ’
1017 4523 1104 4575 ἴνα
1142 4521 1311 4593 δείξῃ,
1342 4523 1417 4586 ὡς
1453 4523 1594 4575 κατά
1618 4523 1752 4592 ἀλή-

151 4618 314 4671 θειάν
368 4617 531 4668 ἐστιν
574 4613 881 4684 ἄνθρωπος,
920 4613 1060 4683 μετά
1113 4612 1207 4666 τοῦ
1262 4607 1401 4666 εῖναι
1427 4622 1454 4649 ιι
1487 4612 1618 4676 Θεύς
1641 4628 1657 4641 ·
1692 4612 1755 4665 τὸ

149 4708 592 4778 ὑπαναχωρεῖν,
628 4704 715 4758 ἵνα
769 4704 953 4777 διδάξῃ
1005 4705 1080 4776 μὴ
1132 4703 1563 4775 προπετεύεσθαι
1618 4705 1754 4775 μηδ’

147 4798 395 4860 ἑαυτοὺς
435 4793 771 4864 προδιδόναι.

226 4991 314 5043 Τά
372 4989 431 5040 δὲ
482 4986 606 5039 κατ’
637 4985 905 5038 οἰκείωσιν
934 4984 1029 5038 καὶ
1073 4970 1371 5056 ἀναφορὰν,
1401 4987 1475 5051 ὡς
1515 4988 1609 5042 τόο
1646 4989 1751 5043 Θεό

142 5098 295 5150 μου,
337 5076 456 5132 Θεέ
504 5093 645 5143 μου,
678 5075 777 5128 Tra
809 5075 867 5127 τι
907 5092 986 5143 με
1032 5075 1455 5144 ἐγκατέλιπες;
1509 5078 1603 5133 καὶ
1650 5079 1749 5133 τόο

1927 1180 2057 1245 Post
2088 1183 2333 1235 unionem
2381 1181 2570 1250 triplex
2610 1180 3019 1251 genus.—Jam
3063 1196 3189 1234 vero
3231 1195 3420 1234 eorum

1847 1284 1968 1339 qua:
1989 1270 2243 1323 unionem
2274 1280 2460 1323 secuta
2493 1280 2644 1334 sunt,
2673 1279 2782 1324 tres
2813 1280 2941 1325 sunt
2968 1270 3135 1322 modi.
3182 1268 3417 1330 Primus.

1847 1376 1956 1428 quo
1983 1360 2166 1413 divina
2197 1369 2390 1414 natura
2420 1361 2757 1424 declaratur,
2782 1360 3095 1428 cujusmodi
3126 1369 3207 1413 est
3241 1359 3373 1413 i!lud
3402 1377 3416 1413 :

1849 1450 1961 1518 Ego
1986 1452 2037 1503 in
2066 1452 2251 1512 Patre,
2280 1460 2330 1504 et
2352 1450 2513 1504 Pater
2545 1452 2599 1503 in
2630 1468 2709 1504 me
2736 1462 2813 1504 est
2836 1451 2900 1503 ⁸³.
2932 1451 2997 1503 Et
3025 1451 3154 1502 illud
3183 1468 3195 1503 :
3233 1446 3343 1518 Ego
3372 1458 3420 1500 et

1847 1540 2011 1595 Pater
2038 1558 2194 1594 unum
2224 1558 2405 1594 sumus
2439 1543 2505 1596 ⁸⁸.
2542 1545 2620 1594 Ac
2652 1541 2889 1609 denique
2918 1542 3096 1593 omnia
3126 1556 3247 1609 quae
3294 1547 3421 1593 ante

1849 1634 2210 1688 humanitatis
2250 1634 2687 1702 assumptionem
2720 1633 2787 1687 de
2817 1647 2883 1686 eo
2930 1631 3210 1695 dicuntur,
3252 1632 3417 1684 etiam

1847 1734 1970 1794 post
2003 1732 2339 1793 assumptam
2376 1724 2775 1777 humanitatem
2813 1723 3069 1776 dicentur
3100 1738 3113 1785 ;
3159 1736 3268 1773 uno
3318 1722 3420 1774 hoc

1773 1816 2108 1883 Bexcepto,
2159 1817 2305 1885 quod
2354 1816 2599 1870 nondum
2653 1822 3033 1883 assumpserat
3088 1806 3311 1867 carnein
3364 1819 3419 1866 et

1851 1906 2037 1961 carnis
2068 1908 2347 1964 naturales
2376 1909 2765 1978 proprietates.

1922 1997 2249 2061 Secundus,
2284 2014 2394 2067 quo
2432 2010 2630 2052 natura
2670 1998 2909 2051 humana
2958 1997 3270 2050 insinuatur
3302 2012 3317 2060 ;
3360 2001 3419 2048 ut

1849 2090 1903 2144 in
1930 2090 2022 2144 illo
2054 2090 2176 2143 loco
2202 2108 2215 2142 :
2254 2089 2393 2153 Quid
2424 2106 2502 2143 me
2523 2090 2767 2157 quaeritis
2802 2089 3126 2156 interﬁcere,
3157 2088 3418 2140 hominem

1846 2183 1933 2251 qui
1964 2172 2251 2235 ueritatem'
2271 2180 2475 2233 locutus
2505 2197 2621 2232 sum
2657 2182 2798 2233 vobis
2831 2180 2921 2232 “'2
2955 2179 3018 2231 Et
3046 2181 3101 2232 in
3134 2180 3242 2232 isto
3273 2197 3285 2231 :
3322 2175 3413 2230 Ita

1845 2269 2074 2323 exaltari
2126 2276 2327 2336 oportet
2380 2266 2581 2320 Filium
2628 2269 2855 2321 hominis
2899 2268 2966 2332 ⁸⁸,
2998 2276 3051 2321 et
3084 2267 3189 2319 alia
3228 2266 3419 2332 hujus-

1849 2360 2017 2413 modi.

1919 2452 2215 2520 Sextuplea;
2244 2452 2428 2505 modus
2466 2468 2647 2505 eorum
2682 2467 2797 2521 qua:
2830 2452 2891 2504 de
2922 2450 3135 2507 Christo
3170 2452 3416 2507 humani-

1850 2552 1931 2596 tus
1964 2552 2079 2609 post
2125 2544 2369 2595 unionem
2404 2544 2670 2595 dicuntur.
2704 2574 2773 2582 —
2808 2542 3013 2596 Horum
3055 2560 3253 2611 porro,
3294 2561 3417 2614 qua:

1848 2632 2090 2687 humano
2116 2648 2267 2687 more
2294 2634 2360 2686 de
2386 2633 2667 2688 Salvatore
2688 2633 2910 2688 Christo
2937 2636 3324 2703 praedicantur,
3352 2653 3416 2692 ac

1849 2722 2054 2791 scripta
2092 2732 2261 2784 sunt,
2300 2722 2417 2777 sive
2454 2723 2633 2786 dicta,
2672 2724 2787 2777 sive
2820 2732 2974 2793 gesta
3012 2723 3247 2789 fuerint,
3290 2741 3415 2781 sex-

1849 2811 2031 2880 tuplex
2060 2818 2145 2866 est
2174 2800 2393 2866 moﬁdus.
2417 2811 2673 2876 Quazdam
2696 2814 2839 2866 enim
2867 2829 2933 2868 ex
2963 2815 3070 2869 illis
3096 2817 3417 2870 naturaliter

1848 2905 2059 2957 ratione
2087 2905 2275 2957 carnis
2301 2911 2597 2972 assumpta:
2623 2904 2763 2959 facta
2789 2905 3045 2976 dictaque
3069 2916 3195 2961 sunt
3224 2924 3241 2961 :
3270 2910 3416 2963 velut

1849 3000 2040 3062 partus
2075 3008 2141 3047 ex
2181 2991 2441 3063 Virgine,
2475 3002 2642 3065 atque
2674 2995 2854 3055 aetatis
2890 2996 3290 3052 incrementum
3313 3039 3328 3063 ,
3363 3009 3417 3053 et

1848 3082 2128 3151 profectus
2154 3099 2169 3148 ;
2198 3081 2371 3137 fames
2400 3084 2528 3138 item
2556 3125 2571 3148 ,
2601 3094 2655 3139 et
2685 3086 2829 3149 sitis.
2860 3086 3199 3158 defatigatio,
3233 3090 3415 3161 Iacry-

1849 3187 1979 3237 mae,
2012 3187 2273 3238 somnus,
2312 3174 2596 3229 clavorum
2630 3174 2804 3231 ﬁxura
2825 3217 2841 3241 ,
2868 3194 3052 3243 mors,
3084 3180 3301 3251 aliaque
3334 3183 3416 3237 si-

1847 3263 2019 3329 milia,
2042 3279 2163 3334 qua:
2184 3266 2468 3321 naturales
2489 3274 2543 3321 et
2566 3266 2856 3337 inculpatae
2880 3271 3166 3338 passiones
3190 3280 3320 3326 sunt
3347 3273 3412 3328 ⁸⁷.

1846 3351 1905 3407 In
1943 3353 2029 3409 his
2063 3356 2210 3410 enim
2254 3356 2513 3412 omnibus
2554 3366 2639 3412 est
2671 3358 2870 3413 divina:
2901 3368 3112 3414 natura:
3146 3377 3272 3416 cum
3310 3363 3414 3416 hu-

1848 3460 2012 3499 mana
2041 3446 2405 3515 coniunctio;
2441 3449 2541 3503 etsi
2570 3452 2823 3520 corporis
2856 3466 2922 3505 ea
2970 3467 3097 3507 vere
3129 3468 3252 3509 esse
3294 3470 3418 3509 cre-

1847 3536 2094 3592 duntur:
2133 3537 2336 3607 quippe
2367 3553 2491 3593 cum
2527 3538 2789 3595 divinitas
2822 3541 2961 3595 nihil
3028 3542 3227 3597 horum
3296 3560 3419 3613 per-

1848 3628 2070 3695 tulerit,
2101 3630 2194 3684 sed
2227 3645 2323 3699 per
2362 3646 2424 3685 ea
2456 3632 2688 3686 salutem
2724 3633 2876 3687 nobis
2905 3635 3239 3701 procurarit.

1920 3712 2081 3791 287
2122 3719 2378 3787 Quaedam
2419 3722 2656 3792 ﬁngendi
2690 3724 2883 3791 modo,
2915 3732 2974 3779 ut
3007 3740 3131 3781 cum
3163 3726 3416 3783 Christus

1850 3811 1916 3866 de
1946 3809 2151 3865 Lazaro
2191 3814 2385 3881 quaerit
2415 3832 2429 3867 :
2482 3812 2582 3867 Ubi
2616 3816 2868 3884 posuistis
2901 3832 3020 3870 eum
3056 3818 3100 3850 “
3125 3818 3148 3871 ?
3178 3818 3310 3873 Cum
3341 3822 3409 3875 ad

1852 3899 2138 3955 ﬁculneam
2193 3903 2372 3974 pergit
2400 3902 2444 3935 ⁸³
2480 3921 2494 3969 ;
2542 3919 2665 3957 cum
2705 3920 2765 3961 se
2799 3905 3060 3961 subducit
3098 3910 3165 3972 το,
3206 3918 3414 3965 etcum

1851 3999 1971 4046 orat
1997 3992 2074 4046 τις
2108 3993 2237 4047 item
2267 4009 2390 4048 cum
2425 3995 2577 4066 ﬁngit
2605 4011 2663 4051 se
2693 3997 2909 4067 longius
2942 3999 3021 4054 ire
3055 4001 3118 4054 τ’.
3148 4000 3242 4057 His
3270 4003 3413 4057 enim

1851 4095 1917 4134 ac
1946 4081 2242 4147 similibus,
2272 4099 2450 4153 neque
2477 4093 2536 4139 ut
2562 4085 2730 4150 Deus,
2766 4103 2943 4158 neque
2976 4097 3037 4144 ut
3067 4090 3252 4151 homo.
3278 4107 3416 4161 opus

1852 4170 2132 4227 habebat:
2178 4189 2365 4228 verum
2417 4176 2658 4231 humano
2708 4193 2858 4235 more
2908 4181 3013 4237 hoc
3051 4184 3414 4251 praztexebat,

1852 4264 1997 4334 quod
2038 4251 2343 4320 necessitas
2377 4275 2541 4337 atque
2573 4270 2787 4325 utilitas
2818 4274 3173 4341 exposcebat.
3194 4274 3270 4330 Ex
3304 4292 3413 4347 gr..

1853 4354 2057 4409 idcirco
2089 4358 2440 4425 precabatur,
2488 4368 2547 4413 ut
2591 4376 2652 4416 se
2697 4362 2924 4418 minimc
2972 4363 3084 4420 Deo
3134 4367 3416 4424 adversari

1853 4446 2167 4501 ostenderet
2203 4447 2279 4514 ";
2324 4455 2491 4518 utque
2540 4448 2838 4517 Patrem”,
2886 4454 3136 4511 velutsui
3168 4472 3414 4523 causam,

1854 4537 2062 4592 honore
2116 4538 2376 4595 alliceret.
2426 4541 2832 4614 lnterrogabat,
2865 4560 2975 4600 non
3008 4550 3155 4617 quod
3189 4550 3415 4620 ignarus

1859 4635 2026 4694 esset,
2050 4627 2145 4683 sed
2177 4637 2237 4683 ut
2259 4646 2338 4695 se,
2361 4647 2485 4685 cum
2513 4648 2578 4689 eo
2599 4638 2742 4703 quod
2768 4636 2910 4694 Deus
2933 4642 3218 4706 manebat,
3244 4642 3416 4698 humi-

1854 4730 1977 4770 nem
2008 4731 2225 4787 quoque
2253 4734 2382 4775 vere
2412 4737 2535 4777 esse
2568 4724 2993 4782 demonstraret.
3028 4728 3152 4785 "me
3184 4731 3415 4802 denique

1854 4806 1956 4877 ipsi
1991 4822 2157 4863 causa
2192 4813 2480 4866 secedendi
2517 4825 2669 4878 erat,
2702 4826 2760 4870 ut
2791 4834 2892 4874 nos
2921 4818 3140 4877 doceret
3172 4824 3416 4891 pericula

1852 4905 2057 4953 temere
2082 4914 2193 4955 non
2222 4902 2374 4957 adire
2393 4944 2408 4967 ,
2439 4920 2541 4960 nec
2569 4922 2671 4964 nos
2703 4910 2853 4979 ipsos
2886 4910 3030 4965 ultro
3059 4913 3313 4981 prodere.

1927 4987 2184 5054 Quaedam
2212 5007 2409 5050 rursus
2438 4995 2720 5065 dicuntur,
2749 5017 2844 5070 per
2873 5003 3294 5061 vindicationem
3320 5047 3335 5071 ,
3362 5014 3417 5061 et

1857 5081 2203 5151 relationem,
2261 5094 2323 5141 ut
2357 5087 2490 5143 illud
2521 5107 2534 5144 :
2567 5089 2708 5147 Deus
2744 5110 2887 5149 meus
2908 5136 2923 5161 ,
2971 5094 3111 5151 Deus
3154 5113 3328 5162 meus,
3359 5107 3416 5150 ut

225 5229 635 5315 “inanxyy,
668 5227 751 5284 10.
827 5227 1298 5315 “_J.oan..3t,‘§(i.'
1349 5227 1741 5315 “Joankvut,”

1879 5246 1957 5315 vii
1986 5232 2074 5288 40.
2150 5235 2203 5315 ⁸⁸-
2224 5234 2501 5315 ._loan.__n_t.
2533 5241 2614 5296 M.
2696 5244 2739 5275 ⁸⁷
2772 5243 3114 5315 ξιιρηιηίἰι).
3142 5263 3221 5312 ιιι,
3250 5264 3301 5304 c.
3324 5242 3415 5310 2i.

145 5302 249 5361 22,
284 5301 382 5351 25.
501 5296 546 5326 “'
576 5296 736 5351 Joan.
770 5315 847 5358 xx.
879 5299 965 5353 54.
1068 5300 1111 5331 ⁸⁸
1150 5298 1341 5352 Matth.
1369 5315 1481 5361 χχι,
1534 5297 1619 5353 19.

132 5373 200 5439 ,⁷³
231 5368 413 5437 Greg.
458 5364 596 5418 Νη.
618 5377 760 5422 orat.
786 5368 875 5423 36.
950 5369 998 5401 ⁷⁸
1027 5368 1163 5439 Sup.
1194 5368 1290 5433 lib,
1332 5384 1413 5433 ιιι,
1440 5384 1489 5432 c,
1513 5368 1604 5422 24'.

1729 5299 1773 5332 "°
1807 5299 2003 5359 Matth.
2054 5318 2133 5368 xi,
2176 5304 2267 5359 41.

2378 5309 2420 5341 ’ί
2443 5307 2605 5364 Joau.
2626 5328 2726 5379 xu,
2762 5313 2846 5367 15.
2866 5307 2880 5315 ’
2921 5317 2965 5347 ⁷³
2986 5314 3119 5371 Luc.
3150 5307 3296 5376 xxiv.
3324 5307 3413 5376 27.

1454 5537 1687 5594 VARIE
1726 5534 2018 5594 LECTION
2025 5539 2126 5595 ES.

237 5620 252 5660 ¹
286 5624 438 5694 Reg.
464 5621 492 5675 1
530 5621 679 5682 ὅταν.
711 5626 859 5682 Alter
887 5629 989 5684 ὅτι.
1064 5638 1103 5668 ω
1127 5628 1192 5684 Β.
1217 5629 1379 5699 ‘2950,
1413 5620 1477 5688 ex
1507 5633 2189 5706 emendationeJekdlnxa
2243 5635 2394 5705 ὑμῖν.
2472 5646 2501 5676 ι
2534 5636 2691 5693 Edita
2730 5637 2928 5706 μεῖναι.
