3926 6292
201 266 333 330 1189

1267 252 1365 311 DE
1402 251 1580 309 FIDE
1616 250 2081 311 ORTHODOXA
2111 253 2256 312 LIB.
2300 253 2396 314 IV.

3325 261 3461 329 1190

196 380 509 451 Πνεύματος
557 370 899 445 ἐφανερώθη,
939 366 1034 421 καὶ
1087 365 1367 435 ὲπιστώθη
1428 365 1505 435 τῷ
1558 365 1772 435 κόσμῳ,

1890 368 2266 422 resurrectione
2303 381 2636 425 mortuorum
2665 372 2731 425 ⁸³.
2768 371 3052 444 Siquidem
3086 391 3184 444 per
3219 378 3465 434 miracu-

195 473 275 523 ὅτι
312 471 432 531 Υἱός
460 469 576 520 ἐστι
608 463 697 519 τοῦ
738 460 897 516 Θεοῦ.
935 460 1041 513 Καὶ
1074 457 1136 510 τό
1161 475 1175 490 ⁸
1207 455 1545 526 Προέκοπτε
1591 456 1780 524 σοφίᾳ

192 561 291 614 καὶ
321 559 511 630 χάριτι
531 568 574 609 ⁸.

265 818 343 871 Τά
381 818 457 883 δὲ,
489 813 633 869 κατὰ
658 813 759 883 τὴν
802 811 893 866 τοῦ
928 808 1200 864 Ἰουδαίων
1233 808 1527 880 προσώπου
1558 808 1779 861 οἰκείω-

194 930 297 977 σιν,
328 909 468 979 μετὰ
514 907 622 960 τῶν
662 904 931 959 Ἰουδαίων
987 902 1236 974 ἀριθμῶν
1287 902 1500 966 ἑαυτὸν,
1537 900 1611 963 ώς
1640 901 1775 972 πρὸς

192 1003 291 1075 τὴν
331 998 663 1071 Σαμαρεῖτιν
696 1013 882 1068 φησιν·
918 993 1112 1064 Ὑμεῖς
1140 992 1535 1061 προσκυνεῖτε
1583 990 1615 1043 ὃ
1667 993 1777 1043 οὐκ

186 1093 414 1154 οἴδατε,
450 1089 623 1159 ἡμεῖς
645 1086 1107 1163 προσκυνοῦμεν
1129 1085 1160 1139 ὃ
1183 1086 1449 1155 οἴδαμεν,
1483 1083 1570 1138 ὅτι
1591 1083 1629 1151 ἢ
1661 1099 1778 1137 σω-

190 1184 365 1253 τηρία
394 1184 461 1236 ἐκ
491 1180 609 1234 τῶν
649 1179 956 1233 Ἰουδαίων
982 1178 1177 1231 ἐστίν.

267 1275 466 1347 Τρίτος
514 1274 737 1343 τρόπος,
771 1272 799 1324 ὁ
832 1272 932 1341 τῆς
971 1273 1100 1342 μιᾶς
1147 1268 1499 1330 ὑποστάσεως
1546 1267 1777 1337 δηλωτι-

195 1370 311 1432 κὸς,
342 1369 436 1422 καὶ
473 1367 568 1420 τοῦ
604 1365 1020 1436 συναμφοτέρου
1058 1363 1494 1434 παραστατικὸς·
1533 1357 1646 1414 οἷον
1676 1362 1735 1414 τό
1758 1379 1772 1393 ⁸

204 1460 347 1531 Ἐγὼ
374 1458 446 1520 ζῶ
475 1459 572 1513 διὰ
602 1461 709 1511 τὸν
729 1457 978 1525 Πατέρα,
1008 1457 1107 1509 καὶ
1135 1459 1166 1509 ό
1197 1453 1435 1524 τρώγων
1451 1472 1549 1523 με,
1575 1454 1774 1509 κάκεῖ-

188 1570 297 1618 νος
344 1550 584 1618 ζήσεται
638 1548 712 1601 δι’
738 1549 877 1616 ἐμέ⁸
922 1548 1018 1600 xui.
1056 1547 1147 1599 τό⁸
1192 1545 1429 1614 ’Υπὰγω
1486 1544 1632 1612 πρὸς
1671 1545 1777 1597 τὸν

192 1641 447 1709 Πατέρα,
493 1639 590 1693 καὶ
627 1639 824 1691 οὐκέτι
865 1636 1128 1705 θεωρεῖτέ
1160 1652 1267 1704 με⁸
1299 1636 1394 1689 καὶ
1420 1635 1509 1687 τό·
1547 1637 1668 1688 Οὐκ
1701 1634 1777 1688 ἂν

190 1736 301 1787 τὸν
327 1733 551 1801 Κύριον
583 1727 691 1797 τῆς
726 1729 910 1796 δόξης
936 1729 1331 1796 ἐσταύρωσαν
1357 1742 1369 1757 ⁸
1405 1726 1501 1779 καὶ
1530 1727 1591 1779 τό
1612 1741 1624 1754 ⁸
1668 1728 1778 1779 οὑ-

190 1822 318 1888 δεὶς
345 1820 715 1887 ἀναϐέϐηκεν
747 1821 833 1884 εις
874 1818 981 1870 τὸν
1018 1816 1299 1885 οὐρανὸν,
1338 1816 1391 1868 ει
1413 1814 1499 1883 μὴ
1528 1816 1561 1866 ὀ
1584 1814 1651 1867 ἐκ
1674 1812 1781 1867 τοῦ

191 1912 453 1980 οὐρανοῦ
498 1911 778 1977 καταϐὰς,
818 1913 851 1964 ό
880 1909 1019 1974 Υἱὸς
1047 1908 1154 1962 τοῦ
1178 1905 1515 1976 ἀνθρώπου,
1543 1909 1574 1959 d
1603 1903 1687 1958 ὢν
1711 1905 1781 1957 ἐν

190 2004 272 2071 τῷ
302 2001 560 2070 οἰφανῷ,
594 2001 688 2054 καὶ
712 2001 781 2054 τὰ
808 1999 1060 2053 τοιαῦτα.

264 2096 377 2147 Καὶ
402 2093 515 2147 τῶν
546 2092 684 2164 μετά
722 2091 818 2158 τὴν
850 2090 1169 2153 ἀνάστασιν,
1192 2087 1261 2142 τὰ
1293 2089 1391 2159 μὲν
1422 2089 1528 2142 εἰσὶ
1551 2088 1779 2160 θεοπρε-

190 2186 291 2256 πῆ,
328 2184 406 2248 ὡς
434 2185 496 2237 τό
515 2199 528 2213 ⁸
559 2181 951 2247 Βαπτίζοντες
980 2179 1200 2247 αὐτοὺς
1230 2181 1316 2246 είς
1348 2179 1414 2233 τὸ
1453 2182 1639 2250 ὄνομα
1673 2181 1778 2235 τοῦ

188 2279 445 2347 Πατρὸς,
467 2276 565 2329 καὶ
597 2274 703 2328 τοῦ
730 2274 885 2341 me,
906 2273 1002 2327 καὶ
1028 2272 1133 2326 τοῦ
1161 2272 1333 2341 ἁγίου
1364 2274 1705 2340 Πνεύματος
1735 2275 1775 2308 ί·

189 2371 265 2434 ὠς
293 2369 430 2422 Θεοῦ
461 2367 556 2423 τοῦ
587 2366 718 2421 Υίοῦ
752 2362 995 2439 δηλόνοτι
1015 2382 1028 2395 ⁸
1067 2364 1162 2418 καὶ
1186 2364 1248 2417 τό
1267 2381 1282 2395 ⁸
1321 2364 1475 2418 Ἰδοὺ
1505 2365 1617 2434 ἐγὼ
1638 2367 1780 2434 μεθ’

188 2460 361 2530 ὑμῶν
391 2462 508 2529 ειμι
537 2458 735 2523 πάσας
755 2458 861 2522 τὰς
884 2456 1126 2525 ἡμέρας,
1158 2453 1265 2519 ἕως
1293 2453 1404 2521 τῆς
1426 2456 1779 2520 συντελείας

189 2552 299 2607 τοῦ
344 2550 582 2617 αιῶνος,
635 2551 729 2603 καὶ
776 2550 842 2602 τὰ
887 2548 1147 2601 τοιαῦτα⁸
1197 2547 1271 2611 ώς
1325 2547 1433 2617 γὰρ
1485 2546 1617 2608 Θεὸς
1665 2547 1779 2599 ἐστὶ

194 2642 315 2712 μεθ’
344 2642 533 2713 ὴμῶν⁸
565 2641 634 2693 τὰ
664 2640 719 2692 δὲ
746 2640 1209 2710 ἀνθρωποπρεπῆ,
1250 2637 1326 2698 ὼς
1369 2636 1429 2689 τό
1450 2650 1463 2666 ⁸
1510 2635 1780 2703 Ἐκράτη-

189 2751 316 2789 σαν
356 2730 548 2787 αὐτοῦ
578 2734 719 2796 τοὺς
750 2730 973 2795 πόδας·
1012 2730 1106 2783 καὶ
1130 2728 1223 2783 τό⁸
1260 2726 1444 2782 Κάκεῖ
1479 2745 1555 2797 με
1597 2728 1777 2797 ὄψον-

189 2843 306 2887 ται,
348 2825 443 2877 καὶ
471 2823 541 2876 τά
568 2823 813 2879 τοιαῦτα.

178 2938 183 2945 ί
262 2919 390 2971 Τῶν
417 2917 474 2969 δὲ
508 2915 647 2985 μετά
676 2914 775 2982 τὴν
808 2914 1104 2967 ἀνάστασιν
1134 2912 1620 2984 ἀνθρωποπρεπῶν
1653 2912 1775 2982 τρό-

1883 456 1971 522 la,
2013 461 2622 530 resurrectionemque,
2662 475 2714 519 et
2754 467 2930 520 sancti
2974 467 3213 537 Spiritus
3252 471 3455 525 adven-

1885 556 2041 613 tum,
2078 550 2289 603 mundo
2331 552 2673 608 declaratum
2718 566 2836 621 est,
2887 568 3050 628 atque
3090 574 3457 629 pcr.~uasum,

1882 657 2006 695 eum
2034 640 2128 695 Dei
2159 640 2359 695 Filium
2388 658 2512 698 esse
2545 646 2610 699 “.
2640 648 2719 703 Ac
2751 649 2882 703 illud
2914 666 3168 721 quoque,
3198 651 3463 721 Pro/ieie-

1882 732 1970 784 bat
2000 735 2262 798 sapientia
2296 743 2344 787 et
2373 738 2551 804 gratia
2586 738 2654 792 ⁸⁸.

1952 824 2120 893 288
2151 823 2421 879 Nonnulla
2452 836 2733 897 postremo
2760 830 2833 883 ita
2860 830 2928 885 de
2956 846 3020 885 eo
3046 832 3305 887 dicuntur
3337 843 3461 888 lan-

1880 931 2047 984 quam
2079 914 2719 1001 Judaeorum‘pcrsonam
2754 924 3052 986 acciverit,
3086 940 3144 979 se
3176 927 3231 978 in
3266 939 3457 980 eorum

1882 1021 2174 1060 numerum
2227 1009 2590 1075 ascribendo,
2639 1019 2699 1064 ut
2748 1016 2876 1065 dum
2927 1011 3291 1068 Samaritana:
3340 1018 3454 1070 ait:

1894 1096 1994 1151 Vos
2022 1096 2263 1151 adoratis
2293 1099 2432 1169 quod
2459 1102 2671 1154 nescitis
2698 1117 2715 1155 :
2747 1118 2843 1155 nos
2875 1103 3165 1156 adoramus
3193 1108 3331 1173 quod
3363 1109 3460 1161 scio

1882 1203 1996 1240 mus
2021 1226 2035 1249 ,
2069 1188 2195 1255 quia
2225 1189 2375 1241 salus
2405 1205 2469 1242 ex
2498 1189 2704 1245 Judwis
2737 1203 2813 1245 est
2845 1193 2913 1248 ⁸⁸.

1950 1277 2170 1334 Tertius
2207 1281 2399 1334 modus
2431 1280 2519 1336 ille
2549 1290 2663 1346 est,
2701 1300 2813 1352 quo
2844 1301 2948 1338 una
2994 1286 3054 1357 ιι)
3072 1289 3312 1356 posmsis
3357 1288 3455 1342 de-

1879 1372 2144 1433 claratur,
2182 1381 2348 1441 alque
2386 1374 2559 1427 anilia:
2595 1376 2756 1428 simul
2802 1387 3010 1432 natura:
3056 1380 3453 1435 ostenduntur.

1877 1464 2048 1531 Cujus
2082 1464 2300 1534 generis
2334 1466 2471 1520 illud
2506 1476 2626 1519 est:
2664 1466 2776 1536 Ego
2810 1469 2921 1521 vivo
2957 1481 3169 1538 propter
3204 1472 3417 1527 Patrem
3439 1514 3455 1536 ,

1878 1565 1925 1609 et
1954 1557 2041 1624 qui
2077 1558 2359 1609 manduca!
2391 1574 2469 1610 me
2490 1599 2504 1621 ,
2537 1567 2585 1610 et
2618 1559 2727 1626 ipse
2764 1560 2891 1613 viret
2926 1570 3137 1628 propter
3173 1578 3251 1614 me
3283 1562 3351 1616 ⁸⁷.
3387 1563 3459 1616 Ει

1880 1647 2011 1700 illud
2041 1665 2053 1701 :
2091 1645 2236 1701 Vada
2273 1648 2341 1700 ad
2376 1647 2615 1714 Patrem,
2652 1660 2700 1703 et
2732 1651 2847 1718 jam
2880 1668 2981 1705 non
3014 1652 3246 1707 vibebilis
3282 1672 3360 1708 me
3388 1655 3456 1710 ³⁸.

1880 1735 2011 1789 Item
2043 1753 2055 1788 :
2095 1734 2380 1789 Dominum
2414 1737 2600 1807 gloria:
2653 1756 2921 1809 nunquam
2955 1742 3342 1809 cruci/ixissent
3380 1745 3447 1797 ⁸³.

1884 1825 2132 1895 llludque
2177 1827 2440 1881 tandem:
2500 1826 2668 1881 Nemo
2710 1832 2942 1884 ascendit
2988 1831 3042 1883 in
3085 1832 3310 1897 etclam,
3351 1834 3457 1885 nisi

1881 1919 1969 1988 qui
1995 1918 2254 1972 descendit
2284 1917 2345 1972 de
2375 1919 2505 1972 coelo
2524 1961 2538 1985 ,
2574 1917 2752 1974 Filius
2783 1921 3011 1975 hominis
3043 1924 3133 1992 qui
3159 1933 3236 1976 est
3270 1924 3322 1977 in
3355 1940 3457 1977 cae-

1882 2006 1935 2062 lo
1968 2008 2052 2075 9°;
2092 2008 2307 2077 aliaque
2334 2008 2555 2075 similia.

1953 2099 2154 2153 Eorum
2195 2100 2411 2153 demum
2461 2115 2583 2169 quze
2616 2100 3079 2153 resurrectionem
3126 2109 3454 2171 sequuntur,

1880 2191 2131 2258 qttazdam
2161 2189 2434 2242 divinitati
2466 2191 2837 2247 conveniunt.
2867 2200 2925 2242 ιιι
2950 2205 2963 2241 ;
2993 2189 3337 2258 Baptizantes
3368 2210 3456 2247 eos

1880 2279 1932 2331 in
1963 2281 2169 2332 nomine
2204 2277 2407 2342 Patris,
2438 2288 2486 2332 et
2513 2277 2663 2341 Filii,
2688 2290 2737 2333 et
2762 2278 2995 2348 Spiritus
3024 2284 3197 2334 sancti
3223 2283 3287 2335 9‘.
3323 2284 3453 2337 Nam

1881 2368 1971 2423 hic
1999 2369 2174 2424 Filius
2211 2370 2288 2423 uti
2328 2369 2469 2423 Deus
2507 2370 2820 2423 adhibetur.
2866 2369 2930 2422 Et
2976 2371 3149 2423 illud:
3195 2370 3330 2425 Ecce
3362 2389 3455 2441 ego

1881 2460 2145 2514 vobiscum
2174 2477 2289 2514 sum
2326 2460 2567 2514 onmibus
2602 2460 2783 2513 diebus
2818 2476 2977 2530 usque
3008 2460 3076 2514 ad
3108 2478 3451 2515 consumma-

1882 2554 2073 2606 tionem
2101 2554 2280 2607 swculi
2311 2555 2396 2617 ";
2424 2553 2641 2623 aliaque
2672 2552 2835 2621 hujus
2863 2554 3100 2621 generis.
3138 2553 3347 2607 Etenim
3388 2565 3446 2609 ιιι

1882 2644 2025 2699 Deus
2066 2646 2353 2699 nobiscum
2404 2653 2511 2699 est.
2556 2645 2674 2697 Alia
2720 2644 3042 2697 humanitati
3085 2645 3454 2714 conveniunt,

1882 2747 1938 2791 ut
1970 2738 2125 2791 illud.
2160 2737 2460 2791 Tenuerunt
2492 2736 2645 2806 pedes
2680 2737 2791 2806 ejus
2830 2736 2912 2803 ⁹³;
2943 2748 2993 2791 et
3025 2735 3156 2790 illud
3185 2755 3197 2789 :
3226 2735 3349 2790 Illic
3376 2753 3455 2791 me

1878 2833 2123 2886 ridebunt
2155 2832 2236 2896 ⁹⁵;
2268 2840 2322 2885 et
2354 2832 2577 2886 similia.

1950 2923 2151 2976 Eorum
2189 2938 2355 2992 porro
2390 2937 2511 2992 qua:
2542 2930 2663 2991 post
2699 2920 3163 2975 resurrectionem
3200 2920 3455 2975 Immani-

192 3026 286 3062 ποι
314 3009 427 3061 εἰσὶ
454 3006 721 3076 διάφοροι.
753 3005 833 3057 Τὰ
868 3004 968 3075 μὲν
1011 3007 1122 3095 γάρ
1160 3005 1376 3075 ἀληθῶς
1416 3006 1533 3075 μὲν,
1563 3005 1679 3057 ἀλλ’
1714 3006 1773 3058 οὑ

1890 3017 1975 3070 lati
2010 3018 2383 3079 conveniunt,
2420 3016 2556 3068 varii
2596 3013 2742 3066 modi
2787 3024 2933 3068 sunt.
2989 3012 3260 3066 Nonnulla
3307 3013 3454 3066 enim

190 3100 340 3152 κατὰ
373 3097 538 3167 φύσιν
571 3099 668 3167 (1),
710 3096 845 3150 ἀλλά
889 3097 1009 3149 κατ’
1042 3082 1354 3166 οἷκονομίαν
1392 3095 1528 3166 πρὸς
1575 3097 1635 3148 τὸ
1691 3113 1779 3148 πι-

194 3189 537 3254 στώσασθαι,
565 3190 648 3242 ὅτι
692 3188 825 3242 αὐτὸ
863 3187 924 3240 τὺ
957 3186 1129 3251 παθὸν
1166 3186 1327 3257 σῶμα
1359 3187 1583 3258 ἀνέστη,
1626 3186 1699 3249 ὡς
1729 3188 1778 3239 οἱ

193 3285 495 3354 μώλωπες,
529 3284 562 3352 ἠ
591 3281 812 3353 βρῶσις,
849 3282 942 3334 καὶ
994 3282 1026 3352 ἠ
1079 3280 1236 3339 πόσις
1267 3284 1300 3351 ὴ
1338 3281 1475 3350 μετά
1517 3280 1615 3350 τὴν
1647 3279 1778 3332 ἀνά-

190 3388 414 3429 στασιν.
450 3374 532 3427 Τὰ
569 3375 625 3426 δὲ
658 3372 875 3444 ἀληθῶς
904 3374 997 3426 καὶ
1028 3372 1170 3426 κατὰ
1199 3372 1381 3441 φύσιν,
1409 3371 1482 3435 ώς
1520 3372 1581 3424 τὸ
1616 3388 1780 3441 μετα-

189 3471 410 3523 ϐαίνειν
438 3468 638 3532 τόπους
664 3469 730 3522 ὲκ
758 3468 941 3521 τόπων
987 3466 1260 3538 ἁμόχθως,
1297 3467 1390 3520 καὶ
1436 3466 1497 3519 τὸ
1539 3466 1627 3519 διὰ
1672 3467 1779 3518 τῶν

190 3561 384 3633 θυρῶν
422 3560 824 3630 κεκλεισμένων
867 3560 1151 3614 εἰσελθεῖν.
1184 3559 1265 3613 Τὰ
1314 3560 1369 3612 δὲ
1420 3559 1561 3614 κατὰ
1612 3577 1779 3631 προσ-

191 3654 448 3725 ποίησιν,
484 3654 561 3715 ώς
602 3653 662 3705 τό
687 3670 700 3684 ⁸
744 3652 1236 3721 Προσεποιήσατο
1282 3652 1626 3721 πορρωτέρω
1675 3668 1781 3704 πο-

183 3747 499 3814 ρεύεσθαι.
529 3743 607 3797 Τά
652 3744 709 3796 δὲ
763 3744 857 3797 τοῦ
905 3744 1331 3815 συναμφοτέρου,
1368 3744 1441 3808 ώς
1479 3744 1573 3795 τό⁸
1615 3743 1778 3797 Ἀναο

190 3838 381 3892 ϐαίνω
403 3835 554 3905 πρὸς
576 3835 683 3890 τὸν
702 3834 932 3905 Πατέρα
949 3853 1086 3905 μου,
1112 3835 1208 3888 καί
1234 3835 1465 3902 Πατέρα
1484 3835 1668 3903 ὑμῶν,
1683 3835 1778 3888 καὶ

193 3931 348 3984 Geor
374 3947 518 4000 μου,
552 3928 650 3982 καί
678 3927 824 3982 Θεὸν
852 3927 1017 3997 ὑμῶν
1038 3945 1051 3957 ⁸
1097 3928 1191 3982 καὶ
1219 3928 1279 3980 τό
1305 3944 1317 3957 ⁸
1359 3929 1781 3981 Εἱσελεύσεται

190 4027 224 4076 o'
250 4022 564 4088 ,ϐασιλεὺς
601 4020 711 4088 τῆς
741 4019 925 4085 δόξης
949 4037 962 4050 ⁸
998 4021 1090 4072 καὶ
1119 4022 1179 4073 τό
1199 4037 1211 4051 ⁸
1253 4020 1560 4074 Ἐκάθισεν
1589 4020 1657 4071 ἐν
1686 4018 1782 4072 δε-

190 4111 292 4181 ξιᾷ
320 4111 438 4180 τῆς
467 4111 909 4180 μεγαλωσύνης
942 4110 1012 4163 ἐν
1037 4109 1162 4176 τοῖς
1189 4110 1449 4179 ὑψηλοῖς
1468 4125 1482 4139 ⁸
1507 4109 1577 4161 τὰ
1599 4108 1675 4173 δὲ,
1707 4109 1783 4171 ώς

192 4204 315 4275 μεθ’
346 4203 514 4275 ἡμῶν
563 4202 755 4255 ἑαυτὸν
808 4202 1114 4267 τάττοντος,
1144 4202 1220 4273 τῷ
1268 4202 1453 4272 τρόπῳ
1495 4201 1592 4271 τῆς
1638 4200 1780 4254 κατά

188 4294 357 4365 ψιλὴν
404 4293 655 4346 ἐπίνοιαν
695 4293 1034 4364 διαιρέσεως,
1069 4293 1142 4357 ὡς
1176 4294 1237 4346 τό
1264 4310 1276 4322 ⁸
1314 4296 1460 4348 om
1495 4311 1634 4362 μου,
1682 4293 1779 4346 καὶ

168 4444 175 4451 ο
192 4387 345 4440 Θεὸν
375 4384 566 4455 ὑμῶν.

259 4480 356 4529 Δεῖ
394 4473 493 4530 οὖν
542 4479 609 4530 τὰ
660 4478 760 4547 μὲν
798 4476 976 4547 ὑψηλά
1018 4475 1349 4548 προσνέμειν
1397 4479 1462 4546 τῇ
1518 4475 1637 4545 θείᾳ
1687 4474 1781 4527 καὶ

190 4568 472 4640 κρείττονι
502 4569 662 4638 φύσει
693 4567 886 4623 παθών
912 4568 1004 4620 καὶ
1036 4568 1288 4639 σώματος
1308 4584 1320 4596 ⁸
1348 4567 1417 4620 τὰ
1443 4566 1501 4619 δὲ
1530 4565 1780 4631 ταπεινὰ,

1880 3124 2005 3161 vero
2039 3107 2291 3177 quidem,
2323 3124 2433 3162 non
2467 3116 2649 3163 tamen
2678 3109 2917 3162 naturali
2951 3109 3111 3162 modo
3132 3148 3147 3171 ,
3178 3106 3272 3162 sed
3306 3117 3455 3161 certa

1877 3200 2296 3268 dispensatione
2331 3182 2721 3269 contigerunt,
2757 3210 2816 3254 ut
2851 3202 3180 3261 cicatrices,
3218 3200 3454 3255 mandu—

1878 3290 2025 3343 catio
2059 3306 2121 3343 ac
2160 3294 2311 3358 potio
2348 3298 2639 3359 postquam
2698 3290 2916 3346 revixit.
2977 3292 3236 3359 Quaedam
3271 3299 3454 3344 autem

1877 3395 2005 3433 vere
2034 3388 2085 3433 et
2114 3397 2211 3450 pro
2244 3395 2309 3434 eo
2341 3395 2405 3435 ac
2434 3389 2647 3433 natura:
2673 3390 3101 3435 consentaneum
3163 3390 3243 3434 cst
3272 3399 3287 3446 ;
3319 3398 3366 3435 ν.
3402 3395 3454 3450 g.

1879 3472 1946 3526 de
1984 3472 2118 3525 locis
2152 3472 2203 3523 in
2242 3472 2359 3525 loca
2392 3472 2529 3525 citra
2565 3472 2805 3526 laborem
2844 3473 3112 3542 migrare,
3146 3486 3207 3524 ac
3245 3488 3337 3539 per
3361 3472 3449 3539 ja-

1881 3578 2021 3625 nuas
2052 3562 2271 3616 clausas
2308 3561 2543 3630 ingredi.
2577 3561 2840 3628 Qumdam
2877 3577 2971 3630 per
3002 3561 3453 3625 simulationem,

1883 3655 1998 3719 uti,
2037 3653 2222 3707 Finxit
2251 3672 2304 3707 se
2331 3656 2535 3725 longius
2569 3655 2641 3708 ire
2666 3656 2743 3709 ’⁸.
2774 3654 3031 3720 ρυῑειίίιιιι
3076 3669 3270 3708 rursus
3313 3656 3449 3709 utri-

1881 3762 1989 3816 que
2042 3755 2250 3799 natura:
2296 3752 2650 3815 congruunt;
2702 3753 2799 3804 ut,
2842 3744 3080 3798 Ascendo
3123 3743 3189 3795 ad
3240 3741 3453 3796 Patrem

1881 3854 2051 3890 meum
2076 3846 2124 3891 et
2155 3836 2369 3889 Patrem
2400 3846 2627 3889 vestrum
2653 3852 2671 3889 :
2706 3844 2755 3889 et
2788 3834 2952 3887 Deum
2981 3851 3146 3887 meum
3199 3842 3246 3887 et
3286 3833 3453 3887 Deum

1882 3939 2110 3984 vestrum
2139 3927 2206 3984 ⁸⁸.
2240 3928 2305 3981 Ει
2335 3928 2466 3982 illud
2493 3946 2505 3981 :
2540 3926 2787 3980 Introibit
2823 3925 2931 3978 Rex-
2961 3925 3145 3995 gloria:
3172 3924 3238 3977 ’⁷.
3272 3924 3403 3977 Item
3434 3941 3449 3979 :

1883 4020 2037 4077 Sedet
2068 4022 2121 4076 in
2149 4021 2367 4076 dextera
2414 4020 2713 4088 majestatis
2750 4019 2805 4071 in
2836 4018 3055 4072 excelsis
3083 4017 3149 4069 ’⁸.
3192 4015 3451 4082 Quasdam

1882 4114 2120 4185 denique
2153 4114 2234 4169 sic
2264 4112 2620 4183 accipienda,
2669 4120 2932 4180 tanquam
2968 4113 3021 4164 in
3065 4109 3309 4164 ordinem
3344 4124 3454 4175 no-

1883 4215 2062 4261 strum
2092 4222 2151 4261 se
2181 4205 2457 4272 ascribat,
2489 4220 2587 4276 per
2633 4206 2832 4259 mentis
2879 4202 3260 4274 prmeisioucm
3303 4198 3454 4254 scili-

1883 4308 1969 4353 cet
1992 4342 2005 4363 ,
2037 4309 2093 4351 ut
2131 4298 2266 4353 illud
2295 4316 2308 4352 :
2342 4297 2510 4351 Deum
2544 4314 2711 4352 meum
2732 4338 2747 4360 ,
2777 4307 2825 4352 et
2868 4295 3032 4349 Deum
3061 4302 3310 4348 vestrum.

1959 4474 2155 4544 Cuiqne
2207 4483 2413 4527 natura:
2462 4488 2693 4541 congrua
2726 4472 2805 4524 illi
2836 4468 3128 4524 tribuenda.
3152 4498 3222 4507 —
3247 4467 3452 4533 Quam~

1890 4565 2077 4618 obrem
2105 4581 2167 4619 ea
2199 4579 2321 4633 qua:
2352 4563 2610 4617 sublimia
2638 4573 2767 4617 sunt
2788 4603 2802 4627 ,
2833 4562 3031 4617 divina:
3060 4569 3303 4626 naturae,
3334 4573 3452 4612 omo

259 4747 307 4778 ⁸³
330 4746 499 4801 Rom.
521 4762 559 4811 ι,
582 4747 635 4801 4.
711 4745 757 4777 ⁸⁸
781 4745 1069 4811 Chrysost.
1100 4742 1249 4796 hom.
1284 4744 1308 4796 l
1342 4743 1393 4796 in
1425 4741 1599 4810 Epist.
1635 4745 1698 4795 ad
1733 4742 1774 4795 R

1890 4788 1891 4791 η
1927 4754 1979 4795 et
2006 4743 2118 4797 alii.
2196 4740 2242 4772 ⁸⁸
2267 4738 2397 4793 Luc.
2427 4755 2487 4792 ιι.
2523 4741 2612 4795 32.
2687 4741 2910 4797 l“Nicen.
2959 4757 3012 4806 ν,
3042 4739 3132 4793 22.
3166 4736 3444 4811 _'_'_.loau.

190 4832 241 4881 v,
271 4817 363 4871 58.
486 4815 529 4847 ⁸⁸
557 4816 715 4870 Joan.
754 4832 843 4880 xv,
892 4812 983 4871 10.
1060 4814 1104 4845 ⁸³
1136 4813 1151 4865 l
1180 4813 1306 4867 Cor.
1345 4828 1404 4875 ιι,
1434 4812 1489 4875 8.

189 4894 230 4918 "'
274 4885 419 4941 ibid.
458 4885 543 4941 10.
648 4887 693 4918 ⁸⁵
719 4885 854 4940 Luc.
907 4900 1035 4946 xxv,
1090 4882 1181 4936 27.

1626 4814 1672 4844 ⁰⁰
1701 4812 1858 4867 Joan.
1894 4813 1978 4865 l5.

1290 4883 1335 4917 '°
1373 4881 1531 4936 Joan.
1574 4900 1663 4948 xx,
1692 4883 1777 4941 18.
1851 4885 1895 4916 ’⁷
1926 4882 2070 4938 Psal.
2101 4898 2192 4937 xx.
2223 4882 2275 4934 7.
2350 4880 2397 4911 ⁸⁸
2427 4878 2651 4948 ilebr.t,
2686 4882 2739 4938 5.

2082 4814 2123 4843 ¹⁹¹
2153 4811 2341 4865 Matth.
2376 4825 2500 4876 xxv,
2536 4814 2621 4867 l9.
2722 4814 2765 4843 "
2809 4813 2945 4867 ibid.
2996 4811 3086 4867 20.
3162 4809 3206 4840 ”
3235 4807 3444 4867 ibid.9.

1508 5037 1743 5096 vitata;
1773 5037 2175 5121 LECTIQNES‘.

265 5214 287 5247 ι
323 5204 462 5275 Reg.
490 5203 515 5256 1
559 5200 831 5275 συνέθειη
876 5198 1287 5275 {Desunthtee
1310 5198 1365 5252 in
1393 5195 1580 5275 _Re_giis
1610 5163 1962 5275 quibusdam,
1997 5213 2095 5252 nec
2120 5197 2363 5275 reddidit
2386 5208 2544 5275 vetus
2562 5197 2829 5275 Ainterpr.
2878 5194 2930 5275 in
2964 5192 3087 5249 cod.
3122 5190 3206 5275 ‘S.
3238 5190 3345 5275 liii.
3374 5190 3448 5275 'ln

187 5278 316 5331 aliis
352 5262 490 5344 Ré‘g.
545 5283 596 5327 et
644 5273 697 5326 in
721 5273 874 5327 Coll).
916 5272 988 5324 ita
1020 5268 1322 5338 lcgiturei;
1358 5268 1419 5321 τὸ
1469 5262 1642 5338 ὄνομά
1667 5268 1759 5321 τοῦ

1890 5269 2025 5339 πρὸς,
2050 5268 2257 5323 καὶτοῦ
2286 5266 2434 5333 Υίοῦ,
2454 5268 2528 5330 ὡς
2556 5266 2689 5319 Θεοῦ
2730 5262 2992 5336 δηλονότι,
3050 5264 3142 5316 καὶ
3173 5262 3265 5315 τοῦ
3294 5262 3450 5331 ἁγίου

1705 5405 1936 5462 NOTAE.

186 5346 536 5416 υνεύματος.

261 5552 344 5619 (1)
390 5550 543 5620 Ἀλλ’
570 5553 644 5606 οὺ
687 5551 837 5606 κατὰ
884 5552 1101 5620 φύσιν.
1154 5546 1279 5603 Non
1323 5550 1773 5620 rtamenhnaturali

192 5617 371 5675 modo.
408 5619 667 5676 Naturam
698 5632 856 5677 vocat
885 5617 1155 5691 corporis
1191 5619 1332 5674 beati
1373 5617 1771 5686 conditionem,

1882 5550 2129 5670 quatiiel
2186 5558 2243 5606 ut
2295 5565 2393 5605 nec
2446 5548 2589 5614 cibo,
2635 5561 2737 5627 nec
2790 5553 2947 5619 potu,
2989 5546 3193 5618 quibus
3239 5548 3445 5617 alatur,

1882 5632 2008 5670 eaea
2038 5654 2055 5670 .

1880 5632 2055 5686 egeat.
