3926 6292
476 274 611 342 1191

1663 259 1724 320 S.
1765 252 2088 320 JOANNIS
2124 245 2558 312 DAMASCENI

3613 243 3752 308 H92

473 394 645 460 nique
670 383 927 458 passione
951 375 1268 449 superiori,
1296 389 1361 430 ac
1397 373 1742 446 incorporea
1770 372 1938 429 tribui
1962 385 2062 426 ne-

2181 365 2231 434 ιῇ
2264 361 2584 432 ἀνθρωπίνῃ
2606 374 2620 389 ’
2651 356 2720 411 τὰ
2747 356 2804 411 δὲ
2848 355 3024 422 κοινὰ,
3058 355 3136 428 τῷ
3175 356 3438 428 συνθέτῳ,
3467 355 3644 428 ἤγουν
3670 356 3753 428 τῷ

477 495 696 538 cessum
737 483 864 542 est;
896 487 1019 544 qua:
1066 480 1250 526 autem
1301 466 1562 532 humilia,
1608 467 1864 521 humana:
1891 483 1906 520 :
1937 475 2060 534 qua!

479 589 614 630 vero
642 566 992 629 communia,
1019 560 1364 632 composito;
1391 558 1496 613 hoc
1522 565 1640 624 est,
1670 557 1767 611 uni
1796 555 2022 611 Christo
2041 594 2056 619 ,

481 665 574 737 qui
609 664 751 717 Deus
780 665 834 715 et
861 658 1026 712 homo
1052 661 1158 710 est.
1195 652 1442 722 Itemque
1475 657 1824 719 compertum
1855 646 2062 700 habere

483 736 734 826 oportet,
763 760 1000 819 utraque
1027 747 1192 802 unius
1234 752 1288 800 et
1327 742 1576 813 ejusdem
1625 738 1845 794 Domini
1888 736 2063 793 nostri

483 847 614 902 Jesu
639 843 848 900 Christi
867 856 1014 896 esse.
1029 837 1162 892 Nam
1179 836 1329 907 quod
1349 833 1645 903 utriusque
1665 830 1952 901 proprium
1979 836 2064 884 est

488 945 889 1008 agnoscentes,
925 911 1092 1000 atque
1128 937 1364 997 utraque
1395 926 1464 980 ab
1497 939 1608 978 uno
1643 931 1697 977 et
1721 921 1913 977 eodem
1948 919 2064 990 geri

486 1025 887 1096 perspicientes
910 1061 926 1086 ,
959 1029 1166 1075 rectam
1204 1017 1517 1072 tenebimus
1554 1013 1711 1068 [idem
1738 1055 1754 1080 ,
1788 1027 1890 1066 nec
1913 1024 2067 1067 erra-

489 1118 692 1174 bimus.
745 1115 823 1168 Ex
871 1112 1076 1183 quibus
1117 1108 1380 1166 omnibus
1415 1106 1696 1160 unitarum
1745 1111 2070 1158 naturarum

494 1207 790 1262 discrimen
841 1201 1210 1273 dignoscitur,
1245 1197 1502 1268 quodque
1553 1195 1653 1263 (ut
1709 1191 2072 1249 sacratissimi

496 1277 686 1370 Cyrilli
715 1277 896 1352 verbis
929 1304 1053 1349 utar
1081 1295 1128 1326 ”
1158 1295 1176 1360 )
1209 1292 1335 1344 licet
1378 1289 1433 1342 in
1479 1287 1714 1341 naturali
1745 1285 1912 1354 289
1938 1300 2073 1354 qua-

499 1393 652 1445 litate
683 1405 791 1443 non
829 1388 971 1442 idem
1001 1386 1113 1440 sint
1143 1383 1405 1437 divinitas
1438 1388 1492 1434 et
1531 1378 1882 1440 lmrnanitas,
1929 1390 2072 1430 unus

499 1491 686 1536 tamen
733 1479 808 1534 sit
859 1477 1070 1540 Filius,
1122 1481 1176 1529 et
1224 1472 1517 1534 Christus,
1565 1476 1620 1523 et
1667 1465 1967 1520 Dominus:
2015 1472 2069 1519 et

499 1590 646 1628 unus
687 1587 810 1626 cum
858 1569 973 1632 sit,
1023 1582 1132 1622 una
1183 1580 1404 1637 quoque
1449 1565 1522 1618 sit
1566 1562 1746 1632 ipsius
1826 1575 2104 1629 persona;

2163 457 2242 510 ἑνὶ
2272 453 2514 527 Χριστῷ,
2541 453 2600 516 ὃς
2634 452 2750 504 ἐστι
2780 450 2910 516 Θεὸς
2939 451 3037 505 καὶ
3065 449 3376 523 ἄνθρωπος,
3410 451 3509 505 καὶ
3546 450 3754 506 είδᾶναι

2162 547 2450 618 ἀμφότερα
2487 544 2604 608 ὲνδς
2650 543 2746 598 καὶ
2779 541 2873 596 τοῦ
2918 541 3081 596 αὐτοῦ
3117 541 3326 612 Κυρίου
3364 542 3529 612 ἡμῶν
3570 542 3755 613 Ἰησοὸ

2162 638 2421 711 Χριστοῦ.
2455 637 2722 691 Ἐκάστου
2774 636 2884 705 γὰρ
2935 634 2998 688 τὸ
3046 635 3178 688 rem
3221 632 3611 702 γινώσκοντες,
3661 637 3758 689 καὶ

2163 731 2455 804 ἀμφότερα
2481 729 2539 797 ἐξ
2567 729 2686 792 ἑνὸς
2712 727 3061 798 πραττόμενα
3093 724 3405 796 βλέποντες,
3450 725 3634 796 ὀρθῶς
3663 744 3756 780 πι-

2166 821 2486 892 στεύσομεν,
2522 821 2617 874 καὶ
2646 819 2706 872 οὺ
2743 816 3226 889 πλανηθησὸμεθα.
3245 815 3338 883 Ἐξ
3370 810 3446 871 ὧν
3467 817 3754 881 ἁπάντων,

2164 914 2273 968 τῶν
2308 913 2408 984 μὲν
2437 911 2739 966 ἑνωθεισῶν
2774 910 2990 979 φύσεων
3020 911 3053 980 ἡ
3086 909 3320 980 διαφορὰ
3348 908 3686 978 γινώσκεται
3707 920 3753 972 ι,

2167 1007 2262 1060 καὶ
2287 1007 2368 1059 ὅτι
2408 1004 2482 1076 μὴ
2525 1003 2744 1068 ταύτὸν,
2777 1003 2854 1067 ὥς
2898 1019 3066 1072 φησιν
3094 1004 3122 1056 6
3148 1002 3428 1066 θειότατος
3459 1001 3753 1074 Κύριλλος,

2168 1099 2228 1151 ὲν
2262 1096 2512 1167 ποιότητι
2561 1098 2764 1166 φυσικῇ
2796 1094 2989 1166 θεότης
3027 1111 3087 1148 τε
3132 1095 3230 1147 καὶ
3253 1094 3635 1166 ἀνθρωπὸτης.
3666 1091 3758 1157 Εἷς

2168 1207 2232 1259 γε
2271 1191 2376 1261 μὴν
2404 1189 2555 1252 Υἱὸς,
2588 1188 2682 1242 καὶ
2711 1188 2967 1260 Χριστὸς,
2991 1187 3092 1241 καὶ
3117 1187 3322 1258 Κύριος
3342 1204 3356 1217 ·
3391 1187 3485 1240 καὶ
3511 1186 3588 1248 ὡς
3638 1187 3757 1248 hic

2168 1282 2341 1347 ὄντος,
2374 1281 2434 1335 ἓν
2464 1281 2633 1335 αὑτοῦ
2665 1281 2759 1335 καὶ
2799 1281 2861 1333 τὸ
2903 1280 3217 1352 πρόσωπον,
3256 1281 3378 1333 κατ’
3407 1280 3602 1334 οὐδένα
3634 1281 3761 1350 τρό-

2172 1389 2273 1426 πον
2325 1373 2414 1426 διὰ
2459 1371 2558 1444 τὴν
2587 1372 2883 1439 ἐπίγνωσιν
2912 1371 3012 1441 τῆς
3041 1371 3278 1442 φυσικῆς
3304 1371 3570 1442 διαφορᾶς
3599 1387 3758 1441 μερι-

2177 1465 2411 1536 ζομένης
2441 1466 2540 1536 τῆς
2568 1466 2692 1519 καθ’
2724 1465 3020 1518 ὑπόστασιν
3047 1462 3312 1528 ἑνὼσεως.

2186 1560 2390 1631 quippe
2438 1576 2564 1616 cum
2605 1577 2670 1617 ex
2730 1576 2798 1616 eo
2867 1560 3016 1631 quod
3083 1567 3408 1615 naturarum
3473 1559 3760 1616 distinctio

503 1673 856 1736 agnoscatur,
911 1661 1121 1716 nullam
1184 1668 1367 1714 tamen
1415 1657 1774 1727 partitionem
1818 1657 1951 1709 unio
1995 1657 2305 1710 secundum
2349 1655 2698 1728 hypostasim
2740 1655 3022 1710 admittat.

1127 1754 1279 1810 CAP.
1305 1751 1454 1810 XIX.

739 1849 908 1905 Deum
937 1857 1208 1902 auctorem
1244 1844 1508 1898 malorum
1561 1858 1664 1896 non
1694 1857 1825 1895 esse.

569 1943 811 1998 Actionis
844 1940 1054 1995 nomine
1093 1939 1148 1993 in
1178 1935 1455 2005 Scriptura
1507 1935 1654 1987 dicta
1677 1931 1978 2002 permissio.
2005 1956 2080 1972 —

505 2035 663 2090 Scire
710 2031 846 2088 illud
886 2031 1082 2086 attinet
1105 2031 1146 2092 ',
1178 2028 1350 2083 moris
1380 2041 1502 2082 esse
1537 2024 1859 2096 Scripturae,
1897 2029 1957 2076 ut
1980 2020 2080 2077 Dei

503 2125 922 2198 permissionem
955 2124 1224 2178 actionem
1251 2121 1426 2191 ipsius
1454 2118 1714 2189 appellet,
1769 2117 1923 2173 velut
1947 2129 2076 2170 cum

505 2219 586 2272 ait
639 2215 940 2287 Apostolus
991 2213 1048 2268 in
1095 2212 1340 2284 Epistola
1400 2211 1468 2266 ad
1530 2209 1809 2265 Romanos
1842 2225 1856 2261 :
1888 2212 2080 2263 Annon

505 2311 658 2365 habet
688 2316 997 2378 potestatem
1019 2306 1214 2376 ﬁgulus
1242 2305 1342 2358 luti
1393 2319 1457 2358 ex
1486 2303 1669 2357 eadem
1695 2318 1875 2356 massa
1901 2301 2077 2370 facere

507 2403 658 2458 aliud
691 2402 899 2471 quidem
954 2416 1044 2454 vas
1078 2401 1131 2452 in
1165 2397 1434 2461 honorem,
1467 2395 1619 2449 aliud
1661 2404 1837 2449 autem
1867 2395 1921 2447 in
1952 2410 2081 2447 con-

509 2492 820 2547 tumeliam”
843 2490 1108 2545 Hdcirco
1140 2488 1422 2550 nimirum,
1451 2486 1598 2557 quod
1634 2485 1751 2556 ipse
1793 2493 1849 2540 et
1875 2485 1988 2539 haec
2027 2492 2084 2541 et

509 2583 603 2639 illa
631 2583 781 2637 facit.
811 2580 978 2636 Solus
1017 2579 1163 2635 enim
1195 2578 1312 2647 ipse
1343 2576 1727 2630 universorum
1757 2573 1943 2644 opifex
1974 2583 2080 2630 est.

511 2672 669 2728 Haud
725 2676 909 2726 tamen
959 2671 1078 2740 ipse
1121 2668 1206 2722 vel
1259 2666 1489 2730 nobilia,
1541 2666 1628 2720 vel
1663 2664 1926 2736 ignobilia
1953 2678 2083 2719 vasa

509 2763 693 2828 ellicit,
750 2776 938 2817 verum
980 2773 1082 2816 sua
1129 2757 1400 2828 cujusque
1447 2757 1700 2812 voluntas
1732 2770 1797 2810 ac
1821 2755 2018 2810 electio
2039 2754 2082 2809 ³.

509 2854 690 2925 Atque
721 2853 772 2907 id
801 2853 973 2920 liquet
993 2866 1060 2905 ex
1088 2849 1173 2905 his
1205 2849 1412 2914 verbis,
1443 2847 1648 2917 quibus
1675 2847 1818 2902 idem
1850 2848 2086 2916 Aposto-

510 2946 602 3001 lus
661 2947 835 3000 utitur
878 2942 1121 3012 Epistola
1185 2940 1253 2995 ad
1305 2939 1653 2995 Timotheum
1699 2937 1939 2994 secunda
1976 2935 2087 2993 :In

513 3052 706 3103 magna
744 3033 899 3087 domo
936 3048 1042 3086 non
1069 3030 1240 3085 solum
1283 3040 1406 3085 sunt
1451 3047 1582 3084 uasa
1621 3047 1784 3085 aurea
1813 3042 1863 3086 et
1894 3048 2085 3102 argen-

514 3134 620 3188 tea,
661 3122 752 3177 sed
801 3132 850 3177 et
885 3121 1059 3192 lignea
1091 3131 1140 3176 et
1171 3121 1364 3190 ﬁctilia
1411 3138 1431 3176 :
1453 3129 1504 3174 et
1529 3121 1773 3191 quaedam
1799 3125 2009 3192 quidem
2029 3123 2085 3176 in

513 3218 789 3278 honorem,
851 3213 1096 3285 qua'dam
1151 3222 1327 3268 autem
1358 3214 1413 3268 in
1444 3214 1845 3268 contumeliam.
1873 3214 1936 3270 Si
1965 3215 2084 3285 quis

509 3323 634 3377 ergo
680 3305 1042 3361 emundaverit
1084 3321 1138 3359 se
1182 3306 1246 3386 ab
1296 3307 1441 3368 istis,
1471 3307 1578 3360 erit
1611 3323 1703 3361 vas
1745 3308 1803 3361 in
1837 3309 2086 3361 honorem

512 3399 928 3468 sanctiﬁcatum,
953 3408 1001 3451 et
1039 3387 1428 3453 utile'Domino
1457 3399 1526 3453 ad
1543 3416 1694 3454 omne
1721 3417 1852 3472 opus
1891 3400 2086 3455 bonum

509 3490 818 3559 paratum“.
874 3488 1103 3544 Constat
1142 3497 1325 3544 autem
1387 3491 1766 3561 purgationem
1802 3493 2088 3546 voluntate

513 3584 653 3638 ﬁeri.
687 3580 750 3638 Si
777 3583 895 3653 quis
946 3582 1118 3646 eriim,
1181 3582 1381 3652 inquit,
1411 3583 1777 3638 emundaverit
1808 3600 1884 3638 se.
1919 3582 2092 3655 Atqui

514 3673 859 3730 consectaria
893 3675 1186 3729 conversio
1211 3689 1278 3729 ex
1311 3674 1546 3730 adverso
1572 3675 1892 3745 respondet,
1920 3675 2091 3745 quod,

516 3768 564 3822 si
597 3781 708 3821 non
738 3765 1140 3829 emundaverit,
1178 3766 1286 3820 erit
1307 3780 1407 3822 vas
1434 3767 1489 3821 in
1514 3767 1936 3833 contumeliam,
1968 3767 2094 3822 inu-

515 3856 611 3911 tile
664 3854 918 3916 Domino.
952 3869 1017 3908 ac
1043 3854 1272 3925 dignum
1324 3857 1470 3927 quod
1507 3857 1909 3928 confringatur.
1939 3857 2089 3925 Quo-

514 3944 664 3999 circa
696 3954 808 3998 tum
849 3944 1005 3998 locus
1065 3943 1154 3998 bic
1179 3959 1342 4014 quem
1398 3945 1750 4010 adduximus,
1779 3955 1893 4000 tum
1949 3947 2041 4002 ille
2073 3965 2087 4002 :

513 4036 786 4091 Conclusit
834 4035 978 4092 Deus
1013 4052 1188 4110 omnes
1228 4036 1604 4092 incredulitate
1630 4039 1768 4105 ';et
1799 4039 1946 4094 iste:
1982 4038 2090 4092 De-

2678 1751 2929 1808 ΚΕΦΑΛ.
2969 1750 3050 1804 ιθσ
3087 1749 3250 1823 [ΗΒ]-

2274 1845 2395 1898 Ὄτι
2423 1833 2536 1898 οὐκ
2568 1843 2702 1897 ἐστι
2731 1843 2806 1914 (2)
2833 1841 2952 1897 τῶν
2978 1841 3183 1897 κακῶν
3208 1843 3397 1908 αττιος
3427 1845 3461 1896 ὁ
3500 1844 3669 1908 Θεός.

2199 1945 2204 1948 ’
2251 1934 2372 2006 Χρὴ
2403 1933 2623 1998 εἰδέναι,
2662 1935 2746 1988 ὅτι
2779 1933 2900 1998 ἔθος
3034 1933 3155 2005 Θείᾳ
3198 1933 3533 2005 Γραφῇ,τὴν
3580 1951 3762 2005 παρα-

2178 2025 2421 2098 χώρησιν
2451 2025 2548 2080 τοῦ
2585 2024 2744 2092 Θεοῦ,
2771 2025 3054 2097 ἐνέργειαν
3079 2024 3245 2080 αὑτοῦ
3279 2025 3483 2091 καλεῖν,
3517 2025 3594 2090 ὡς
3630 2028 3762 2080 ὅταν

2179 2119 2316 2192 λέγῃ
2362 2123 2390 2174 6
2433 2119 2757 2184 Ἀπὸστολος
2803 2121 2862 2174 ὲν
2888 2122 2956 2192 τῇ
2988 2119 3127 2192 πρὸς
3169 2119 3474 2190 Ῥωμαίους
3508 2119 3766 2173 Ἐπιστο-

2181 2212 2246 2282 λῇ
2266 2226 2280 2241 ·
2316 2213 2386 2268 Ἠ
2410 2213 2523 2266 οὐκ
2551 2211 2676 2279 ἔχει
2709 2211 3000 2276 ἐξουσίαν
3029 2212 3062 2264 ό
3093 2211 3383 2279 κεραμεὺς
3417 2210 3524 2265 τοῦ
3555 2211 3764 2279 πηλοῦ

2181 2303 2248 2358 ἐκ
2287 2303 2394 2358 τοῦ
2438 2302 2626 2358 αὐτοῦ
2673 2301 3018 2372 φυράματος
3047 2299 3314 2369 ποιῆσαι,
3362 2301 3394 2356 ὃ
3414 2303 3533 2371 μὲν
3559 2305 3652 2370 εις
3685 2321 3764 2356 τι-

2177 2394 2304 2464 μὴν
2325 2393 2566 2458 σκεῦος,
2602 2392 2634 2446 ὃ
2671 2392 2740 2446 δὲ
2763 2395 2851 2458 είς
2879 2391 3146 2461 ἀτιμίαν;
3177 2392 3301 2446 Ὀτι
3334 2393 3432 2463 μὲν
3460 2392 3573 2465 γὰρ
3601 2394 3766 2457 αὐτὸς

2186 2488 2332 2540 ποιεῖ
2359 2484 2456 2540 καὶ
2490 2485 2665 2540 ταῦτα
2699 2485 2959 2539 κάκεῖναο
2995 2485 3159 2554 μόνος
3181 2485 3288 2556 γὰρ
3313 2486 3475 2549 αὐτὸς
3507 2488 3628 2539 ἐστι
3654 2487 3764 2560 τῶν

2186 2574 2440 2631 ἁπάντων
2487 2573 2848 2645 Δημιουργὺς,
2885 2573 3001 2627 ἀλλ’
3027 2574 3126 2627 οὐκ
3174 2575 3336 2638 αὐτὸς
3375 2575 3532 2646 τίμια
3587 2592 3767 2630 stata-

2187 2666 2468 2732 σκευάζει,
2499 2665 2533 2736 ἢ
2580 2665 2773 2736 ἄτιμα,
2803 2664 2919 2718 ἀλλ’
2951 2665 2984 2736 ἡ
3023 2664 3200 2717 οἰκεία
3244 2666 3476 2720 ἑκάστου
3508 2669 3767 2737 προαίρε-

2189 2776 2294 2824 σις.
2338 2757 2450 2812 Καὶ
2495 2756 2654 2810 τοῦτο
2695 2756 2877 2828 δῆλον,
2905 2757 2963 2823 ἐξ
2990 2749 3066 2811 ὧν
3095 2757 3122 2810 6
3151 2756 3316 2820 αὐτὸς
3355 2758 3678 2822 Ἀπόστολος
3712 2763 3768 2812 ἐν

2186 2854 2253 2923 τῇ
2303 2850 2440 2923 πρὸς
2489 2849 2753 2921 Τιμόθεον
2796 2849 3026 2921 δευτέρᾳ
3046 2848 3336 2920 Ἐπιστολῇ
3393 2865 3599 2918 φησιν·
3665 2849 3770 2902 Ἐν

2183 2943 2419 3014 μεγάλῃ
2449 2942 2610 3010 οἰκίᾳ
2641 2943 2752 2997 οὐκ
2796 2943 2927 2996 ἐστι
2967 2943 3162 3012 μόνον
3188 2943 3378 3006 σκεύη
3420 2940 3628 3010 χρυσᾶ
3672 2944 3770 2996 καὶ

2189 3034 2438 3108 ἀργυρᾶ,
2466 3035 2630 3090 ἀλλὰ
2672 3034 2770 3088 καί
2812 3034 3028 3102 ξύλινα
3059 3034 3159 3090 καί
3199 3036 3548 3104 ὀστράκινα,
3584 3036 3689 3091 καὶ
3733 3037 3770 3090 ιι

2181 3127 2300 3198 μὲν
2325 3130 2412 3194 είς
2446 3124 2644 3196 τιμὴν,
2671 3124 2712 3180 d
2736 3124 2806 3178 δὲ
2829 3127 2916 3190 είς
2943 3125 3204 3194 ἀτιμίαν.
3221 3124 3364 3179 Ἐὰν
3391 3120 3507 3200 οὖν
3549 3142 3643 3192 τις
3675 3127 3771 3180 ἐκ·

2187 3221 2414 3290 καθάρῃ
2445 3219 2663 3274 ἑαυτὸν
2687 3217 2806 3273 ἀπὸ
2830 3219 3079 3282 τούτων,
3109 3217 3282 3272 ἐσται
3311 3217 3536 3286 σκεῦος
3566 3222 3659 3284 εἱς
3701 3237 3774 3271 n-

2183 3313 2332 3385 μὴν,
2365 3310 2734 3382 ἡγιασμένον
2763 3309 2862 3364 καί
2881 3311 3224 3379 εὔχρηστον
3255 3310 3334 3376 τῷ
3357 3311 3656 3379 Δεσπότῃ,
3686 3312 3770 3376 εἰς

2187 3403 2312 3460 πᾶν
2363 3403 2540 3473 ἔργον
2590 3402 2817 3472 ἀγαθὸν
2865 3399 3333 3471 ἡτοιμασμένον.
3376 3401 3548 3469 Δῆλον
3586 3401 3650 3454 δὲ
3696 3402 3773 3465 ὡς

2187 3493 2451 3556 ἑκουσίως
2475 3493 2509 3563 ἡ
2542 3491 2812 3562 κάθαρσις
2825 3489 3033 3558 γίνεται
3060 3503 3076 3520 ·
3121 3489 3260 3543 Ἐὰν
3279 3488 3389 3559 γάρ
3420 3505 3532 3554 τις,
3574 3490 3771 3558 φησὶν,

2185 3581 2486 3652 ἐκκαθάρῃ
2517 3583 2768 3637 ἑαυτόν
2799 3581 2832 3652 ἡ
2860 3581 2916 3634 δὲ
2943 3579 3237 3644 ἀκόλουθος
3263 3578 3600 3651 ἀντιστροςιιῆ
3631 3581 3776 3634 ἀντι-

2187 3678 2390 3746 φωνεῖ⁶
2419 3673 2546 3728 Ἐὰν
2576 3673 2633 3726 δὲ
2665 3673 2742 3744 μὴ
2770 3672 3078 3744 ἐκκαθάρῃ,
3133 3671 3286 3725 ἔσται
3317 3670 3510 3734 σκεῦος
3538 3671 3619 3734 είς
3658 3673 3777 3724 ἁτιο

2187 3767 2336 3837 μίαν,
2383 3766 2657 3838 ἄχρηστον
2708 3763 2788 3834 τῷ
2829 3763 3098 3834 Δεσπότῃ,
3147 3761 3438 3833 συντριϐἦς
3492 3760 3668 3827 ἄξιον.
3701 3761 3776 3815 Τδ

2183 3857 2278 3914 οὖν
2329 3858 2694 3932 προκείμενον
2745 3854 2948 3928 ῥητὸν,
3002 3855 3098 3910 καὶ
3143 3855 3235 3908 τό·
3283 3853 3696 3908 Συνέκλεισεν
3741 3857 3776 3908 ὀ

2189 3952 2334 4018 Θεὸς
2360 3951 2593 4017 πάντας
2627 3953 2718 4016 εις
2749 3949 3062 4004 ἀπείθειαν
3081 3964 3096 3980 ο
3128 3947 3224 4000 καὶ
3250 3947 3312 4000 τό
3334 3964 3347 3978 θ
3378 3945 3647 4000 Ἔδωκεν
3670 3949 3780 4000 αὑ-

2186 4044 2312 4110 τοῖς
2338 4047 2371 4098 ό
2399 4042 2545 4110 Θεὸς
2571 4040 2809 4111 πνεῦμα
2841 4039 3246 4105 κατανύξεως,
3275 4037 3626 4107 ὀφθαλμοὺς
3667 4039 3780 4092 τοῦ

513 4125 593 4179 dit
636 4126 712 4180 eis
741 4124 880 4179 Dens
906 4126 1152 4195 spiritum
1186 4128 1629 4196 compunctionis,
1655 4128 1834 4183 oculos
1879 4137 1937 4182 ut
1987 4145 2080 4184 non

2181 4135 2268 4206 μὴ
2306 4124 2584 4202 βλέπειν,
2628 4132 2730 4188 καὶ
2769 4128 2893 4189 ὦτα
2953 4131 3062 4187 τοῦ
3112 4131 3199 4202 μὴ
3248 4131 3525 4186 ἀκούειν’
3595 4130 3782 4184 ταῦτα

512 4215 744 4281 uideant,
801 4224 850 4270 et
873 4232 1027 4270 aures
1057 4225 1113 4269 ut
1154 4232 1259 4270 non
1306 4216 1530 4271 audiant
1575 4218 1632 4282 ⁶;
1675 4218 1812 4282 haec,
1844 4215 2090 4288 inquam,

513 4309 700 4364 omnia
739 4322 850 4362 non
908 4307 985 4361 ita
1017 4307 1342 4378 accipienda
1389 4318 1542 4373 sunt,
1599 4309 1758 4379 quasi
1793 4309 1940 4365 Deus
1969 4311 2084 4366 hmc

515 4401 633 4474 ipse
657 4399 922 4464 effecerit,
942 4399 1038 4454 sed
1069 4399 1216 4469 quod
1245 4399 1580 4470 permiserit,
1604 4410 1719 4455 tum
1755 4401 1826 4456 ob
1867 4402 2084 4457 arbitrii

513 4492 847 4554 libertatem,
879 4498 993 4545 tum
1019 4489 1148 4560 quia
1173 4489 1376 4544 bonum
1422 4490 1696 4561 ejusmodi
1737 4499 1950 4547 natura:
1977 4500 2081 4559 est,
2115 4513 2162 4570 ι)

514 4592 627 4638 uta
655 4583 706 4637 vi
729 4589 784 4636 et
805 4581 1093 4636 coactione
1131 4579 1366 4635 liberum
1397 4580 1490 4637 sit.

2188 4225 2390 4289 πάντα,
2426 4225 2525 4294 οὐχ
2565 4223 2640 4287 ὡς
2685 4224 2780 4276 τοῦ
2813 4220 2950 4275 Θεοῦ
2995 4221 3394 4291 ὲνεργήσαντος
3441 4216 3780 4287 ἐκληπτὼν,

2189 4313 2303 4369 ἀλλ’
2333 4314 2407 4376 ὡς
2434 4313 2526 4368 τοῦ
2556 4312 2690 4366 Θεοῦ
2731 4314 3253 4384 παραχωρήσαντος,
3283 4310 3371 4364 διὰ
3407 4310 3469 4364 τὸ
3512 4310 3784 4376 αὐτεξού-

2192 4425 2306 4462 σιον
2335 4407 2430 4460 καὶ
2457 4406 2518 4459 τὸ
2549 4404 2810 4460 ὰϐίαστον
2838 4402 2977 4459 εἶναι
3003 4403 3064 4458 τὸ
3091 4402 3282 4457 καλόν.

582 4737 833 4827 ξ’]ᾷρίει.
866 4745 1328 4827 ορριοεςιῖοοηοιξ
1349 4747 1610 4827 Acacium
1640 4746 1897 4827 Melitinae
1915 4749 2266 4827 episcopum,
2298 4745 2458 4818 longe
2508 4763 2538 4802 a
2557 4748 2832 4827 .medio."
2860 4746 3178 4827 ’_Damasc.n
3177 4733 3588 4827 ρίαξβοηξιμ
3596 4735 3786 4827 (£1!in-

511 4809 536 4842 ⁸
564 4805 730 4878 Rom}
759 4828 834 4878 rx,
903 4805 994 4868 "2|.
1036 4805 1092 4848 ’⁸
1111 4815 1277 4870 Basil.
1312 4816 1502 4871 homil.

453 4965 456 4968 ἢ
512 4877 604 4933 32.
675 4879 698 4911 ⁸
731 4877 834 4939 lsa.
872 4899 946 4952 vr,
987 4885 1094 4952 10;
1136 4884 1297 4941 Rom.
1337 4902 1416 4951 xl,
1457 4887 1547 4942 10.

1543 4815 1702 4884 Quod
1744 4817 1891 4874 Deus
1929 4806 2038 4876 rion

2181 4824 2191 4870 ι
2249 4806 2423 4871 auct:
2463 4819 2660 4875 malor.
2740 4817 2760 4850 ⁸
2791 4814 2832 4872 Il
2861 4815 3003 4871 Tim.
3036 4832 3097 4886 ιι,
3145 4810 3237 4878 90,
3289 4808 3385 4863 21.
3459 4808 3481 4838 ⁵
3514 4806 3685 4858 Horn.
3727 4821 3790 4864 II.

1793 5043 2026 5102 νΑιιιιΕ
2044 5044 2358 5104 .LECTION
2369 5045 2468 5103 ES.

585 5135 612 5164 ι
635 5125 774 5196 Cod.
830 5125 883 5182 S.
930 5126 1038 5183 Hil.
1061 5135 1116 5184 et
1156 5126 1288 5201 Reg.
1319 5129 1356 5184 2
1380 5130 1680 5188 δείκνυται.

2025 5220 2256 5279 NOTAE.

587 5308 664 5378 (2)
686 5309 825 5378 ,Ὅτι
851 5312 962 5365 οὐκ
989 5312 1144 5367 ἐστι.
1183 5312 1347 5367 Deum
1386 5323 1654 5369 auctorem
1693 5313 1956 5369 malorum
1984 5330 2088 5369 non

513 5377 653 5458 esse.
683 5377 798 5458 Hoc
826 5451 838 5458 ι
863 5389 1170 5458 posuerunt
1215 5382 1512 5458 Dlatonici,
1538 5381 1812 5458 Gnostici2
1835 5392 1890 5439 et
1917 5383 2089 5438 Mani-

512 5451 673 5530 chsei,
697 5451 788 5518 qui
826 5451 1032 5530 idcirco
1054 5453 1336 5530 materiam
1369 5454 1480 5530 Deo
1511 5468 1748 5509 coaavam
1784 5454 2085 5530 finxerunt,

508 5523 671 5589 cujus
696 5523 886 5592 nes_cio
912 5523 1034 5589 quis
1065 5525 1283 5592 genius,
1344 5525 1612 5578 malorum
1655 5524 1902 5578 omnium
1944 5533 2090 5580 esset

503 5597 719 5664 auctor.
766 5590 1018 5664 Quorum
1075 5590 1404 5664 sceleratum
1446 5592 1643 5664 dogma
1682 5593 1779 5648 SS.
1816 5593 2008 5649 Patres
2031 5603 2088 5647 ut

495 5662 940 5734 exhon'uerunt,
971 5661 1052 5716 sic
1085 5661 1177 5719 Dei
1239 5677 1460 5733 quoque
1491 5661 1846 5722 sanctitatem
1879 5679 2086 5736 pr0pu-

2194 5309 2744 5384 gnarnnt.‘lrenaeus,
2776 5310 3009 5384 Eusebio
3043 5321 3099 5368 et
3143 5311 3482 5384 liioronymo
3514 5295 3818 5384 testibus,!

2196 5379 2392 5452 librum
2455 5379 2886 5452 DeAmonarcIn'a
2946 5383 3192 5452 scripsit,
3239 5385 3294 5438 in
3353 5379 3468 5452 quo
3508 5383 3794 5438 adversus

2195 5451 2478 5506 Florinum
2532 5450 2954 5507 demonstrabat
3005 5450 3176 5508 Deum
3211 5469 3321 5508 non
3353 5450 3482 5508 esse
3520 5452 3790 5520 opiﬁcem

2196 5522 2348 5576 mali.
2387 5520 2463 5574 De
2505 5521 2606 5574 hoc
2646 5530 2972 5591 argumento
3031 5532 3216 5577 exstat
3271 5523 3457 5578 Basilii
3525 5522 3790 5591 hontilia.

2194 5606 2361 5660 quam
2393 5589 2769 5662 iin_cpitomen
2801 5593 3050 5662 coegisse
3094 5593 3290 5649 Noster
3335 5595 3572 5646 videtur.
3613 5589 3794 5648 Plura

2195 5658 2251 5716 in
2281 5661 2436 5718 libris
2461 5658 2687 5717 Patrum
2723 5658 3027 5718 occurrunt
3054 5665 3246 5722 eodem
3267 5663 3590 5721 recidentia.
