3926 6292
163 302 291 368 “93

1142 301 1238 359 DE
1276 288 1453 360 FIDE
1490 298 1951 361 ORTHODOXA
1983 304 2131 366 LIB.
2174 307 2269 367 IV.

3256 303 3391 370 119i

134 450 135 459 η
220 411 334 482 ἰ’ήν
379 405 473 463 οὖν
525 406 915 478 παραχώρητιν
964 404 1150 470 αὐτοῦ,
1189 406 1263 468 ὼς
1313 405 1600 475 ἐνέργειαν
1628 405 1723 457 καὶ

1900 406 2198 477 Scriptura:
2255 424 2388 480 ergo
2426 414 2769 470 consuetudo
2820 423 2921 477 est,
2956 419 3014 467 ut
3040 412 3130 468 Dei
3162 418 3391 484 permis-

157 503 371 571 ποίησιν
400 499 561 553 αὑτοῦ
596 499 775 567 λέγειν
804 496 1031 566 σύνηθες
1072 500 1136 565 τῇ
1171 496 1289 567 θείᾳ
1319 498 1543 568 Γραφῇ’
1586 495 1721 550 ἀλλὰ

158 594 260 663 μὴν
287 593 379 646 καὶ
406 593 493 645 ὅτε
524 588 655 659 φησὶ
682 590 804 643 ’τόν
842 588 989 642 Θεὸν
1027 586 1244 647 κτίζειν
1271 588 1446 649 κακὰ,
1494 587 1590 640 καὶ
1633 586 1719 655 μὴ

154 682 301 739 εἶναι
328 685 397 736 ἐν
422 684 590 736 πόλει
628 682 845 734 κακίαν
869 679 947 745 ἢν
971 684 1001 732 ό
1027 681 1239 747 Κύριος
1264 682 1373 731 οὐκ
1413 681 1719 745 ἐποίησεν,

154 776 213 829 οὐ
246 773 430 828 κακῶν
463 774 636 825 αίτιον
663 772 755 824 τὸν
784 772 915 824 Θεὸν
943 772 1234 833 δείκνυσιν,
1255 771 1370 824 ἀλλ’
1402 771 1590 841 ἐπειδὴ
1613 771 1723 822 δισο

155 865 434 934 ἐμφατονν
467 863 529 916 τὸ
580 865 675 932 τῆς
720 862 917 924 κακίας
957 860 1144 930 ὄνομα,
1178 860 1270 913 δύο
1304 863 1595 930 σημαῖνον·
1630 861 1724 912 καὶ

154 956 283 1008 ποτε
331 956 429 1024 μὲν
462 954 570 1025 γὰρ
601 956 660 1005 τὸ
697 955 764 1023 τῇ
817 952 977 1019 φύσει
1035 953 1200 1004 κακὸν
1232 951 1401 1022 δηλοῖ,
1460 953 1596 1021 ὅπερ
1630 954 1722 1004 ’ὲν-

156 1046 336 1100 αντίον
363 1047 478 1099 ἐστὶ
503 1048 567 1115 τῇ
596 1046 786 1115 ἀρετῇ,
821 1044 915 1096 καὶ
944 1047 1007 1114 τῇ
1026 1042 1119 1096 τοῦ
1149 1043 1283 1096 Θεοῦ
1310 1043 1527 1113 θελήσει
1553 1060 1565 1071 ·
1593 1043 1724 1095 ποτὲ

151 1139 208 1191 δὲ
236 1139 293 1190 τὸ
331 1137 464 1203 πρὸς
491 1136 589 1206 τὴν
616 1135 888 1205 ἡμετέραν
915 1135 1166 1205 αἴσθησιν
1201 1133 1377 1186 κακὸν
1410 1133 1504 1185 καὶ
1529 1134 1724 1188 ἐπίπο-

154 1246 267 1289 νον,
294 1228 459 1297 ήγουν
490 1226 587 1290 τὰς
618 1226 827 1294 θλίψεις
865 1227 960 1279 καὶ
996 1225 1312 1294 ἐπαγωγὰς.
1346 1217 1516 1278 Αὖται
1543 1226 1620 1292 δὲ,
1647 1226 1725 1296 τῷ

157 1322 259 1390 μὲν
304 1320 479 1372 δοκεῖν
517 1318 686 1371 κακαί
720 1318 845 1383 εἰσι,
880 1317 1129 1385 ἁλγειναὶ
1156 1316 1545 1387 τυγχάνουσαι,
1576 1317 1725 1387 τῇδὲ

152 1409 407 1480 ἀληθεία,
435 1408 666 1476 ἀγαθαί⁸
696 1407 1033 1477 ἐπιστροφῆς
1064 1407 1171 1478 γὰρ
1212 1407 1309 1460 καὶ
1344 1408 1614 1478 σωτηρίας
1639 1408 1726 1476 γί-

152 1518 338 1554 νονται
383 1503 495 1564 τοῖς
541 1498 778 1552 συνιοῦσι
808 1500 1057 1570 πρόξενοι
1079 1513 1092 1526 °
1126 1498 1328 1562 ταύτας
1355 1498 1442 1551 διὰ
1472 1500 1608 1552 Θεοῦ
1638 1500 1726 1567 γί-

150 1591 342 1646 νεσθαί
370 1608 532 1661 φησιν
556 1591 588 1660 ή
618 1591 826 1660 Γραφή.

222 1681 423 1734 ’ἰστέον
446 1680 505 1757 δε
526 1679 601 1743 ὡς
633 1680 726 1732 καὶ
750 1679 953 1732 τούτων
988 1680 1148 1749 ἡμεῖς
1182 1681 1349 1748 ἐσμεν
1392 1680 1577 1734 αἴτιοι.
1606 1681 1726 1734 Τῶν

148 1774 262 1847 γὰρ
296 1773 560 1827 ἑκουσίων
587 1773 769 1827 κακῶν
803 1774 872 1826 τὰ
905 1773 1174 1829 ἀκούσιάι
1201 1776 1337 1829 εἰσιν
1361 1775 1579 1844 ἔκγονα.

220 1953 339 2007 Καὶ
371 1951 527 2006 τοῦτο
556 1951 613 2005 δὲ
644 1951 838 2013 ἰστέον,
880 1952 956 2004 ὃτι
989 1950 1109 2014 ἔθος
1137 1953 1203 2021 τῇ
1232 1952 1447 2021 Γραφῇ,
1481 1950 1603 2004 τινὰ
1629 1953 1722 2004 ὲκ-

149 2034 398 2105 ὄᾶτικῶς
444 2042 725 2111 ὀφείλοντα
770 2040 1045 2109 λέγεσθαι,
1077 2040 1452 2109 αἱτιολογικῶς
1500 2040 1680 2108 λέγειν
1707 2056 1718 2069 ο

146 2133 224 2197 ὡς
257 2133 356 2186 τόο
410 2133 511 2187 Σοὶ
556 2136 722 2202 μόνῳ
756 2133 1043 2203 ἥμαρτον,
1073 2133 1171 2188 καὶ
1220 2132 1285 2185 τὸ
1325 2134 1591 2202 πονηρὸν
1633 2134 1729 2185 ἐν·

150 2222 347 2277 ὠπιὸν
378 2240 491 2279 σου
526 2224 801 2292 ἐποῖησα,
832 2223 991 2286 ὅπως
1031 2223 1107 2277 ἂν
1137 2222 1459 2291 δικαιωθῇς
1496 2222 1566 2276 ἐν
1605 2223 1728 2289 τοῖς

148 2319 369 2384 λόγοις
399 2332 533 2379 σου,
568 2316 665 2369 καὶ
699 2314 959 2384 νικήσῃς
986 2316 1055 2369 ἐν
1087 2314 1166 2380 τῷ
1194 2315 1504 2383 κρίνεσθαί
1524 2331 1613 2368 σε.
1651 2317 1727 2368 Οὐ

147 2407 260 2476 γὰρ
289 2409 319 2460 6
350 2407 697 2477 ἁμαρτήσας,
731 2408 817 2461 ἵνα
847 2407 1044 2479 νικήσῃ
1075 2408 1103 2458 6
1135 2404 1287 2471 Θεὸς,
1314 2406 1579 2475 ἥμαρτεν,
1603 2404 1727 2458 οὔτε

144 2498 205 2552 δὲ
230 2501 259 2552 6
289 2498 428 2559 Θεὸς
470 2496 635 2550 ἐδεῖτο
664 2498 764 2566 τῆς
796 2495 951 2565 ήμῶν
976 2494 1273 2566 ἁμαρτίας,
1304 2492 1391 2547 ἵνα
1425 2496 1490 2546 ὲκ
1526 2494 1728 2565 ταύτης

146 2589 430 2659 νικητὴς]
476 2588 742 2657 ἀναφανῇ.
796 2586 955 2654 Φέρει
1018 2586 1126 2653 γὰρ
1191 2585 1539 2655 ἁσυγκρίτως
1588 2586 1730 2638 κατὰ

150 2681 378 2733 πάντων
428 2679 521 2732 καὶ
563 2679 637 2749 μὴ
672 2678 1094 2748 ἁμαρτανόντων
1146 2676 1215 2729 τὰ
1258 2678 1590 2747 νικητήρια,
1636 2678 1727 2747 61]-

151 2770 421 2842 μιουργὸς
473 2769 570 2834 ὢν,
611 2770 705 2822 καὶ
750 2769 1155 2838 ἀκατάληπτος,
1183 2766 1279 2822 καὶ
1329 2769 1601 2833 ἄκτιστος,
1636 2770 1730 2823 καὶ

146 2859 395 2930 φυσικὴν
439 2862 575 2929 ἔχων
608 2859 708 2929 τὴν
750 2859 929 2923 δόξαν,
969 2856 1061 2911 καὶ
1105 2859 1204 2910 οὐκ
1232 2858 1555 2928 ἐπίκτητον⁸
1604 2861 1730 2914 ἀλλ’

143 2953 230 3004 ὃτι
266 2950 433 3022 ἡμῶν
463 2950 906 3021 ἁμαρτανόντων,
932 2950 1031 3003 οὐκ
1059 2948 1242 3012 ἄδικός
1274 2951 1420 3003 ἐστιν
1454 2952 1729 3023 ἐπιφέρων

143 3042 249 3112 τὴν
282 3042 456 3111 ὀργήν
477 3059 491 3073 -
526 3042 618 3095 καὶ
646 3042 971 3110 ημετανοοῦσι
1001 3040 1321 3111 συγχωρῶν,
1356 3041 1582 3113 νικητὴς
1626 3043 1727 3113 τῆς

142 3133 436 3203 ἡμετέρας
482 3134 678 3196 κακίας
723 3131 1132 3186 ἀναδείκνυται⁸
1170 3132 1269 3185 οὐκ
1314 3133 1407 3185 ἐπὶ
1459 3132 1635 3203 τούτῳ
1674 3133 1731 3185 δὲ

143 3223 317 3293 ἡμεῖς
352 3224 758 3293 ἁμαρτάνομεν,
782 3223 895 3277 ἀλλ’
919 3224 1000 3276 ὅτι
1022 3223 1192 3286 οὕτως
1212 3223 1575 3283 ἁποϐαίνειτὸ
1596 3226 1734 3295 πρᾶ-

140 3332 291 3383 γμα.
321 3314 556 3384 “nemp,
586 3313 682 3366 ἐὰν
712 3313 944 3382 κάθηταί
966 3331 1048 3376 τις
1078 3314 1463 3384 ἐργαζόμενος,
1496 3314 1648 3383 φίλος
1675 3314 1731 3367 δέ

141 3422 232 3467 τις
265 3405 495 3472 ἐπιστῇ,
515 3404 681 3472 φησιν
708 3403 789 3455 ὅτι
811 3403 924 3457 Ἵνα
947 3403 1082 3472 μηδὲ
1117 3404 1356 3475 σήμερον
1389 3405 1732 3473 ὲργάσωμαι,

139 3493 495 3567 παρεγένετο
543 3496 571 3546 6
615 3494 784 3563 φίλος.
802 3494 858 3547 Ὀ
893 3494 993 3565 μὲν
1039 3490 1132 3548 οὖν
1179 3495 1331 3563 φίλος
1380 3495 1478 3564 οὐχ
1516 3494 1611 3548 ἴνα
1658 3495 1733 3564 μὴ

146 3585 473 3656 ἐργάσηται
515 3583 865 3653 παρεγένετο,
894 3582 1035 3637 οὕτω
1062 3584 1118 3637 δὲ
1151 3585 1366 3655 ἀπέ6η¹
1397 3583 1731 3654 ἀσχολούμε-

138 3692 236 3739 νος
286 3674 405 3744 γὰρ
438 3673 564 3744 περὶ
593 3674 691 3744 τήν
724 3673 814 3726 τοῦ
848 3672 1003 3743 φίλου
1034 3674 1325 3745 ἀποδοχὴν,
1357 3675 1458 3727 οὐκ
1502 3673 1734 3745 ἐργάζε-

138 3783 259 3819 ται.
297 3765 535 3833 Λέγεται
581 3766 676 3817 καὶ
722 3763 895 3818 ταῦτα
937 3764 1223 3828 ὲκὸατικὰ,
1255 3766 1336 3817 ὄτι
1378 3762 1551 3827 οὕτως
1596 3765 1733 3817 ἁπο-

138 3857 405 3911 6αίνουσι
434 3856 503 3909 τὰ
530 3856 848 3926 πράγματα.
876 3857 950 3910 Οὐ
984 3856 1125 3910 θέλει
1153 3857 1209 3910 δὲ
1236 3858 1264 3909 6
1294 3855 1427 3920 Θεὸς
1459 3855 1620 3927 μόνος
1654 3854 1731 3909 εἷ-

137 3965 231 4001 ναι
265 3947 508 4010 δίκαιος,
537 3946 674 3999 ἀλλὰ
704 3946 909 4011 πάντας
942 3946 1259 4018 ὁμοιοῦσθαι
1294 3946 1441 4018 αὐτῷ
1476 3946 1616 4001 κατά
1641 3948 1731 4000 δύ-

138 4055 336 4109 ναμιν.

665 4305 916 4359 usam.
956 4307 1021 4359 κο
1061 4304 1222 4379 [ψη.

618 4395 746 4448 Ὅτι
790 4398 861 4450 οὺ
912 4395 1021 4449 δύο
1071 4398 1272 4466 ἀρχαί.

207 4490 342 4541 Ὅτι
390 4487 459 4540 οὐ
507 4485 599 4539 δύο
646 4487 832 4557 ἀρχαὶ.
868 4487 964 4557 μία
998 4488 1196 4558 ἀγαθὴ.
1230 4489 1325 4542 καὶ
1363 4489 1462 4558 μία
1496 4495 1723 4564 πονηρὰ.

131 4580 400 4634 ἐντεῦθεν
434 4577 980 4647 εἰσόμεθα.Ἐναντία
1009 4577 1117 4649 γὰρ
1150 4577 1402 4647 ἀλλήλοις
1434 4579 1494 4632 τὸ
1528 4581 1727 4649 ἀγαθὸν

130 4668 233 4720 καὶ
260 4668 327 4720 τὸ
359 4664 627 4734 πονηρὸν,
663 4664 756 4717 καὶ⁵
802 4664 1046 4735 ἀλλήλων
1092 4665 1385 4737 φθαρτικὰ,
1421 4669 1513 4719 καὶ
1545 4670 1602 4721 ἐν
1636 4671 1729 4724 ἀλ-

128 4756 342 4824 λήλοις,
372 4753 409 4824 ἢ
474 4752 570 4804 σὺν
614 4751 859 4821 ἀλλήλοις
909 4752 1007 4821 οὐχ
1056 4752 1433 4822 ὑφιστάμενα·
1481 4755 1537 4805 ὲν
1573 4753 1729 4825 μέρει

127 4847 320 4899 τοίνυν
362 4843 579 4896 τούτων
609 4842 836 4894 ἕκαστον
867 4841 1017 4894 ἔσται
1049 4842 1141 4895 τοῦ
1177 4843 1397 4907 παντός.
1432 4842 1542 4896 Καὶ
1574 4844 1727 4914 πρῶ-

128 4955 224 4991 τον
279 4937 389 5005 μὲν
438 4935 967 5004 περιγραφήσονται,
1000 4934 1097 5003 οὐκ
1130 4934 1234 4987 ὑπὸ
1273 4934 1367 4987 τοῦ
1396 4936 1596 4999 παντὸς
1630 4936 1728 5005 μό-

127 5050 245 5093 νον,
277 5030 426 5083 ἀλλὰ
479 5028 573 5080 καὶ
612 5026 717 5080 ὑπὸ
749 5028 947 5097 μέρους
978 5027 1072 5080 τοῦ
1105 5028 1303 5092 mm;
1345 5027 1554 5083 τούτων
1596 5029 1728 5083 ἕκα-

127 5139 283 5174 σῖτίν.

1827 498 2033 548 sionem
2068 506 2246 562 vocet,
2302 515 2365 553 ac
2398 501 2443 555 si
2469 502 2589 571 ejus
2642 502 2785 556 actio
2809 512 2866 557 et
2889 518 3025 572 opus
3053 514 3221 561 esset.
3251 506 3391 574 Quin

1826 586 1987 639 etiam
2019 604 2142 641 eum
2173 605 2200 642 a
2237 591 2342 645 Deo
2381 594 2525 647 mala
2568 598 2736 649 creari
2769 597 2912 661 ait’,‘
2935 614 3023 651 nec
3055 614 3167 651 esse
3196 582 3396 652 malum

1828 676 1880 724 in
1924 677 2132 730 civitate
2158 681 2296 748 quod
2327 699 2429 735 non
2462 684 2643 751 fecerit
2694 686 2952 740 Dominus
2973 690 3013 754 ⁸,
3047 690 3133 743 his
3168 691 3350 746 verbis
3373 692 3395 722 ’

1831 764 1997 819 Deum
2044 771 2308 825 malorum
2342 782 2620 829 auctorem
2676 792 2801 831 esse
2861 780 3085 834 minime
3114 782 3393 837 ostendit:

1830 857 1925 911 sed
1956 860 2085 927 quia
2119 863 2247 916 mali
2280 866 2605 920 vocabulum
2656 882 2855 936 anceps
2879 879 2979 935 est,
3008 871 3398 943 duplicemque

1831 946 2286 1015 signiﬁcationem
2312 952 2493 1007 habet.
2529 953 2807 1010 Interdum
2834 958 2981 1012 enim
3004 960 3054 1011 id
3076 961 3226 1029 quod
3269 978 3399 1017 suav

1832 1044 1919 1105 pte
1948 1048 2144 1094 natura
2195 1043 2396 1096 malum
2450 1056 2535 1099 est
2564 1046 2785 1111 indicat,
2823 1048 2966 1116 quod
3018 1052 3236 1119 quidem
3265 1069 3392 1108 cum

1832 1128 2036 1183 virtute
2067 1144 2131 1183 ac
2155 1129 2249 1184 Dei
2312 1132 2593 1190 voluntate
2650 1145 2857 1205 pugnat
2890 1153 2902 1188 :
2943 1138 3218 1194 interdum
3247 1144 3395 1211 quod

1832 1220 2018 1274 sensui
2068 1229 2267 1277 nostro
2298 1223 2500 1277 malum
2526 1240 2591 1279 ac
2617 1228 2906 1282 molestum
2942 1238 3047 1293 est,
3078 1233 3226 1286 velut
3258 1234 3396 1289 allii-

1833 1309 2045 1364 ctiones
2076 1319 2130 1363 et
2184 1312 2444 1367 immissae
2496 1314 2878 1383 calamitates;
2910 1327 2965 1372 at
2992 1335 3184 1376 revera
3217 1323 3395 1379 home.

1833 1398 1907 1452 lis
1945 1400 2092 1453 enim
2116 1402 2210 1470 qui
2237 1403 2456 1472 sagacis
2488 1404 2657 1457 animi
2691 1413 2838 1471 sunt,
2872 1409 2937 1462 nd
2977 1413 3398 1469 conversionem

1832 1493 1887 1538 et
1945 1486 2176 1542 salutem
2208 1489 2518 1545 conferunt.
2551 1492 2731 1562 Atque
2770 1494 2965 1548 harum
2989 1497 3210 1553 demum
3245 1501 3400 1557 Scri-

1834 1586 1994 1646 ptura
2018 1576 2188 1633 Deum
2221 1589 2503 1636 auctorem
2538 1598 2664 1638 esse
2705 1597 3116 1643 οοιιιιηριηοῐοι.

1905 1666 2202 1724 Sciendum
2244 1680 2427 1727 autem
2476 1681 2584 1739 est,
2630 1675 2821 1729 harum
2881 1679 3048 1732 etiam
3085 1694 3306 1736 causam
3340 1684 3398 1739 in

1754 1757 1799 1811 Β
1827 1758 1984 1815 nobis
2026 1776 2169 1815 esse.
2205 1762 2421 1817 Etenim
2480 1780 2544 1818 ex
2583 1766 2911 1824 voluntariis
2941 1770 3102 1825 malis
3142 1772 3400 1828 oriuntur

1825 1851 2218 1907 involuntaria.

1898 1940 2028 2007 Quae
2075 1951 2198 1997 sunt
2243 1955 2475 2012 eventus,
2527 1949 2819 2005 causaliter
2864 1953 3227 2009 dicuntur.—
3256 1956 3400 2011 Illud

1828 2028 1958 2084 item
1992 2029 2386 2087 advertendum
2403 2044 2487 2090 est
2510 2035 2616 2091 hoc
2636 2036 2935 2108 Scriptura;
2948 2042 3112 2113 390
3130 2044 3403 2101 familiare

1827 2136 1968 2183 esse,
2023 2132 2078 2177 ut
2138 2124 2425 2187 nonnulla,
2480 2141 2603 2196 qua:
2628 2143 2691 2182 ex
2719 2141 2917 2185 eventu
2961 2133 3071 2186 dici
3104 2134 3397 2202 debebant,

1830 2212 1903 2265 ita
1938 2213 2235 2281 exprimat,
2300 2221 2562 2285 tanquam
2596 2233 2819 2273 causam
2868 2221 3264 2292 significent".
3292 2226 3402 2279 Cu‘

1825 2304 1913 2372 jus
1969 2306 2190 2375 generis
2242 2305 2377 2360 illud
2421 2313 2507 2361 est
2542 2322 2557 2359 :
2594 2306 2712 2361 Tibi
2744 2308 2847 2362 soli
2874 2313 3082 2378 peccavi
3107 2322 3156 2365 et
3200 2313 3401 2365 malum

1828 2411 2007 2448 coram
2047 2404 2094 2450 te
2119 2395 2220 2464 feci
2244 2412 2269 2451 ς
2298 2406 2355 2448 ut
2379 2397 2694 2465 justi/iuris
2724 2399 2781 2451 in
2817 2403 3147 2457 sermonibus
3193 2403 3318 2468 tuis,
3346 2416 3404 2461 et

1830 2490 2005 2544 vincas
2038 2504 2157 2541 cum
2194 2487 2465 2556 judicaris
2490 2489 2555 2543 ".
2587 2488 2708 2544 Non
2744 2492 2890 2545 enim
2925 2493 3021 2563 qui
3044 2496 3309 2563 peccavit,
3335 2513 3403 2553 eo

1830 2582 2095 2650 peccavit,
2128 2590 2188 2634 ut
2240 2579 2384 2636 Deus
2434 2581 2722 2637 victoriam
2768 2584 3085 2641 obtineret:
3118 2603 3219 2643 nec
3271 2604 3401 2645 vero

1831 2672 1975 2729 Deus
2014 2682 2240 2743 peccato
2265 2684 2457 2728 nostro
2489 2688 2625 2743 opus
2657 2674 2909 2741 habebat,
2930 2686 2990 2731 ut
3009 2693 3076 2734 ex
3104 2679 3199 2735 illo
3223 2681 3403 2737 victor

1831 2772 2138 2834 appareret.
2176 2762 2320 2818 Deus
2351 2763 2496 2817 enim
2538 2763 2678 2817 citra
2704 2768 3178 2834 comparationem
3209 2771 3400 2837 ullam,

1828 2871 2021 2910 omnes
2050 2869 2300 2925 prorsus,
2336 2862 2504 2924 atque
2529 2854 2656 2909 illos
2685 2856 2850 2910 etiam
2884 2858 2979 2926 qui
3008 2872 3115 2912 non
3148 2869 3400 2929 peccant,

1829 2948 1999 3001 vincit
2035 2962 2097 3000 ac
2122 2954 2362 3016 superat,
2382 2953 2442 2999 ut
2468 2946 2563 3016 qui
2590 2962 2772 3002 rerum
2796 2949 3048 3005 conditor
3070 2950 3160 3017 sit,
3194 2951 3407 3007 incom-

1832 3037 2303 3107 prehensibilis.et
2325 3036 2626 3101 increatus,
2646 3034 3058 3111 naturalemque
3075 3056 3139 3096 ac
3167 3058 3275 3097 non
3305 3043 3405 3099 ad-

1835 3130 2113 3185 ventitiam
2145 3129 2378 3199 gloriam
2416 3129 2653 3199 habeat;
2704 3131 2798 3187 sed
2830 3134 2959 3203 quia
2981 3135 3142 3191 nobis
3169 3151 3405 3207 peccan-

1836 3221 2005 3285 tibus,
2036 3219 2170 3272 nihil
2203 3218 2407 3288 injuste
2434 3221 2570 3290 agit,
2604 3236 2732 3277 cum
2767 3222 2937 3279 infert
2967 3224 3138 3292 iram;
3166 3240 3405 3297 cumque

1836 3310 2232 3381 pmnitentibus
2256 3310 2509 3381 ignoscit,
2531 3312 2646 3366 vitii
2671 3314 2850 3368 nostri
2866 3328 2931 3369 ac
2946 3316 3205 3386 nequitiae
3224 3320 3406 3374 victor

1834 3401 2185 3465 ostenditur;
2224 3414 2333 3454 non
2366 3408 2548 3454 tamen
2596 3410 2655 3455 ut
2685 3416 2787 3458 nos
2851 3403 3062 3460 ideirco
3091 3422 3402 3476 peccemus,

1834 3492 1928 3547 sed
1955 3491 2081 3560 quia
2114 3490 2187 3545 ita
2225 3490 2516 3561 contingit.
2560 3491 2797 3571 Perinde
2822 3509 2888 3550 ac
2919 3496 2966 3550 si
2995 3497 3145 3566 quis,
3172 3498 3303 3552 dum
3334 3502 3402 3554 ad

1833 3596 1974 3652 Opus
2027 3580 2202 3648 sedet,
2268 3572 2928 3650 supervenienteamieo
2976 3586 3405 3644 dicatzldcirco

1833 3674 2043 3728 amicus
2076 3672 2245 3736 venit,
2280 3680 2338 3726 ut
2364 3672 2501 3727 nihil
2548 3674 2710 3729 hodie
2764 3675 2947 3746 operis
2984 3675 3203 3732 faciam.
3236 3679 3402 3750 Atqui

1833 3765 2044 3820 amicus
2072 3778 2182 3817 non
2215 3778 2281 3818 eo
2316 3764 2481 3828 venit,
2506 3773 2565 3818 ut
2590 3765 2725 3820 nihil
2757 3766 2849 3821 ille
2878 3768 3064 3837 operis
3095 3766 3279 3833 faciat,
3307 3770 3401 3826 sed

1835 3856 1909 3909 ita
1935 3861 2164 3910 eventus
2195 3853 2342 3907 tulit.
2378 3852 2515 3908 Nam
2548 3855 2678 3910 dum
2712 3858 2767 3912 in
2811 3859 3164 3927 suscipiendo
3188 3860 3403 3932 hospite

1831 3945 2180 4009 distrahitur,
2202 3944 2271 3999 ab
2298 3959 2460 4014 opere
2482 3945 2741 4001 abstinet.
2768 3945 3039 4003 Dicuntur
3066 3959 3247 4005 autem
3285 3952 3401 4007 lucc

1830 4038 2112 4100 eventitia,
2161 4035 2422 4106 quoniam
2471 4051 2561 4093 res
2612 4036 2688 4091 ita
2731 4039 3015 4095 eveniunt.
3047 4039 3190 4096 Deus
3235 4056 3401 4110 porro

1831 4144 1939 4184 non
1969 4130 2123 4184 solus
2142 4128 2257 4198 ipse
2274 4127 2458 4197 justus
2482 4142 2605 4184 esse
2634 4130 2771 4197 vult,
2805 4130 2900 4188 sed
2927 4141 2983 4186 et
3010 4147 3201 4188 omnes
3227 4149 3402 4203 quan-

1831 4231 1946 4275 tum
2008 4219 2125 4274 ﬁeri
2190 4228 2392 4290 potest,
2436 4220 2505 4275 ad
2553 4220 2640 4276 sui
2671 4222 3084 4280 similitudinem
3115 4226 3398 4283 accedere.

2460 4311 2615 4367 CAP.
2642 4310 2760 4367 ΧΧ.

2250 4403 2375 4458 Non
2402 4420 2515 4459 esse
2544 4404 2647 4459 duo
2673 4407 2957 4475 principia.

1900 4496 2163 4550 Adversus
2214 4494 2559 4559 Manio/usos,
2595 4512 2696 4549 non
2731 4514 2845 4551 esse
2891 4499 2996 4553 duo
3025 4499 3306 4568 principia.
3330 4530 3403 4541 -—-

1831 4587 1986 4654 Quod
2047 4601 2155 4641 non
2198 4588 2311 4642 sint
2366 4587 2477 4642 duo
2507 4588 2869 4657 principia“,
2900 4592 3135 4645 alterum
3169 4592 3398 4656 bonum,

1832 4687 1886 4734 et
1920 4678 2148 4731 alterum
2172 4678 2402 4741 malum,
2424 4677 2552 4733 hinc
2582 4679 2741 4733 nobis
2772 4689 3120 4749 perspectum
3161 4682 3267 4737 liet.
3295 4681 3402 4737 Pu-

1830 4776 2003 4840 gnant
2041 4768 2187 4822 enim
2221 4767 2364 4822 inter
2401 4782 2463 4822 se
2494 4766 2701 4823 bonum
2729 4778 2783 4823 et
2813 4770 3038 4833 malum,
3089 4786 3259 4839 seque
3283 4787 3402 4826 mu-

1835 4868 1930 4913 tuo
1956 4857 2248 4913 destruunt
2284 4872 2298 4909 :
2331 4870 2511 4925 neque
2555 4857 2788 4911 alterum
2827 4858 2882 4913 in
2918 4860 3114 4924 altero,
3147 4869 3243 4914 aut
3274 4878 3401 4916 cum

1835 4951 2010 5004 altero
2045 4955 2278 5019 possunt
2332 4946 2619 5002 exsistere.
2684 4948 2876 5019 Itaque
2912 4951 2967 5005 in
3003 4966 3103 5006 sua
3144 4955 3402 5024 quodque

1837 5052 1992 5115 parte
2043 5038 2290 5096 universi
2341 5047 2527 5093 erunt.
2556 5038 2632 5094 Ac
2664 5040 2900 5110 primum
2969 5044 3189 5113 quidem
3218 5045 3260 5077 "
3291 5062 3399 5099 non

1837 5133 1997 5188 modo
2024 5132 2092 5186 ab
2118 5131 2234 5201 ipsa
2265 5129 2645 5194 universitate,
2672 5132 2766 5186 sed
2798 5140 2853 5186 et
2875 5133 2944 5188 ab
2969 5135 3213 5191 universi
3247 5149 3401 5207 parte
3500 5212 3503 5215 ἢ

1836 5222 2353 5292 utrumque'horum
2386 5222 2900 5278 circumscribetur.

255 5340 386 5411 lsa._
439 5352 566 5411 va,
599 5336 650 5411 '_7_.
707 5337 747 5411 ξ
772 5336 937 5411 Amos
960 5353 1041 5404 Ill,
1068 5338 1149 5411 6._
1197 5338 1373 5411 [Haec
1423 5352 1644 5395 enarrat
1687 5342 1973 5411 Chrysost.
2009 5335 2268 5407 peculiari
2302 5342 2912 5411 tracta_t_u_,_et_quorum
2949 5337 3092 5411 Deus
3127 5342 3400 5398 malorum

120 5423 303 5466 causa
341 5409 443 5462 sit.
525 5407 567 5437 ¹⁶
598 5405 763 5461 Basil.
798 5409 904 5461 loc.
936 5410 1030 5463 cit.

1137 5409 1179 5442 “
1207 5408 1353 5463 Psal.
1395 5425 1441 5467 ι..
1475 5411 1529 5463 6.
1610 5413 1651 5443 ¹²
1676 5405 1881 5464 Athan.
1925 5405 2082 5463 Cant.
2125 5415 2323 5476 gentes.
2399 5406 2442 5437 "
2475 5405 2609 5460 ibid.
2641 5405 2794 5461 cam.
2829 5424 3006 5463 omnes
3037 5409 3218 5465 lueret.

1427 5519 1658 5575 VAIIIA‘J
1700 5517 2103 5577 LECTIONES.

206 5626 235 5655 ν
269 5613 446 5670 Edita
478 5609 841 5680 δυσέμφατον.
919 5619 944 5647 ³
971 5610 1326 5667 Emendatum
1352 5611 1551 5680 legitur
1577 5610 1632 5664 in
1669 5609 1733 5666 ιι.
1762 5610 1903 5666 2930
1951 5608 2047 5667 τῶν
2076 5607 2345 5662 ἀκουσίων
2375 5608 2444 5663 τὰ
2489 5609 2728 5663 ἑκούσια·
2808 5620 2835 5659 ⁷
2865 5609 3025 5666 ίδθθεί
3080 5609 3304 5684 νικητὴς
3342 5612 3401 5667 in

128 5688 278 5745 om.
482 5774 751 5835 PATROL.
794 5775 910 5835 Gn.
954 5775 1151 5835 XCIV.

2903 5766 2977 5825 38
