3926 6292
1665 325 1726 382 S.
1757 317 2077 383 JOANNIS
2105 323 2529 386 DAMASCENI
3583 311 3730 376 119ιῆ

2214 442 2443 492 Ἔπειτα
2473 441 2554 502 τίς
2575 441 2600 491 ὁ
2624 438 2722 508 τὴν
2749 439 2930 510 χώραν
2956 437 3176 507 ἑκάστῳ
3209 434 3657 507 ἀποτεμνόμενος
3678 429 3750 503 δ”

2141 533 2216 584 Οὐ
2253 531 2362 601 γὰρ
2413 531 2659 601 ἀλλήλοις
2703 529 3086 600 συνενεχθῆναι
3132 529 3224 582 καὶ
3273 527 3728 598 συμϐιϐασθῆναι

465 640 560 687 aut
583 629 765 685 foedus
779 629 1029 684 sanxisse
1052 627 1336 696 iuquient;
1361 623 1807 696 quandoquidem
1834 624 2037 679 malum

2171 627 2440 693 ›ήσουσιν’
2478 623 2600 676 ἐπεὶ
2634 622 2695 674 τὸ
2738 623 2908 676 κακὸν
2955 622 3017 674 οὺ
3065 620 3256 683 κακὸν,
3285 602 3510 690 εἰρήνην
3564 620 3728 686 ἄγον,

464 719 588 773 mali
619 734 815 773 nomen
865 718 1099 777 amittet,
1135 716 1180 770 si
1229 730 1418 784 pacem
1449 715 1618 778 colat,
1645 719 1701 767 et
1731 727 1854 766 eum
1894 712 2040 766 bono

2171 716 2280 788 πρὸς
2310 715 2371 767 τὸ
2397 714 2602 783 ἀγαθόν
2631 731 2690 766 τε
2725 711 3220 783 συμόιὸαζὸμενον,
3251 710 3361 763 οὐδ’
3401 709 3635 779 ἀγαθὸν,
3668 709 3732 760 τὸ

463 812 756 865 conveniat
786 828 799 863 :
833 826 930 864 nec
962 823 1158 863 rursus
1215 807 1419 861 bonum
1449 806 1580 860 boui
1605 820 1799 858 nomen
1833 804 2041 857 retine-

2171 811 2366 880 ιγαθὸν,
2394 810 2622 880 φιλικῶς
2674 812 2810 880 πρὸς
2856 809 2916 862 τὸ
2965 808 3135 861 κακὸν
3169 807 3536 877 διακείμενον.
3569 807 3637 859 Εἰ
3673 805 3730 857 δὲ

468 905 564 969 bit,
598 903 644 958 si
681 917 804 957 cum
841 901 985 954 malo
1033 897 1504 954 necessitudinem
1541 897 1762 950 habeat.
1795 894 1952 961 Quod
1993 897 2038 950 si

2172 919 2350 974 τερος,
2379 903 2408 954 ὁ
2451 903 2658 955 τοὺτων
2692 901 2908 971 ἑκάστῳ
2937 901 3034 971 τὴν
3067 900 3279 952 οἰκείαν
3307 899 3574 968 ἀφορίσας
3613 898 3732 950 δια-

465 994 605 1046 alius
639 993 913 1062 quispiam
943 997 1049 1052 est,
1083 991 1178 1059 qui
1233 989 1452 1058 utrique
1485 987 1668 1042 sedem
1699 986 2037 1054 attribuerit,

2175 995 2354 1066 ριδὴν,
2385 994 2590 1056 ἐκεῖνος
2611 1005 2636 1034 α
2675 993 2874 1063 μᾶλλον
2903 992 3054 1045 ἔσται
3085 992 3238 1054 Θεός,

458 1087 556 1137 ille
586 1083 726 1137 Deus
757 1083 940 1153 potius
969 1082 1094 1136 erit.

534 1173 679 1239 Quin
709 1181 763 1229 et
815 1173 1051 1226 duorum
1092 1171 1327 1224 alterum
1355 1183 1580 1224 necesse
1603 1167 1728 1230 erit,
1751 1181 1944 1235 nempe
1983 1173 2038 1220 ut

465 1265 552 1320 vel
595 1279 654 1320 se
705 1265 936 1318 invicem
969 1271 1195 1332 tangant
1227 1271 1390 1330 atque
1421 1260 1711 1314 destruant
1749 1277 1760 1312 :
1805 1258 1884 1312 vel
1925 1273 2038 1311 me-

467 1355 593 1408 dius
635 1354 910 1424 quispiam
943 1354 1095 1407 locus
1140 1354 1232 1413 sit,
1271 1351 1357 1403 ubi
1397 1366 1497 1403 nec
1529 1350 1756 1414 bonum,
1794 1363 1890 1400 nec
1922 1362 2040 1400 ma-

449 1446 579 1500 ‘lum
622 1456 890 1507 versetur,
949 1444 1100 1497 velut
1131 1450 1347 1511 septum
1403 1441 1680 1510 quoddam
1747 1439 1814 1492 ab
1869 1439 2041 1491 altero

453 331 614 396 £1195

541 451 586 483 “
605 446 810 503 Deinde
837 459 1040 515 quzcro,
1061 442 1312 514 quisnam
1337 428 1491 497 suam
1517 440 1735 509 utrique
1761 441 2034 512 regionem
2072 450 2111 501 Α

466 541 762 611 assignarit
789 539 812 591 ?
843 537 1028 607 Neque
1062 537 1208 592 enim
1245 550 1309 589 ea
1347 535 1523 588 amice
1561 533 1703 588 inter
1743 549 1801 587 se
1840 532 2038 586 coiisse

2223 1177 2462 1246 Ἀνάγκη
2505 1175 2561 1228 δὲ
2609 1174 2705 1228 καὶ
2751 1174 2897 1227 δυοῖν
2950 1173 3264 1244 θάτερον,ἦ
3310 1171 3578 1225 ἅπτεσθαι
3634 1173 3730 1224 καὶ

2143 1265 2383 1336 φθείρειν
2416 1267 2699 1337 ἀλλήλους,
2729 1266 2761 1336 ἢ
2801 1262 2940 1318 εἷναί
2982 1283 3034 1317 τι
3065 1265 3250 1333 μέσον,
3279 1265 3336 1315 ἑν
3364 1255 3408 1328 ᾧ
3435 1262 3558 1314 οὐδὲ
3589 1264 3730 1328 ἁγα-

2143 1358 2254 1422 θὸν,
2295 1358 2417 1410 οὐδὲ
2454 1359 2624 1411 κακὸν
2670 1358 2844 1418 ἔσται,
2876 1357 3068 1425 ὥσπερ
3098 1373 3148 1406 τι
3184 1354 3529 1422 διάφραγμα,
3561 1351 3731 1421 διεῖρ-

2141 1465 2238 1514 γον
2289 1449 2348 1512 ἐξ
2377 1439 2642 1518 ’ἀλλήλων
2684 1449 2989 1519 ἀμφότερα.
3025 1447 3131 1498 Καὶ
3183 1446 3282 1498 οῦκ
3331 1443 3411 1496 ἑτι
3449 1443 3562 1506 δύο,
3593 1441 3735 1496 illi

443 1539 702 1592 alterum
755 1538 1047 1590 dirimens.
1113 1535 1188 1588 lltt
1229 1537 1339 1604 jam
1373 1550 1480 1587 non
1509 1534 1640 1596 duo,
1679 1533 1774 1586 scd
1805 1532 1912 1584 tria
1948 1531 2038 1584 fu-

438 1638 590 1681 -ῑΙΙΓτΙ
618 1637 764 1680 sunt.

540 1721 746 1773 Horum
784 1721 910 1771 item
941 1720 1178 1771 alterum
1241 1719 1310 1772 sit
1350 1724 1589 1784 oportet,
1623 1729 1819 1783 nempe
1859 1721 1918 1768 ut
1951 1717 2042 1782 vel
2085 1722 2122 1784 η’

2144 1541 2292 1609 τρεῖς
2321 1539 2488 1609 ἀρχαὶ
2523 1540 2754 1592 ἔσονται.

2226 1720 2468 1788 ’Λνάγκη
2517 1719 2574 1771 δὲ
2619 1719 2713 1772 καὶ
2763 1717 2968 1770 τούτων
3000 1717 3061 1769 τὸ
3090 1717 3297 1784 ἕτερον,
3329 1715 3363 1785 ἢ
3405 1715 3735 1785 εἰρηνεύειν,

467 1825 652 1880 pacem
695 1812 837 1864 inter
873 1823 932 1862 se
979 1809 1204 1874 colant;
1233 1806 1379 1878 quod
1409 1806 1626 1876 quidem
1664 1821 1692 1858 a
1725 1806 1868 1860 malo
1905 1805 2038 1858 alie-

2171 1813 2287 1881 ἱπερ
2313 1809 2375 1862 τὸ
2401 1810 2570 1863 κακὸν
2599 1809 2660 1861 οὐ
2694 1807 2953 1862 δύναται·
2998 1807 3058 1860 τὸ
3088 1808 3196 1876 γὰρ
3223 1807 3502 1876 είρηνεῦον
3540 1805 3604 1857 οῦ
3636 1823 3738 1856 κα-

437 1939 446 1948 -.
467 1919 609 1956 num
628 1911 712 1956 est
736 1903 864 1971 (non
888 1901 1035 1953 enim
1063 1902 1265 1952 malum
1297 1907 1404 1961 est,
1428 1898 1572 1968 quod
1595 1913 1784 1967 pacem
1815 1898 2041 1963 servat),

477 1994 562 2047 vel
597 1993 740 2045 inter
779 2005 839 2044 se
865 1997 1127 2060 pugnent,
1159 1989 1306 2058 quod
1353 1989 1538 2043 itidem
1592 2003 1621 2040 a
1656 1987 1783 2041 boni
1846 1995 2043 2040 natura

469 2083 729 2137 abhorret
763 2082 931 2151 (nam
958 2081 1102 2150 quod
1161 2087 1388 2150 pugnat,
1415 2081 1617 2133 bonum
1653 2076 1900 2147 perfecte
1929 2092 2038 2130 non

467 2173 596 2236 est),
623 2171 709 2226 vel
735 2172 937 2224 malum
967 2171 1189 2240 quidem
1224 2179 1448 2240 pugnet,
1479 2169 1680 2222 bonum
1721 2175 1900 2222 autem
1934 2181 2044 2222 non

469 2269 950 2332 repugnet,verum
969 2278 1000 2315 a
1025 2261 1585 2330 malocorrumpatur,
1613 2259 1694 2313 vel
1712 2259 1764 2312 iu
1791 2267 2047 2328 perpetuo

437 2394 442 2398 -
470 2367 707 2410 merere
743 2361 796 2408 et
814 2354 1061 2408 molestia
1094 2361 1342 2407 versetur
1373 2353 1516 2420 quod
1535 2365 1666 2406 sane
1697 2365 1725 2404 a
1756 2353 1898 2405 bono
1914 2353 2048 2405 alie-

441 2481 446 2486 -
473 2461 601 2499 nom
628 2452 731 2498 est.
756 2443 1106 2512 Perspicuum
1129 2443 1294 2512 igitur
1312 2441 1468 2512 291
1491 2431 1574 2496 est
1595 2456 1764 2495 unum
1785 2440 2052 2496 duntaxat

436 2570 444 2576 -
471 2552 595 2592 esse
621 2534 955 2605 principium
989 2535 1058 2587 ab
1085 2534 1234 2587 omni
1277 2533 1420 2586 malo
1448 2533 1674 2586 liberum
1697 2540 1752 2587 et
1786 2532 2046 2586 immune.

545 2625 750 2683 “alunt
768 2627 889 2679 boni
915 2626 1164 2695 privatio,
1196 2642 1296 2678 non
1319 2625 1621 2677 substantia
1653 2624 1854 2692 aliqua.
1875 2651 1944 2661 —
1960 2622 2048 2687 At,

474 2720 750 2789 inquiunt,
775 2721 817 2772 si
847 2733 938 2772 res
969 2719 1044 2771 ita
1080 2732 1140 2772 se
1187 2717 1372 2780 habet,
1425 2731 1678 2785 qumnam
1734 2715 1862 2768 mali
1897 2713 2052 2783 origo

473 2818 558 2866 est
584 2810 664 2863 “‘l
711 2808 900 2877 Neque
928 2807 1074 2862 enim
1109 2806 1227 2860 ﬁeri
1273 2816 1470 2875 potest,
1521 2816 1578 2860 ut
1603 2805 1812 2858 malum
1842 2819 1872 2856 α
1906 2803 2052 2857 bono

438 2939 440 2941 -
471 2903 740 2973 originem
769 2903 1020 2954 traxerit.
1057 2898 1479 2968 Respondemus
1507 2899 1706 2950 malum
1742 2897 1880 2950 nihil
1905 2896 2049 2949 aliud

442 3033 444 3035 ›
472 3011 598 3050 esse
625 3007 788 3063 quam
821 2993 1180 3062 privationem
1219 2990 1369 3052 boni,
1402 2999 1564 3058 atque
1591 2989 1658 3042 ab
1687 3003 1751 3042 eo
1778 2987 1925 3058 quod
1955 3003 2054 3041 na-

477 3097 615 3139 turae
663 3090 1098 3138 consentaneum
1130 3090 1236 3144 est,
1274 3081 1330 3134 in
1367 3081 1418 3134 id
1457 3081 1606 3150 quod
1645 3090 1856 3134 natura
1883 3095 2050 3150 repu—

476 3187 626 3248 gnat,
654 3177 1036 3231 deﬂexionem.
1077 3173 1240 3228 Nulla
1296 3189 1385 3227 res
1433 3175 1577 3228 enim
1629 3180 1824 3242 suapte
1854 3181 2050 3226 natura

479 3269 620 3322 mala
648 3275 754 3322 est.
789 3267 986 3320 Omnia
1027 3265 1229 3334 quippe
1269 3277 1392 3332 qum
1417 3261 1544 3317 fecit
1581 3263 1745 3326 Deus,
1781 3272 2053 3332 quatenus

475 3363 718 3420 erstaut,
779 3355 937 3408 valde
989 3355 1130 3406 bona
1186 3353 1393 3406 sunt“.
1431 3351 1551 3418 Quo
1591 3353 1647 3405 tit
1682 3363 1759 3415 ut,
1787 3354 1916 3406 dum
1975 3354 2051 3407 ita

480 3455 730 3511 manent,
767 3446 913 3501 sicut
973 3445 1196 3500 condita
1239 3443 1415 3507 fuere,
1445 3444 1607 3498 valde
1654 3445 1795 3499 bona
1824 3445 1954 3497 sint.
1984 3443 2053 3496 At

477 3538 607 3594 dum
644 3547 841 3608 sponte
875 3539 944 3592 ab
971 3553 1037 3593 eo
1069 3539 1213 3608 quod
1253 3549 1463 3594 natura:
1487 3549 1925 3594 consentaneum
1951 3551 2054 3603 est,

478 3648 604 3691 sese
624 3632 940 3694 conferunt,
975 3633 1027 3686 in
1071 3634 1272 3687 malum
1304 3635 1584 3689 labuntur.

551 3727 712 3796 Atqui
755 3727 837 3780 sic
884 3731 1260 3794 comparatum
1291 3733 1399 3789 est,
1429 3733 1489 3778 ut
1535 3731 1737 3778 cuncta
1766 3721 2052 3779 Conditori

481 3819 748 3876 serviant,
767 3796 966 3885 illique
996 3815 1280 3869 obediant.
1309 3813 1490 3880 Quare
1519 3829 1641 3866 cum
1674 3820 2053 3867 creaturarqu

486 3914 670 3982 aliqua
735 3909 954 3964 frenum
1009 3905 1241 3970 excutit,
1294 3916 1702 3973 contumaxque
1731 3903 1789 3956 tit
1815 3904 2053 3958 creatori

485 4019 608 4066 suo,
639 4011 755 4056 tum
797 3999 1036 4068 denique
1065 3997 1150 4053 sui
1180 3999 1296 4066 ipsa
1352 3997 1467 4050 vitii
1501 4005 1696 4050 auctor
1727 4005 1830 4050 est.
1857 3995 2054 4048 Malum

483 4095 632 4150 enim
657 4108 764 4146 non
793 4089 1106 4145 substantia
1132 4087 1335 4157 aliqua,
1371 4101 1549 4156 neque
1579 4085 1900 4141 substantiae
1930 4099 2055 4153 pro-

488 4186 693 4258 prietas
754 4193 857 4244 est.
895 4181 990 4236 sed
1033 4177 1346 4243 'aecidens;
1389 4179 1491 4233 hoc
1538 4185 1642 4240 est,
1692 4193 1758 4231 ex
1813 4191 1878 4232 eo
1916 4174 2062 4244 quod

489 4286 698 4330 naturae
747 4274 1096 4342 aptissimum
1126 4277 1230 4330 est,
1275 4269 1329 4320 iu
1365 4268 1416 4320 id
1461 4265 1606 4336 quod
1645 4274 1856 4318 naturae
1904 4263 2066 4332 repu-

481 4373 640 4436 gnat,
691 4361 1000 4414 voluntaria
1031 4357 1282 4419 dellexio,
1312 4357 1428 4409 sive
1461 4361 1764 4423 peccatum.

561 4454 775 4510 Peccati
799 4466 987 4518 parens
1020 4447 1288 4510 diabolus,
1327 4448 1613 4508 voluntate,
1649 4460 1750 4496 non
1780 4455 2068 4496 natura.—

2150 1905 2245 1957 κόν
2271 1922 2284 1935 ο
2315 1904 2348 1973 ἢ
2375 1902 2665 1972 μάχεσθαι,
2687 1901 2824 1970 ὅπερ
2851 1899 2912 1952 τὸ
2941 1898 3145 1967 ἀγαθὸν
3165 1898 3224 1950 οὗ
3247 1897 3469 1950 δύναται
3491 1912 3506 1924 ο
3542 1895 3603 1946 τὸ
3628 1895 3738 1963 γὰρ

2155 1994 2462 2065 μαχόμενον
2511 1993 2573 2044 οὐ
2626 1991 2847 2052 τελείως
2879 1989 3083 2058 ἀγαθόν
3103 2005 3115 2018 '
3148 1987 3264 2058 ἢτὸ
3300 1987 3398 2057 μὲν
3428 1985 3598 2038 κακὸν
3629 1985 3740 2054 μά-

2151 2083 2364 2153 χεσθαι,
2400 2083 2458 2135 τὸ
2487 2082 2542 2135 δὲ
2573 2081 2774 2148 ἀγαθὸν
2813 2081 2886 2152 μὴ
2915 2079 3332 2150 ἀντιμάχεσθαι,
3359 2077 3474 2132 ἀλλ’
3512 2077 3622 2129 ὑπὸ
3645 2075 3740 2128 τοῦ

2154 2175 2323 2230 κακοῦ
2359 2173 2708 2244 φθείρεσθαι·
2739 2173 2772 2242 ἦ
2807 2173 2894 2226 ἀεὶ
2922 2170 3232 2232 λυπεῖσθαι,
3258 2172 3351 2223 καὶ
3371 2164 3737 2227 κακοῦσθαιδ,

2153 2269 2287 2336 ὅπερ
2331 2267 2392 2320 οὐ
2440 2265 2534 2318 τοῦ
2585 2264 2792 2333 ἀγαθοῦ
2826 2264 3144 2333 γνώρισμαο
3199 2262 3294 2333 μία
3336 2261 3513 2314 τοίνυν
3567 2259 3741 2330 ἀρχὴ,

2155 2359 2333 2429 πάσης
2367 2359 2565 2421 κακίας
2590 2357 2987 2428 ἀπηλλαγμένη

2240 2627 2380 2680 Ἀλλ’
2407 2629 2454 2680 εἰ
2476 2627 2657 2692 τοῦτο,
2697 2628 2831 2696 φασί
2859 2638 2904 2691 ε,
2937 2625 3101 2680 πόθεν
3131 2626 3194 2680 τὸ
3229 2627 3398 2680 κακόν
3427 2645 3442 2693 ;
3487 2627 3744 2698 Ἀμήχα-

2157 2737 2247 2772 νον
2268 2719 2376 2790 γὰρ
2397 2721 2459 2772 ἑκ
2487 2719 2583 2772 τοῦ
2629 2717 2836 2787 ἀγαθοῦ
2861 2717 2923 2772 τὸ
2974 2720 3145 2772 κακὸν
3190 2717 3334 2788 ἔχειν
3363 2717 3462 2788 τὴν
3497 2719 3742 2786 γένεσιν.

2155 2811 2342 2881 Φαμὲν
2391 2805 2520 2871 οὖν,
2568 2811 2649 2864 ὅτι
2689 2812 2750 2864 τὸ
2779 2811 2947 2865 κακὸν
2978 2811 3128 2864 οὐδὲν
3157 2812 3344 2882 ἔτερόν
3373 2813 3544 2876 ἑστιν,
3583 2813 3636 2863 εἰ
3668 2811 3748 2880 μὴ

2161 2902 2417 2972 στέρησις
2445 2902 2540 2954 τοῦ
2575 2902 2807 2972 ἀγαθοῦ,
2838 2903 2934 2956 καὶ¹
2962 2904 3023 2956 ὲκ
3055 2903 3144 2954 τοῦ
3191 2901 3332 2955 κατὰ
3365 2901 3530 2973 φύσιν
3569 2903 3653 2964 εἰς
3682 2903 3746 2952 τὸ

2159 2995 2309 3066 παρὰ
2360 2995 2522 3062 φύσιν
2568 2994 2897 3066 παραδρομὴ
2927 2995 2954 3033 ά
2983 3013 2995 3025 ·
3050 2995 3204 3046 οὐδὲν
3241 2994 3351 3063 γὰρ
3379 2993 3551 3046 κακὸν
3597 2994 3744 3045 κατὰ

2161 3085 2344 3154 φύσιν.
2380 3085 2567 3138 Πάντα
2593 3084 2699 3156 γὰρ
2729 3086 2830 3138 ὅσα
2863 3085 3120 3155 ἐποίησεν
3157 3085 3184 3138 ὁ
3231 3083 3385 3148 Θεὸς,
3423 3083 3564 3136 καλὰ
3595 3084 3744 3147 λίαν,

2155 3175 2290 3229 καθὸ
2320 3175 2580 3243 γέγονεν·
2635 3175 2780 3228 οῦτω
2825 3176 3006 3228 τοίνυν
3049 3177 3312 3245 μένοντα,
3367 3174 3551 3238 καθὼς
3591 3175 3744 3227 ἑκτι-

2157 3284 2302 3329 σται,
2340 3267 2479 3320 καλά
2508 3267 2628 3321 λίαν
2652 3267 2820 3321 είσίνσ
2851 3267 3112 3331 ἑκουσίως
3143 3268 3199 3321 δὲ
3224 3265 3638 3336 ἅνεκφοιτῶντα
3682 3269 3749 3319 ἑκ

2157 3359 2250 3414 τοῦ
2281 3360 2423 3413 κατὰ
2451 3360 2636 3429 φύσιν,
2661 3361 2756 3414 καὶ
2782 3361 2862 3424 εἰς
2891 3360 2951 3413 τὸ
2974 3360 3126 3432 παρὰ
3165 3360 3328 3429 φύσιν
3358 3359 3660 3430 ὲρχὸιιενα,
3689 3361 3748 3410 ἐν

2157 3451 2237 3517 τῷ
2265 3451 2423 3519 κακῷ
2452 3451 2715 3517 γίνονται.

2097 3543 2424 3608 abscedunt,
2485 3553 2650 3614 atque
2700 3545 2766 3598 ad
2803 3542 2857 3596 id
2914 3542 3060 3614 quod
3139 3552 3354 3599 natura!
3396 3542 3750 3606 adversatur,

2233 3721 2392 3775 Κατὰ
2416 3720 2578 3790 φύσιν
2607 3723 2708 3792 μὲν
2729 3717 2821 3776 οῦν
2853 3723 3031 3776 πάντα
3077 3723 3238 3776 δοῦλα
3279 3724 3376 3778 καὶ
3402 3725 3623 3795 ὑπήκοα
3656 3726 3751 3779 τοῦ

2164 3813 2528 3886 Δημιοοδργοῦ.
2570 3813 2738 3866 Ὅταν
2776 3809 2869 3867 οῦν
2905 3815 3169 3878 ἑκουσίως
3202 3815 3389 3870 τιτῶν
3426 3819 3754 3887 κτισμάτων

2165 3907 2464 3980 ὰφηνιάσῃ.
2491 3906 2586 3959 καὶ
2611 3908 2888 3979 παρήκοον
2918 3907 3013 3961 τοῦ
3052 3909 3383 3984 ποιήσαντος
3421 3920 3444 3947 ε
3495 3910 3636 3962 αὐτὸ
3661 3911 3754 3976 γέ-

2165 4015 2345 4068 νηται,
2377 3999 2434 4050 ἑν
2455 3997 2635 4067 ἑαυτῷ
2659 4001 3030 4069 συνεστήσατο
3056 4001 3156 4071 τὴν
3179 4002 3402 4055 κακίαν.
3430 4003 3622 4056 Κακία.
3647 4007 3756 4073 γὰρ

2165 4090 2267 4142 οὐκ
2285 4087 2443 4140 οὐσία
2475 4089 2559 4152 τίς
2587 4089 2758 4154 ἐστιν,
2789 4089 2909 4142 οὐδὲ
2950 4091 3140 4155 οὐσίας
3181 4092 3402 4163 ἰδίωμα,
3439 4092 3576 4147 ἀλλὰ
3617 4113 3757 4166 συμ-

2169 4178 2425 4248 ϐεϐηκὸς,
2459 4180 2578 4248 ἦτοι
2616 4179 2680 4232 ὲκ
2721 4179 2816 4232 τοῦ
2858 4181 2999 4234 κατὰ
3034 4181 3196 4250 φύσιν
3220 4184 3300 4246 είς
3323 4185 3382 4237 τὸ
3408 4184 3560 4254 παρὰ
3587 4188 3756 4253 φύσιν

2169 4269 2414 4333 ἑκούσιος
2439 4270 2788 4341 παρατροπὴ,
2811 4272 2946 4342 ὅπερ
2969 4274 3116 4326 ἐστὶν
3147 4274 3414 4344 ἁμαρτία.

2244 4444 2414 4498 Πόθεν
2467 4441 2560 4499 οὖν
2592 4447 2622 4516 ὴ
2657 4446 2944 4516 ἁμαρτία;
2981 4447 3092 4517 Τῆς
3143 4447 3491 4512 αὐτεξουσίου
3525 4451 3762 4521 γνώμης

491 4549 776 4604 Undenam
811 4543 976 4612 igitur
1007 4541 1339 4609 peccatum”
1367 4540 1389 4591 ?
1419 4537 1625 4590 Libera:
1663 4536 1923 4588 nimirum
1945 4535 2054 4588 dia-

2171 4536 2264 4590 τοῦ
2284 4537 2538 4591 διαϐόλου
2586 4536 2824 4608 εῦρημα.
2877 4539 3063 4602 Κακὸς
3096 4535 3189 4592 οὖν
3221 4541 3249 4591 ὁ
3279 4539 3556 4604 διάϐολος;
3604 4543 3756 4595 Kal)?

487 4639 597 4692 boli
631 4633 933 4688 voluntatis
959 4632 1240 4686 inventum
1258 4638 1362 4684 est.
1389 4627 1536 4698 Ergo
1559 4626 1813 4680 diabolus
1844 4626 2067 4680 malus?

479 4730 650 4784 Certe
703 4733 978 4796 quatenus
1012 4722 1270 4778 conditus
1321 4728 1425 4784 est,
1473 4735 1581 4774 non
1613 4726 1701 4773 est
1732 4719 1932 4782 malus,
1966 4717 2060 4772 sed

490 4821 687 4872 bonus.
744 4815 986 4885 Angelus
1018 4813 1164 4868 enim
1216 4810 1455 4875 lucidus,
1485 4824 1548 4864 ac
1581 4809 1784 4864 eximie
1821 4807 2062 4878 splendi-

463 4909 594 4964 dus
651 4909 718 4961 ab
754 4906 962 4976 Opitiee
1007 4905 1264 4964 conditus
1293 4902 1417 4964 fuit,
1452 4902 1778 4971 arbitr-iique
1803 4901 2060 4955 libertate

491 4999 777 5068 praeditus,
800 5005 988 5065 utpote
1020 4994 1325 5048 rationalis.
1351 4993 1623 5048 Caeterum
1655 5009 1682 5046 a
1709 4991 1913 5046 virtute
1940 5006 2064 5060 qum

492 5101 700 5146 natura:
730 5099 1099 5143 consentanea
1127 5093 1231 5150 est,
1265 5095 1460 5156 sponte
1495 5085 1834 5146 deseiscens,
1869 5084 1924 5137 in
1951 5099 2064 5137 ma-

563 5244 606 5277 ⁸⁵
677 5247 924 5302 Damasc.
955 5243 1086 5300 dial.
1151 5241 1304 5297 Com.
1371 5239 1608 5295 ﬂuuit-It.

479 5315 534 5350 ’⁸⁷
561 5317 727 5371 ίίιιεὶι.
761 5321 896 5373 ibid.

1709 5237 1940 5291 "Basil.
2008 5235 2156 5290 hom.
2211 5234 2380 5290 Deum
2442 5250 2551 5290 non
2606 5249 2726 5292 esse
2791 5251 2944 5291 caus.
3007 5237 3134 5290 ruat.

2175 4629 2274 4700 μὲν
2300 4631 2542 4699 γέγονεν,
2599 4629 2658 4682 οὐ
2685 4631 2873 4694 κακὸς,
2913 4631 3027 4684 ἀλλ’
3079 4629 3313 4698 ἀγαθός·
3358 4629 3592 4698 ἄγγελος
3647 4635 3762 4700 γὰρ

2175 4720 2436 4786 φωτεινὸς
2501 4719 2597 4772 καὶ
2647 4719 3028 4790 λαμπρότατος
3091 4720 3198 4774 ὑπὸ
3255 4719 3350 4772 τοῦ
3403 4722 3762 4789 Δημιουργοῦ

2172 4811 2436 4872 ἔκτισται,
2467 4808 2811 4874 αὑτεξούσιος
2859 4811 2936 4873 ὡς
2956 4810 3172 4879 λογικός
3195 4827 3209 4842 ·
3259 4812 3522 4875 ἑκουσίως
3567 4829 3634 4864 τε
3664 4814 3760 4882 τῆς

2172 4900 2312 4954 κατὰ
2342 4898 2506 4968 φύσιν
2531 4900 2732 4970 ἀρετῆς
2780 4901 3139 4971 ἀπεφοίτησε,
3170 4903 3265 4955 καὶ
3286 4905 3344 4956 ἑν
3370 4901 3450 4973 τῷ
3473 4903 3631 4972 ζόφῳ
3660 4903 3761 4971 τῆς

2171 4989 2371 5052 κακίας
2411 4989 2624 5059 γέγονε,
2655 4989 2790 5044 Θεοῦ
2824 4991 3158 5061 μακρυνθεὶς
3184 4991 3276 5045 τοῦ
3321 4993 3484 5062 μόνον
3516 4991 3762 5060 ἀγαθοῦ,

2170 5084 2264 5135 καὶ
2289 5081 2556 5147 ζωοποιοῦ
2584 5123 2599 5146 ,
2653 5082 2744 5135 καὶ
2791 5083 3099 5151 φωτοποιοῦ
3120 5099 3134 5114 ⁸
3189 5082 3251 5148 ἑξ
3297 5083 3463 5136 αὐτοῦ
3495 5084 3610 5154 γὰρ
3642 5085 3757 5138 πᾶν

3245 5237 3290 5269 ⁸⁸
3345 5237 3484 5294 Gen.
3535 5254 3593 5304 ι,
3662 5239 3761 5296 51.

1803 5368 2034 5425 VARle
2076 5370 2484 5427 LECTIONES.

563 5507 586 5534 ³
618 5498 750 5552 Cod.
789 5499 845 5553 S.
889 5499 992 5553 llil.
1028 5509 1078 5553 et
1111 5499 1198 5551 alii
1236 5496 1452 5568 quidam
1496 5490 1921 5568 ἀποτεμὸέιξνρςν
1959 5485 2154 5568 melius
2199 5483 2252 5537 in
2295 5484 2422 5568 aliis
2463 5485 2872 5568 ῥεπονεμόμενος
2901 5490 3031 5568 '_sic
3092 5492 3514 5568 vetus‘interpr.
3569 5494 3772 5548 distri-

481 5565 747 5622 buentem.
825 5582 848 5609 ι
890 5557 1278 5638 ιὶιιε.1,ϐοιι›’.
1315 5557 1681 5638 1Ῠδιατρι6ῂν
1727 5558 1922 5638 διξοὺς,
1974 5557 2197 5638 ἐκεῖνος.

487 5639 646 5704 φησι,
676 5641 821 5694 unde
851 5639 903 5692 in
1126 5615 1722 5703 translationeVlegiiur
1755 5631 1830 5682 ait
1877 5615 2176 5679 hereticus.
2249 5624 2276 5664 ιι
2308 5623 2435 5679 Mss.
2469 5626 2717 5692 qtundam
2751 5615 3097 5700 παρατροπὴ,
3134 5640 3191 5685 ut
3222 5615 3384 5685 inira.

480 5704 770 5774 κτίσαντος

2300 5555 2352 5628 ιζ-
2383 5554 2539 5609 Coll).
2679 5554 3086 5628 κακουχείσθαι.
3192 5573 3213 5598 ο
3251 5554 3484 5628 Quidam
3527 5565 3770 5618 Codices

3467 5647 3489 5673 ε
3523 5635 3686 5688 Colit.
