3926 6292
587 336 726 396 rem

1776 340 1841 397 S.
1878 339 2193 399 IOANNIS
2234 340 2667 400 DAMASCENI'

3664 334 3799 399 120i

580 448 727 503 iusto
748 446 923 511 posita
951 456 1050 509 εεε,
1083 448 1171 499 sed
1194 448 1388 514 injuste
1412 448 1476 500 ³⁸.
1503 448 1839 516 Argumento
1860 457 1962 512 est,
1994 440 2135 517 quod

2260 447 2318 515 ςῷ
2343 448 2482 518 Θεῷ,
2512 450 2724 511 πάντως
2750 449 2843 502 καὶ
2870 451 2980 510 τοῖς
3007 446 3243 499 Σάϐϐασι
3272 443 3359 496 διὰ
3390 442 3643 513 νηστείας
3671 445 3805 499 ἑκά·

585 537 797 603 primus
846 537 963 606 ipse
1000 535 1212 607 Moyses
1260 546 1403 593 totos
1436 538 1801 607 quadraginta
1849 540 1983 602 dies,
2018 554 2137 592 rur-

582 640 816 693 sumque
876 626 1102 680 totidem
1168 628 1309 682 alios
1354 628 1575 697 jejunus
1628 627 1892 682 assistens
1935 628 2045 681 Deo
2071 629 2137 693 ⁸⁸,

584 716 778 785 procul
818 717 988 772 dubio
1016 719 1148 788 ipsis
1180 734 1395 789 quoque
1429 718 1685 774 Sahbatis
1721 735 1843 774 sese
1895 733 2140 773 macera-

584 807 697 869 liat‘.
722 822 848 860 cum
882 817 1060 862 tamen
1096 809 1180 862 lex
1211 810 1449 879 juberet,
1481 824 1549 864 ne
1590 810 1716 878 quis
1767 824 1826 864 se
1876 808 1965 863 die
2007 808 2144 862 Sab-

574 898 694 950 ‘hati
723 895 1003 967 allligeret.
1039 898 1192 964 Quod
1217 901 1263 954 si
1293 902 1396 955 hoc
1450 910 1576 956 ante
1610 900 1790 952 datam
1846 898 2020 969 legem
2054 914 2144 969 ge-

587 997 732 1042 stum
767 989 940 1045 fuisse
964 991 1140 1053 aiunt,
1171 993 1302 1061 quid
1335 993 1401 1047 de
1436 992 1550 1047 Elia
1597 992 1855 1045 Thesbite
1900 997 2029 1044 sunt
2062 990 2144 1049 di-

587 1081 751 1144 cturi,
782 1082 873 1151 qui
900 1082 1262 1151 quadraginta
1287 1084 1498 1137 dierum
1534 1083 1655 1146 iter,
1683 1082 1849 1137 semel
1878 1081 2147 1135 duntaxat

588 1179 809 1237 sumpto
838 1169 959 1225 cibo
992 1172 1227 1226 confecit
1252 1172 1349 1223 "1"
1374 1172 1584 1227 Etenim
1624 1174 1740 1241 ipse
1793 1186 1899 1225 non
1934 1172 2156 1241 jejunio

592 1259 789 1321 solum,
824 1260 918 1315 sed
955 1262 1119 1315 etiam
1172 1264 1389 1326 itinere,
1438 1264 1490 1317 in
1545 1265 1735 1317 borqu
1792 1264 2147 1334 quadraginta

588 1349 799 1402 dierum
838 1350 1081 1405 sabbatis
1128 1368 1247 1406 sese
1281 1352 1547 1421 allligeus,
1601 1354 1896 1407 Sabbatum
1933 1353 2091 1408 solvit
2131 1371 2145 1406 :

589 1453 767 1507 neque
802 1449 1101 1509 propterea
1132 1441 1274 1496 Deus
1320 1444 1412 1511 qui
1445 1444 1614 1512 legem
1664 1444 1885 1507 tulerat,
1921 1445 1970 1497 ei
2021 1459 2148 1498 suc-

588 1529 845 1594 censuit;
875 1532 1004 1600 quin
1047 1532 1229 1601 potius
1260 1534 1312 1587 iu
1348 1535 1570 1588 virtutis
1620 1535 1927 1602 praemium,
1979 1535 2055 1588 illi
2094 1552 2159 1591 se

588 1618 644 1669 in
677 1616 857 1672 lloreb
909 1620 1358 1688 conspiciendum
1415 1622 1663 1690 praebuit.
1702 1620 1842 1687 Quid
1897 1624 2023 1677 item
2086 1623 2159 1678 de

2240 555 2337 591 κου
2370 538 2583 602 ἑαυτὸν,
2619 537 2711 590 τοῦ
2741 538 2906 608 νόμου
2936 537 3009 608 μὴ
3049 534 3248 590 κακοῦν
3280 535 3507 595 ἐαυτους
3532 534 3591 587 ἐν
3618 534 3691 603 τῇ
3714 531 3805 586 τοῦ

2242 628 2523 682 Σαϐϐἁτου
2558 629 2739 699 ἡμέρᾳ
2793 630 3247 701 προστάσσοντος.
3302 626 3365 677 El
3406 624 3465 677 δὲ
3495 625 3678 693 φαῖεν,
3726 624 3806 676 ὃτι

2242 716 2349 785 πρὸ
2378 716 2471 769 τοῦ
2495 717 2658 788 νόμου
2689 714 2873 790 τοῦτο,⁴
2906 717 2961 770 τί
2996 717 3225 787 φήσουσι
3257 714 3389 784 περὶ⁵
3416 713 3512 767 τοῦ
3544 712 3807 767 Θεσϐίτου

2257 806 2456 873 Ἠλιοῦ,
2517 807 2925 878 τεσσαράκοντα
2972 805 3195 878 ἡμερῶν
3248 804 3367 859 ὁδὸν
3417 802 3721 865 ἀνύσαντος
3756 804 3811 855 ἐν

2246 896 2445 967 βρώσει
2483 899 2613 968 prd;
2645 894 2813 960 Οὗτος
2848 899 2957 969 γὰρ
2984 898 3044 950 οὐ
3100 897 3257 967 μόνον
3285 896 3373 950 διὰ
3397 897 3495 965 τῆς
3538 896 3807 965 νηστείας,

2245 988 2380 1041 ἀλλὰ
2411 976 2507 1041 καὶ
2539 988 2629 1041 διὰ
2681 989 2781 1058 τῆς
2830 988 3134 1058 ὁδοιπορίας
3183 989 3241 1039 ἐν
3287 990 3400 1050 τοῖς
3438 987 3683 1041 Σάϐϐασι
3710 985 3812 1038 τῶν

2248 1080 2654 1150 τεσσαράκοντα
2709 1079 2935 1150 ἡμερῶν
2988 1079 3179 1131 ἐαυτὸν
3228 1076 3507 1140 κακώσας,
3560 1076 3720 1128 έλυσε
3754 1076 3811 1126 τὸ

2250 1168 2529 1223 Σάϐϐατον
2555 1185 2568 1199 ·
2604 1170 2698 1222 καὶ
2728 1169 2827 1221 οὐκ
2881 1168 3128 1238 ὠργίσθη
3180 1168 3356 1237 τούτῳ
3387 1169 3415 1219 ὁ
3466 1167 3619 1231 Θεὸς,
3652 1168 3681 1218 ὁ
3727 1165 3814 1217 τὸν

2250 1267 2409 1337 νόμον
2464 1266 2731 1338 δεδωκὼς,
2794 1268 2931 1320 ἀλλά
2977 1267 3070 1320 καὶ
3121 1266 3196 1327 ὡς
3246 1264 3443 1335 ἀρετῆς
3480 1261 3738 1322 ἔπαθλον,
3763 1264 3819 1313 ἐν

2250 1358 2451 1428 Χωρὴϐ
2486 1358 2673 1410 ἑαυτὸν
2701 1359 3004 1426 ἐνεφάνισε.
3037 1357 3102 1409 Τί
3131 1356 3188 1408 δὲ
3227 1356 3355 1425 περὶ
3386 1352 3585 1423 Δανιὴλ
3614 1353 3818 1421 φήσου-

2252 1466 2371 1514 σιν;
2408 1449 2542 1517 Οὐχί
2576 1450 2724 1517 τρεῖς
2757 1446 3056 1517 ἑϐδομάδας
3079 1445 3377 1499 διετέλεσεν
3406 1444 3631 1505 ἀσιτοςς
3674 1442 3742 1494 Τί
3766 1442 3818 1492 δὲ

2252 1541 2361 1603 πᾶς
2396 1538 2633 1609 Ἰσραὴλ,
2664 1540 2723 1591 οὺ
2755 1537 3073 1609 περιτέμνει
3103 1539 3164 1589 τδ
3196 1535 3410 1589 παιδίον
3432 1536 3489 1586 ἐν
3518 1532 3817 1601 Σαϐϐάτῳ.

2253 1633 2301 1684 εί
2323 1630 2474 1700 τύχοι
2498 1631 2882 1699 ὀκταήμερονς
2927 1629 3061 1697 Οὐχὶ
3097 1628 3152 1680 δὲ
3199 1627 3301 1688 καὶ
3323 1625 3422 1695 τὴν
3450 1623 3696 1694 μεγάλην
3728 1640 3817 1692 νη-

588 1705 812 1761 Daniele
848 1706 1077 1761 dicent?
1109 1710 1305 1763 Annon
1340 1718 1450 1764 tres
1491 1710 1859 1765 hebdomadas
1908 1712 2152 1781 integras

2260 1716 2461 1779 στείαν,
2489 1718 2556 1786 ἢν
2579 1716 3049 1789 νενομοθέτηνται,
3078 1714 3127 1766 εί
3160 1716 3219 1765 ἐν
3247 1711 3509 1781 Σαϐϐάτῳ
3548 1712 3819 1778 καταντή-

584 1796 806 1864 Munus
836 1798 946 1867 egit
967 1797 1057 1849 “‘P
1086 1797 1226 1863 Quid
1259 1814 1390 1853 vero
1410 1801 1432 1852 ?
1456 1798 1711 1869 Nunquid
1746 1816 1853 1854 non
1896 1801 2152 1859 Israelita!

2260 1822 2338 1858 σοι
2368 1818 2430 1869 ω,
2463 1806 2779 1875 moratione:
2802 1821 2817 1869 ;
2840 1806 2974 1874 Οὐχὶ
3001 1804 3057 1857 δέ
3088 1805 3180 1856 καὶ
3199 1805 3247 1855 οί
3280 1804 3444 1871 ίερεῖς
3474 1802 3568 1853 καὶ
3596 1801 3648 1852 οἱ
3671 1798 3821 1853 Λευῖ-

586 1900 778 1940 omnes
812 1885 1075 1941 infantem
1108 1886 1348 1943 Sabbato
1379 1889 1800 1954 circumcidunt,
1837 1892 1882 1944 si
1926 1890 2146 1960 quidem

587 1984 721 2029 tunc
749 1983 1001 2029 octavum
1038 1977 1161 2031 vita:
1208 1977 1351 2031 diem
1398 1976 1750 2048 attigerit"?
1798 1978 1989 2035 Nonne
2030 1996 2146 2033 ma-

586 2079 751 2131 gnum
780 2066 912 2120 illud
941 2067 1235 2137 jejunium,
1268 2069 1415 2139 quod
1448 2072 1561 2141 lege
1602 2073 1977 2142 przescriptum
2028 2080 2146 2139 est,

589 2154 633 2207 si
671 2155 724 2208 in
756 2155 994 2213 Sabbat'o
1020 2162 1349 2228 occurrerit,
1375 2162 1582 2216 obeunt
1606 2163 1693 2215 ³⁶ἳ
1731 2164 1925 2218 Annon
1964 2163 2148 2216 itidem

588 2248 910 2305 sacerdotes
940 2259 993 2304 et
1026 2250 1229 2306 Levita:
1255 2253 1307 2305 in
1342 2253 1679 2307 tabernaculi
1724 2253 1905 2321 operis
1944 2251 2150 2307 Sabba-

576 2344 703 2390 tum
734 2338 958 2405 violant,
993 2356 1093 2396 nec
1116 2341 1185 2396 ob
1216 2342 1267 2397 id
1322 2343 1377 2396 in
1420 2342 1583 2411 culpa
1631 2351 1761 2397 sunt
1788 2342 1868 2387 ’7?
1895 2340 2062 2406 Quin,
2104 2341 2150 2396 si

576 2425 895 2494 ijumentum
926 2431 1021 2487 die
1056 2431 1279 2487 Sabhat‘i
1314 2433 1368 2487 in
1418 2432 1627 2487 foveam
1675 2433 2001 2502 prolabitur,
2056 2431 2149 2500 qui

2254 1915 2346 1949 ται
2379 1898 2437 1949 ἐν
2466 1899 2577 1959 τοῖς
2618 1897 2715 1966 τῆς
2748 1896 2951 1966 σκηνῆς
2982 1895 3163 1966 ἔργοις
3214 1893 3500 1963 βεϐηλοῦσι
3520 1893 3582 1945 τὺ
3610 1891 3821 1945 Σαϐϐα-

2253 2004 2363 2051 τον,
2389 1987 2482 2038 καὶ
2518 1984 2746 2038 ἀναίτιοί
2778 1986 2920 2037 εἰσιν
2946 2002 2960 2048 ;
3000 1984 3161 2037 Ἀλλὰ
3180 1984 3273 2036 καὶ
3302 1983 3496 2051 κτῆνος
3531 1981 3599 2034 ἂν
3623 1983 3705 2043 είς
3732 1980 3820 2048 βό·

2255 2075 2383 2144 Θρον
2410 2074 2641 2143 ἐμπέσοι
2667 2076 2723 2125 ἐν
2764 2072 3048 2142 Σαϐϐάτῳ,
3094 2073 3123 2124 ὁ
3153 2070 3251 2141 μὲν
3298 2068 3642 2131 ἀνασπάσας,
3675 2067 3820 2120 ἀναί-

2255 2182 2391 2228 τιος,
2441 2166 2469 2218 ὁ
2516 2164 2571 2217 δὲ
2612 2163 2854 2234 παριδὼν
2900 2172 2967 2225 ιι,
2998 2161 3349 2233 κατάκριτος.
3376 2159 3443 2213 Τί
3485 2159 3543 2212 δέ
3572 2160 3681 2220 πᾶς
3723 2158 3825 2211 ‘lc-

2258 2253 2416 2323 ραὴλ,
2440 2254 2562 2323 ούχὶ
2606 2253 2746 2305 ἔπτὰ
2776 2252 2985 2321 ἡμέρας
3008 2252 3106 2321 τὴν
3131 2249 3226 2303 τοῦ
3255 2247 3389 2302 Θεοῦ
3412 2247 3647 2301 κιϐωτὸν
3671 2263 3740 2299 πε
3747 2264 3824 2316 ρι-

2256 2343 2535 2411 φέροντες,
2564 2342 2632 2395 τὰ
2666 2340 3047 2410 ἰεριχούντινα
3071 2346 3096 2375 ο
3120 2337 3273 2407 τείχη
3305 2335 3626 2406 περιῄεσαν,
3661 2337 3720 2388 ἐν
3742 2327 3827 2397 αἶς

2256 2432 2471 2494 πάντως
2498 2428 2569 2503 ἦν
2587 2434 2679 2486 καί⁵
2698 2434 2758 2486 τὸ
2777 2432 3053 2485 Σάϐϐατον
3074 2447 3097 2495 ;

574 2516 731 2573 :nllud'
754 2525 1078 2590 extraxerit,
1107 2525 1359 2581 criminis
1398 2534 1481 2582 est
1511 2527 1737 2592 insons;
1763 2542 1888 2581 reus
1918 2543 2065 2593 vero,
2099 2528 2192 2596 qui
2223 2526 2329 2581 hoc
2364 2527 2544 2582 facere
2569 2527 2870 2597 neglexerit
2895 2526 2960 2579 ³⁸.
3001 2522 3138 2577 Num
3172 2522 3360 2577 cuncti
3400 2520 3666 2576 lsraelitze
3730 2533 3829 2589 per

578 2612 901 2682 .septiduum
929 2631 1113 2671 arcam
1147 2618 1239 2672 Dei
1286 2618 1544 2683 ferentes,
1574 2616 1960 2673 Jerichuntina
2019 2617 2221 2673 mania
2284 2634 2392 2674 non
2462 2619 2755 2684 circuiere,
2813 2619 2962 2673 inter
2991 2631 3129 2687 quos
3164 2615 3283 2670 dies
3314 2613 3476 2686 plane
3517 2612 3821 2667 Sabbaturn

589 2712 706 2757 erat
730 2702 825 2755 ”‘?‘

568 2818 571 2819 ν
661 2793 766 2861 Qui
797 2795 1087 2851 Sabbamm
1121 2800 1220 2854 rite
1247 2801 1623 2869 peragendum.
1648 2798 1986 2853 Commutata
2020 2795 2152 2851 Strb-

593 2887 703 2939 bati
734 2888 915 2956 religio
954 2890 1009 2941 in
1044 2889 1253 2943 melius.
1293 2921 1350 2930 --
1382 2889 1567 2959 Itaque
1597 2890 1643 2943 ιο
1685 2886 2151 2960 quemadmodum

583 2978 739 3039 .dix-i,
763 2987 821 3032 ut
859 2979 971 3036 Deo
1000 2991 1305 3046 vacaretur,
1341 2991 1398 3035 et
1427 2982 1510 3036 vel
1543 2981 1769 3036 minima
1810 2979 2005 3034 saltem
2032 2978 2157 3032 vita:

2341 2796 2426 2857 Ὠς
2458 2789 2550 2847 οὖν
2571 2794 2725 2862 ἔφην,
2751 2792 2944 2862 σχολῆς
2966 2791 3127 2845 ἓνεκα
3156 2790 3254 2859 τῆς
3278 2788 3414 2857 πρὸς
3435 2786 3588 2851 Θεὸν,
3613 2785 3703 2837 ἵνα
3726 2787 3826 2837 κᾶν

2262 2883 2634 2953 σμικροτάτην
2661 2882 2970 2951 ἀπόμοιραν
2994 2878 3144 2949 αὐτῷ
3181 2878 3497 2946 ἀπονέμωσι
3519 2915 3537 2938 ,
3571 2874 3671 2927 καὶ
3695 2874 3827 2925 ἁνα-

2264 2973 2601 3037 παύσωνται,
2626 2972 2655 3024 ὅ
2673 2987 2734 3022 τε
2757 2970 2942 3033 δοῦλος
2972 2971 3066 3025 καὶ
3094 2969 3157 3023 τὸ
3177 2966 3491 3035 ὑποζύγιον,
3521 2966 3554 3033 ἡ
3580 2964 3677 3016 τοῦ
3701 2962 3829 3015 2:6-

585 3071 869 3141 particula
894 3071 944 3124 ei
979 3072 1338 3138 tribueretur,
1363 3087 1463 3127 nec
1493 3088 1600 3126 non
1630 3079 1688 3127 ut
1718 3086 1913 3126 servus
1934 3070 2151 3139 jumen—

2265 3062 2429 3117 ϐάτου
2450 3062 2684 3131 τήρησις
2715 3060 3049 3130 ἐπινενόητο,
3080 3061 3194 3122 τοῖς
3219 3058 3434 3127 νηπίοις
3464 3055 3566 3120 ἔτι,
3598 3055 3696 3107 καὶ
3727 3052 3829 3105 ὑπὸ

584 3167 824 3231 -tumque
877 3162 1310 3229 requiescerent,
1374 3161 1601 3217 Sabbati
1653 3162 1972 3218 observatio
2028 3176 2158 3217 con-

598 3247 743 3302 sulto
768 3248 982 3305 invecta
1024 3251 1131 3306 illis
1164 3249 1288 3315 fuit,
1321 3251 1415 3321 qui
1454 3266 1579 3306 cum
1614 3252 1824 3320 parvuli
1862 3249 2043 3305 adhuc
2103 3260 2163 3307 et

595 3340 848 3395 carnales
877 3350 1093 3407 essent,
1114 3342 1216 3396 sub
1238 3342 1523 3398 elementis
1551 3342 1741 3399 mundi
1763 3343 2067 3398 servientes
2089 3343 2154 3406 “,

582 3428 733 3481 «nihil
780 3444 946 3499 supra
993 3446 1199 3501 corpus
1246 3439 1300 3487 et
1323 3433 1556 3487 litteram
1609 3432 1854 3487 valerent
1888 3432 2152 3501 cogitare.

586 3514 730 3571 .Cum
758 3526 941 3573 autem
966 3519 1098 3573 venit
1129 3520 1404 3588 plenitudo
1437 3520 1705 3587 temporis,
1730 3520 1872 3574 misit
1896 3518 2036 3574 Deus
2063 3518 2159 3573 Fi-

586 3607 727 3659 dium
762 3624 913 3661 suum
950 3611 1312 3680 unigenitum,
1358 3612 1631 3666 hominem
1683 3612 1885 3679 factum
1925 3626 1991 3666 ea:
2040 3628 2161 3666 mu-

2262 3154 2330 3208 τὰ
2364 3154 2602 3222 στοιχεῖα
2635 3151 2729 3205 τοῦ
2763 3152 2970 3221 κόσμου
2997 3148 3433 3219 δεδουλωμένοις,
3490 3149 3604 3208 τοῖς
3639 3162 3824 3213 σαρκι-

2263 3246 2397 3306 κοῖς,
2433 3244 2528 3296 καὶ
2571 3240 2740 3312 μηδὲν
2784 3238 2925 3308 ὑπὲρ
2949 3239 3008 3291 τὸ
3043 3237 3223 3308 σῶμα,
3252 3237 3349 3289 καὶ
3377 3235 3438 3288 τὸ
3476 3236 3713 3304 γράμμα
3744 3236 3829 3286 ιν-

2263 3331 2454 3401 νοῆσαι
2478 3329 2818 3400 δυναμένοις.
2851 3329 2988 3381 Ὅτε
3025 3328 3093 3381 δὲ
3114 3323 3262 3396 ἦλθε
3299 3325 3366 3379 τὸ
3406 3324 3701 3392 πλήρωμα
3726 3322 3829 3375 τοῦ

2264 3424 2507 3494 χρόνου,
2529 3422 2957 3487 ἐξαπέστειλεν
2982 3423 3015 3474 ὀ
3045 3421 3189 3485 Θεὸς
3214 3420 3324 3472 τὸν
3350 3417 3488 3471 Υὶὸν
3515 3415 3705 3470 αὐτοῦ
3731 3418 3833 3468 τὰ»

2258 3513 2579 3586 μονογενῆ,
2614 3515 2938 3584 γενόμενον
2963 3513 3031 3566 ἐκ
3063 3511 3351 3583 γυναικὸς
3375 3509 3712 3575 ἄνθρωπον,
3740 3522 3829 3573 τε·

2263 3608 2520 3676 νόμενον
2542 3604 2661 3659 ὑπὸ
2702 3605 2908 3673 νόμον,
2952 3604 3055 3655 ἵνα
3082 3600 3224 3667 τοὺς
3260 3598 3378 3654 ὑπὸ
3416 3599 3607 3667 νόμον
3627 3597 3832 3663 etc-ro.

588 3699 748 3762 .liere,
782 3699 982 3765 factum
1025 3701 1119 3754 sub
1171 3700 1302 3770 lege,
1350 3712 1406 3756 ut
1448 3718 1535 3755 eos
1572 3703 1660 3772 qui
1707 3702 1803 3756 sub
1850 3703 1959 3772 lege
2009 3713 2154 3757 erant

2260 3697 2445 3765 ρὰσῃ,
2485 3696 2589 3749 ἵνα
2620 3693 2735 3762 τὴν
2759 3694 3067 3747 υἱοθεσίαν
3086 3689 3499 3757 ἀπολάϐωμεν.
3539 3690 3700 3740 Ὅσοι
3731 3688 3835 3755 γὰρ

589 3787 874 3843 ινεάίιιιενει
904 3803 923 3851 ;
959 3798 1015 3843 ιιι
1072 3790 1405 3858 adoptionem
1443 3791 1678 3859 ﬁliorum
1728 3790 2070 3857 reciperemus
2088 3790 2155 3845 δ’.

602 3878 881 3948 Quotquot
913 3881 1058 3935 enim
1097 3882 1405 3951 recepimus
1442 3896 1591 3945 eum,
1618 3881 1771 3945 dedit
1799 3881 1960 3936 nobis
2016 3890 2164 3951 pote-

603 3977 800 4026 statem
843 3970 985 4026 ﬁlios
1023 3969 1116 4025 Dei
1153 3971 1357 4036 ﬁeri“,
1389 3974 1482 4041 qui
1535 3972 1588 4025 in
1631 3971 1811 4040 ipsum
1859 3971 2157 4027 credimus.

604 4059 786 4125 Quare
823 4075 929 4115 non
955 4061 1066 4129 jam
1127 4077 1320 4117 sumus
1369 4062 1536 4127 servi,
1586 4062 1679 4117 sed
1732 4062 1988 4117 liberi“:
2051 4077 2167 4117 non

600 4151 713 4218 jam
748 4149 851 4205 sub
886 4151 1023 4221 lege,
1068 4152 1162 4206 sed
1194 4152 1299 4207 sub
1325 4153 1499 4222 gratia
1538 4171 1551 4205 :
1602 4167 1709 4206 non
1741 4154 1853 4221 jam
1880 4165 1946 4207 ex
2004 4162 2163 4221 parte

606 4236 784 4291 solum
815 4252 925 4307 pra
949 4246 1105 4292 metu
1130 4238 1360 4293 Domino
1388 4240 1703 4305 servimus;
1751 4239 1846 4293 sed
1878 4238 1946 4292 ad
1990 4248 2160 4293 totum

606 4335 822 4396 tempus
855 4328 904 4382 ei
939 4328 1370 4383 consecrandum
1415 4342 1605 4383 sumus
1651 4328 1897 4399 obligati,
1934 4330 2069 4383 adeo
2107 4337 2169 4383 ut

2265 3786 2532 3854 ἐλάϐομεν
2575 3783 2738 3837 αὑτὸν
2757 3827 2773 3851 ,
2819 3782 3019 3835 ἔδωκεν
3047 3782 3179 3850 ἡμῖν
3225 3777 3473 3842 ἐξουσίαν
3502 3777 3673 3829 τέκνα
3702 3774 3835 3826 Osci:

2266 3875 2538 3945 γενέσθαι,
2575 3876 2690 3937 τοῖς
2736 3871 3078 3925 πιστεύουσιν
3130 3870 3211 3933 είς
3251 3869 3444 3922 αὐτόν’
3484 3866 3628 3919 ὥστε
3654 3866 3834 3918 οὐκέτι

2266 3969 2434 4040 ἐσμὲν
2463 3967 2658 4032 δοῦλοι,
2688 3965 2802 4019 ἀλλ’
2828 3964 2933 4017 υίοί
2953 3980 2965 3992 ·
2996 3964 3182 4017 οὐκέτι
3210 3946 3318 4016 ὕπὸ
3361 3961 3548 4030 νόμον,
3587 3957 3708 4011 ἀλλ’
3739 3958 3835 4010 ὑπὸ

2267 4062 2460 4131 χάρινσ
2512 4059 2694 4111 ούκέτι
2752 4055 2993 4127 μερικῶς
3023 4054 3103 4124 τῷ
3145 4053 3334 4124 Κυρίῳ
3383 4050 3735 4112 δουλεύοντες
3781 4052 3838 4101 ἐκ

2270 4153 2456 4222 φόϐου,
2486 4149 2619 4203 ἀλλὰ
2648 4150 2823 4202 πάντα
2845 4148 2937 4201 τὸν
2964 4146 3155 4217 χρόνον
3180 4147 3280 4214 τῆς
3329 4144 3473 4211 ζωῆς
3515 4141 3667 4210 αὐτῷ
3714 4142 3840 4194 ἀνσ-

2267 4244 2471 4297 τιθέναι
2488 4240 2809 4309 ὀφείλοντες,
2832 4239 2924 4293 καὶ
2944 4238 3032 4290 ἀεὶ
3058 4236 3148 4289 τὸν
3176 4235 3379 4300 δοῦλον,
3400 4234 3491 4286 τὸν
3506 4232 3683 4301 θυμὸν
3700 4231 3842 4298 λέγω

2269 4334 2364 4388 καὶ
2394 4332 2493 4403 τὴν
2534 4330 2850 4400 ἐπιθυμίαν,
2886 4329 2995 4381 ἀπὸ
3042 4330 3141 4396 τῆς
3179 4325 3451 4395 ἁμαρτίας
3499 4321 3844 4374 καταπαύον-

608 4431 767 4473 servo
803 4416 907 4483 illi,
932 4418 1045 4483 iraa,
1086 4418 1331 4488 inquam,
1372 4426 1425 4474 et
1461 4419 1772 4488 cupiditati,
1802 4419 2088 4491 quiescere
2133 4434 2154 4472 ιι

2269 4441 2378 4486 τες,
2407 4424 2499 4477 καὶ
2535 4421 2611 4490 τῷ
2644 4419 2762 4487 Θεῷ
2800 4418 3082 4489 σχολάζειν
3136 4416 3550 4486 ἐπιτρέποντεςσ
3585 4412 3691 4482 τὴν
3711 4498 3726 4506 -
3750 4413 3843 4506 ubi

610 4513 858 4573 peccato,
891 4505 1109 4576 Deoque
1140 4505 1395 4561 feriatum
1426 4522 1549 4563 esse
1591 4507 1929 4577 jubeamus;
1983 4516 2154 4562 erecta

2268 4509 2561 4579 ἐπιθυμίαν
2591 4508 2808 4561 ἃπασαν
2834 4506 2920 4559 ἀεὶ
2945 4505 3081 4575 πρὸς
3102 4504 3237 4556 Θεὸν
3257 4500 3649 4565 ἀνατείνοντες,
3673 4498 3773 4551 τὸν
3794 4498 3841 4549 δὲ

610 4594 831 4663 quidem
872 4604 1139 4666 perpetuo
1167 4611 1371 4652 versus
1393 4596 1564 4653 Deum
1594 4597 1921 4668 cupiditate,
1957 4608 2154 4651 annata

2265 4600 2439 4670 θυμὸν
2471 4598 2613 4651 κατὰ
2636 4596 2742 4648 τῶν
2773 4596 2867 4649 τοῦ
2914 4594 3045 4648 Θεοῦ
3072 4591 3351 4661 δυσμενῶν
3379 4588 3841 4652 καθοπλίζοντες·

610 4699 742 4740 vero
786 4694 977 4741 contra
1018 4687 1112 4741 Dei
1160 4687 1346 4743 hostes
1390 4688 1672 4743 iracundia
1703 4707 1716 4743 :
1750 4702 1815 4742 ac
1860 4688 2154 4759 jumentun

2266 4692 2359 4746 καὶ
2408 4690 2470 4744 τὸ
2495 4688 2808 4757 ὑποζύγιον,
2864 4688 2983 4757 ἤτοι
3030 4685 3090 4738 τὸ
3121 4683 3302 4753 σῶμα,
3335 4681 3561 4751 ὁμοίως,
3594 4678 3702 4747 τὴν
3749 4678 3847 4746 μὲν

611 4774 764 4840 item,
790 4789 989 4846 corpus
1012 4777 1289 4843 nimirum,
1310 4790 1338 4829 a
1366 4777 1577 4845 peccati
1606 4777 1870 4832 servitute
1901 4777 2030 4832 dato
2052 4777 2154 4831 oti:

2265 4781 2514 4836 δουλείαν
2532 4780 2632 4848 τῆς
2660 4779 2937 4850 ἁμαρτίας
2969 4774 3370 4838 ἀναπαύοντες,
3404 4776 3524 4834 ταῖς
3570 4770 3631 4822 δέ
3671 4769 3848 4829 Ozias;

614 4880 947 4933 recreemus,
980 4878 1033 4920 et
1068 4868 1137 4921 ad
1182 4866 1590 4923 inserviendum
1635 4867 1841 4923 divinis
1883 4868 2154 4938 praecepti:

2279 4873 2517 4934 ἐντολαῖς
2551 4867 3003 4941 ἐξυπηρετεϊσθαι
3035 4864 3448 4936 προτρέποντες.

602 4957 1029 5024 'compellamus.

686 5044 813 5101 Haec
838 5056 965 5101 sunt
1000 5064 1120 5116 qua:
1151 5049 1456 5118 spiritualis
1483 5048 1687 5104 Christi
1713 5050 1799 5103 lex
1843 5048 2001 5103 nobis
2035 5048 2154 5101 indi

2346 5046 2532 5101 Ταῦτα
2569 5047 2597 5098 ὁ
2621 5041 2984 5112 πνευματικὸς
3009 5041 3139 5110 ἡμῖν
3164 5037 3465 5089 ἐντέλλεται
3486 5032 3584 5085 τοῦ
3605 5029 3848 5100 Χριστοί

689 5212 730 5245 ³⁸
758 5210 1037 5265 l'l‘imoth.
1069 5227 1107 5275 ι,
1135 5213 1187 5265 9.
1266 5213 1308 5244 ³¹
1341 5212 1508 5265 Exod.
1543 5228 1690 5273 xxuv,
1733 5211 1837 5276 48;
1898 5224 2078 5263 xxxw.
2119 5209 2151 5260 2

2283 5209 2326 5239 ³⁸
2363 5206 2425 5261 Ill
2461 5206 2536 5259 Re

618 5295 753 5344 xm,
802 5280 855 5335 ὅ.
959 5282 1001 5311 ³⁸
1033 5281 1200 5336 chit.
1272 5297 1421 5342 nul,
1452 5282 1539 5335 27.
1616 5282 1658 5313 ⁸⁷
1694 5280 1880 5337 Matth.
1934 5288 2065 5341 nu,
2102 5278 2151 5332 5.

618 5351 814 5404 Athan.
847 5352 994 5405 hom.
1027 5352 1286 5405 circurne.
1348 5360 1403 5403 et
1454 5350 1619 5404 Sabb.
1695 5350 1737 5380 ³⁸
1761 5348 1924 5403 Josue
1958 5364 2037 5411 ιιι,
2074 5364 2227 5417 seqq.

617 5417 666 5451 "
684 5418 840 5473 Joan.
865 5435 903 5485 ι,
936 5419 1016 5473 I2.
1086 5420 1133 5452 δ”
1170 5419 1346 5473 Galat.
1380 5434 1452 5483 tv,
1488 5419 1538 5473 7.

2581 5245 2593 5258 .
2634 5221 2747 5268 xu,
2811 5203 2863 5256 8.
2967 5200 3011 5231 “
3069 5199 3201 5251 Dan.
3249 5212 3324 5268 _x,
3372 5196 3427 5248 2.
3519 5193 3610 5268 ﬂ”
3666 5189 3845 5246 Levit.

2264 5262 3376 5355 "‘F‘Jplip_li.‘_hzeres;‘50,Au.ﬁ5?.‘etuh§r.
3434 5280 3493 5355 rt;

2319 5330 2513 5399 “'A'th.
2552 5347 2654 5398 Ioc.
2694 5346 2771 5396 cit
2848 5330 2858 5337 ’
2891 5342 2933 5370 ’⁸⁸
2965 5339 3137 5392 Galat.
3179 5352 3249 5400 Iv,
3280 5336 3331 5388 3.
3442 5336 3489 5363 ”
3514 5331 3645 5386 ibid.
3694 5330 3757 5393 ι,
3796 5330 3849 5379 ε.

1914 5484 2150 5545 ἾΑΗΙΑΞ
2192 5481 2590 5540 LECTIONES.

615 5671 655 5723 ὴ
687 5611 726 5641 II
756 5599 896 5719 ἔξω.
924 5600 982 5656 S.
1037 5604 1144 5661 llil.
1199 5614 1253 5661 et
1288 5606 1380 5660 alii
1426 5608 1759 5678 καταντήσῃ.
1838 5616 1862 5644 ιι
1901 5604 2033 5660 Cod.
2075 5602 2132 5658 S.
2162 5601 2270 5658 llil.
2311 5600 2617 5671 ὑπεριδὼνε
2655 5599 2744 5654 alii
2769 5598 2923 5654 multi
2956 5592 3228 5665 περιιδὼν.
3301 5599 3322 5623 ⁸
3349 5586 3481 5644 Mss.
3520 5585 3633 5641 fere
3658 5585 3847 5639 om

660 5689 754 5744 ριχ
828 5685 988 5722 ντεια.
