3926 6292
267 342 403 407 1205

1334 336 1430 393 DE
1466 335 1637 393 FIDE
1676 334 2133 393 ORTHODOXK
2173 340 2318 395 LIB.
2364 340 2426 394 ιν

3323 336 3489 404 ῙΞθθίι

254 462 445 519 νόμος,
477 447 566 501 καὶ
588 447 636 498 οἱ
660 445 842 496 τοῦτον
866 446 1248 510 φυλάσσοντες,
1271 442 1555 513 ὑπέρτεροι
1576 443 1667 494 τοῦ
1692 444 1817 495 Mm-

1926 442 2014 501 cit,
2056 458 2239 510 quam,
2266 445 2356 510 qui
2390 443 2725 503 custodiunt,
2752 439 2983 496 Mosaiea
3016 443 3130 511 lege
3158 446 3462 512 superiores

256 539 454 593 σαῖκοῦ
483 539 645 603 νόμου
671 535 976 599 γεγόνασιν.
1019 533 1290 595 Ἐλθόντος
1327 534 1433 602 γὰρ
1462 533 1556 584 τοῦ
1584 533 1810 595 τελείου,

247 628 318 681 τὸ
350 630 411 679 ἐκ
441 626 639 694 μέρους
677 623 1049 691 κατήργηται,
1086 622 1179 673 καλ⁵
1220 620 1310 672 τοῦ
1346 620 1697 689 καλύμματος
1722 618 1814 671 τοῦ

249 718 445 783 νόμου,
474 715 590 784 ἤτοι
614 710 708 763 τοῦ
740 712 1227 780 καταπετάσματος
1255 711 1344 763 διὰ
1385 712 1482 778 τῆς
1508 711 1600 763 τοῦ
1632 710 1815 778 Σωτῆ-

252 821 352 872 ρος
400 799 787 871 διαρῤαγέντος
835 798 1207 867 σταυρώσεως,
1242 798 1336 851 καὶ
1381 799 1471 851 τοῦ
1502 798 1815 865 Πνεὺματος

254 907 291 939 ιτ
304 891 388 963 υρί
394 907 508 951 ναις
525 888 795 957 γλώσσαις
813 887 1203 957 ἐκλάμψαντος,
1223 888 1281 939 τὸ
1295 889 1524 956 γράμμα
1543 888 1817 957 κατήργη-

249 996 365 1041 ται.
390 980 458 1032 τὰ
476 978 761 1049 σωματικὰ
787 978 1080 1043 πέπαυται,
1109 979 1201 1031 καὶ
1225 979 1363 1047 ὁτῆς
1388 978 1629 1039 δουλείας
1656 979 1816 1047 νόμος

264 1069 641 1137 πεπλήρωται,
674 1067 766 1119 καὶ
794 1068 954 1134 νόμος
1000 1068 1310 1137 ἐλευθερίας
1338 1070 1468 1135 ἡμῖν
1499 1066 1810 1135 δεδώρηται.

266 1159 303 1210 Κ
315 1158 369 1209 αὶ
402 1157 730 1226 ἑορτάζομεν
758 1156 856 1224 τὴν
884 1156 1090 1210 τελείαν
1121 1158 1214 1227 τῆς
1236 1158 1579 1227 ἀνθρωπίνης
1609 1157 1818 1223 φύσεως

268 1248 606 1300 κατάπαυσιν
629 1264 644 1277 ·
678 1248 821 1317 φημὶ
850 1247 906 1299 δὲ
940 1247 1037 1310 τὴν
1063 1248 1160 1314 τῆς
1189 1248 1536 1303 ἀναστάσεως
1588 1246 1816 1317 ἡμέραν,

267 1339 323 1390 ἐν
416 1339 445 1405 ἡ
454 1338 558 1406 μᾶς
588 1339 615 1387 6
641 1336 841 1405 Κύριος
883 1336 1107 1405 Ἰησοῦς,
1129 1338 1156 1388 ὁ
1179 1338 1272 1404 τῆς
1294 1335 1438 1403 ζωῆς
1463 1335 1703 1403 ἀρχηγὸς
1728 1335 1819 1386 καὶ

268 1426 479 1494 Σωτὴρ,
515 1429 593 1487 εὶς
622 1427 717 1496 τὴν
746 1426 1160 1495 ἐπηγγελμένην
1192 1428 1298 1486 τοῖς
1334 1423 1711 1492 πνευματικῶς
1743 1421 1821 1491 τῷ

268 1516 385 1584 Θεῴ
412 1516 734 1585 λατρεύουσι
760 1516 1087 1586 κληρουχίαν
1132 1516 1533 1584 εἰσήγαγεν,εἰς
1568 1514 1632 1582 ἣν
1662 1514 1818 1575 αὐτὸς

269 1607 566 1675 πρόδρομος
602 1607 756 1675 ἡμῶν
790 1607 1055 1675 εἰσῆλθεν,
1090 1606 1326 1667 ἀναστὰς
1361 1608 1425 1657 ἐκ
1462 1606 1691 1672 νεκρῶν,
1727 1606 1819 1656 καὶ

265 1695 587 1760 ἀνοιγέντων
636 1694 780 1763 αὑτῷ
802 1696 913 1747 τῶν
948 1696 1209 1761 οὐρανίων
1249 1695 1449 1757 πυλῶν,
1474 1696 1528 1745 ὲν
1557 1694 1706 1763 δεξιᾷ
1729 1693 1817 1746 τοῦ

269 1786 478 1854 Harpe;
505 1786 759 1838 κεκάθικε
802 1785 1144 1853 σωματικῶς,
1173 1785 1299 1838 ἔνθα
1334 1786 1425 1836 καὶ
1455 1788 1501 1837 οἱ
1532 1786 1622 1837 τὸν
1658 1803 1815 1837 πνευ-

270 1874 495 1943 ματικὸν
524 1873 813 1944 τηροῦντες
838 1873 998 1940 νόμον
1028 1863 1442 1931 εἰσελεύσονται.

346 1966 507 2032 Ἡμῖν
537 1964 714 2015 τοίνυν
746 1966 855 2025 τοῖς
888 1962 961 2032 τῷ
998 1963 1265 2033 πνεύματι
1309 1960 1603 2030 στοιχοῦσι,
1639 1962 1730 2014 καὶ
1759 1964 1817 2014 οὑ

264 2054 343 2121 τῷ
376 2055 682 2122 γράμματι,
714 2054 861 2106 πᾶσα
894 2055 926 2121 ὴ
963 2052 1071 2105 τῶν
1118 2052 1396 2120 σαρκικῶν
1439 2055 1584 2105 ἐστιν
1623 2053 1821 2105 ἀπόθε-

269 2160 372 2204 σις,
399 2143 487 2194 καὶ
520 2144 551 2211 ἡ
578 2142 916 2212 πνευματικὴ
954 2143 1195 2213 λατρεία,
1227 2145 1318 2197 καὶ
1338 2147 1370 2213 ἠ
1394 2145 1524 2214 πρὸς
1550 2145 1678 2198 Θεὸν
1701 2163 1821 2198 συν-

267 2231 748 2300 άφεια.Περιτομὴ
798 2231 895 2300 μὲν
926 2232 1033 2299 γάρ
1086 2235 1230 2284 ἐστιν
1288 2235 1319 2302 ή
1369 2234 1463 2302 τῆς
1509 2235 1822 2303 σωματικῆς

172 2320 177 2329 ’
267 2322 477 2389 ἡδονῆς,
508 2321 731 2373 καὶτῶν
761 2323 1050 2391 περιττῶν,
1082 2323 1174 2375 καὶ
1217 2324 1315 2375 οὑκ
1345 2324 1653 2391 ἀναγκαίων
1687 2326 1821 2378 ἁπό-

266 2411 432 2472 θεσις.
478 2411 831 2480 Ἀκροϐυστία
861 2412 968 2480 γὰρ
1002 2424 1027 2461 ι)
1055 2414 1207 2465 οὐδὲν
1239 2412 1424 2483 ἔτερόν
1469 2416 1638 2475 ἐστιν,
1674 2417 1721 2466 εἰ
1748 2415 1823 2485 μὴ

266 2501 459 2569 δέρμα,
488 2501 731 2569 ἡδονικοῦ
760 2502 949 2570 μορίου
998 2504 1332 2572 περίττωμα.
1376 2504 1528 2555 [lica
1569 2505 1624 2556 δὲ
1662 2505 1822 2572 ἡδονὴ

270 2592 346 2658 μὴ
376 2591 438 2640 ὲκ
462 2589 593 2641 Θεοῦ
622 2591 712 2641 καὶ
735 2592 791 2642 ὲν
821 2590 937 2660 Θεῷ
970 2591 1225 2660 γινομένη
1272 2592 1593 2663 περίττωμα
1633 2595 1822 2663 ἡδονῆς

266 2680 410 2729 ἐστιν
430 2695 441 2708 ·
476 2673 540 2747 ἦς
569 2679 736 2741 τύπος
757 2681 789 2747 ἡ
814 2681 1160 2749 ἀκροϐυστία.
1185 2684 1456 2735 Σάϐϐατον
1481 2685 1557 2747 δὲ,
1583 2687 1616 2753 ἡ
1641 2687 1702 2736 ὲκ
1723 2685 1824 2754 τῆς

268 2769 556 2839 ἀμαρτίαςι
605 2772 964 2835 κατάπαυσις.
1006 2774 1163 2825 Ὥστε
1209 2776 1490 2844 ἀμφότερα
1528 2774 1584 2826 ἓν
1621 2777 1823 2844 τυγχά-

268 2878 419 2912 νουσι
446 2872 495 2926 (ι,
530 2863 619 2915 καὶ
642 2861 812 2926 οὑτως
838 2865 1123 2935 ἀμφότερα
1158 2864 1274 2935 ἅμα
1325 2866 1427 2918 ὑπὸ
1456 2866 1563 2918 τῶν
1586 2884 1824 2937 πνευμα-

265 2950 430 3001 τικῶν
458 2952 776 3023 τελούμενα,
829 2954 946 3006 οὑδὲ
1002 2957 1098 3024 τὴν
1161 2956 1431 3026 τυχοῦσαν
1476 2959 1823 3028 παρανομίαν

268 3040 611 3107 ἐργάζονται.
648 3046 651 3047 ⁷

340 3302 457 3353 Ἔτι
511 3304 567 3354 δὲ
625 3307 798 3358 ἰστέον
848 3308 928 3359 ὅτι
972 3311 1001 3359 6
1057 3311 1194 3364 ἐπτά
1248 3314 1478 3383 ἀριθμὸς
1505 3315 1681 3368 πάντα
1734 3316 1825 3371 τὸν

267 3391 509 3458 παρόντα
536 3394 725 3461 χρόνον
746 3396 914 3465 δηλοῖ,
948 3400 1023 3459 ὦς
1062 3416 1223 3468 φησιν
1254 3403 1283 3453 ὁ
1324 3404 1633 3469 σοφώτατος
1668 3405 1824 3457 Σολο-

270 3481 408 3549 μῶν,
438 3482 646 3535 δοῦναι
670 3486 876 3552 μερίδα
917 3489 1040 3554 τοῖς
1082 3490 1248 3555 ἑπτὰ,
1289 3494 1388 3545 καί
1418 3511 1484 3560 τε
1507 3494 1628 3560 τοῖς
1653 3495 1820 3548 ὀκτὼ.

263 3571 373 3624 Καὶ
399 3574 426 3623 6
462 3572 722 3642 θεηγόρος
755 3578 917 3631 Δαὸὶδ
945 3580 1075 3650 περὶ
1103 3581 1200 3649 τῆς
1233 3582 1422 3652 ὀγδόης
1439 3583 1683 3651 ψάλλων,
1697 3586 1822 3653 περὶ

265 3658 362 3725 τῆς
400 3660 696 3731 μελλούσης
733 3665 869 3731 μετά
891 3666 990 3736 τὴν
1021 3669 1084 3720 ἐκ
1110 3669 1319 3739 νεκρῶν
1340 3671 1631 3725 ἀνάστασιν
1654 3690 1820 3725 κατα-

268 3750 509 3811 στάσεως
567 3751 784 3820 ἔςιαλλε.
838 3755 945 3825 Τὴν
983 3757 1217 3829 ἑϐδόμην
1241 3757 1334 3813 οὖν
1361 3763 1593 3832 ἡμέραν,
1625 3764 1823 3834 ἀργίαν

270 3837 367 3903 μὲν
398 3837 550 3903 ἄγειν
572 3840 637 3891 ἐκ
664 3841 775 3893 τῶν
803 3848 1147 3914 σωματικῶν,
1174 3853 1285 3913 τοῖς
1339 3852 1395 3904 δὲ
1435 3858 1822 3923 πνευματικοῖς

266 3929 670 3996 ἐνασχολείσθαι
705 3935 1061 4002 προστάσσων
1082 3939 1110 3988 6
1132 3939 1315 4008 νόμος,
1334 4006 1335 4009 η
1348 3944 1621 4009 μυστικῶς
1644 3947 1821 3998 πάντα

265 4015 357 4067 τὸν
403 4020 590 4087 χρόνον
645 4023 724 4089 τῷ
778 4024 1016 4095 ἀληθινῷ
1058 4026 1289 4098 Ἰσραὴλ,
1323 4033 1415 4083 καὶ
1460 4034 1582 4086 νοῦν
1611 4034 1821 4105 ὁρῶντα

265 4106 395 4157 Θεὸν
421 4107 617 4178 ἔχοντι,
666 4113 929 4182 ὑπέφηνε,
985 4117 1062 4184 τῷ
1111 4119 1231 4188 Θεῷ
1267 4122 1459 4173 ἑαυτὸν
1503 4124 1818 4193 προσάγειν,

226 4222 233 4226 -
267 4199 358 4248 καὶ
393 4198 642 4267 ὑπεράνω
664 4202 775 4253 τῶν
815 4208 1142 4274 σωματικῶν
1171 4210 1411 4270 γίνεσθαι
1444 4222 1488 4264 ι’.

756 4464 1002 4518 ΚΕΦΑΛ.
1042 4465 1137 4519 ΚΔ¹
1166 4468 1322 4539 [υκαι

790 4554 927 4619 Περὶ
950 4560 1286 4623 παρθενίας.

340 4638 666 4701 Κακίξουσιν
713 4644 761 4693 οἱ
800 4646 1051 4712 σαρκικοὶ
1104 4648 1203 4715 τὴν
1251 4650 1563 4719 παρθενίαν,
1621 4657 1714 4707 καὶ
1746 4659 1823 4719 είς

270 4729 572 4795 μαρτυρίαν
625 4731 1013 4798 προϐάλλονται
1056 4739 1103 4789 oi
1146 4738 1413 4807 φιλήδονοι
1450 4743 1541 4794 τό⁸
1604 4746 1826 4800 Ἐπικα-

269 4818 515 4883 τάρατος
538 4819 653 4885 πᾶς
678 4823 744 4885 ὃς
766 4824 873 4877 οὐκ
897 4826 1102 4894 ἐγείρει
1130 4830 1362 4899 σπέρμα
1383 4834 1544 4900 ἐντῷ
1576 4838 1829 4905 Ἰσραήλ.

194 4936 197 4937 ν
279 4907 469 4975 Ἡμεῖς
496 4910 551 4962 δέ
594 4928 790 4981 φαμεν,
832 4915 905 4982 τῷ
932 4920 993 4967 ἐκ
1024 4920 1301 4989 Παρθένου
1356 4928 1686 4994 σαρκωθέντι
1715 4930 1832 5000 Θεῷ

278 5000 435 5068 Λόγῳ
461 5000 854 5071 θαρρήσαντες,
885 5009 957 5070 ὡς
1004 5012 1036 5079 ἡ
1077 5013 1340 5082 παρθενία
1390 5018 1615 5084 ἄνωθεν,
1652 5024 1743 5074 καὶ
1772 5023 1830 5087 ἐξ

267 5091 442 5160 ἀρχῆς
471 5096 803 5169 ἑνεφυτεύθη
844 5109 864 5135 ³
900 5106 965 5172 τῇ
1000 5104 1158 5170 φύσει
1195 5107 1305 5161 τῶν
1359 5110 1679 5183 ἀνθρώπων.
1736 5117 1827 5168 Ἐκ

274 5278 322 5309 η
426 5236 607 5309 l‘Cor.
645 5253 763 5303 xm,
805 5241 891 5295 10.
1003 5243 1048 5275 ⁸³
1076 5246 1269 5300 Athan.
1305 5248 1407 5301 lue.
1437 5251 1529 5301 cit.

350 5302 492 5357 l’sal.
566 5323 640 5369 vi,
666 5310 750 5361 ll.
826 5310 867 5340 ⁸¹
935 5312 1065 5365 Vide
1096 5315 1186 5366 lib.
1214 5332 1270 5379 ιι,
1297 5331 1343 5367 c.
1372 5317 1458 5370 50.

1637 5240 1898 5307 M'i‘lthan.
1950 5256 2046 5309 cit.

1540 5320 1583 5349 "
1626 5319 1779 5374 Deut.
1820 5340 1944 5387 xxv,
1978 5326 2028 5377 9.

1916 532 2213 585 exsistunt.
2239 532 2394 595 Nam,
2436 550 2498 586 ex
2530 549 2639 600 quo
2677 534 2822 587 venit
2857 534 3003 602 quod
3034 533 3329 600 perfectum
3358 548 3460 599 est,

1914 630 2239 674 evacuatum
2272 631 2355 675 est
2386 622 2527 688 quod
2563 638 2624 675 ex
2660 630 2811 689 parte
2834 630 2955 673 erat
2977 621 3057 687 ";
3086 637 3150 675 ac
3174 624 3348 677 scisso
3371 639 3463 693 per

1918 710 2226 763 Salvatoris
2259 725 2479 763 crucem
2522 719 2835 777 legumento
2869 710 3028 779 295
3057 711 3171 766 sive
3221 713 3340 766 velo
3386 715 3462 767 le-

1915 801 2021 866 gis,
2058 808 2360 867 sanctoque
2393 798 2598 863 Spiritu
2632 799 2804 865 igneis
2846 798 3042 868 linguis
3083 801 3460 866 illucescente,

1918 891 2099 943 littera
2133 888 2424 952 obsolevit,
2461 886 2770 954 corporalia
2816 894 3124 951 cessarunt,
3151 896 3221 940 et.
3246 890 3460 956 impleta
3488 922 3493 927 ρ

1918 981 2033 1048 lege
2060 979 2362 1039 servitutis,
2396 977 2485 1029 lex
2516 974 2791 1030 libertatis
2827 975 2989 1029 nobis
3009 976 3206 1029 donata
3233 987 3337 1029 est.
3370 978 3462 1028 At-

1917 1086 2023 1138 que
2049 1070 2093 1099 ‘°
2125 1067 2422 1135 perfectam
2453 1066 2700 1120 humana:
2726 1073 2941 1119 natura:
2968 1066 3209 1133 requiem
3234 1067 3466 1119 celebra-

1920 1176 2063 1224 mus,
2098 1160 2201 1212 hoc
2233 1165 2320 1213 est
2346 1156 2770 1212 resurrectionis
2802 1156 2968 1218 diem,
2994 1155 3048 1207 in
3076 1169 3185 1222 qua
3213 1154 3469 1208 Dominus

1917 1249 2097 1311 Jesus,
2134 1250 2256 1302 vitae
2286 1256 2475 1302 auctor
2503 1256 2557 1300 et
2592 1246 2862 1307 Salvator,
2907 1259 3008 1298 nos
3036 1245 3102 1298 ad
3147 1244 3467 1311 promissam

1921 1339 2028 1391 illis
2053 1338 2146 1406 qui
2189 1337 2456 1405 spirituali
2494 1337 2641 1390 cultu
2674 1336 2783 1390 Deo
2806 1336 3075 1399 serviunt,
3101 1334 3469 1388 haereditatem

1921 1429 2253 1493 introduxit;
2279 1428 2329 1480 in
2356 1443 2514 1496 quam
2542 1427 2796 1479 nimirum
2822 1427 2935 1494 ipse
2961 1440 3265 1494 prmcursor
3289 1432 3472 1479 noster

1922 1518 2204 1587 ingressus
2239 1525 2343 1579 est,
2383 1525 2671 1584 postquam
2701 1531 2730 1569 a
2772 1524 2946 1568 morte
2977 1515 3041 1568 ad
3076 1516 3237 1568 vitam
3288 1515 3471 1575 rediit,

1922 1615 1975 1661 et
2009 1608 2272 1662 reseratis
2304 1605 2705 1675 patefactisque
2736 1604 2841 1658 sibi
2885 1604 3007 1657 ρωιί
3044 1603 3248 1671 januis,
3291 1604 3343 1654 in
3374 1601 3473 1653 l‘a-

1925 1700 2024 1751 trls
2058 1697 2280 1750 dextera
2329 1694 2627 1749 secundum
2680 1709 2881 1763 corpus
2935 1695 3204 1758 consedit,
3254 1707 3361 1760 quo
3396 1692 3471 1743 illi

1922 1788 2087 1841 etiam
2139 1785 2230 1854 qui
2285 1785 2386 1852 legi
2429 1782 2668 1852 Spiritus
2717 1798 2921 1836 morem
2968 1789 3184 1851 gerunt,
3218 1780 3501 1848 deinceps»

1923 1885 2050 1930 sunt
2078 1874 2375 1928 introituri.

1992 1965 2335 2018 Circumcisio
2384 1980 2444 2015 ac
2502 1961 2791 2015 Sabbatunt
2834 1977 2994 2013 unum
3024 1961 3147 2029 quid
3180 1976 3332 2012 sensa
3360 1975 3471 2026 my-

1922 2056 2071 2111 stico.
2099 2085 2163 2094 -—
2192 2054 2458 2119 Quocirca
2499 2055 2565 2106 ad
2616 2068 2717 2108 nos
2739 2053 2806 2116 ⁸⁷,
2839 2053 2930 2121 qui
2987 2053 3208 2121 spiritu,
3249 2067 3313 2103 ac
3366 2065 3473 2102 non

1922 2143 2099 2197 littera
2128 2142 2455 2206 incedimus,
2485 2144 2665 2195 omnis
2696 2142 2999 2195 carnalium
3030 2156 3209 2193 rerum
3241 2140 3475 2208 abjectio

1924 2240 2155 2302 spectat,
2198 2232 2485 2300 cultusque
2520 2231 2846 2299 spiritualis,
2876 2239 3074 2285 etcum
3102 2230 3209 2283 Deo
3244 2230 3475 2298 conjun-

1922 2322 2051 2375 ctio.
2105 2320 2466 2373 Circumeisio
2526 2320 2765 2388 quippe,
2838 2334 3115 2388 corporea:
3180 2316 3476 2387 voluptatis

1924 2426 2215 2478 rerumque
2248 2407 2642 2477 superﬂuarum
2677 2423 2739 2462 ac
2772 2408 2997 2463 minime
3046 2409 3475 2462 necessariarum

1923 2498 2282 2566 estabjectio.
2320 2497 2655 2567 Prmputium
2693 2512 2823 2551 vero
2852 2497 2986 2551 nihil
3026 2496 3173 2551 aliud
3221 2507 3325 2559 est,
3365 2497 3473 2549 nisi

1926 2587 2194 2657 superﬂua
2236 2588 2379 2641 cutis
2413 2589 2645 2642 membri
2677 2590 2824 2643 illius
2856 2589 2909 2642 in
2946 2603 3054 2657 quo
3089 2588 3258 2641 libido
3278 2588 3475 2640 cietur.

1924 2680 2113 2733 Omnis
2142 2694 2307 2749 porro
2336 2680 2608 2748 voluptas,
2634 2695 2753 2748 qua:
2781 2695 2880 2734 nec
2904 2695 2971 2734 ex
3000 2678 3128 2741 Deo,
3157 2694 3254 2732 nec
3282 2679 3335 2732 in
3371 2676 3479 2731 Deo

1925 2760 2155 2837 capitur,
2181 2769 2475 2838 voluptatis
2498 2777 2582 2823 est
2604 2770 2876 2839 superﬂua
2899 2772 3100 2839 portio,
3118 2769 3277 2838 cujus
3304 2772 3474 2838 ligura

1925 2860 2243 2929 pra‘putium
2273 2868 2401 2913 est:
2461 2860 2761 2914 Sabbatum
2821 2873 2997 2915 autem
3061 2870 3143 2915 est
3190 2862 3407 2929 requies
3448 2876 3481 2914 α

1925 2958 2174 3017 peccato.
2204 2949 2571 3015 Quamobrem
2600 2952 2709 3013 duo
2731 2953 2845 3005 haec
2872 2969 3039 3005 unum
3076 2968 3301 3021 prorsus
3330 2961 3477 3010 sunt.

1926 3046 2091 3106 atque
2124 3040 2196 3091 ita
2226 3040 2386 3093 ambo
2418 3040 2599 3102 simul,
2631 3040 2678 3093 si
2710 3040 2779 3094 ab
2811 3040 2875 3094 iis
2928 3041 3019 3109 qui
3064 3040 3259 3109 spiritu
3290 3049 3476 3110 agunt,

1926 3129 2310 3192 observentur,
2361 3146 2428 3184 ne
2463 3130 2745 3184 minimam
2787 3131 3004 3200 quidem
3055 3130 3244 3201 ﬂagitii
3298 3139 3481 3185 notam

1926 3228 2132 3274 creant.

1998 3311 2223 3364 Numeri
2285 3313 2570 3380 septenarii
2626 3314 3032 3367 commendatio.
3069 3314 3295 3376 -—Quin
3349 3314 3479 3366 illud

1926 3419 2139 3472 quoque
2164 3403 2458 3457 notandum
2478 3414 2559 3458 est
2578 3404 2643 3469 “,
2667 3404 2972 3473 septenario
3000 3420 3227 3457 numero
3248 3420 3485 3471 pra'seus

1928 3510 2087 3547 omne
2120 3503 2336 3561 tempus
2376 3494 2687 3561 designari,
2747 3495 2905 3564 juxta
2939 3504 3101 3563 atque
3140 3495 3479 3563 sapientissi-

1924 3601 2048 3639 mus
2094 3584 2351 3638 Salomon
2413 3586 2573 3650 dixit,
2629 3588 2757 3640 dare
2818 3597 3021 3655 partem
3055 3598 3269 3655 septem,
3326 3597 3479 3657 atque

1922 3680 2081 3731 etiam
2145 3687 2258 3731 octo
2277 3678 2343 3730 ".
2390 3678 2454 3730 Et
2510 3677 2887 3748 diviniloquus
2933 3679 3101 3736 David
3128 3681 3192 3746 ⁵ο,
3240 3696 3364 3735 cum
3414 3681 3479 3735 de

1923 3776 2115 3823 octava
2150 3770 2416 3838 psalmum
2446 3770 2653 3835 ederet,
2690 3770 2761 3824 de
2816 3770 3002 3824 futura
3061 3782 3181 3841 post
3233 3788 3478 3826 resurre-

1922 3862 2154 3916 ctionem
2206 3862 2605 3915 instauratione
2653 3877 2834 3916 rerum
2879 3863 3129 3917 canebat.
3190 3863 3476 3929 Quocirca,

1922 3950 2365 4019 quandoquidem
2402 3952 2485 4003 lex
2522 3950 2608 4003 die
2640 3951 2873 4019 septimo
2922 3967 2949 4003 a
3002 3952 3281 4020 corporeis
3322 3955 3479 4004 rebus

1922 4055 2139 4094 cessare
2177 4040 2542 4109 praecipiebat,
2585 4050 2637 4094 et
2687 4040 3068 4110 spiritualibus
3101 4055 3318 4102 vacare,
3352 4056 3480 4094 vero

1922 4130 2199 4195 lsraclitm,
2228 4145 2399 4198 eaque
2432 4137 2611 4182 mente
2653 4131 2875 4198 praedito
2918 4146 3038 4199 qua:
3072 4130 3241 4184 Deum
3279 4130 3475 4194 videat,

1921 4234 2122 4272 arcana
2158 4220 2367 4272 ratione
2396 4220 2500 4272 huc
2540 4220 2947 4283 subindicahat,
2994 4235 3270 4289 nunquam
3296 4219 3346 4274 id
3372 4235 3477 4277 non

1926 4309 2193 4379 agendum
2224 4324 2364 4372 esse,
2395 4320 2451 4362 ut
2480 4326 2600 4364 sese
2658 4310 2765 4365 Deo
2823 4310 3036 4378 oll‘erat,
3088 4320 3141 4366 et
3184 4323 3347 4379 supra
3394 4324 3480 4363 res

1850 4402 1896 4460 ι)
1924 4414 2217 4468 corporeus
2251 4409 2524 4454 assurgat.

2516 4490 2669 4544 CAP.
2704 4489 2893 4544 XXIV.

2490 4578 2560 4632 De
2586 4581 2899 4647 virginitate.

2010 4664 2347 4734 Virginitatis
2378 4666 2634 4734 defensio.
2680 4668 2968 4736 Virginitas
2991 4670 3186 4722 nomini
3220 4687 3392 4725 coarva
3419 4684 3481 4721 ac

1932 4755 2106 4821 vigens
2141 4755 2194 4806 in
2220 4755 2489 4811 varadiso.
2535 4755 2937 4811 Matrimonium
2980 4761 3250 4812 occasione
3283 4761 3479 4826 peccati

1930 4843 2219 4898 inductum.
2243 4875 2312 4886 --
2334 4845 2713 4916 Virginitatem
2734 4851 2775 4880 ‘"
2807 4851 3053 4905 carnales
3086 4852 3334 4905 homines
3362 4851 3477 4903 cul-

1929 4941 2081 5001 pant,
2118 4943 2171 4986 et
2205 4935 2296 5002 qui
2353 4936 2617 5004 voluptati
2667 4937 2971 5008 indulgent,
3018 4940 3315 4994 testimonii
3361 4940 3480 4992 loco

1929 5023 2141 5077 dictum
2176 5025 2280 5078 hoc
2318 5026 2664 5081 obtendunt:
2700 5028 3017 5084 Maledictus
3056 5032 3225 5085 omnis
3264 5031 3352 5099 qui
3377 5045 3477 5081 non

1930 5116 2151 5167 suscitat
2175 5132 2343 5168 semen
2369 5118 2423 5169 in
2451 5115 2626 5171 Israel
2643 5119 2688 5151 ⁸²
2716 5138 2730 5187 ;
2758 5136 2859 5175 nos
2890 5136 3016 5178 vero
3058 5122 3151 5177 Dei
3184 5121 3342 5176 Verbi
3387 5119 3475 5191 qui

2155 5259 2197 5288 ⁸⁸
2226 5258 2384 5327 Greg.
2447 5258 2576 5317 Naz.
2618 5271 2757 5318 orat.
2789 5262 2877 5316 42.
2987 5262 3030 5294 ⁸⁸
3060 5261 3219 5319 Ecele
3294 5279 3369 5328 xl,
3418 5260 3473 5315 2.

1546 5443 1769 5501 νΑιιιίΕ
1804 5450 2201 5506 LECTIONES.

344 5553 370 5631 ξ)
403 5545 549 5631 Ισὶμίιη
576 5556 627 5631 et
898 5564 957 5631 _‘l
992 5552 1226 5631 Quidam
1253 5559 1471 5615 codices
1503 5565 1772 5631 τυγχάνει.

268 5615 364 5663 καὶ
397 5614 554 5684 νόμος
597 5619 727 5687 ἡμῖν
772 5614 1076 5691 ἐλευθερίας
1114 5625 1422 5697 δεδώρηθαι.

1577 5566 1776 5649 flava.
1815 5576 1872 5649 nr
1905 5566 2145 5649 ll._?.t‘28
2168 5570 2435 5649 γενέσθαι,
2488 5572 2709 5629 additur
2740 5574 2796 5630 in
2826 5574 2979 5630 Culb-
3026 5576 3163 5630 £780
3189 5583 3251 5631 et
3275 5571 3333 5627 S.
3367 5569 3474 5628 Hil‘.

1500 5645 1518 5667 δ
1551 5632 1701 5685 Edita
1733 5645 1779 5686 et
1815 5638 1868 5688 S.
1914 5636 2012 5688 llil.
2050 5632 2331 5708 ἐφυτεύθη.
