3926 6292
318 352 456 417 1213

312 557 736 612 ἁποδιαστέλλον
785 560 951 615 αὑτὸν
994 563 1087 615 καὶ
1138 565 1264 625 τοὺς
1302 564 1370 629 ἐξ
1394 564 1584 625 αὑτοῦ.
1635 565 1890 627 καὶτοὺς

313 648 480 702 αὐτοῦ
532 649 829 717 οἰκογενεῖς
876 654 941 706 ὲκ
989 653 1095 705 τῶν
1151 654 1340 720 ἐθνῶν,
1402 654 1520 724 μεθ’
1552 648 1629 708 ὧν
1692 670 1887 708 συναν-

313 737 635 808 εστρέφετο.
660 740 768 792 Καὶ
806 740 962 810 δῆλον
984 758 996 771 ·
1024 743 1111 796 ὅτε
1156 744 1264 814 γὰρ
1288 746 1347 798 ὲν
1378 747 1445 815 τῇ
1481 745 1673 815 ἐρήμῳ
1695 761 1890 797 τεσσα-

314 829 554 900 ράκοντα
584 833 614 884 ὀ
654 831 871 902 Ἰσραὴλ
903 834 1064 903 μόνος
1116 835 1236 890 καθ’
1275 836 1467 890 ἑαυτὸν
1508 836 1798 905 διέτριψεν,
1825 836 1888 890 οὐ

312 923 860 993 συναναμεμιγμένος
917 924 1086 995 ἑτέρῳ
1121 926 1284 991 ἔθνει,
1332 929 1446 979 ὅσοι
1488 928 1547 978 ὲν
1579 921 1647 995 τῇ
1688 930 1886 1002 ἐρήμῳ

314 1012 707 1084 ἐγεννήθησαν,
758 1014 819 1067 οὐ
862 1018 1309 1087 περιετμήθησαν
1334 1036 1345 1049 ·
1379 1019 1543 1089 ἡνίκα
1586 1018 1643 1071 δὲ
1682 1016 1888 1088 Ἰησοῦς

314 1101 623 1166 διεϐίϐαζεν
682 1102 880 1167 αὐτοὺς
932 1104 1024 1159 τὸν
1069 1106 1361 1175 Ἰορδάνην,
1413 1105 1885 1177 περιετμήθησαν,

316 1192 412 1245 καὶ
433 1191 625 1260 γέγονε
660 1193 912 1265 δεύτερος
938 1196 1102 1265 νόμος
1125 1200 1447 1267 περιτομῆς.
1467 1198 1592 1251 Ἐπὶ
1635 1195 1889 1267 Ἀϐραὰμ

315 1284 427 1352 γὰρ
454 1284 611 1350 ἐδόθη
633 1286 795 1355 νόμος
819 1289 1140 1358 περιτομῆς,
1181 1284 1300 1343 εἶτα
1324 1289 1600 1343 ἐπαύσατο
1615 1290 1672 1342 ὲν
1695 1290 1889 1359 ἐρήμῳ

310 1376 720 1447 τεσσαράκοντα
738 1377 852 1448 ἐτη.
862 1379 970 1432 Καὶ
984 1379 1143 1432 πάλιν
1156 1381 1220 1433 ὲκ
1232 1380 1486 1450 δευτέρου
1508 1379 1705 1433 ἔδωκεν
1719 1382 1745 1433 ὁ
1756 1379 1889 1443 Θεὸς

311 1464 391 1535 τῷ
405 1464 579 1537 Ἰησοῦ
599 1467 762 1537 νόμον
781 1470 1101 1538 περιτομῆς,
1126 1470 1263 1538 μετὰ
1281 1469 1342 1522 τὸ
1370 1468 1626 1538 διαϐῆναι
1642 1469 1733 1521 τὸν
1762 1460 1890 1539 Ἰορ-

309 1554 500 1625 δάνην,
516 1556 699 1620 καθὼς
730 1558 788 1609 ἐν
804 1561 869 1628 τῇ
890 1558 1056 1628 βίϐλῳ
1071 1557 1249 1630 Ἰησοῦ
1263 1558 1357 1613 τοῦ
1381 1560 1539 1629 Ναυῆ
1551 1560 1882 1630 γέγραπται·

321 1646 468 1701 ’Υπὸ
514 1647 582 1701 δὲ
631 1647 848 1703 τοῦτον
894 1651 999 1702 τὸν
1041 1651 1255 1718 καιρὸν
1289 1646 1459 1705 εἶπεν
1488 1653 1522 1704 ό
1568 1651 1783 1718 Κύριος
1807 1649 1888 1715 τῷ

323 1738 520 1806 Ἰησοῦ
541 1754 555 1770 '
600 1740 874 1808 Ποίησον
902 1739 1137 1805 σεαυτῷ
1163 1741 1464 1809 μαχαίρας
1507 1741 1797 1809 πετρίνας
1816 1741 1886 1793 ἐκ

308 1830 532 1897 πέτρας
565 1830 925 1900 ἀκροτόμου,
980 1832 1079 1885 καὶ
1107 1833 1365 1897 καθίσας
1401 1834 1707 1901 περιέτεμε
1745 1831 1887 1896 τοὺς

306 1919 481 1985 υἱοὺς
516 1920 751 1988 Ἰσραὴλ
808 1922 876 1975 ἐκ
910 1920 1213 1990 δευτέρου.
1240 1922 1351 1975 Καὶ
1394 1923 1511 1992 μετ’
1528 1923 1713 1991 ὀλίγα⁸
1762 1922 1888 1975 Ἐπὶ

307 2010 763 2077 τεσσαράκοντα
810 2013 920 2080 γὰρ
977 2013 1073 2065 καί
1116 2012 1133 2050 ί
1178 2011 1288 2066 δύο
1301 2013 1409 2081 ἐτη
1435 2012 1839 2081 ἀνέστραπται
1862 2014 1887 2052 ⁸

322 2101 564 2170 Ἰσραὴλ
586 2104 655 2155 ἐν
709 2102 785 2171 τῇ
827 2102 1025 2170 ἐρήμῳ
1046 2103 1119 2172 τῇ
1178 2104 1545 2172 Βατταριτίὸι
1569 2101 1597 2140 ιι
1617 2141 1633 2166 ,
1658 2102 1758 2156 καὶ
1792 2102 1889 2156 διὰ

222 2224 225 2225 ν
308 2193 485 2247 τοῦτο
501 2194 883 2263 ἀπερίτμητοι
934 2194 1122 2249 αὐτῶν
1166 2190 1331 2265 ἦσαν
1384 2194 1737 2248 οἱπλεῖστοι
1772 2194 1890 2248 τῶν

306 2285 599 2355 μαχίμων,
632 2285 751 2339 τῶν
767 2285 1223 2353 ἐξεληλυθότων
1235 2287 1306 2341 ἐκ
1332 2286 1776 2355 τῆςΑιγύπτου,
1834 2289 1889 2340 οι

308 2376 750 2443 ἀπειθήσαντες
804 2377 933 2453 ταῖς
997 2377 1274 2443 ἐντολαῖς
1317 2378 1424 2431 τοῦ
1459 2377 1628 2439 Θεοῦ.
1660 2373 1751 2443 οἷς
1788 2378 1888 2431 καὶ

308 2467 547 2537 διώρισε
572 2468 659 2537 μὴ
714 2466 863 2522 ιδεῒν
908 2468 1133 2534 αὐτοὺς
1163 2469 1278 2536 τὴν
1327 2467 1445 2537 γῆν
1486 2467 1601 2535 τὴν
1626 2466 1883 2535 ἀγαθὴν,

309 2557 392 2627 ἢν
418 2560 616 2629 ὤμοσε
654 2561 869 2628 Κύριος
923 2564 1050 2625 τοῖς
1094 2557 1395 2626 πατράσιν
1426 2557 1627 2613 αὐτῶν
1676 2557 1888 2611 δοῦναι

309 2650 667 2721 αὺτοῖς-,γῆν
687 2651 959 2719 ῥέουσαν
977 2650 1133 2720 γάλα
1164 2650 1261 2703 καί
1295 2649 1452 2718 μέλι,
1480 2648 1630 2703 Ἀντί
1649 2647 1719 2701 δὲ
1750 2649 1886 2701 τού-

308 2756 431 2795 των
475 2741 947 2808 ἀντικατέστησε
989 2739 1131 2807 τοὺς
1179 2740 1351 2805 υἱοὺς
1372 2738 1593 2805 αὐτῶν,
1617 2739 1726 2804 οὓς
1775 2738 1887 2805 Ἰη-

308 2827 464 2895 σοῦς
485 2829 809 2898 περιέτεμε,
837 2828 937 2883 διὰ
959 2828 1023 2882 τὸ
1054 2826 1411 2899 γεγενῆσθαι
1438 2827 1663 2889 αὐτοὺς
1683 2828 1886 2894 ἀπερι-

308 2917 569 2986 τμήτους
592 2917 741 2971 κατὰ
768 2918 885 2986 τὴν
920 2918 1086 2973 ὀδόν.
1124 2919 1286 2971 Ὥστε
1318 2922 1545 2989 σημεῖον
1575 2914 1646 2990 ἦν
1676 2921 1708 2989 ή
1732 2937 1886 2991 περι-

308 3008 469 3079 τομὴ,
496 3010 757 3082 ἁφορίζον
793 3012 807 3053 ι
841 3010 933 3065 τὸν
971 3009 1191 3083 Ἰσραὴλ
1210 3012 1275 3064 ὲκ
1298 3010 1407 3065 τῶν
1429 3011 1623 3077 ἐθνῶν,
1647 3007 1729 3075 οἷς
1758 3029 1884 3066 συν-

309 3101 688 3172 ανεστρέφετο.

381 3192 561 3256 Τύπος
590 3193 646 3247 δὲ
691 3190 759 3265 ἦν
814 3192 911 3249 τοῦ
957 3194 1354 3266 βαπτίσματος.
1410 3194 1677 3266 Καθάπερ
1707 3196 1882 3266 γὰρ“ή

308 3285 580 3355 περιτομὴ
604 3286 664 3338 οὐ
693 3286 951 3356 χρειῶδες
984 3286 1143 3357 μέλος
1162 3288 1458 3359 ἀποτέμνει
1479 3288 1577 3342 τοῦ
1611 3289 1883 3358 σώματος,

310 3373 445 3428 ἀλλὰ
475 3374 794 3445 περίττωμα
836 3376 1132 3447 ἄχρηστον,
1163 3377 1306 3431 οὕτω
1334 3379 1423 3433 διὰ
1466 3378 1563 3433 τοῦ
1605 3380 1760 3447 ἁγίου
1790 3378 1887 3449 βα-

311 3460 616 3529 πτίσματος
642 3463 740 3532 τὴν
766 3464 1041 3534 ἁμαρτίαν
1070 3466 1515 3537 περιτεμνόμεθα
1532 3469 1595 3537 ’ὴ
1621 3467 1677 3520 δὲ
1707 3469 1886 3537 ἁμαρ-

309 3553 423 3617 τία,
445 3554 605 3620 δῆλον
658 3557 734 3622 ὡς
788 3559 1114 3628 περίττωμα
1158 3560 1458 3631 ἐπιθυμίας
1506 3562 1644 3628 ἐστὶ,
1681 3563 1775 3616 καὶ
1821 3563 1882 3615 οὐ

310 3645 578 3716 χρειώδης
627 3648 916 3717 ἐπιθυμία.
956 3649 1243 3706 Ἀδύνατον
1283 3653 1392 3722 γάρ
1421 3669 1546 3707 τινα
1588 3653 1713 3723 μηδ’
1748 3653 1885 3716 ὅλως

309 3735 621 3806 ἐπιθυμεῖν,
680 3739 713 3810 ἢ
752 3740 938 3795 τέλεον
995 3742 1264 3810 ἄγευστον
1296 3742 1493 3813 ἡδονῆς
1539 3738 1676 3797 εἶναι
1700 3760 1714 3773 ⁸
1749 3744 1885 3799 ἁλλὰ

308 3828 371 3881 τὸ
394 3828 666 3900 ἄχρηστον
694 3834 795 3901 τῆς
825 3832 1037 3902 ἡδονῆς,
1089 3834 1210 3905 ἤτοι
1235 3836 1268 3904 ἡ
1310 3835 1582 3906 ἄχρηστος
1622 3835 1885 3907 ἐπιθυμία

307 3935 370 3972 τε
401 3920 497 3972 καὶ
523 3920 705 3991 ἡδονὴ,
738 3922 897 3976 τοῦτό
930 3925 1081 3976 ἐστιν
1113 3925 1146 3993 ἡ
1170 3924 1432 3995 ἁμαρτία,
1461 3925 1529 3996 ἢν
1558 3927 1879 3996 περιτέμνει

310 4010 373 4064 τὺ
403 4012 556 4079 ἅγιον
597 4011 901 4083 βάπτισμα,
951 4013 1191 4084 παρέχον
1240 4016 1372 4086 ἡμῖν
1434 4017 1657 4083 σημεῖον
1690 4015 1781 4068 τὸν
1801 4015 1884 4068 τί-

315 4115 438 4169 μιον
462 4100 696 4172 σταυρὸν
718 4102 811 4154 ἐπὶ
831 4086 924 4154 τοῦ
960 4103 1237 4172 μετώπου,
1270 4105 1369 4156 οὐκ
1394 4104 1453 4168 ἐξ
1496 4102 1665 4156 ἐθνῶν
1688 4104 1885 4177 ἀφορί-

313 4189 406 4255 ζον
438 4193 584 4262 ἡμᾶς
612 4209 627 4224 ·
661 4193 837 4247 πάντα
900 4194 1010 4268 γὰρ
1064 4194 1134 4248 τὰ
1181 4195 1308 4266 ἔθνη
1368 4195 1461 4248 τοῦ
1509 4195 1886 4265 βαπτίσματος

311 4280 522 4352 ἔτυχον,
548 4282 740 4354 καὶτῷ
770 4286 986 4356 σημείῳ
1013 4284 1111 4339 τοῦ
1150 4284 1387 4358 σταυροῦ
1412 4288 1881 4360 ἐσφραγίσθησανο

309 4373 428 4425 ἁλλ’
457 4375 514 4425 ὲν
548 4375 764 4445 ἑκάστῳ
789 4375 932 4429 ἔθνει
986 4377 1078 4431 τὸν
1119 4378 1311 4431 πιστὸν
1340 4378 1760 4433 ἁποδιαστέλλον
1789 4382 1883 4435 τοῦ

1337 364 1434 423 DE
1469 361 2132 426 FIDEDBTHODOXA
2173 366 2317 426 LIB.
2378 369 2472 427 IV.

200 522 201 527 η
314 469 460 538 μετὰ
494 466 595 529 τὰς
629 466 899 534 εὐλογίας,
946 472 1085 539 μετὰ
1128 468 1227 542 τὴν
1254 471 1608 540 ἐπαγγελίαν,
1661 472 1884 539 σημεῖον

1991 474 2208 528 ctioncs
2236 487 2289 528 et
2323 478 2724 544 promissiones
2751 479 2875 535 data
2906 486 3013 544 est,
3041 486 3307 548 tanquam
3345 477 3565 549 signum

1920 1805 1961 1858 Β
1993 1805 2224 1897 tempore
2252 1829 2329 1882 ait
2360 1828 2622 1884 Dominus
2647 1805 2717 1881 ad
2745 1828 2930 1883 Iesum
2964 1846 2982 1883 :

3432 364 3567 429 1214

1990 564 2135 633 quod
2167 580 2292 619 eum
2334 567 2647 637 liberosque
2682 568 2827 637 ejus,
2862 584 2927 623 ac
2959 583 3158 623 vernas
3213 583 3242 621 a
3280 570 3564 638 gentibus,

1989 655 2322 724 quibuscum
2350 658 2691 722 morabatur,
2726 659 3075 713 discerneret
3109 658 3171 710 ’⁷.
3226 657 3568 727 Argumenta

1989 754 2074 800 est
2109 747 2173 808 ⁷⁸,
2199 746 2346 816 quod
2380 762 2506 801 cunt
2538 750 2799 804 Israelita
2864 748 3230 819 quadraginta
3285 749 3448 803 annis
3507 750 3562 802 in

1988 836 2209 892 deserto
2244 853 2433 893 secum
2467 839 2572 908 ipsi
2602 840 2835 895 seorsim
2870 849 3246 905 versarentur,
3283 856 3382 895 nec
3438 856 3564 894 cum

1990 928 2098 980 ulla
2139 927 2243 980 alia
2273 935 2432 997 gente
2459 929 2857 982 commercium
2920 930 3212 994 haberent,
3242 946 3308 984 ex
3370 930 3438 985 iis
3470 930 3563 999 qui

1989 1017 2045 1070 in
2077 1016 2297 1073 deserto
2332 1018 2443 1086 nati
2489 1028 2640 1082 sunt,
2687 1019 2875 1073 nullus
2908 1021 3134 1075 omnino
3199 1021 3564 1074 circumcisus

1991 1104 2116 1160 fuit.
2150 1108 2216 1159 At
2248 1116 2537 1176 postquam
2581 1107 2746 1163 Josue
2780 1106 3078 1162 Iordanem
3149 1109 3392 1178 trajecit,
3446 1118 3563 1162 tum

1990 1194 2309 1250 circumcisi
2366 1205 2535 1259 sunt,
2596 1198 3013 1266 constitutaque
3060 1198 3161 1251 fuit
3206 1200 3447 1252 secunda
3478 1200 3565 1253 lex

1990 1285 2464 1340 circuntcisionis.
2498 1286 2603 1340 Lex
2638 1286 2908 1355 siquidem
2947 1287 3409 1353 circumcisionis,
3444 1303 3565 1356 quae

1989 1382 2237 1444 tempore
2256 1377 2490 1431 Abrahae
2514 1376 2638 1430 data
2662 1377 2878 1439 fuerat,
2905 1380 3137 1447 posthac
3173 1378 3303 1432 totis
3324 1379 3564 1448 quadra-

1988 1464 2138 1534 ginta
2178 1465 2341 1520 annis
2370 1467 2423 1519 in
2448 1465 2671 1522 deserto
2703 1468 2965 1521 cessavit.
3021 1466 3295 1531 Quocirca
3323 1468 3567 1522 secundo

1989 1570 2209 1610 rursum
2262 1555 2407 1613 Deus
2466 1558 2916 1613 circumcisionis
2985 1558 3156 1628 legem
3213 1556 3380 1614 Josue
3428 1566 3564 1627 post.

1990 1647 2376 1702 transmissum
2441 1647 2737 1703 Iordanem
2819 1648 2969 1701 dedit
3029 1666 3044 1704 :
3097 1649 3563 1717 quemadmodum

1989 1739 2258 1806 scriptum
2290 1746 2375 1793 cst
2410 1738 2466 1791 in
2490 1739 2634 1792 libro
2660 1737 2908 1807 ejusdem
2931 1737 3101 1793 Josue
3136 1740 3229 1793 ﬁlii
3257 1738 3447 1793 Nave:
3484 1739 3564 1793 Eo

3036 1829 3151 1883 Fac
3217 1831 3312 1884 tibi
3363 1832 3564 1884 cultros

1992 1920 2235 1988 lapideos
2260 1935 2324 1973 ex
2355 1930 2508 1987 petra
2535 1919 2853 1985 durissima,
2889 1930 2936 1974 et
2966 1921 3286 1975 circumcide
3335 1921 3564 1975 secundo

1990 2010 2131 2078 ﬁlios
2169 2008 2345 2064 Israel
2364 2012 2430 2060 τ’.
2465 2009 2531 2063 Et
2558 2019 2682 2078 post
2704 2026 2875 2080 pauca
2905 2029 2918 2064 :
2950 2011 3327 2081 Quadraginta
3352 2024 3401 2065 et
3432 2014 3566 2067 duo-

1991 2099 2085 2155 bus
2117 2102 2272 2154 annis
2300 2110 2538 2156 uersatus
2563 2110 2642 2154 est
2662 2098 2838 2154 Israel
2865 2102 2921 2155 in
2953 2102 3247 2157 solitudine
3280 2100 3568 2157 Madbari-

1989 2190 2135 2245 tide:
2169 2192 2231 2244 ob
2260 2207 2481 2261 eamque
2511 2206 2730 2244 causam
2768 2192 3133 2246 incircumcisi
3159 2204 3402 2248 erantex
3434 2194 3568 2263 ipsis

1990 2281 2094 2350 ﬁlii
2127 2282 2280 2335 mulli
2315 2284 2656 2348 bellatorum,
2690 2285 2782 2354 qui
2829 2285 3026 2352 egressi
3074 2284 3285 2351 fuerant
3318 2285 3384 2338 de
3424 2294 3563 2338 terra

1989 2372 2233 2443 ngypti,
2279 2376 2372 2445 qui
2413 2375 2512 2428 Dei
2542 2376 2811 2430 mandatis
2870 2392 2972 2430 non
3011 2387 3339 2444 paruerunt:
3375 2377 3565 2447 quibus

1988 2469 2146 2521 etiam
2188 2466 2468 2536 aﬁirmavit
2506 2484 2610 2521 non
2648 2468 2856 2521 visuros
2902 2468 3045 2537 ipsos
3111 2477 3308 2521 terram
3371 2469 3566 2522 bonam

1988 2574 2146 2627 quam
2160 2561 2443 2625 jurarerat
2468 2556 2709 2624 patribus
2744 2573 2927 2611 eorum
2957 2558 3214 2611 daturum
3244 2574 3299 2612 se
3325 2559 3422 2622 eis,
3460 2567 3565 2613 ter—

1989 2663 2106 2701 ram
2138 2648 2276 2701 lacte
2298 2657 2348 2701 et
2368 2648 2519 2702 melle
2545 2659 2872 2702 manantem.
2896 2647 2960 2701 In
2984 2664 3164 2703 eorum
3187 2658 3359 2704 autem
3389 2649 3563 2703 locum

1989 2739 2132 2808 ﬁlios
2166 2740 2401 2807 ipsorum
2434 2740 2664 2805 suffecit,
2717 2754 2848 2809 quos
2892 2738 3049 2793 Iesus
3096 2740 3472 2804 circumcidit;
3502 2756 3564 2795 eo

1985 2831 2124 2901 quod
2154 2831 2207 2883 in
2250 2830 2335 2883 via
2369 2831 2669 2884 circumcisi
2703 2847 2806 2885 non
2834 2841 3009 2886 essent
3041 2833 3108 2886 ⁸ο.
3154 2830 3233 2884 Ex
3278 2848 3388 2901 quo
3435 2847 3562 2902 per-

1988 2921 2240 2990 spicuum
2280 2919 2379 2984 ﬁt,
2415 2921 2895 2977 circumcisionem
2936 2924 3158 2993 signum
3197 2922 3371 2979 fuisse
3413 2924 3564 2993 quod

1987 3012 2242 3067 lsraclem
2296 3025 2328 3064 a
2375 3011 2637 3081 gentibus
2686 3012 3017 3082 quibuscum
3073 3011 3422 3076 versabatur,
3475 3025 3563 3067 se-

1909 3124 1955 3182 c
1986 3112 2259 3160 cerneret.

2057 3194 2412 3249 Circumeisio
2435 3195 2687 3264 baptismi
2731 3195 2924 3265 ﬁgura.
2954 3224 3024 3235 —
3056 3194 3130 3250 Ea
3180 3210 3350 3267 porro
3388 3194 3566 3265 bapti-

1987 3288 2090 3340 smi
2147 3288 2321 3355 ﬁgura
2373 3296 2496 3341 erat
2530 3287 2597 3339 “.
2647 3283 2805 3340 Sicut
2849 3286 2997 3341 enim
3046 3287 3397 3344 circumcisio
3450 3301 3563 3342 non

1987 3378 2121 3433 utile
2162 3377 2385 3447 aliquod
2428 3377 2679 3447 corporis
2745 3378 3051 3431 membrum
3114 3378 3421 3443 abscindit,
3466 3377 3564 3433 sed

1986 3469 2321 3539 superﬂuum
2355 3478 2804 3524 excrementum:
2836 3474 2911 3523 ita
2940 3484 3039 3539 per
3076 3480 3333 3525 sanctum
3376 3470 3564 3540 baptio

1985 3576 2102 3617 sma
2154 3569 2443 3630 peccatum
2504 3561 2664 3615 nobis
2712 3568 3049 3630 amputatur.
3111 3561 3311 3630 Liquet
3377 3570 3565 3617 autem

1985 3650 2132 3721 quod
2154 3658 2442 3719 peccatum
2473 3648 2811 3720 superﬂuum
2844 3649 3125 3720 quoddam
3149 3650 3242 3712 sit,
3266 3659 3321 3703 et
3348 3650 3563 3706 inutilis

1986 3739 2283 3809 cupiditas.
2319 3739 2506 3810 Neque
2532 3740 2679 3795 enim
2706 3739 2820 3795 ﬁeri
2856 3749 3061 3810 potest,
3099 3748 3158 3794 ut
3188 3741 3318 3810 quis
3338 3740 3564 3795 omnino

1987 3847 2096 3885 non
2151 3832 2536 3902 concupiscat,
2579 3841 2675 3886 aut
2725 3833 2935 3887 nultum
2984 3833 3284 3903 voluptatis
3342 3849 3563 3889 sensum

1986 3923 2288 3992 percipiat:
2330 3939 2520 3977 verum
2554 3922 2688 3977 illud
2729 3924 2873 3994 quod
2934 3924 2989 3977 in
3039 3924 3344 3993 cupiditate
3384 3935 3438 3979 et
3464 3930 3563 3980 vo’-

1986 4014 2200 4082 luptate
2248 4013 2389 4066 nulli
2433 4014 2557 4067 usui
2592 4021 2708 4077 est,
2743 4015 2847 4067 hoc
2896 4022 2983 4068 est
3033 4014 3246 4068 inutilis
3291 4015 3566 4084 cupiditas

1986 4118 2050 4157 ac
2082 4105 2360 4173 voluptas,
2384 4104 2487 4158 hoc
2519 4105 2699 4173 ipsum
2744 4105 2909 4175 299
2942 4115 3225 4175 peccatum
3256 4113 3378 4165 est;
3414 4107 3565 4175 quod

1986 4195 2207 4265 quidem
2239 4196 2590 4251 circumcidit
2619 4208 2870 4251 sanctum
2911 4197 3211 4266 baptisma,
3254 4198 3396 4267 signi
3441 4198 3567 4251 loco

1984 4283 2354 4338 venerabilem
2382 4299 2605 4353 crucem
2645 4286 2698 4337 in
2733 4286 2896 4340 nobis
2925 4284 3109 4339 fronte
3145 4285 3420 4353 prtebens,
3450 4300 3565 4338 non

1987 4388 2094 4443 qua
2139 4390 2165 4426 ιι
2214 4374 2469 4442 gentibus
2517 4390 2875 4429 secernamur
2915 4377 3131 4445 (omnes
3162 4376 3307 4429 enint
3369 4385 3568 4446 gentes

309 4462 564 4517 ἀπίστου.
596 4464 705 4534 Τῆς
733 4463 747 4514 i
782 4467 960 4519 τοίνυν
988 4467 1250 4539 ἀληθείας
1279 4468 1731 4541 ὲμφανισθείσης,
1759 4472 1882 4526 ἀνό-

1989 4464 2326 4535 baptismutn
2357 4474 2672 4521 consecutae
2700 4478 2854 4532 sunt,
2893 4481 2955 4520 ac
2987 4468 3172 4521 crucis
3202 4466 3384 4534 .signo
3428 4466 3556 4519 iusi-

308 4555 520 4622 νητοςό
575 4552 743 4616 τύπος
806 4556 899 4608 καὶ
931 4556 963 4626 ἠ
1003 4557 1151 4610 σκιά.
1193 4558 1353 4609 Ὥστε
1398 4558 1656 4628 περιττὸν
1695 4560 1789 4615 νῦν
1821 4560 1881 4615 τὸ

308 4645 755 4713 περιτέμνεσθαι,
781 4647 877 4698 καὶ
910 4647 1152 4700 ἐναντίον
1177 4647 1270 4700 τοῦ
1299 4647 1456 4716 ἁγίου
1478 4648 1877 4721 βαπτίσματος.

321 4732 386 4787 '0
412 4733 522 4803 γὰρ
549 4738 1043 4806 περιτεμνόμενος
1080 4740 1369 4807 χρεωστεῖ
1390 4740 1538 4794 ὅλον
1565 4742 1753 4811 νόμον
1780 4760 1884 4811 τη-

302 4823 519 4892 ρῆσαν
544 4826 573 4877 ὁ
598 4826 653 4879 δὲ
688 4827 893 4898 Κύριος
958 4828 1045 4881 ἵνα
1081 4829 1345 4904 πληρώσῃ
1392 4830 1483 4884 τὸν
1509 4831 1695 4901 νόμον,
1725 4850 1883 4905 περι-

310 4917 522 4989 ετμήθη
543 4935 558 4949 θ
586 4918 679 4971 καὶ
740 4920 918 4973 πάντα
957 4919 1013 4973 δὲ
1036 4920 1127 4973 τὸν
1158 4921 1340 4990 νόμον,
1375 4921 1469 4973 καὶ
1513 4921 1574 4974 τὸ
1608 4921 1883 4976 Σάϐϐατον

312 5011 598 5083 ἐτήρησεν,
637 5011 724 5066 ἵνα
747 5010 1012 5085 πληρώσῃ
1046 5013 1139 5066 καὶ
1201 5014 1374 5084 στήσῃ
1418 5014 1508 5067 τὸν
1541 5014 1723 5084 νόμον.
1763 5015 1880 5081 Ἀφ’

383 5185 429 5218 τ’
458 5184 592 5241 Gen.
632 5203 732 5252 χιι,
765 5189 800 5242 5
836 5203 989 5259 seqq.
1020 5205 1105 5254 sv,
1132 5189 1165 5243 5
1205 5203 1355 5257 seqq.
1390 5205 1405 5249 :
1443 5205 1531 5252 xv,
1564 5190 1632 5244 10
1689 5205 1845 5308 seqq.

315 5252 373 5308 6.
408 5256 462 5308 Ἰ.
554 5256 599 5288 ⁸⁸
630 5256 791 5308 Grea.
832 5258 961 5308 Naz.
988 5267 1131 5308 orat.
1158 5260 1244 5308 40.
1300 5263 1501 5308 Athan.
1571 5259 1645 5308 De
1684 5260 1757 5308 Sa
1800 5289 1845 5308 ,4

1943 5191 1993 5262 τε
2017 5190 2215 5262 Chrys.
2247 5191 2393 5244 hom.
2426 5192 2495 5246 '59
2535 5192 2586 5245 in
2618 5190 2755 5247 Gen.

554 5256 599 5288 ‘"
630 5256 791 5327 Greg.
832 5256 1131 5313 Nomm-at.
1158 5260 1244 5312 40.
1288 5256 1501 5311 ίΑιιιοη.
1571 5259 1645 5314 De
1684 5256 1819 5315 Sab.
1842 5268 1893 5314 et
1946 5261 2074 5315 circ.
2133 5256 2196 5295 ἐ’
2225 5262 2405 5317 Galat.
2447 5279 2500 5325 ν,
2536 5263 2587 5318 5.

1987 4558 2199 4631 gnitaa)
2232 4594 2247 4620 ,
2278 4560 2373 4614 sed
2429 4572 2539 4628 quo
2608 4558 2784 4613 ﬁdelis
2837 4559 2904 4613 ab
2956 4558 3163 4611 inﬁdeli
3216 4557 3272 4610 in
3317 4556 3573 4626 qualibet

1987 4653 2212 4707 natione
2242 4651 2640 4720 distinguatur.
2685 4648 2955 4714 Quocirca
3003 4646 3358 4702 circumcisio
3406 4654 3553 4715 pate-

1988 4741 2137 4797 facta
2175 4744 2408 4798 veritate
2448 4741 2658 4795 inutilis
2683 4739 2796 4810 jam
2832 4739 3001 4809 ﬁgura
3039 4748 3204 4808 atque
3232 4739 3423 4792 umbra
3452 4744 3555 4792 est.

1988 4833 2191 4889 Inutile
2233 4835 2401 4905 igitur
2434 4842 2521 4889 est
2559 4830 2916 4895 circumcidi,
2946 4844 3008 4881 ac
3037 4830 3309 4899 baptismo
3340 4836 3562 4883 contra-

1991 4925 2153 4980 rium.
2195 4925 2330 4979 Nam
2366 4926 2457 4996 qui
2506 4924 2909 4978 circumciditur
2948 4923 3207 4975 universa:
3262 4922 3390 4991 legis
3444 4937 3555 4973 scr-

1993 5016 2182 5072 uanda:
2200 5017 2405 5071 debitor
2428 5027 2506 5072 est
2533 5018 2598 5071 δ’.
2634 5014 2897 5071 Dominus
2927 5030 3090 5084 porro
3131 5022 3190 5068 ut
3236 5014 3408 5083 legent
3456 5014 3548 5065 in»

2862 5192 2909 5222 τ’
2938 5190 3103 5246 Josue
3128 5207 3179 5256 v,
3211 5187 3268 5245 2.
3343 5191 3388 5224 ⁸⁸
3419 5191 3561 5249 ibid.

1612 5418 1849 5478 VAle
1889 5416 2295 5476 LECTIONES.

389 5570 409 5610 τ
449 5572 599 5647 Alias
622 5588 728 5628 non
757 5574 881 5647 legi,
911 5572 1165 5647 llebrmos
1199 5576 1250 5647 in
1276 5575 1493 5633 deserto
1519 5593 1615 5647 per
1647 5580 1717 5633 42
1741 5596 1914 5636 annos
1945 5590 2188 5635 moratos
2214 5597 2354 5635 esse.

2465 5584 2488 5621 ε
2517 5579 2672 5636 Edita
2696 5582 3059 5653 ἁνέστραπτε.
3168 5593 3191 5620 ο
3222 5580 3296 5634 Ita
3334 5575 3560 5646 quidem

310 5658 474 5703 tnss..
501 5650 557 5723 at
586 5643 872 5723 legendum
902 5661 965 5723 ex
1004 5644 1189 5723 llibliis
1214 5645 1353 5723 Sint.
1384 5643 1773 5723 paﬁﬁapeinba
1812 5650 2093 5723 Desertum
2125 5652 2178 5723 in
2218 5667 2328 5723 quo
2356 5654 2551 5706 morati
2587 5660 2715 5723 sunt
2760 5643 3034 5718 Israelita),
3092 5666 3185 5723 per
3230 5643 3555 5704 antonoma-

316 5728 452 5766 snatn
501 5708 763 5768 Madbara
791 5714 1089 5781 dicebatur,
1131 5718 1198 5771 ab
1238 5708 1466 5773 Hebraeo
1490 5708 1682 5785 ηειίηέ,
1707 5720 1989 5775 desertum.

2074 5722 2088 5761 ί
2126 5719 2187 5778 li.
2221 5719 2248 5775 li
2272 5723 2523 5794 χωρίζον.
2605 5721 2618 5771 t
2658 5722 2815 5777 Edita
2838 5724 2968 5787 τοῖς.
