  <div class='ocr_page' id='page_1' title='image "/cluster/home/n/w/nwhite01/storage/ocr_20150623/94/hvd.32044052838174/752.png"; bbox 0 0 3926 6292; ppageno 0'>
   <div class='ocr_carea' id='block_1_1' title="bbox 193 267 3458 390">
    <p class='ocr_par' dir='ltr' id='par_1_1' title="bbox 193 267 3458 390">
     <span class='ocr_line' id='line_1_1' title="bbox 193 267 3458 390; baseline 0.003 -27"><span class='ocrx_word' id='word_1_1' title='bbox 193 317 331 384; x_wconf 68' lang='lat' dir='ltr'><strong>m.</strong></span> <span class='ocrx_word' id='word_1_2' title='bbox 435 387 438 390; x_wconf 94' lang='lat'><em>_</em></span> <span class='ocrx_word' id='word_1_3' title='bbox 1210 306 1308 366; x_wconf 89' lang='lat' dir='ltr'><strong>DE</strong></span> <span class='ocrx_word' id='word_1_4' title='bbox 1345 301 1522 364; x_wconf 81' lang='lat' dir='ltr'><strong>FIDE</strong></span> <span class='ocrx_word' id='word_1_5' title='bbox 1563 304 2024 366; x_wconf 58' lang='lat' dir='ltr'><strong>ournoooxs</strong></span> <span class='ocrx_word' id='word_1_6' title='bbox 2069 267 2362 369; x_wconf 45' lang='lat' dir='ltr'><strong>LIB/1V.</strong></span> <span class='ocrx_word' id='word_1_7' title='bbox 3324 297 3458 365; x_wconf 70' lang='lat'><strong>1929</strong></span> 
     </span>
    </p>
   </div>
   <div class='ocr_carea' id='block_1_2' title="bbox 262 417 1795 502">
    <p class='ocr_par' dir='ltr' id='par_1_2' title="bbox 262 418 1773 502">
     <span class='ocr_line' id='line_1_2' title="bbox 262 418 1773 502; baseline -0.011 -17"><span class='ocrx_word' id='word_1_8' title='bbox 262 428 549 502; x_wconf 79' lang='grc' dir='ltr'><em>Μαρτυρεῖ</em></span> <span class='ocrx_word' id='word_1_9' title='bbox 587 425 643 480; x_wconf 78' lang='grc' dir='ltr'>δὲ</span> <span class='ocrx_word' id='word_1_10' title='bbox 695 422 788 477; x_wconf 69' lang='grc' dir='ltr'><strong>καὶ</strong></span> <span class='ocrx_word' id='word_1_11' title='bbox 847 423 880 492; x_wconf 76' lang='grc' dir='ltr'><strong>ἡ</strong></span> <span class='ocrx_word' id='word_1_12' title='bbox 919 421 1038 475; x_wconf 77' lang='lat' dir='ltr'><strong>Osia</strong></span> <span class='ocrx_word' id='word_1_13' title='bbox 1079 419 1296 491; x_wconf 68' lang='grc' dir='ltr'><em>Γραφὴ,</em></span> <span class='ocrx_word' id='word_1_14' title='bbox 1330 420 1411 472; x_wconf 78' lang='grc' dir='ltr'><strong>ὅτι</strong></span> <span class='ocrx_word' id='word_1_15' title='bbox 1457 418 1610 472; x_wconf 79' lang='grc' dir='ltr'><em>ἔσται</em></span> <span class='ocrx_word' id='word_1_16' title='bbox 1665 419 1773 470; x_wconf 79' lang='grc' dir='ltr'><em>τῶν</em></span> 
     </span>
    </p>
   </div>
   <div class='ocr_carea' id='block_1_3' title="bbox 1899 417 3452 502">
    <p class='ocr_par' dir='ltr' id='par_1_3' title="bbox 1955 417 3452 492">
     <span class='ocr_line' id='line_1_3' title="bbox 1955 417 3452 492; baseline 0.001 -21"><span class='ocrx_word' id='word_1_17' title='bbox 1955 420 2284 476; x_wconf 75' lang='lat' dir='ltr'><strong>Auctorita‘te</strong></span> <span class='ocrx_word' id='word_1_18' title='bbox 2346 421 2657 492; x_wconf 73' lang='lat' dir='ltr'><strong>Scripturte.</strong></span> <span class='ocrx_word' id='word_1_19' title='bbox 2702 418 2941 486; x_wconf 87' lang='lat' dir='ltr'><strong>—Quiu</strong></span> <span class='ocrx_word' id='word_1_20' title='bbox 2993 417 3175 471; x_wconf 76' lang='lat' dir='ltr'><strong>tlivma</strong></span> <span class='ocrx_word' id='word_1_21' title='bbox 3233 431 3452 489; x_wconf 79' lang='lat' dir='ltr'><strong>quoque</strong></span> 
     </span>
    </p>
   </div>
   <div class='ocr_carea' id='block_1_4' title="bbox 194 511 1768 594">
    <p class='ocr_par' dir='ltr' id='par_1_4' title="bbox 194 511 1768 594">
     <span class='ocr_line' id='line_1_4' title="bbox 194 511 1768 594; baseline -0.007 -18"><span class='ocrx_word' id='word_1_22' title='bbox 194 524 466 594; x_wconf 82' lang='grc' dir='ltr'><em>σωμάτων</em></span> <span class='ocrx_word' id='word_1_23' title='bbox 494 521 806 580; x_wconf 79' lang='grc' dir='ltr'><em>ἀνάστασις.</em></span> <span class='ocrx_word' id='word_1_24' title='bbox 839 516 976 586; x_wconf 69' lang='grc' dir='ltr'><strong>Φησὶ</strong></span> <span class='ocrx_word' id='word_1_25' title='bbox 1021 514 1152 582; x_wconf 80' lang='grc' dir='ltr'><em>γοῦν</em></span> <span class='ocrx_word' id='word_1_26' title='bbox 1199 517 1226 566; x_wconf 88' lang='grc' dir='ltr'>ὁ</span> <span class='ocrx_word' id='word_1_27' title='bbox 1269 513 1399 577; x_wconf 78' lang='grc' dir='ltr'><strong>Θεὸς</strong></span> <span class='ocrx_word' id='word_1_28' title='bbox 1449 513 1586 584; x_wconf 76' lang='grc' dir='ltr'><strong>πρὸς</strong></span> <span class='ocrx_word' id='word_1_29' title='bbox 1621 511 1768 577; x_wconf 81' lang='grc' dir='ltr'><strong>Νῶε,</strong></span> 
     </span>
    </p>
   </div>
   <div class='ocr_carea' id='block_1_5' title="bbox 197 603 1771 685">
    <p class='ocr_par' dir='ltr' id='par_1_5' title="bbox 197 603 1771 685">
     <span class='ocr_line' id='line_1_5' title="bbox 197 603 1771 685; baseline -0.009 -15"><span class='ocrx_word' id='word_1_30' title='bbox 197 616 335 685; x_wconf 75' lang='grc' dir='ltr'><em>μετὰ</em></span> <span class='ocrx_word' id='word_1_31' title='bbox 379 615 469 668; x_wconf 80' lang='grc' dir='ltr'><strong>τὸν</strong></span> <span class='ocrx_word' id='word_1_32' title='bbox 507 609 928 679; x_wconf 59' lang='grc' dir='ltr'><em>κατακλυσμόν</em></span> <span class='ocrx_word' id='word_1_33' title='bbox 986 607 1082 672; x_wconf 85' lang='grc' dir='ltr'><em>Ὠς</em></span> <span class='ocrx_word' id='word_1_34' title='bbox 1123 605 1364 674; x_wconf 72' lang='grc' dir='ltr'><em>λάχανα</em></span> <span class='ocrx_word' id='word_1_35' title='bbox 1408 605 1627 672; x_wconf 77' lang='grc' dir='ltr'><strong>χόρτου</strong></span> <span class='ocrx_word' id='word_1_36' title='bbox 1675 603 1771 657; x_wconf 82' lang='grc' dir='ltr'><strong>δέ-</strong></span> 
     </span>
    </p>
   </div>
   <div class='ocr_carea' id='block_1_6' title="bbox 190 696 1773 774">
    <p class='ocr_par' dir='ltr' id='par_1_6' title="bbox 190 696 1773 774">
     <span class='ocr_line' id='line_1_6' title="bbox 190 696 1773 774; baseline -0.008 -16"><span class='ocrx_word' id='word_1_37' title='bbox 190 707 352 761; x_wconf 77' lang='grc' dir='ltr'><em>δωκα</em></span> <span class='ocrx_word' id='word_1_38' title='bbox 381 705 524 774; x_wconf 80' lang='grc' dir='ltr'><em>ὑμῖν</em></span> <span class='ocrx_word' id='word_1_39' title='bbox 547 704 618 756; x_wconf 84' lang='grc' dir='ltr'><em>τὰ</em></span> <span class='ocrx_word' id='word_1_40' title='bbox 660 700 880 753; x_wconf 74' lang='grc' dir='ltr'><em>πάντα.</em></span> <span class='ocrx_word' id='word_1_41' title='bbox 917 702 1004 751; x_wconf 78' lang='lat'><strong>17.1</strong></span> <span class='ocrx_word' id='word_1_42' title='bbox 1017 697 1091 765; x_wconf 80' lang='grc' dir='ltr'><em>ὴν</em></span> <span class='ocrx_word' id='word_1_43' title='bbox 1114 696 1292 764; x_wconf 76' lang='grc' dir='ltr'><em>κρέας</em></span> <span class='ocrx_word' id='word_1_44' title='bbox 1323 697 1393 748; x_wconf 81' lang='grc' dir='ltr'><em>ἐν</em></span> <span class='ocrx_word' id='word_1_45' title='bbox 1419 697 1618 764; x_wconf 75' lang='grc' dir='ltr'><em>αἵματι</em></span> <span class='ocrx_word' id='word_1_46' title='bbox 1657 697 1773 761; x_wconf 71' lang='grc' dir='ltr'><em>ψυ-</em></span> 
     </span>
    </p>
   </div>
   <div class='ocr_carea' id='block_1_7' title="bbox 194 782 1775 866">
    <p class='ocr_par' dir='ltr' id='par_1_7' title="bbox 194 782 1775 866">
     <span class='ocr_line' id='line_1_7' title="bbox 194 782 1775 866; baseline -0.011 -14"><span class='ocrx_word' id='word_1_47' title='bbox 194 795 312 866; x_wconf 83' lang='grc' dir='ltr'><strong>χῆς</strong></span> <span class='ocrx_word' id='word_1_48' title='bbox 354 799 425 849; x_wconf 84' lang='grc' dir='ltr'><em>οὐ</em></span> <span class='ocrx_word' id='word_1_49' title='bbox 476 793 774 864; x_wconf 66' lang='grc' dir='ltr'><em>φάγεσθε·</em></span> <span class='ocrx_word' id='word_1_50' title='bbox 828 790 926 843; x_wconf 77' lang='grc' dir='ltr'><strong>καὶ</strong></span> <span class='ocrx_word' id='word_1_51' title='bbox 995 789 1060 842; x_wconf 84' lang='grc' dir='ltr'><strong>τὸ</strong></span> <span class='ocrx_word' id='word_1_52' title='bbox 1112 789 1400 857; x_wconf 79' lang='grc' dir='ltr'><em>ὑμέτερον</em></span> <span class='ocrx_word' id='word_1_53' title='bbox 1464 782 1609 854; x_wconf 80' lang='grc' dir='ltr'><em>αἷμα</em></span> <span class='ocrx_word' id='word_1_54' title='bbox 1657 783 1775 836; x_wconf 85' lang='grc' dir='ltr'><em>τῶν</em></span> 
     </span>
    </p>
   </div>
   <div class='ocr_carea' id='block_1_8' title="bbox 192 874 1776 956">
    <p class='ocr_par' dir='ltr' id='par_1_8' title="bbox 192 874 1776 956">
     <span class='ocr_line' id='line_1_8' title="bbox 192 874 1776 956; baseline -0.008 -17"><span class='ocrx_word' id='word_1_55' title='bbox 192 885 412 956; x_wconf 68' lang='grc' dir='ltr'><em>ψυχῶν</em></span> <span class='ocrx_word' id='word_1_56' title='bbox 453 883 620 954; x_wconf 83' lang='grc' dir='ltr'><em>ὑμῶν</em></span> <span class='ocrx_word' id='word_1_57' title='bbox 667 880 994 947; x_wconf 77' lang='grc' dir='ltr'><em>ἐκζητήσω,</em></span> <span class='ocrx_word' id='word_1_58' title='bbox 1038 881 1105 933; x_wconf 76' lang='grc' dir='ltr'><strong><em>ἐκ</em></strong></span> <span class='ocrx_word' id='word_1_59' title='bbox 1143 879 1345 949; x_wconf 78' lang='grc' dir='ltr'><em>χειρὸς</em></span> <span class='ocrx_word' id='word_1_60' title='bbox 1388 877 1632 931; x_wconf 77' lang='grc' dir='ltr'><em>πάντων</em></span> <span class='ocrx_word' id='word_1_61' title='bbox 1658 874 1776 928; x_wconf 86' lang='grc' dir='ltr'><strong>τῶν</strong></span> 
     </span>
    </p>
   </div>
   <div class='ocr_carea' id='block_1_9' title="bbox 195 967 1776 1046">
    <p class='ocr_par' dir='ltr' id='par_1_9' title="bbox 195 967 1776 1046">
     <span class='ocr_line' id='line_1_9' title="bbox 195 967 1776 1046; baseline -0.009 -14"><span class='ocrx_word' id='word_1_62' title='bbox 195 980 419 1046; x_wconf 80' lang='grc' dir='ltr'><em>θηρίων</em></span> <span class='ocrx_word' id='word_1_63' title='bbox 469 975 774 1042; x_wconf 67' lang='grc' dir='ltr'><em>ἐκζητιξσω</em></span> <span class='ocrx_word' id='word_1_64' title='bbox 807 972 987 1034; x_wconf 83' lang='grc' dir='ltr'><em>αὐτὸ,</em></span> <span class='ocrx_word' id='word_1_65' title='bbox 1043 972 1139 1025; x_wconf 79' lang='grc' dir='ltr'><em>καὶ</em></span> <span class='ocrx_word' id='word_1_66' title='bbox 1176 972 1244 1024; x_wconf 81' lang='grc' dir='ltr'><strong><em>ἐκ</em></strong></span> <span class='ocrx_word' id='word_1_67' title='bbox 1299 969 1496 1038; x_wconf 85' lang='grc' dir='ltr'><em>χειρὸς</em></span> <span class='ocrx_word' id='word_1_68' title='bbox 1549 967 1776 1031; x_wconf 75' lang='grc' dir='ltr'><em>παντὸς</em></span> 
     </span>
    </p>
   </div>
   <div class='ocr_carea' id='block_1_10' title="bbox 194 1057 1773 1136">
    <p class='ocr_par' dir='ltr' id='par_1_10' title="bbox 194 1057 1773 1136">
     <span class='ocr_line' id='line_1_10' title="bbox 194 1057 1773 1136; baseline -0.009 -12"><span class='ocrx_word' id='word_1_69' title='bbox 194 1066 512 1136; x_wconf 80' lang='grc' dir='ltr'><em>ἀνθρώπου</em></span> <span class='ocrx_word' id='word_1_70' title='bbox 538 1063 807 1133; x_wconf 52' lang='grc' dir='ltr'><em>ἀδελφοῦ</em></span> <span class='ocrx_word' id='word_1_71' title='bbox 845 1062 1031 1116; x_wconf 82' lang='grc' dir='ltr'><em>αὑτοῦ</em></span> <span class='ocrx_word' id='word_1_72' title='bbox 1061 1060 1370 1129; x_wconf 58' lang='lat' dir='ltr'><strong>exilit-tirno</strong></span> <span class='ocrx_word' id='word_1_73' title='bbox 1413 1059 1527 1128; x_wconf 75' lang='grc' dir='ltr'><em>τὴν</em></span> <span class='ocrx_word' id='word_1_74' title='bbox 1559 1057 1773 1127; x_wconf 70' lang='grc' dir='ltr'><em>ψυχὴν</em></span> 
     </span>
    </p>
   </div>
   <div class='ocr_carea' id='block_1_11' title="bbox 195 1147 1773 1223">
    <p class='ocr_par' dir='ltr' id='par_1_11' title="bbox 195 1147 1773 1223">
     <span class='ocr_line' id='line_1_11' title="bbox 195 1147 1773 1223; baseline -0.008 -11"><span class='ocrx_word' id='word_1_75' title='bbox 195 1156 406 1212; x_wconf 83' lang='grc' dir='ltr'><em>αὑτοῦ.</em></span> <span class='ocrx_word' id='word_1_76' title='bbox 447 1155 508 1206; x_wconf 87' lang='grc' dir='ltr'><strong><em>Ὀ</em></strong></span> <span class='ocrx_word' id='word_1_77' title='bbox 535 1153 761 1223; x_wconf 83' lang='grc' dir='ltr'><em>ἐκχέων</em></span> <span class='ocrx_word' id='word_1_78' title='bbox 791 1147 933 1222; x_wconf 79' lang='grc' dir='ltr'><em>αἷμα</em></span> <span class='ocrx_word' id='word_1_79' title='bbox 972 1149 1308 1219; x_wconf 80' lang='grc' dir='ltr'><em>ἀνθρώπου,</em></span> <span class='ocrx_word' id='word_1_80' title='bbox 1355 1149 1489 1204; x_wconf 78' lang='grc' dir='ltr'><em>ἀντὶ</em></span> <span class='ocrx_word' id='word_1_81' title='bbox 1535 1148 1642 1202; x_wconf 86' lang='grc' dir='ltr'><strong>τοῦ</strong></span> <span class='ocrx_word' id='word_1_82' title='bbox 1681 1147 1773 1200; x_wconf 83' lang='grc' dir='ltr'><strong>αἵ·-</strong></span> 
     </span>
    </p>
   </div>
   <div class='ocr_carea' id='block_1_12' title="bbox 188 1239 1776 1317">
    <p class='ocr_par' dir='ltr' id='par_1_12' title="bbox 188 1239 1776 1317">
     <span class='ocr_line' id='line_1_12' title="bbox 188 1239 1776 1317; baseline -0.004 -18"><span class='ocrx_word' id='word_1_83' title='bbox 188 1264 383 1317; x_wconf 79' lang='grc' dir='ltr'><em>ματος</em></span> <span class='ocrx_word' id='word_1_84' title='bbox 433 1245 620 1300; x_wconf 81' lang='grc' dir='ltr'><em>αὐτοῦ</em></span> <span class='ocrx_word' id='word_1_85' title='bbox 667 1242 1102 1313; x_wconf 77' lang='grc' dir='ltr'><em>ἐκχυθήσεται,</em></span> <span class='ocrx_word' id='word_1_86' title='bbox 1148 1243 1235 1296; x_wconf 84' lang='grc' dir='ltr'><strong>ὅτι</strong></span> <span class='ocrx_word' id='word_1_87' title='bbox 1289 1243 1358 1295; x_wconf 73' lang='grc' dir='ltr'><strong>ἐν·</strong></span> <span class='ocrx_word' id='word_1_88' title='bbox 1397 1242 1582 1296; x_wconf 75' lang='grc' dir='ltr'><em>εἰκόνι</em></span> <span class='ocrx_word' id='word_1_89' title='bbox 1627 1239 1776 1293; x_wconf 83' lang='grc' dir='ltr'><strong>Θεοῦ</strong></span> 
     </span>
    </p>
   </div>
   <div class='ocr_carea' id='block_1_13' title="bbox 196 1328 1776 1404">
    <p class='ocr_par' dir='ltr' id='par_1_13' title="bbox 196 1328 1776 1404">
     <span class='ocr_line' id='line_1_13' title="bbox 196 1328 1776 1404; baseline -0.005 -13"><span class='ocrx_word' id='word_1_90' title='bbox 196 1338 461 1404; x_wconf 81' lang='grc' dir='ltr'><em>ἐποίησα</em></span> <span class='ocrx_word' id='word_1_91' title='bbox 498 1335 606 1388; x_wconf 87' lang='grc' dir='ltr'><strong>τὸν</strong></span> <span class='ocrx_word' id='word_1_92' title='bbox 655 1335 988 1402; x_wconf 77' lang='grc' dir='ltr'><em>ἄνθρωπον.</em></span> <span class='ocrx_word' id='word_1_93' title='bbox 1036 1333 1161 1396; x_wconf 81' lang='grc' dir='ltr'><strong>Πῶς</strong></span> <span class='ocrx_word' id='word_1_94' title='bbox 1194 1333 1490 1403; x_wconf 76' lang='grc' dir='ltr'>ὲκζητήσει</span> <span class='ocrx_word' id='word_1_95' title='bbox 1526 1333 1586 1384; x_wconf 83' lang='grc' dir='ltr'><em>τὸ</em></span> <span class='ocrx_word' id='word_1_96' title='bbox 1638 1328 1776 1401; x_wconf 76' lang='grc' dir='ltr'><em>αἷμα</em></span> 
     </span>
    </p>
   </div>
   <div class='ocr_carea' id='block_1_14' title="bbox 199 1423 1777 1499">
    <p class='ocr_par' dir='ltr' id='par_1_14' title="bbox 199 1423 1777 1499">
     <span class='ocr_line' id='line_1_14' title="bbox 199 1423 1777 1499; baseline -0.006 -17"><span class='ocrx_word' id='word_1_97' title='bbox 199 1429 297 1482; x_wconf 81' lang='grc' dir='ltr'><strong>τοῦ</strong></span> <span class='ocrx_word' id='word_1_98' title='bbox 328 1426 616 1499; x_wconf 84' lang='grc' dir='ltr'><em>ἀνθρώπου</em></span> <span class='ocrx_word' id='word_1_99' title='bbox 648 1428 712 1478; x_wconf 79' lang='grc' dir='ltr'><strong>ἐκ</strong></span> <span class='ocrx_word' id='word_1_100' title='bbox 745 1425 929 1496; x_wconf 80' lang='grc' dir='ltr'><em>χειρὸς</em></span> <span class='ocrx_word' id='word_1_101' title='bbox 970 1425 1190 1478; x_wconf 83' lang='grc' dir='ltr'><em>πάντων</em></span> <span class='ocrx_word' id='word_1_102' title='bbox 1229 1423 1336 1476; x_wconf 84' lang='grc' dir='ltr'><em>τῶν</em></span> <span class='ocrx_word' id='word_1_103' title='bbox 1378 1423 1662 1494; x_wconf 78' lang='grc' dir='ltr'><em>θηρίων,ἣ</em></span> <span class='ocrx_word' id='word_1_104' title='bbox 1696 1423 1777 1474; x_wconf 80' lang='grc' dir='ltr'>ὅτι</span> 
     </span>
    </p>
   </div>
   <div class='ocr_carea' id='block_1_15' title="bbox 202 1512 1776 1586">
    <p class='ocr_par' dir='ltr' id='par_1_15' title="bbox 202 1512 1776 1586">
     <span class='ocr_line' id='line_1_15' title="bbox 202 1512 1776 1586; baseline -0.005 -15"><span class='ocrx_word' id='word_1_105' title='bbox 202 1519 506 1586; x_wconf 64' lang='grc' dir='ltr'>ἀναστήσει</span> <span class='ocrx_word' id='word_1_106' title='bbox 539 1516 607 1568; x_wconf 74' lang='grc' dir='ltr'><em>τὰ</em></span> <span class='ocrx_word' id='word_1_107' title='bbox 633 1513 864 1584; x_wconf 84' lang='grc' dir='ltr'><em>σώματα</em></span> <span class='ocrx_word' id='word_1_108' title='bbox 901 1513 1011 1566; x_wconf 85' lang='grc' dir='ltr'><em>τῶν</em></span> <span class='ocrx_word' id='word_1_109' title='bbox 1063 1512 1368 1584; x_wconf 82' lang='grc' dir='ltr'><strong>ἀνθρώπων</strong></span> <span class='ocrx_word' id='word_1_110' title='bbox 1400 1514 1506 1566; x_wconf 84' lang='grc' dir='ltr'><em>τῶν</em></span> <span class='ocrx_word' id='word_1_111' title='bbox 1537 1513 1776 1581; x_wconf 79' lang='grc' dir='ltr'><strong>ἀποθνη-</strong></span> 
     </span>
    </p>
   </div>
   <div class='ocr_carea' id='block_1_16' title="bbox 197 1603 1781 1676">
    <p class='ocr_par' dir='ltr' id='par_1_16' title="bbox 197 1603 1781 1676">
     <span class='ocr_line' id='line_1_16' title="bbox 197 1603 1781 1676; baseline -0.004 -15"><span class='ocrx_word' id='word_1_112' title='bbox 197 1609 476 1673; x_wconf 82' lang='grc' dir='ltr'>σκόντιι›ν;</span> <span class='ocrx_word' id='word_1_113' title='bbox 509 1608 582 1660; x_wconf 81' lang='grc' dir='ltr'><strong>Οὐ</strong></span> <span class='ocrx_word' id='word_1_114' title='bbox 611 1605 723 1676; x_wconf 75' lang='grc' dir='ltr'><strong>γὰρ</strong></span> <span class='ocrx_word' id='word_1_115' title='bbox 751 1607 874 1660; x_wconf 67' lang='grc' dir='ltr'><em>ἀντὶ</em></span> <span class='ocrx_word' id='word_1_116' title='bbox 903 1604 996 1659; x_wconf 81' lang='grc' dir='ltr'><strong>τοῦ</strong></span> <span class='ocrx_word' id='word_1_117' title='bbox 1020 1603 1306 1676; x_wconf 77' lang='grc' dir='ltr'><em>ἀνθρώπου</em></span> <span class='ocrx_word' id='word_1_118' title='bbox 1331 1605 1682 1658; x_wconf 81' lang='grc' dir='ltr'><strong>ἀποθανεῖται</strong></span> <span class='ocrx_word' id='word_1_119' title='bbox 1713 1603 1781 1656; x_wconf 70' lang='grc' dir='ltr'><em>τὰ</em></span> 
     </span>
    </p>
   </div>
   <div class='ocr_carea' id='block_1_17' title="bbox 199 1699 1322 1772">
    <p class='ocr_par' dir='ltr' id='par_1_17' title="bbox 199 1699 1322 1772">
     <span class='ocr_line' id='line_1_17' title="bbox 199 1699 1322 1772; baseline -0.017 -17"><span class='ocrx_word' id='word_1_120' title='bbox 199 1699 388 1772; x_wconf 78' lang='grc' dir='ltr'><em>θηρία..</em></span> <span class='ocrx_word' id='word_1_121' title='bbox 1317 1729 1322 1736; x_wconf 87' lang='grc'><strong><em>,</em></strong></span> 
     </span>
    </p>
   </div>
   <div class='ocr_carea' id='block_1_18' title="bbox 1879 497 3449 582">
    <p class='ocr_par' dir='ltr' id='par_1_18' title="bbox 1879 497 3449 582">
     <span class='ocr_line' id='line_1_18' title="bbox 1879 497 3449 582; baseline -0.002 -16"><span class='ocrx_word' id='word_1_122' title='bbox 1879 508 2159 581; x_wconf 71' lang='lat' dir='ltr'><strong>Scriptura</strong></span> <span class='ocrx_word' id='word_1_123' title='bbox 2203 526 2504 582; x_wconf 85' lang='lat' dir='ltr'><strong>corporum</strong></span> <span class='ocrx_word' id='word_1_124' title='bbox 2538 497 3158 567; x_wconf 21' lang='lat' dir='ltr'><strong>resurrectionem-fore</strong></span> <span class='ocrx_word' id='word_1_125' title='bbox 3197 516 3449 563; x_wconf 74' lang='lat' dir='ltr'><strong>testatur.</strong></span> 
     </span>
    </p>
   </div>
   <div class='ocr_carea' id='block_1_19' title="bbox 1872 599 3453 676">
    <p class='ocr_par' dir='ltr' id='par_1_19' title="bbox 1872 599 3453 676">
     <span class='ocr_line' id='line_1_19' title="bbox 1872 599 3453 676; baseline -0.003 -18"><span class='ocrx_word' id='word_1_126' title='bbox 1872 605 1963 659; x_wconf 84' lang='lat' dir='ltr'><strong>Ait</strong></span> <span class='ocrx_word' id='word_1_127' title='bbox 2001 604 2210 675; x_wconf 81' lang='lat' dir='ltr'><strong>quippe</strong></span> <span class='ocrx_word' id='word_1_128' title='bbox 2247 603 2392 660; x_wconf 89' lang='lat' dir='ltr'><strong>Deus</strong></span> <span class='ocrx_word' id='word_1_129' title='bbox 2433 604 2546 660; x_wconf 82' lang='lat' dir='ltr'><strong>Noe</strong></span> <span class='ocrx_word' id='word_1_130' title='bbox 2591 612 2715 676; x_wconf 89' lang='lat' dir='ltr'><strong>post</strong></span> <span class='ocrx_word' id='word_1_131' title='bbox 2753 603 3020 658; x_wconf 82' lang='lat' dir='ltr'><strong>diluvium</strong></span> <span class='ocrx_word' id='word_1_132' title='bbox 3053 619 3066 655; x_wconf 89' lang='lat'>:</span> <span class='ocrx_word' id='word_1_133' title='bbox 3104 599 3277 666; x_wconf 80' lang='lat' dir='ltr'><strong>Quasi</strong></span> <span class='ocrx_word' id='word_1_134' title='bbox 3306 600 3453 654; x_wconf 79' lang='lat' dir='ltr'><strong>olera</strong></span> 
     </span>
    </p>
   </div>
   <div class='ocr_carea' id='block_1_20' title="bbox 1875 693 3453 764">
    <p class='ocr_par' dir='ltr' id='par_1_20' title="bbox 1875 693 3453 764">
     <span class='ocr_line' id='line_1_20' title="bbox 1875 693 3453 764; baseline -0.003 -14"><span class='ocrx_word' id='word_1_135' title='bbox 1875 697 2096 750; x_wconf 77' lang='lat' dir='ltr'><strong>virentia</strong></span> <span class='ocrx_word' id='word_1_136' title='bbox 2139 696 2340 749; x_wconf 86' lang='lat' dir='ltr'><strong>tradidi</strong></span> <span class='ocrx_word' id='word_1_137' title='bbox 2375 697 2518 750; x_wconf 84' lang='lat' dir='ltr'><strong>vobis</strong></span> <span class='ocrx_word' id='word_1_138' title='bbox 2567 697 2787 760; x_wconf 84' lang='lat' dir='ltr'><strong>omnia;</strong></span> <span class='ocrx_word' id='word_1_139' title='bbox 2817 705 3030 764; x_wconf 74' lang='lat' dir='ltr'><strong>excepto</strong></span> <span class='ocrx_word' id='word_1_140' title='bbox 3062 693 3202 764; x_wconf 87' lang='lat' dir='ltr'><strong>quod</strong></span> <span class='ocrx_word' id='word_1_141' title='bbox 3243 709 3453 746; x_wconf 87' lang='lat' dir='ltr'><strong>carnem</strong></span> 
     </span>
    </p>
   </div>
   <div class='ocr_carea' id='block_1_21' title="bbox 1873 783 3453 858">
    <p class='ocr_par' dir='ltr' id='par_1_21' title="bbox 1873 783 3453 858">
     <span class='ocr_line' id='line_1_21' title="bbox 1873 783 3453 858; baseline -0.003 -17"><span class='ocrx_word' id='word_1_142' title='bbox 1873 805 1992 841; x_wconf 89' lang='lat' dir='ltr'><strong>cum</strong></span> <span class='ocrx_word' id='word_1_143' title='bbox 2013 789 2268 858; x_wconf 88' lang='lat' dir='ltr'><strong>sanguine</strong></span> <span class='ocrx_word' id='word_1_144' title='bbox 2296 789 2488 842; x_wconf 67' lang='lat' dir='ltr'><strong>animle</strong></span> <span class='ocrx_word' id='word_1_145' title='bbox 2526 804 2628 840; x_wconf 87' lang='lat' dir='ltr'><strong>non</strong></span> <span class='ocrx_word' id='word_1_146' title='bbox 2676 785 2982 840; x_wconf 78' lang='lat' dir='ltr'><strong>comedetis.</strong></span> <span class='ocrx_word' id='word_1_147' title='bbox 3025 783 3267 838; x_wconf 86' lang='lat' dir='ltr'><strong>Vestrum</strong></span> <span class='ocrx_word' id='word_1_148' title='bbox 3310 785 3453 838; x_wconf 85' lang='lat' dir='ltr'><strong>enim</strong></span> 
     </span>
    </p>
   </div>
   <div class='ocr_carea' id='block_1_22' title="bbox 1875 878 3453 948">
    <p class='ocr_par' dir='ltr' id='par_1_22' title="bbox 1875 878 3453 948">
     <span class='ocr_line' id='line_1_22' title="bbox 1875 878 3453 948; baseline -0.003 -15"><span class='ocrx_word' id='word_1_149' title='bbox 1875 881 2188 948; x_wconf 88' lang='lat' dir='ltr'><strong>sanguinem</strong></span> <span class='ocrx_word' id='word_1_150' title='bbox 2234 882 2541 932; x_wconf 88' lang='lat' dir='ltr'><strong>animarum</strong></span> <span class='ocrx_word' id='word_1_151' title='bbox 2578 889 2873 943; x_wconf 75' lang='lat' dir='ltr'><strong>uestrarum</strong></span> <span class='ocrx_word' id='word_1_152' title='bbox 2904 879 3169 948; x_wconf 83' lang='lat' dir='ltr'><strong>requirant</strong></span> <span class='ocrx_word' id='word_1_153' title='bbox 3199 878 3264 931; x_wconf 89' lang='lat' dir='ltr'><strong>de</strong></span> <span class='ocrx_word' id='word_1_154' title='bbox 3291 893 3453 930; x_wconf 85' lang='lat' dir='ltr'><strong>manu</strong></span> 
     </span>
    </p>
   </div>
   <div class='ocr_carea' id='block_1_23' title="bbox 1876 967 3450 1035">
    <p class='ocr_par' dir='ltr' id='par_1_23' title="bbox 1876 967 3450 1035">
     <span class='ocr_line' id='line_1_23' title="bbox 1876 967 3450 1035; baseline -0.004 -10"><span class='ocrx_word' id='word_1_155' title='bbox 1876 981 2189 1025; x_wconf 89' lang='lat' dir='ltr'><strong>cunctarum</strong></span> <span class='ocrx_word' id='word_1_156' title='bbox 2225 971 2535 1035; x_wconf 77' lang='lat' dir='ltr'><strong>bestiarum,</strong></span> <span class='ocrx_word' id='word_1_157' title='bbox 2579 970 2714 1024; x_wconf 89' lang='lat' dir='ltr'><strong>etde</strong></span> <span class='ocrx_word' id='word_1_158' title='bbox 2764 985 2925 1022; x_wconf 85' lang='lat' dir='ltr'><strong>manu</strong></span> <span class='ocrx_word' id='word_1_159' title='bbox 2969 969 3138 1022; x_wconf 90' lang='lat' dir='ltr'><strong>omnis</strong></span> <span class='ocrx_word' id='word_1_160' title='bbox 3201 967 3450 1026; x_wconf 76' lang='lat' dir='ltr'><strong>hominis.</strong></span> 
     </span>
    </p>
   </div>
   <div class='ocr_carea' id='block_1_24' title="bbox 1861 1059 3453 1138">
    <p class='ocr_par' dir='ltr' id='par_1_24' title="bbox 1861 1059 3453 1138">
     <span class='ocr_line' id='line_1_24' title="bbox 1861 1059 3453 1138; baseline -0.003 -24"><span class='ocrx_word' id='word_1_161' title='bbox 1861 1061 2065 1138; x_wconf 76' lang='lat' dir='ltr'><strong>fratris</strong></span> <span class='ocrx_word' id='word_1_162' title='bbox 2121 1060 2234 1130; x_wconf 85' lang='lat' dir='ltr'><strong>ejus</strong></span> <span class='ocrx_word' id='word_1_163' title='bbox 2284 1063 2550 1130; x_wconf 81' lang='lat' dir='ltr'><strong>requiram</strong></span> <span class='ocrx_word' id='word_1_164' title='bbox 2601 1061 2834 1114; x_wconf 89' lang='lat' dir='ltr'><strong>animam</strong></span> <span class='ocrx_word' id='word_1_165' title='bbox 2884 1059 3021 1129; x_wconf 87' lang='lat' dir='ltr'><strong>ejus.</strong></span> <span class='ocrx_word' id='word_1_166' title='bbox 3057 1059 3161 1123; x_wconf 83' lang='lat' dir='ltr'><strong>Qui</strong></span> <span class='ocrx_word' id='word_1_167' title='bbox 3209 1059 3453 1126; x_wconf 75' lang='lat' dir='ltr'><strong>effuderit</strong></span> 
     </span>
    </p>
   </div>
   <div class='ocr_carea' id='block_1_25' title="bbox 1876 1149 3453 1222">
    <p class='ocr_par' dir='ltr' id='par_1_25' title="bbox 1876 1149 3453 1222">
     <span class='ocr_line' id='line_1_25' title="bbox 1876 1149 3453 1222; baseline -0.004 -15"><span class='ocrx_word' id='word_1_168' title='bbox 1876 1153 2183 1222; x_wconf 86' lang='lat' dir='ltr'><strong>sanguinem</strong></span> <span class='ocrx_word' id='word_1_169' title='bbox 2200 1152 2450 1216; x_wconf 84' lang='lat' dir='ltr'><strong>hominis,</strong></span> <span class='ocrx_word' id='word_1_170' title='bbox 2466 1167 2561 1219; x_wconf 86' lang='lat' dir='ltr'><strong>pro</strong></span> <span class='ocrx_word' id='word_1_171' title='bbox 2595 1152 2742 1205; x_wconf 88' lang='lat' dir='ltr'><strong>illius</strong></span> <span class='ocrx_word' id='word_1_172' title='bbox 2764 1151 3023 1219; x_wconf 87' lang='lat' dir='ltr'><strong>sanguine</strong></span> <span class='ocrx_word' id='word_1_173' title='bbox 3046 1149 3265 1217; x_wconf 85' lang='lat' dir='ltr'><strong>sanguis</strong></span> <span class='ocrx_word' id='word_1_174' title='bbox 3288 1149 3453 1217; x_wconf 80' lang='lat' dir='ltr'><strong>ipsius</strong></span> 
     </span>
    </p>
   </div>
   <div class='ocr_carea' id='block_1_26' title="bbox 1876 1239 3453 1314">
    <p class='ocr_par' dir='ltr' id='par_1_26' title="bbox 1876 1239 3453 1314">
     <span class='ocr_line' id='line_1_26' title="bbox 1876 1239 3453 1314; baseline -0.004 -16"><span class='ocrx_word' id='word_1_175' title='bbox 1876 1244 2173 1314; x_wconf 79' lang='lat' dir='ltr'><strong>e/fundetur</strong></span> <span class='ocrx_word' id='word_1_176' title='bbox 2200 1261 2218 1297; x_wconf 91' lang='lat'><strong><em>:</em></strong></span> <span class='ocrx_word' id='word_1_177' title='bbox 2255 1244 2322 1296; x_wconf 89' lang='lat' dir='ltr'><strong>ad</strong></span> <span class='ocrx_word' id='word_1_178' title='bbox 2368 1244 2650 1314; x_wconf 85' lang='lat' dir='ltr'><strong>imaginem</strong></span> <span class='ocrx_word' id='word_1_179' title='bbox 2701 1243 2890 1312; x_wconf 80' lang='lat' dir='ltr'><strong>quippe</strong></span> <span class='ocrx_word' id='word_1_180' title='bbox 2940 1240 3036 1294; x_wconf 84' lang='lat' dir='ltr'><strong>Dei</strong></span> <span class='ocrx_word' id='word_1_181' title='bbox 3075 1239 3337 1293; x_wconf 83' lang='lat' dir='ltr'><strong>hominem</strong></span> <span class='ocrx_word' id='word_1_182' title='bbox 3374 1241 3453 1306; x_wconf 75' lang='lat' dir='ltr'><strong>fe-</strong></span> 
     </span>
    </p>
   </div>
   <div class='ocr_carea' id='block_1_27' title="bbox 1878 1331 3458 1403">
    <p class='ocr_par' dir='ltr' id='par_1_27' title="bbox 1878 1331 3458 1403">
     <span class='ocr_line' id='line_1_27' title="bbox 1878 1331 3458 1403; baseline -0.004 -12"><span class='ocrx_word' id='word_1_183' title='bbox 1878 1340 1926 1391; x_wconf 89' lang='lat' dir='ltr'><strong>ci</strong></span> <span class='ocrx_word' id='word_1_184' title='bbox 1961 1339 1998 1391; x_wconf 64' lang='grc' dir='ltr'><strong>δ.</strong></span> <span class='ocrx_word' id='word_1_185' title='bbox 2045 1336 2295 1403; x_wconf 83' lang='lat' dir='ltr'><strong>Quonam</strong></span> <span class='ocrx_word' id='word_1_186' title='bbox 2327 1344 2509 1389; x_wconf 89' lang='lat' dir='ltr'><strong>autem</strong></span> <span class='ocrx_word' id='word_1_187' title='bbox 2562 1334 2728 1389; x_wconf 87' lang='lat' dir='ltr'><strong>modo</strong></span> <span class='ocrx_word' id='word_1_188' title='bbox 2753 1335 3079 1403; x_wconf 80' lang='lat' dir='ltr'><strong>sanguinem</strong></span> <span class='ocrx_word' id='word_1_189' title='bbox 3113 1331 3356 1384; x_wconf 81' lang='lat' dir='ltr'><strong>hominis</strong></span> <span class='ocrx_word' id='word_1_190' title='bbox 3391 1332 3458 1386; x_wconf 85' lang='lat' dir='ltr'><strong>de</strong></span> 
     </span>
    </p>
   </div>
   <div class='ocr_carea' id='block_1_28' title="bbox 1880 1423 3455 1493">
    <p class='ocr_par' dir='ltr' id='par_1_28' title="bbox 1880 1423 3455 1493">
     <span class='ocr_line' id='line_1_28' title="bbox 1880 1423 3455 1493; baseline -0.005 -10"><span class='ocrx_word' id='word_1_191' title='bbox 1880 1445 2044 1484; x_wconf 88' lang='lat' dir='ltr'><strong>manu</strong></span> <span class='ocrx_word' id='word_1_192' title='bbox 2087 1429 2424 1483; x_wconf 80' lang='lat' dir='ltr'><strong>cunctarum</strong></span> <span class='ocrx_word' id='word_1_193' title='bbox 2483 1425 2781 1480; x_wconf 76' lang='lat' dir='ltr'><strong>bestiarum</strong></span> <span class='ocrx_word' id='word_1_194' title='bbox 2842 1425 3108 1493; x_wconf 72' lang='lat' dir='ltr'><strong>requiret,</strong></span> <span class='ocrx_word' id='word_1_195' title='bbox 3173 1423 3292 1476; x_wconf 83' lang='lat' dir='ltr'><strong>uisl&#39;</strong></span> <span class='ocrx_word' id='word_1_196' title='bbox 3328 1423 3455 1491; x_wconf 88' lang='lat' dir='ltr'><strong>quia</strong></span> 
     </span>
    </p>
   </div>
   <div class='ocr_carea' id='block_1_29' title="bbox 1879 1511 3456 1588">
    <p class='ocr_par' dir='ltr' id='par_1_29' title="bbox 1879 1511 3456 1588">
     <span class='ocr_line' id='line_1_29' title="bbox 1879 1511 3456 1588; baseline -0.007 -14"><span class='ocrx_word' id='word_1_197' title='bbox 1879 1533 2111 1588; x_wconf 87' lang='lat' dir='ltr'><strong>corpora</strong></span> <span class='ocrx_word' id='word_1_198' title='bbox 2181 1519 2505 1578; x_wconf 88' lang='lat' dir='ltr'><strong>hominum,</strong></span> <span class='ocrx_word' id='word_1_199' title='bbox 2567 1516 2660 1585; x_wconf 88' lang='lat' dir='ltr'><strong>qui</strong></span> <span class='ocrx_word' id='word_1_200' title='bbox 2735 1515 3083 1576; x_wconf 87' lang='lat' dir='ltr'><strong>moriuntur,</strong></span> <span class='ocrx_word' id='word_1_201' title='bbox 3149 1511 3217 1567; x_wconf 84' lang='lat' dir='ltr'><strong>ad</strong></span> <span class='ocrx_word' id='word_1_202' title='bbox 3291 1513 3456 1566; x_wconf 77' lang='lat' dir='ltr'><strong>vitam</strong></span> 
     </span>
    </p>
   </div>
   <div class='ocr_carea' id='block_1_30' title="bbox 1881 1604 3459 1662">
    <p class='ocr_par' dir='ltr' id='par_1_30' title="bbox 1881 1604 3459 1662">
     <span class='ocr_line' id='line_1_30' title="bbox 1881 1604 3459 1662; baseline -0.004 -2"><span class='ocrx_word' id='word_1_203' title='bbox 1881 1609 2184 1661; x_wconf 68' lang='lat' dir='ltr'><strong>excitabit?</strong></span> <span class='ocrx_word' id='word_1_204' title='bbox 2241 1607 2358 1661; x_wconf 87' lang='lat' dir='ltr'><strong>Non</strong></span> <span class='ocrx_word' id='word_1_205' title='bbox 2416 1608 2562 1662; x_wconf 87' lang='lat' dir='ltr'><strong>enim</strong></span> <span class='ocrx_word' id='word_1_206' title='bbox 2618 1605 2861 1660; x_wconf 85' lang='lat' dir='ltr'><strong>hominis</strong></span> <span class='ocrx_word' id='word_1_207' title='bbox 2921 1605 3042 1659; x_wconf 90' lang='lat' dir='ltr'><strong>loco</strong></span> <span class='ocrx_word' id='word_1_208' title='bbox 3095 1604 3285 1658; x_wconf 70' lang='lat' dir='ltr'><strong>bestia:</strong></span> <span class='ocrx_word' id='word_1_209' title='bbox 3340 1617 3459 1655; x_wconf 89' lang='lat' dir='ltr'><strong>mo-</strong></span> 
     </span>
    </p>
   </div>
   <div class='ocr_carea' id='block_1_31' title="bbox 1883 1703 2114 1755">
    <p class='ocr_par' dir='ltr' id='par_1_31' title="bbox 1883 1703 2114 1755">
     <span class='ocr_line' id='line_1_31' title="bbox 1883 1703 2114 1755; baseline 0.004 -2"><span class='ocrx_word' id='word_1_210' title='bbox 1883 1703 2114 1755; x_wconf 90' lang='lat' dir='ltr'><strong>rientur.</strong></span> 
     </span>
    </p>
   </div>
   <div class='ocr_carea' id='block_1_32' title="bbox 273 1783 1795 1862">
    <p class='ocr_par' dir='ltr' id='par_1_32' title="bbox 273 1786 1775 1860">
     <span class='ocr_line' id='line_1_32' title="bbox 273 1786 1775 1860; baseline -0.001 -18"><span class='ocrx_word' id='word_1_211' title='bbox 273 1790 384 1843; x_wconf 76' lang='lat' dir='ltr'><strong>Kal</strong></span> <span class='ocrx_word' id='word_1_212' title='bbox 425 1789 586 1843; x_wconf 81' lang='grc' dir='ltr'>πάλιν</span> <span class='ocrx_word' id='word_1_213' title='bbox 615 1788 693 1860; x_wconf 82' lang='grc' dir='ltr'><em>τῷ</em></span> <span class='ocrx_word' id='word_1_214' title='bbox 713 1789 967 1842; x_wconf 86' lang='grc' dir='ltr'><strong>Μωυσεῖ⁶</strong></span> <span class='ocrx_word' id='word_1_215' title='bbox 992 1786 1133 1856; x_wconf 82' lang='grc' dir='ltr'><strong>Ἐγώ</strong></span> <span class='ocrx_word' id='word_1_216' title='bbox 1151 1789 1268 1856; x_wconf 79' lang='grc' dir='ltr'><em>εἰμι</em></span> <span class='ocrx_word' id='word_1_217' title='bbox 1289 1789 1322 1841; x_wconf 84' lang='grc' dir='ltr'><em>ό</em></span> <span class='ocrx_word' id='word_1_218' title='bbox 1340 1787 1483 1852; x_wconf 82' lang='grc' dir='ltr'><em>Θεὸς</em></span> <span class='ocrx_word' id='word_1_219' title='bbox 1510 1786 1775 1856; x_wconf 67' lang='grc' dir='ltr'><em>Ἀϐραὰμ,</em></span> 
     </span>
    </p>
   </div>
   <div class='ocr_carea' id='block_1_33' title="bbox 1899 1783 3459 1862">
    <p class='ocr_par' dir='ltr' id='par_1_33' title="bbox 1953 1783 3459 1862">
     <span class='ocr_line' id='line_1_33' title="bbox 1953 1783 3459 1862; baseline -0.007 -16"><span class='ocrx_word' id='word_1_220' title='bbox 1953 1793 2276 1862; x_wconf 79' lang='lat' dir='ltr'><strong>Rursusque</strong></span> <span class='ocrx_word' id='word_1_221' title='bbox 2315 1790 2382 1844; x_wconf 86' lang='lat' dir='ltr'><strong>ad</strong></span> <span class='ocrx_word' id='word_1_222' title='bbox 2422 1790 2687 1856; x_wconf 69' lang='lat' dir='ltr'><strong>Moysen:</strong></span> <span class='ocrx_word' id='word_1_223' title='bbox 2741 1786 2852 1857; x_wconf 84' lang='lat' dir='ltr'><strong>Ego</strong></span> <span class='ocrx_word' id='word_1_224' title='bbox 2904 1802 3023 1840; x_wconf 89' lang='lat' dir='ltr'><strong>sum</strong></span> <span class='ocrx_word' id='word_1_225' title='bbox 3086 1783 3223 1838; x_wconf 88' lang='lat' dir='ltr'><strong>Deus</strong></span> <span class='ocrx_word' id='word_1_226' title='bbox 3282 1783 3459 1837; x_wconf 81' lang='lat' dir='ltr'><strong>Abra-</strong></span> 
     </span>
    </p>
   </div>
   <div class='ocr_carea' id='block_1_34' title="bbox 202 1873 1783 1944">
    <p class='ocr_par' dir='ltr' id='par_1_34' title="bbox 202 1873 1783 1944">
     <span class='ocr_line' id='line_1_34' title="bbox 202 1873 1783 1944; baseline -0.003 -12"><span class='ocrx_word' id='word_1_227' title='bbox 202 1879 302 1932; x_wconf 79' lang='grc' dir='ltr'><em>καὶ</em></span> <span class='ocrx_word' id='word_1_228' title='bbox 331 1882 363 1932; x_wconf 90' lang='grc' dir='ltr'><em>ὀ</em></span> <span class='ocrx_word' id='word_1_229' title='bbox 394 1880 536 1944; x_wconf 73' lang='grc' dir='ltr'><em>Θεὸς</em></span> <span class='ocrx_word' id='word_1_230' title='bbox 575 1878 794 1944; x_wconf 81' lang='grc' dir='ltr'><em>Ἰσαὰκ,</em></span> <span class='ocrx_word' id='word_1_231' title='bbox 835 1876 930 1930; x_wconf 76' lang='grc' dir='ltr'><em>καὶ</em></span> <span class='ocrx_word' id='word_1_232' title='bbox 962 1880 994 1929; x_wconf 84' lang='grc' dir='ltr'><em>ὁ</em></span> <span class='ocrx_word' id='word_1_233' title='bbox 1026 1878 1170 1942; x_wconf 80' lang='grc' dir='ltr'><em>Θεὸς</em></span> <span class='ocrx_word' id='word_1_234' title='bbox 1198 1873 1424 1930; x_wconf 83' lang='grc' dir='ltr'><strong>Ἰακώϐ.</strong></span> <span class='ocrx_word' id='word_1_235' title='bbox 1461 1877 1580 1928; x_wconf 81' lang='grc' dir='ltr'><strong>οὐκ</strong></span> <span class='ocrx_word' id='word_1_236' title='bbox 1612 1876 1783 1929; x_wconf 80' lang='grc' dir='ltr'><em>ἔστιν</em></span> 
     </span>
    </p>
   </div>
   <div class='ocr_carea' id='block_1_35' title="bbox 197 1965 1784 2038">
    <p class='ocr_par' dir='ltr' id='par_1_35' title="bbox 197 1965 1784 2038">
     <span class='ocr_line' id='line_1_35' title="bbox 197 1965 1784 2038; baseline -0.004 -14"><span class='ocrx_word' id='word_1_237' title='bbox 197 1973 237 2025; x_wconf 79' lang='grc' dir='ltr'><em>ὁ</em></span> <span class='ocrx_word' id='word_1_238' title='bbox 269 1969 412 2036; x_wconf 85' lang='grc' dir='ltr'><strong>Θεὸς</strong></span> <span class='ocrx_word' id='word_1_239' title='bbox 450 1967 681 2038; x_wconf 80' lang='grc' dir='ltr'><strong>νεκρῶν</strong></span> <span class='ocrx_word' id='word_1_240' title='bbox 703 1967 867 2034; x_wconf 84' lang='grc' dir='ltr'><em>Θεὸς,</em></span> <span class='ocrx_word' id='word_1_241' title='bbox 897 1968 1008 2020; x_wconf 84' lang='grc' dir='ltr'><em>τῶν</em></span> <span class='ocrx_word' id='word_1_242' title='bbox 1031 1967 1433 2030; x_wconf 78' lang='grc' dir='ltr'><em>ἀποθανόντων,</em></span> <span class='ocrx_word' id='word_1_243' title='bbox 1471 1967 1565 2020; x_wconf 67' lang='grc' dir='ltr'><strong>καὶ</strong></span> <span class='ocrx_word' id='word_1_244' title='bbox 1603 1965 1784 2019; x_wconf 80' lang='grc' dir='ltr'>οὐκέτι</span> 
     </span>
    </p>
   </div>
   <div class='ocr_carea' id='block_1_36' title="bbox 203 2050 1786 2130">
    <p class='ocr_par' dir='ltr' id='par_1_36' title="bbox 203 2050 1786 2130">
     <span class='ocr_line' id='line_1_36' title="bbox 203 2050 1786 2130; baseline -0.004 -17"><span class='ocrx_word' id='word_1_245' title='bbox 203 2061 498 2130; x_wconf 75' lang='grc' dir='ltr'><strong>ἐσομένων,</strong></span> <span class='ocrx_word' id='word_1_246' title='bbox 526 2059 663 2113; x_wconf 79' lang='grc' dir='ltr'><strong>ἀλλὰ</strong></span> <span class='ocrx_word' id='word_1_247' title='bbox 699 2057 949 2124; x_wconf 80' lang='grc' dir='ltr'><em>ζώντων,</em></span> <span class='ocrx_word' id='word_1_248' title='bbox 983 2050 1058 2112; x_wconf 83' lang='grc' dir='ltr'><strong>ὧν</strong></span> <span class='ocrx_word' id='word_1_249' title='bbox 1096 2059 1152 2110; x_wconf 84' lang='grc' dir='ltr'><em>αἱ</em></span> <span class='ocrx_word' id='word_1_250' title='bbox 1192 2057 1364 2127; x_wconf 72' lang='grc' dir='ltr'><em>ψυχαὶ</em></span> <span class='ocrx_word' id='word_1_251' title='bbox 1404 2057 1505 2129; x_wconf 80' lang='grc' dir='ltr'><em>μὲν</em></span> <span class='ocrx_word' id='word_1_252' title='bbox 1541 2059 1600 2108; x_wconf 84' lang='grc' dir='ltr'><strong>ὲν</strong></span> <span class='ocrx_word' id='word_1_253' title='bbox 1640 2055 1786 2126; x_wconf 77' lang='grc' dir='ltr'>χειρὶ</span> 
     </span>
    </p>
   </div>
   <div class='ocr_carea' id='block_1_37' title="bbox 205 2145 1786 2217">
    <p class='ocr_par' dir='ltr' id='par_1_37' title="bbox 205 2145 1786 2217">
     <span class='ocr_line' id='line_1_37' title="bbox 205 2145 1786 2217; baseline -0.004 -12"><span class='ocrx_word' id='word_1_254' title='bbox 205 2149 371 2205; x_wconf 75' lang='grc' dir='ltr'><em>αὐτοῦ</em></span> <span class='ocrx_word' id='word_1_255' title='bbox 399 2149 556 2213; x_wconf 78' lang='grc' dir='ltr'><em>ζῶσι,</em></span> <span class='ocrx_word' id='word_1_256' title='bbox 604 2148 672 2202; x_wconf 76' lang='grc' dir='ltr'><em>τὰ</em></span> <span class='ocrx_word' id='word_1_257' title='bbox 700 2148 757 2201; x_wconf 77' lang='grc' dir='ltr'>δὲ</span> <span class='ocrx_word' id='word_1_258' title='bbox 797 2145 1032 2217; x_wconf 81' lang='grc' dir='ltr'><em>σώματα.</em></span> <span class='ocrx_word' id='word_1_259' title='bbox 1085 2147 1248 2201; x_wconf 83' lang='grc' dir='ltr'>πάλιν</span> <span class='ocrx_word' id='word_1_260' title='bbox 1282 2147 1371 2200; x_wconf 76' lang='grc' dir='ltr'>διὰ</span> <span class='ocrx_word' id='word_1_261' title='bbox 1417 2145 1515 2217; x_wconf 81' lang='grc' dir='ltr'><em>τῆς</em></span> <span class='ocrx_word' id='word_1_262' title='bbox 1550 2146 1786 2199; x_wconf 83' lang='grc' dir='ltr'><em>ἀναστά-</em></span> 
     </span>
    </p>
   </div>
   <div class='ocr_carea' id='block_1_38' title="bbox 207 2237 1788 2312">
    <p class='ocr_par' dir='ltr' id='par_1_38' title="bbox 207 2237 1788 2312">
     <span class='ocr_line' id='line_1_38' title="bbox 207 2237 1788 2312; baseline -0.003 -18"><span class='ocrx_word' id='word_1_263' title='bbox 207 2257 346 2304; x_wconf 81' lang='grc' dir='ltr'>σεως</span> <span class='ocrx_word' id='word_1_264' title='bbox 379 2241 626 2312; x_wconf 79' lang='grc' dir='ltr'><strong>ζήσεται.</strong></span> <span class='ocrx_word' id='word_1_265' title='bbox 659 2240 771 2294; x_wconf 84' lang='lat' dir='ltr'><strong>Kal</strong></span> <span class='ocrx_word' id='word_1_266' title='bbox 804 2239 832 2291; x_wconf 88' lang='grc' dir='ltr'><strong>δ</strong></span> <span class='ocrx_word' id='word_1_267' title='bbox 857 2238 1144 2310; x_wconf 84' lang='grc' dir='ltr'><em>θεοπάτωρ</em></span> <span class='ocrx_word' id='word_1_268' title='bbox 1174 2237 1338 2291; x_wconf 81' lang='grc' dir='ltr'><strong>Δαϐίδ</strong></span> <span class='ocrx_word' id='word_1_269' title='bbox 1373 2254 1505 2306; x_wconf 70' lang='grc' dir='ltr'>φησι</span> <span class='ocrx_word' id='word_1_270' title='bbox 1535 2237 1670 2308; x_wconf 76' lang='grc' dir='ltr'><em>πρὸς</em></span> <span class='ocrx_word' id='word_1_271' title='bbox 1697 2237 1788 2290; x_wconf 83' lang='grc' dir='ltr'><strong>τὸν</strong></span> 
     </span>
    </p>
   </div>
   <div class='ocr_carea' id='block_1_39' title="bbox 203 2328 1787 2396">
    <p class='ocr_par' dir='ltr' id='par_1_39' title="bbox 203 2328 1787 2396">
     <span class='ocr_line' id='line_1_39' title="bbox 203 2328 1787 2396; baseline -0.003 -11"><span class='ocrx_word' id='word_1_272' title='bbox 203 2331 373 2386; x_wconf 82' lang='grc' dir='ltr'>Θεόν·</span> <span class='ocrx_word' id='word_1_273' title='bbox 423 2328 793 2395; x_wconf 76' lang='grc' dir='ltr'><em>Ἀντανελεῖς</em></span> <span class='ocrx_word' id='word_1_274' title='bbox 831 2331 898 2382; x_wconf 86' lang='grc' dir='ltr'><strong>τὸ</strong></span> <span class='ocrx_word' id='word_1_275' title='bbox 948 2328 1184 2396; x_wconf 83' lang='grc' dir='ltr'><em>πνεῦμα</em></span> <span class='ocrx_word' id='word_1_276' title='bbox 1211 2329 1430 2394; x_wconf 82' lang='grc' dir='ltr'><em>αὐτῶν,</em></span> <span class='ocrx_word' id='word_1_277' title='bbox 1457 2328 1556 2381; x_wconf 77' lang='grc' dir='ltr'><em>καὶ</em></span> <span class='ocrx_word' id='word_1_278' title='bbox 1592 2329 1787 2382; x_wconf 77' lang='grc' dir='ltr'><strong>ἐκλεί-</strong></span> 
     </span>
    </p>
   </div>
   <div class='ocr_carea' id='block_1_40' title="bbox 207 2416 1786 2490">
    <p class='ocr_par' dir='ltr' id='par_1_40' title="bbox 207 2416 1786 2490">
     <span class='ocr_line' id='line_1_40' title="bbox 207 2416 1786 2490; baseline -0.002 -16"><span class='ocrx_word' id='word_1_279' title='bbox 207 2424 421 2490; x_wconf 73' lang='grc' dir='ltr'><em>ψουσι,</em></span> <span class='ocrx_word' id='word_1_280' title='bbox 457 2419 554 2473; x_wconf 80' lang='grc' dir='ltr'><em>καὶ</em></span> <span class='ocrx_word' id='word_1_281' title='bbox 583 2421 669 2485; x_wconf 83' lang='grc' dir='ltr'><strong>εις</strong></span> <span class='ocrx_word' id='word_1_282' title='bbox 697 2419 805 2472; x_wconf 86' lang='grc' dir='ltr'><strong>τὸν</strong></span> <span class='ocrx_word' id='word_1_283' title='bbox 851 2417 1005 2486; x_wconf 88' lang='grc' dir='ltr'><em>χοῦν</em></span> <span class='ocrx_word' id='word_1_284' title='bbox 1049 2417 1251 2471; x_wconf 84' lang='grc' dir='ltr'><em>αὐτῶν</em></span> <span class='ocrx_word' id='word_1_285' title='bbox 1289 2416 1786 2485; x_wconf 58' lang='grc' dir='ltr'><em>ἐπιστρέφουσιν.</em></span> 
     </span>
    </p>
   </div>
   <div class='ocr_carea' id='block_1_41' title="bbox 222 2505 1785 2582">
    <p class='ocr_par' dir='ltr' id='par_1_41' title="bbox 222 2505 1785 2582">
     <span class='ocr_line' id='line_1_41' title="bbox 222 2505 1785 2582; baseline -0.005 -13"><span class='ocrx_word' id='word_1_286' title='bbox 222 2513 358 2569; x_wconf 71' lang='grc' dir='ltr'>Ἰδοὺ</span> <span class='ocrx_word' id='word_1_287' title='bbox 409 2513 538 2582; x_wconf 82' lang='grc' dir='ltr'>περὶ</span> <span class='ocrx_word' id='word_1_288' title='bbox 583 2511 693 2564; x_wconf 84' lang='grc' dir='ltr'><em>τῶν</em></span> <span class='ocrx_word' id='word_1_289' title='bbox 744 2510 1019 2580; x_wconf 80' lang='grc' dir='ltr'><em>σωμάτων</em></span> <span class='ocrx_word' id='word_1_290' title='bbox 1057 2512 1086 2563; x_wconf 84' lang='grc' dir='ltr'>ὁ</span> <span class='ocrx_word' id='word_1_291' title='bbox 1130 2509 1308 2579; x_wconf 77' lang='grc' dir='ltr'><strong>λόγος.</strong></span> <span class='ocrx_word' id='word_1_292' title='bbox 1361 2505 1497 2564; x_wconf 78' lang='grc' dir='ltr'><em>Εἶτα</em></span> <span class='ocrx_word' id='word_1_293' title='bbox 1552 2509 1785 2576; x_wconf 78' lang='grc' dir='ltr'>ἐπάγει·</span> 
     </span>
    </p>
   </div>
   <div class='ocr_carea' id='block_1_42' title="bbox 222 2599 1788 2669">
    <p class='ocr_par' dir='ltr' id='par_1_42' title="bbox 222 2599 1788 2669">
     <span class='ocr_line' id='line_1_42' title="bbox 222 2599 1788 2669; baseline -0.006 -9"><span class='ocrx_word' id='word_1_294' title='bbox 222 2599 684 2667; x_wconf 75' lang='grc' dir='ltr'><em>ἐεαποστελεῖς</em></span> <span class='ocrx_word' id='word_1_295' title='bbox 714 2600 782 2653; x_wconf 87' lang='grc' dir='ltr'><strong>τὸ</strong></span> <span class='ocrx_word' id='word_1_296' title='bbox 817 2599 1060 2669; x_wconf 70' lang='grc' dir='ltr'><em>Πνεῦμα</em></span> <span class='ocrx_word' id='word_1_297' title='bbox 1106 2615 1244 2664; x_wconf 90' lang='grc' dir='ltr'><em>σου,</em></span> <span class='ocrx_word' id='word_1_298' title='bbox 1288 2599 1385 2652; x_wconf 76' lang='grc' dir='ltr'><em>καὶ</em></span> <span class='ocrx_word' id='word_1_299' title='bbox 1430 2599 1788 2667; x_wconf 78' lang='grc' dir='ltr'><em>κτισθήσον-</em></span> 
     </span>
    </p>
   </div>
   <div class='ocr_carea' id='block_1_43' title="bbox 213 2688 1610 2759">
    <p class='ocr_par' dir='ltr' id='par_1_43' title="bbox 213 2688 1610 2759">
     <span class='ocr_line' id='line_1_43' title="bbox 213 2688 1610 2759; baseline -0.004 -11"><span class='ocrx_word' id='word_1_300' title='bbox 213 2709 330 2756; x_wconf 84' lang='grc' dir='ltr'><em>ται,</em></span> <span class='ocrx_word' id='word_1_301' title='bbox 363 2693 460 2746; x_wconf 74' lang='grc' dir='ltr'><strong>καὶ</strong></span> <span class='ocrx_word' id='word_1_302' title='bbox 481 2690 867 2758; x_wconf 73' lang='grc' dir='ltr'><em>’ἀνακαινιεῖς</em></span> <span class='ocrx_word' id='word_1_303' title='bbox 893 2691 959 2744; x_wconf 89' lang='grc' dir='ltr'><strong>τὸ</strong></span> <span class='ocrx_word' id='word_1_304' title='bbox 989 2690 1315 2759; x_wconf 79' lang='grc' dir='ltr'><em>πρόσωπον</em></span> <span class='ocrx_word' id='word_1_305' title='bbox 1337 2688 1450 2759; x_wconf 81' lang='grc' dir='ltr'><em>τῆς</em></span> <span class='ocrx_word' id='word_1_306' title='bbox 1475 2688 1610 2758; x_wconf 79' lang='grc' dir='ltr'><strong>γῆς.</strong></span> 
     </span>
    </p>
   </div>
   <div class='ocr_carea' id='block_1_44' title="bbox 285 2860 1793 2932">
    <p class='ocr_par' dir='ltr' id='par_1_44' title="bbox 285 2860 1793 2932">
     <span class='ocr_line' id='line_1_44' title="bbox 285 2860 1793 2932; baseline -0.003 -14"><span class='ocrx_word' id='word_1_307' title='bbox 285 2866 399 2918; x_wconf 71' lang='lat' dir='ltr'><strong>Kal</strong></span> <span class='ocrx_word' id='word_1_308' title='bbox 431 2863 662 2928; x_wconf 75' lang='grc' dir='ltr'><em>Ἡσαΐας</em></span> <span class='ocrx_word' id='word_1_309' title='bbox 701 2863 790 2916; x_wconf 77' lang='grc' dir='ltr'><strong>δέ’</strong></span> <span class='ocrx_word' id='word_1_310' title='bbox 831 2861 1312 2932; x_wconf 81' lang='grc' dir='ltr'><em>Ἀναστήσονται</em></span> <span class='ocrx_word' id='word_1_311' title='bbox 1348 2862 1401 2914; x_wconf 83' lang='grc' dir='ltr'><strong>οι</strong></span> <span class='ocrx_word' id='word_1_312' title='bbox 1436 2860 1657 2928; x_wconf 69' lang='grc' dir='ltr'><em>νεκροὶ,</em></span> <span class='ocrx_word' id='word_1_313' title='bbox 1695 2860 1793 2914; x_wconf 71' lang='grc' dir='ltr'><em>καὶ</em></span> 
     </span>
    </p>
   </div>
   <div class='ocr_carea' id='block_1_45' title="bbox 217 2950 1792 3026">
    <p class='ocr_par' dir='ltr' id='par_1_45' title="bbox 217 2950 1792 3026">
     <span class='ocr_line' id='line_1_45' title="bbox 217 2950 1792 3026; baseline -0.003 -17"><span class='ocrx_word' id='word_1_314' title='bbox 217 2954 644 3026; x_wconf 77' lang='grc' dir='ltr'><strong>ἐγερθήσονται</strong></span> <span class='ocrx_word' id='word_1_315' title='bbox 679 2955 732 3008; x_wconf 77' lang='grc' dir='ltr'><em>οἱ</em></span> <span class='ocrx_word' id='word_1_316' title='bbox 771 2953 840 3006; x_wconf 83' lang='grc' dir='ltr'><em>ἐν</em></span> <span class='ocrx_word' id='word_1_317' title='bbox 881 2953 1003 3018; x_wconf 83' lang='grc' dir='ltr'><em>τοῖς</em></span> <span class='ocrx_word' id='word_1_318' title='bbox 1034 2951 1371 3021; x_wconf 82' lang='grc' dir='ltr'><em>μνημείοις.</em></span> <span class='ocrx_word' id='word_1_319' title='bbox 1419 2952 1589 3020; x_wconf 87' lang='grc' dir='ltr'><em>Δῆλον</em></span> <span class='ocrx_word' id='word_1_320' title='bbox 1625 2950 1681 3004; x_wconf 84' lang='grc' dir='ltr'>δὲ</span> <span class='ocrx_word' id='word_1_321' title='bbox 1717 2950 1792 3015; x_wconf 81' lang='grc' dir='ltr'>ὡς</span> 
     </span>
    </p>
   </div>
   <div class='ocr_carea' id='block_1_46' title="bbox 218 3039 1795 3116">
    <p class='ocr_par' dir='ltr' id='par_1_46' title="bbox 218 3039 1795 3116">
     <span class='ocr_line' id='line_1_46' title="bbox 218 3039 1795 3116; baseline -0.002 -18"><span class='ocrx_word' id='word_1_322' title='bbox 218 3046 320 3115; x_wconf 71' lang='grc' dir='ltr'><strong>οὐχ</strong></span> <span class='ocrx_word' id='word_1_323' title='bbox 354 3047 410 3098; x_wconf 77' lang='grc' dir='ltr'><em>αἱ</em></span> <span class='ocrx_word' id='word_1_324' title='bbox 457 3045 628 3116; x_wconf 75' lang='grc' dir='ltr'><em>ψυχαὶ</em></span> <span class='ocrx_word' id='word_1_325' title='bbox 682 3047 739 3098; x_wconf 82' lang='grc' dir='ltr'><strong>ὲν</strong></span> <span class='ocrx_word' id='word_1_326' title='bbox 767 3046 882 3108; x_wconf 82' lang='grc' dir='ltr'><strong>τοῖς</strong></span> <span class='ocrx_word' id='word_1_327' title='bbox 927 3041 1216 3114; x_wconf 76' lang='grc' dir='ltr'><strong>μνημείοις</strong></span> <span class='ocrx_word' id='word_1_328' title='bbox 1256 3039 1520 3106; x_wconf 80' lang='grc' dir='ltr'><strong>τίθενται,</strong></span> <span class='ocrx_word' id='word_1_329' title='bbox 1553 3040 1690 3094; x_wconf 80' lang='grc' dir='ltr'><strong>ἀλλὰ</strong></span> <span class='ocrx_word' id='word_1_330' title='bbox 1727 3042 1795 3095; x_wconf 81' lang='grc' dir='ltr'><em>τὰ</em></span> 
     </span>
    </p>
   </div>
   <div class='ocr_carea' id='block_1_47' title="bbox 224 3135 474 3207">
    <p class='ocr_par' dir='ltr' id='par_1_47' title="bbox 224 3135 474 3207">
     <span class='ocr_line' id='line_1_47' title="bbox 224 3135 474 3207; baseline 0.004 -18"><span class='ocrx_word' id='word_1_331' title='bbox 224 3135 474 3207; x_wconf 61' lang='grc' dir='ltr'><em>σώματα.</em></span> 
     </span>
    </p>
   </div>
   <div class='ocr_carea' id='block_1_48' title="bbox 295 3246 1798 3320">
    <p class='ocr_par' dir='ltr' id='par_1_48' title="bbox 295 3246 1798 3320">
     <span class='ocr_line' id='line_1_48' title="bbox 295 3246 1798 3320; baseline -0.002 -17"><span class='ocrx_word' id='word_1_332' title='bbox 295 3249 406 3303; x_wconf 79' lang='grc' dir='ltr'><strong>Καὶ</strong></span> <span class='ocrx_word' id='word_1_333' title='bbox 433 3250 462 3302; x_wconf 81' lang='grc' dir='ltr'><strong>ὁ</strong></span> <span class='ocrx_word' id='word_1_334' title='bbox 486 3249 754 3320; x_wconf 81' lang='grc' dir='ltr'><em>μακάριος</em></span> <span class='ocrx_word' id='word_1_335' title='bbox 780 3248 837 3302; x_wconf 81' lang='grc' dir='ltr'>δὲ</span> <span class='ocrx_word' id='word_1_336' title='bbox 867 3247 1128 3318; x_wconf 77' lang='grc' dir='ltr'>Ίεζεκιήλ</span> <span class='ocrx_word' id='word_1_337' title='bbox 1151 3263 1164 3276; x_wconf 90' lang='grc'><strong>·</strong></span> <span class='ocrx_word' id='word_1_338' title='bbox 1191 3246 1297 3300; x_wconf 85' lang='lat' dir='ltr'><strong>Kal</strong></span> <span class='ocrx_word' id='word_1_339' title='bbox 1323 3246 1586 3316; x_wconf 82' lang='grc' dir='ltr'><em>ἐγένετο,</em></span> <span class='ocrx_word' id='word_1_340' title='bbox 1611 3247 1798 3318; x_wconf 72' lang='grc' dir='ltr'><em>φησὶν,</em></span> 
     </span>
    </p>
   </div>
   <div class='ocr_carea' id='block_1_49' title="bbox 223 3339 1802 3410">
    <p class='ocr_par' dir='ltr' id='par_1_49' title="bbox 223 3339 1802 3410">
     <span class='ocr_line' id='line_1_49' title="bbox 223 3339 1802 3410; baseline -0.001 -16"><span class='ocrx_word' id='word_1_341' title='bbox 223 3340 298 3394; x_wconf 77' lang='grc' dir='ltr'><em>ἐν</em></span> <span class='ocrx_word' id='word_1_342' title='bbox 324 3339 404 3406; x_wconf 79' lang='grc' dir='ltr'><em>τῷ</em></span> <span class='ocrx_word' id='word_1_343' title='bbox 440 3358 517 3410; x_wconf 88' lang='grc' dir='ltr'><strong>με</strong></span> <span class='ocrx_word' id='word_1_344' title='bbox 573 3341 1011 3410; x_wconf 61' lang='grc' dir='ltr'><em>προφητεῦσαι,</em></span> <span class='ocrx_word' id='word_1_345' title='bbox 1043 3343 1144 3395; x_wconf 82' lang='grc' dir='ltr'><em>καὶ</em></span> <span class='ocrx_word' id='word_1_346' title='bbox 1193 3341 1322 3394; x_wconf 82' lang='grc' dir='ltr'><strong>ιὸοὺ</strong></span> <span class='ocrx_word' id='word_1_347' title='bbox 1364 3342 1616 3410; x_wconf 85' lang='grc' dir='ltr'><em>σεισμὸς</em></span> <span class='ocrx_word' id='word_1_348' title='bbox 1643 3383 1657 3406; x_wconf 92' lang='grc'><strong>,</strong></span> <span class='ocrx_word' id='word_1_349' title='bbox 1704 3340 1802 3394; x_wconf 78' lang='grc' dir='ltr'><em>καὶ</em></span> 
     </span>
    </p>
   </div>
   <div class='ocr_carea' id='block_1_50' title="bbox 227 3429 1806 3500">
    <p class='ocr_par' dir='ltr' id='par_1_50' title="bbox 227 3429 1806 3500">
     <span class='ocr_line' id='line_1_50' title="bbox 227 3429 1806 3500; baseline 0.003 -17"><span class='ocrx_word' id='word_1_350' title='bbox 227 3430 576 3500; x_wconf 69' lang='grc' dir='ltr'><em>προσήγαγε</em></span> <span class='ocrx_word' id='word_1_351' title='bbox 612 3431 686 3484; x_wconf 80' lang='grc' dir='ltr'><strong>τὰ</strong></span> <span class='ocrx_word' id='word_1_352' title='bbox 725 3429 899 3494; x_wconf 74' lang='grc' dir='ltr'><em>ὀστᾶ,</em></span> <span class='ocrx_word' id='word_1_353' title='bbox 945 3433 1164 3486; x_wconf 83' lang='grc' dir='ltr'><em>ὀστέον</em></span> <span class='ocrx_word' id='word_1_354' title='bbox 1202 3433 1355 3500; x_wconf 82' lang='grc' dir='ltr'><em>πρὸς</em></span> <span class='ocrx_word' id='word_1_355' title='bbox 1383 3432 1621 3495; x_wconf 80' lang='grc' dir='ltr'><em>ὀστέον,</em></span> <span class='ocrx_word' id='word_1_356' title='bbox 1667 3433 1806 3487; x_wconf 79' lang='grc' dir='ltr'><em>ἐκα-</em></span> 
     </span>
    </p>
   </div>
   <div class='ocr_carea' id='block_1_51' title="bbox 227 3519 1804 3590">
    <p class='ocr_par' dir='ltr' id='par_1_51' title="bbox 227 3519 1804 3590">
     <span class='ocr_line' id='line_1_51' title="bbox 227 3519 1804 3590; baseline 0.001 -16"><span class='ocrx_word' id='word_1_357' title='bbox 227 3535 383 3574; x_wconf 84' lang='grc' dir='ltr'><em>στον</em></span> <span class='ocrx_word' id='word_1_358' title='bbox 408 3521 562 3588; x_wconf 81' lang='grc' dir='ltr'><em>πρὸς</em></span> <span class='ocrx_word' id='word_1_359' title='bbox 588 3521 703 3589; x_wconf 81' lang='grc' dir='ltr'><em>τὴν</em></span> <span class='ocrx_word' id='word_1_360' title='bbox 744 3522 1042 3590; x_wconf 76' lang='grc' dir='ltr'><em>ἁρμονίαν</em></span> <span class='ocrx_word' id='word_1_361' title='bbox 1071 3521 1278 3576; x_wconf 85' lang='grc' dir='ltr'><em>αὑτοῦ.</em></span> <span class='ocrx_word' id='word_1_362' title='bbox 1327 3522 1438 3576; x_wconf 91' lang='lat' dir='ltr'><strong>Kal</strong></span> <span class='ocrx_word' id='word_1_363' title='bbox 1479 3519 1663 3588; x_wconf 76' lang='grc' dir='ltr'><em>εἶδον,</em></span> <span class='ocrx_word' id='word_1_364' title='bbox 1706 3524 1804 3576; x_wconf 78' lang='grc' dir='ltr'><strong>καὶ</strong></span> 
     </span>
    </p>
   </div>
   <div class='ocr_carea' id='block_1_52' title="bbox 230 3607 1805 3679">
    <p class='ocr_par' dir='ltr' id='par_1_52' title="bbox 230 3607 1805 3679">
     <span class='ocr_line' id='line_1_52' title="bbox 230 3607 1805 3679; baseline 0.002 -17"><span class='ocrx_word' id='word_1_365' title='bbox 230 3607 360 3662; x_wconf 74' lang='grc' dir='ltr'><strong>ἰδοὺ</strong></span> <span class='ocrx_word' id='word_1_366' title='bbox 401 3609 715 3679; x_wconf 79' lang='grc' dir='ltr'><strong>ἐπεγένετο</strong></span> <span class='ocrx_word' id='word_1_367' title='bbox 751 3608 956 3676; x_wconf 81' lang='grc' dir='ltr'><em>αὐτοῖς</em></span> <span class='ocrx_word' id='word_1_368' title='bbox 1017 3610 1222 3678; x_wconf 84' lang='grc' dir='ltr'><em>νεῦρα,</em></span> <span class='ocrx_word' id='word_1_369' title='bbox 1263 3610 1363 3664; x_wconf 80' lang='grc' dir='ltr'><strong>και</strong></span> <span class='ocrx_word' id='word_1_370' title='bbox 1423 3610 1648 3678; x_wconf 84' lang='grc' dir='ltr'><em>σάρκες</em></span> <span class='ocrx_word' id='word_1_371' title='bbox 1696 3613 1805 3665; x_wconf 83' lang='grc' dir='ltr'><strong>ἀν-</strong></span> 
     </span>
    </p>
   </div>
   <div class='ocr_carea' id='block_1_53' title="bbox 227 3699 1806 3769">
    <p class='ocr_par' dir='ltr' id='par_1_53' title="bbox 227 3699 1806 3769">
     <span class='ocr_line' id='line_1_53' title="bbox 227 3699 1806 3769; baseline 0.003 -17"><span class='ocrx_word' id='word_1_372' title='bbox 227 3701 506 3769; x_wconf 71' lang='grc' dir='ltr'><em>εφύοντο,</em></span> <span class='ocrx_word' id='word_1_373' title='bbox 543 3701 642 3755; x_wconf 77' lang='grc' dir='ltr'><em>καὶ</em></span> <span class='ocrx_word' id='word_1_374' title='bbox 671 3699 991 3755; x_wconf 75' lang='grc' dir='ltr'><em>ἀνέϐαινον</em></span> <span class='ocrx_word' id='word_1_375' title='bbox 1028 3701 1122 3754; x_wconf 78' lang='grc' dir='ltr'><strong>ἐπ’</strong></span> <span class='ocrx_word' id='word_1_376' title='bbox 1148 3701 1320 3765; x_wconf 84' lang='grc' dir='ltr'><em>αὐτὰ,</em></span> <span class='ocrx_word' id='word_1_377' title='bbox 1360 3701 1458 3754; x_wconf 78' lang='grc' dir='ltr'><em>και</em></span> <span class='ocrx_word' id='word_1_378' title='bbox 1493 3701 1806 3769; x_wconf 81' lang='grc' dir='ltr'><em>περιετάθη</em></span> 
     </span>
    </p>
   </div>
   <div class='ocr_carea' id='block_1_54' title="bbox 228 3788 1808 3861">
    <p class='ocr_par' dir='ltr' id='par_1_54' title="bbox 228 3788 1808 3861">
     <span class='ocr_line' id='line_1_54' title="bbox 228 3788 1808 3861; baseline 0.002 -17"><span class='ocrx_word' id='word_1_379' title='bbox 228 3790 435 3857; x_wconf 81' lang='grc' dir='ltr'><em>αὐτοῖς</em></span> <span class='ocrx_word' id='word_1_380' title='bbox 462 3791 722 3861; x_wconf 80' lang='grc' dir='ltr'><em>δέρματα</em></span> <span class='ocrx_word' id='word_1_381' title='bbox 743 3792 1073 3847; x_wconf 79' lang='grc' dir='ltr'><em>ἐπάνωθεν.</em></span> <span class='ocrx_word' id='word_1_382' title='bbox 1110 3788 1240 3846; x_wconf 69' lang='grc' dir='ltr'><em>Εἶτα</em></span> <span class='ocrx_word' id='word_1_383' title='bbox 1275 3792 1518 3846; x_wconf 85' lang='grc' dir='ltr'>διδάσκει</span> <span class='ocrx_word' id='word_1_384' title='bbox 1561 3793 1678 3857; x_wconf 84' lang='grc' dir='ltr'><strong>πῶς</strong></span> <span class='ocrx_word' id='word_1_385' title='bbox 1716 3811 1808 3847; x_wconf 84' lang='grc' dir='ltr'>κε-</span> 
     </span>
    </p>
   </div>
   <div class='ocr_carea' id='block_1_55' title="bbox 229 3879 1278 3951">
    <p class='ocr_par' dir='ltr' id='par_1_55' title="bbox 229 3879 1278 3951">
     <span class='ocr_line' id='line_1_55' title="bbox 229 3879 1278 3951; baseline 0.001 -18"><span class='ocrx_word' id='word_1_386' title='bbox 229 3879 529 3934; x_wconf 80' lang='grc' dir='ltr'><em>λευσθέντα</em></span> <span class='ocrx_word' id='word_1_387' title='bbox 557 3880 832 3949; x_wconf 71' lang='grc' dir='ltr'>ἐπανῆλθε</span> <span class='ocrx_word' id='word_1_388' title='bbox 869 3882 940 3938; x_wconf 78' lang='grc' dir='ltr'><strong>τὰ</strong></span> <span class='ocrx_word' id='word_1_389' title='bbox 971 3879 1278 3951; x_wconf 82' lang='grc' dir='ltr'><em>πνεύματα.</em></span> 
     </span>
    </p>
   </div>
   <div class='ocr_carea' id='block_1_56' title="bbox 303 3970 1810 4043">
    <p class='ocr_par' dir='ltr' id='par_1_56' title="bbox 303 3970 1810 4043">
     <span class='ocr_line' id='line_1_56' title="bbox 303 3970 1810 4043; baseline 0.003 -20"><span class='ocrx_word' id='word_1_390' title='bbox 303 3971 412 4024; x_wconf 81' lang='lat' dir='ltr'><strong>Kal</strong></span> <span class='ocrx_word' id='word_1_391' title='bbox 463 3970 604 4034; x_wconf 84' lang='grc' dir='ltr'>θεῖος</span> <span class='ocrx_word' id='word_1_392' title='bbox 653 3970 709 4024; x_wconf 80' lang='grc' dir='ltr'>δὲ</span> <span class='ocrx_word' id='word_1_393' title='bbox 759 3971 958 4042; x_wconf 75' lang='grc' dir='ltr'><em>Δανιὴλ</em></span> <span class='ocrx_word' id='word_1_394' title='bbox 1003 3989 1172 4043; x_wconf 83' lang='grc' dir='ltr'><em>φησι’</em></span> <span class='ocrx_word' id='word_1_395' title='bbox 1229 3973 1337 4026; x_wconf 86' lang='lat' dir='ltr'><strong>Kal</strong></span> <span class='ocrx_word' id='word_1_396' title='bbox 1381 3973 1452 4027; x_wconf 84' lang='grc' dir='ltr'><em>ἐν</em></span> <span class='ocrx_word' id='word_1_397' title='bbox 1493 3974 1574 4040; x_wconf 85' lang='grc' dir='ltr'><em>τῷ</em></span> <span class='ocrx_word' id='word_1_398' title='bbox 1629 3974 1810 4042; x_wconf 82' lang='grc' dir='ltr'><em>καιρῷ</em></span> 
     </span>
    </p>
   </div>
   <div class='ocr_carea' id='block_1_57' title="bbox 230 4058 1810 4135">
    <p class='ocr_par' dir='ltr' id='par_1_57' title="bbox 230 4058 1810 4135">
     <span class='ocr_line' id='line_1_57' title="bbox 230 4058 1810 4135; baseline 0.005 -24"><span class='ocrx_word' id='word_1_399' title='bbox 230 4058 444 4125; x_wconf 81' lang='grc' dir='ltr'><strong>ἐκείνῳ</strong></span> <span class='ocrx_word' id='word_1_400' title='bbox 474 4059 883 4127; x_wconf 76' lang='grc' dir='ltr'><em>ἀναστήσεται</em></span> <span class='ocrx_word' id='word_1_401' title='bbox 916 4063 1158 4130; x_wconf 77' lang='grc' dir='ltr'><strong>Μιχαὴλ</strong></span> <span class='ocrx_word' id='word_1_402' title='bbox 1183 4065 1216 4116; x_wconf 82' lang='grc' dir='ltr'><em>ό</em></span> <span class='ocrx_word' id='word_1_403' title='bbox 1249 4061 1451 4132; x_wconf 78' lang='grc' dir='ltr'><em>ἅρχων</em></span> <span class='ocrx_word' id='word_1_404' title='bbox 1481 4067 1514 4118; x_wconf 87' lang='grc' dir='ltr'><em>ό</em></span> <span class='ocrx_word' id='word_1_405' title='bbox 1535 4063 1745 4135; x_wconf 70' lang='grc' dir='ltr'><em>μέγας,</em></span> <span class='ocrx_word' id='word_1_406' title='bbox 1778 4069 1810 4118; x_wconf 85' lang='grc' dir='ltr'><em>ό</em></span> 
     </span>
    </p>
   </div>
   <div class='ocr_carea' id='block_1_58' title="bbox 233 4137 1812 4219">
    <p class='ocr_par' dir='ltr' id='par_1_58' title="bbox 233 4137 1812 4219">
     <span class='ocr_line' id='line_1_58' title="bbox 233 4137 1812 4219; baseline 0.003 -15"><span class='ocrx_word' id='word_1_407' title='bbox 233 4150 504 4219; x_wconf 78' lang='grc' dir='ltr'><em>ἑστηκὼς</em></span> <span class='ocrx_word' id='word_1_408' title='bbox 530 4152 628 4205; x_wconf 73' lang='grc' dir='ltr'><strong>ἐπὶ</strong></span> <span class='ocrx_word' id='word_1_409' title='bbox 648 4153 792 4218; x_wconf 84' lang='grc' dir='ltr'><em>τοὺς</em></span> <span class='ocrx_word' id='word_1_410' title='bbox 818 4137 988 4218; x_wconf 68' lang='grc' dir='ltr'><em>υἱοὺς</em></span> <span class='ocrx_word' id='word_1_411' title='bbox 1016 4153 1124 4208; x_wconf 91' lang='grc' dir='ltr'><strong>τοῦ</strong></span> <span class='ocrx_word' id='word_1_412' title='bbox 1152 4154 1304 4208; x_wconf 74' lang='grc' dir='ltr'><em>λαοῦ</em></span> <span class='ocrx_word' id='word_1_413' title='bbox 1329 4170 1445 4208; x_wconf 92' lang='grc' dir='ltr'><strong>σου</strong></span> <span class='ocrx_word' id='word_1_414' title='bbox 1466 4171 1481 4185; x_wconf 77' lang='grc' dir='ltr'><strong>ο</strong></span> <span class='ocrx_word' id='word_1_415' title='bbox 1511 4155 1609 4210; x_wconf 77' lang='grc' dir='ltr'><em>καὶ</em></span> <span class='ocrx_word' id='word_1_416' title='bbox 1640 4159 1812 4211; x_wconf 82' lang='grc' dir='ltr'><em>ἐσται</em></span> 
     </span>
    </p>
   </div>
   <div class='ocr_carea' id='block_1_59' title="bbox 237 4243 1810 4318">
    <p class='ocr_par' dir='ltr' id='par_1_59' title="bbox 237 4243 1810 4318">
     <span class='ocr_line' id='line_1_59' title="bbox 237 4243 1810 4318; baseline 0.004 -22"><span class='ocrx_word' id='word_1_417' title='bbox 237 4244 439 4311; x_wconf 68' lang='grc' dir='ltr'><em>καιρὸς</em></span> <span class='ocrx_word' id='word_1_418' title='bbox 470 4243 752 4312; x_wconf 67' lang='grc' dir='ltr'><em>θλίψεως,</em></span> <span class='ocrx_word' id='word_1_419' title='bbox 794 4244 1000 4313; x_wconf 71' lang='grc' dir='ltr'><em>θλῖψις</em></span> <span class='ocrx_word' id='word_1_420' title='bbox 1034 4245 1131 4298; x_wconf 81' lang='grc' dir='ltr'><em>οἵα</em></span> <span class='ocrx_word' id='word_1_421' title='bbox 1167 4247 1238 4300; x_wconf 86' lang='grc' dir='ltr'><em>οὐ</em></span> <span class='ocrx_word' id='word_1_422' title='bbox 1281 4248 1550 4316; x_wconf 76' lang='grc' dir='ltr'><em>γέγονεν,</em></span> <span class='ocrx_word' id='word_1_423' title='bbox 1592 4249 1692 4318; x_wconf 69' lang='grc' dir='ltr'><strong>ἀφ’</strong></span> <span class='ocrx_word' id='word_1_424' title='bbox 1739 4245 1810 4304; x_wconf 82' lang='grc' dir='ltr'><em>οὗ</em></span> 
     </span>
    </p>
   </div>
   <div class='ocr_carea' id='block_1_60' title="bbox 237 4335 1813 4408">
    <p class='ocr_par' dir='ltr' id='par_1_60' title="bbox 237 4335 1813 4408">
     <span class='ocr_line' id='line_1_60' title="bbox 237 4335 1813 4408; baseline 0.004 -21"><span class='ocrx_word' id='word_1_425' title='bbox 237 4335 551 4405; x_wconf 74' lang='grc' dir='ltr'><em>γεγένηται</em></span> <span class='ocrx_word' id='word_1_426' title='bbox 610 4335 787 4399; x_wconf 74' lang='grc' dir='ltr'><em>ἔθνος</em></span> <span class='ocrx_word' id='word_1_427' title='bbox 823 4336 922 4390; x_wconf 75' lang='grc' dir='ltr'><strong>ἐπὶ</strong></span> <span class='ocrx_word' id='word_1_428' title='bbox 974 4336 1085 4406; x_wconf 80' lang='grc' dir='ltr'><em>τῆς</em></span> <span class='ocrx_word' id='word_1_429' title='bbox 1121 4337 1265 4407; x_wconf 80' lang='grc' dir='ltr'><em>γῆς,</em></span> <span class='ocrx_word' id='word_1_430' title='bbox 1300 4339 1411 4405; x_wconf 76' lang='grc' dir='ltr'><em>ἕως</em></span> <span class='ocrx_word' id='word_1_431' title='bbox 1455 4339 1561 4393; x_wconf 92' lang='grc' dir='ltr'><strong>τοῦ</strong></span> <span class='ocrx_word' id='word_1_432' title='bbox 1606 4341 1813 4408; x_wconf 78' lang='grc' dir='ltr'><em>καιροῦ</em></span> 
     </span>
    </p>
   </div>
   <div class='ocr_carea' id='block_1_61' title="bbox 239 4428 1814 4497">
    <p class='ocr_par' dir='ltr' id='par_1_61' title="bbox 239 4428 1814 4497">
     <span class='ocr_line' id='line_1_61' title="bbox 239 4428 1814 4497; baseline 0.003 -15"><span class='ocrx_word' id='word_1_433' title='bbox 239 4429 493 4482; x_wconf 77' lang='grc' dir='ltr'><em>ἐκείνου.</em></span> <span class='ocrx_word' id='word_1_434' title='bbox 535 4429 643 4481; x_wconf 86' lang='lat' dir='ltr'><strong>Kal</strong></span> <span class='ocrx_word' id='word_1_435' title='bbox 696 4429 764 4482; x_wconf 83' lang='grc' dir='ltr'><em>ἐν</em></span> <span class='ocrx_word' id='word_1_436' title='bbox 796 4428 876 4494; x_wconf 84' lang='grc' dir='ltr'><em>τῷ</em></span> <span class='ocrx_word' id='word_1_437' title='bbox 924 4428 1106 4497; x_wconf 82' lang='grc' dir='ltr'><em>καιρῷ</em></span> <span class='ocrx_word' id='word_1_438' title='bbox 1159 4430 1368 4494; x_wconf 82' lang='grc' dir='ltr'><em>ἐκείνῳ</em></span> <span class='ocrx_word' id='word_1_439' title='bbox 1412 4432 1746 4497; x_wconf 75' lang='grc' dir='ltr'><em>σωθήσεται</em></span> <span class='ocrx_word' id='word_1_440' title='bbox 1781 4435 1814 4486; x_wconf 87' lang='lat' dir='ltr'><strong>d</strong></span> 
     </span>
    </p>
   </div>
   <div class='ocr_carea' id='block_1_62' title="bbox 241 4519 1816 4592">
    <p class='ocr_par' dir='ltr' id='par_1_62' title="bbox 241 4519 1816 4592">
     <span class='ocr_line' id='line_1_62' title="bbox 241 4519 1816 4592; baseline 0.001 -18"><span class='ocrx_word' id='word_1_441' title='bbox 241 4521 391 4586; x_wconf 76' lang='grc' dir='ltr'><em>λαός</em></span> <span class='ocrx_word' id='word_1_442' title='bbox 426 4536 567 4583; x_wconf 87' lang='grc' dir='ltr'><em>σου,</em></span> <span class='ocrx_word' id='word_1_443' title='bbox 615 4519 734 4585; x_wconf 82' lang='grc' dir='ltr'><strong>πᾶς</strong></span> <span class='ocrx_word' id='word_1_444' title='bbox 783 4523 815 4574; x_wconf 86' lang='grc' dir='ltr'><em>ό</em></span> <span class='ocrx_word' id='word_1_445' title='bbox 865 4524 1129 4589; x_wconf 78' lang='grc' dir='ltr'><em>εὑρεθεὶς</em></span> <span class='ocrx_word' id='word_1_446' title='bbox 1173 4523 1574 4592; x_wconf 73' lang='grc' dir='ltr'><em>γεγραμμένος</em></span> <span class='ocrx_word' id='word_1_447' title='bbox 1617 4525 1691 4592; x_wconf 35' lang='grc' dir='ltr'><em>,ἐν</em></span> <span class='ocrx_word' id='word_1_448' title='bbox 1737 4525 1816 4590; x_wconf 86' lang='grc' dir='ltr'><em>τῷ</em></span> 
     </span>
    </p>
   </div>
   <div class='ocr_carea' id='block_1_63' title="bbox 238 4611 1820 4684">
    <p class='ocr_par' dir='ltr' id='par_1_63' title="bbox 238 4611 1820 4684">
     <span class='ocr_line' id='line_1_63' title="bbox 238 4611 1820 4684; baseline 0.004 -21"><span class='ocrx_word' id='word_1_449' title='bbox 238 4613 474 4679; x_wconf 74' lang='grc' dir='ltr'><strong>βιϐλίῳ.</strong></span> <span class='ocrx_word' id='word_1_450' title='bbox 533 4613 643 4666; x_wconf 89' lang='lat' dir='ltr'><strong>Kal</strong></span> <span class='ocrx_word' id='word_1_451' title='bbox 684 4611 905 4665; x_wconf 74' lang='grc' dir='ltr'><em>πολλοὶ</em></span> <span class='ocrx_word' id='word_1_452' title='bbox 951 4611 1072 4665; x_wconf 84' lang='grc' dir='ltr'><em>τῶν</em></span> <span class='ocrx_word' id='word_1_453' title='bbox 1127 4613 1544 4667; x_wconf 81' lang='grc' dir='ltr'><em>καθευδόντων</em></span> <span class='ocrx_word' id='word_1_454' title='bbox 1597 4615 1666 4668; x_wconf 79' lang='grc' dir='ltr'><em>ἐν</em></span> <span class='ocrx_word' id='word_1_455' title='bbox 1705 4614 1820 4684; x_wconf 74' lang='grc' dir='ltr'><strong>γῆς</strong></span> 
     </span>
    </p>
   </div>
   <div class='ocr_carea' id='block_1_64' title="bbox 243 4699 1818 4776">
    <p class='ocr_par' dir='ltr' id='par_1_64' title="bbox 243 4699 1818 4776">
     <span class='ocr_line' id='line_1_64' title="bbox 243 4699 1818 4776; baseline 0.003 -21"><span class='ocrx_word' id='word_1_456' title='bbox 243 4702 466 4772; x_wconf 78' lang='grc' dir='ltr'><em>χώματι</em></span> <span class='ocrx_word' id='word_1_457' title='bbox 495 4702 999 4772; x_wconf 75' lang='grc' dir='ltr'><em>ἐξεγερθήσονται</em></span> <span class='ocrx_word' id='word_1_458' title='bbox 1017 4721 1029 4734; x_wconf 91' lang='grc'><strong>·</strong></span> <span class='ocrx_word' id='word_1_459' title='bbox 1064 4699 1232 4759; x_wconf 84' lang='grc' dir='ltr'><em>οὗτοι</em></span> <span class='ocrx_word' id='word_1_460' title='bbox 1263 4706 1350 4776; x_wconf 78' lang='grc' dir='ltr'><em>εἰς</em></span> <span class='ocrx_word' id='word_1_461' title='bbox 1380 4703 1536 4770; x_wconf 81' lang='grc' dir='ltr'><em>ζωὴν</em></span> <span class='ocrx_word' id='word_1_462' title='bbox 1558 4704 1818 4771; x_wconf 71' lang='grc' dir='ltr'><em>αἰώνιον,</em></span> 
     </span>
    </p>
   </div>
   <div class='ocr_carea' id='block_1_65' title="bbox 246 4792 1818 4865">
    <p class='ocr_par' dir='ltr' id='par_1_65' title="bbox 246 4792 1818 4865">
     <span class='ocr_line' id='line_1_65' title="bbox 246 4792 1818 4865; baseline 0.001 -17"><span class='ocrx_word' id='word_1_463' title='bbox 246 4796 346 4848; x_wconf 77' lang='grc' dir='ltr'><strong>καὶ</strong></span> <span class='ocrx_word' id='word_1_464' title='bbox 383 4792 548 4851; x_wconf 87' lang='grc' dir='ltr'><em>οὗτοι</em></span> <span class='ocrx_word' id='word_1_465' title='bbox 574 4797 664 4861; x_wconf 85' lang='grc' dir='ltr'><strong>εις</strong></span> <span class='ocrx_word' id='word_1_466' title='bbox 701 4795 1049 4864; x_wconf 79' lang='grc' dir='ltr'><em>ὀνειδισμὸν</em></span> <span class='ocrx_word' id='word_1_467' title='bbox 1087 4795 1184 4848; x_wconf 71' lang='grc' dir='ltr'><em>καὶ</em></span> <span class='ocrx_word' id='word_1_468' title='bbox 1225 4797 1530 4865; x_wconf 67' lang='grc' dir='ltr'><em>αἰσχύνην</em></span> <span class='ocrx_word' id='word_1_469' title='bbox 1558 4797 1818 4852; x_wconf 77' lang='grc' dir='ltr'><em>αέώνιον.</em></span> 
     </span>
    </p>
   </div>
   <div class='ocr_carea' id='block_1_66' title="bbox 247 4883 1820 4957">
    <p class='ocr_par' dir='ltr' id='par_1_66' title="bbox 247 4883 1820 4957">
     <span class='ocr_line' id='line_1_66' title="bbox 247 4883 1820 4957; baseline 0.003 -19"><span class='ocrx_word' id='word_1_470' title='bbox 247 4883 359 4939; x_wconf 88' lang='lat' dir='ltr'><strong>Kal</strong></span> <span class='ocrx_word' id='word_1_471' title='bbox 377 4888 430 4939; x_wconf 82' lang='lat' dir='ltr'><strong>ot</strong></span> <span class='ocrx_word' id='word_1_472' title='bbox 460 4884 774 4951; x_wconf 81' lang='grc' dir='ltr'><em>συνιέντες</em></span> <span class='ocrx_word' id='word_1_473' title='bbox 815 4884 1246 4954; x_wconf 72' lang='grc' dir='ltr'><em>ἐκλάμψουσιν</em></span> <span class='ocrx_word' id='word_1_474' title='bbox 1281 4887 1360 4952; x_wconf 89' lang='grc' dir='ltr'><em>ὠς</em></span> <span class='ocrx_word' id='word_1_475' title='bbox 1398 4887 1437 4954; x_wconf 77' lang='grc' dir='ltr'><strong>η</strong></span> <span class='ocrx_word' id='word_1_476' title='bbox 1472 4889 1820 4957; x_wconf 79' lang='grc' dir='ltr'><em>λαμπρότης</em></span> 
     </span>
    </p>
   </div>
   <div class='ocr_carea' id='block_1_67' title="bbox 245 4975 1822 5044">
    <p class='ocr_par' dir='ltr' id='par_1_67' title="bbox 245 4975 1822 5044">
     <span class='ocr_line' id='line_1_67' title="bbox 245 4975 1822 5044; baseline 0.003 -14"><span class='ocrx_word' id='word_1_477' title='bbox 245 4975 356 5030; x_wconf 86' lang='grc' dir='ltr'><strong>τοῦ</strong></span> <span class='ocrx_word' id='word_1_478' title='bbox 403 4975 810 5044; x_wconf 84' lang='grc' dir='ltr'><em>στερεώματος</em></span> <span class='ocrx_word' id='word_1_479' title='bbox 840 5016 854 5039; x_wconf 90' lang='grc'><strong>,</strong></span> <span class='ocrx_word' id='word_1_480' title='bbox 913 4975 1014 5028; x_wconf 80' lang='grc' dir='ltr'><strong>καὶ</strong></span> <span class='ocrx_word' id='word_1_481' title='bbox 1073 4975 1194 5030; x_wconf 80' lang='grc' dir='ltr'><em>ἀπὸ</em></span> <span class='ocrx_word' id='word_1_482' title='bbox 1245 4976 1364 5029; x_wconf 87' lang='grc' dir='ltr'><em>τῶν</em></span> <span class='ocrx_word' id='word_1_483' title='bbox 1411 4977 1656 5033; x_wconf 69' lang='grc' dir='ltr'><em>δικαίων</em></span> <span class='ocrx_word' id='word_1_484' title='bbox 1703 4979 1822 5034; x_wconf 86' lang='grc' dir='ltr'><em>τῶν</em></span> 
     </span>
    </p>
   </div>
   <div class='ocr_carea' id='block_1_68' title="bbox 247 5066 1823 5136">
    <p class='ocr_par' dir='ltr' id='par_1_68' title="bbox 247 5066 1823 5136">
     <span class='ocr_line' id='line_1_68' title="bbox 247 5066 1823 5136; baseline 0.002 -13"><span class='ocrx_word' id='word_1_485' title='bbox 247 5066 513 5130; x_wconf 76' lang='grc' dir='ltr'><em>πολλῶν,</em></span> <span class='ocrx_word' id='word_1_486' title='bbox 530 5068 612 5134; x_wconf 86' lang='grc' dir='ltr'><em>ὡς</em></span> <span class='ocrx_word' id='word_1_487' title='bbox 643 5066 1085 5135; x_wconf 80' lang='grc' dir='ltr'><em>οιὰστέρες.εις</em></span> <span class='ocrx_word' id='word_1_488' title='bbox 1114 5067 1256 5134; x_wconf 75' lang='grc' dir='ltr'><em>τοὺς</em></span> <span class='ocrx_word' id='word_1_489' title='bbox 1303 5067 1546 5136; x_wconf 74' lang='grc' dir='ltr'><em>αἰῶνας,</em></span> <span class='ocrx_word' id='word_1_490' title='bbox 1593 5071 1692 5124; x_wconf 75' lang='grc' dir='ltr'><strong>καὶ</strong></span> <span class='ocrx_word' id='word_1_491' title='bbox 1733 5072 1823 5126; x_wconf 76' lang='grc' dir='ltr'><strong>ἔτι</strong></span> 
     </span>
    </p>
   </div>
   <div class='ocr_carea' id='block_1_69' title="bbox 248 5158 1825 5232">
    <p class='ocr_par' dir='ltr' id='par_1_69' title="bbox 248 5158 1825 5232">
     <span class='ocr_line' id='line_1_69' title="bbox 248 5158 1825 5232; baseline 0.003 -20"><span class='ocrx_word' id='word_1_492' title='bbox 248 5158 740 5229; x_wconf 52' lang='grc' dir='ltr'><em>ἐκλάμψουσιρ-</em></span> <span class='ocrx_word' id='word_1_493' title='bbox 773 5160 1001 5213; x_wconf 71' lang='grc' dir='ltr'><em>Πολλοὶ</em></span> <span class='ocrx_word' id='word_1_494' title='bbox 1032 5159 1150 5213; x_wconf 88' lang='grc' dir='ltr'><em>τῶν</em></span> <span class='ocrx_word' id='word_1_495' title='bbox 1175 5159 1589 5214; x_wconf 80' lang='grc' dir='ltr'><em>καθευδόντων</em></span> <span class='ocrx_word' id='word_1_496' title='bbox 1613 5162 1681 5216; x_wconf 76' lang='grc' dir='ltr'><em>ὲν</em></span> <span class='ocrx_word' id='word_1_497' title='bbox 1712 5163 1825 5232; x_wconf 74' lang='grc' dir='ltr'><strong>γῆς</strong></span> 
     </span>
    </p>
   </div>
   <div class='ocr_carea' id='block_1_70' title="bbox 252 5251 1826 5322">
    <p class='ocr_par' dir='ltr' id='par_1_70' title="bbox 252 5251 1826 5322">
     <span class='ocr_line' id='line_1_70' title="bbox 252 5251 1826 5322; baseline 0.003 -19"><span class='ocrx_word' id='word_1_498' title='bbox 252 5251 494 5320; x_wconf 83' lang='grc' dir='ltr'><em>κώματι,</em></span> <span class='ocrx_word' id='word_1_499' title='bbox 523 5251 718 5320; x_wconf 83' lang='grc' dir='ltr'><em>λέγων,</em></span> <span class='ocrx_word' id='word_1_500' title='bbox 770 5251 1292 5320; x_wconf 68' lang='grc' dir='ltr'><em>ἐξεγερθιξσονται,</em></span> <span class='ocrx_word' id='word_1_501' title='bbox 1327 5252 1516 5322; x_wconf 79' lang='grc' dir='ltr'>δῆλον,</span> <span class='ocrx_word' id='word_1_502' title='bbox 1565 5252 1641 5317; x_wconf 80' lang='grc' dir='ltr'><em>ὡς</em></span> <span class='ocrx_word' id='word_1_503' title='bbox 1694 5253 1826 5308; x_wconf 82' lang='grc' dir='ltr'><strong>ἀνά-</strong></span> 
     </span>
    </p>
   </div>
   <div class='ocr_carea' id='block_1_71' title="bbox 1882 1876 3459 1946">
    <p class='ocr_par' dir='ltr' id='par_1_71' title="bbox 1882 1876 3459 1946">
     <span class='ocr_line' id='line_1_71' title="bbox 1882 1876 3459 1946; baseline -0.005 -10"><span class='ocrx_word' id='word_1_504' title='bbox 1882 1886 2028 1946; x_wconf 87' lang='lat' dir='ltr'><strong>ham,</strong></span> <span class='ocrx_word' id='word_1_505' title='bbox 2078 1894 2126 1938; x_wconf 91' lang='lat' dir='ltr'><strong>et</strong></span> <span class='ocrx_word' id='word_1_506' title='bbox 2181 1883 2322 1938; x_wconf 87' lang='lat' dir='ltr'><strong>Deus</strong></span> <span class='ocrx_word' id='word_1_507' title='bbox 2365 1881 2544 1946; x_wconf 88' lang='lat' dir='ltr'><strong>Isaac,</strong></span> <span class='ocrx_word' id='word_1_508' title='bbox 2579 1889 2627 1934; x_wconf 88' lang='lat' dir='ltr'><strong>et</strong></span> <span class='ocrx_word' id='word_1_509' title='bbox 2667 1879 2803 1933; x_wconf 88' lang='lat' dir='ltr'><strong>Deus</strong></span> <span class='ocrx_word' id='word_1_510' title='bbox 2853 1877 3022 1932; x_wconf 72' lang='lat' dir='ltr'><strong>Iacob</strong></span> <span class='ocrx_word' id='word_1_511' title='bbox 3049 1878 3092 1932; x_wconf 85' lang='grc'>⁵.</span> <span class='ocrx_word' id='word_1_512' title='bbox 3140 1876 3304 1946; x_wconf 86' lang='lat' dir='ltr'><strong>Atqui</strong></span> <span class='ocrx_word' id='word_1_513' title='bbox 3356 1892 3459 1929; x_wconf 87' lang='lat' dir='ltr'><strong>non</strong></span> 
     </span>
    </p>
   </div>
   <div class='ocr_carea' id='block_1_72' title="bbox 1883 1970 3462 2048">
    <p class='ocr_par' dir='ltr' id='par_1_72' title="bbox 1883 1970 3462 2048">
     <span class='ocr_line' id='line_1_72' title="bbox 1883 1970 3462 2048; baseline -0.008 -16"><span class='ocrx_word' id='word_1_514' title='bbox 1883 1977 2043 2048; x_wconf 79' lang='lat'><strong>302</strong></span> <span class='ocrx_word' id='word_1_515' title='bbox 2076 1984 2152 2030; x_wconf 87' lang='lat' dir='ltr'><strong>est</strong></span> <span class='ocrx_word' id='word_1_516' title='bbox 2193 1975 2330 2029; x_wconf 84' lang='lat' dir='ltr'><strong>Deus</strong></span> <span class='ocrx_word' id='word_1_517' title='bbox 2381 1984 2712 2028; x_wconf 87' lang='lat' dir='ltr'><strong>mortuorum</strong></span> <span class='ocrx_word' id='word_1_518' title='bbox 2767 1971 2906 2026; x_wconf 89' lang='lat' dir='ltr'><strong>Deus</strong></span> <span class='ocrx_word' id='word_1_519' title='bbox 2939 1971 2978 2035; x_wconf 76' lang='grc'><em>⁸,</em></span> <span class='ocrx_word' id='word_1_520' title='bbox 3016 1970 3119 2024; x_wconf 90' lang='lat' dir='ltr'><strong>hoc</strong></span> <span class='ocrx_word' id='word_1_521' title='bbox 3157 1979 3240 2022; x_wconf 92' lang='lat' dir='ltr'><strong>est</strong></span> <span class='ocrx_word' id='word_1_522' title='bbox 3269 1982 3462 2022; x_wconf 87' lang='lat' dir='ltr'><strong>eorum</strong></span> 
     </span>
    </p>
   </div>
   <div class='ocr_carea' id='block_1_73' title="bbox 1884 2058 3460 2137">
    <p class='ocr_par' dir='ltr' id='par_1_73' title="bbox 1884 2058 3460 2137">
     <span class='ocr_line' id='line_1_73' title="bbox 1884 2058 3460 2137; baseline -0.005 -19"><span class='ocrx_word' id='word_1_523' title='bbox 1884 2067 1975 2137; x_wconf 92' lang='lat' dir='ltr'><strong>qui</strong></span> <span class='ocrx_word' id='word_1_524' title='bbox 2015 2067 2346 2128; x_wconf 87' lang='lat' dir='ltr'><strong>moriuntur,</strong></span> <span class='ocrx_word' id='word_1_525' title='bbox 2386 2080 2484 2120; x_wconf 89' lang='lat' dir='ltr'><strong>nec</strong></span> <span class='ocrx_word' id='word_1_526' title='bbox 2509 2063 2751 2132; x_wconf 76' lang='lat' dir='ltr'><strong>amplius</strong></span> <span class='ocrx_word' id='word_1_527' title='bbox 2787 2059 2958 2116; x_wconf 78' lang='lat' dir='ltr'><strong>futuri</strong></span> <span class='ocrx_word' id='word_1_528' title='bbox 2991 2067 3156 2125; x_wconf 90' lang='lat' dir='ltr'><strong>sunt;</strong></span> <span class='ocrx_word' id='word_1_529' title='bbox 3193 2058 3286 2112; x_wconf 86' lang='lat' dir='ltr'><strong>sed</strong></span> <span class='ocrx_word' id='word_1_530' title='bbox 3319 2058 3460 2111; x_wconf 78' lang='lat' dir='ltr'><strong>eivo-</strong></span> 
     </span>
    </p>
   </div>
   <div class='ocr_carea' id='block_1_74' title="bbox 1886 2150 3461 2228">
    <p class='ocr_par' dir='ltr' id='par_1_74' title="bbox 1886 2150 3461 2228">
     <span class='ocr_line' id='line_1_74' title="bbox 1886 2150 3461 2228; baseline -0.006 -17"><span class='ocrx_word' id='word_1_531' title='bbox 1886 2175 2002 2212; x_wconf 86' lang='lat' dir='ltr'><strong>rum</strong></span> <span class='ocrx_word' id='word_1_532' title='bbox 2033 2176 2052 2211; x_wconf 85' lang='lat'><em>:</em></span> <span class='ocrx_word' id='word_1_533' title='bbox 2092 2173 2327 2228; x_wconf 87' lang='lat' dir='ltr'><strong>quorum</strong></span> <span class='ocrx_word' id='word_1_534' title='bbox 2381 2157 2578 2210; x_wconf 69' lang='lat' dir='ltr'><strong>animae</strong></span> <span class='ocrx_word' id='word_1_535' title='bbox 2626 2154 2848 2224; x_wconf 82' lang='lat' dir='ltr'><strong>quidem</strong></span> <span class='ocrx_word' id='word_1_536' title='bbox 2906 2153 2958 2207; x_wconf 91' lang='lat' dir='ltr'><strong>in</strong></span> <span class='ocrx_word' id='word_1_537' title='bbox 3009 2167 3172 2206; x_wconf 86' lang='lat' dir='ltr'><strong>manu</strong></span> <span class='ocrx_word' id='word_1_538' title='bbox 3211 2151 3331 2221; x_wconf 87' lang='lat' dir='ltr'><strong>ejus</strong></span> <span class='ocrx_word' id='word_1_539' title='bbox 3380 2150 3461 2202; x_wconf 70' lang='lat' dir='ltr'><strong>vi-</strong></span> 
     </span>
    </p>
   </div>
   <div class='ocr_carea' id='block_1_75' title="bbox 1887 2239 3464 2316">
    <p class='ocr_par' dir='ltr' id='par_1_75' title="bbox 1887 2239 3464 2316">
     <span class='ocr_line' id='line_1_75' title="bbox 1887 2239 3464 2316; baseline -0.005 -16"><span class='ocrx_word' id='word_1_540' title='bbox 1887 2255 2022 2301; x_wconf 84' lang='lat' dir='ltr'><strong>vunt</strong></span> <span class='ocrx_word' id='word_1_541' title='bbox 2055 2248 2117 2314; x_wconf 90' lang='lat'><strong>&quot;;</strong></span> <span class='ocrx_word' id='word_1_542' title='bbox 2157 2260 2389 2316; x_wconf 86' lang='lat' dir='ltr'><strong>corpora</strong></span> <span class='ocrx_word' id='word_1_543' title='bbox 2421 2256 2603 2299; x_wconf 86' lang='lat' dir='ltr'><strong>autem</strong></span> <span class='ocrx_word' id='word_1_544' title='bbox 2640 2251 2763 2312; x_wconf 89' lang='lat' dir='ltr'><strong>post</strong></span> <span class='ocrx_word' id='word_1_545' title='bbox 2795 2240 3262 2296; x_wconf 87' lang='lat' dir='ltr'><strong>resurrectionem</strong></span> <span class='ocrx_word' id='word_1_546' title='bbox 3318 2239 3464 2293; x_wconf 82' lang='lat' dir='ltr'><strong>revi-</strong></span> 
     </span>
    </p>
   </div>
   <div class='ocr_carea' id='block_1_76' title="bbox 1886 2329 3464 2407">
    <p class='ocr_par' dir='ltr' id='par_1_76' title="bbox 1886 2329 3464 2407">
     <span class='ocr_line' id='line_1_76' title="bbox 1886 2329 3464 2407; baseline -0.007 -15"><span class='ocrx_word' id='word_1_547' title='bbox 1886 2339 2122 2394; x_wconf 83' lang='lat' dir='ltr'><strong>viscent.</strong></span> <span class='ocrx_word' id='word_1_548' title='bbox 2153 2338 2245 2393; x_wconf 90' lang='lat' dir='ltr'><strong>Dei</strong></span> <span class='ocrx_word' id='word_1_549' title='bbox 2279 2351 2497 2407; x_wconf 92' lang='lat' dir='ltr'><strong>quoque</strong></span> <span class='ocrx_word' id='word_1_550' title='bbox 2528 2349 2728 2404; x_wconf 86' lang='lat' dir='ltr'><strong>parens</strong></span> <span class='ocrx_word' id='word_1_551' title='bbox 2781 2331 2948 2386; x_wconf 85' lang='lat' dir='ltr'><strong>David</strong></span> <span class='ocrx_word' id='word_1_552' title='bbox 3002 2329 3172 2385; x_wconf 87' lang='lat' dir='ltr'><strong>Deum</strong></span> <span class='ocrx_word' id='word_1_553' title='bbox 3207 2331 3287 2386; x_wconf 95' lang='lat' dir='ltr'><strong>sic</strong></span> <span class='ocrx_word' id='word_1_554' title='bbox 3321 2331 3464 2383; x_wconf 87' lang='lat' dir='ltr'><strong>allo-</strong></span> 
     </span>
    </p>
   </div>
   <div class='ocr_carea' id='block_1_77' title="bbox 1888 2421 3462 2500">
    <p class='ocr_par' dir='ltr' id='par_1_77' title="bbox 1888 2421 3462 2500">
     <span class='ocr_line' id='line_1_77' title="bbox 1888 2421 3462 2500; baseline -0.005 -18"><span class='ocrx_word' id='word_1_555' title='bbox 1888 2430 2075 2500; x_wconf 86' lang='lat' dir='ltr'><strong>quitur</strong></span> <span class='ocrx_word' id='word_1_556' title='bbox 2105 2447 2120 2483; x_wconf 86' lang='lat'><strong>:</strong></span> <span class='ocrx_word' id='word_1_557' title='bbox 2164 2429 2385 2498; x_wconf 80' lang='lat' dir='ltr'><strong>Auferes</strong></span> <span class='ocrx_word' id='word_1_558' title='bbox 2415 2429 2662 2497; x_wconf 86' lang='lat' dir='ltr'><strong>spiritum</strong></span> <span class='ocrx_word' id='word_1_559' title='bbox 2708 2441 2914 2489; x_wconf 89' lang='lat' dir='ltr'><strong>eorum,</strong></span> <span class='ocrx_word' id='word_1_560' title='bbox 2943 2433 2991 2478; x_wconf 91' lang='lat' dir='ltr'><strong>et</strong></span> <span class='ocrx_word' id='word_1_561' title='bbox 3022 2423 3296 2492; x_wconf 79' lang='lat' dir='ltr'><strong>deﬁcient,</strong></span> <span class='ocrx_word' id='word_1_562' title='bbox 3329 2433 3378 2475; x_wconf 88' lang='lat' dir='ltr'><strong>et</strong></span> <span class='ocrx_word' id='word_1_563' title='bbox 3410 2421 3462 2474; x_wconf 91' lang='lat' dir='ltr'><strong>in</strong></span> 
     </span>
    </p>
   </div>
   <div class='ocr_carea' id='block_1_78' title="bbox 1888 2512 3463 2590">
    <p class='ocr_par' dir='ltr' id='par_1_78' title="bbox 1888 2512 3463 2590">
     <span class='ocr_line' id='line_1_78' title="bbox 1888 2512 3463 2590; baseline -0.006 -15"><span class='ocrx_word' id='word_1_564' title='bbox 1888 2524 2154 2590; x_wconf 82' lang='lat' dir='ltr'><strong>pulverem</strong></span> <span class='ocrx_word' id='word_1_565' title='bbox 2192 2538 2344 2574; x_wconf 91' lang='lat' dir='ltr'><strong>suam</strong></span> <span class='ocrx_word' id='word_1_566' title='bbox 2377 2526 2694 2574; x_wconf 73' lang='lat' dir='ltr'><strong>revertentur</strong></span> <span class='ocrx_word' id='word_1_567' title='bbox 2723 2517 2767 2570; x_wconf 84' lang='grc'>⁸.</span> <span class='ocrx_word' id='word_1_568' title='bbox 2806 2517 2886 2572; x_wconf 86' lang='lat' dir='ltr'><strong>En</strong></span> <span class='ocrx_word' id='word_1_569' title='bbox 2917 2530 3026 2584; x_wconf 87' lang='lat' dir='ltr'><strong>quo</strong></span> <span class='ocrx_word' id='word_1_570' title='bbox 3057 2524 3218 2584; x_wconf 85' lang='lat' dir='ltr'><strong>pacto</strong></span> <span class='ocrx_word' id='word_1_571' title='bbox 3247 2512 3316 2566; x_wconf 87' lang='lat' dir='ltr'><strong>de</strong></span> <span class='ocrx_word' id='word_1_572' title='bbox 3337 2525 3463 2590; x_wconf 77' lang='lat' dir='ltr'><strong>cor-</strong></span> 
     </span>
    </p>
   </div>
   <div class='ocr_carea' id='block_1_79' title="bbox 1893 2584 3467 2684">
    <p class='ocr_par' dir='ltr' id='par_1_79' title="bbox 1893 2584 3467 2684">
     <span class='ocr_line' id='line_1_79' title="bbox 1893 2584 3467 2684; baseline -0.008 -17"><span class='ocrx_word' id='word_1_573' title='bbox 1893 2584 2116 2684; x_wconf 84' lang='lat' dir='ltr'><strong>poribus</strong></span> <span class='ocrx_word' id='word_1_574' title='bbox 2147 2612 2198 2668; x_wconf 92' lang='lat' dir='ltr'><strong>ei</strong></span> <span class='ocrx_word' id='word_1_575' title='bbox 2247 2626 2431 2668; x_wconf 89' lang='lat' dir='ltr'><strong>sermo</strong></span> <span class='ocrx_word' id='word_1_576' title='bbox 2475 2618 2582 2666; x_wconf 88' lang='lat' dir='ltr'><strong>est.</strong></span> <span class='ocrx_word' id='word_1_577' title='bbox 2635 2607 2842 2664; x_wconf 86' lang='lat' dir='ltr'><strong>Deinde</strong></span> <span class='ocrx_word' id='word_1_578' title='bbox 2873 2605 3158 2675; x_wconf 84' lang='lat' dir='ltr'><strong>subjungit</strong></span> <span class='ocrx_word' id='word_1_579' title='bbox 3195 2621 3209 2658; x_wconf 75' lang='grc' dir='ltr'><strong>ε</strong></span> <span class='ocrx_word' id='word_1_580' title='bbox 3244 2584 3467 2657; x_wconf 70' lang='grc' dir='ltr'><em>Εηιὶιίεε</em></span> 
     </span>
    </p>
   </div>
   <div class='ocr_carea' id='block_1_80' title="bbox 1854 2695 3468 2774">
    <p class='ocr_par' dir='ltr' id='par_1_80' title="bbox 1854 2695 3468 2774">
     <span class='ocr_line' id='line_1_80' title="bbox 1854 2695 3468 2774; baseline -0.008 -14"><span class='ocrx_word' id='word_1_581' title='bbox 1854 2708 1857 2710; x_wconf 81' lang='grc'><em>’</em></span> <span class='ocrx_word' id='word_1_582' title='bbox 1893 2704 2152 2774; x_wconf 82' lang='lat' dir='ltr'><strong>Spiritum</strong></span> <span class='ocrx_word' id='word_1_583' title='bbox 2193 2716 2364 2768; x_wconf 89' lang='lat' dir='ltr'><strong>tuum,</strong></span> <span class='ocrx_word' id='word_1_584' title='bbox 2402 2712 2452 2758; x_wconf 93' lang='lat' dir='ltr'><strong>et</strong></span> <span class='ocrx_word' id='word_1_585' title='bbox 2483 2703 2806 2757; x_wconf 68' lang='lat' dir='ltr'><strong>creabantur</strong></span> <span class='ocrx_word' id='word_1_586' title='bbox 2827 2741 2843 2767; x_wconf 92' lang='lat'><strong>,</strong></span> <span class='ocrx_word' id='word_1_587' title='bbox 2875 2708 2924 2752; x_wconf 91' lang='lat' dir='ltr'><strong>et</strong></span> <span class='ocrx_word' id='word_1_588' title='bbox 2970 2695 3246 2752; x_wconf 79' lang='lat' dir='ltr'><strong>renovabis</strong></span> <span class='ocrx_word' id='word_1_589' title='bbox 3275 2695 3468 2764; x_wconf 78' lang='lat' dir='ltr'><strong>faciem</strong></span> 
     </span>
    </p>
   </div>
   <div class='ocr_carea' id='block_1_81' title="bbox 1895 2801 2126 2854">
    <p class='ocr_par' dir='ltr' id='par_1_81' title="bbox 1895 2801 2126 2854">
     <span class='ocr_line' id='line_1_81' title="bbox 1895 2801 2126 2854; baseline -0.009 -2"><span class='ocrx_word' id='word_1_590' title='bbox 1895 2808 2050 2854; x_wconf 75' lang='lat' dir='ltr'><strong>terrce</strong></span> <span class='ocrx_word' id='word_1_591' title='bbox 2081 2801 2126 2850; x_wconf 83' lang='lat'><strong>’.</strong></span> 
     </span>
    </p>
   </div>
   <div class='ocr_carea' id='block_1_82' title="bbox 1964 2869 3469 2958">
    <p class='ocr_par' dir='ltr' id='par_1_82' title="bbox 1964 2869 3469 2958">
     <span class='ocr_line' id='line_1_82' title="bbox 1964 2869 3469 2958; baseline -0.005 -16"><span class='ocrx_word' id='word_1_592' title='bbox 1964 2889 2133 2944; x_wconf 86' lang='lat' dir='ltr'><strong>Isaias</strong></span> <span class='ocrx_word' id='word_1_593' title='bbox 2165 2869 2291 2944; x_wconf 68' lang='lat' dir='ltr'><strong>item</strong></span> <span class='ocrx_word' id='word_1_594' title='bbox 2323 2907 2336 2942; x_wconf 91' lang='lat'>:</span> <span class='ocrx_word' id='word_1_595' title='bbox 2373 2887 2663 2958; x_wconf 73' lang='lat' dir='ltr'><strong>Ilesurgent</strong></span> <span class='ocrx_word' id='word_1_596' title='bbox 2707 2889 2905 2942; x_wconf 85' lang='lat' dir='ltr'><strong>mortui</strong></span> <span class='ocrx_word' id='word_1_597' title='bbox 2958 2893 3005 2937; x_wconf 92' lang='lat' dir='ltr'><strong>et</strong></span> <span class='ocrx_word' id='word_1_598' title='bbox 3039 2883 3469 2954; x_wconf 75' lang='lat' dir='ltr'><strong>expergiscentur</strong></span> 
     </span>
    </p>
   </div>
   <div class='ocr_carea' id='block_1_83' title="bbox 1894 2975 3472 3052">
    <p class='ocr_par' dir='ltr' id='par_1_83' title="bbox 1894 2975 3472 3052">
     <span class='ocr_line' id='line_1_83' title="bbox 1894 2975 3472 3052; baseline -0.004 -18"><span class='ocrx_word' id='word_1_599' title='bbox 1894 2982 1983 3052; x_wconf 85' lang='lat' dir='ltr'><strong>qui</strong></span> <span class='ocrx_word' id='word_1_600' title='bbox 2015 2982 2068 3036; x_wconf 93' lang='lat' dir='ltr'><strong>in</strong></span> <span class='ocrx_word' id='word_1_601' title='bbox 2103 2981 2458 3035; x_wconf 87' lang='lat' dir='ltr'><strong>monumentis</strong></span> <span class='ocrx_word' id='word_1_602' title='bbox 2484 2988 2607 3034; x_wconf 89' lang='lat' dir='ltr'><strong>sunt</strong></span> <span class='ocrx_word' id='word_1_603' title='bbox 2639 2979 2704 3033; x_wconf 86' lang='grc'><strong>¹⁰.</strong></span> <span class='ocrx_word' id='word_1_604' title='bbox 2731 2977 2895 3046; x_wconf 81' lang='lat' dir='ltr'><strong>Atqui</strong></span> <span class='ocrx_word' id='word_1_605' title='bbox 2924 2985 3142 3052; x_wconf 67' lang='lat' dir='ltr'><strong>constat</strong></span> <span class='ocrx_word' id='word_1_606' title='bbox 3191 2990 3299 3029; x_wconf 89' lang='lat' dir='ltr'><strong>uou</strong></span> <span class='ocrx_word' id='word_1_607' title='bbox 3353 2975 3472 3028; x_wconf 83' lang='lat' dir='ltr'><strong>ani-</strong></span> 
     </span>
    </p>
   </div>
   <div class='ocr_carea' id='block_1_84' title="bbox 1901 3067 3232 3143">
    <p class='ocr_par' dir='ltr' id='par_1_84' title="bbox 1901 3067 3232 3143">
     <span class='ocr_line' id='line_1_84' title="bbox 1901 3067 3232 3143; baseline -0.006 -16"><span class='ocrx_word' id='word_1_608' title='bbox 1901 3088 2039 3139; x_wconf 86' lang='lat' dir='ltr'><strong>mas,</strong></span> <span class='ocrx_word' id='word_1_609' title='bbox 2077 3071 2174 3130; x_wconf 88' lang='lat' dir='ltr'><strong>sed</strong></span> <span class='ocrx_word' id='word_1_610' title='bbox 2202 3085 2434 3143; x_wconf 86' lang='lat' dir='ltr'><strong>corpora</strong></span> <span class='ocrx_word' id='word_1_611' title='bbox 2460 3071 2515 3126; x_wconf 90' lang='lat' dir='ltr'><strong>in</strong></span> <span class='ocrx_word' id='word_1_612' title='bbox 2543 3068 2919 3126; x_wconf 88' lang='lat' dir='ltr'><strong>monumentis</strong></span> <span class='ocrx_word' id='word_1_613' title='bbox 2951 3067 3232 3124; x_wconf 78' lang='lat' dir='ltr'><strong>collocari.</strong></span> 
     </span>
    </p>
   </div>
   <div class='ocr_carea' id='block_1_85' title="bbox 1974 3238 3474 3320">
    <p class='ocr_par' dir='ltr' id='par_1_85' title="bbox 1974 3238 3474 3320">
     <span class='ocr_line' id='line_1_85' title="bbox 1974 3238 3474 3320; baseline -0.009 -11"><span class='ocrx_word' id='word_1_614' title='bbox 1974 3257 2014 3290; x_wconf 85' lang='lat'>&quot;</span> <span class='ocrx_word' id='word_1_615' title='bbox 2043 3256 2243 3308; x_wconf 79' lang='lat' dir='ltr'><strong>Beatus</strong></span> <span class='ocrx_word' id='word_1_616' title='bbox 2270 3264 2488 3320; x_wconf 89' lang='lat' dir='ltr'><strong>quoque</strong></span> <span class='ocrx_word' id='word_1_617' title='bbox 2516 3246 2772 3309; x_wconf 85' lang='lat' dir='ltr'><strong>Ezechiel</strong></span> <span class='ocrx_word' id='word_1_618' title='bbox 2795 3265 2810 3302; x_wconf 88' lang='lat'><strong>:</strong></span> <span class='ocrx_word' id='word_1_619' title='bbox 2838 3244 2906 3299; x_wconf 87' lang='lat' dir='ltr'><strong>Et</strong></span> <span class='ocrx_word' id='word_1_620' title='bbox 2939 3245 3138 3312; x_wconf 82' lang='lat' dir='ltr'><strong>factum</strong></span> <span class='ocrx_word' id='word_1_621' title='bbox 3164 3253 3264 3307; x_wconf 88' lang='lat' dir='ltr'><strong>est,</strong></span> <span class='ocrx_word' id='word_1_622' title='bbox 3286 3238 3474 3311; x_wconf 78' lang='lat' dir='ltr'><strong>inquit,</strong></span> 
     </span>
    </p>
   </div>
   <div class='ocr_carea' id='block_1_86' title="bbox 1906 3340 3474 3410">
    <p class='ocr_par' dir='ltr' id='par_1_86' title="bbox 1906 3340 3474 3410">
     <span class='ocr_line' id='line_1_86' title="bbox 1906 3340 3474 3410; baseline -0.006 -15"><span class='ocrx_word' id='word_1_623' title='bbox 1906 3359 2027 3395; x_wconf 88' lang='lat' dir='ltr'><strong>cum</strong></span> <span class='ocrx_word' id='word_1_624' title='bbox 2057 3357 2150 3410; x_wconf 89' lang='lat' dir='ltr'><strong>ego</strong></span> <span class='ocrx_word' id='word_1_625' title='bbox 2185 3340 2575 3408; x_wconf 87' lang='lat' dir='ltr'><strong>prophetarem,</strong></span> <span class='ocrx_word' id='word_1_626' title='bbox 2616 3347 2665 3392; x_wconf 90' lang='lat' dir='ltr'><strong>et</strong></span> <span class='ocrx_word' id='word_1_627' title='bbox 2687 3354 2805 3392; x_wconf 86' lang='lat' dir='ltr'><strong>ecce</strong></span> <span class='ocrx_word' id='word_1_628' title='bbox 2838 3345 2995 3390; x_wconf 74' lang='lat' dir='ltr'><strong>terra:</strong></span> <span class='ocrx_word' id='word_1_629' title='bbox 3022 3347 3226 3396; x_wconf 87' lang='lat' dir='ltr'><strong>motus;</strong></span> <span class='ocrx_word' id='word_1_630' title='bbox 3253 3342 3302 3387; x_wconf 88' lang='lat' dir='ltr'><strong>et</strong></span> <span class='ocrx_word' id='word_1_631' title='bbox 3333 3349 3474 3386; x_wconf 89' lang='lat' dir='ltr'><strong>acce-</strong></span> 
     </span>
    </p>
   </div>
   <div class='ocr_carea' id='block_1_87' title="bbox 1903 3425 3478 3499">
    <p class='ocr_par' dir='ltr' id='par_1_87' title="bbox 1903 3425 3478 3499">
     <span class='ocr_line' id='line_1_87' title="bbox 1903 3425 3478 3499; baseline -0.007 -13"><span class='ocrx_word' id='word_1_632' title='bbox 1903 3434 2095 3488; x_wconf 86' lang='lat' dir='ltr'><strong>debant</strong></span> <span class='ocrx_word' id='word_1_633' title='bbox 2130 3448 2252 3486; x_wconf 84' lang='lat' dir='ltr'><strong>ossa</strong></span> <span class='ocrx_word' id='word_1_634' title='bbox 2283 3448 2339 3485; x_wconf 92' lang='lat' dir='ltr'><strong>os</strong></span> <span class='ocrx_word' id='word_1_635' title='bbox 2367 3431 2435 3484; x_wconf 91' lang='lat' dir='ltr'><strong>ad</strong></span> <span class='ocrx_word' id='word_1_636' title='bbox 2467 3446 2558 3492; x_wconf 88' lang='lat' dir='ltr'><strong>os,</strong></span> <span class='ocrx_word' id='word_1_637' title='bbox 2611 3429 3018 3499; x_wconf 80' lang='lat' dir='ltr'><strong>unumquodque</strong></span> <span class='ocrx_word' id='word_1_638' title='bbox 3059 3431 3128 3480; x_wconf 88' lang='lat' dir='ltr'><strong>ad</strong></span> <span class='ocrx_word' id='word_1_639' title='bbox 3171 3425 3478 3494; x_wconf 85' lang='lat' dir='ltr'><strong>juncturam</strong></span> 
     </span>
    </p>
   </div>
   <div class='ocr_carea' id='block_1_88' title="bbox 1905 3514 3478 3578">
    <p class='ocr_par' dir='ltr' id='par_1_88' title="bbox 1905 3514 3478 3578">
     <span class='ocr_line' id='line_1_88' title="bbox 1905 3514 3478 3578; baseline -0.007 0"><span class='ocrx_word' id='word_1_640' title='bbox 1905 3541 2080 3578; x_wconf 91' lang='lat' dir='ltr'><strong>suam.</strong></span> <span class='ocrx_word' id='word_1_641' title='bbox 2113 3525 2180 3578; x_wconf 88' lang='lat' dir='ltr'><strong>Et</strong></span> <span class='ocrx_word' id='word_1_642' title='bbox 2212 3523 2320 3577; x_wconf 80' lang='lat' dir='ltr'><strong>vidi</strong></span> <span class='ocrx_word' id='word_1_643' title='bbox 2347 3538 2366 3577; x_wconf 90' lang='lat'><strong><em>:</em></strong></span> <span class='ocrx_word' id='word_1_644' title='bbox 2401 3532 2450 3576; x_wconf 90' lang='lat' dir='ltr'><strong>et</strong></span> <span class='ocrx_word' id='word_1_645' title='bbox 2480 3537 2596 3576; x_wconf 89' lang='lat' dir='ltr'><strong>ecce</strong></span> <span class='ocrx_word' id='word_1_646' title='bbox 2619 3537 2804 3574; x_wconf 88' lang='lat' dir='ltr'><strong>rursus</strong></span> <span class='ocrx_word' id='word_1_647' title='bbox 2841 3519 3016 3572; x_wconf 83' lang='lat' dir='ltr'><strong>oborti</strong></span> <span class='ocrx_word' id='word_1_648' title='bbox 3049 3528 3173 3570; x_wconf 90' lang='lat' dir='ltr'><strong>sunt</strong></span> <span class='ocrx_word' id='word_1_649' title='bbox 3198 3517 3273 3569; x_wconf 91' lang='lat' dir='ltr'><strong>eis</strong></span> <span class='ocrx_word' id='word_1_650' title='bbox 3305 3514 3478 3576; x_wconf 80' lang='lat' dir='ltr'><strong>nervi,</strong></span> 
     </span>
    </p>
   </div>
   <div class='ocr_carea' id='block_1_89' title="bbox 1905 3602 3480 3673">
    <p class='ocr_par' dir='ltr' id='par_1_89' title="bbox 1905 3602 3480 3673">
     <span class='ocr_line' id='line_1_89' title="bbox 1905 3602 3480 3673; baseline -0.009 -5"><span class='ocrx_word' id='word_1_651' title='bbox 1905 3625 1954 3668; x_wconf 90' lang='lat' dir='ltr'><strong>et</strong></span> <span class='ocrx_word' id='word_1_652' title='bbox 1997 3629 2184 3668; x_wconf 84' lang='lat' dir='ltr'><strong>carnes</strong></span> <span class='ocrx_word' id='word_1_653' title='bbox 2233 3609 2647 3673; x_wconf 88' lang='lat' dir='ltr'><strong>enascebantur,</strong></span> <span class='ocrx_word' id='word_1_654' title='bbox 2702 3618 2751 3662; x_wconf 90' lang='lat' dir='ltr'><strong>et</strong></span> <span class='ocrx_word' id='word_1_655' title='bbox 2800 3605 3152 3659; x_wconf 87' lang='lat' dir='ltr'><strong>ascendebant</strong></span> <span class='ocrx_word' id='word_1_656' title='bbox 3194 3602 3263 3656; x_wconf 78' lang='lat' dir='ltr'><strong>ad</strong></span> <span class='ocrx_word' id='word_1_657' title='bbox 3289 3619 3397 3664; x_wconf 82' lang='lat' dir='ltr'><strong>eos,</strong></span> <span class='ocrx_word' id='word_1_658' title='bbox 3431 3611 3480 3656; x_wconf 88' lang='lat' dir='ltr'><strong>et</strong></span> 
     </span>
    </p>
   </div>
   <div class='ocr_carea' id='block_1_90' title="bbox 1907 3692 3482 3770">
    <p class='ocr_par' dir='ltr' id='par_1_90' title="bbox 1907 3692 3482 3770">
     <span class='ocr_line' id='line_1_90' title="bbox 1907 3692 3482 3770; baseline -0.01 -13"><span class='ocrx_word' id='word_1_659' title='bbox 1907 3702 2248 3770; x_wconf 73' lang='lat' dir='ltr'><strong>circumfusa:</strong></span> <span class='ocrx_word' id='word_1_660' title='bbox 2300 3709 2423 3755; x_wconf 85' lang='lat' dir='ltr'><strong>sunt</strong></span> <span class='ocrx_word' id='word_1_661' title='bbox 2476 3699 2552 3754; x_wconf 85' lang='lat' dir='ltr'><strong>eis</strong></span> <span class='ocrx_word' id='word_1_662' title='bbox 2599 3697 2760 3768; x_wconf 86' lang='lat' dir='ltr'><strong>pelles</strong></span> <span class='ocrx_word' id='word_1_663' title='bbox 2812 3695 3038 3762; x_wconf 83' lang='lat' dir='ltr'><strong>desuper</strong></span> <span class='ocrx_word' id='word_1_664' title='bbox 3070 3692 3131 3744; x_wconf 84' lang='lat'><strong>&quot;.</strong></span> <span class='ocrx_word' id='word_1_665' title='bbox 3169 3693 3243 3744; x_wconf 86' lang='lat' dir='ltr'><strong>Ac</strong></span> <span class='ocrx_word' id='word_1_666' title='bbox 3297 3699 3482 3760; x_wconf 83' lang='lat' dir='ltr'><strong>postea</strong></span> 
     </span>
    </p>
   </div>
   <div class='ocr_carea' id='block_1_91' title="bbox 1908 3780 3482 3863">
    <p class='ocr_par' dir='ltr' id='par_1_91' title="bbox 1908 3780 3482 3863">
     <span class='ocr_line' id='line_1_91' title="bbox 1908 3780 3482 3863; baseline -0.009 -13"><span class='ocrx_word' id='word_1_667' title='bbox 1908 3795 2092 3857; x_wconf 89' lang='lat' dir='ltr'><strong>docet,</strong></span> <span class='ocrx_word' id='word_1_668' title='bbox 2130 3790 2596 3863; x_wconf 85' lang='lat' dir='ltr'><strong>quemadmodum</strong></span> <span class='ocrx_word' id='word_1_669' title='bbox 2652 3788 2900 3858; x_wconf 78' lang='lat' dir='ltr'><strong>spiritus,</strong></span> <span class='ocrx_word' id='word_1_670' title='bbox 2957 3785 3108 3855; x_wconf 79' lang='lat' dir='ltr'><strong>juxta</strong></span> <span class='ocrx_word' id='word_1_671' title='bbox 3161 3791 3324 3852; x_wconf 78' lang='lat' dir='ltr'><strong>atque</strong></span> <span class='ocrx_word' id='word_1_672' title='bbox 3375 3780 3482 3836; x_wconf 80' lang='lat' dir='ltr'><strong>illis</strong></span> 
     </span>
    </p>
   </div>
   <div class='ocr_carea' id='block_1_92' title="bbox 1910 3882 2744 3956">
    <p class='ocr_par' dir='ltr' id='par_1_92' title="bbox 1910 3882 2744 3956">
     <span class='ocr_line' id='line_1_92' title="bbox 1910 3882 2744 3956; baseline -0.007 -14"><span class='ocrx_word' id='word_1_673' title='bbox 1910 3887 2234 3956; x_wconf 84' lang='lat' dir='ltr'><strong>imperatum</strong></span> <span class='ocrx_word' id='word_1_674' title='bbox 2265 3892 2404 3948; x_wconf 90' lang='lat' dir='ltr'><strong>erat,</strong></span> <span class='ocrx_word' id='word_1_675' title='bbox 2438 3882 2744 3937; x_wconf 87' lang='lat' dir='ltr'><strong>redierunt.</strong></span> 
     </span>
    </p>
   </div>
   <div class='ocr_carea' id='block_1_93' title="bbox 1983 3965 3484 4034">
    <p class='ocr_par' dir='ltr' id='par_1_93' title="bbox 1983 3965 3484 4034">
     <span class='ocr_line' id='line_1_93' title="bbox 1983 3965 3484 4034; baseline -0.011 -1"><span class='ocrx_word' id='word_1_676' title='bbox 1983 3979 2251 4033; x_wconf 62' lang='lat' dir='ltr'><strong>Praeterea</strong></span> <span class='ocrx_word' id='word_1_677' title='bbox 2280 3976 2501 4030; x_wconf 83' lang='lat' dir='ltr'><strong>divinus</strong></span> <span class='ocrx_word' id='word_1_678' title='bbox 2532 3973 2719 4028; x_wconf 88' lang='lat' dir='ltr'><strong>Daniel</strong></span> <span class='ocrx_word' id='word_1_679' title='bbox 2748 3971 2824 4025; x_wconf 84' lang='lat' dir='ltr'><strong>ait</strong></span> <span class='ocrx_word' id='word_1_680' title='bbox 2857 3989 2870 4025; x_wconf 88' lang='lat'><strong>:</strong></span> <span class='ocrx_word' id='word_1_681' title='bbox 2910 3969 2976 4023; x_wconf 88' lang='lat' dir='ltr'><strong>Et</strong></span> <span class='ocrx_word' id='word_1_682' title='bbox 3010 3970 3063 4022; x_wconf 87' lang='lat' dir='ltr'><strong>in</strong></span> <span class='ocrx_word' id='word_1_683' title='bbox 3112 3977 3340 4034; x_wconf 86' lang='lat' dir='ltr'><strong>tempore</strong></span> <span class='ocrx_word' id='word_1_684' title='bbox 3391 3965 3484 4019; x_wconf 82' lang='lat' dir='ltr'><strong>illo</strong></span> 
     </span>
    </p>
   </div>
   <div class='ocr_carea' id='block_1_94' title="bbox 1911 4056 3485 4138">
    <p class='ocr_par' dir='ltr' id='par_1_94' title="bbox 1911 4056 3485 4138">
     <span class='ocr_line' id='line_1_94' title="bbox 1911 4056 3485 4138; baseline -0.01 -13"><span class='ocrx_word' id='word_1_685' title='bbox 1911 4079 2190 4138; x_wconf 86' lang='lat' dir='ltr'><strong>consurget</strong></span> <span class='ocrx_word' id='word_1_686' title='bbox 2225 4067 2456 4122; x_wconf 81' lang='lat' dir='ltr'><strong>Michael</strong></span> <span class='ocrx_word' id='word_1_687' title='bbox 2486 4066 2726 4134; x_wconf 84' lang='lat' dir='ltr'><strong>princeps</strong></span> <span class='ocrx_word' id='word_1_688' title='bbox 2769 4077 3010 4132; x_wconf 88' lang='lat' dir='ltr'><strong>magnus,</strong></span> <span class='ocrx_word' id='word_1_689' title='bbox 3042 4059 3132 4128; x_wconf 89' lang='lat' dir='ltr'><strong>qui</strong></span> <span class='ocrx_word' id='word_1_690' title='bbox 3162 4068 3268 4113; x_wconf 88' lang='lat' dir='ltr'><strong>stat</strong></span> <span class='ocrx_word' id='word_1_691' title='bbox 3298 4073 3392 4120; x_wconf 86' lang='lat' dir='ltr'><strong>pro</strong></span> <span class='ocrx_word' id='word_1_692' title='bbox 3421 4056 3485 4124; x_wconf 79' lang='lat' dir='ltr'><strong>ﬁ-</strong></span> 
     </span>
    </p>
   </div>
   <div class='ocr_carea' id='block_1_95' title="bbox 1914 4149 3485 4234">
    <p class='ocr_par' dir='ltr' id='par_1_95' title="bbox 1914 4149 3485 4234">
     <span class='ocr_line' id='line_1_95' title="bbox 1914 4149 3485 4234; baseline -0.011 -16"><span class='ocrx_word' id='word_1_693' title='bbox 1914 4166 2000 4220; x_wconf 85' lang='lat' dir='ltr'><strong>liis</strong></span> <span class='ocrx_word' id='word_1_694' title='bbox 2032 4163 2213 4234; x_wconf 86' lang='lat' dir='ltr'><strong>populi</strong></span> <span class='ocrx_word' id='word_1_695' title='bbox 2244 4163 2321 4215; x_wconf 88' lang='lat' dir='ltr'><strong>tui</strong></span> <span class='ocrx_word' id='word_1_696' title='bbox 2356 4177 2374 4215; x_wconf 91' lang='lat'><strong><em>:</em></strong></span> <span class='ocrx_word' id='word_1_697' title='bbox 2417 4171 2465 4214; x_wconf 90' lang='lat' dir='ltr'><strong>et</strong></span> <span class='ocrx_word' id='word_1_698' title='bbox 2509 4161 2611 4214; x_wconf 92' lang='lat' dir='ltr'><strong>erit</strong></span> <span class='ocrx_word' id='word_1_699' title='bbox 2658 4169 2859 4225; x_wconf 87' lang='lat' dir='ltr'><strong>tempus</strong></span> <span class='ocrx_word' id='word_1_700' title='bbox 2898 4151 3282 4213; x_wconf 85' lang='lat' dir='ltr'><strong>tribulationis,</strong></span> <span class='ocrx_word' id='word_1_701' title='bbox 3322 4149 3485 4202; x_wconf 88' lang='lat' dir='ltr'><strong>tribu-</strong></span> 
     </span>
    </p>
   </div>
   <div class='ocr_carea' id='block_1_96' title="bbox 1915 4240 3487 4324">
    <p class='ocr_par' dir='ltr' id='par_1_96' title="bbox 1915 4240 3487 4324">
     <span class='ocr_line' id='line_1_96' title="bbox 1915 4240 3487 4324; baseline -0.011 -16"><span class='ocrx_word' id='word_1_702' title='bbox 1915 4240 2066 4317; x_wconf 87' lang='lat' dir='ltr'><strong>latio,</strong></span> <span class='ocrx_word' id='word_1_703' title='bbox 2094 4253 2268 4324; x_wconf 88' lang='lat' dir='ltr'><strong>qualis</strong></span> <span class='ocrx_word' id='word_1_704' title='bbox 2291 4268 2393 4304; x_wconf 92' lang='lat' dir='ltr'><strong>non</strong></span> <span class='ocrx_word' id='word_1_705' title='bbox 2431 4251 2557 4320; x_wconf 79' lang='lat' dir='ltr'><strong>fuit,</strong></span> <span class='ocrx_word' id='word_1_706' title='bbox 2589 4265 2655 4303; x_wconf 77' lang='lat' dir='ltr'><strong>ex</strong></span> <span class='ocrx_word' id='word_1_707' title='bbox 2693 4263 2795 4317; x_wconf 87' lang='lat' dir='ltr'><strong>quo</strong></span> <span class='ocrx_word' id='word_1_708' title='bbox 2829 4247 2976 4314; x_wconf 71' lang='lat' dir='ltr'><strong>facta</strong></span> <span class='ocrx_word' id='word_1_709' title='bbox 3000 4251 3078 4296; x_wconf 88' lang='lat' dir='ltr'><strong>est</strong></span> <span class='ocrx_word' id='word_1_710' title='bbox 3099 4257 3219 4312; x_wconf 87' lang='lat' dir='ltr'><strong>gens</strong></span> <span class='ocrx_word' id='word_1_711' title='bbox 3247 4241 3299 4293; x_wconf 88' lang='lat' dir='ltr'><strong>in</strong></span> <span class='ocrx_word' id='word_1_712' title='bbox 3324 4249 3487 4297; x_wconf 84' lang='lat' dir='ltr'><strong>terra.</strong></span> 
     </span>
    </p>
   </div>
   <div class='ocr_carea' id='block_1_97' title="bbox 1916 4332 3494 4418">
    <p class='ocr_par' dir='ltr' id='par_1_97' title="bbox 1916 4332 3494 4418">
     <span class='ocr_line' id='line_1_97' title="bbox 1916 4332 3494 4418; baseline -0.014 -16"><span class='ocrx_word' id='word_1_713' title='bbox 1916 4364 2078 4418; x_wconf 86' lang='lat' dir='ltr'><strong>usque</strong></span> <span class='ocrx_word' id='word_1_714' title='bbox 2109 4345 2177 4400; x_wconf 89' lang='lat' dir='ltr'><strong>ad</strong></span> <span class='ocrx_word' id='word_1_715' title='bbox 2217 4356 2418 4414; x_wconf 86' lang='lat' dir='ltr'><strong>tempus</strong></span> <span class='ocrx_word' id='word_1_716' title='bbox 2444 4343 2600 4397; x_wconf 84' lang='lat' dir='ltr'><strong>illud.</strong></span> <span class='ocrx_word' id='word_1_717' title='bbox 2639 4340 2704 4394; x_wconf 87' lang='lat' dir='ltr'><strong>Et</strong></span> <span class='ocrx_word' id='word_1_718' title='bbox 2735 4341 2787 4393; x_wconf 86' lang='lat' dir='ltr'><strong>in</strong></span> <span class='ocrx_word' id='word_1_719' title='bbox 2818 4348 3048 4405; x_wconf 90' lang='lat' dir='ltr'><strong>tempore</strong></span> <span class='ocrx_word' id='word_1_720' title='bbox 3071 4335 3164 4388; x_wconf 89' lang='lat' dir='ltr'><strong>illo</strong></span> <span class='ocrx_word' id='word_1_721' title='bbox 3195 4332 3494 4410; x_wconf 47' lang='lat' dir='ltr'><strong>salvabitu‘r</strong></span> 
     </span>
    </p>
   </div>
   <div class='ocr_carea' id='block_1_98' title="bbox 1844 4424 3487 4522">
    <p class='ocr_par' dir='ltr' id='par_1_98' title="bbox 1844 4424 3487 4522">
     <span class='ocr_line' id='line_1_98' title="bbox 1844 4424 3487 4522; baseline -0.012 -30"><span class='ocrx_word' id='word_1_722' title='bbox 1844 4464 1892 4522; x_wconf 73' lang='grc' dir='ltr'>ο</span> <span class='ocrx_word' id='word_1_723' title='bbox 1916 4438 2142 4507; x_wconf 88' lang='lat' dir='ltr'><strong>populus</strong></span> <span class='ocrx_word' id='word_1_724' title='bbox 2171 4447 2315 4498; x_wconf 89' lang='lat' dir='ltr'><strong>tuus,</strong></span> <span class='ocrx_word' id='word_1_725' title='bbox 2349 4435 2439 4506; x_wconf 88' lang='lat' dir='ltr'><strong>qui</strong></span> <span class='ocrx_word' id='word_1_726' title='bbox 2483 4435 2722 4488; x_wconf 71' lang='lat' dir='ltr'><strong>inventus</strong></span> <span class='ocrx_word' id='word_1_727' title='bbox 2768 4431 2928 4500; x_wconf 83' lang='lat' dir='ltr'><strong>fuerit</strong></span> <span class='ocrx_word' id='word_1_728' title='bbox 2971 4428 3201 4496; x_wconf 88' lang='lat' dir='ltr'><strong>scriptus</strong></span> <span class='ocrx_word' id='word_1_729' title='bbox 3232 4425 3286 4478; x_wconf 85' lang='lat' dir='ltr'><strong>in</strong></span> <span class='ocrx_word' id='word_1_730' title='bbox 3332 4424 3487 4522; x_wconf 78' lang='lat' dir='ltr'><strong>libro.</strong></span> 
     </span>
    </p>
   </div>
   <div class='ocr_carea' id='block_1_99' title="bbox 1921 4513 3490 4596">
    <p class='ocr_par' dir='ltr' id='par_1_99' title="bbox 1921 4513 3490 4596">
     <span class='ocr_line' id='line_1_99' title="bbox 1921 4513 3490 4596; baseline -0.011 -13"><span class='ocrx_word' id='word_1_731' title='bbox 1921 4529 1989 4583; x_wconf 81' lang='lat' dir='ltr'><strong>Et</strong></span> <span class='ocrx_word' id='word_1_732' title='bbox 2020 4529 2176 4582; x_wconf 88' lang='lat' dir='ltr'><strong>multi</strong></span> <span class='ocrx_word' id='word_1_733' title='bbox 2215 4527 2278 4581; x_wconf 88' lang='lat' dir='ltr'><strong>de</strong></span> <span class='ocrx_word' id='word_1_734' title='bbox 2312 4527 2393 4580; x_wconf 87' lang='lat' dir='ltr'><strong>his</strong></span> <span class='ocrx_word' id='word_1_735' title='bbox 2431 4527 2520 4596; x_wconf 89' lang='lat' dir='ltr'><strong>qui</strong></span> <span class='ocrx_word' id='word_1_736' title='bbox 2553 4524 2825 4578; x_wconf 89' lang='lat' dir='ltr'><strong>dormiunt</strong></span> <span class='ocrx_word' id='word_1_737' title='bbox 2856 4523 2908 4576; x_wconf 91' lang='lat' dir='ltr'><strong>in</strong></span> <span class='ocrx_word' id='word_1_738' title='bbox 2938 4529 3090 4574; x_wconf 71' lang='lat' dir='ltr'><strong>terra:</strong></span> <span class='ocrx_word' id='word_1_739' title='bbox 3117 4516 3348 4586; x_wconf 71' lang='lat' dir='ltr'><strong>pulvere,</strong></span> <span class='ocrx_word' id='word_1_740' title='bbox 3388 4513 3490 4579; x_wconf 81' lang='lat' dir='ltr'><strong>evi-</strong></span> 
     </span>
    </p>
   </div>
   <div class='ocr_carea' id='block_1_100' title="bbox 1918 4607 3491 4690">
    <p class='ocr_par' dir='ltr' id='par_1_100' title="bbox 1918 4607 3491 4690">
     <span class='ocr_line' id='line_1_100' title="bbox 1918 4607 3491 4690; baseline -0.01 -18"><span class='ocrx_word' id='word_1_741' title='bbox 1918 4619 2181 4690; x_wconf 85' lang='lat' dir='ltr'><strong>gilabunt,</strong></span> <span class='ocrx_word' id='word_1_742' title='bbox 2236 4619 2336 4670; x_wconf 89' lang='lat' dir='ltr'><strong>alii</strong></span> <span class='ocrx_word' id='word_1_743' title='bbox 2392 4618 2446 4670; x_wconf 86' lang='lat' dir='ltr'><strong>in</strong></span> <span class='ocrx_word' id='word_1_744' title='bbox 2495 4617 2658 4671; x_wconf 76' lang='lat' dir='ltr'><strong>vitam</strong></span> <span class='ocrx_word' id='word_1_745' title='bbox 2705 4623 2981 4673; x_wconf 70' lang='lat' dir='ltr'><strong>cateruam,</strong></span> <span class='ocrx_word' id='word_1_746' title='bbox 3012 4618 3061 4664; x_wconf 88' lang='lat' dir='ltr'><strong>et</strong></span> <span class='ocrx_word' id='word_1_747' title='bbox 3087 4607 3184 4662; x_wconf 88' lang='lat' dir='ltr'><strong>alii</strong></span> <span class='ocrx_word' id='word_1_748' title='bbox 3216 4607 3269 4658; x_wconf 89' lang='lat' dir='ltr'><strong>in</strong></span> <span class='ocrx_word' id='word_1_749' title='bbox 3308 4619 3491 4671; x_wconf 85' lang='lat' dir='ltr'><strong>oppro-</strong></span> 
     </span>
    </p>
   </div>
   <div class='ocr_carea' id='block_1_101' title="bbox 1921 4693 3498 4778">
    <p class='ocr_par' dir='ltr' id='par_1_101' title="bbox 1921 4693 3498 4778">
     <span class='ocr_line' id='line_1_101' title="bbox 1921 4693 3498 4778; baseline -0.011 -15"><span class='ocrx_word' id='word_1_750' title='bbox 1921 4711 2093 4764; x_wconf 87' lang='lat' dir='ltr'><strong>brium</strong></span> <span class='ocrx_word' id='word_1_751' title='bbox 2126 4719 2175 4763; x_wconf 91' lang='lat' dir='ltr'><strong>et</strong></span> <span class='ocrx_word' id='word_1_752' title='bbox 2197 4709 2553 4778; x_wconf 75' lang='lat' dir='ltr'><strong>confusionem</strong></span> <span class='ocrx_word' id='word_1_753' title='bbox 2593 4715 2864 4761; x_wconf 75' lang='lat' dir='ltr'><strong>a&#39;ternam.</strong></span> <span class='ocrx_word' id='word_1_754' title='bbox 2898 4705 2968 4756; x_wconf 83' lang='lat' dir='ltr'><strong>Et</strong></span> <span class='ocrx_word' id='word_1_755' title='bbox 2996 4699 3342 4767; x_wconf 75' lang='lat' dir='ltr'><strong>intelligente:</strong></span> <span class='ocrx_word' id='word_1_756' title='bbox 3386 4693 3498 4761; x_wconf 80' lang='lat' dir='ltr'><strong>[ul-</strong></span> 
     </span>
    </p>
   </div>
   <div class='ocr_carea' id='block_1_102' title="bbox 1919 4786 3493 4873">
    <p class='ocr_par' dir='ltr' id='par_1_102' title="bbox 1919 4786 3493 4873">
     <span class='ocr_line' id='line_1_102' title="bbox 1919 4786 3493 4873; baseline -0.012 -17"><span class='ocrx_word' id='word_1_757' title='bbox 1919 4803 2109 4873; x_wconf 87' lang='lat' dir='ltr'><strong>gebunt</strong></span> <span class='ocrx_word' id='word_1_758' title='bbox 2131 4801 2284 4872; x_wconf 87' lang='lat' dir='ltr'><strong>quasi</strong></span> <span class='ocrx_word' id='word_1_759' title='bbox 2313 4801 2560 4867; x_wconf 87' lang='lat' dir='ltr'><strong>splendor</strong></span> <span class='ocrx_word' id='word_1_760' title='bbox 2590 4795 2934 4869; x_wconf 81' lang='lat' dir='ltr'><strong>ﬁrmamenti,</strong></span> <span class='ocrx_word' id='word_1_761' title='bbox 2969 4801 3021 4846; x_wconf 88' lang='lat' dir='ltr'><strong>et</strong></span> <span class='ocrx_word' id='word_1_762' title='bbox 3047 4805 3112 4844; x_wconf 76' lang='lat' dir='ltr'><strong>ea:</strong></span> <span class='ocrx_word' id='word_1_763' title='bbox 3131 4788 3298 4858; x_wconf 88' lang='lat' dir='ltr'><strong>justis</strong></span> <span class='ocrx_word' id='word_1_764' title='bbox 3325 4786 3493 4855; x_wconf 88' lang='lat' dir='ltr'><strong>pluri-</strong></span> 
     </span>
    </p>
   </div>
   <div class='ocr_carea' id='block_1_103' title="bbox 1921 4873 3494 4961">
    <p class='ocr_par' dir='ltr' id='par_1_103' title="bbox 1921 4873 3494 4961">
     <span class='ocr_line' id='line_1_103' title="bbox 1921 4873 3494 4961; baseline -0.013 -15"><span class='ocrx_word' id='word_1_765' title='bbox 1921 4893 2045 4954; x_wconf 89' lang='lat' dir='ltr'><strong>mis,</strong></span> <span class='ocrx_word' id='word_1_766' title='bbox 2067 4891 2220 4961; x_wconf 86' lang='lat' dir='ltr'><strong>quasi</strong></span> <span class='ocrx_word' id='word_1_767' title='bbox 2256 4891 2424 4945; x_wconf 68' lang='lat' dir='ltr'><strong>stella:</strong></span> <span class='ocrx_word' id='word_1_768' title='bbox 2455 4893 2509 4944; x_wconf 88' lang='lat' dir='ltr'><strong>in</strong></span> <span class='ocrx_word' id='word_1_769' title='bbox 2551 4888 2749 4944; x_wconf 72' lang='lat' dir='ltr'><strong>swcula</strong></span> <span class='ocrx_word' id='word_1_770' title='bbox 2773 4895 2822 4940; x_wconf 87' lang='lat' dir='ltr'><strong>et</strong></span> <span class='ocrx_word' id='word_1_771' title='bbox 2849 4884 2992 4952; x_wconf 86' lang='lat' dir='ltr'><strong>ultra</strong></span> <span class='ocrx_word' id='word_1_772' title='bbox 3017 4877 3291 4950; x_wconf 78' lang='lat' dir='ltr'><strong>fulgebunt</strong></span> <span class='ocrx_word' id='word_1_773' title='bbox 3321 4875 3385 4929; x_wconf 85' lang='grc'>¹³.</span> <span class='ocrx_word' id='word_1_774' title='bbox 3418 4873 3494 4927; x_wconf 76' lang='lat' dir='ltr'><strong>Ex</strong></span> 
     </span>
    </p>
   </div>
   <div class='ocr_carea' id='block_1_104' title="bbox 1920 4969 3495 5048">
    <p class='ocr_par' dir='ltr' id='par_1_104' title="bbox 1920 4969 3495 5048">
     <span class='ocr_line' id='line_1_104' title="bbox 1920 4969 3495 5048; baseline -0.01 -12"><span class='ocrx_word' id='word_1_775' title='bbox 1920 4984 2008 5038; x_wconf 91' lang='lat' dir='ltr'><strong>his</strong></span> <span class='ocrx_word' id='word_1_776' title='bbox 2034 4991 2212 5037; x_wconf 87' lang='lat' dir='ltr'><strong>autem</strong></span> <span class='ocrx_word' id='word_1_777' title='bbox 2240 4983 2437 5048; x_wconf 84' lang='lat' dir='ltr'><strong>verbis,</strong></span> <span class='ocrx_word' id='word_1_778' title='bbox 2470 4981 2632 5035; x_wconf 78' lang='lat' dir='ltr'><strong>Multi</strong></span> <span class='ocrx_word' id='word_1_779' title='bbox 2653 4982 2716 5035; x_wconf 87' lang='lat' dir='ltr'><strong>de</strong></span> <span class='ocrx_word' id='word_1_780' title='bbox 2747 4979 2825 5033; x_wconf 86' lang='lat' dir='ltr'><strong>his</strong></span> <span class='ocrx_word' id='word_1_781' title='bbox 2855 4976 2946 5047; x_wconf 87' lang='lat' dir='ltr'><strong>qui</strong></span> <span class='ocrx_word' id='word_1_782' title='bbox 2967 4973 3239 5027; x_wconf 89' lang='lat' dir='ltr'><strong>dormiunt</strong></span> <span class='ocrx_word' id='word_1_783' title='bbox 3261 4969 3315 5021; x_wconf 86' lang='lat' dir='ltr'><strong>in</strong></span> <span class='ocrx_word' id='word_1_784' title='bbox 3344 4977 3495 5022; x_wconf 81' lang='lat' dir='ltr'><strong>terra</strong></span> 
     </span>
    </p>
   </div>
   <div class='ocr_carea' id='block_1_105' title="bbox 1921 5069 3495 5143">
    <p class='ocr_par' dir='ltr' id='par_1_105' title="bbox 1921 5069 3495 5143">
     <span class='ocr_line' id='line_1_105' title="bbox 1921 5069 3495 5143; baseline -0.013 -16"><span class='ocrx_word' id='word_1_785' title='bbox 1921 5077 2150 5143; x_wconf 80' lang='lat' dir='ltr'><strong>pulvere,</strong></span> <span class='ocrx_word' id='word_1_786' title='bbox 2171 5073 2512 5142; x_wconf 80' lang='lat' dir='ltr'><strong>evigilabunt.</strong></span> <span class='ocrx_word' id='word_1_787' title='bbox 2549 5070 2894 5141; x_wconf 87' lang='lat' dir='ltr'><strong>perspicuum</strong></span> <span class='ocrx_word' id='word_1_788' title='bbox 2915 5071 3020 5129; x_wconf 78' lang='lat' dir='ltr'><strong>est,</strong></span> <span class='ocrx_word' id='word_1_789' title='bbox 3045 5075 3172 5118; x_wconf 93' lang='lat' dir='ltr'><strong>eum</strong></span> <span class='ocrx_word' id='word_1_790' title='bbox 3193 5069 3495 5126; x_wconf 88' lang='lat' dir='ltr'><strong>corporum</strong></span> 
     </span>
    </p>
   </div>
   <div class='ocr_carea' id='block_1_106' title="bbox 1926 5147 3498 5225">
    <p class='ocr_par' dir='ltr' id='par_1_106' title="bbox 1926 5147 3498 5225">
     <span class='ocr_line' id='line_1_106' title="bbox 1926 5147 3498 5225; baseline -0.015 -7"><span class='ocrx_word' id='word_1_791' title='bbox 1926 5163 2389 5218; x_wconf 86' lang='lat' dir='ltr'><strong>resurrectionem</strong></span> <span class='ocrx_word' id='word_1_792' title='bbox 2448 5162 2710 5214; x_wconf 80' lang='lat' dir='ltr'><strong>iudicare.</strong></span> <span class='ocrx_word' id='word_1_793' title='bbox 2767 5157 2958 5225; x_wconf 87' lang='lat' dir='ltr'><strong>Neque</strong></span> <span class='ocrx_word' id='word_1_794' title='bbox 3010 5151 3156 5206; x_wconf 88' lang='lat' dir='ltr'><strong>enim</strong></span> <span class='ocrx_word' id='word_1_795' title='bbox 3208 5147 3498 5218; x_wconf 81' lang='lat' dir='ltr'><strong>quisquam</strong></span> 
     </span>
    </p>
   </div>
   <div class='ocr_carea' id='block_1_107' title="bbox 1925 5237 3237 5317">
    <p class='ocr_par' dir='ltr' id='par_1_107' title="bbox 1925 5237 3237 5317">
     <span class='ocr_line' id='line_1_107' title="bbox 1925 5237 3237 5317; baseline -0.012 -9"><span class='ocrx_word' id='word_1_796' title='bbox 1925 5253 2145 5316; x_wconf 77' lang='lat' dir='ltr'><strong>dixerit,</strong></span> <span class='ocrx_word' id='word_1_797' title='bbox 2183 5251 2399 5306; x_wconf 87' lang='lat' dir='ltr'><strong>animas</strong></span> <span class='ocrx_word' id='word_1_798' title='bbox 2427 5253 2479 5304; x_wconf 92' lang='lat' dir='ltr'><strong>iu</strong></span> <span class='ocrx_word' id='word_1_799' title='bbox 2522 5259 2682 5302; x_wconf 81' lang='lat' dir='ltr'><strong>teme</strong></span> <span class='ocrx_word' id='word_1_800' title='bbox 2715 5247 2938 5317; x_wconf 83' lang='lat' dir='ltr'><strong>pulvere</strong></span> <span class='ocrx_word' id='word_1_801' title='bbox 2971 5237 3237 5296; x_wconf 88' lang='lat' dir='ltr'><strong>dormire.</strong></span> 
     </span>
    </p>
   </div>
   <div class='ocr_carea' id='block_1_108' title="bbox 256 5333 3024 5415">
    <p class='ocr_par' dir='ltr' id='par_1_108' title="bbox 256 5333 3024 5415">
     <span class='ocr_line' id='line_1_108' title="bbox 256 5333 3024 5415; baseline -0.003 -21"><span class='ocrx_word' id='word_1_802' title='bbox 256 5358 446 5396; x_wconf 83' lang='grc' dir='ltr'><em>στασιν</em></span> <span class='ocrx_word' id='word_1_803' title='bbox 479 5342 732 5413; x_wconf 69' lang='grc' dir='ltr'><strong>ἐμφαίνει</strong></span> <span class='ocrx_word' id='word_1_804' title='bbox 763 5343 1058 5412; x_wconf 76' lang='grc' dir='ltr'><em>σωμάτων·</em></span> <span class='ocrx_word' id='word_1_805' title='bbox 1085 5343 1147 5394; x_wconf 77' lang='grc' dir='ltr'><em>οὐ</em></span> <span class='ocrx_word' id='word_1_806' title='bbox 1177 5341 1286 5412; x_wconf 75' lang='grc' dir='ltr'><strong>γὰρ</strong></span> <span class='ocrx_word' id='word_1_807' title='bbox 1311 5342 1484 5412; x_wconf 79' lang='grc' dir='ltr'>δήπου</span> <span class='ocrx_word' id='word_1_808' title='bbox 1509 5360 1594 5407; x_wconf 84' lang='grc' dir='ltr'><em>τις</em></span> <span class='ocrx_word' id='word_1_809' title='bbox 1622 5345 1811 5415; x_wconf 85' lang='grc' dir='ltr'>φήσειε</span> <span class='ocrx_word' id='word_1_810' title='bbox 1850 5346 1949 5407; x_wconf 74' lang='grc' dir='ltr'><em>τὰς</em></span> <span class='ocrx_word' id='word_1_811' title='bbox 1977 5344 2159 5414; x_wconf 71' lang='grc' dir='ltr'>ψυχὰς</span> <span class='ocrx_word' id='word_1_812' title='bbox 2194 5345 2252 5396; x_wconf 83' lang='grc' dir='ltr'><strong>ὲν</strong></span> <span class='ocrx_word' id='word_1_813' title='bbox 2279 5342 2382 5412; x_wconf 83' lang='grc' dir='ltr'><strong>γῆς</strong></span> <span class='ocrx_word' id='word_1_814' title='bbox 2408 5339 2625 5412; x_wconf 77' lang='grc' dir='ltr'><strong>χώματι</strong></span> <span class='ocrx_word' id='word_1_815' title='bbox 2650 5349 2678 5389; x_wconf 77' lang='grc' dir='ltr'>(ι</span> <span class='ocrx_word' id='word_1_816' title='bbox 2720 5333 3024 5390; x_wconf 79' lang='grc' dir='ltr'>καθεύδειν.</span> 
     </span>
    </p>
   </div>
   <div class='ocr_carea' id='block_1_109' title="bbox 326 5460 2008 5527">
    <p class='ocr_par' dir='ltr' id='par_1_109' title="bbox 326 5460 2008 5527">
     <span class='ocr_line' id='line_1_109' title="bbox 326 5460 2008 5527; baseline 0.001 -10"><span class='ocrx_word' id='word_1_817' title='bbox 326 5462 348 5493; x_wconf 74' lang='grc'><strong>⁸</strong></span> <span class='ocrx_word' id='word_1_818' title='bbox 377 5460 515 5518; x_wconf 88' lang='lat' dir='ltr'><strong>Gen.</strong></span> <span class='ocrx_word' id='word_1_819' title='bbox 579 5479 655 5520; x_wconf 73' lang='lat' dir='ltr'><strong>Ix.</strong></span> <span class='ocrx_word' id='word_1_820' title='bbox 689 5463 742 5524; x_wconf 85' lang='lat'><strong>5,</strong></span> <span class='ocrx_word' id='word_1_821' title='bbox 773 5464 827 5518; x_wconf 82' lang='grc' dir='ltr'>ϐ.</span> <span class='ocrx_word' id='word_1_822' title='bbox 903 5463 924 5493; x_wconf 84' lang='grc'>⁸</span> <span class='ocrx_word' id='word_1_823' title='bbox 953 5461 1122 5514; x_wconf 71' lang='lat' dir='ltr'><strong>Exod.</strong></span> <span class='ocrx_word' id='word_1_824' title='bbox 1173 5475 1252 5518; x_wconf 88' lang='lat' dir='ltr'><strong>Ill.</strong></span> <span class='ocrx_word' id='word_1_825' title='bbox 1315 5460 1366 5512; x_wconf 85' lang='grc'>6.</span> <span class='ocrx_word' id='word_1_826' title='bbox 1445 5462 1465 5492; x_wconf 81' lang='grc'>⁸</span> <span class='ocrx_word' id='word_1_827' title='bbox 1503 5462 1693 5519; x_wconf 77' lang='lat' dir='ltr'><strong>Matth.</strong></span> <span class='ocrx_word' id='word_1_828' title='bbox 1742 5480 1880 5527; x_wconf 69' lang='grc' dir='ltr'>κκιι,</span> <span class='ocrx_word' id='word_1_829' title='bbox 1918 5465 2008 5520; x_wconf 72' lang='lat'><strong>5‘2.</strong></span> 
     </span>
    </p>
   </div>
   <div class='ocr_carea' id='block_1_110' title="bbox 256 5532 1902 5603">
    <p class='ocr_par' dir='ltr' id='par_1_110' title="bbox 256 5532 1902 5603">
     <span class='ocr_line' id='line_1_110' title="bbox 256 5532 1902 5603; baseline 0.004 -17"><span class='ocrx_word' id='word_1_830' title='bbox 256 5533 302 5565; x_wconf 84' lang='lat'><strong>“&#39;</strong></span> <span class='ocrx_word' id='word_1_831' title='bbox 330 5532 435 5589; x_wconf 85' lang='lat' dir='ltr'><strong>lsa.</strong></span> <span class='ocrx_word' id='word_1_832' title='bbox 463 5549 626 5597; x_wconf 73' lang='lat' dir='ltr'><strong>nvu,</strong></span> <span class='ocrx_word' id='word_1_833' title='bbox 651 5534 704 5587; x_wconf 89' lang='lat'><strong>9.</strong></span> <span class='ocrx_word' id='word_1_834' title='bbox 785 5535 822 5564; x_wconf 84' lang='lat'>“</span> <span class='ocrx_word' id='word_1_835' title='bbox 858 5532 1018 5603; x_wconf 71' lang='lat' dir='ltr'><strong>Nyss.</strong></span> <span class='ocrx_word' id='word_1_836' title='bbox 1056 5532 1126 5583; x_wconf 83' lang='lat' dir='ltr'><strong>De</strong></span> <span class='ocrx_word' id='word_1_837' title='bbox 1146 5533 1286 5583; x_wconf 80' lang='lat' dir='ltr'><strong>anim</strong></span> <span class='ocrx_word' id='word_1_838' title='bbox 1317 5541 1364 5582; x_wconf 88' lang='lat' dir='ltr'><strong>et</strong></span> <span class='ocrx_word' id='word_1_839' title='bbox 1402 5548 1568 5588; x_wconf 81' lang='lat' dir='ltr'><strong>remr.</strong></span> <span class='ocrx_word' id='word_1_840' title='bbox 1604 5544 1729 5602; x_wconf 75' lang='lat' dir='ltr'><strong>post</strong></span> <span class='ocrx_word' id='word_1_841' title='bbox 1757 5537 1902 5592; x_wconf 82' lang='lat' dir='ltr'><strong>med.</strong></span> 
     </span>
    </p>
   </div>
   <div class='ocr_carea' id='block_1_111' title="bbox 2107 5447 3496 5531">
    <p class='ocr_par' dir='ltr' id='par_1_111' title="bbox 2107 5447 3496 5531">
     <span class='ocr_line' id='line_1_111' title="bbox 2107 5447 3496 5531; baseline -0.009 -14"><span class='ocrx_word' id='word_1_842' title='bbox 2107 5467 2125 5496; x_wconf 84' lang='lat'>&#39;</span> <span class='ocrx_word' id='word_1_843' title='bbox 2169 5462 2300 5531; x_wconf 91' lang='lat' dir='ltr'><strong>Sap.</strong></span> <span class='ocrx_word' id='word_1_844' title='bbox 2337 5479 2418 5525; x_wconf 87' lang='lat' dir='ltr'><strong>Ill,</strong></span> <span class='ocrx_word' id='word_1_845' title='bbox 2457 5461 2508 5514; x_wconf 89' lang='lat' dir='ltr'><strong>-l.</strong></span> <span class='ocrx_word' id='word_1_846' title='bbox 2632 5461 2654 5490; x_wconf 89' lang='grc'><strong>¹¹</strong></span> <span class='ocrx_word' id='word_1_847' title='bbox 2703 5457 2850 5531; x_wconf 66' lang='lat' dir='ltr'><strong>Psal.</strong></span> <span class='ocrx_word' id='word_1_848' title='bbox 2877 5470 2966 5531; x_wconf 71' lang='lat' dir='ltr'><strong>cy,</strong></span> <span class='ocrx_word' id='word_1_849' title='bbox 2998 5453 3091 5509; x_wconf 77' lang='lat'><strong>29.</strong></span> <span class='ocrx_word' id='word_1_850' title='bbox 3199 5447 3375 5531; x_wconf 56' lang='lat' dir='ltr'><strong>fibid.</strong></span> <span class='ocrx_word' id='word_1_851' title='bbox 3404 5447 3496 5504; x_wconf 71' lang='lat'><strong>&#39;50.</strong></span> 
     </span>
    </p>
   </div>
   <div class='ocr_carea' id='block_1_112' title="bbox 2014 5520 3314 5597">
    <p class='ocr_par' dir='ltr' id='par_1_112' title="bbox 2014 5520 3314 5597">
     <span class='ocr_line' id='line_1_112' title="bbox 2014 5520 3314 5597; baseline -0.011 -8"><span class='ocrx_word' id='word_1_852' title='bbox 2014 5533 2057 5565; x_wconf 79' lang='lat'><em>“</em></span> <span class='ocrx_word' id='word_1_853' title='bbox 2084 5520 2280 5588; x_wconf 73' lang='lat' dir='ltr'><strong>Ezecli.</strong></span> <span class='ocrx_word' id='word_1_854' title='bbox 2323 5520 2556 5597; x_wconf 60' lang='lat' dir='ltr'><strong>uirili,</strong></span> <span class='ocrx_word' id='word_1_855' title='bbox 2594 5531 2645 5596; x_wconf 86' lang='lat'><strong>7,</strong></span> <span class='ocrx_word' id='word_1_856' title='bbox 2679 5534 2730 5582; x_wconf 82' lang='lat'><strong>8.</strong></span> <span class='ocrx_word' id='word_1_857' title='bbox 2810 5528 2855 5558; x_wconf 79' lang='lat'><strong>“</strong></span> <span class='ocrx_word' id='word_1_858' title='bbox 2897 5526 3034 5578; x_wconf 79' lang='lat' dir='ltr'><strong>Dan.</strong></span> <span class='ocrx_word' id='word_1_859' title='bbox 3068 5535 3168 5579; x_wconf 76' lang='lat' dir='ltr'><strong>xu.</strong></span> <span class='ocrx_word' id='word_1_860' title='bbox 3200 5520 3314 5576; x_wconf 73' lang='lat'><strong>1-5.</strong></span> 
     </span>
    </p>
   </div>
   <div class='ocr_carea' id='block_1_113' title="bbox 1592 5625 2261 5681">
    <p class='ocr_par' dir='ltr' id='par_1_113' title="bbox 1592 5625 2261 5681">
     <span class='ocr_line' id='line_1_113' title="bbox 1592 5625 2261 5681; baseline 0.003 -2"><span class='ocrx_word' id='word_1_861' title='bbox 1592 5625 1824 5680; x_wconf 76' lang='lat' dir='ltr'><strong>VARle</strong></span> <span class='ocrx_word' id='word_1_862' title='bbox 1853 5625 2261 5681; x_wconf 77' lang='lat' dir='ltr'><strong>LECTIONES.</strong></span> 
     </span>
    </p>
   </div>
   <div class='ocr_carea' id='block_1_114' title="bbox 331 5717 1452 5790">
    <p class='ocr_par' dir='ltr' id='par_1_114' title="bbox 331 5717 1452 5790">
     <span class='ocr_line' id='line_1_114' title="bbox 331 5717 1452 5790; baseline 0.001 -20"><span class='ocrx_word' id='word_1_863' title='bbox 331 5718 581 5790; x_wconf 62' lang='lat' dir='ltr'><strong>«Regius</strong></span> <span class='ocrx_word' id='word_1_864' title='bbox 617 5719 776 5782; x_wconf 64' lang='grc' dir='ltr'>διδι,</span> <span class='ocrx_word' id='word_1_865' title='bbox 807 5727 861 5771; x_wconf 90' lang='lat' dir='ltr'><strong>et</strong></span> <span class='ocrx_word' id='word_1_866' title='bbox 884 5718 1038 5772; x_wconf 86' lang='lat' dir='ltr'><strong>Colb.</strong></span> <span class='ocrx_word' id='word_1_867' title='bbox 1075 5719 1182 5772; x_wconf 89' lang='lat' dir='ltr'><strong>duo</strong></span> <span class='ocrx_word' id='word_1_868' title='bbox 1217 5717 1452 5787; x_wconf 74' lang='grc' dir='ltr'><em>σώματι.</em></span> 
     </span>
    </p>
   </div>
  </div>
