3926 6292
234 298 371 367 1225

1289 293 1387 355 DE
1425 294 1603 355 FIDE
1642 293 2105 354 ORTHODOXA
2142 296 2293 360 LIB.
2334 297 2432 361 IV.

3346 304 3483 368 1226

299 411 469 467 Πάλιν
503 408 667 479 φησὶν
714 408 743 460 6
797 406 942 467 θεῖος
1004 402 1329 467 Ἀπὸστολος
1358 420 1371 432 ·
1432 404 1529 457 Δεῖ
1573 402 1685 473 γὰρ
1728 405 1796 458 τὸ

1970 403 2181 459 Rursus
2234 414 2415 462 autem
2473 407 2694 465 divinus
2752 410 3054 480 Apostolus
3113 412 3224 467 ait:
3264 414 3481 483 Oportet

227 502 491 576 φθαρτὸν
538 499 718 554 τοῦτο
765 496 1142 551 ἐνδύσασθαι
1176 496 1552 564 ἀφθαρσίαν,
1601 495 1798 549 καὶτὸ

227 591 445 661 θνητὸν
462 590 639 645 τοῦτο
666 587 1041 642 ἐνδύσασθαι
1069 586 1431 642 ἀθανασίαν.
1455 586 1565 639 Καὶ
1593 585 1756 640 πάλιν
1780 601 1794 615 ο

224 686 529 752 Σπείρεται
544 681 614 735 ἐν
634 678 849 750 φθορᾷ,
875 680 1159 749 ἐγείρεται
1181 678 1249 731 ἐν
1277 678 1606 746 ἀφθαρσίᾳ·
1631 679 1801 732 σπεί-

220 790 385 846 ρεται
409 774 479 827 ἐν
500 772 806 839 ἀσθενείᾳ,
837 770 1124 839 ἐγείρεται
1149 768 1219 821 ἐν
1242 768 1493 836 δυνάμει
1513 784 1526 797 °
1558 769 1798 835 σπείρε-

226 867 405 921 ταιέν
425 865 646 934 ἀτιμίᾳ,
672 864 961 932 ἐγείρεται
988 862 1059 915 ἐν
1082 860 1231 927 δόξῃ
1251 874 1264 888 °
1295 859 1601 927 σπείρεται
1628 858 1801 928 σῶμα

224 956 511 1026 ψυχικὸν,
537 956 656 1025 ἦτοι
684 951 832 1023 παχύ
862 970 924 1006 τε
948 952 1044 1006 καὶ
1065 950 1285 1023 Θνητδν,
1320 950 1603 1021 ἐγείρεται
1628 949 1800 1020 σῶμα

226 1046 791 1118 πνευματικόνῌᾹΓ
829 1039 941 1097 οἷον
973 1043 1033 1096 τὸ
1079 1042 1175 1097 τοῦ
1210 1042 1421 1113 Κυρίου
1458 1041 1621 1112 σῶμα
1657 1043 1799 1111 μετὰ

223 1141 326 1209 τὴν
364 1137 664 1192 ἀνάστασιν
708 1134 1113 1205 κεκλεισμένων
1142 1132 1253 1186 τῶν
1295 1132 1477 1203 θυρῶν
1506 1132 1798 1203 διερχόμε-

223 1247 335 1294 νον,
366 1227 767 1288 ἀκοπίαστονιι,
799 1223 1030 1295 τροφῆς,
1072 1222 1240 1275 ὕπνου
1259 1259 1276 1286 ,
1324 1221 1419 1275 καὶ
1449 1220 1662 1283 πόσεως
1708 1221 1800 1273 ἀν-

223 1319 427 1382 ενδεές.
462 1320 749 1372 Ἔσονται
777 1314 911 1383 γὰρ,
940 1314 1109 1384 φησὶν
1132 1314 1161 1366 6
1189 1311 1417 1383 Κύριος,
1446 1312 1526 1377 ὡς
1546 1314 1601 1364 οὶ
1623 1310 1800 1380 ἄγγε-

222 1414 323 1465 λοι
350 1410 457 1465 τοῦ
500 1408 648 1463 Θεοῦ
669 1424 684 1439 ’
724 1408 788 1460 ού
818 1408 997 1476 γάμος
1031 1404 1113 1458 ἔτι
1134 1445 1151 1471 ,
1181 1407 1242 1458 ού
1282 1403 1628 1472 τεκνογονια.
1659 1403 1798 1473 Φησὶ

219 1502 356 1570 γοῦν
378 1505 407 1557 6
434 1502 578 1564 θεῖος
607 1497 931 1561 Ἀπόστολος
950 1516 965 1530 υ
1008 1496 1204 1567 ἠμῶν
1233 1495 1342 1566 γὰρ
1371 1496 1438 1548 τὸ
1466 1495 1799 1563 πολίτευμα

220 1595 291 1647 ἐν
336 1594 618 1661 οὐρανοῖς
640 1592 918 1661 ὑπάρχει,
957 1590 1027 1654 ἐξ
1053 1584 1126 1645 οὗ
1158 1588 1259 1643 καὶ
1280 1585 1523 1657 Σωτῆρα
1544 1586 1800 1641 ἀπεκδε-

1899 496 2041 548 enim
2083 498 2421 566 corruptibile
2466 498 2563 555 hoc
2612 500 2826 556 induere
2878 504 3327 574 incorruptionem
3356 523 3377 562 :
3431 520 3482 563 et

1901 585 2126 639 mortale
2153 584 2252 640 hoc
2279 586 2494 643 induere
2536 590 2991 647 immortalitatem
3018 594 3085 648 “.
3121 595 3200 649 Ac
3235 610 3433 652 rursus
3462 603 3532 648 :-‘

1900 672 2210 730 Seminatur
2253 677 2310 731 in
2356 682 2711 747 corruptione,
2755 695 2933 755 surget
2963 686 3017 739 in
3049 686 3477 756 incorruptione,

1900 769 2193 821 seminatur
2242 768 2299 822 in
2344 769 2696 839 infirmitate,
2734 785 2913 845 surget
2951 776 3007 829 in
3052 777 3281 841 uirtute;
3317 782 3479 833 semi-

1901 871 2061 914 natur
2122 863 2178 915 in
2232 863 2592 932 ignobilitate,
2637 876 2813 936 surget
2872 867 2928 920 in
2980 869 3176 938 gloria.
3229 868 3474 925 Semina-

1902 959 1988 1005 tur
2024 968 2213 1022 corpus
2252 954 2504 1021 animale,
2547 954 2654 1011 hoc
2701 966 2808 1022 est,
2854 972 3104 1014 crassum
3138 969 3192 1016 et
3221 963 3474 1025 mortale.

1900 1052 2076 1113 surget
2105 1061 2295 1114 corpus
2317 1046 2597 1115 spirituale
2616 1046 2661 1079 ”
2683 1086 2701 1113 ,
2732 1047 3089 1116 immutabile,
3109 1052 3475 1123 impassibile.

1902 1134 2109 1192 subtile
2129 1136 2258 1206 (hoc
2282 1138 2428 1193 enim
2459 1138 2757 1210 signiﬁcat,
2790 1140 3089 1209 spirituale,
3123 1145 3286 1213 quale
3311 1147 3476 1200 nimi-

1902 1242 2024 1282 rum
2061 1238 2183 1297 post
2215 1230 2679 1286 resurrectionem
2701 1229 2917 1286 Domini
2947 1246 3151 1302 corpus
3174 1242 3316 1300 erat,
3352 1250 3475 1289 eum

1898 1320 2087 1389 januis
2116 1321 2328 1378 clausis
2352 1320 2659 1390 transiret),
2689 1322 3029 1393 infatigabile
3048 1367 3064 1392 ,
3097 1340 3195 1381 nec
3226 1327 3353 1383 cibo
3382 1339 3478 1383 aut

1902 1426 2099 1467 somno
2127 1422 2222 1467 aut
2265 1421 2397 1483 potu
2438 1414 2714 1484 indigens.
2748 1414 2923 1470 Erunt
2956 1420 3118 1481 enim,
3160 1420 3339 1491 inquit
3372 1421 3478 1476 Do-

1902 1504 2109 1570 minus,
2142 1508 2282 1560 sicut
2313 1508 2487 1577 angeli
2519 1506 2619 1563 Dei
2647 1510 2714 1563 ²⁸.
2750 1507 2860 1566 Nec
2884 1510 2998 1580 jam
3029 1514 3236 1583 nuptiis
3274 1522 3370 1569 aut
3409 1516 3475 1568 li-

1900 1596 2159 1650 berorum
2194 1598 2568 1667 procreationi
2604 1599 2760 1655 locus
2794 1600 2919 1655 erit.
2958 1601 3047 1656 Ait
3086 1603 3287 1674 quippe
3335 1605 3477 1659 divi-

220 1687 448 1755 χόμεθα
494 1685 714 1751 Κύριον
743 1682 1016 1749 Ἰησοῦν,
1060 1680 1128 1745 ὃς
1174 1678 1688 1749 μετασχηματίσει
1730 1678 1795 1730 τὸ

1901 1701 2007 1742 nus
2036 1686 2336 1757 Apostolus
2366 1706 2378 1743 :
2414 1687 2621 1744 Nostra
2674 1693 3003 1746 conversatio
3052 1694 3109 1747 in
3159 1695 3303 1749 cazlis
3351 1707 3474 1750 est:

220 1752 394 1841 σῶμα
442 1768 553 1837 τῆς
596 1768 1008 1834 ταπεινώσεως
1051 1766 1251 1836 ήμῶν,
1284 1769 1373 1833 εις
1413 1766 1479 1819 τὸ
1516 1766 1795 1835 γενέσθαι

1900 1777 2035 1834 unde
2048 1780 2208 1833 etiam
2232 1779 2563 1836 Salvatorem
2581 1793 2945 1853 exspectamus
2974 1786 3255 1841 Dominum
3272 1788 3472 1853 Iesum,

217 1864 366 1917 αὐτὸ
408 1864 765 1933 σύμμορφον
801 1860 880 1927 τῷ
919 1860 1147 1931 σώματι
1194 1859 1307 1929 τῆς
1345 1859 1531 1926 δόξης
1560 1860 1747 1914 αὑτοῦ
1777 1876 1791 1889 ο

216 1956 278 2008 ού
327 1956 428 2027 τὴν
478 1958 560 2019 εἰς
617 1956 817 2027 ἑτέραν
876 1953 1094 2025 μορφὴν
1153 1952 1517 2023 μεταποίησιν
1580 1953 1789 2021 λέγων·

215 2047 399 2115 ἄπαγε
425 2064 440 2079 ’
480 2047 581 2119 τὴν
637 2047 703 2101 ὲκ
750 2046 962 2118 φθορᾶς
1000 2045 1055 2098 δὲ
1090 2043 1295 2115 μᾶλλον
1354 2045 1435 2108 εἰς
1481 2042 1793 2114 ἀφθαρσίαν

214 2139 544 2210 ἐναλλαγήν.

297 2319 469 2373 Ἀλλ’
509 2317 630 2387 ἐρεῖ
674 2333 793 2384 τιςο
832 2314 965 2383 Πῶς
992 2315 1321 2386 ἐγείρονται
1366 2332 1419 2371 οι
1454 2318 1658 2387 νεκροί
1671 2335 1691 2383 ;
1731 2319 1795 2371 Ὢ

213 2411 315 2481 τῆς
343 2411 605 2474 ἀπιστίας
630 2412 643 2465 !
684 2410 730 2464 ὣ
756 2410 858 2479 τῆς
885 2410 1201 2481 ἀφροσύνης
1229 2410 1242 2462 ι
1281 2410 1341 2463 Ὀ
1371 2410 1498 2481 χοῦν
1531 2413 1610 2475 εἰς
1637 2411 1798 2482 σῶμα

217 2501 483 2572 βουλήσει
532 2502 669 2573 μόνῃ
715 2500 1082 2572 μεταϐαλὼν,
1129 2503 1159 2555 6
1197 2502 1404 2572 μικρὰν
1460 2503 1650 2573 ρανίδα
1699 2502 1796 2557 τοῦ

218 2593 543 2663 σπέρματος
570 2594 628 2645 ἐν
659 2595 724 2663 τῇ
756 2592 942 2664 μήτρᾳ
983 2590 1171 2656 αὒξειν
1213 2591 1562 2662 προστάξας,
1606 2593 1702 2647 καὶ
1734 2595 1798 2647 τὸ

216 2687 505 2751 πολυειδὲς
549 2686 748 2752 τοῦτο,
801 2688 900 2740 καὶ
965 2686 1317 2758 πολύμορφον
1365 2687 1654 2743 ἀποτελεῖν
1701 2687 1795 2742 τοῦ

219 2777 475 2849 σώματος
502 2777 753 2848 ὄργανον,
786 2778 905 2849 οὐχὶ
933 2779 1135 2849 μᾶλλον
1158 2779 1219 2831 τὸ
1244 2779 1491 2847 γεγονὸς,
1520 2780 1614 2832 καὶ
1641 2779 1795 2850 διαρ-

217 2870 372 2940 ρυὲν,
409 2872 707 2942 ἀναστήσει
752 2872 937 2937 πάλιν,
975 2872 1137 2942 μόνον
1173 2872 1489 2943 βουληθείς;
1527 2872 1682 2938 Ποίῳ
1728 2870 1797 2926 δέ

214 2962 449 3034 σώματι
480 2964 798 3034 ἔρχονται;
842 2965 1071 3034 Ἀφρον
1093 3006 1107 3029 ,
1167 2966 1217 3016 εἰ
1257 2966 1370 3027 τοῖς
1405 2964 1502 3017 τοῦ
1536 2963 1673 3017 Θεοῦ
1705 2964 1795 3017 λό-

215 3071 339 3123 γοις
378 3055 659 3109 πιστεύειν
688 3057 721 3126 ἡ
751 3053 1009 3126 πώρωσις
1048 3055 1107 3109 ού
1149 3056 1467 3126 συγχωρεῖν
1492 3095 1507 3118 ,
1544 3054 1650 3109 κᾶν
1682 3057 1796 3120 τοῖς
1820 3091 1864 3148 C

214 3144 404 3217 ἔργοις
430 3148 674 3201 πίστευε.
707 3148 791 3201 Σὺ
816 3147 923 3219 γὰρ
956 3147 989 3201 6
1010 3148 1281 3217 σπείρεις
1307 3150 1378 3203 οὐ
1409 3138 1789 3213 ζωοποιεῖται,

214 3238 328 3292 ἐὰν
354 3238 444 3308 μὴ
477 3239 751 3308 ἀποθάνῃ
771 3256 785 3269 ·
819 3239 918 3293 καὶ
941 3238 973 3293 ὃ
1013 3240 1299 3309 σπείρεις,
1332 3240 1402 3293 οὐ
1426 3239 1494 3293 τὸ
1526 3239 1701 3308 σῶμα
1726 3240 1795 3293 τὸ

215 3332 636 3401 γενησόμενον
664 3333 966 3399 σπείρεις,
1002 3332 1162 3386 ἀλλὰ
1192 3332 1424 3401 γυμνὸν
1449 3332 1706 3396 κόκκον,
1742 3334 1796 3386 ει

214 3427 413 3494 τύχοι,
458 3429 635 3481 σίτου
658 3467 672 3489 ,
709 3426 747 3494 ἢ
780 3444 945 3493 τινος
981 3427 1102 3481 τῶν
1140 3425 1391 3481 λοιπῶν.
1441 3427 1504 3480 '0
1539 3427 1608 3479 δὲ
1654 3427 1797 3493 Θεὸς

212 3516 382 3581 αὐτῷ
412 3515 620 3571 δίδωσι
653 3517 844 3588 σῶμα,
896 3519 1088 3585 καθὼς
1117 3519 1407 3587 ἠθέλησε,
1441 3518 1538 3572 καὶ
1562 3518 1797 3583 ἑκάστῳ

214 3603 339 3657 τῶν
363 3606 722 3674 σπερμάτων
750 3606 816 3660 τὸ
847 3607 1002 3661 ἴδιον
1029 3608 1221 3677 σῶμα.
1252 3607 1461 3661 Θέασαι
1492 3607 1695 3671 τοίνυν,
1721 3608 1797 3671 ὡς

215 3698 275 3749 ὲν
329 3697 527 3765 τάφοις
582 3702 699 3762 ταῖς
737 3699 931 3765 αὕλαξι
987 3701 1055 3755 τὰ
1108 3702 1400 3771 σπέρματα
1446 3699 1798 3771 καταχωννύ-

217 3807 384 3859 μενα.
426 3776 524 3854 Τίς
570 3792 599 3843 6
645 3791 858 3856 τούτοις
904 3793 1060 3864 ῥίζας
1094 3793 1348 3855 ἐντιθεὶς,
1392 3793 1671 3863 καλάμην,
1702 3794 1797 3847 καὶ

215 3884 418 3951 φύλλα,
448 3886 544 3937 καὶ
587 3887 849 3956 ἀστάχυς,
881 3887 1126 3947 καὶτοὺς
1166 3886 1532 3950 λεπτοτάτους
1579 3887 1797 3959 ἀνθέρι-

216 3994 320 4039 xu;
348 3985 416 4041 x;
469 3978 583 4047 Οὐχ
620 3979 648 4030 6
697 3979 805 4030 τῶν
850 3978 988 4032 ὅλων
1029 3980 1403 4049 Δημιουργός;
1437 3979 1499 4031 οὐ
1522 3988 1550 4027 3'
1585 3977 1681 4031 τοῦ
1727 3978 1796 4031 τὰ

215 4070 401 4124 πάντα
440 4072 853 4140 τεκτηναμένου
901 4070 961 4123 τὸ
1007 4072 1375 4142 πρόσταγμα;
1424 4069 1580 4124 Οὕτω
1615 4070 1795 4124 τοίνυν

215 4162 480 4226 πίστευε,
532 4165 630 4215 καὶ
681 4161 791 4214 τῶν
832 4162 1043 4232 νεκρῶν
1085 4162 1182 4232 τὴν
1225 4163 1524 4217 ἀνάστασιν
1575 4162 1795 4216 ἔσεσθαι

216 4253 337 4326 Θεία
371 4254 627 4325 βουλήσει
662 4255 761 4307 καὶ
794 4253 1045 4325 νεύματι.
1093 4254 1401 4326 Σύνδρομον
1428 4254 1538 4325 γὰρ
1580 4255 1694 4325 ἔχει
1724 4255 1790 4325 τῇ

216 4344 477 4415 βουλήσει
508 4345 606 4414 τὴν
628 4344 878 4415 δύναμιν.

1897 1870 1988 1941 qui
2030 1871 2343 1941 reformabit
2375 1889 2564 1943 corpus
2610 1875 2929 1931 huntilitatis
2982 1890 3196 1945 nostrte,
3245 1891 3302 1935 ut
3352 1898 3476 1936 con-

1900 1961 2066 2030 forme
2090 1964 2189 2031 fiat
2233 1966 2443 2034 corpori
2484 1966 2751 2022 claritatis
2778 1983 2890 2022 sua:
2926 1970 2992 2022 ’°.
3029 1969 3150 2036 Quo
3186 1971 3328 2036 loco,
3365 1989 3473 2028 non

1899 2058 2256 2113 mutationem
2286 2057 2339 2112 in
2372 2057 2600 2112 alteram
2629 2058 2860 2114 formam
2884 2060 3143 2133 intelligit
3162 2062 3473 2134 (absithoc)

1898 2160 2085 2201 verum
2136 2149 2574 2205 immutationem
2629 2152 2815 2221 potius
2844 2167 2911 2208 ex
2944 2156 3257 2226 corruptela
3288 2158 3357 2213 ad
3391 2160 3475 2213 in-

1901 2237 2273 2308 corruptionis
2310 2246 2516 2293 statum
2545 2240 2612 2294 ".

1968 2326 2154 2383 Simile
2177 2327 2243 2382 ab
2268 2328 2487 2384 humani
2514 2331 2751 2399 corporis
2787 2332 3151 2396 productione.
3178 2366 3247 2376 —
3268 2336 3338 2390 At
3384 2338 3471 2392 di-

1898 2427 1974 2474 cet
1998 2418 2193 2489 aliquis
2222 2433 2242 2471 .'
2269 2419 2545 2486 Quomodo
2576 2423 2772 2477 mortui
2796 2435 3065 2494 resurgent
3094 2426 3181 2479 "1’
3218 2425 3359 2481 Proh
3389 2429 3473 2482 in-

1897 2509 2314 2566 credulitatem!
2362 2512 2506 2567 Proh
2546 2512 2877 2569 dementiam
2906 2516 2919 2569 ι
2952 2514 3056 2581 Qui
3085 2517 3365 2586 pulverem
3415 2520 3473 2574 in

1898 2617 2102 2674 corpus
2142 2602 2257 2659 sola
2306 2604 2584 2661 voluntate
2621 2606 2852 2660 mutavit
2886 2626 2899 2661 :
2937 2607 3030 2677 qui
3072 2608 3324 2679 exiguam
3360 2626 3475 2663 Ina-

1900 2696 2050 2751 teriaa
2079 2701 2287 2766 guttam
2340 2696 2396 2750 in
2445 2704 2606 2751 utero
2648 2695 2993 2768 ainplillcari,
3044 2700 3369 2770 variumque
3410 2716 3473 2753 ac

1898 2786 2182 2857 multiplex
2212 2787 2462 2857 corporis
2507 2803 2773 2858 organum
2807 2789 3020 2845 elIicere
3043 2789 3251 2859 jussit,
3291 2807 3472 2846 annon

1897 2880 2074 2936 multo
2094 2880 2269 2951 magis
2294 2881 2348 2935 id
2381 2880 2525 2950 quod
2560 2881 2663 2935 luit
2688 2896 2752 2936 ac
2782 2880 3032 2949 deﬂuxit,
3061 2897 3186 2938 cum
3211 2884 3472 2947 voluerit,

1899 2988 2121 3030 rursum
2154 2974 2419 3029 excitabit
2454 2974 2541 3027 ’9?
2592 2974 2813 3040 Qualive
2854 2991 3071 3043 corpore
3104 2977 3302 3031 uenient
3326 2979 3351 3031 ἔ)
3379 2975 3474 3031 In-

1899 3064 2114 3132 sipiens,
2166 3064 2213 3119 si
2246 3078 2308 3120 ea
2344 3072 2429 3120 est
2471 3064 2765 3119 obduratio
2798 3072 2915 3129 tua,
2968 3074 3025 3119 ut
3067 3073 3121 3121 te
3150 3065 3244 3121 Dei
3289 3067 3474 3124 verbis

1899 3154 2057 3209 ﬁdem
2110 3154 2369 3211 adhibere
2421 3170 2530 3210 non
2583 3155 2749 3219 sinat,
2793 3156 3055 3227 Operibus
3110 3158 3301 3215 saltem
3353 3160 3475 3229 ejus

1898 3244 2061 3299 crede
2091 3263 2104 3299 :
2144 3242 2289 3298 Nam
2319 3253 2374 3298 tu
2407 3245 2545 3316 quod
2586 3248 2839 3307 seminas,
2872 3263 2978 3300 non
3024 3248 3341 3317 viuiﬁcatur,
3371 3251 3475 3304 nisi

1896 3338 2045 3401 prius
2067 3336 2345 3389 moriatur.
2371 3333 2435 3389 Et
2454 3335 2592 3405 quod
2610 3336 2860 3400 seminas,
2883 3351 2987 3388 non
3010 3339 3371 3407 corpus,quod
3385 3339 3477 3409 [au

1900 3435 2076 3480 turum
2103 3435 2200 3493 est,
2225 3427 2470 3488 seminas,
2486 3424 2648 3495 305
2666 3425 2756 3479 sed
2777 3426 2976 3479 nudum
2997 3443 3241 3495 granum,
3270 3438 3324 3481 ut
3347 3439 3475 3497 puta

1900 3519 2084 3581 tritici,
2114 3527 2206 3570 aut
2232 3516 2462 3585 alicujus
2490 3525 2823 3570 caeterorum.
2866 3516 3009 3570 Deus
3055 3527 3230 3572 autem
3265 3521 3360 3573 dat
3391 3520 3476 3574 illi

1899 3628 2108 3681 corpus,
2144 3613 2280 3666 sicut
2322 3610 2434 3665 vult
2461 3626 2480 3673 ;
2512 3619 2559 3663 et
2594 3609 2872 3677 unicuique
2917 3611 3175 3664 seminum
3202 3614 3475 3681 proprium

1898 3721 2086 3773 corpus
2123 3703 2189 3758 '°.
2219 3701 2609 3772 Contemplare
2660 3700 2849 3770 itaque
2900 3701 3113 3755 semina
3168 3702 3222 3756 in
3276 3703 3472 3767 sulcis,

1899 3811 2010 3850 non
2044 3809 2207 3850 secus
2257 3792 2515 3863 atquein
2566 3791 2857 3862 sepulcris,
2916 3790 3155 3849 defossa.
3208 3793 3472 3859 Quisnam

1900 3884 2066 3954 igitur
2095 3882 2334 3945 radices,
2378 3890 2433 3936 et
2474 3881 2770 3946 calamum,
2802 3891 2856 3936 et
2904 3882 3055 3945 folia,
3086 3893 3140 3938 et
3170 3885 3351 3954 spicas
3371 3924 3385 3949 ,
3422 3895 3476 3939 et

1898 3974 2288 4031 subtilissimas
2327 3973 2526 4027 aristas
2567 3972 2801 4029 inserit?
2831 3975 3027 4028 Annon
3064 3974 3154 4028 ille
3184 3976 3473 4030 universo-

1897 4082 2019 4121 rum
2047 4064 2267 4136 opilex?
2318 4066 2515 4119 Annon
2546 4064 2668 4134 ejus
2707 4066 2801 4135 qui
2832 4066 3015 4119 omnia
3051 4065 3356 4120 fabricatus
3391 4078 3477 4121 est

1892 4156 2092 4227 jussio?
2106 4156 2186 4210 Ad
2202 4156 2347 4211 hunc
2365 4154 2548 4225 itaque
2561 4154 2802 4217 modum,
2820 4154 2984 4209 etiam
3007 4154 3099 4210 Dei
3123 4156 3399 4211 voluntate
3411 4173 3476 4211 ac

1898 4258 2052 4313 nutu,
2087 4256 2426 4304 mortuorum
2457 4247 2921 4303 resurrectionem
2956 4245 3071 4301 fore
3091 4248 3321 4301 credito.
3348 4246 3474 4302 Ete-

1897 4341 2007 4395 nim
2021 4340 2259 4411 potentia
2274 4340 2447 4409 ipsius
2463 4338 2794 4394 voluntatem
2808 4352 2963 4408 mquo
2979 4338 3149 4408 gradu
3162 4340 3473 4394 comitatur.
3576 4372 3583 4377 η

283 4458 329 4488 ’³
358 4456 374 4509 1
410 4455 542 4510 Cor.
573 4471 665 4519 xv,
699 4457 786 4511 5'5.
860 4456 908 4488 “
946 4456 1078 4511 ibid.
1108 4457 1296 4511 42-64.
1372 4458 1417 4489 ’⁸
1445 4456 1614 4511 Marc.
1672 4455 1877 4521 xu,25.
1954 4456 1998 4487 "
2025 4454 2164 4510 Phili

212 4526 412 4584 lueres.
448 4526 502 4592 6,
528 4528 580 4581 4.
659 4526 751 4581 ³⁸1
788 4525 915 4582 Cor.
948 4544 1035 4591 xv,
1079 4528 1169 4584 55.
1245 4529 1291 4558 ²⁹
1344 4526 1537 4597 Epipb.
1579 4528 1772 4580 Ancor.

1909 4526 2000 4581 95.
2076 4527 2121 4559 ”

2209 4471 2261 4525 p.
2300 4470 2380 4520 Ill,
2408 4454 2667 4527 20,721;
2704 4455 2748 4486 "’
2773 4452 2933 4525 Nyss.
2976 4454 3168 4520 citat.;
3200 4456 3469 4527 Epipfian.

2231 4527 2356 4580 Cor.
2386 4542 2472 4591 xv,
2508 4524 2695 4579 55-38.

1518 4642 1754 4698 VARUE
1796 4642 2196 4700 LECTIONES.

285 4750 313 4777 ιι
350 4740 508 4794 Edita
529 4739 849 4800 ἀκοπίατον,
883 4745 936 4791 et
968 4737 1129 4807 paulo
1170 4745 1313 4806 post,
1344 4736 1441 4789 ἐπὶ
1472 4736 1704 4799 πόσεως.

216 4809 369 4882 Regii
400 4812 436 4867 4
469 4809 842 4879 ἀνθερίσκους.
918 4815 944 4855 1
976 4809 1146 4863 Abest
1181 4808 1264 4873 οὐ,
1319 4809 1373 4863 in
1419 4808 1603 4862 editis.

1784 4745 1807 4773 ν
1846 4739 1989 4794 Edit.
2018 4738 2080 4790 ού
2129 4736 2408 4791 πιστεύειν
2433 4741 2466 4809 ἡ
2506 4736 2764 4806 πώρωσις
2800 4739 3091 4808 συγχωρεῖ.

3169 4741 3193 4767 ⁸
3224 4733 3382 4791 Colb.
3421 4742 3476 4791 et

1717 4962 1951 5019 NOTIE.

285 5068 400 5140 (ιι)
420 5065 756 5147 ,Ἐγείρετξιι
787 5061 1421 5147 σῶμαίτνξγμαῖιθιτξντ
1454 5060 1640 5147 iure“
1675 5077 1786 5147 eor:
1820 5064 1862 5119 ο
1889 5076 2028 5147 me
2058 5055 2918 5147 eetsﬁsisﬁﬂuwwﬁv»is
2937 5060 3299 5147 ,ερένειβιξιιεηι
3349 5062 3475 5116 ευθ-

211 5130 310 5209 pus
350 5130 648 5208 spirituale.
683 5130 1039 5209 Resurrcctio
1081 5131 1299 5209 Domi-ni
1329 5130 1642 5209 exemplum
1682 5130 1787 5186 luit

212 5201 452 5271 nostris;
487 5212 568 5272 ut,
602 5204 1060 5275 quemadmodum
1088 5201 1499 5275 januisclausis
1525 5215 1788 5275 caenacu-

214 5282 328 5333 lum
361 5270 448 5333 est
487 5270 790 5346 ingressus,
834 5288 1011 5346 seque
1051 5270 1412 5346 nihilominus
1455 5270 1786 5341 palpandum

212 5346 503 5418 discipulis
536 5340 800 5415 praebuit,
833 5340 982 5418 hinc,
1023 5352 1082 5418 ut
1109 5347 1337 5398 censent
1378 5340 1595 5404 Patres,
1644 5356 1787 5396 novo

214 5414 488 5490 miraculo
516 5414 761 5490 futurum
803 5417 906 5480 sit,
950 5422 1010 5467 ut
1057 5414 1344 5490 beatorum
1376 5426 1609 5490 corpora
1660 5427 1786 5466 cum

214 5489 473 5543 manibus
500 5486 727 5542 tractari
760 5496 981 5555 queant,
1009 5492 1123 5537 tum
1161 5482 1465 5555 subtilitate
1489 5483 1784 5555 donentur,

212 5573 324 5628 qua
359 5558 533 5612 solida
559 5550 794 5627 corpora
835 5562 1142 5628 penetrem.
1164 5623 1173 5628 _
1198 5550 1368 5628 Veluti
1396 5552 1664 5628 D_om_inus
1692 5569 1788 5606 no-

215 5623 325 5705 s'ter
353 5645 475 5705 non.
492 5627 642 5705 aliud
660 5623 903 5705 :corpus
925 5623 1235 5705 suscitavit,
1290 5623 1467 5692 inquit
1487 5623 1785 5705 .Ep‘iphan.

215 5698 413 5755 haeres.
444 5698 535 5763 64,
571 5715 627 5751 η.
657 5698 747 5760 62,
774 5696 862 5751 sed
887 5697 1058 5764 ipsum
1097 5694 1235 5764 quod
1279 5705 1414 5758 erat,
1452 5695 1531 5756 εἰς
1582 5694 1785 5747 λεπτόσ

532 5792 802 5853 ΡΑΤιιοῐ..
838 5791 950 5851 Gn.
975 5789 1175 5851 XCIV.

1895 5130 2153 5184 tilitatem
2185 5130 2593 5182 transmutando
2621 5168 2635 5191 ,
2687 5140 2738 5183 et
2786 5131 3074 5198 spirituale
3106 5140 3275 5184 totum
3314 5147 3475 5195 copu—

1897 5200 2081 5263 lando,
2117 5201 2387 5270 ingressus
2410 5208 2511 5270 gest
2539 5214 2629 5266 per
2668 5198 2807 5268 fores
2831 5201 3079 5263 clausas;
3099 5201 3239 5270 quod
3266 5201 3475 5270 quidem

1894 5270 1979 5324 hic
2009 5272 2127 5337 fieri
2177 5268 2355 5338 nequit
2402 5268 2455 5321 in
2499 5270 2807 5337 corporibus
2837 5280 3051 5339 propter
3078 5268 3380 5326 crassitiem
3424 5281 3475 5326 et

1895 5341 2109 5405 molem,
2157 5349 2206 5394 et
2236 5340 2362 5408 quia
2391 5338 2623 5393 nondum
2664 5342 2717 5393 in
2761 5340 3096 5408 spiritualem
3141 5343 3473 5397 coaluerunt.

1896 5409 2116 5467 Vidcsis
2165 5411 2218 5464 in
2254 5412 2448 5463 Ancor.
2483 5425 2535 5466 n.
2609 5412 2697 5466 95.
2728 5410 2799 5464 At
2838 5422 3066 5467 sanctus
3096 5409 3375 5478 Thomas,
3420 5414 3478 5467 in

1897 5481 2181 5553 Supplem.
2202 5488 2397 5554 quzest.
2444 5480 2534 5554 85,
2563 5490 2668 5534 art.
2701 5480 2753 5546 6,
2773 5482 2956 5554 docet,
2980 5490 3039 5535 ut
3056 5497 3256 5553 corpus
3272 5483 3477 5554 glorio-

1896 5550 2042 5623 sum,
2073 5566 2276 5623 corpus
2311 5550 2459 5604 aliud
2490 5556 2770 5623 pervadat,
2798 5552 2969 5623 altero
2994 5566 3136 5623 opus
3156 5550 3479 5623 essefmira-

1898 5622 2047 5686 culo,
2084 5621 2231 5690 quod
2287 5632 2466 5676 tamen
2501 5621 2569 5676 ad
2620 5630 2813 5677 nutum
2864 5621 3104 5679 hominis
3152 5622 3299 5680 beati
3334 5621 3479 5680 Deus

1898 5696 1970 5747 sit
2000 5706 2398 5748 concessurus.

2965 5786 3037 5847 39
