3926 6292
64 0 504 8 —.—————i

737 85 908 114 t‘lj‘V'.‘
929 85 968 110 ‘L‘;
1029 101 1042 122 ’

545 133 581 174 ,ι
1264 133 1272 139 ’
1451 133 1461 166 l

290 461 424 528 l233

1415 461 1513 524 DE
1543 413 2004 524 IMAGINIBUS
2033 459 2384 522 ORATIO'I.

1193 7 1240 25 In
1279 7 1354 27 ac.
1443 15 1478 25 ,ρ
1543 4 1572 22 ιι.
1719 5 1728 18 ι
1787 3 1804 20 τ..
1897 0 1910 12 -'
2005 0 2012 10 π
2084 3 2120 30 »ι
2193 15 2198 18 .
2245 0 2268 17 ι.
2303 13 2309 20 ,
2420 0 2566 15 ιν·”’›ι
2639 0 2654 5 ’
2705 0 2710 2 ⁷
2839 0 2863 28 ές

1159 78 1214 104 “~
1261 69 1370 139 ξαωι
1413 61 1456 132 ιῖλ
1506 76 1532 110 u
1580 47 1802 122 Ultus-lx

1951 38 2415 110 .l‘~“§l_[-_l_l,iJfI,-l
2467 77 2476 116 Ξ
2535 43 2646 102 λε’]
2696 43 2778 96 λυ.
2859 45 2988 94 εμπ
3061 42 3198 106 [niihil
3255 61 3418 94 ιιι-(ι.
3527 41 3555 83 κ’

2113 121 2124 130 α
2863 115 2872 139 ρ
3085 113 3091 128 ι

1599 115 1602 122 ι
1902 113 1914 134 ι
2113 121 2124 130 θ
2467 113 2472 116 '
2862 115 2872 148 ἐ
3085 113 3091 128 1

1867 151 1878 162 ιν

3395 451 3530 520 1238

277 579 483 649 μᾶλλον
505 574 684 646 τούτῳ
716 574 852 648 πρὸς
877 575 938 630 τδ
969 575 1150 646 λέγειν
1169 575 1512 648 νυττόμενος.
1541 578 1723 633 Δεινδν
1741 576 1843 650 γὰρ

1957 583 2150 646 spectu
2180 589 2396 647 regum,
2422 581 2477 631 et
2507 589 2617 630 non
2649 572 3027 631 conlundebar
3049 572 3091 630 ⁸.
3132 591 3151 625 δ
3187 572 3334 640 Quin
3360 574 3526 630 etiam

279 668 545 740 βασιλέως
577 667 736 735 λόγος
768 666 909 738 πρὸς
941 667 1245 738 ὑπαγωγὴν
1277 667 1387 721 τῶν
1413 667 1672 740 ὑπηκόων
1691 685 1706 700 ·
1743 667 1852 722 ὀλί-

273 777 360 831 γοι
388 760 498 832 γὰρ
522 761 637 813 ὅσοι
668 759 782 814 τῶν
814 759 1100 840 ᾲνέκαθεν,
1132 759 1425 830 βασιλικῶν
1458 761 1851 833 κατωλιγώρη-

273 867 370 904 σαν
407 849 820 920 θεσπισμάτων,
851 849 966 903 ὅσοι
1007 848 1102 902 τὸν
1134 850 1228 903 ἐπὶ
1255 849 1360 920 γῆς
1405 850 1630 922 βασιλέα
1655 891 1670 917 ,
1701 851 1852 921 βασι-

269 941 557 1012 λευόμενον
579 940 786 995 οἴδασιν
817 940 1044 1007 άνωθεν,
1072 941 1166 997 καὶ
1194 941 1271 1006 ὡς
1302 939 1603 1014 κρατοῦσιν,
1622 941 1672 995 οί
1696 941 1851 1012 νόμοι

266 1033 380 1086 τῶν
393 1085 396 1088 ,
410 1031 696 1104 βασιλέων.

1597 1139 1664 1182 ιτς.
1687 1133 1698 1178 ί.

342 1206 410 1278 β’.
447 1205 674 1278 Πρῶτον
701 1206 802 1276 μὲν
825 1203 918 1261 οῦν
947 1207 1228 1274 ἁπάντων,
1251 1201 1369 1272 ,οἷόν
1405 1223 1527 1262 τινα
1568 1207 1781 1285 τρόπιν,
1813 1206 1848 1278 ἢ

265 1298 526 1371 θεμέλιον
573 1297 654 1370 τῷ
696 1297 943 1370 λογισμῷ
994 1299 1342 1371 καταπήξας,
1380 1299 1482 1371 τὴν
1507 1299 1608 1371 τῆς
1653 1298 1854 1370 ἐκκλη-

267 1390 561 1461 σιαστικῆς
609 1390 969 1462 θεσμοθεσίας
1001 1393 1358 1463 συντήρησιν,
1391 1390 1461 1446 δι’
1487 1387 1557 1464 ἧς
1607 1394 1852 1464 σωτηρία

263 1480 672 1572 προσγίνεσθαι
681 1481 917 1549 πέφυκε,
941 1482 1034 1536 τοῦ
1060 1483 1219 1553 λόγου
1245 1483 1345 1554 τὴν
1369 1484 1594 1572 βαλϐίδῇ
1614 1485 1873 1572 maciei,"

265 1570 370 1624 καὶ
397 1568 610 1634 τοῦτον,
639 1569 830 1642 ῶσπερ
872 1572 1038 1626 ἵππον
1069 1551 1381 1642 εὐχάλινον,
1404 1573 1504 1644 τῆς
1907 1557 1924 1577 ⁸

262 1662 652 1734 παρώρμησα.
690 1663 872 1716 Δεινδν
920 1663 1032 1734 γὰρ
1081 1664 1252 1728 ὅντως
1291 1664 1516 1737 ᾠήθην,
1566 1667 1662 1721 καὶ
1709 1666 1853 1736 πέρα

260 1752 498 1820 δεινῶν,
545 1753 826 1818 τοσούτοις
881 1753 982 1824 τὴν
1031 1753 1363 1824 Ἐκκλησίαν
1423 1754 1853 1826 ἀμαρύσσουσαν

261 1845 676 1917 προτερήμασι,
726 1844 827 1899 καὶ
865 1847 987 1910 ταῖς
1031 1845 1139 1901 τῶν
1186 1845 1594 1902 εὐσεϐεστάτων
1639 1846 1852 1919 ἀνδρῶν

1951 668 2023 724 ob
2083 667 2139 723 id
2186 667 2568 724 vehementius
2628 682 2752 724 sum
2799 666 3084 723 incitatus.
3134 665 3428 721 Enimvero
3459 663 3529 720 ad

1952 759 2214 816 subditos
2237 759 2604 832 pelliciendos
2627 760 2862 815 multum
2904 759 3060 814 valet-
3099 761 3247 829 regis
3284 757 3531 812 auctori-

1953 866 2080 914 tas:
2119 859 2322 931 quippe
2351 874 2480 915 cum
2530 859 2694 929 pauci
2749 857 3020 912 hactenus
3066 854 3270 910 fuerint
3301 853 3404 914 illi,
3433 851 3530 922 qui

1952 961 2076 1003 cum
2113 963 2270 1019 reges
2317 957 2477 1004 terrae
2506 947 2662 1016 regis
2707 945 2952 1002 cmlestis
2989 943 3222 1014 imperio
3274 941 3527 1006 subesse,

1953 1051 2222 1108 regesque
2275 1035 2489 1108 legibus
2535 1034 2807 1092 obnoxios
2863 1047 2998 1090 esse
3017 1032 3292 1100 noverint,
3339 1031 3530 1102 iniqua

1953 1126 2202 1197 ipsorum
2226 1125 2384 1195 iussa
2402 1160 2404 1162 τ
2419 1134 2828 1196 contempsere;

2025 1217 2079 1272 2.
2119 1215 2236 1273 Hoc
2288 1217 2478 1288 itaque
2507 1231 2610 1274 ceu
2654 1214 2937 1288 principio
2964 1214 3227 1286 quodam,
3263 1213 3379 1269 sive
3407 1211 3532 1269 fun-

1952 1305 2232 1373 damento,
2285 1307 2459 1361 menti
2507 1306 2810 1376 proposito,
2853 1311 2915 1358 ut
2955 1303 3218 1358 nimirum
3269 1302 3532 1359 ecclesia-

1953 1396 2119 1463 stica,
2152 1410 2252 1468 per
2285 1410 2452 1467 quam
2499 1395 2650 1451 salus
2694 1395 2931 1466 paritur,
2974 1393 3249 1450 institutio
3296 1390 3530 1449 tenenda

1953 1487 2046 1552 sit,
2097 1487 2340 1542 orationi
2401 1500 2660 1556 campum
2695 1486 2910 1556 aperui,
2965 1500 3075 1556 quo
3124 1481 3296 1538 veluti
3351 1495 3532 1552 equus

1953 1587 2105 1634 recte
2155 1577 2328 1633 frenis
2384 1576 2802 1647 obtemperans,
2831 1590 2864 1630 e
2905 1572 3526 1630 carceribusodimissus

1953 1675 2300 1724 excurreret.
2337 1665 2483 1724 Vere
2513 1667 2687 1734 enim,
2719 1681 2784 1722 ac
2806 1666 2952 1722 ultra
2982 1681 3149 1736 quam
3181 1665 3291 1720 dici
3331 1664 3529 1735 possit.

1954 1773 2122 1830 grave
2157 1759 2657 1828 calamitosumque
2703 1757 3042 1823 existimavi,
3091 1749 3392 1812 Ecclesiam
3449 1763 3534 1811 tot

1953 1849 2264 1926 {nigrantem
2289 1850 2697 1922 praerogatgivis,
2728 1857 2784 1906 et
2823 1848 3311 1904 sanctissimorum
3354 1847 3534 1903 ιιοωί-

261 1935 484 1992 ἄνωθεν
530 1937 899 2009 παραδόσεσιν
943 1938 1335 2008 ὼραῖσθεῖσαν,
1363 1937 1710 1993 παλινοστεῖν
1755 1939 1843 1993 ὲπὶ

1958 1958 2112 2009 num,
2143 1943 2411 2014 majorum
2459 1950 2777 1999 nostrorum
2822 1939 3206 1998 sanctionibus
3254 1948 3530 2020 ornatam,

257 2027 336 2084 τά
371 2028 566 2101 πτωχὰ
599 2031 862 2100 στοιχεῖα,
895 2029 1239 2102 φοϐουμένην
1275 2029 1460 2100 φόϐον,
1487 2021 1549 2084 οῦ
1588 2030 1690 2085 οὐκ
1731 2030 1848 2085 ἐστι

259 2117 438 2189 φόϐος
459 2133 476 2151 ·
518 2119 612 2173 καὶ
643 2119 832 2192 ὥσπερ
863 2120 965 2174 οὐκ
1003 2121 1306 2191 ἑγνωκυίαν
1351 2121 1446 2178 τὸν
1491 2122 1660 2188 ὅντως
1691 2121 1844 2188 Θεὸν,

258 2210 578 2280 ὑφορᾶσθαι
609 2211 700 2266 τὸν
733 2215 816 2277 είς
843 2211 1290 2286 είδωλολατρείαν
1334 2213 1548 2269 ϐλισθον
1567 2255 1583 2282 ,
1621 2215 1715 2270 καὶ
1744 2213 1846 2270 κᾶν

254 2300 403 2370 γοῦν
467 2302 526 2356 ὲν
585 2305 934 2376 σμικροτάτῳ
993 2307 1092 2377 τῆς
1157 2306 1493 2379 τελειότητος
1536 2307 1843 2376 λείπεσθαι,

207 2390 460 2478 ,ιῶσπιρ
503 2393 626 2449 τινὰ
677 2395 912 2468 στιγμὴν
955 2389 1344 2478 ξπίμονονίξίιὲν
1373 2399 1525 2470 μέσῳ
1549 2398 1844 2471 προσώπου

26 2485 52 2506 ε’
79 2487 84 2496 ’
111 2483 130 2497 "
175 2464 387 2542 Ἠλίαν
433 2464 1136 2562 ὡραϊσμένουνιρέροῦἆᾶν,
1171 2464 1619 2562 τίῖίῖάπδσφντοδ
1667 2509 1846 2564 παρα-

26 2585 62 2638 ,ι
108 2631 124 2662 γ,
149 2605 186 2626 .‹
215 2605 232 2640 ’χ
248 2576 617 2649 γράμματος,
647 2577 744 2632 τοῦ
789 2579 1020 2644 κάλλους
1049 2579 1111 2633 τὸ
1155 2582 1265 2634 πᾶν
1312 2581 1736 2654 λυμαινομένην.
1767 2582 1842 2637 Οὐ

111 2679 114 2688 ι
247 2669 370 2740 γὰρ
415 2669 615 2741 μικρὸν
642 2669 704 2724 τὸ
736 2671 953 2742 μικρὸν,
981 2672 1111 2727 ὅταν
1144 2673 1226 2736 εἰς
1278 2672 1422 2742 μέγα
1448 2672 1679 2746 ἐκφέρῃ»
1707 2674 1842 2728 ὅπου

37 2755 43 2764 .
87 2755 128 2818 ..ἐ
246 2778 318 2832 γε
356 2762 486 2817 οὐδὲ
524 2762 758 2834 σμικρὸν
793 2763 855 2817 τὸ
897 2765 1365 2836 παρεγχάραγμα,
1408 2765 1521 2820 ἄνω
1569 2783 1843 2838 κεκρατη-

169 5649 174 5676 -‘
289 5645 316 5680 ⁸
359 5642 530 5701 Psal.
591 5657 782 5711 cxvm,
825 5644 914 5702 46.
992 5645 1211 5703 ‘Galat.
1255 5664 1328 5714 IV,
1381 5647 1435 5703 9.

245 2857 427 2910 κυῖαν
459 2854 786 2927 Ἐκκλησίας
820 2855 1202 2928 ἀνατραπῆναι
1230 2857 1550 2929 παράδοσιν,
1578 2851 1666 2913 οἷα
1705 2875 1841 2913 κατ-

244 2946 628 3016 εγνωσμένων
693 2947 802 3001 τῶν
871 2947 1453 3022 προκαθηγησαμένων
1516 2951 1548 3020 ἡ
1559 2950 1700 3020 μᾶς,
1765 2941 1842 3006 ὧν

239 3035 436 3110 ἐχρῆν
483 3037 930 3111 ἀναθεωροῦντας
971 3038 1072 3110 τὴν
1123 3038 1502 3111 ἀναστροφὴν,
1555 3039 1841 3112 μιμεῖσθαι

236 3129 354 3200 τὴν
392 3129 601 3186 πίστιν.

318 3216 399 3288 γ’.
447 3218 762 3292 Ἐκλιπαρῶ
789 3221 992 3286 τοίνυν,
1027 3220 1246 3294 πρῶτον
1285 3222 1386 3294 μὲν
1411 3222 1504 3278 τὸν
1529 3226 1841 3298 παντοκρά-

1956 2033 2026 2089 ad
2058 2046 2232 2103 egena
2289 2032 2569 2089 elementa
2623 2031 2878 2088 converti
2905 2033 2950 2097 ⁵,
2997 2031 3230 2103 illicque
3255 2030 3534 2102 trepidare

1954 2125 2179 2190 timore,
2207 2122 2301 2180 ubi
2343 2138 2462 2180 non
2511 2132 2598 2181 est
2630 2123 2799 2180 timor
2824 2123 2868 2192 ⁸;
2899 2123 2946 2180 si
2986 2130 3251 2194 tanquam
3287 2122 3380 2178 Dei
3414 2123 3533 2178 veri

1953 2215 2161 2281 nescia,
2197 2216 2613 2288 prolapsionem
2649 2215 2718 2270 ad
2765 2215 3304 2271 idolorum~cultum
3333 2215 3532 2272 subve-

1953 2315 2162 2376 rcatur,
2198 2308 2393 2380 sicque
2420 2308 2508 2364 vel
2550 2307 2845 2363 minimum
2889 2321 2921 2362 a
2973 2305 3314 2378 perfectione
3356 2305 3534 2362 desci-

1953 2409 2094 2468 scat,
2126 2415 2191 2458 ac
2223 2401 2388 2473 quasi
2443 2415 2659 2458 naevum
2708 2400 3002 2473 quemdam
3051 2400 3378 2466 durabilem,
3434 2399 3531 2470 qui

1954 2494 2405 2551 inconcinnitates
2445 2509 2547 2552 sua
2573 2503 2921 2552 venustatem
2977 2508 3198 2550 omnem
3261 2493 3530 2560 maculet,

1951 2586 2008 2639 in
2046 2584 2448 2641 formosissimi
2505 2586 2622 2642 oris
2676 2585 2861 2642 medio
2910 2589 3112 2658 gestet.
3151 2582 3342 2656 Neque
3398 2597 3532 2638 vero

1950 2677 2164 2734 erroris
2193 2691 2368 2749 parva
2389 2684 2523 2734 nota
2551 2685 2656 2743 est,
2692 2685 2935 2735 veterem
2975 2675 3240 2733 Ecclesiae
3263 2674 3534 2746 disciplii-

1950 2785 2104 2837 nam,
2148 2769 2554 2827 consuetudine
2595 2770 2934 2835 roboratam,
2970 2769 3300 2834 convellere,
3352 2766 3530 2836 majo-

1949 2876 2152 2932 resque
2205 2871 2430 2919 nostros
2479 2875 2816 2934 quocunque
2854 2838 3021 2918 mod’o
3066 2860 3368 2925 damnare;
3397 2873 3531 2929 quot

1948 2967 2073 3008 rum
2151 2953 2640 3010 conversationem
2719 2953 3023 3022 intuentes,
3093 2951 3300 3007 imitari
3365 2950 3528 3007 tidem

1948 3044 2294 3115 oportebat‘.
2372 3042 2378 3047 ’

2023 3225 2080 3280 5.
2114 3223 2360 3280 Primum
2392 3222 2588 3294 igitur,
2639 3220 2841 3298 alvos
2883 3218 3078 3289 verba;
3107 3217 3384 3286 facturus,
3419 3230 3532 3272 om-

236 3327 390 3383 τορα
425 3311 654 3382 Κύριον,
761 3313 944 3384 γυμνὰ
987 3288 1164 3368 πάντα
1197 3288 1300 3368 καί
1333 3288 1807 3389 τετραχηλισμένα
1831 3333 1843 3350 ·

1953 3316 2293 3388 niputentem
2352 3288 2948 3384 Dominumel‘llagito,
2988 3288 3080 3366 cui
3129 3309 3529 3379 nuda-aperta-

234 3402 396 3476 πρὸς
425 3402 576 3472 ὑμᾶς
600 3405 628 3459 ὁ
655 3403 810 3472 λόγος
829 3420 845 3437 ο
875 3403 1056 3460 εἰδότα
1076 3405 1175 3477 τῆς
1194 3407 1457 3478 ταπεινῆς
1487 3425 1589 3480 μου
1621 3407 1850 3480 γνώμης

233 3497 304 3550 ὲν
340 3493 534 3565 τούτῳ
561 3495 623 3548 τὸ
651 3495 972 3566 ἀκραιφνὲς,
1001 3496 1098 3550 καὶ
1139 3494 1234 3551 τοῦ
1281 3498 1486 3552 σκοποῦ
1529 3499 1590 3554 τὺ
1617 3499 1848 3571 εἱλικρι-

235 3592 364 3657 νὲς,
408 3587 602 3642 δοῦναί
633 3605 722 3659 μοι
755 3588 917 3658 λόγον
955 3591 1013 3644 ὲν
1041 3589 1246 3657 ἀνοίξει
1294 3590 1566 3662 στόματός
1602 3607 1725 3663 μου,
1754 3593 1850 3647 καὶ

231 3679 345 3738 τοῦ
377 3676 484 3732 νοῦ
515 3678 616 3743 τάς
646 3679 803 3750 ἡνίας
845 3681 1075 3746 οἰκείαις
1119 3681 1310 3754 χερσὶν
1337 3683 1722 3758 ἀναδέξασθαι,
1753 3686 1850 3740 καὶ

233 3772 458 3828 τοῦτον
490 3769 630 3841 πρὸς
669 3772 862 3827 ἑαυτὸν
892 3773 1325 3863 ἐπισπάσασθαι,
1358 3776 1497 3848 πρὸς
1525 3759 1768 3833 ὲνὶῧπιόν
1787 3759 1856 3831 τέ

239 3866 349 3920 καὶ
401 3862 628 3918 εὐθεῖαν
656 3864 842 3936 τρίϐον
873 3865 972 3938 τὴν
1003 3855 1186 3939 ῥύμην
1233 3867 1590 3939 ποιούμενον,
1633 3868 1710 3940 μὴ
1756 3869 1850 3938 ἐγ-

237 3957 522 4014 κλίνοντα
546 3958 683 4028 πρὸς
708 3958 779 4012 τὰ
803 3958 1065 4016 δοκοῦντα
1091 3960 1259 4026 δεξιὰ,
1288 3961 1322 4032 ἢ
1357 3961 1622 4032 ἀριστερὰ
1647 3977 1848 4032 γνωρι-

229 4049 465 4120 ζόμενα
491 4063 506 4079 ο
545 4047 664 4118 μεθ’
691 4047 753 4102 ὃν
781 4048 996 4105 ἅπαντα
1028 4052 1120 4106 τὸν
1147 4051 1242 4106 τοῦ
1271 4050 1406 4108 Θεοῦ
1439 4051 1588 4118 λαὸν,
1612 4051 1676 4105 τὺ
1697 4049 1849 4116 ἔθνος

225 4141 298 4195 τὸ
330 4143 529 4210 ἅγιον,
555 4140 618 4193 τὺ
651 4139 921 4210 βασίλειον
953 4143 1276 4214 ἱεράτευμα,
1315 4143 1412 4198 σύν
1437 4141 1516 4214 τῷ
1542 4141 1694 4214 καλῷ
1719 4160 1844 4197 ποι-

231 4231 374 4304 μένι
410 4230 524 4301 τῆς
556 4229 782 4302 λογικῆς
811 4233 1050 4312 Χριστοῦ
1071 4232 1339 4312 ποίμνης,
1369 4232 1450 4304 τῷ
1475 4231 1573 4304 τὴν
1608 4231 1846 4305 Χριστοῦ

230 4321 552 4396 ἱεραρχίαν
590 4323 648 4375 ὲν
674 4323 854 4394 ἑαυτῷ
883 4313 1279 4395 ὑπογράφοντι,
1303 4323 1561 4389 δέξασθαί
1610 4341 1712 4395 μου
1749 4326 1846 4379 τὸν

226 4413 430 4482 λόγον,
468 4412 597 4483 μετ’
626 4411 940 4482 εὐμενείας·
992 4414 1068 4484 μὴ
1113 4413 1190 4485 τῷ
1223 4413 1492 4485 ἐλαχίστῳ
1541 4414 1641 4486 τῆς
1687 4413 1846 4480 ἀξίας

223 4505 658 4579 προσέχοντας,
689 4505 722 4576 ἢ
753 4503 928 4574 λόγων
970 4505 1372 4577 ἐπιζητοῦντας
1420 4506 1659 4578 στροφάς
1679 4521 1693 4537 ·
1719 4507 1846 4560 ἐπεὶ

221 4599 458 4652 τούτων
513 4596 579 4650 οὐ
619 4595 898 4660 παντελῶς
937 4597 1074 4669 ἴδρις
1119 4599 1148 4651 ὁ
1179 4597 1348 4668 πένης
1381 4596 1526 4666 ἐγώ·
1563 4597 1702 4652 ἀλλὰ
1742 4597 1843 4669 τῆς

218 4689 344 4743 τῶν
379 4685 690 4757 νοημάτων
721 4685 1004 4757 φροντίσαι
1032 4685 1339 4756 δυνάμεως.
1376 4687 1451 4740 Οὐ
1481 4686 1592 4759 γὰρ
1615 4689 1676 4740 ὲν
1695 4687 1842 4759 λόγῳ

220 4783 257 4851 ἡ
292 4776 575 4850 βασιλεία
623 4776 732 4831 τῶν
777 4776 1042 4848 οὐρανῶν,
1077 4776 1193 4830 ἀλλ’
1229 4779 1289 4830 ἐν
1332 4777 1581 4849 δυνάμει.
1623 4777 1699 4831 Οὐ
1731 4778 1842 4850 γὰρ

219 4871 358 4942 νικῆ
369 4886 473 4924 σαι
509 4866 742 4931 σκοπὸς,
763 4867 901 4921 ἀλλὰ
925 4871 993 4940 τῇ
1020 4867 1248 4939 ἀληθείᾳ
1275 4867 1659 4941 πολεμουμένῃ
1681 4873 1841 4942 χεῖρα

215 4958 447 5028 ὀρέξαι,
468 4956 581 5025 τῆς
609 4955 985 5027 προαιρέσεως
1012 4957 1314 5036 ὀρεγούαης
1346 4961 1504 5030 χεῖρα
1534 4959 1839 5031 δυνάμεως.

228 5049 505 5123 ’Δρωγὸν
527 5047 714 5102 τοίνυν
732 5051 831 5119 τὴν
856 5035 1230 5104 ἀνυπόστατον
1255 5051 1685 5123 ὲπικεκλημένος
1705 5053 1839 5126 ἀλή-

213 5143 408 5209 θειαν,
439 5135 708 5194 ἐντεῦθεν
731 5138 824 5192 τοῦ
855 5140 1014 5208 λόγου
1043 5141 1142 5205 τὰς
1165 5141 1340 5213 ἀρχὰς
1371 5143 1691 5214 ποιήσομαι.

291 5321 364 5376 δ’.
411 5315 566 5374 Οἶδα
609 5315 704 5370 τὸν
747 5316 992 5387 ἀψευδῶς
1043 5317 1304 5374 εἰπόνταο
1345 5335 1366 5371 t
1398 5317 1603 5389 Κύριος
1645 5320 1674 5372 ὁ
1703 5319 1837 5384 Θεός

211 5431 348 5479 σου,
388 5410 619 5482 Κύριος
645 5403 726 5473 εἷς
755 5409 891 5465 ἐστι.
923 5429 943 5462 ι
977 5409 1120 5462 Καί·
1157 5427 1178 5461 ι
1205 5409 1413 5480 Κύριον
1450 5411 1548 5465 τὸν
1576 5411 1708 5465 Θεόν
1739 5429 1833 5466 σου

209 5503 682 5579 προσκυνήσεις,
709 5501 807 5556 καὶ
859 5501 1010 5573 αὐτῷ
1063 5501 1211 5572 μόνῳ
1255 5501 1596 5573 λατρεύσεις.
1629 5523 1648 5557 ι
1683 5504 1792 5558 Καί
1815 5521 1834 5540 ο

207 5736 297 5786 vt,
332 5717 396 5772 4.

1544 5649 1566 5680 ⁸
1603 5647 1750 5704 Psal.
1802 5664 1898 5716 LII,
1938 5647 1991 5701 6.

1947 3423 2058 3480 que
2104 3417 2232 3462 sunt
2275 3406 2494 3472 omnia;
2545 3406 2634 3460 cui
2674 3418 2876 3476 purum
2909 3417 2974 3458 ac
3005 3401 3285 3457 sincerum
3340 3399 3529 3456 hacin

1948 3503 2108 3570 parte
2134 3495 2367 3552 humilis
2431 3509 2632 3552 sensus
2669 3495 2776 3551 mei
2840 3493 3188 3572 [impositum
3237 3499 3411 3562 patet,
3469 3500 3559 3547 ut-

1947 3587 2087 3644 mihi
2117 3587 2209 3645 det
2243 3599 2559 3643 sermonem
2609 3585 2668 3642 in
2720 3585 3013 3658 apertione
3061 3582 3200 3646 oris,
3229 3589 3285 3638 et
3323 3580 3528 3636 mentis

1949 3695 2085 3737 meae
2156 3680 2406 3736 habenas
2463 3678 2706 3750 propriis
2771 3677 3031 3734 manibus
3089 3673 3353 3742 tenendo,
3407 3688 3529 3730 eam

1949 3772 2017 3828 ad
2052 3771 2299 3844 seipsum
2331 3772 2550 3839 trahat;
2587 3785 2701 3843 quo
2736 3769 2796 3827 in
2826 3777 3129 3839 conspectu
3181 3767 3355 3838 ipsius
3377 3775 3530 3821 recto

1946 3861 2172 3918 tramite
2235 3871 2450 3935 pergat,
2508 3874 2611 3917 nec
2647 3859 2717 3916 ad
2765 3874 2828 3916 ea
2875 3858 3135 3921 declinet,
3165 3870 3289 3928 quae
3325 3854 3435 3912 sibi
3467 3853 3527 3910 in

1949 3955 2190 4026 speciem
2242 3969 2376 4010 vera
2411 3953 2686 4019 videntur,
2723 3959 2820 4006 aut
2855 3964 2980 4006 esse
3017 3948 3244 4006 sinistra
3287 3945 3524 4003 noverit.

1949 4045 2161 4102 Dehinc
2231 4059 2430 4117 precor
2473 4045 2792 4100 universam
2853 4041 2947 4097 Dei
3003 4040 3244 4112 plebem,
3310 4043 3525 4109 gentem

1949 4145 2223 4203 sanctam,
2261 4137 2444 4208 regale
2497 4134 2894 4199 sacerdotium,
2945 4146 3058 4187 una
3097 4146 3225 4187 cum
3254 4129 3403 4184 bono
3439 4142 3524 4183 ra-

1949 4231 2179 4287 tionalis
2227 4229 2411 4302 gregis
2457 4228 2666 4284 Christi
2719 4236 2962 4298 pastore,
3012 4223 3110 4296 qui
3158 4235 3436 4279 summum
3469 4221 3527 4275 in

1947 4321 2249 4392 semetipso
2281 4319 2492 4377 Christi
2536 4316 2910 4374 sacerdotium
2966 4313 3249 4392 exprimit,
3278 4320 3339 4366 ut
3366 4309 3527 4370 libel-

1945 4415 2060 4470 lum
2093 4414 2311 4469 huncce
2365 4426 2546 4468 meum
2595 4409 2861 4467 benevolo
2885 4407 3166 4478 excipiant
3197 4407 3384 4460 animo
3411 4424 3426 4458 :
3455 4418 3527 4459 ne

1946 4506 2031 4560 vel
2063 4504 2388 4576 dignitatem
2439 4516 2562 4573 quae
2610 4503 2668 4556 in
2727 4515 2818 4556 me
2849 4499 3152 4570 perexigua
3201 4504 3309 4561 est,
3348 4493 3525 4565 respi-

1947 4594 2121 4662 ciant,
2153 4595 2236 4650 vel
2271 4593 2568 4649 verborum
2617 4597 2816 4656 artem,
2845 4605 2956 4660 qua
3009 4602 3213 4660 egenus
3234 4601 3338 4658 ego
3375 4581 3522 4638 haud

1946 4686 2084 4743 satis
2138 4684 2338 4756 polleo,
2389 4681 2488 4738 sed
2534 4681 2936 4738 sententiarum
2976 4679 3164 4750 potius
3197 4677 3307 4733 vim
3341 4682 3523 4730 atten-

1947 4779 2106 4836 dant.
2138 4777 2261 4834 Non
2290 4775 2443 4833 enim
2477 4776 2534 4830 in
2559 4789 2841 4839 sermone,
2887 4772 2983 4829 sed
3014 4775 3071 4828 in
3103 4771 3305 4826 virtute
3333 4772 3524 4826 consi-

1921 4870 2042 4928 ‘stit
2072 4883 2301 4940 regnum
2348 4866 2614 4923 caelorum
2641 4867 2686 4922 ν.
2723 4864 2846 4921 Non
2898 4865 3145 4929 vincere,
3195 4863 3294 4918 sed
3342 4863 3520 4934 impu-
3585 4935 3601 4950 ο

1943 4967 2128 5033 gnatae
2166 4957 2394 5014 veritati
2435 4971 2596 5027 opem
2637 4955 2785 5011 ferre
2836 4953 3180 5026 psopositum
3234 4952 3366 5007 mihi
3411 4961 3517 5017 est,

1942 5051 2174 5108 virtutis
2225 5064 2449 5106 manum
2505 5047 2962 5105 subministrante
3008 5047 3151 5103 bona
3213 5045 3517 5101 voluntate.

1947 5143 2316 5210 Quamobrem
2374 5139 2682 5197 substantis
2738 5139 2989 5195 veritatis
3041 5139 3335 5210 implorata
3391 5154 3515 5210 ope,

1944 5235 2075 5290 hinc
2110 5232 2382 5288 orationis
2414 5229 2746 5301 principium
2778 5230 2998 5288 ducam.
3505 5215 3507 5217 1

2015 5325 2068 5380 4.
2096 5323 2250 5378 lllum
2283 5323 2410 5378 novi
2445 5321 2540 5392 qui
2574 5323 2715 5377 citra
2765 5321 3109 5377 mendacium
3141 5321 3283 5377 dixit
3311 5339 3324 5376 :
3354 5320 3520 5392 309

1952 5414 2260 5471 «Dominus
2285 5412 2430 5470 Deus
2463 5422 2610 5480 tuus,
2657 5413 2924 5468 Dominus
2963 5428 3116 5468 unus.
3136 5422 3219 5469 est
3243 5412 3284 5467 ⁸.
3322 5431 3342 5466 ι
3405 5412 3515 5470 Et:

1948 5524 1968 5558 ι
2005 5503 2296 5558 Dominum
2345 5501 2513 5557 Deum
2547 5508 2704 5555 tuum
2736 5501 3020 5568 adorabis,
3049 5509 3104 5556 et
3156 5503 3238 5558 illi
3269 5502 3372 5558 soli
3400 5517 3518 5558 ser-

2099 5641 2317 5698 6liebr.
2375 5655 2502 5706 xm,
2563 5645 2614 5697 7.
2722 5642 2788 5696 ἰ
2846 5641 2974 5696 Cor.
3023 5658 3084 5706 ιι,
3135 5643 3188 5697 5.
3301 5639 3511 5698 'Deut.

2722 5642 2788 5696 ἰ
2846 5641 2974 5696 Cor.
3023 5658 3084 5707 ιι,
3135 5643 3188 5697 5.

1544 5778 1779 5836 VARl/E
1834 5779 2237 5838 LECTIONES.
3321 5845 3328 5850 ,

296 5875 588 5936 [Dillius
628 5871 914 5942 legendum
955 5873 1247 5958 ξπίμωμον
1278 5881 1433 5944 putat
1463 5893 1475 5930 :
1506 5884 1559 5931 et
1593 5874 1754 5945 paulo
1778 5889 1843 5943 po

1946 5876 2198 5932 emendat
2222 5875 2434 5958 άτόπῳ,
2467 5873 2946 5958 Ριέρ-άπόσῳῐιοο
2977 5874 3304 5950 ist_it;_male.
