3926 6292
523 23 538 42 ἰ
1069 15 1076 24 ·
1151 6 1224 26 νυ·
1321 4 1387 36 vx
1455 2 1731 52 aeut-1...
1785 2 1850 28 λ-

2149 0 2682 60 ιιι-ιν
3011 0 3120 35 νυ-
3205 0 3502 62 trama»...
3625 47 3650 70 ρ.

541 109 548 116 -
619 89 687 126 .i'.
727 81 774 134 ιι,
863 93 920 144 *χι
1009 71 1112 131 μιν.
1164 73 1338 132 iatn",
1412 99 1427 123 ι
1485 91 1634 136 ’.ιξινὶ
1867 79 1892 114 ίλ
1931 86 2009 120 1M)

2184 65 2364 138 Elii-MV“
2399 104 2413 128 ι
2543 61 2825 136 ικνιῆτσὲειῌέι
2915 62 2946 128 it
2999 95 3040 124 tu
3067 97 3088 120 ιι
3217 63 3284 122 *ιι-,ι
3337 95 3360 120 r.
3395 101 3406 132 ί
3441 117 3448 130 _.
3513 91 3531 124 Δ
3685 89 3704 122 ἕ
3731 57 3756 100 δ

891 143 903 167 ὓ
1703 145 1708 166 l

546 174 652 228 N‘
733 191 802 222 rs‘l,’
825 193 880 224 ’,ευ
951 166 990 220 ἰὴ
1061 169 1120 226 ἶξὶ
1160 165 1290 226 [nihil
1374 179 1424 214 ’.ἶ
1453 154 1538 212 Ὶίιζ
1685 167 1712 214 ³..
1771 171 1858 196 ”Ι¹,”’
1917 173 2044 202 “‹’“¹“

2149 149 2188 198 ’é
2227 155 2234 170 ³
2280 177 2334 202 δικ
2457 176 2500 206 ν,
2557 143 2700 209 είλλλ
2751 194 2772 200 -.
2826 147 3044 216 έηθίιυῖι
3215 162 3442 218 ,Ἄτα-ιίτι
3493 191 3532 219 ⁸.

461 348 597 416 1235
1650 348 1710 407 S.
1747 344 2066 407 JOANNIS
2109 343 2538 404 DAMASCENI
3489 389 3500 398 .
3581 338 3740 404 1236

458 462 592 517 vies'
620 461 660 510 ’.
697 477 715 510 ι
757 459 887 512 ltem
917 475 930 511 :
961 475 980 508 ι
1016 457 1134 512 Non
1165 457 1337 512 {acies
1379 455 1476 512 tibi
1513 455 1798 526 sculptile,
1815 469 2032 510 omnem

2149 471 2160 504 ι
2197 453 2310 506 Ούκ
2341 451 2555 506 ἔσονταί
2597 468 2679 504 σοι
2710 449 2824 505 θεοὶ
2851 450 3051 520 ἕτεροι.
3083 466 3100 500 ι
3137 447 3280 503 Καί·
3318 465 3338 500 ι
3365 446 3441 502 Ού
3471 450 3740 520 ποιήσεις

456 550 876 609 similitudinem
921 564 1114 604 eorum
1179 564 1305 620 quae
1341 549 1398 603 in
1439 547 1581 604 caelo
1620 555 1750 604 sunt
1782 561 2032 609 sursum,

456 650 512 695 ct
543 656 666 710 quae
705 641 759 694 in
796 650 948 696 terra
981 639 1242 696 deorsum
1271 641 1337 696 ¹⁶.
1381 659 1401 693 ι
1457 640 1522 694 Et
1557 659 1571 694 :
1629 656 1647 690 ι
1676 636 2032 694 Conl‘undan-

458 741 552 787 tur
578 747 774 788 omnes
831 732 926 803 qui
981 732 1224 787 adorant
1277 732 1556 802 scnlptilia
1593 732 1657 788 ".
1693 748 1712 783 ι
1756 729 1981 786 Necnon
2017 745 2031 783 :

466 844 485 877 ι
519 823 755 880 Pereant
807 825 924 890 dii,
971 824 1065 895 qui
1115 840 1226 880 non
1290 824 1545 880 fecerunt
1587 823 1790 878 cmlttm
1832 833 1886 877 et
1931 833 2037 876 ter-

460 934 576 972 ram
620 919 695 984 ¹²;
735 936 753 970 ι
792 918 1010 986 aliaque
1036 917 1253 972 illorum
1295 915 1522 981 similia,
1560 930 1684 983 qua:
1727 929 1852 969 cum
1904 913 2034 968 olim

460 1009 681 1065 loculus
702 1016 850 1064 esset
872 1007 1016 1062 Deus
1036 1007 1290 1078 patribus
1312 1007 1365 1062 in
1393 1008 1696 1078 prophetis,
1719 1007 2036 1063 novissimis

455 1099 656 1156 diebus
713 1100 838 1154 istis
869 1099 1092 1154 locutus
1147 1106 1234 1154 est
1279 1098 1443 1154 nobis
1475 1100 1530 1154 in
1570 1096 2037 1168 unigenito,Filio

457 1203 591 1255 suo,
649 1204 746 1259 per
771 1203 938 1259 quem
968 1187 1098 1243 fecit
1129 1196 1185 1243 et
1237 1188 1439 1244 secula
1466 1189 1530 1240 ".
1568 1187 1729 1244 lllum
1769 1188 1895 1244 novi
1943 1189 2036 1258 qui

462 1279 584 1334 ait:
621 1298 640 1332 ι
676 1277 801 1334 Ηωο
834 1289 919 1336 est
944 1280 1056 1335 vita
1108 1289 1341 1344 interna,
1391 1287 1451 1335 ut
1483 1289 1830 1349 cognoscant
1862 1289 1914 1335 te
1948 1295 2040 1336 so-

465 1369 578 1422 lum
612 1367 784 1422 Deum
819 1383 1035 1434 verum,
1068 1379 1126 1424 et
1163 1384 1330 1440 quem
1385 1370 1592 1426 misisti
1632 1369 1822 1426 Jesum
1878 1369 2038 1425 Chri-

465 1467 616 1513 stum
644 1458 757 1515 “.v
812 1459 994 1515 Credo
1045 1459 1102 1514 in
1143 1476 1312 1515 unum
1369 1461 1564 1526 Deum,
1626 1477 1800 1518 unum
1853 1477 2036 1518 rerum

465 1552 714 1606 omnium
741 1553 1076 1622 principium
1100 1595 1116 1619 ,
1149 1553 1312 1609 initio
1345 1560 1399 1609 et
1427 1555 1705 1626 principio
1733 1562 2038 1620 carentem,

469 1644 800 1711 iucreatum,
880 1644 1146 1700 interitus
1217 1647 1469 1701 nescium
1533 1653 1592 1703 et
1645 1646 2038 1714 immortalem,

465 1742 735 1790 aeternum
782 1747 839 1793 et
869 1745 1218 1808 perpetuum,
1268 1737 1815 1808 incomprehensum,
1845 1739 2042 1796 invisi-

2138 545 2400 614 γλυπτὸν,
2437 545 2550 598 πᾶν
2589 543 2864 615 ὁμοίωμα,
2891 543 2993 596 ὅσα
3025 543 3084 595 ὲν
3117 540 3197 612 τῷ
3220 539 3435 612 οὐρανῷ
3463 540 3598 605 ἀνω,
3632 544 3740 595 καὶ

2136 639 2238 692 ὅσα
2271 639 2330 691 ὲν
2353 639 2420 709 τῇ
2449 639 2521 708 γῇ
2549 635 2724 692 κάτω.
2755 655 2774 688 ι
2814 634 2954 690 Καίο
2983 651 3003 685 ι
3034 633 3491 704 Αἰσχυνθήτωσαν
3521 633 3738 697 πάντες

2137 731 2189 784 οἱ
2235 729 2672 802 προσκυνοῦντες
2709 729 2823 792 τοῖς
2858 727 3138 796 γλυπτοῖς.
3173 743 3192 777 ι
3241 725 3351 779 Καί
3373 741 3390 758 ο
3447 745 3466 778 ι
3493 725 3646 790 Θεοὶ,
3681 725 3734 779 οἳ

2139 823 2230 878 τὸν
2261 823 2493 894 οὐρανὸν
2541 823 2637 878 καὶ
2671 821 2773 892 τὴν
2799 821 2902 892 γῆν
2943 819 3044 873 οὐκ
3089 817 3376 890 ἐποίησαν,
3407 817 3738 872 ἀπολέσθω-

2139 933 2242 968 σαν
2260 931 2276 946 ο
2311 933 2331 967 ι
2367 916 2462 968 καὶ
2487 915 2589 967 ὅσα
2618 911 3049 982 τοιουτοτρόπως
3075 909 3245 964 πάλαι
3270 910 3298 962 ό
3324 909 3458 973 Θεὸς
3479 909 3737 979 λαλήσας

2137 1007 2250 1069 τοῖς
2279 1004 2553 1076 πατράσιν
2599 1004 2658 1056 ὲν
2702 1002 2815 1064 τοῖς
2853 999 3183 1071 προφήταις,
3213 998 3300 1051 ἐπ’
3325 997 3568 1068 ἐσχάτων
3611 997 3735 1050 τῶν

2138 1098 2364 1169 ἡμερῶν
2409 1095 2673 1167 ἐλάλησεν
2703 1095 2836 1165 ἡμῖν
2865 1095 2922 1147 ὲν
2952 1092 3030 1161 τῷ
3059 1093 3344 1162 μονογενεῖ
3387 1088 3554 1146 αὐτοῦ
3583 1088 3733 1158 Υἱῷ,

2138 1191 2207 1244 δι’
2236 1185 2298 1246 οὗ
2330 1189 2427 1244 καὶ
2460 1189 2589 1252 τοὺς
2616 1185 2820 1249 αἰῶνας
2849 1183 3128 1256 εποίησεν.
3161 1181 3295 1238 οἶδα
3324 1182 3414 1238 τὸν
3459 1182 3694 1236 εἰπόντα
3717 1197 3732 1212 ·

2144 1299 2164 1334 ι
2191 1279 2341 1349 Αὕτη
2377 1278 2435 1332 δέ
2468 1282 2616 1332 ἔστιν
2661 1277 2696 1346 ἡ
2749 1275 2969 1338 αἰώνιος
3008 1273 3146 1344 ζωὴ,
3179 1273 3266 1327 ῐνα
3296 1271 3612 1342 γινώσκωσι
3647 1289 3735 1334 σε,

2139 1373 2230 1426 τὸν
2273 1371 2432 1442 μόνον
2462 1367 2717 1439 ἀληθινὸν
2743 1366 2898 1432 Θεὸν,
2933 1364 3032 1420 καὶ
3061 1363 3120 1418 ὃν
3155 1364 3487 1429 ἀπέστειλας
3513 1365 3737 1436 Ἰησοῦν

2139 1463 2399 1536 Χριστόν.
2429 1480 2449 1515 ι
2482 1459 2730 1516 Πιστεύω
2772 1460 2854 1524 εἰς
2895 1458 2993 1513 ἱνα
3019 1457 3176 1523 Θεὸν,
3209 1457 3342 1528 μίαν
3370 1457 3480 1511 τῶν
3504 1456 3737 1510 πάντων

2139 1555 2336 1626 ἀρχὴν,
2363 1554 2621 1625 ἄναρχον,
2649 1551 2926 1614 ἀκτιστον,
2957 1548 3266 1620 ἀνώλεθρον
3300 1549 3395 1603 καὶ
3432 1547 3731 1610 ἀθάνατον,

2140 1648 2359 1704 αἰώνιον
2399 1646 2496 1702 καὶ
2537 1644 2730 1710 ἀΐδιον,
2769 1643 3180 1714 ἀκατάληπτον,
3208 1639 3523 1713 ἀσώματον,
3558 1641 3734 1710 ἀόρα-

2140 1757 2253 1807 τον,
2289 1738 2726 1810 ἀπερίγραπτον,
2756 1735 3196 1806 ἀσχημάτιστον·
3245 1732 3376 1807 μίαν
3401 1733 3735 1814 ύπερούσιον
3785 1769 3792 1776 -

466 1826 658 1894 bilem,
707 1828 1281 1896 incircumscriptum,
1319 1830 1507 1899 figurae
1535 1837 1815 1900 expertem
1847 1845 1863 1884 :
1909 1831 2043 1886 sub-

2149 1832 2350 1898 οὐσίαν,
2401 1828 2668 1900 ύπὲρθεον
2713 1827 2984 1898 θεότητα,
3028 1826 3087 1880 ὲν
3135 1825 3320 1897 τρισὶν
3370 1824 3730 1890 ὑποστάσεσι,

467 1919 730 1974 stantiam
756 1934 946 1975 ~unam
995 1935 1164 1990 supra
1222 1921 1548 1977 substantia:
1584 1923 1876 1988 rationem,
1917 1923 2042 1980 Dei-

467 2018 640 2064 tatem
693 2025 863 2080 supra
929 2025 1096 2079 quam
1153 2010 1421 2079 divinam,
1483 2013 1538 2067 in
1562 2012 1741 2069 tribus
1768 2013 2042 2084 personis,

467 2101 636 2176 Patre
661 2109 713 2156 et
737 2100 882 2157 Filio
909 2110 966 2158 et
1017 2100 1228 2173 Spiritu
1275 2113 1468 2160 saneto
1505 2123 1518 2159 :
1564 2104 1670 2176 ipsi
1701 2105 1805 2161 soli
1839 2104 2041 2170 servio,

469 2175 574 2262 ipsi
637 2193 741 2248 soli
809 2191 986 2248 latrize
1044 2194 1257 2250 cultum
1330 2175 1599 2252 adhibeo.
1647 2195 1817 2250 Deum
1870 2211 2042 2251 unum

467 2283 662 2349 adoro,
717 2284 986 2340 Deitatem
1041 2301 1232 2351 unam,
1282 2287 1379 2342 sed
1435 2295 1492 2343 et
1549 2287 1810 2343 Trinitati
1859 2287 2045 2345 servio

469 2388 860 2443 personarum,
902 2389 1099 2446 nempe
1154 2375 1268 2431 Deo
1315 2375 1494 2443 Patri,
1537 2385 1593 2433 et
1645 2375 1757 2433 Deo
1791 2374 1931 2432 Filio
1966 2377 2044 2432 in-

470 2475 721 2534 carnato,
765 2475 822 2526 et
858 2468 968 2525 Deo
1005 2470 1237 2540 Spiritui
1279 2479 1514 2536 sancto;
1551 2471 1648 2526 uni
1697 2479 1880 2527 tamen
1911 2470 2042 2527 Deo.

468 2559 748 2616 Creaturze
801 2575 911 2616 non
959 2561 1146 2618 servio
1187 2562 1372 2632 potius
1416 2579 1582 2633 quam
1614 2564 1908 2631 Creatori;
1946 2579 2043 2619 ve-

469 2668 591 2706 rum
632 2652 739 2722 ipsi
789 2651 1063 2720 Creatori,
1097 2654 1193 2723 qui
1233 2654 1557 2730 ἕρξῃς-μιᾷ
1599 2663 1825 2712 creatus
1867 2655 2045 2710 factus

468 2751 575 2808 est,
611 2751 778 2814 atque
807 2744 946 2820 citra
987 2736 1073 2800 sui
1122 2744 1539 2816 depressionem
1583 2760 1649 2801 ac
1677 2746 2046 2818 dejectionem

469 2836 534 2890 ad
565 2844 879 2891 creaturam
913 2837 1221 2900 descendit,
1275 2847 1333 2892 ut
1381 2847 1632 2892 naturam
1672 2853 1848 2894 meam
1878 2838 2048 2894 coho-

471 2934 739 2992 nestaret,
767 2928 1080 2996 divinaeque
1110 2937 1324 2982 natura:
1355 2944 1441 2982 me
1471 2915 2043 2984 consortem’iaceret.

470 3017 645 3071 Simul
675 3032 800 3071 cum
838 3032 966 3087 rege
1001 3034 1065 3072 ac
1113 3018 1244 3086 Deo,
1297 3020 1574 3090 corporis,
1605 3027 1664 3073 ut
1699 3020 1774 3074 ita
1829 3020 2046 3090 loquar,

473 3122 772 3177 purpuram
813 3106 1018 3174 adoro;
1058 3122 1170 3162 non
1214 3115 1397 3164 tamen
1428 3117 1701 3177 quatenus
1752 3109 2045 3167 indumen-

473 3205 611 3261 tum,
639 3212 817 3266 neque
845 3206 905 3252 ut
930 3205 1182 3266 quartam
1226 3213 1548 3268 personam,
1579 3201 1673 3255 sed
1715 3209 1773 3256 ut
1801 3217 1921 3271 quae
1955 3217 2051 3271 pa-

473 3287 608 3342 riter
636 3287 868 3342 exsistat
927 3287 1092 3355 Deus,
1121 3288 1382 3360 idemque
1413 3289 1624 3360 absque
1667 3291 2064 3354 immutatione.

433 3417 451 3434 .
474 3376 618 3432 facta
655 3375 976 3449 fuerit_curu
1012 3393 1100 3442 eo,
1129 3378 1278 3449 quod
1309 3394 1430 3434 eam
1470 3379 1712 3436 inunxit.
1749 3379 1867 3438 Non
1903 3382 2050 3437 enim

475 3435 890 3546 lHIJ._l1[a_§iil‘|§S
925 3467 982 3522 in
1027 3435 1296 3526 Deitatem
1331 3469 1548 3538 evasit;
1581 3471 1676 3526 sed
1698 3471 2054 3540 quemadmo-

472 3555 605 3609 dum
648 3554 888 3611 Verbum
941 3571 1171 3614 manens
1203 3558 1256 3613 id
1294 3559 1440 3630 quod
1467 3569 1608 3628 erat,
1643 3561 1766 3618 sine
1816 3577 2054 3617 conver-

474 3648 630 3702 sione
680 3663 812 3704 caro
843 3649 1051 3706 factum
1093 3658 1215 3716 cst;
1255 3651 1338 3708 sic
1387 3668 1606 3722 quoque
1652 3668 1784 3708 caro
1813 3651 2050 3710 Verbum

477 3736 620 3793 facta
673 3749 780 3808 est,
833 3755 946 3795 non
974 3741 1241 3799 amittens
1289 3743 1342 3798 id
1371 3742 1522 3814 quod
1553 3752 1674 3810 est;
1706 3744 1842 3816 quin
1866 3745 2052 3813 potius

478 3828 620 3898 idem
677 3845 803 3885 cum
859 3831 1042 3888 Verbo
1089 3833 1396 3889 secundum
1455 3834 1797 3906 hypostasim
1836 3833 2049 3892 eﬂ'ecta.

475 3921 846 3986 Quamobrem
906 3923 1204 3981 invisibilis
1268 3927 1364 3982 Dei
1417 3926 1714 3996 imaginem
1763 3926 2054 3984 ell'ormare

477 4028 589 4067 non
613 4013 832 4082 dubito,
866 4029 975 4070 non
1017 4031 1127 4087 qua
1179 4017 1479 4076 invisibilis
1510 4029 1616 4083 est,
1651 4020 1748 4075 sed
1787 4036 1897 4090 qua
1926 4035 2052 4090 pro-

2146 1925 2344 1996 Πατρὶ,
2373 1922 2468 1978 καὶ
2497 1921 2635 1992 Υίῷ,
2666 1921 2762 1976 καὶ
2789 1920 2932 1990 ἁγίῳ
2960 1917 3264 1990 Πνεύματι,
3299 1917 3394 1972 καὶ
3419 1916 3596 1985 τούτῳ
3627 1917 3733 1987 μό-

2145 2033 2222 2088 νῳ
2252 2014 2522 2087 λατρεύω,
2553 2013 2648 2066 καὶ
2679 2011 2856 2082 τούτῳ
2889 2010 3038 2082 μόνῳ
3064 2009 3330 2082 προσάγω
3484 2009 3602 2082 τῆς
3629 2008 3734 2082 λε.
3768 2001 3776 2048 l

2145 2110 2334 2184 τρείας
2375 2107 2769 2185 προσκύνησιν.
2786 2103 2904 2159 Ἑνὶ
2933 2102 3056 2174 Θεῷ
3099 2101 3418 2175 προσκυνῶ,
3464 2102 3564 2172 μιᾷ
3609 2100 3734 2154 θεό-

2143 2187 2304 2273 τητιί·
2353 2199 2489 2256 ἀλλὰ
2530 2200 2629 2254 καὶ¹
2661 2196 2855 2268 Τριάδι
2903 2194 3155 2266 λατρεύω
3201 2192 3573 2256 ύποστάσεων,
3606 2190 3735 2261 Θεῷ

2151 2293 2344 2365 Πατρὶ,
2372 2293 2469 2346 καὶ
2513 2289 2633 2361 Θεῷ
2662 2289 2777 2355 Υίῷ
2811 2285 3240 2359 σεσαρκωμένῳ,
3277 2284 3376 2339 καὶ
3419 2283 3540 2354 Θεῷ
3586 2283 3738 2352 ἀγίῳ

2152 2379 2452 2449 Πνεύματι,
2486 2378 2568 2431 ἑνὶ
2611 2375 2749 2446 Θεῷ.
2783 2375 2858 2430 Ob
2911 2373 3205 2444 προσκυνῶ
3247 2375 3316 2445 τῇ
3368 2373 3547 2426 κτίσει
3578 2373 3739 2443 παρά

2145 2472 2238 2525 τὸν
2264 2470 2550 2534 κτίσαντα,
2572 2468 2710 2522 άλλά
2737 2466 3031 2539 προσκυνῶ
3051 2466 3142 2520 τὸν
3165 2466 3415 2537 κτίστην,
3439 2465 3737 2519 κτισθέντα

2145 2559 2206 2614 τὸ
2251 2558 2372 2613 κατ’
2407 2557 2532 2630 εμὲ,
2569 2557 2663 2610 καὶ
2695 2558 2774 2619 εἰς
2813 2556 2993 2609 κτίσιν
3020 2553 3412 2618 ἀταπεινώτως
3441 2555 3536 2609 καὶ
3580 2555 3728 2608 ἀκα-

2147 2651 2414 2722 θαιρέτως
2445 2648 2872 2720 κατεληλυθότα,
2901 2648 2990 2702 ἵνα
3016 2646 3114 2718 τὴν
3144 2645 3285 2718 ἐμὴν
3313 2645 3516 2719 δοξάσῃ
3543 2645 3736 2715 φύσιν,

2148 2743 2242 2796 καὶ
2275 2740 2430 2806 θείας
2465 2739 2726 2794 κοινωνὸν
2755 2738 3144 2810 ἀπεργάσηται
3173 2737 3412 2808 φύσεως.
3443 2739 3748 2817 Συμπροιξ
3833 2745 3852 2754 ”

2148 2829 2295 2885 κυνῶ
2326 2829 2407 2900 τῷ
2441 2829 2649 2901 βασιλεῖ
2679 2829 2774 2884 καὶ
2797 2828 2936 2900 Θεῷ,
2963 2828 3400 2904 τῂν-,ἁλουργίδα
3418 2829 3512 2902 τοῦ
3540 2825 3744 2900 σώμαέ

2147 2939 2261 2996 τρς,
2294 2923 2392 2994 οὐχ
2426 2923 2502 2986 ὼς
2537 2923 2774 2992 ἱμάτιον,
2799 2921 2922 3004 οὐδὲ
2971 2920 3047 2986 ῶς
3094 2921 3360 3010 thapsia?
3397 2922 3692 2994 πρόσωπον
3715 2921 3732 2934 ’
3796 2923 3802 2936 '

2150 3016 2332 3082 ἄπαγε
2352 3031 2366 3046 ·
2396 3013 2514 3068 ἀλλ’
2543 3013 2619 3077 ὡς
2647 3011 2877 3084 όμόθεον
2903 3012 3347 3083 χρηματίσασαν,
3377 3012 3472 3066 καὶ
3503 3011 3740 3081 γενομέ-

2150 3119 2248 3174 νην
2274 3103 2412 3174 ὅπερ
2437 3102 2500 3156 τὸ
2529 3105 2726 3174 χρῖσαν
2756 3101 3172 3173 ἀμεταϐλὴτως.
3203 3101 3279 3155 Ού
3307 3101 3416 3172 γὰρ
3471 3101 3663 3171 θεότης
3697 3102 3735 3171 ἡ

2151 3195 2317 3270 φύσις
2343 3195 2534 3276 γέγονε
2567 3195 2667 3276 τῆς
2700 3194 2924 3264 σαρκὸς,
2951 3193 3068 3248 ἀλλ’
3094 3193 3284 3265 ὥσπερ
3315 3195 3344 3248 ό
3377 3193 3548 3262 Λόγος
3596 3193 3738 3263 σάρξ

2150 3275 2438 3363 ἀτρέπτως
2477 3275 2693 3360 γιγονε,
2728 3291 2916 3363 μείνας
2951 3293 3089 3362 ὅπερ
3116 3287 3206 3363 ἦν,
3241 3290 3387 3345 οὕτω
3417 3292 3568 3362 καὶὴ
3598 3290 3740 3360 σὰρξ

2151 3381 2323 3450 Λόγος
2350 3381 2594 3450 γέγονεν,
2627 3381 2726 3436 ούκ
2760 3381 3078 3436 ἀπολέσασα
3101 3381 3250 3435 τοῦθ’
3281 3383 3418 3452 ὅπερ
3442 3381 3585 3445 ἐστὶ,
3605 3398 3738 3461 ταυ-

2151 3473 2409 3544 τιζομένη
2434 3473 2491 3527 δι
2521 3472 2724 3544 μᾶλλον
2757 3473 2894 3544 πρὸς
2921 3473 3012 3528 τὸν
3043 3473 3216 3538 Λόγον
3250 3472 3375 3527 καθ’
3413 3473 3734 3529 ὑπόστασιν.

2154 3563 2246 3616 Διὸ
2267 3562 2511 3636 θαρρῶν,
2527 3564 2780 3627 είκονίζω
2801 3564 2935 3618 Θεὸν
2961 3563 3050 3618 τὸν
3069 3563 3322 3633 ἀόρατον,
3348 3565 3446 3634 ούχ
3469 3563 3546 3628 ὡς
3567 3565 3739 3634 ἀόρα-

2149 3671 2242 3708 τον
2265 3694 2280 3718 ,
2316 3655 2433 3710 ἀλλ’
2459 3655 2536 3718 ὡς
2584 3656 2780 3726 ὁρατὸν
2829 3656 2897 3710 δι’
2923 3656 3073 3727 ἡμᾶς
3128 3655 3460 3727 γενόμενον,
3521 3655 3740 3727 μεθέξει

2152 3747 2357 3818 σαρκός
2407 3765 2468 3802 τε
2516 3747 2613 3803 καὶ
2650 3749 2902 3820 αἵματος.
2937 3751 3012 3802 υύ
3063 3749 3164 3820 τὴν
3210 3750 3445 3817 ἀόρατον
3489 3750 3739 3812 είκονίζω

2151 3836 2402 3909 θεότητα,
2429 3837 2549 3892 ἀλλ’
2575 3839 2826 3905 είκονίζω
2871 3840 3010 3895 Θεοῦ
3057 3841 3159 3912 τὴν
3198 3839 3497 3911 όραθεῖσαν
3538 3841 3738 3912 σάρκα.

2150 3929 2214 3982 Ei
2237 3928 2346 4000 γὰρ
2364 3928 2545 4000 ψυχὴν
2569 3929 2833 3984 είκονίσαι
2859 3931 3168 4000 ἀμήχανον,
3187 3930 3342 4001 πόσῳ
3365 3929 3568 4001 μᾶλλον
3585 3931 3740 3994 Θεὸν,

2149 4019 2244 4074 τὸν
2274 4019 2368 4074 καὶ
2395 4023 2460 4093 τῇ
2493 4019 2642 4092 ψυχῇ
2671 4020 2833 4076 δόντα
2861 4022 2925 4074 τὸ
2949 4021 3136 4090 sum;

478 4118 596 4177 pter
631 4125 732 4167 nos
769 4111 926 4168 carni
954 4119 1010 4170 et
1035 4113 1294 4184 sanguini
1329 4114 1722 4184 participando
1750 4116 1815 4181 ’⁵,
1851 4115 2032 4172 factus
2053 4122 2140 4172 est
2169 4115 2424 4172 visibilis.
2477 4113 2718 4189 lmagine
2767 4131 2878 4172 non
2922 4114 3208 4182 Deitatem,
3253 4115 3350 4171 sed
3389 4122 3744 4187 conspectam

475 4194 700 4257 car'nem
763 4203 1038 4272 exprimo.
1108 4202 1246 4258 Nam
1318 4205 1366 4260 si
1434 4206 1795 4262 simulacrum
1855 4207 2053 4264 anima:
2106 4207 2288 4279 εωπεὶ
2340 4223 2452 4264 non
2519 4214 2722 4280 potest,
2785 4214 2992 4279 quanto
3049 4206 3234 4263 minus
3277 4206 3376 4262 Dei
3408 4207 3606 4278 ipsius,
3644 4209 3745 4280 qui

477 4297 699 4360 animae,
727 4305 788 4350 ut
817 4297 1062 4352 materiai
1085 4312 1288 4366 expers
1319 4307 1495 4363 esset,
1531 4299 1866 4370 impertivit!

546 4393 599 4446 5.
640 4391 733 4457 At,
763 4391 1044 4461 inquiunt,
1080 4393 1223 4448 Deus
1255 4408 1356 4463 per
1393 4393 1634 4467 Moysem
1677 4396 2050 4469 legislatorem

2229 4403 2292 4450 ε’.
2341 4397 2502 4452 Ἀλλά
2521 4437 2536 4463 ,
2579 4397 2742 4467 φησὶν
2767 4436 2783 4460 ,
2816 4392 2970 4452 εἶπεν
2997 4397 3026 4450 ό
3063 4395 3194 4460 Θεὸς
3221 4395 3311 4450 διά
3335 4393 3617 4458 Μωῡσέως
3647 4396 3745 4449 τοῦ

475 4487 591 4540 ait:
627 4503 646 4534 ι
687 4483 981 4538 Dominum
1025 4483 1197 4540 Deum
1227 4494 1380 4540 tuum
1404 4487 1688 4552 adorabis,
1719 4499 1775 4544 et
1803 4489 1912 4560 ipsi
1947 4489 2046 4546 soli

2159 4489 2483 4560 νομοθέτου·
2545 4507 2564 4540 ι
2595 4487 2805 4560 Κύριον
2846 4487 2938 4540 τὸν
2984 4486 3118 4541 Θεόν
3173 4503 3267 4540 σου
3317 4488 3742 4558 προσκυνήσεις,

477 4577 708 4632 servies.
741 4576 1022 4646 Itemque:
1061 4594 1081 4630 ι
1107 4575 1229 4632 Non
1259 4578 1434 4636 facies
1459 4595 1682 4638 omnem
1717 4581 2045 4638 similitudi-
2071 4562 2128 4626 Ῑ)

2155 4581 2250 4636 καὶ
2299 4579 2449 4651 αὐτῷ
2497 4580 2646 4651 μόνῳ
2694 4578 3037 4650 λατρεύσεις.
3066 4598 3086 4634 ι
3130 4579 3277 4634 Καί*
3330 4597 3350 4631 ι
3385 4579 3462 4632 Ού
3495 4579 3745 4647 ποιήσεις

479 4685 603 4724 nem
643 4683 1106 4742 quorumcunque
1136 4686 1352 4742 eorum,
1404 4688 1526 4746 quae
1557 4674 1614 4729 in
1659 4675 1825 4742 cwlo,
1855 4686 1912 4732 et
1933 4691 2046 4746 qua

2158 4675 2270 4730 πᾶν
2315 4674 2592 4745 ὁμοίωμα,
2631 4672 2732 4726 ὅσα
2777 4674 2836 4726 ἐν
2883 4672 2962 4744 τῷ
3009 4670 3246 4744 οὐρανῷ,
3282 4671 3376 4726 καὶ
3419 4672 3519 4725 ὅσα
3570 4672 3630 4726 ἐν
3675 4673 3746 4740 τῇ

476 4763 532 4816 in
568 4769 716 4817 terra
748 4769 901 4817 sunt.
934 4780 955 4813 ι

397 4841 408 4848 ’
549 4854 753 4910 Errant
823 4855 908 4910 illi
965 4854 1240 4925 profecto,
1304 4855 1529 4921 fratres,
1583 4859 1680 4929 qui
1735 4860 2053 4918 nescientes

2235 4803 2248 4818 .
2282 4783 2302 4816 ι

2156 4768 2227 4836 γῇ
2243 4857 2507 4927 Ἃδελφοὶ,
2537 4855 2706 4920 ὅντως
2736 4856 3047 4910 πλανῶνται
3071 4856 3123 4908 oi
3156 4854 3231 4926 μὴ
3253 4854 3455 4916 εἰδότες
3481 4852 3581 4916 τὰς
3601 4852 3742 4922 Γρα-

479 4947 818 5017 Scripturas,
871 4947 1113 5002 litteram
1161 4963 1387 5017 quoque
1438 4949 1717 5014 occidere,
1778 4951 2046 5022 Spiritum

2158 4951 2286 5020 φὰς,
2319 4949 2396 5012 ὡς
2438 4949 2501 5002 τὸ
2532 4949 2766 5020 γράμμα
2809 4947 3141 5012 ἀποκτείνει,
3174 4946 3236 4999 τὸ
3272 4946 3328 5000 δὲ
3358 4943 3576 5014 πνεῦμα
3609 4943 3743 5006 ζωο-

477 5039 758 5107 vivilicare
788 5054 896 5093 non
927 5046 1134 5092 norunt
1165 5039 1229 5094 ".
1276 5040 1427 5106 Quos
1457 5042 1539 5096 sic
1569 5057 1672 5112 ego
1693 5043 1820 5112 jure
1843 5045 2052 5114 possim

475 5128 630 5182 aﬂari
667 5128 826 5198 :Ipse
875 5126 968 5196 qui
1021 5143 1120 5182 vos
1156 5127 1213 5182 id
1258 5129 1471 5193 docuit,
1525 5131 1659 5186 illud
1707 5133 1874 5188 etiam
1904 5136 2052 5204 quod

476 5219 729 5288 sequ-itur
749 5217 998 5272 edoceat.
1035 5215 1196 5273 Disce
1222 5233 1464 5289 quonam
1497 5235 1666 5276 sensu
1695 5221 1747 5276 id
1774 5222 2055 5292 legislator

477 5311 892 5381 interpretatur,
940 5309 998 5365 in
1049 5310 1197 5365 hunc
1248 5311 1365 5368 fere
1419 5313 1646 5368 modum
1704 5313 1761 5369 in
1791 5314 2057 5372 Deutero-

2161 5045 2340 5096 ποιεῖ’
2392 5043 2443 5095 οι
2495 5043 2570 5113 μὴ
2623 5042 2954 5113 ἐρευνῶντες
2985 5042 3048 5094 τὸ
3090 5040 3196 5094 ὑπὸ
3224 5039 3304 5110 τῷ
3329 5039 3620 5112 γράμματι
3650 5054 3743 5090 κε-

2163 5133 2478 5204 κρυμμένον
2509 5132 2751 5204 πνεῦμα.
2786 5133 2931 5205 Πρὸς
2974 5132 3067 5196 οὒς
3111 5132 3179 5187 ἂν
3222 5132 3392 5200 ἀξίως
3439 5131 3651 5201 εἴποιμι
3675 5146 3689 5160 ·
3715 5131 3744 5183 ό

2161 5223 2321 5278 τοῦτο
2347 5222 2568 5290 διδάξας
2590 5223 2757 5294 ὑμᾶς,
2783 5223 3050 5292 διδαξάτω
3075 5224 3169 5278 καὶ
3188 5223 3248 5277 τὸ
3277 5223 3564 5294 ἑπόμενον.
3587 5220 3742 5276 Μάθε

2161 5317 2310 5379 ὅπως
2336 5314 2626 5387 ἑρμηνεύει
2653 5316 2684 5368 ό
2716 5315 3015 5388 νομοθέτης
3041 5310 3143 5386 ᾦδὲ
3171 5331 3290 5378 πως
3341 5314 3401 5368 ὲν
3427 5311 3508 5384 τῷ
3545 5314 3730 5366 Δεύτε-

547 5469 759 5548 9__Dent.
792 5472 993 5548 vi._15.
1035 5473 1320 5548 ‘_'°_‘F..god.
1361 5490 1453 5537 xx,
1480 5474 1533 5548 τι.
1613 5475 1655 5506 ⁸⁸
1685 5474 1827 5532 Psal.
1861 5492 2006 5544 xcvr,

2181 5481 2222 5511 ι’
2251 5478 2450 5536 Jerem.
2476 5496 2530 5544 κ,
2561 5479 2649 5535 17.
2728 5479 2771 5512 ¹³
2807 5480 2974 5537 Hebr.
3016 5497 3054 5548 ι,
3097 5483 3146 5537 l.
3224 5478 3454 5537 ιδηιοιιιι.
3489 5491 3640 5545 xvu,
3680 5477 3734 5532 2.

484 5540 527 5571 ⁸⁵
559 5540 725 5598 Hebr.
765 5558 822 5606 ιι,
870 5542 952 5597 Η.
1034 5543 1076 5575 ³⁸
1111 5543 1153 5597 ll
1193 5543 1322 5598 Cor.
1367 5561 1446 5610 Ill,
1477 5545 1527 5598 6.

1997 5632 2226 5686 ΝΟΓίΕ.

546 5742 614 5814 (Ἴ
649 5743 955 5828 Interprcs,
993 5753 1178 5808 omisit
1220 5773 1232 5807 :
1275 5750 1340 5807 Et
1372 5768 1414 5804 ;ι
1452 5749 1573 5806 Non
1601 5751 1831 5808 habebis
1862 5752 1994 5809 deos
2024 5751 2252 5808 alienos.
2305 5768 2322 5803 ι
2351 5749 2544 5822 (Exod.
2579 5767 2670 5818 xx,
2711 5748 2790 5822 5.)

736 5993 742 6002 ι
815 5983 852 5996 οι·
891 5989 898 5994 ι
949 5981 1030 6002 ι-’ί
1151 5962 1344 5986 ’ῑ’⁷”’(
1421 5993 1428 5999 .
1493 5962 1669 6008 --ι-σίλ,λ-“

643 6039 672 6060 ι,
855 6047 860 6051 -
929 6033 962 6060 ιι
1084 6055 1093 6060 .
1153 6033 1162 6060 ι
1459 6057 1464 6060 .
1597 6019 1628 6052 ‘r
1832 6017 2100 6060 ,ἡμίν-ὀ

589 6039 690 6096 ’δήίτ
839 6047 884 6092 ι)
993 6070 1002 6090 ι
1129 6033 1204 6090 ρ¹,(
1297 6063 1322 6082 i1
1407 6057 1464 6088 ’,τ’
1599 6033 1642 6090 'I.
1673 6055 1678 6070 ¹
1723 6035 1742 6082 ’,ί
1819 6055 1864 6076 ιλ·
1887 6051 1924 6066 θ’
1941 6033 2054 6100 Life-'5'

2701 6013 2886 6062 “Nm.
2973 5995 3080 6060 L-w

3163 5991 3270 6043 ,ῖνῖκμι
3341 5991 3474 6047 σννὶιι
3525 5999 3582 6044 ii»
3599 6005 3796 6060 ut.th

3853 2869 3889 2882 ,-
