3926 6292
55 0 448 16 .—'—'—.~T

289 13 370 44 Li“-
421 1 528 43 εἶννιινι
603 7 740 34 ~':-""
799 1 816 18 '.
905 25 934 34 --
983 1 1000 28 ᾗ
1095 9 1104 14 Ἰ

917 155 925 188 l

285 161 358 230 So
382 171 534 226 μιν-εί.
663 183 704 232 ττι
782 150 822 222 Ich
955 169 1092 240 αλλῇ-,τ
1130 200 1190 236 υνκ-
1221 204 1237 238 ε
1265 157 1386 244 ἀεξιιά
1446 215 1453 222 .
1539 175 1568 234 ’ς
1592 199 1640 234 :--.
1671 212 1714 224 ..ρ

193 551 436 624 ρονομίῳ
459 549 639 620 λέγων
659 562 672 580 ·
711 567 729 601 ι
755 547 869 602 Καὶ
914 547 1149 620 ὲλάλησε
1178 549 1387 623 Κύριος
1413 551 1552 624 πρὸς
1579 552 1724 624 ὑμᾶς
1743 551 1772 592 ι)

191 647 259 700 ἑκ
291 644 460 717 μέσου
484 640 582 696 τοῦ
612 641 784 713 πυρός
809 659 823 672 ·
851 641 1036 713 φωνὴν
1066 644 1328 715 ῥημάτων
1361 645 1522 716 ὑμεῖς
1543 644 1782 722 ἡκούσα-

191 753 278 800 τε,
311 734 407 790 καὶ
450 733 707 804 ὁμοίωμα
757 733 859 787 οὐκ
901 734 1094 803 εἰδετε,
1130 736 1247 791 ἀλλ’
1284 735 1318 808 ἢ
1369 737 1579 810 φωνήν.
1610 754 1629 789 3
1669 735 1784 790 Kal

198 829 316 898 μετ’
357 826 548 896 ὀλίγα·
609 844 630 879 ι
656 827 770 882 Kal
817 826 1132 896 φυλάξασθε
1187 828 1400 901 σφόδρα
1447 829 1549 894 τὰς
1603 827 1783 900 ψυχὰς

189 918 372 990 ὑμῶν,
403 917 488 973 ὅτι
511 917 766 990 ὁμοίωμα
790 919 891 973 οὐκ
917 920 1084 975 εἴδετε
1107 921 1164 975 ὲν
1185 923 1251 994 τῇ
1273 921 1458 993 ήμέρᾳ
1552 920 1783 992 ὲλάλησε

196 1009 400 1082 Κύριος
433 1009 573 1082 πρὸς
602 1011 749 1081 ὑμᾶς
793 1011 852 1066 ιν
896 1011 1102 1085 Χωρὴὸ
1135 1013 1194 1068 ἐν
1226 1012 1306 1084 τῷ
1330 1012 1470 1084 ὄρει,
1498 1012 1564 1066 ὲκ
1615 1012 1783 1084 μέσου

195 1101 292 1156 τοῦ
339 1101 533 1173 πυρὸς,
567 1101 780 1173 μήποτε
829 1103 1142 1178 ἀνομήσητε
1197 1106 1294 1160 καὶ
1346 1104 1612 1177 ποιήσητε
1653 1103 1784 1176 ὑμῖν

199 1194 416 1258 ἑαυτοῖς
461 1194 700 1263 γλυπτδν
749 1197 1020 1270 ὁμοίωμα,
1049 1200 1233 1254 πᾶσαν
1277 1199 1486 1264 είκόνα,
1533 1197 1785 1270 ὁμοίωμα

199 1284 492 1355 ἀρσενικοῦ
524 1285 558 1358 ή
587 1285 846 1358 θηλυκοῦ,
875 1290 1128 1362 ὁμοίωμα
1171 1291 1375 1356 παντὸς
1417 1291 1649 1363 κτήνους
1673 1288 1784 1344 τῶν

199 1377 371 1432 δντων
407 1379 500 1432 ἐπὶ
530 1379 631 1449 τῆς
661 1381 784 1452 γῆς,
811 1382 1065 1455 ὁμοίωμα
1091 1384 1296 1448 παντὸς
1331 1383 1520 1457 ὀρνέου
1568 1399 1784 1453 πτερω-

201 1467 322 1532 τοῦ,
354 1487 374 1522 3
426 1469 522 1524 καὶ
566 1471 636 1524 τὰ
673 1471 822 1543 ἑξῆς.
857 1474 968 1528 Kal
1003 1477 1140 1547 μετὰ
1183 1475 1425 1549 βραχέα·
1465 1494 1486 1528 ι
1515 1475 1628 1529 Kal
1676 1474 1783 1546 μή-

203 1573 336 1610 ποτε
365 1557 674 1628 ἀναϐλέψας
708 1561 790 1625 είς
818 1562 911 1618 τὸν
938 1564 1188 1635 οὐρανὸν,
1219 1566 1316 1620 καὶ
1338 1564 1462 1620 ίδὼν
1492 1564 1585 1619 τὸν
1607 1563 1783 1636 ἣλιον,

205 1647 302 1701 xal
343 1648 444 1720 τὴν
476 1649 729 1723 σελήνην,
763 1654 858 1707 καὶ
901 1655 1030 1719 τοὺς
1059 1656 1318 1729 ἀστέρας,
1353 1657 1445 1710 xal
1477 1655 1654 1710 πάντα
1693 1656 1785 1709 τὸν

204 1737 410 1811 κόσμον
431 1739 527 1794 τοῦ
549 1741 804 1813 οὐρανοῦ,
827 1744 1144 1818 πλανηθεὶς,
1163 1747 1554 1820 προσκυνήσῃς
1579 1747 1780 1813 αὐτοῖς,

203 1831 301 1888 καὶ
323 1831 631 1907 λατρεύσῃς
652 1836 857 1901 αὐτοῖς.
892 1857 912 1890 3

1782 1 1820 42 ',
1929 5 1940 22 ἰ
1978 0 2048 31 Lm
2075 0 2084 24 ι
2113 0 2224 66 ιιλρ
2263 5 2271 14 ·

1320 439 1420 499 DE
1454 405 1914 499 IMAGINIBUS
1949 437 2232 502 ORATIO
2254 442 2304 503 r.

1979 153 1992 184 ι’

1885 549 2073 606 nomio
2110 551 2349 624 loquens
2387 574 2402 611 :
2449 574 2468 608 ι
2500 557 2565 612 Et
2596 557 2816 616 locutus
2851 567 2941 618 est
2962 558 3233 618 Dominus
3269 562 3336 618 ad
3366 579 3467 619 Vos

1887 639 1957 696 de
1986 640 2172 696 medio
2213 641 2384 714 ignis".
2436 644 2642 705 Vocem
2679 648 2973 705 verborum
3018 665 3116 706 vos
3139 651 3377 708 audistis
3411 661 3468 709 et

1885 731 2310 789 similitudinem
2381 751 2492 792 non
2574 737 2834 808 vidistis,
2888 741 2984 796 sed
3067 756 3260 797 vocem
3343 751 3463 800 tan-

1883 828 2002 878 tum
2029 823 2095 876 ".
2123 842 2143 877 3
2174 825 2254 880 Ac
2298 826 2463 896 paulo
2489 835 2612 896 post
2643 847 2656 884 :
2696 847 2714 881 ι
2741 828 2804 884 Ει
2836 838 3051 887 servate
3071 831 3229 888 valde
3252 833 3468 890 animas

1885 922 2123 983 vestras,
2177 918 2310 988 quia
2361 919 2780 976 similitudinem
2834 937 2944 978 non
3001 923 3238 991 vidistis,
3292 923 3347 979 in
3379 925 3470 982 die

1889 1006 2053 1078 310
2077 1022 2184 1079 qua
2205 1009 2426 1068 locutus
2459 1019 2544 1067 est
2572 1010 2838 1068 Dominus
2865 1015 2932 1068 ad
2971 1030 3064 1072 vos
3092 1015 3149 1070 in
3178 1013 3384 1083 Horeb,
3409 1017 3466 1071 in

1887 1107 2076 1156 monte
2132 1100 2202 1156 de
2247 1103 2426 1158 medio
2477 1103 2620 1173 ignis
2651 1120 2668 1158 :
2699 1104 2994 1175 nequando
3053 1117 3247 1162 contra
3293 1106 3467 1179 legem

1887 1191 2086 1262 agatis,
2156 1190 2493 1264 faciatisque
2541 1194 2699 1251 vobis
2759 1195 3023 1265 sculptile
3086 1195 3466 1264 simulacrum,

1885 1297 2108 1338 omnem
2162 1285 2481 1356 imaginem,
2542 1286 2964 1344 similitudinem
3018 1287 3252 1344 masculi
3301 1298 3354 1344 et
3389 1289 3468 1344 re-

1887 1375 2072 1440 minae,
2121 1377 2544 1434 similitudinem
2577 1379 2761 1436 omnis
2785 1380 3046 1453 jumenti,
3079 1381 3228 1450 quod
3256 1388 3344 1437 est
3378 1397 3472 1438 su-

1886 1481 1985 1538 per
2029 1476 2257 1535 terram,
2309 1469 2732 1528 similitudinem
2792 1472 2975 1528 omnis
3039 1471 3284 1528 volueris
3334 1487 3469 1542 pen-

1887 1568 2034 1616 nata
2066 1560 2132 1628 ⁸⁸,
2177 1578 2196 1613 3
2223 1570 2334 1618 etc.
2363 1560 2429 1617 Et
2461 1563 2656 1632 paucis
2687 1563 2994 1635 interiectis
3020 1583 3032 1620 :
3077 1583 3096 1617 ι
3133 1563 3200 1618 Ει
3231 1579 3297 1620 ne
3327 1563 3469 1621 forte

1888 1652 2120 1710 elevatis
2167 1653 2349 1709 oculis
2403 1654 2476 1710 ad
2504 1655 2727 1722 coelum,
2777 1664 2832 1710 et
2880 1655 3052 1712 solem
3083 1665 3136 1712 et
3162 1656 3348 1710 lunam
3382 1654 3466 1710 in-

1887 1741 2086 1810 tuitus,
2127 1749 2181 1797 et
2223 1751 2400 1811 astra,
2433 1759 2767 1816 omnemque
2807 1746 2936 1802 ειειί
2969 1755 3248 1814 ornatum,
3275 1761 3464 1803 errore

1891 1835 2182 1908 deceptus,
2211 1837 2412 1894 adores
2439 1853 2526 1904 ea,
2559 1849 2615 1897 et
2647 1841 2858 1897 servias
2881 1839 3017 1913 ipsis
3049 1841 3112 1894 ".
3143 1859 3174 1893 »-

276 1923 353 1991 ς’.
391 1925 574 1999 Ὁρᾷς,
608 1927 686 1991 ὡς
728 1923 810 1993 εἷς
855 1929 1006 1983 ἐστιν
1052 1931 1081 1983 ό
1125 1931 1346 1996 σκοπὸς.
1378 1931 1521 1987 ὥστε
1568 1932 1643 2003 μὴ
1690 1931 1787 1985 λα-

1963 1925 2018 1984 6.
2045 1929 2242 1986 Cernis
2278 1930 2384 1987 hoc
2417 1947 2591 1987 unum
2625 1932 2928 1988 consilium
2971 1946 3120 1998 esse,
3162 1949 3234 1988 ne
3267 1933 3479 1988 scilicet

205 2014 435 2086 τρεῦσαι
479 2020 547 2091 τῇ
595 2017 774 2074 κτίσει
827 2021 978 2093 παρὰ
1004 2021 1098 2076 τὸν
1130 2023 1416 2089 κτίσαντα,
1452 2024 1590 2098 μηδὲ
1619 2041 1788 2096 προσ-

208 2108 438 2178 αγαγεῖν
464 2109 564 2191 τήν
595 2111 694 2186 τῆς
719 2111 976 2186 λατρείας
1009 2114 1407 2188 προσκύνησιν,
1436 2117 1552 2171 ἀλλ’
1581 2115 1616 2190 ἢ
1645 2115 1794 2188 μόνῳ

207 2196 288 2270 τῷ
313 2199 668 2274 δημιουργῷ;
692 2203 785 2257 Διὸ
810 2205 1064 2277 πανταχῆ
1095 2205 1356 2262 συνάπτει
1385 2209 1452 2280 τῇ
1482 2207 1794 2281 προσκυνή-

143 2291 150 2358 g
210 2305 295 2346 σει
320 2291 421 2366 τὴν
451 2293 725 2366 λατρείαν.
761 2295 932 2352 Πάλιν
976 2297 1088 2370 γάρ
1131 2311 1336 2370 φησιν·
1373 2318 1393 2354 ι
1421 2301 1535 2355 Οὐκ
1578 2299 1793 2356 ἔσονταί

211 2399 296 2439 σοι
325 2382 439 2439 θεοὶ
466 2386 667 2454 ἕτεροι,
700 2387 843 2460 πλὴν
870 2389 1031 2462 ἐμοῦ.
1063 2391 1140 2446 Οὐ
1181 2393 1431 2463 ποιήσεις
1458 2392 1636 2465 ἐαυτῷ
1660 2391 1794 2462 γλυτ

212 2477 368 2544 πτὸν,
390 2478 512 2534 οὐδὲ
542 2483 652 2536 πᾶν
682 2483 955 2556 ὁμοίωμα,
985 2484 1106 2538 οὐδὲ
1137 2487 1538 2558 προσκυνήσεις
1585 2485 1791 2553 αὐτοῖς,

211 2568 320 2624 οὐδ’
355 2571 418 2626 οὐ
456 2573 531 2646 μὴ
559 2573 867 2648 λατρεύσῃς
895 2576 1100 2644 αὐτοῖς,
1131 2577 1215 2633 ὅτι
1245 2577 1359 2648 ἐγώ
1384 2580 1501 2650 είμι
1526 2578 1735 2652 Κύριος
1765 2579 1796 2632 ό

209 2663 345 2728 Θεὸς
392 2665 568 2736 ὑμῶν.
602 2685 622 2721 3
677 2669 789 2722 Kal
841 2669 1042 2724 πάλιν·
1098 2689 1117 2723 ι
1149 2671 1285 2736 Τοὺς
1344 2669 1562 2743 βωμοὺς
1613 2670 1796 2727 αὐτῶν

211 2756 514 2825 καθελείτε,
539 2761 635 2814 καὶ
665 2761 766 2826 τὰς
798 2763 1001 2838 στήλας
1033 2764 1215 2821 αὐτῶν
1245 2766 1584 2840 συντρίψετε,
1611 2767 1710 2821 καὶ
1727 2767 1797 2823 τὰ

211 2847 351 2921 ἄλση
386 2849 567 2905 αὐτῶν
605 2853 893 2925 ὲκκόψετε,
925 2857 1018 2912 καὶ
1046 2857 1114 2912 τὰ
1146 2859 1364 2929 γλυπτὰ
1391 2859 1501 2914 τῶν
1531 2859 1668 2914 θεῶν
1697 2859 1798 2914 αὗ-

212 2937 323 2992 τῶν
369 2943 746 2998 κατακαύσετε
794 2947 948 3020 πυρί.
981 2950 1058 3003 Οὐ
1105 2949 1216 3022 γὰρ
1263 2950 1340 3024 μὴ
1379 2952 1796 3024 προσκυνήσητε

213 3027 333 3099 Θεῷ
355 3031 548 3105 ἑτέρῳ.
573 3053 592 3087 3
628 3037 740 3090 Kal
770 3039 890 3109 μετ’
903 3040 1091 3111 ὀλίγα·
1127 3059 1146 3095 ι
1176 3041 1286 3096 Kal
1305 3041 1463 3109 θεοὺς
1495 3043 1798 3114 χωνευτοὺς

214 3121 278 3176 οὐ
311 3127 561 3196 ποιήσεις
591 3130 822 3202 σεαυτῷ.
854 3149 874 3184 3

289 3212 356 3278 ζ’.
396 3215 582 3290 Ὁρᾷς,
611 3219 688 3285 ὠς
734 3222 836 3294 τῆς
883 3223 1332 3299 είδωλολατρείας
1371 3227 1556 3294 ἕνεκα,
1588 3227 1798 3296 ἀπαγο-

219 3306 370 3377 ρεύει
393 3309 492 3383 τὴν
517 3313 962 3387 εἰκονογραφίαν,
1000 3319 1096 3372 καὶ
1123 3318 1206 3372 ὅτι
1235 3319 1498 3374 ἀδύνατον
1533 3318 1798 3384 είκονίζε-

221 3397 346 3452 σθαι
375 3399 531 3468 Θεὸν,
551 3402 644 3457 τὸν
669 3405 897 3474 ἇποσον,
930 3408 1028 3462 καὶ
1051 3408 1487 3481 ἀπερίγραπτον,
1525 3411 1619 3464 καὶ
1641 3410 1805 3482 ἀόρα-

218 3505 346 3557 τον;
382 3507 402 3543 ι
431 3492 507 3546 Οὐ
537 3493 646 3566 γὰρ
674 3492 812 3561 εἶδος
835 3497 1024 3565 αὐτοῦ,
1052 3500 1237 3572 φησὶν,
1270 3501 1553 3572 ἑωράκατε
1571 3517 1585 3532 ⁸
1614 3518 1635 3554 ι
1660 3499 1808 3555 καθά

220 3581 318 3635 καὶ⁵
343 3581 554 3664 Παῦλος
578 3585 752 3652 ἑστὼς
774 3590 832 3643 ὲν
864 3590 1016 3662 μέσῳ
1041 3591 1137 3645 τοῦ
1165 3591 1378 3666 Ἀρείου
1404 3591 1604 3661 πάγου,
1630 3591 1764 3664 φησί
1787 3609 1802 3624 ·

228 3691 250 3726 ι
277 3671 442 3739 Γένος
467 3671 563 3730 οὖν
587 3679 928 3752 ὑπάρχοντες
961 3681 1058 3736 τοῦ
1087 3681 1247 3748 Θεοῦ,
1280 3683 1382 3738 οὐκ
1407 3682 1698 3754 ὀφείλομεν
1723 3699 1810 3736 vo-

227 3767 425 3838 μίξειν,
464 3770 694 3844 χρυσίῳ,
728 3773 762 3844 ἦ
793 3771 1126 3848 ἀργυρίῳ,ἢ
1171 3774 1326 3848 λίθῳ,
1359 3776 1678 3848 χαράγματι
1721 3775 1810 3829 τέ-

221 3876 359 4005 gms
417 3862 512 3917 καὶ
573 3863 924 3938 ἐνθυμήσεως
984 3865 1277 3940 ἀνθρώπου
1308 3909 1322 3934 ,
1372 3869 1434 3923 τὸ
1478 3869 1622 3923 θεῖον
1672 3862 1812 3924 εἶναι

261 3967 434 4005 αοιον.
477 3971 494 4004 ι

259 3967 434 4024 μοιον.
477 3971 494 4004 3

297 4137 372 4206 η’.
413 4131 691 4197 Ἰουδαίοις
723 4135 845 4205 μὲν,
875 4133 966 4190 διὰ
989 4135 1052 4190 τδ
1076 4135 1216 4206 πρὸς
1246 4133 1696 4206 είδωλολατρείαν
1728 4134 1816 4188 εὐ-

226 4225 444 4282 όλισθον
493 4225 670 4282 ταῦτα
715 4228 1140 4301 νενομοθέτητο·
1182 4229 1343 4301 ἡμεῖς
1368 4229 1448 4294 δὲ,
1490 4226 1817 4297 θεολογικῶς

226 4321 427 4384 εἰπεῖν,
458 4316 543 4386 οἷς
586 4320 744 4394 ἐδόθη
793 4323 1028 4392 φυγοῦσι
1057 4323 1156 4396 τὴν
1186 4323 1558 4395 δεισιδαίμονα
1607 4321 1819 4395 πλάνην

232 4413 374 4486 μετὰ
399 4411 491 4468 τοῦ
519 4412 652 4467 Θεοῦ
695 4414 970 4483 γενέσθαι,
1012 4416 1354 4486 ἐπεγνωκόσι
1396 4415 1493 4488 τὴν
1530 4413 1814 4486 ἀλήθειαν,

673 4505 989 4600 ,λαξρεξῧειψ
1019 4509 1115 4563 καὶ
1142 4508 1240 4580 τῆς
1275 4507 1607 4577 θεογνωσίας
1651 4523 1816 4580 κατα-

1894 2028 2164 2076 creaturae
2219 2023 2428 2093 potius,
2469 2037 2634 2094 quam
2660 2021 2911 2079 Creatori
2957 2021 3290 2090 serviamus,
3338 2035 3478 2077 neve

1895 2119 2093 2184 prater
2117 2113 2299 2184 ipsum
2327 2114 2587 2184 cuiquam
2619 2114 2874 2171 servilem
2903 2115 3114 2170 cultum
3145 2113 3478 2171 offeramus?

1894 2207 2108 2264 Idcirco
2153 2208 2302 2264 enim
2360 2209 2566 2281 ubique
2621 2209 2935 2266 adorationi
2993 2210 3215 2266 latriam
3271 2210 3474 2282 jungit.

1896 2298 2140 2358 Rursum
2173 2301 2376 2372 quippe
2409 2303 2486 2355 ait
2523 2317 2536 2354 :
2596 2319 2616 2354 ι
2647 2299 2768 2356 Non
2819 2311 2986 2358 erunt
3039 2302 3138 2358 tibi
3175 2301 3251 2357 dii
3303 2301 3476 2372 aliqui

1896 2400 2101 2466 praeter
2133 2409 2239 2449 me.
2290 2392 2413 2449 Non
2449 2392 2619 2450 facies
2657 2392 2756 2449 tibi
2789 2393 3067 2464 sculptile,
3101 2409 3277 2464 neque
3308 2395 3476 2450 ullam

1898 2485 2370 2542 similitudinem:
2418 2499 2530 2542 non
2586 2485 2848 2543 adorabis
2903 2501 2991 2552 ea,
3038 2501 3216 2556 neque
3267 2487 3478 2542 servies

1899 2575 2075 2646 ipsis;
2118 2576 2381 2648 quoniam
2412 2591 2516 2647 ego
2543 2576 2812 2632 Dominus
2844 2575 2990 2632 Deus
3033 2585 3220 2632 vester
3247 2577 3316 2630 ὀ.
3357 2595 3376 2625 ι
3414 2574 3480 2631 Ει

1897 2667 2100 2724 iterum
2138 2685 2152 2723 :
2185 2685 2204 2719 ι
2243 2669 2406 2736 Aras,
2445 2667 2648 2738 inquit,
2681 2681 2875 2723 eorum
2907 2665 3264 2735 subvertetis,
3295 2676 3349 2722 et
3373 2673 3480 2721 sta-

1899 2770 2023 2815 tuas
2073 2774 2262 2816 eorum
2319 2757 2725 2830 confringetis,’
2756 2767 2812 2816 et
2837 2758 2996 2816 lucos
3049 2773 3241 2814 eorum
3289 2757 3478 2814 succi-

1899 2850 2064 2916 detis,
2098 2858 2155 2906 et
2191 2851 2473 2922 sculptilia
2497 2849 2993 2922 deorumipsorum
3027 2850 3152 2923 igne
3185 2849 3481 2904 combure-

1901 2939 1995 2997 tis.
2047 2939 2220 2996 Deum
2271 2942 2417 2997 enim
2475 2941 2710 2996 alterum
2758 2956 2869 2996 non
2923 2939 3247 2998 aderabitis.
3277 2941 3320 2972 ἰ
3357 2958 3377 2992 ι
3417 2937 3484 2992 Et

1901 3037 2025 3102 post
2059 3044 2234 3100 pauca
2289 3048 2302 3085 :
2361 3047 2380 3081 ι
2413 3029 2481 3084 Ει
2542 3030 2701 3096 deos,
2773 3030 2982 3102 inquit,
3035 3028 3342 3100 conﬂatilgs
3371 3043 3482 3084 non

1903 3121 2070 3177 facies
2100 3121 2202 3177 tibi
2233 3121 2299 3179 ι’.
2326 3141 2346 3176 ι

1975 3212 2030 3266 7.
2065 3211 2262 3268 Annon
2298 3213 2454 3269 vides
2479 3212 2626 3285 quod
2656 3213 2985 3270 idololatria;
3022 3210 3492 3285 fugiendaegratia—

1904 3303 2178 3376 imagines
2202 3304 2486 3360 ell‘ormari
2529 3305 2860 3376 prohibeat;
2888 3305 3090 3376 quippe
3132 3319 3256 3360 cum
3285 3303 3338 3358 in
3375 3302 3488 3374 pri—

1904 3398 2011 3454 mis
2060 3397 2177 3454 ﬁeri
2206 3413 2318 3452 non
2369 3398 2572 3468 possit,
2610 3406 2670 3452 ut
2714 3397 2920 3469 eﬂigies
2971 3397 3068 3452 Dei
3122 3398 3488 3468 exprimatur,

1907 3491 2002 3562 qui
2035 3504 2138 3546 nec
2170 3489 2542 3561 quantitatem
2583 3488 2775 3556 habet,
2809 3505 2911 3546 nec
2941 3487 3347 3552 circumscribi,
3385 3501 3490 3541 nec

1909 3581 2152 3653 perspici
2209 3580 2428 3651 potest?
2459 3598 2479 3632 ι
2535 3577 2726 3650 Neque
2769 3580 2920 3636 enim
2971 3578 3226 3643 formam,
3285 3577 3492 3642 inquit,

3033 3093 3262 3102 -———~.————

1910 3672 2087 3742 ipsius
2115 3670 2478 3742 perspexistis
2506 3669 2577 3724 ".
2615 3688 2633 3722 3
2662 3669 3137 3737 Quemadmodum
3161 3667 3327 3724 etiam
3357 3665 3495 3722 Pau-

1911 3764 2000 3820 lus
2037 3765 2093 3820 in
2148 3761 2332 3819 medio
2369 3772 2525 3819 stans
2557 3761 2854 3834 Areopagi,
2887 3762 2967 3816 ait
2998 3779 3012 3817 :
3069 3779 3088 3813 ι
3121 3760 3310 3817 Genus
3355 3773 3490 3832 ergo

1913 3871 2039 3913 cum
2078 3855 2256 3911 simus
2310 3853 2428 3918 Dei,
2463 3869 2572 3908 non
2626 3843 2895 3910 debemus
2952 3852 3230 3908 aestimare
3278 3866 3415 3907 auro
3441 3859 3497 3908 et

1915 3958 2168 4020 argento,
2207 3955 2302 4002 aut
2335 3946 2501 4018 lapidi
2539 3945 2838 4016 sculpturae
2875 3945 3033 4012 artis,
3058 3953 3114 4002 et
3137 3945 3496 4016 cogitationis

1917 4040 2160 4095 hominis
2186 4039 2429 4095 divinum
2461 4051 2586 4094 esse
2617 4037 2802 4094 simile
2830 4037 2896 4091 ιδ.
2940 4054 2959 4090 ι

1988 4132 2042 4187 8.
2077 4130 2284 4186 Iudaeis
2342 4129 2590 4200 quidem,
2633 4129 2894 4198 quoniam
2944 4126 3013 4182 ad
3074 4126 3218 4183 idola
3269 4127 3497 4182 colenda

1922 4220 2324 4294 propensiores
2350 4225 2532 4284 erant,
2560 4217 2676 4273 haec
2709 4217 2958 4286 injuncta
2987 4215 3228 4272 fuerunt.
3261 4215 3370 4272 Nos
3402 4233 3499 4270 au-

1918 4321 2054 4378 tem,
2091 4311 2315 4382 quibus,
2375 4317 2437 4366 ut
2495 4324 2623 4365 cum
2675 4307 2954 4380 'I‘heologo
2987 4308 3186 4378 loquar
3212 4309 3280 4370 ’⁵,
3310 4307 3499 4362 datum

1919 4417 2026 4472 est,
2090 4415 2170 4472 ut,
2230 4406 2438 4462 evitato
2494 4403 2912 4474 superstitionis
2949 4417 3164 4470 errore,
3214 4408 3269 4457 ct
3315 4402 3501 4472 agnita

1921 4501 2174 4566 veritate,
2198 4514 2326 4555 cum
2361 4496 2472 4553 Deo
2511 4511 2647 4568 pure
2696 4511 3004 4563 versemur,
3051 4496 3212 4566 eique
3252 4496 3354 4551 soli
3387 4510 3505 4552 ser-

558 4576 656 4669 τῆν
673 4576 1024 4670 Ἑελὲίότητα,
1059 4599 1154 4655 καὶ
1182 4576 1264 4663 είς
1285 4576 1456 4670 ἄνδρα
1475 4576 1792 4670 καταντῆσα

1921 4593 2161 4659 vientes,
2215 4587 2491 4662 perfectas
2538 4588 2742 4644 divinae
2779 4587 3053 4676 'scientiae
3100 4587 3325 4644 divitias
3349 4603 3502 4644 assc-

227 4688 456 4756 τέλειον,
476 4689 810 4761 παρελθοῦσι
839 4689 938 4762 τὴν
963 4690 1292 4762 νηπιότητα,
1313 4690 1414 4743 οὒκ
1434 4689 1515 4742 ἔτι
1536 4687 1642 4743 ὑπὸ
1661 4690 1819 4744 παιδ-

178 4784 186 4806 ¹
230 4782 451 4853 αγωγδν
483 4782 673 4854 ἐσμὲν,
702 4781 962 4846 λασόντες
991 4781 1092 4854 τὴν
1123 4779 1468 4853 διακριτικὴν
1519 4779 1634 4846 ἕξιν
1666 4779 1820 4853 παρά

181 4909 184 4928 .
231 4875 394 4940 Θεοῦ,
427 4875 526 4930 καὶ
555 4874 759 4938 ειδότες
781 4874 835 4928 τί
865 4872 926 4927 τὸ
959 4871 1384 4944 είκονιζόμενον,
1417 4873 1511 4926 καὶ
1551 4871 1604 4925 τί
1637 4876 1699 4925 τὸ
1739 4871 1820 4924 εί-

183 5017 189 5028 ,
232 4964 353 5022 κόνι
385 4964 460 5036 μὴ
495 4964 999 5036 περιγραφόμενον.
1041 4983 1060 5016 ι
1089 4963 1165 5017 Οὐ
1199 4962 1310 5035 γὰρ
1333 4957 1474 5027 εἶδος
1498 4962 1685 5026 αὐτοῦ,
1711 4979 1822 5033 φη-

235 5057 344 5121 σὶν,
381 5056 683 5129 ἑωράκατε.
714 5076 732 5110 3
786 5055 962 5111 Ba6al
1003 5056 1102 5128 τῆς
1134 5057 1328 5125 σοφίας
1357 5055 1454 5110 τοῦ
1486 5053 1778 5126 νομοθέτου
1804 5056 1817 5108 l

235 5147 363 5214 Πῶς
391 5149 826 5220 είκονισθήσεται
870 5149 933 5203 τὸ
979 5149 1237 5222 adparata;
1271 5147 1396 5212 Πῶς
1428 5148 1818 5220 εἰκασθήσεται

234 5241 298 5295 τὸ
317 5240 638 5296 ἀνείκαστον
659 5256 672 5305 ;
703 5241 827 5306 Πῶς
855 5241 1204 5313 γραφήσεται
1230 5239 1290 5294 τδ
1318 5239 1544 5304 ἄποσον,
1567 5239 1663 5295 καὶ
1684 5238 1820 5309 ἁμέ-

234 5329 418 5399 γεθες,
441 5330 537 5386 καὶ
566 5331 853 5402 ἀόριστον;
887 5330 1012 5394 Πῶς
1039 5329 1408 5397 ποιωθήσεται
1447 5328 1508 5381 τὸ
1545 5327 1820 5394 ἀνείδεον;

236 5420 366 5488 Πῶς
399 5423 1039 5496 χρωματουργηθήσεται
1067 5423 1129 5476 τὺ
1157 5419 1485 5492 ἀσώματονς
1515 5419 1580 5474 Τί
1625 5415 1718 5475 οὖν
1761 5421 1822 5473 τὸ

315 5538 359 5572 ⁸⁷
402 5535 559 5592 Deut.
597 5554 674 5602 tv,
737 5537 821 5590 12.
901 5536 946 5570 ⁸⁸
973 5535 1108 5591 ibid.
1139 5535 1332 5591 15-17.

241 5608 332 5663 17.
409 5607 458 5640 ’³
485 5606 644 5663 Deut.
672 5625 744 5674 tv,
780 5607 866 5664 1‘2.
943 5606 991 5638 “
1019 5607 1141 5661 Act.
1201 5621 1336 5670 xvn,
1363 5605 1453 5659 29.

1436 5534 1478 5564 ¹⁹
1519 5531 1654 5588 ibid.
1698 5533 1786 5588 l9.
1864 5531 1912 5562 ³ο
1952 5528 2110 5585 Deut.
2138 5543 2191 5592 v,
2223 5527 2279 5582 8.

1558 5603 1609 5637 ’⁸
1642 5601 1806 5672 Grcg.
1843 5599 1977 5654 Naz.
2015 5605 2158 5653 orat.
2184 5598 2275 5652 59.

1921 4699 2184 4758 quamur,
2251 4697 2316 4739 ac
2367 4681 2616 4738 infantia:
2665 4663 2828 4736 aetate
2878 4687 3160 4737 transacta
3213 4681 3268 4734 in
3326 4679 3504 4735 virum

1921 4775 2230 4850 perfectum
2262 4788 2629 4829 occurramus
2656 4773 2730 4840 ’⁵,
2761 4786 2874 4828 non
2907 4786 3102 4828 sumus
3135 4772 3371 4842 amplius
3403 4771 3506 4828 sub

1923 4868 2224 4940 paedagogo
2247 4866 2318 4934 ”,
2359 4866 2563 4937 quippe
2617 4864 2713 4936 qui
2764 4862 3120 4920 discernendi
3181 4862 3504 4918 facultatem

1923 4967 1979 5016 et
2013 4955 2614 5038 habitumﬂconsecuti,
2653 4955 2787 5010 illud
2819 4955 3066 5012 sciamus
3103 4953 3233 5024 quid
3265 4953 3508 5026 imagine

1923 5048 2157 5123 exprimi
2195 5037 2394 5121 possit,
2454 5049 2659 5120 quidve
2694 5048 2974 5104 delineare
3029 5063 3141 5103 non
3198 5047 3387 5103 liceat.
3417 5037 3538 5102 Ait'

1924 5142 2070 5199 enim
2108 5160 2122 5196 :
2155 5159 2174 5194 ι
2207 5139 2322 5196 Nec
2379 5138 2613 5194 formam
2665 5140 2843 5212 ipsius
2899 5138 3140 5196 vidistis.
3178 5157 3198 5191 3
3238 5137 3382 5194 Proh
3412 5155 3507 5195 sa-

1929 5235 2192 5306 pientiam
2221 5229 2600 5304 legislatorisl
2638 5232 2787 5302 quod
2826 5231 3046 5287 visibile
3087 5247 3196 5286 non
3227 5240 3333 5296 est,
3373 5246 3509 5301 qua-

1929 5339 2056 5379 nam
2087 5321 2380 5393 eﬂingatur
2433 5320 2709 5393 imagine?
2739 5321 2976 5388 Quinam
3020 5321 3144 5391 ejus
3187 5320 3511 5376 cll‘ormetur

1928 5415 2158 5486 eiligies,
2194 5412 2343 5488 quod
2381 5428 2484 5468 nec
2529 5413 2833 5483 coniectari
2891 5412 3113 5484 possit?
3145 5413 3262 5479 Qua
3295 5413 3509 5468 ratinnc

2389 5527 2432 5557 "
2469 5524 2628 5581 Deut.
2698 5542 2807 5591 xu,
2845 5525 2898 5580 5.

2381 5596 2426 5627 ’⁸
2454 5595 2657 5666 Ephes.
2707 5611 2782 5662 tv,
2816 5595 2900 5651 1'5.

3014 5527 3058 5558 "
3089 5523 3263 5580 Exod.
3324 5541 3506 5583 xxxrv.

3009 5599 3054 5630 ’⁷
3085 5594 3259 5651 Galat.
3303 5611 3386 5658 ιιι,
3419 5595 3508 5648 25.

1515 5722 1750 5780 VARD‘E
1799 5718 2205 5777 LECTIONES.

321 5871 348 5910 δ
408 5869 544 5928 Mss.
583 5869 790 5942 Κύριος
833 5870 969 5942 πρὸς
996 5871 1161 5941 ἡμᾶς.
1204 5869 1298 5927 Sic
1328 5869 1496 5926 Zinus
1521 5864 1780 5922 Dominus
1811 5864 1878 5919 ad
1907 5880 2021 5919 nos.
2046 5861 2117 5919 At
2148 5861 2204 5918 in
2235 5860 2662 5920 Dcutcronomio
2695 5861 2898 5933 legitur
2920 5861 2987 5916 ad
3021 5877 3132 5930 vos,
3174 5860 3308 5932 πρὸς
3342 5857 3509 5927 ὑμᾶς.
