  <div class='ocr_page' id='page_1' title='image "/cluster/home/n/w/nwhite01/storage/ocr_20150623/94/hvd.32044052838174/761.png"; bbox 0 0 3926 6292; ppageno 0'>
   <div class='ocr_carea' id='block_1_1' title="bbox 203 279 670 324">
    <p class='ocr_par' dir='ltr' id='par_1_1' title="bbox 203 279 670 324">
     <span class='ocr_line' id='line_1_1' title="bbox 203 279 670 324; baseline 0.009 -26"><span class='ocrx_word' id='word_1_1' title='bbox 203 279 284 324; x_wconf 43' lang='lat'><strong>7“”</strong></span> <span class='ocrx_word' id='word_1_2' title='bbox 361 289 374 314; x_wconf 29' lang='grc' dir='ltr'><em>ἰ</em></span> <span class='ocrx_word' id='word_1_3' title='bbox 417 301 432 314; x_wconf 52' lang='lat'>‘</span> <span class='ocrx_word' id='word_1_4' title='bbox 523 279 670 312; x_wconf 50' lang='grc' dir='ltr'><strong>ηιατυς,</strong></span> 
     </span>
    </p>
   </div>
   <div class='ocr_carea' id='block_1_2' title="bbox 262 327 986 376">
    <p class='ocr_par' dir='ltr' id='par_1_2' title="bbox 262 327 986 376">
     <span class='ocr_line' id='line_1_2' title="bbox 262 327 852 362; baseline -0.003 -4"><span class='ocrx_word' id='word_1_5' title='bbox 262 349 272 362; x_wconf 79' lang='grc'>.</span> <span class='ocrx_word' id='word_1_6' title='bbox 409 343 414 346; x_wconf 98' lang='grc'><strong>-</strong></span> <span class='ocrx_word' id='word_1_7' title='bbox 642 333 762 358; x_wconf 84' lang='grc'><strong>·</strong></span> <span class='ocrx_word' id='word_1_8' title='bbox 829 327 852 356; x_wconf 73' lang='lat' dir='ltr'><strong>&#39;r</strong></span> 
     </span>
     <span class='ocr_line' id='line_1_3' title="bbox 275 353 986 376; baseline -0.003 0"><span class='ocrx_word' id='word_1_9' title='bbox 275 357 307 376; x_wconf 61' lang='lat'><strong><em>4,</em></strong></span> <span class='ocrx_word' id='word_1_10' title='bbox 369 361 426 376; x_wconf 62' lang='grc' dir='ltr'><strong>Α-.</strong></span> <span class='ocrx_word' id='word_1_11' title='bbox 492 362 619 376; x_wconf 65' lang='grc' dir='ltr'><strong>Α---</strong></span> <span class='ocrx_word' id='word_1_12' title='bbox 729 355 792 376; x_wconf 73' lang='grc' dir='ltr'><strong>..ι</strong></span> <span class='ocrx_word' id='word_1_13' title='bbox 833 359 858 370; x_wconf 49' lang='grc' dir='ltr'><em>υ</em></span> <span class='ocrx_word' id='word_1_14' title='bbox 925 353 986 374; x_wconf 69' lang='lat' dir='ltr'><strong>&#39;J.’</strong></span> 
     </span>
    </p>
   </div>
   <div class='ocr_carea' id='block_1_3' title="bbox 1171 19 2114 38">
    <p class='ocr_par' dir='ltr' id='par_1_3' title="bbox 1171 19 2114 38">
     <span class='ocr_line' id='line_1_4' title="bbox 1171 19 2114 38; baseline 0 0"><span class='ocrx_word' id='word_1_15' title='bbox 1171 29 1191 38; x_wconf 70' lang='grc' dir='ltr'><strong>ι.</strong></span> <span class='ocrx_word' id='word_1_16' title='bbox 1268 21 1328 38; x_wconf 32' lang='grc' dir='ltr'><strong>κ’</strong></span> <span class='ocrx_word' id='word_1_17' title='bbox 1789 19 1796 30; x_wconf 92' lang='lat'><strong>&#39;</strong></span> <span class='ocrx_word' id='word_1_18' title='bbox 1920 23 1925 38; x_wconf 81' lang='grc' dir='ltr'><strong>ι</strong></span> <span class='ocrx_word' id='word_1_19' title='bbox 2065 23 2114 38; x_wconf 67' lang='grc' dir='ltr'><strong>ι,</strong></span> 
     </span>
    </p>
   </div>
   <div class='ocr_carea' id='block_1_4' title="bbox 543 23 2176 104">
    <p class='ocr_par' dir='ltr' id='par_1_4' title="bbox 543 23 2176 104">
     <span class='ocr_line' id='line_1_5' title="bbox 543 23 2176 104; baseline -0.001 -16"><span class='ocrx_word' id='word_1_20' title='bbox 543 29 594 88; x_wconf 46' lang='grc' dir='ltr'>ί(</span> <span class='ocrx_word' id='word_1_21' title='bbox 667 41 738 94; x_wconf 43' lang='lat' dir='ltr'><strong>[&quot;h&#39;.</strong></span> <span class='ocrx_word' id='word_1_22' title='bbox 761 59 776 88; x_wconf 71' lang='lat'><strong>\</strong></span> <span class='ocrx_word' id='word_1_23' title='bbox 804 51 844 88; x_wconf 65' lang='grc' dir='ltr'><strong>λ(</strong></span> <span class='ocrx_word' id='word_1_24' title='bbox 995 49 1016 86; x_wconf 56' lang='grc' dir='ltr'><strong>ἱ(</strong></span> <span class='ocrx_word' id='word_1_25' title='bbox 1035 51 1054 80; x_wconf 69' lang='lat' dir='ltr'><strong><em>J</em></strong></span> <span class='ocrx_word' id='word_1_26' title='bbox 1071 56 1094 74; x_wconf 51' lang='grc' dir='ltr'>Ἴ</span> <span class='ocrx_word' id='word_1_27' title='bbox 1111 57 1130 78; x_wconf 64' lang='grc' dir='ltr'><strong>’δ</strong></span> <span class='ocrx_word' id='word_1_28' title='bbox 1165 35 1192 74; x_wconf 33' lang='lat'><strong>&#39;2‘</strong></span> <span class='ocrx_word' id='word_1_29' title='bbox 1299 51 1378 88; x_wconf 55' lang='grc' dir='ltr'><strong>ἰθ-ἒν</strong></span> <span class='ocrx_word' id='word_1_30' title='bbox 1395 52 1456 86; x_wconf 48' lang='lat' dir='ltr'><strong>fin</strong></span> <span class='ocrx_word' id='word_1_31' title='bbox 1487 64 1534 104; x_wconf 62' lang='grc' dir='ltr'><strong>τί</strong></span> <span class='ocrx_word' id='word_1_32' title='bbox 1584 69 1594 80; x_wconf 74' lang='grc' dir='ltr'><strong>ο</strong></span> <span class='ocrx_word' id='word_1_33' title='bbox 1785 43 1810 80; x_wconf 39' lang='grc' dir='ltr'><strong>ἐκ</strong></span> <span class='ocrx_word' id='word_1_34' title='bbox 1847 55 1854 80; x_wconf 68' lang='lat'><strong>&#39;-</strong></span> <span class='ocrx_word' id='word_1_35' title='bbox 1885 69 1897 84; x_wconf 71' lang='grc' dir='ltr'><strong>υ</strong></span> <span class='ocrx_word' id='word_1_36' title='bbox 1920 23 1948 78; x_wconf 54' lang='grc' dir='ltr'><strong>ἔθ’</strong></span> <span class='ocrx_word' id='word_1_37' title='bbox 1967 59 2004 78; x_wconf 50' lang='grc' dir='ltr'>ἀῖ</span> <span class='ocrx_word' id='word_1_38' title='bbox 2033 23 2176 86; x_wconf 15' lang='grc' dir='ltr'><strong>Γλίύτθ</strong></span> 
     </span>
    </p>
   </div>
   <div class='ocr_carea' id='block_1_5' title="bbox 619 109 1670 131">
    <p class='ocr_par' dir='ltr' id='par_1_5' title="bbox 619 109 1670 131">
     <span class='ocr_line' id='line_1_6' title="bbox 619 109 1670 131; baseline 0 0"><span class='ocrx_word' id='word_1_39' title='bbox 619 109 630 120; x_wconf 49' lang='grc' dir='ltr'><strong><em>ί</em></strong></span> <span class='ocrx_word' id='word_1_40' title='bbox 817 125 824 131; x_wconf 88' lang='grc'><strong>.</strong></span> <span class='ocrx_word' id='word_1_41' title='bbox 1069 113 1080 130; x_wconf 72' lang='grc' dir='ltr'><strong><em>Ι</em></strong></span> <span class='ocrx_word' id='word_1_42' title='bbox 1265 123 1280 131; x_wconf 60' lang='grc' dir='ltr'>ι</span> <span class='ocrx_word' id='word_1_43' title='bbox 1405 123 1412 131; x_wconf 75' lang='grc' dir='ltr'><strong>ε</strong></span> <span class='ocrx_word' id='word_1_44' title='bbox 1651 109 1670 120; x_wconf 57' lang='lat'><strong>&#39;-</strong></span> 
     </span>
    </p>
   </div>
   <div class='ocr_carea' id='block_1_6' title="bbox 1386 123 2926 197">
    <p class='ocr_par' dir='ltr' id='par_1_6' title="bbox 1386 123 2926 197">
     <span class='ocr_line' id='line_1_7' title="bbox 1386 123 2926 197; baseline 0.001 -21"><span class='ocrx_word' id='word_1_45' title='bbox 1386 123 1438 186; x_wconf 45' lang='grc'><strong>1⁸14</strong></span> <span class='ocrx_word' id='word_1_46' title='bbox 1473 151 1495 190; x_wconf 65' lang='grc' dir='ltr'><strong>ι,</strong></span> <span class='ocrx_word' id='word_1_47' title='bbox 1519 159 1548 188; x_wconf 20' lang='grc' dir='ltr'><strong>,γ’</strong></span> <span class='ocrx_word' id='word_1_48' title='bbox 1645 147 1716 172; x_wconf 57' lang='grc' dir='ltr'><strong>κη’</strong></span> <span class='ocrx_word' id='word_1_49' title='bbox 1739 144 1778 178; x_wconf 78' lang='lat'><strong>&quot;,</strong></span> <span class='ocrx_word' id='word_1_50' title='bbox 1813 149 1834 178; x_wconf 66' lang='grc' dir='ltr'>ί,</span> <span class='ocrx_word' id='word_1_51' title='bbox 1863 148 1924 184; x_wconf 53' lang='grc'><strong>’(9</strong></span> <span class='ocrx_word' id='word_1_52' title='bbox 1949 145 2078 184; x_wconf 53' lang='grc' dir='ltr'>ςιζτν</span> <span class='ocrx_word' id='word_1_53' title='bbox 2131 129 2170 184; x_wconf 72' lang='grc' dir='ltr'><strong>σί</strong></span> <span class='ocrx_word' id='word_1_54' title='bbox 2199 125 2488 194; x_wconf 49' lang='grc' dir='ltr'><strong>ᾋἺβμρυιέᾖ</strong></span> <span class='ocrx_word' id='word_1_55' title='bbox 2614 135 2651 180; x_wconf 70' lang='grc' dir='ltr'><strong>ἶυ</strong></span> <span class='ocrx_word' id='word_1_56' title='bbox 2680 127 2722 172; x_wconf 55' lang='lat'><strong>&#39;5‘</strong></span> <span class='ocrx_word' id='word_1_57' title='bbox 2749 146 2788 176; x_wconf 64' lang='lat' dir='ltr'><strong>hs</strong></span> <span class='ocrx_word' id='word_1_58' title='bbox 2821 141 2926 182; x_wconf 63' lang='grc' dir='ltr'><strong>ζει-ἰέ</strong></span> 
     </span>
    </p>
   </div>
   <div class='ocr_carea' id='block_1_7' title="bbox 475 159 1334 188">
    <p class='ocr_par' dir='ltr' id='par_1_7' title="bbox 475 159 1324 182">
     <span class='ocr_line' id='line_1_8' title="bbox 475 159 1324 182; baseline 0.002 -6"><span class='ocrx_word' id='word_1_59' title='bbox 475 159 480 172; x_wconf 91' lang='grc' dir='ltr'><strong>ι</strong></span> <span class='ocrx_word' id='word_1_60' title='bbox 555 159 560 164; x_wconf 69' lang='grc'>’</span> <span class='ocrx_word' id='word_1_61' title='bbox 629 159 669 170; x_wconf 40' lang='grc' dir='ltr'><strong>ἰ</strong></span> <span class='ocrx_word' id='word_1_62' title='bbox 778 159 783 166; x_wconf 85' lang='lat'>&#39;</span> <span class='ocrx_word' id='word_1_63' title='bbox 833 159 864 176; x_wconf 58' lang='grc' dir='ltr'><strong>μ’</strong></span> <span class='ocrx_word' id='word_1_64' title='bbox 934 159 1066 178; x_wconf 75' lang='lat' dir='ltr'><strong>&quot;&quot;u</strong></span> <span class='ocrx_word' id='word_1_65' title='bbox 1158 159 1194 182; x_wconf 67' lang='grc' dir='ltr'><strong>τ’,</strong></span> <span class='ocrx_word' id='word_1_66' title='bbox 1263 163 1324 178; x_wconf 65' lang='grc' dir='ltr'><strong>,ρ-</strong></span> 
     </span>
    </p>
   </div>
   <div class='ocr_carea' id='block_1_8' title="bbox 539 193 1312 206">
    <p class='ocr_par' dir='ltr' id='par_1_8' title="bbox 539 193 1312 206">
     <span class='ocr_line' id='line_1_9' title="bbox 539 193 1312 206; baseline 0.003 -2"><span class='ocrx_word' id='word_1_67' title='bbox 539 193 546 204; x_wconf 60' lang='grc'><em>’</em></span> <span class='ocrx_word' id='word_1_68' title='bbox 753 201 756 206; x_wconf 93' lang='grc'>.</span> <span class='ocrx_word' id='word_1_69' title='bbox 883 197 886 202; x_wconf 98' lang='lat'><strong><em>-</em></strong></span> <span class='ocrx_word' id='word_1_70' title='bbox 1060 201 1062 204; x_wconf 59' lang='grc' dir='ltr'>ν</span> <span class='ocrx_word' id='word_1_71' title='bbox 1098 197 1102 206; x_wconf 77' lang='grc' dir='ltr'><strong>ι</strong></span> <span class='ocrx_word' id='word_1_72' title='bbox 1116 197 1126 206; x_wconf 68' lang='grc' dir='ltr'>ι</span> <span class='ocrx_word' id='word_1_73' title='bbox 1259 201 1264 206; x_wconf 95' lang='grc'>.</span> <span class='ocrx_word' id='word_1_74' title='bbox 1307 202 1312 206; x_wconf 78' lang='lat'><strong>.</strong></span> 
     </span>
    </p>
   </div>
   <div class='ocr_carea' id='block_1_9' title="bbox 471 249 1364 294">
    <p class='ocr_par' dir='ltr' id='par_1_9' title="bbox 471 249 1364 294">
     <span class='ocr_line' id='line_1_10' title="bbox 471 249 1364 276; baseline 0.002 -2"><span class='ocrx_word' id='word_1_75' title='bbox 471 249 484 266; x_wconf 66' lang='grc' dir='ltr'><strong><em>ί</em></strong></span> <span class='ocrx_word' id='word_1_76' title='bbox 547 251 550 254; x_wconf 84' lang='grc'><strong>’</strong></span> <span class='ocrx_word' id='word_1_77' title='bbox 609 249 613 252; x_wconf 61' lang='grc'><strong><em>⁷</em></strong></span> <span class='ocrx_word' id='word_1_78' title='bbox 694 249 698 252; x_wconf 81' lang='grc'><em>’</em></span> <span class='ocrx_word' id='word_1_79' title='bbox 762 251 814 260; x_wconf 63' lang='grc'>”</span> <span class='ocrx_word' id='word_1_80' title='bbox 1013 259 1026 274; x_wconf 73' lang='lat' dir='ltr'><strong>r</strong></span> <span class='ocrx_word' id='word_1_81' title='bbox 1069 253 1074 260; x_wconf 92' lang='lat'><em>‘</em></span> <span class='ocrx_word' id='word_1_82' title='bbox 1355 269 1364 276; x_wconf 87' lang='lat'><strong>.</strong></span> 
     </span>
     <span class='ocr_line' id='line_1_11' title="bbox 523 271 1272 294; baseline 0 0"><span class='ocrx_word' id='word_1_83' title='bbox 523 279 683 294; x_wconf 63' lang='grc' dir='ltr'><strong>Διιι-1...</strong></span> <span class='ocrx_word' id='word_1_84' title='bbox 739 278 814 294; x_wconf 69' lang='lat'><em>‘:,\4</em></span> <span class='ocrx_word' id='word_1_85' title='bbox 893 271 1272 294; x_wconf 50' lang='lat' dir='ltr'><strong>&quot;..‘--i!i&#39;.“..&quot;r</strong></span> 
     </span>
    </p>
   </div>
   <div class='ocr_carea' id='block_1_10' title="bbox 1113 317 2513 432">
    <p class='ocr_par' dir='ltr' id='par_1_10' title="bbox 1113 317 2513 432">
     <span class='ocr_line' id='line_1_12' title="bbox 1113 317 2513 432; baseline -0.001 -6"><span class='ocrx_word' id='word_1_86' title='bbox 1113 321 1148 377; x_wconf 58' lang='grc'><em>³</em></span> <span class='ocrx_word' id='word_1_87' title='bbox 1215 333 1310 376; x_wconf 71' lang='grc'><strong>”⁵⁴</strong></span> <span class='ocrx_word' id='word_1_88' title='bbox 1351 339 1372 382; x_wconf 55' lang='grc' dir='ltr'><em>λ</em></span> <span class='ocrx_word' id='word_1_89' title='bbox 1453 329 2062 428; x_wconf 52' lang='grc' dir='ltr'>άοΑΝΝιδ</span> <span class='ocrx_word' id='word_1_90' title='bbox 2086 317 2513 432; x_wconf 47' lang='lat' dir='ltr'><strong>massam</strong></span> 
     </span>
    </p>
   </div>
   <div class='ocr_carea' id='block_1_11' title="bbox 2695 15 3752 86">
    <p class='ocr_par' dir='ltr' id='par_1_11' title="bbox 2695 15 3752 86">
     <span class='ocr_line' id='line_1_13' title="bbox 2695 15 3752 86; baseline 0.004 -18"><span class='ocrx_word' id='word_1_91' title='bbox 2695 23 2790 70; x_wconf 55' lang='grc' dir='ltr'><strong>π’κλ</strong></span> <span class='ocrx_word' id='word_1_92' title='bbox 2837 15 3128 84; x_wconf 35' lang='grc' dir='ltr'><strong>λυ-φιαιθδτ</strong></span> <span class='ocrx_word' id='word_1_93' title='bbox 3200 19 3316 76; x_wconf 61' lang='grc' dir='ltr'>τείί</span> <span class='ocrx_word' id='word_1_94' title='bbox 3365 37 3534 86; x_wconf 56' lang='lat' dir='ltr'><strong>‘iJI‘Il</strong></span> <span class='ocrx_word' id='word_1_95' title='bbox 3573 42 3660 86; x_wconf 49' lang='grc' dir='ltr'><strong>ξιξ</strong></span> <span class='ocrx_word' id='word_1_96' title='bbox 3743 65 3752 78; x_wconf 82' lang='grc'><strong>,</strong></span> 
     </span>
    </p>
   </div>
   <div class='ocr_carea' id='block_1_12' title="bbox 2255 13 3616 96">
    <p class='ocr_par' dir='ltr' id='par_1_12' title="bbox 2255 13 3616 96">
     <span class='ocr_line' id='line_1_14' title="bbox 2255 13 3616 96; baseline -0.001 -14"><span class='ocrx_word' id='word_1_97' title='bbox 2255 23 2480 90; x_wconf 30' lang='lat' dir='ltr'><strong>uiua...</strong></span> <span class='ocrx_word' id='word_1_98' title='bbox 2584 13 2617 96; x_wconf 53' lang='grc' dir='ltr'>ἦ</span> <span class='ocrx_word' id='word_1_99' title='bbox 2695 23 2790 70; x_wconf 64' lang='grc' dir='ltr'><strong>π’κλ</strong></span> <span class='ocrx_word' id='word_1_100' title='bbox 2837 15 3128 96; x_wconf 45' lang='grc' dir='ltr'><strong>λιι-Μαίη</strong></span> <span class='ocrx_word' id='word_1_101' title='bbox 3200 19 3316 76; x_wconf 64' lang='grc' dir='ltr'>τείί</span> <span class='ocrx_word' id='word_1_102' title='bbox 3365 37 3534 86; x_wconf 62' lang='lat' dir='ltr'><strong>‘V&quot;&quot;-</strong></span> <span class='ocrx_word' id='word_1_103' title='bbox 3573 50 3616 84; x_wconf 67' lang='grc' dir='ltr'>ξι</span> 
     </span>
    </p>
   </div>
   <div class='ocr_carea' id='block_1_13' title="bbox 2961 107 3510 202">
    <p class='ocr_par' dir='ltr' id='par_1_13' title="bbox 2961 107 3510 202">
     <span class='ocr_line' id='line_1_15' title="bbox 2961 107 3510 202; baseline 0.015 -18"><span class='ocrx_word' id='word_1_104' title='bbox 2961 147 3006 176; x_wconf 68' lang='grc' dir='ltr'><strong>ἰι</strong></span> <span class='ocrx_word' id='word_1_105' title='bbox 3043 123 3060 168; x_wconf 56' lang='grc' dir='ltr'><strong>ἶ</strong></span> <span class='ocrx_word' id='word_1_106' title='bbox 3118 107 3510 202; x_wconf 50' lang='lat' dir='ltr'><strong>Any“)le</strong></span> 
     </span>
    </p>
   </div>
   <div class='ocr_carea' id='block_1_14' title="bbox 3072 239 3466 264">
    <p class='ocr_par' dir='ltr' id='par_1_14' title="bbox 3072 239 3466 264">
     <span class='ocr_line' id='line_1_16' title="bbox 3072 239 3466 264; baseline 0 0"><span class='ocrx_word' id='word_1_107' title='bbox 3072 241 3166 264; x_wconf 64' lang='lat' dir='ltr'><strong>I!&#39;\</strong></span> <span class='ocrx_word' id='word_1_108' title='bbox 3261 239 3304 264; x_wconf 68' lang='grc' dir='ltr'><strong>’“⁴ι’</strong></span> <span class='ocrx_word' id='word_1_109' title='bbox 3349 239 3414 256; x_wconf 78' lang='grc'><strong><em>“’¹“</em></strong></span> <span class='ocrx_word' id='word_1_110' title='bbox 3461 245 3466 252; x_wconf 84' lang='grc'><strong>’</strong></span> 
     </span>
    </p>
   </div>
   <div class='ocr_carea' id='block_1_15' title="bbox 2249 205 2742 266">
    <p class='ocr_par' dir='ltr' id='par_1_15' title="bbox 2249 205 2742 266">
     <span class='ocr_line' id='line_1_17' title="bbox 2249 205 2742 266; baseline 0 0"><span class='ocrx_word' id='word_1_111' title='bbox 2249 213 2578 266; x_wconf 58' lang='grc' dir='ltr'><strong>.,μ·ἰὶ-.;ηλ</strong></span> <span class='ocrx_word' id='word_1_112' title='bbox 2634 213 2678 266; x_wconf 82' lang='lat'><strong>‘..</strong></span> <span class='ocrx_word' id='word_1_113' title='bbox 2737 205 2742 218; x_wconf 85' lang='lat'>‘</span> 
     </span>
    </p>
   </div>
   <div class='ocr_carea' id='block_1_16' title="bbox 3613 361 3772 428">
    <p class='ocr_par' dir='ltr' id='par_1_16' title="bbox 3613 361 3772 428">
     <span class='ocr_line' id='line_1_18' title="bbox 3613 361 3772 428; baseline 0.013 -2"><span class='ocrx_word' id='word_1_114' title='bbox 3613 361 3772 428; x_wconf 66' lang='lat'><strong>1240</strong></span> 
     </span>
    </p>
   </div>
   <div class='ocr_carea' id='block_1_17' title="bbox 485 473 2074 550">
    <p class='ocr_par' dir='ltr' id='par_1_17' title="bbox 485 478 2060 550">
     <span class='ocr_line' id='line_1_19' title="bbox 485 478 2060 550; baseline -0.003 -11"><span class='ocrx_word' id='word_1_115' title='bbox 485 483 812 544; x_wconf 83' lang='lat' dir='ltr'><strong>deiineetur,</strong></span> <span class='ocrx_word' id='word_1_116' title='bbox 840 478 986 550; x_wconf 84' lang='lat' dir='ltr'><strong>quod</strong></span> <span class='ocrx_word' id='word_1_117' title='bbox 1025 480 1356 549; x_wconf 90' lang='lat' dir='ltr'><strong>quantitate,</strong></span> <span class='ocrx_word' id='word_1_118' title='bbox 1391 480 1557 544; x_wconf 92' lang='lat' dir='ltr'><strong>mole,</strong></span> <span class='ocrx_word' id='word_1_119' title='bbox 1609 489 1662 535; x_wconf 90' lang='lat' dir='ltr'><strong>et</strong></span> <span class='ocrx_word' id='word_1_120' title='bbox 1703 479 1942 535; x_wconf 90' lang='lat' dir='ltr'><strong>termino</strong></span> <span class='ocrx_word' id='word_1_121' title='bbox 1967 493 2060 534; x_wconf 86' lang='lat' dir='ltr'><strong>ca-</strong></span> 
     </span>
    </p>
   </div>
   <div class='ocr_carea' id='block_1_18' title="bbox 2159 473 3766 550">
    <p class='ocr_par' dir='ltr' id='par_1_18' title="bbox 2165 473 3766 548">
     <span class='ocr_line' id='line_1_20' title="bbox 2165 473 3766 548; baseline -0.001 -16"><span class='ocrx_word' id='word_1_122' title='bbox 2165 479 2442 548; x_wconf 83' lang='grc' dir='ltr'>μυστικῶς</span> <span class='ocrx_word' id='word_1_123' title='bbox 2483 474 2854 548; x_wconf 81' lang='grc' dir='ltr'>μηνυόμενον;</span> <span class='ocrx_word' id='word_1_124' title='bbox 2891 474 3061 545; x_wconf 83' lang='grc' dir='ltr'>Δῆλον</span> <span class='ocrx_word' id='word_1_125' title='bbox 3106 474 3205 539; x_wconf 80' lang='grc' dir='ltr'><strong>ὡς,</strong></span> <span class='ocrx_word' id='word_1_126' title='bbox 3235 476 3365 528; x_wconf 78' lang='grc' dir='ltr'>ὅταν</span> <span class='ocrx_word' id='word_1_127' title='bbox 3398 473 3514 546; x_wconf 72' lang='grc' dir='ltr'>ἴδῃς</span> <span class='ocrx_word' id='word_1_128' title='bbox 3560 475 3663 530; x_wconf 84' lang='grc' dir='ltr'><strong>διά</strong></span> <span class='ocrx_word' id='word_1_129' title='bbox 3697 479 3766 531; x_wconf 78' lang='grc' dir='ltr'>σὲ</span> 
     </span>
    </p>
   </div>
   <div class='ocr_carea' id='block_1_19' title="bbox 489 568 2059 640">
    <p class='ocr_par' dir='ltr' id='par_1_19' title="bbox 489 568 2059 640">
     <span class='ocr_line' id='line_1_21' title="bbox 489 568 2059 640; baseline -0.001 -14"><span class='ocrx_word' id='word_1_130' title='bbox 489 569 618 627; x_wconf 74' lang='lat' dir='ltr'><strong>ret?</strong></span> <span class='ocrx_word' id='word_1_131' title='bbox 668 569 957 636; x_wconf 85' lang='lat' dir='ltr'><strong>Quomodo</strong></span> <span class='ocrx_word' id='word_1_132' title='bbox 1024 569 1196 637; x_wconf 90' lang='lat' dir='ltr'><strong>illius,</strong></span> <span class='ocrx_word' id='word_1_133' title='bbox 1260 569 1405 640; x_wconf 90' lang='lat' dir='ltr'><strong>quod</strong></span> <span class='ocrx_word' id='word_1_134' title='bbox 1462 568 1651 624; x_wconf 64' lang='lat' dir='ltr'><strong>formae</strong></span> <span class='ocrx_word' id='word_1_135' title='bbox 1706 576 1793 624; x_wconf 88' lang='lat' dir='ltr'><strong>est</strong></span> <span class='ocrx_word' id='word_1_136' title='bbox 1837 581 2059 638; x_wconf 84' lang='lat' dir='ltr'><strong>expers,</strong></span> 
     </span>
    </p>
   </div>
   <div class='ocr_carea' id='block_1_20' title="bbox 487 661 2059 730">
    <p class='ocr_par' dir='ltr' id='par_1_20' title="bbox 487 661 2059 730">
     <span class='ocr_line' id='line_1_22' title="bbox 487 661 2059 730; baseline -0.002 -11"><span class='ocrx_word' id='word_1_137' title='bbox 487 665 669 719; x_wconf 83' lang='lat' dir='ltr'><strong>forma</strong></span> <span class='ocrx_word' id='word_1_138' title='bbox 737 661 1201 717; x_wconf 87' lang='lat' dir='ltr'><strong>adumbrahitur?</strong></span> <span class='ocrx_word' id='word_1_139' title='bbox 1255 662 1606 729; x_wconf 86' lang='lat' dir='ltr'><strong>Quibusnam</strong></span> <span class='ocrx_word' id='word_1_140' title='bbox 1659 661 1908 725; x_wconf 79' lang='lat' dir='ltr'><strong>tandem,</strong></span> <span class='ocrx_word' id='word_1_141' title='bbox 1965 661 2059 730; x_wconf 88' lang='lat' dir='ltr'><strong>qui</strong></span> 
     </span>
    </p>
   </div>
   <div class='ocr_carea' id='block_1_21' title="bbox 484 750 2059 827">
    <p class='ocr_par' dir='ltr' id='par_1_21' title="bbox 484 750 2059 827">
     <span class='ocr_line' id='line_1_23' title="bbox 484 750 2059 827; baseline -0.004 -15"><span class='ocrx_word' id='word_1_142' title='bbox 484 770 789 827; x_wconf 84' lang='lat' dir='ltr'><strong>corporeus</strong></span> <span class='ocrx_word' id='word_1_143' title='bbox 847 770 960 810; x_wconf 91' lang='lat' dir='ltr'><strong>non</strong></span> <span class='ocrx_word' id='word_1_144' title='bbox 1013 763 1117 821; x_wconf 87' lang='lat' dir='ltr'><strong>est,</strong></span> <span class='ocrx_word' id='word_1_145' title='bbox 1149 755 1433 812; x_wconf 89' lang='lat' dir='ltr'><strong>coloribus</strong></span> <span class='ocrx_word' id='word_1_146' title='bbox 1477 752 1870 810; x_wconf 87' lang='lat' dir='ltr'><strong>descrihetur?</strong></span> <span class='ocrx_word' id='word_1_147' title='bbox 1915 750 2059 818; x_wconf 87' lang='lat' dir='ltr'><strong>Quid</strong></span> 
     </span>
    </p>
   </div>
   <div class='ocr_carea' id='block_1_22' title="bbox 485 841 2059 918">
    <p class='ocr_par' dir='ltr' id='par_1_22' title="bbox 485 841 2059 918">
     <span class='ocr_line' id='line_1_24' title="bbox 485 841 2059 918; baseline -0.003 -16"><span class='ocrx_word' id='word_1_148' title='bbox 485 847 653 917; x_wconf 80' lang='lat' dir='ltr'><strong>igitur</strong></span> <span class='ocrx_word' id='word_1_149' title='bbox 685 845 933 918; x_wconf 82' lang='lat' dir='ltr'><strong>mysterii</strong></span> <span class='ocrx_word' id='word_1_150' title='bbox 974 846 1062 902; x_wconf 85' lang='lat' dir='ltr'><strong>his</strong></span> <span class='ocrx_word' id='word_1_151' title='bbox 1090 847 1145 902; x_wconf 91' lang='lat' dir='ltr'><strong>in</strong></span> <span class='ocrx_word' id='word_1_152' title='bbox 1185 846 1328 902; x_wconf 81' lang='lat' dir='ltr'><strong>locis</strong></span> <span class='ocrx_word' id='word_1_153' title='bbox 1355 844 1670 901; x_wconf 86' lang='lat' dir='ltr'><strong>indicatur?</strong></span> <span class='ocrx_word' id='word_1_154' title='bbox 1701 843 1854 901; x_wconf 88' lang='lat' dir='ltr'><strong>Istud</strong></span> <span class='ocrx_word' id='word_1_155' title='bbox 1889 841 2059 898; x_wconf 88' lang='lat' dir='ltr'><strong>dubio</strong></span> 
     </span>
    </p>
   </div>
   <div class='ocr_carea' id='block_1_23' title="bbox 487 938 2059 1009">
    <p class='ocr_par' dir='ltr' id='par_1_23' title="bbox 487 938 2059 1009">
     <span class='ocr_line' id='line_1_25' title="bbox 487 938 2059 1009; baseline -0.004 -15"><span class='ocrx_word' id='word_1_156' title='bbox 487 939 714 1009; x_wconf 90' lang='lat' dir='ltr'><strong>procul,</strong></span> <span class='ocrx_word' id='word_1_157' title='bbox 761 945 843 1004; x_wconf 92' lang='lat' dir='ltr'><strong>ut,</strong></span> <span class='ocrx_word' id='word_1_158' title='bbox 893 954 1019 994; x_wconf 93' lang='lat' dir='ltr'><strong>cum</strong></span> <span class='ocrx_word' id='word_1_159' title='bbox 1050 954 1176 995; x_wconf 88' lang='lat' dir='ltr'><strong>eum</strong></span> <span class='ocrx_word' id='word_1_160' title='bbox 1223 939 1316 1009; x_wconf 87' lang='lat' dir='ltr'><strong>qui</strong></span> <span class='ocrx_word' id='word_1_161' title='bbox 1365 938 1728 1006; x_wconf 89' lang='lat' dir='ltr'><strong>incorporeus</strong></span> <span class='ocrx_word' id='word_1_162' title='bbox 1767 943 1874 1001; x_wconf 89' lang='lat' dir='ltr'><strong>est,</strong></span> <span class='ocrx_word' id='word_1_163' title='bbox 1930 948 2059 1004; x_wconf 90' lang='lat' dir='ltr'><strong>pro-</strong></span> 
     </span>
    </p>
   </div>
   <div class='ocr_carea' id='block_1_24' title="bbox 486 1025 2059 1101">
    <p class='ocr_par' dir='ltr' id='par_1_24' title="bbox 486 1025 2059 1101">
     <span class='ocr_line' id='line_1_26' title="bbox 486 1025 2059 1101; baseline -0.001 -17"><span class='ocrx_word' id='word_1_164' title='bbox 486 1038 608 1101; x_wconf 84' lang='lat' dir='ltr'><strong>pter</strong></span> <span class='ocrx_word' id='word_1_165' title='bbox 639 1038 692 1086; x_wconf 94' lang='lat' dir='ltr'><strong>te</strong></span> <span class='ocrx_word' id='word_1_166' title='bbox 723 1030 998 1085; x_wconf 84' lang='lat' dir='ltr'><strong>hominem</strong></span> <span class='ocrx_word' id='word_1_167' title='bbox 1033 1029 1237 1085; x_wconf 82' lang='lat' dir='ltr'><strong>factum</strong></span> <span class='ocrx_word' id='word_1_168' title='bbox 1261 1029 1639 1100; x_wconf 84' lang='lat' dir='ltr'><strong>conspexeris,</strong></span> <span class='ocrx_word' id='word_1_169' title='bbox 1666 1035 1781 1084; x_wconf 91' lang='lat' dir='ltr'><strong>tum</strong></span> <span class='ocrx_word' id='word_1_170' title='bbox 1807 1025 2059 1082; x_wconf 76' lang='lat' dir='ltr'><strong>humanas</strong></span> 
     </span>
    </p>
   </div>
   <div class='ocr_carea' id='block_1_25' title="bbox 487 1117 2056 1192">
    <p class='ocr_par' dir='ltr' id='par_1_25' title="bbox 487 1117 2056 1192">
     <span class='ocr_line' id='line_1_27' title="bbox 487 1117 2056 1192; baseline -0.003 -16"><span class='ocrx_word' id='word_1_171' title='bbox 487 1123 638 1178; x_wconf 90' lang='lat' dir='ltr'><strong>illius</strong></span> <span class='ocrx_word' id='word_1_172' title='bbox 665 1121 856 1178; x_wconf 86' lang='lat' dir='ltr'><strong>formae</strong></span> <span class='ocrx_word' id='word_1_173' title='bbox 895 1122 1312 1179; x_wconf 87' lang='lat' dir='ltr'><strong>similitudinem</strong></span> <span class='ocrx_word' id='word_1_174' title='bbox 1344 1121 1628 1192; x_wconf 82' lang='lat' dir='ltr'><strong>exprimas</strong></span> <span class='ocrx_word' id='word_1_175' title='bbox 1658 1139 1671 1176; x_wconf 93' lang='lat'>:</span> <span class='ocrx_word' id='word_1_176' title='bbox 1715 1135 1841 1174; x_wconf 91' lang='lat' dir='ltr'><strong>cum</strong></span> <span class='ocrx_word' id='word_1_177' title='bbox 1890 1119 1936 1174; x_wconf 90' lang='lat' dir='ltr'><strong>is</strong></span> <span class='ocrx_word' id='word_1_178' title='bbox 1963 1117 2056 1188; x_wconf 88' lang='lat' dir='ltr'><strong>qui</strong></span> 
     </span>
    </p>
   </div>
   <div class='ocr_carea' id='block_1_26' title="bbox 486 1209 2056 1285">
    <p class='ocr_par' dir='ltr' id='par_1_26' title="bbox 486 1209 2056 1285">
     <span class='ocr_line' id='line_1_28' title="bbox 486 1209 2056 1285; baseline -0.004 -16"><span class='ocrx_word' id='word_1_179' title='bbox 486 1215 638 1270; x_wconf 89' lang='lat' dir='ltr'><strong>cerni</strong></span> <span class='ocrx_word' id='word_1_180' title='bbox 671 1230 779 1269; x_wconf 85' lang='lat' dir='ltr'><strong>non</strong></span> <span class='ocrx_word' id='word_1_181' title='bbox 811 1223 1013 1285; x_wconf 86' lang='lat' dir='ltr'><strong>potest,</strong></span> <span class='ocrx_word' id='word_1_182' title='bbox 1048 1230 1215 1271; x_wconf 90' lang='lat' dir='ltr'><strong>carne</strong></span> <span class='ocrx_word' id='word_1_183' title='bbox 1247 1214 1609 1284; x_wconf 87' lang='lat' dir='ltr'><strong>conspicuum</strong></span> <span class='ocrx_word' id='word_1_184' title='bbox 1651 1227 1712 1268; x_wconf 91' lang='lat' dir='ltr'><strong>se</strong></span> <span class='ocrx_word' id='word_1_185' title='bbox 1741 1209 2056 1281; x_wconf 69' lang='lat' dir='ltr'><strong>prmhuerit,</strong></span> 
     </span>
    </p>
   </div>
   <div class='ocr_carea' id='block_1_27' title="bbox 488 1302 2058 1377">
    <p class='ocr_par' dir='ltr' id='par_1_27' title="bbox 488 1302 2058 1377">
     <span class='ocr_line' id='line_1_29' title="bbox 488 1302 2058 1377; baseline -0.002 -18"><span class='ocrx_word' id='word_1_186' title='bbox 488 1315 601 1359; x_wconf 88' lang='lat' dir='ltr'><strong>tum</strong></span> <span class='ocrx_word' id='word_1_187' title='bbox 667 1307 960 1377; x_wconf 77' lang='lat' dir='ltr'><strong>imaginem</strong></span> <span class='ocrx_word' id='word_1_188' title='bbox 1012 1307 1187 1377; x_wconf 91' lang='lat' dir='ltr'><strong>ipsius</strong></span> <span class='ocrx_word' id='word_1_189' title='bbox 1237 1306 1461 1362; x_wconf 83' lang='lat' dir='ltr'><strong>facias:</strong></span> <span class='ocrx_word' id='word_1_190' title='bbox 1520 1321 1645 1360; x_wconf 91' lang='lat' dir='ltr'><strong>cum</strong></span> <span class='ocrx_word' id='word_1_191' title='bbox 1713 1304 1806 1360; x_wconf 92' lang='lat' dir='ltr'><strong>ille</strong></span> <span class='ocrx_word' id='word_1_192' title='bbox 1855 1303 1950 1374; x_wconf 91' lang='lat' dir='ltr'><strong>qui</strong></span> <span class='ocrx_word' id='word_1_193' title='bbox 2003 1302 2058 1356; x_wconf 89' lang='lat' dir='ltr'><strong>in</strong></span> 
     </span>
    </p>
   </div>
   <div class='ocr_carea' id='block_1_28' title="bbox 488 1395 2056 1468">
    <p class='ocr_par' dir='ltr' id='par_1_28' title="bbox 488 1395 2056 1468">
     <span class='ocr_line' id='line_1_30' title="bbox 488 1395 2056 1468; baseline 0.001 -19"><span class='ocrx_word' id='word_1_194' title='bbox 488 1395 660 1452; x_wconf 88' lang='lat' dir='ltr'><strong>forma</strong></span> <span class='ocrx_word' id='word_1_195' title='bbox 689 1396 784 1452; x_wconf 91' lang='lat' dir='ltr'><strong>Dei</strong></span> <span class='ocrx_word' id='word_1_196' title='bbox 809 1397 1084 1453; x_wconf 86' lang='lat' dir='ltr'><strong>exsistens</strong></span> <span class='ocrx_word' id='word_1_197' title='bbox 1120 1397 1187 1463; x_wconf 75' lang='grc'><strong>’⁸,</strong></span> <span class='ocrx_word' id='word_1_198' title='bbox 1221 1405 1445 1468; x_wconf 85' lang='lat' dir='ltr'><strong>propter</strong></span> <span class='ocrx_word' id='word_1_199' title='bbox 1481 1407 1692 1451; x_wconf 63' lang='lat' dir='ltr'><strong>natura:</strong></span> <span class='ocrx_word' id='word_1_200' title='bbox 1730 1411 1844 1452; x_wconf 74' lang='lat' dir='ltr'><strong>sine</strong></span> <span class='ocrx_word' id='word_1_201' title='bbox 1873 1395 2056 1450; x_wconf 88' lang='lat' dir='ltr'><strong>excel-</strong></span> 
     </span>
    </p>
   </div>
   <div class='ocr_carea' id='block_1_29' title="bbox 485 1488 2058 1566">
    <p class='ocr_par' dir='ltr' id='par_1_29' title="bbox 485 1488 2058 1566">
     <span class='ocr_line' id='line_1_31' title="bbox 485 1488 2058 1566; baseline -0.001 -25"><span class='ocrx_word' id='word_1_202' title='bbox 485 1488 733 1554; x_wconf 85' lang='lat' dir='ltr'><strong>lentiam,</strong></span> <span class='ocrx_word' id='word_1_203' title='bbox 769 1496 824 1545; x_wconf 89' lang='lat' dir='ltr'><strong>et</strong></span> <span class='ocrx_word' id='word_1_204' title='bbox 855 1504 1114 1558; x_wconf 89' lang='lat' dir='ltr'><strong>corpore,</strong></span> <span class='ocrx_word' id='word_1_205' title='bbox 1157 1498 1214 1544; x_wconf 88' lang='lat' dir='ltr'><strong>et</strong></span> <span class='ocrx_word' id='word_1_206' title='bbox 1257 1489 1455 1561; x_wconf 85' lang='lat' dir='ltr'><strong>figura,</strong></span> <span class='ocrx_word' id='word_1_207' title='bbox 1503 1488 1950 1566; x_wconf 69' lang='lat' dir='ltr'><strong>gt__quantitatc,</strong></span> <span class='ocrx_word' id='word_1_208' title='bbox 1991 1494 2058 1552; x_wconf 91' lang='lat' dir='ltr'><strong>_c_t</strong></span> 
     </span>
    </p>
   </div>
   <div class='ocr_carea' id='block_1_30' title="bbox 484 1578 2061 1653">
    <p class='ocr_par' dir='ltr' id='par_1_30' title="bbox 484 1578 2061 1653">
     <span class='ocr_line' id='line_1_32' title="bbox 484 1578 2061 1653; baseline 0 -21"><span class='ocrx_word' id='word_1_209' title='bbox 484 1579 774 1653; x_wconf 74' lang='lat' dir='ltr'><strong>qualitate,</strong></span> <span class='ocrx_word' id='word_1_210' title='bbox 823 1587 878 1635; x_wconf 89' lang='lat' dir='ltr'><strong>et</strong></span> <span class='ocrx_word' id='word_1_211' title='bbox 914 1581 1291 1650; x_wconf 77' lang='lat' dir='ltr'><strong>magnitudine</strong></span> <span class='ocrx_word' id='word_1_212' title='bbox 1340 1590 1527 1646; x_wconf 87' lang='lat' dir='ltr'><strong>vacat,</strong></span> <span class='ocrx_word' id='word_1_213' title='bbox 1552 1580 1728 1636; x_wconf 86' lang='lat' dir='ltr'><strong>forma</strong></span> <span class='ocrx_word' id='word_1_214' title='bbox 1758 1578 1902 1635; x_wconf 84' lang='lat' dir='ltr'><strong>servi</strong></span> <span class='ocrx_word' id='word_1_215' title='bbox 1939 1593 2061 1632; x_wconf 89' lang='lat' dir='ltr'><strong>sus-</strong></span> 
     </span>
    </p>
   </div>
   <div class='ocr_carea' id='block_1_31' title="bbox 485 1669 2060 1742">
    <p class='ocr_par' dir='ltr' id='par_1_31' title="bbox 485 1669 2060 1742">
     <span class='ocr_line' id='line_1_33' title="bbox 485 1669 2060 1742; baseline -0.001 -19"><span class='ocrx_word' id='word_1_216' title='bbox 485 1677 668 1738; x_wconf 88' lang='lat' dir='ltr'><strong>cepta,</strong></span> <span class='ocrx_word' id='word_1_217' title='bbox 717 1669 788 1724; x_wconf 91' lang='lat' dir='ltr'><strong>ad</strong></span> <span class='ocrx_word' id='word_1_218' title='bbox 844 1671 1212 1740; x_wconf 88' lang='lat' dir='ltr'><strong>quantitatem</strong></span> <span class='ocrx_word' id='word_1_219' title='bbox 1259 1673 1696 1742; x_wconf 80' lang='lat' dir='ltr'><strong>qualitatemque</strong></span> <span class='ocrx_word' id='word_1_220' title='bbox 1758 1684 1882 1724; x_wconf 88' lang='lat' dir='ltr'><strong>sese</strong></span> <span class='ocrx_word' id='word_1_221' title='bbox 1926 1683 2060 1723; x_wconf 90' lang='lat' dir='ltr'><strong>con-</strong></span> 
     </span>
    </p>
   </div>
   <div class='ocr_carea' id='block_1_32' title="bbox 484 1759 2058 1834">
    <p class='ocr_par' dir='ltr' id='par_1_32' title="bbox 484 1759 2058 1834">
     <span class='ocr_line' id='line_1_34' title="bbox 484 1759 2058 1834; baseline 0.002 -23"><span class='ocrx_word' id='word_1_222' title='bbox 484 1759 740 1825; x_wconf 85' lang='lat' dir='ltr'><strong>traxerit,</strong></span> <span class='ocrx_word' id='word_1_223' title='bbox 776 1776 838 1816; x_wconf 92' lang='lat' dir='ltr'><strong>ac</strong></span> <span class='ocrx_word' id='word_1_224' title='bbox 859 1762 1112 1832; x_wconf 86' lang='lat' dir='ltr'><strong>corporis</strong></span> <span class='ocrx_word' id='word_1_225' title='bbox 1140 1764 1368 1834; x_wconf 85' lang='lat' dir='ltr'><strong>figuram</strong></span> <span class='ocrx_word' id='word_1_226' title='bbox 1401 1764 1642 1820; x_wconf 89' lang='lat' dir='ltr'><strong>induerit</strong></span> <span class='ocrx_word' id='word_1_227' title='bbox 1668 1762 1736 1825; x_wconf 81' lang='lat'><strong>”,</strong></span> <span class='ocrx_word' id='word_1_228' title='bbox 1771 1771 1900 1815; x_wconf 91' lang='lat' dir='ltr'><strong>tunc</strong></span> <span class='ocrx_word' id='word_1_229' title='bbox 1933 1776 2058 1816; x_wconf 89' lang='lat' dir='ltr'><strong>eum</strong></span> 
     </span>
    </p>
   </div>
   <div class='ocr_carea' id='block_1_33' title="bbox 2163 565 3766 641">
    <p class='ocr_par' dir='ltr' id='par_1_33' title="bbox 2163 565 3766 641">
     <span class='ocr_line' id='line_1_35' title="bbox 2163 565 3766 641; baseline -0.002 -17"><span class='ocrx_word' id='word_1_230' title='bbox 2163 571 2450 641; x_wconf 85' lang='grc' dir='ltr'>γενόμενον</span> <span class='ocrx_word' id='word_1_231' title='bbox 2479 570 2765 640; x_wconf 79' lang='grc' dir='ltr'>ἄνθρωπον</span> <span class='ocrx_word' id='word_1_232' title='bbox 2790 567 2882 623; x_wconf 82' lang='grc' dir='ltr'>τὸν</span> <span class='ocrx_word' id='word_1_233' title='bbox 2903 565 3214 636; x_wconf 87' lang='grc' dir='ltr'>ἀσώματον,</span> <span class='ocrx_word' id='word_1_234' title='bbox 3234 565 3355 619; x_wconf 85' lang='grc' dir='ltr'>τότε</span> <span class='ocrx_word' id='word_1_235' title='bbox 3381 565 3609 638; x_wconf 81' lang='grc' dir='ltr'><strong>δράσεις</strong></span> <span class='ocrx_word' id='word_1_236' title='bbox 3650 569 3766 638; x_wconf 81' lang='grc' dir='ltr'>τῆς</span> 
     </span>
    </p>
   </div>
   <div class='ocr_carea' id='block_1_34' title="bbox 2159 659 3761 736">
    <p class='ocr_par' dir='ltr' id='par_1_34' title="bbox 2159 659 3761 736">
     <span class='ocr_line' id='line_1_36' title="bbox 2159 659 3761 736; baseline -0.001 -19"><span class='ocrx_word' id='word_1_237' title='bbox 2159 663 2511 736; x_wconf 76' lang='grc' dir='ltr'><strong>ἀνθρωπίνης</strong></span> <span class='ocrx_word' id='word_1_238' title='bbox 2575 661 2791 734; x_wconf 81' lang='grc' dir='ltr'><strong>μορφῆς</strong></span> <span class='ocrx_word' id='word_1_239' title='bbox 2851 660 2912 715; x_wconf 81' lang='grc' dir='ltr'>τὸ</span> <span class='ocrx_word' id='word_1_240' title='bbox 2979 659 3316 730; x_wconf 79' lang='grc' dir='ltr'>ἑκτύπωμα·</span> <span class='ocrx_word' id='word_1_241' title='bbox 3366 661 3495 714; x_wconf 76' lang='grc' dir='ltr'>ὅταν</span> <span class='ocrx_word' id='word_1_242' title='bbox 3545 663 3761 732; x_wconf 79' lang='grc' dir='ltr'>ὁρατὸς</span> 
     </span>
    </p>
   </div>
   <div class='ocr_carea' id='block_1_35' title="bbox 2162 748 3758 822">
    <p class='ocr_par' dir='ltr' id='par_1_35' title="bbox 2162 748 3758 822">
     <span class='ocr_line' id='line_1_37' title="bbox 2162 748 3758 822; baseline -0.001 -18"><span class='ocrx_word' id='word_1_243' title='bbox 2162 752 2328 822; x_wconf 82' lang='grc' dir='ltr'>σαρκὶ</span> <span class='ocrx_word' id='word_1_244' title='bbox 2354 753 2382 806; x_wconf 99' lang='lat'><strong>6</strong></span> <span class='ocrx_word' id='word_1_245' title='bbox 2403 751 2633 822; x_wconf 80' lang='grc' dir='ltr'>ἀόρατος</span> <span class='ocrx_word' id='word_1_246' title='bbox 2652 750 2903 822; x_wconf 87' lang='grc' dir='ltr'>γένηται,</span> <span class='ocrx_word' id='word_1_247' title='bbox 2935 748 3059 802; x_wconf 82' lang='grc' dir='ltr'>τότε</span> <span class='ocrx_word' id='word_1_248' title='bbox 3086 748 3374 812; x_wconf 85' lang='grc' dir='ltr'>είκονίσεις</span> <span class='ocrx_word' id='word_1_249' title='bbox 3403 749 3462 803; x_wconf 80' lang='grc' dir='ltr'><strong>τὺ</strong></span> <span class='ocrx_word' id='word_1_250' title='bbox 3484 749 3579 803; x_wconf 88' lang='grc' dir='ltr'><strong>τοῦ</strong></span> <span class='ocrx_word' id='word_1_251' title='bbox 3609 751 3758 821; x_wconf 78' lang='grc' dir='ltr'>ὁρα-</span> 
     </span>
    </p>
   </div>
   <div class='ocr_carea' id='block_1_36' title="bbox 2159 839 3755 932">
    <p class='ocr_par' dir='ltr' id='par_1_36' title="bbox 2159 839 3755 932">
     <span class='ocr_line' id='line_1_38' title="bbox 2159 839 3755 932; baseline 0.001 -39"><span class='ocrx_word' id='word_1_252' title='bbox 2159 839 3154 932; x_wconf 31' lang='grc' dir='ltr'>θέινξρῶέμοίωμαῗάἒὼματος</span> <span class='ocrx_word' id='word_1_253' title='bbox 3180 839 3278 894; x_wconf 73' lang='grc' dir='ltr'>καὶ</span> <span class='ocrx_word' id='word_1_254' title='bbox 3311 840 3755 910; x_wconf 77' lang='grc' dir='ltr'>ἀσχημάτιστος,</span> 
     </span>
    </p>
   </div>
   <div class='ocr_carea' id='block_1_37' title="bbox 2159 889 3752 1012">
    <p class='ocr_par' dir='ltr' id='par_1_37' title="bbox 2159 889 3752 1012">
     <span class='ocr_line' id='line_1_39' title="bbox 2166 889 3752 986; baseline 0 -53"><span class='ocrx_word' id='word_1_255' title='bbox 2166 889 2621 986; x_wconf 59' lang='grc' dir='ltr'><strong>’ῖ,ᾁὶιῖὲῌξ⁶”⁷“”⁶“”</strong></span> <span class='ocrx_word' id='word_1_256' title='bbox 2653 889 3152 936; x_wconf 45' lang='grc' dir='ltr'><strong>ιικῖ’ῖέ1ἷίε1”ιῐ“τ“””</strong></span> <span class='ocrx_word' id='word_1_257' title='bbox 3183 889 3275 894; x_wconf 57' lang='grc'><strong>’⁷””</strong></span> <span class='ocrx_word' id='word_1_258' title='bbox 3314 889 3615 950; x_wconf 53' lang='grc' dir='ltr'><strong>”’“]⁸”ξ’”’</strong></span> <span class='ocrx_word' id='word_1_259' title='bbox 3637 889 3752 950; x_wconf 61' lang='grc'><strong>”“;</strong></span> 
     </span>
     <span class='ocr_line' id='line_1_40' title="bbox 2159 911 3752 1012; baseline 0 -26"><span class='ocrx_word' id='word_1_260' title='bbox 2159 933 2362 1007; x_wconf 32' lang='grc' dir='ltr'>ἀποσης</span> <span class='ocrx_word' id='word_1_261' title='bbox 2401 951 2460 987; x_wconf 92' lang='grc' dir='ltr'><strong>τε</strong></span> <span class='ocrx_word' id='word_1_262' title='bbox 2505 934 2601 986; x_wconf 82' lang='grc' dir='ltr'>καὶ</span> <span class='ocrx_word' id='word_1_263' title='bbox 2633 911 2920 1012; x_wconf 56' lang='grc' dir='ltr'>ἀπῆλικος,</span> <span class='ocrx_word' id='word_1_264' title='bbox 2953 932 3048 986; x_wconf 75' lang='grc' dir='ltr'>καὶ</span> <span class='ocrx_word' id='word_1_265' title='bbox 3081 931 3362 1002; x_wconf 79' lang='grc' dir='ltr'><strong>ἀμεγέθης</strong></span> <span class='ocrx_word' id='word_1_266' title='bbox 3390 949 3452 1003; x_wconf 79' lang='grc' dir='ltr'>τῃ</span> <span class='ocrx_word' id='word_1_267' title='bbox 3487 950 3752 1003; x_wconf 80' lang='grc' dir='ltr'>υπεροχῃ</span> 
     </span>
    </p>
   </div>
   <div class='ocr_carea' id='block_1_38' title="bbox 2156 1022 3754 1095">
    <p class='ocr_par' dir='ltr' id='par_1_38' title="bbox 2156 1022 3754 1095">
     <span class='ocr_line' id='line_1_41' title="bbox 2156 1022 3754 1095; baseline -0.002 -16"><span class='ocrx_word' id='word_1_268' title='bbox 2156 1025 2256 1095; x_wconf 85' lang='grc' dir='ltr'>τῆς</span> <span class='ocrx_word' id='word_1_269' title='bbox 2287 1023 2487 1079; x_wconf 82' lang='grc' dir='ltr'>ἑαυτοῦ</span> <span class='ocrx_word' id='word_1_270' title='bbox 2515 1023 2751 1093; x_wconf 86' lang='grc' dir='ltr'>φύσεως,</span> <span class='ocrx_word' id='word_1_271' title='bbox 2784 1025 2812 1076; x_wconf 93' lang='lat'><strong>6</strong></span> <span class='ocrx_word' id='word_1_272' title='bbox 2837 1025 2894 1076; x_wconf 79' lang='grc' dir='ltr'><strong>έν</strong></span> <span class='ocrx_word' id='word_1_273' title='bbox 2921 1025 3104 1095; x_wconf 80' lang='grc' dir='ltr'>μορφῇ</span> <span class='ocrx_word' id='word_1_274' title='bbox 3131 1022 3267 1075; x_wconf 89' lang='grc' dir='ltr'>Θεοῦ</span> <span class='ocrx_word' id='word_1_275' title='bbox 3298 1022 3578 1094; x_wconf 81' lang='grc' dir='ltr'>ὑπάρχων,</span> <span class='ocrx_word' id='word_1_276' title='bbox 3609 1041 3754 1094; x_wconf 81' lang='grc' dir='ltr'>μορ-</span> 
     </span>
    </p>
   </div>
   <div class='ocr_carea' id='block_1_39' title="bbox 2159 1111 3748 1186">
    <p class='ocr_par' dir='ltr' id='par_1_39' title="bbox 2159 1111 3748 1186">
     <span class='ocr_line' id='line_1_42' title="bbox 2159 1111 3748 1186; baseline -0.006 -17"><span class='ocrx_word' id='word_1_277' title='bbox 2159 1115 2266 1184; x_wconf 84' lang='grc' dir='ltr'>φὴν</span> <span class='ocrx_word' id='word_1_278' title='bbox 2289 1113 2478 1168; x_wconf 87' lang='grc' dir='ltr'>δούλου</span> <span class='ocrx_word' id='word_1_279' title='bbox 2509 1111 2689 1169; x_wconf 88' lang='grc' dir='ltr'>λαϐὼν</span> <span class='ocrx_word' id='word_1_280' title='bbox 2717 1113 2890 1186; x_wconf 76' lang='grc' dir='ltr'>ταύτῃ</span> <span class='ocrx_word' id='word_1_281' title='bbox 2928 1112 3166 1183; x_wconf 78' lang='grc' dir='ltr'><strong>συσταλῇ</strong></span> <span class='ocrx_word' id='word_1_282' title='bbox 3211 1112 3346 1183; x_wconf 81' lang='grc' dir='ltr'>πρὸς</span> <span class='ocrx_word' id='word_1_283' title='bbox 3377 1113 3657 1183; x_wconf 80' lang='grc' dir='ltr'>ποσότητά</span> <span class='ocrx_word' id='word_1_284' title='bbox 3686 1131 3748 1166; x_wconf 84' lang='grc' dir='ltr'><strong>τε</strong></span> 
     </span>
    </p>
   </div>
   <div class='ocr_carea' id='block_1_40' title="bbox 2160 1202 3744 1275">
    <p class='ocr_par' dir='ltr' id='par_1_40' title="bbox 2160 1202 3744 1275">
     <span class='ocr_line' id='line_1_43' title="bbox 2160 1202 3744 1275; baseline 0.001 -19"><span class='ocrx_word' id='word_1_285' title='bbox 2160 1202 2254 1256; x_wconf 75' lang='grc' dir='ltr'>καὶ</span> <span class='ocrx_word' id='word_1_286' title='bbox 2281 1203 2640 1275; x_wconf 89' lang='grc' dir='ltr'>πηλικότητα,</span> <span class='ocrx_word' id='word_1_287' title='bbox 2664 1203 2758 1258; x_wconf 79' lang='grc' dir='ltr'>καὶ</span> <span class='ocrx_word' id='word_1_288' title='bbox 2785 1202 3112 1274; x_wconf 78' lang='grc' dir='ltr'><strong>χαρακτῆρα</strong></span> <span class='ocrx_word' id='word_1_289' title='bbox 3141 1203 3432 1274; x_wconf 83' lang='grc' dir='ltr'>περιθῆται</span> <span class='ocrx_word' id='word_1_290' title='bbox 3461 1203 3744 1271; x_wconf 83' lang='grc' dir='ltr'>σώματος,</span> 
     </span>
    </p>
   </div>
   <div class='ocr_carea' id='block_1_41' title="bbox 2157 1293 3746 1365">
    <p class='ocr_par' dir='ltr' id='par_1_41' title="bbox 2157 1293 3746 1365">
     <span class='ocr_line' id='line_1_44' title="bbox 2157 1293 3746 1365; baseline 0.001 -19"><span class='ocrx_word' id='word_1_291' title='bbox 2157 1293 2278 1348; x_wconf 85' lang='grc' dir='ltr'>τότε</span> <span class='ocrx_word' id='word_1_292' title='bbox 2319 1296 2376 1348; x_wconf 86' lang='grc' dir='ltr'>ὲν</span> <span class='ocrx_word' id='word_1_293' title='bbox 2406 1293 2591 1360; x_wconf 80' lang='grc' dir='ltr'>πίναξι</span> <span class='ocrx_word' id='word_1_294' title='bbox 2619 1294 2877 1365; x_wconf 82' lang='grc' dir='ltr'><strong>χάραττε,</strong></span> <span class='ocrx_word' id='word_1_295' title='bbox 2908 1294 3005 1348; x_wconf 81' lang='grc' dir='ltr'>καὶ</span> <span class='ocrx_word' id='word_1_296' title='bbox 3051 1295 3298 1348; x_wconf 84' lang='grc' dir='ltr'>ἀνατίθει</span> <span class='ocrx_word' id='word_1_297' title='bbox 3338 1294 3477 1365; x_wconf 83' lang='grc' dir='ltr'>πρὸς</span> <span class='ocrx_word' id='word_1_298' title='bbox 3506 1293 3746 1364; x_wconf 81' lang='grc' dir='ltr'>θεωρίαν</span> 
     </span>
    </p>
   </div>
   <div class='ocr_carea' id='block_1_42' title="bbox 2158 1384 3744 1457">
    <p class='ocr_par' dir='ltr' id='par_1_42' title="bbox 2158 1384 3744 1457">
     <span class='ocr_line' id='line_1_45' title="bbox 2158 1384 3744 1457; baseline 0 -19"><span class='ocrx_word' id='word_1_299' title='bbox 2158 1384 2249 1438; x_wconf 81' lang='grc' dir='ltr'>τὸν</span> <span class='ocrx_word' id='word_1_300' title='bbox 2296 1384 2560 1456; x_wconf 80' lang='grc' dir='ltr'>ὁραθῆναι</span> <span class='ocrx_word' id='word_1_301' title='bbox 2616 1385 3067 1457; x_wconf 82' lang='grc' dir='ltr'>καταδεξάμενον.</span> <span class='ocrx_word' id='word_1_302' title='bbox 3103 1385 3356 1454; x_wconf 83' lang='grc' dir='ltr'>Χάραττε</span> <span class='ocrx_word' id='word_1_303' title='bbox 3401 1385 3594 1439; x_wconf 87' lang='grc' dir='ltr'>τούτου</span> <span class='ocrx_word' id='word_1_304' title='bbox 3646 1386 3744 1457; x_wconf 78' lang='grc' dir='ltr'>τὴν</span> 
     </span>
    </p>
   </div>
   <div class='ocr_carea' id='block_1_43' title="bbox 2159 1473 3740 1546">
    <p class='ocr_par' dir='ltr' id='par_1_43' title="bbox 2159 1473 3740 1546">
     <span class='ocr_line' id='line_1_46' title="bbox 2159 1473 3740 1546; baseline 0 -18"><span class='ocrx_word' id='word_1_305' title='bbox 2159 1475 2363 1542; x_wconf 81' lang='grc' dir='ltr'>ἄφατον</span> <span class='ocrx_word' id='word_1_306' title='bbox 2416 1473 2844 1543; x_wconf 88' lang='grc' dir='ltr'>συγκατάϐασιν,</span> <span class='ocrx_word' id='word_1_307' title='bbox 2873 1473 2973 1546; x_wconf 79' lang='grc' dir='ltr'><strong>τὴν</strong></span> <span class='ocrx_word' id='word_1_308' title='bbox 3022 1475 3088 1528; x_wconf 73' lang='grc' dir='ltr'>ἐκ</span> <span class='ocrx_word' id='word_1_309' title='bbox 3134 1473 3414 1546; x_wconf 79' lang='grc' dir='ltr'>Παρθένου</span> <span class='ocrx_word' id='word_1_310' title='bbox 3459 1475 3740 1546; x_wconf 79' lang='grc' dir='ltr'>γέννησιν,</span> 
     </span>
    </p>
   </div>
   <div class='ocr_carea' id='block_1_44' title="bbox 2158 1562 3742 1637">
    <p class='ocr_par' dir='ltr' id='par_1_44' title="bbox 2158 1562 3742 1637">
     <span class='ocr_line' id='line_1_47' title="bbox 2158 1562 3742 1637; baseline -0.001 -19"><span class='ocrx_word' id='word_1_311' title='bbox 2158 1565 2258 1637; x_wconf 81' lang='grc' dir='ltr'>τὴν</span> <span class='ocrx_word' id='word_1_312' title='bbox 2290 1567 2348 1619; x_wconf 76' lang='grc' dir='ltr'>ἐν</span> <span class='ocrx_word' id='word_1_313' title='bbox 2396 1565 2637 1637; x_wconf 81' lang='grc' dir='ltr'>Ἰορδάνῃ</span> <span class='ocrx_word' id='word_1_314' title='bbox 2684 1565 2964 1636; x_wconf 83' lang='grc' dir='ltr'>βάπτισιν,</span> <span class='ocrx_word' id='word_1_315' title='bbox 2995 1562 3094 1636; x_wconf 80' lang='grc' dir='ltr'>τὴν</span> <span class='ocrx_word' id='word_1_316' title='bbox 3125 1565 3184 1618; x_wconf 86' lang='grc' dir='ltr'>ὲν</span> <span class='ocrx_word' id='word_1_317' title='bbox 3223 1563 3423 1633; x_wconf 90' lang='grc' dir='ltr'>Θαϐὼρ</span> <span class='ocrx_word' id='word_1_318' title='bbox 3456 1565 3742 1636; x_wconf 75' lang='grc' dir='ltr'>μεταμορ-</span> 
     </span>
    </p>
   </div>
   <div class='ocr_carea' id='block_1_45' title="bbox 2159 1656 3740 1738">
    <p class='ocr_par' dir='ltr' id='par_1_45' title="bbox 2159 1656 3740 1738">
     <span class='ocr_line' id='line_1_48' title="bbox 2159 1656 3740 1738; baseline 0 -27"><span class='ocrx_word' id='word_1_319' title='bbox 2159 1657 2438 1727; x_wconf 77' lang='grc' dir='ltr'>φωσιν,τά</span> <span class='ocrx_word' id='word_1_320' title='bbox 2477 1656 2624 1729; x_wconf 84' lang='grc' dir='ltr'>πάθη</span> <span class='ocrx_word' id='word_1_321' title='bbox 2649 1658 2719 1711; x_wconf 79' lang='grc' dir='ltr'><strong>τά</strong></span> <span class='ocrx_word' id='word_1_322' title='bbox 2743 1657 2842 1728; x_wconf 82' lang='grc' dir='ltr'>τῆς</span> <span class='ocrx_word' id='word_1_323' title='bbox 2873 1656 3144 1721; x_wconf 82' lang='grc' dir='ltr'>ἀπαθείας</span> <span class='ocrx_word' id='word_1_324' title='bbox 3162 1656 3429 1738; x_wconf 46' lang='lat' dir='ltr'><strong>ﬂvis,</strong></span> <span class='ocrx_word' id='word_1_325' title='bbox 3460 1656 3554 1710; x_wconf 83' lang='grc' dir='ltr'>τὸν</span> <span class='ocrx_word' id='word_1_326' title='bbox 3583 1657 3740 1711; x_wconf 80' lang='grc' dir='ltr'>θάνα-</span> 
     </span>
    </p>
   </div>
   <div class='ocr_carea' id='block_1_46' title="bbox 2159 1749 3740 1821">
    <p class='ocr_par' dir='ltr' id='par_1_46' title="bbox 2159 1749 3740 1821">
     <span class='ocr_line' id='line_1_49' title="bbox 2159 1749 3740 1821; baseline 0.001 -19"><span class='ocrx_word' id='word_1_327' title='bbox 2159 1768 2270 1814; x_wconf 88' lang='grc' dir='ltr'>τον,</span> <span class='ocrx_word' id='word_1_328' title='bbox 2299 1751 2369 1804; x_wconf 86' lang='grc' dir='ltr'><strong>τά</strong></span> <span class='ocrx_word' id='word_1_329' title='bbox 2403 1750 2678 1821; x_wconf 87' lang='grc' dir='ltr'>θαύματα,</span> <span class='ocrx_word' id='word_1_330' title='bbox 2704 1751 2772 1805; x_wconf 84' lang='grc' dir='ltr'><strong>τά</strong></span> <span class='ocrx_word' id='word_1_331' title='bbox 2815 1751 2914 1821; x_wconf 82' lang='grc' dir='ltr'>τῆς</span> <span class='ocrx_word' id='word_1_332' title='bbox 2961 1751 3111 1814; x_wconf 81' lang='grc' dir='ltr'>θείας</span> <span class='ocrx_word' id='word_1_333' title='bbox 3139 1749 3307 1804; x_wconf 84' lang='grc' dir='ltr'>αὐτοῦ</span> <span class='ocrx_word' id='word_1_334' title='bbox 3353 1749 3598 1820; x_wconf 88' lang='grc' dir='ltr'>σύμϐολα</span> <span class='ocrx_word' id='word_1_335' title='bbox 3636 1751 3740 1820; x_wconf 79' lang='grc' dir='ltr'>φύ-</span> 
     </span>
    </p>
   </div>
   <div class='ocr_carea' id='block_1_47' title="bbox 3162 1730 3346 1740">
    <p class='ocr_par' dir='ltr' id='par_1_47' title="bbox 3162 1730 3346 1740">
     <span class='ocr_line' id='line_1_50' title="bbox 3162 1730 3346 1740; baseline -0.016 0"><span class='ocrx_word' id='word_1_336' title='bbox 3162 1730 3346 1740; x_wconf 55' lang='grc' dir='ltr'><strong>-ο--υη</strong></span> 
     </span>
    </p>
   </div>
   <div class='ocr_carea' id='block_1_48' title="bbox 483 1835 2074 1925">
    <p class='ocr_par' dir='ltr' id='par_1_48' title="bbox 483 1849 2056 1925">
     <span class='ocr_line' id='line_1_51' title="bbox 483 1849 2056 1925; baseline 0 -18"><span class='ocrx_word' id='word_1_337' title='bbox 483 1849 642 1920; x_wconf 74' lang='grc'><strong>311</strong></span> <span class='ocrx_word' id='word_1_338' title='bbox 673 1850 727 1906; x_wconf 93' lang='lat' dir='ltr'><strong>in</strong></span> <span class='ocrx_word' id='word_1_339' title='bbox 761 1853 973 1909; x_wconf 86' lang='lat' dir='ltr'><strong>tabellis</strong></span> <span class='ocrx_word' id='word_1_340' title='bbox 991 1855 1260 1925; x_wconf 79' lang='lat' dir='ltr'><strong>exprime,</strong></span> <span class='ocrx_word' id='word_1_341' title='bbox 1291 1863 1346 1911; x_wconf 87' lang='lat' dir='ltr'><strong>et</strong></span> <span class='ocrx_word' id='word_1_342' title='bbox 1376 1854 1828 1925; x_wconf 86' lang='lat' dir='ltr'><strong>conspiciendum</strong></span> <span class='ocrx_word' id='word_1_343' title='bbox 1855 1852 2056 1922; x_wconf 62' lang='lat' dir='ltr'><strong>prabe,</strong></span> 
     </span>
    </p>
   </div>
   <div class='ocr_carea' id='block_1_49' title="bbox 2159 1835 3739 1925">
    <p class='ocr_par' dir='ltr' id='par_1_49' title="bbox 2161 1842 3739 1915">
     <span class='ocr_line' id='line_1_52' title="bbox 2161 1842 3739 1915; baseline 0.001 -20"><span class='ocrx_word' id='word_1_344' title='bbox 2161 1859 2316 1906; x_wconf 87' lang='grc' dir='ltr'>σεως,</span> <span class='ocrx_word' id='word_1_345' title='bbox 2346 1842 2412 1896; x_wconf 88' lang='grc' dir='ltr'><strong>δι’</strong></span> <span class='ocrx_word' id='word_1_346' title='bbox 2441 1844 2722 1913; x_wconf 78' lang='grc' dir='ltr'>ἐνεργείας</span> <span class='ocrx_word' id='word_1_347' title='bbox 2757 1843 2960 1914; x_wconf 79' lang='grc' dir='ltr'>σαρκὸς</span> <span class='ocrx_word' id='word_1_348' title='bbox 2989 1843 3242 1914; x_wconf 77' lang='grc' dir='ltr'>ἐνεργείᾳ</span> <span class='ocrx_word' id='word_1_349' title='bbox 3272 1842 3393 1914; x_wconf 73' lang='grc' dir='ltr'>θεία</span> <span class='ocrx_word' id='word_1_350' title='bbox 3423 1844 3739 1915; x_wconf 82' lang='grc' dir='ltr'>πραττόμε-</span> 
     </span>
    </p>
   </div>
   <div class='ocr_carea' id='block_1_50' title="bbox 483 1940 2057 2012">
    <p class='ocr_par' dir='ltr' id='par_1_50' title="bbox 483 1940 2057 2012">
     <span class='ocr_line' id='line_1_53' title="bbox 483 1940 2057 2012; baseline 0.001 -20"><span class='ocrx_word' id='word_1_351' title='bbox 483 1941 580 2010; x_wconf 87' lang='lat' dir='ltr'><strong>qui</strong></span> <span class='ocrx_word' id='word_1_352' title='bbox 619 1943 868 2012; x_wconf 88' lang='lat' dir='ltr'><strong>conspici</strong></span> <span class='ocrx_word' id='word_1_353' title='bbox 896 1943 1094 2000; x_wconf 89' lang='lat' dir='ltr'><strong>voluit.</strong></span> <span class='ocrx_word' id='word_1_354' title='bbox 1150 1944 1599 2010; x_wconf 81' lang='lat' dir='ltr'><strong>lnexplicahilem</strong></span> <span class='ocrx_word' id='word_1_355' title='bbox 1647 1942 1824 2012; x_wconf 86' lang='lat' dir='ltr'><strong>ipsius</strong></span> <span class='ocrx_word' id='word_1_356' title='bbox 1852 1940 2057 1996; x_wconf 84' lang='lat' dir='ltr'><strong>demis-</strong></span> 
     </span>
    </p>
   </div>
   <div class='ocr_carea' id='block_1_51' title="bbox 483 2030 2056 2106">
    <p class='ocr_par' dir='ltr' id='par_1_51' title="bbox 483 2030 2056 2106">
     <span class='ocr_line' id='line_1_54' title="bbox 483 2030 2056 2106; baseline 0.003 -23"><span class='ocrx_word' id='word_1_357' title='bbox 483 2030 698 2085; x_wconf 88' lang='lat' dir='ltr'><strong>sionem</strong></span> <span class='ocrx_word' id='word_1_358' title='bbox 732 2048 921 2100; x_wconf 88' lang='lat' dir='ltr'><strong>exara,</strong></span> <span class='ocrx_word' id='word_1_359' title='bbox 967 2042 1148 2089; x_wconf 88' lang='lat' dir='ltr'><strong>ortum</strong></span> <span class='ocrx_word' id='word_1_360' title='bbox 1193 2050 1259 2090; x_wconf 84' lang='lat' dir='ltr'><strong>ex</strong></span> <span class='ocrx_word' id='word_1_361' title='bbox 1304 2033 1549 2106; x_wconf 84' lang='lat' dir='ltr'><strong>Virgine,</strong></span> <span class='ocrx_word' id='word_1_362' title='bbox 1599 2034 1938 2103; x_wconf 88' lang='lat' dir='ltr'><strong>baptismum</strong></span> <span class='ocrx_word' id='word_1_363' title='bbox 1999 2032 2056 2087; x_wconf 90' lang='lat' dir='ltr'><strong>in</strong></span> 
     </span>
    </p>
   </div>
   <div class='ocr_carea' id='block_1_52' title="bbox 483 2117 2054 2196">
    <p class='ocr_par' dir='ltr' id='par_1_52' title="bbox 483 2117 2054 2196">
     <span class='ocr_line' id='line_1_55' title="bbox 483 2117 2054 2196; baseline 0.003 -22"><span class='ocrx_word' id='word_1_364' title='bbox 483 2117 747 2189; x_wconf 72' lang='lat' dir='ltr'><strong>Iordane,</strong></span> <span class='ocrx_word' id='word_1_365' title='bbox 810 2123 1355 2196; x_wconf 88' lang='lat' dir='ltr'><strong>transfigurationem</strong></span> <span class='ocrx_word' id='word_1_366' title='bbox 1414 2125 1471 2179; x_wconf 91' lang='lat' dir='ltr'><strong>in</strong></span> <span class='ocrx_word' id='word_1_367' title='bbox 1543 2133 1733 2180; x_wconf 90' lang='lat' dir='ltr'><strong>monte</strong></span> <span class='ocrx_word' id='word_1_368' title='bbox 1794 2123 2054 2190; x_wconf 81' lang='lat' dir='ltr'><strong>Thabor;</strong></span> 
     </span>
    </p>
   </div>
   <div class='ocr_carea' id='block_1_53' title="bbox 487 2210 2058 2284">
    <p class='ocr_par' dir='ltr' id='par_1_53' title="bbox 487 2210 2058 2284">
     <span class='ocr_line' id='line_1_56' title="bbox 487 2210 2058 2284; baseline 0.004 -21"><span class='ocrx_word' id='word_1_369' title='bbox 487 2210 769 2267; x_wconf 86' lang='lat' dir='ltr'><strong>cruciatus</strong></span> <span class='ocrx_word' id='word_1_370' title='bbox 813 2221 870 2269; x_wconf 86' lang='lat' dir='ltr'><strong>et</strong></span> <span class='ocrx_word' id='word_1_371' title='bbox 897 2223 1156 2279; x_wconf 91' lang='lat' dir='ltr'><strong>mortem,</strong></span> <span class='ocrx_word' id='word_1_372' title='bbox 1209 2229 1332 2284; x_wconf 71' lang='lat' dir='ltr'><strong>qua:</strong></span> <span class='ocrx_word' id='word_1_373' title='bbox 1381 2213 1852 2270; x_wconf 88' lang='lat' dir='ltr'><strong>immortalitatem</strong></span> <span class='ocrx_word' id='word_1_374' title='bbox 1896 2213 2058 2270; x_wconf 89' lang='lat' dir='ltr'><strong>nobis</strong></span> 
     </span>
    </p>
   </div>
   <div class='ocr_carea' id='block_1_54' title="bbox 483 2301 2057 2394">
    <p class='ocr_par' dir='ltr' id='par_1_54' title="bbox 483 2301 2057 2394">
     <span class='ocr_line' id='line_1_57' title="bbox 483 2301 2057 2394; baseline 0.005 -40"><span class='ocrx_word' id='word_1_375' title='bbox 483 2301 890 2373; x_wconf 80' lang='lat' dir='ltr'><strong>conciliarunt;</strong></span> <span class='ocrx_word' id='word_1_376' title='bbox 928 2319 1019 2394; x_wconf 52' lang='lat' dir='ltr'><strong>re‘s</strong></span> <span class='ocrx_word' id='word_1_377' title='bbox 1065 2305 1438 2371; x_wconf 85' lang='lat' dir='ltr'><strong>admirandas,</strong></span> <span class='ocrx_word' id='word_1_378' title='bbox 1483 2307 1668 2362; x_wconf 89' lang='lat' dir='ltr'><strong>carnis</strong></span> <span class='ocrx_word' id='word_1_379' title='bbox 1725 2305 2057 2373; x_wconf 90' lang='lat' dir='ltr'><strong>ministerio,</strong></span> 
     </span>
    </p>
   </div>
   <div class='ocr_carea' id='block_1_55' title="bbox 484 2390 2058 2466">
    <p class='ocr_par' dir='ltr' id='par_1_55' title="bbox 484 2390 2058 2466">
     <span class='ocr_line' id='line_1_58' title="bbox 484 2390 2058 2466; baseline 0.004 -21"><span class='ocrx_word' id='word_1_380' title='bbox 484 2391 580 2446; x_wconf 87' lang='lat' dir='ltr'><strong>sed</strong></span> <span class='ocrx_word' id='word_1_381' title='bbox 611 2390 803 2447; x_wconf 89' lang='lat' dir='ltr'><strong>divina</strong></span> <span class='ocrx_word' id='word_1_382' title='bbox 851 2390 1058 2450; x_wconf 86' lang='lat' dir='ltr'><strong>virtute</strong></span> <span class='ocrx_word' id='word_1_383' title='bbox 1103 2402 1374 2465; x_wconf 87' lang='lat' dir='ltr'><strong>patratas,</strong></span> <span class='ocrx_word' id='word_1_384' title='bbox 1419 2411 1543 2466; x_wconf 74' lang='lat' dir='ltr'><strong>qua:</strong></span> <span class='ocrx_word' id='word_1_385' title='bbox 1585 2395 1830 2450; x_wconf 85' lang='lat' dir='ltr'><strong>divinam</strong></span> <span class='ocrx_word' id='word_1_386' title='bbox 1881 2396 2058 2466; x_wconf 87' lang='lat' dir='ltr'><strong>ipsius</strong></span> 
     </span>
    </p>
   </div>
   <div class='ocr_carea' id='block_1_56' title="bbox 483 2485 2057 2553">
    <p class='ocr_par' dir='ltr' id='par_1_56' title="bbox 483 2485 2057 2553">
     <span class='ocr_line' id='line_1_59' title="bbox 483 2485 2057 2553; baseline 0.004 -19"><span class='ocrx_word' id='word_1_387' title='bbox 483 2491 738 2536; x_wconf 88' lang='lat' dir='ltr'><strong>naturam</strong></span> <span class='ocrx_word' id='word_1_388' title='bbox 773 2485 1386 2553; x_wconf 89' lang='lat' dir='ltr'><strong>promebant;crucem</strong></span> <span class='ocrx_word' id='word_1_389' title='bbox 1423 2486 1573 2539; x_wconf 87' lang='lat' dir='ltr'><strong>illam</strong></span> <span class='ocrx_word' id='word_1_390' title='bbox 1610 2485 1934 2549; x_wconf 89' lang='lat' dir='ltr'><strong>salutarem,</strong></span> <span class='ocrx_word' id='word_1_391' title='bbox 1971 2499 2057 2540; x_wconf 92' lang='lat' dir='ltr'><strong>se-</strong></span> 
     </span>
    </p>
   </div>
   <div class='ocr_carea' id='block_1_57' title="bbox 482 2570 2056 2643">
    <p class='ocr_par' dir='ltr' id='par_1_57' title="bbox 482 2570 2056 2643">
     <span class='ocr_line' id='line_1_60' title="bbox 482 2570 2056 2643; baseline 0.004 -19"><span class='ocrx_word' id='word_1_392' title='bbox 482 2570 787 2640; x_wconf 88' lang='lat' dir='ltr'><strong>pulturam,</strong></span> <span class='ocrx_word' id='word_1_393' title='bbox 840 2575 1327 2640; x_wconf 84' lang='lat' dir='ltr'><strong>resurrectionem,</strong></span> <span class='ocrx_word' id='word_1_394' title='bbox 1382 2573 1438 2629; x_wconf 89' lang='lat' dir='ltr'><strong>in</strong></span> <span class='ocrx_word' id='word_1_395' title='bbox 1489 2575 1662 2630; x_wconf 85' lang='lat' dir='ltr'><strong>cu-los</strong></span> <span class='ocrx_word' id='word_1_396' title='bbox 1723 2590 2056 2643; x_wconf 86' lang='lat' dir='ltr'><strong>ascensum;</strong></span> 
     </span>
    </p>
   </div>
   <div class='ocr_carea' id='block_1_58' title="bbox 487 2663 2056 2734">
    <p class='ocr_par' dir='ltr' id='par_1_58' title="bbox 487 2663 2056 2734">
     <span class='ocr_line' id='line_1_61' title="bbox 487 2663 2056 2734; baseline 0.006 -19"><span class='ocrx_word' id='word_1_397' title='bbox 487 2665 600 2718; x_wconf 67' lang='lat' dir='ltr'><strong>haec</strong></span> <span class='ocrx_word' id='word_1_398' title='bbox 625 2663 812 2719; x_wconf 86' lang='lat' dir='ltr'><strong>omnia</strong></span> <span class='ocrx_word' id='word_1_399' title='bbox 853 2672 970 2720; x_wconf 93' lang='lat' dir='ltr'><strong>tum</strong></span> <span class='ocrx_word' id='word_1_400' title='bbox 1025 2667 1232 2734; x_wconf 80' lang='lat' dir='ltr'><strong>verbis,</strong></span> <span class='ocrx_word' id='word_1_401' title='bbox 1289 2672 1405 2722; x_wconf 93' lang='lat' dir='ltr'><strong>tum</strong></span> <span class='ocrx_word' id='word_1_402' title='bbox 1453 2667 1734 2722; x_wconf 81' lang='lat' dir='ltr'><strong>coloribus</strong></span> <span class='ocrx_word' id='word_1_403' title='bbox 1777 2666 2056 2725; x_wconf 90' lang='lat' dir='ltr'><strong>describe.</strong></span> 
     </span>
    </p>
   </div>
   <div class='ocr_carea' id='block_1_59' title="bbox 484 2757 2057 2832">
    <p class='ocr_par' dir='ltr' id='par_1_59' title="bbox 484 2757 2057 2832">
     <span class='ocr_line' id='line_1_62' title="bbox 484 2757 2057 2832; baseline 0.003 -19"><span class='ocrx_word' id='word_1_404' title='bbox 484 2757 631 2815; x_wconf 90' lang='lat' dir='ltr'><strong>Nihil</strong></span> <span class='ocrx_word' id='word_1_405' title='bbox 657 2776 891 2832; x_wconf 88' lang='lat' dir='ltr'><strong>prorsus</strong></span> <span class='ocrx_word' id='word_1_406' title='bbox 913 2777 1164 2829; x_wconf 85' lang='lat' dir='ltr'><strong>vereare,</strong></span> <span class='ocrx_word' id='word_1_407' title='bbox 1212 2764 1354 2818; x_wconf 86' lang='lat' dir='ltr'><strong>nihil</strong></span> <span class='ocrx_word' id='word_1_408' title='bbox 1395 2772 1630 2828; x_wconf 90' lang='lat' dir='ltr'><strong>metuas,</strong></span> <span class='ocrx_word' id='word_1_409' title='bbox 1669 2763 2057 2818; x_wconf 88' lang='lat' dir='ltr'><strong>adorationum</strong></span> 
     </span>
    </p>
   </div>
   <div class='ocr_carea' id='block_1_60' title="bbox 484 2849 2059 2908">
    <p class='ocr_par' dir='ltr' id='par_1_60' title="bbox 484 2849 2059 2908">
     <span class='ocr_line' id='line_1_63' title="bbox 484 2849 2059 2908; baseline 0 -4"><span class='ocrx_word' id='word_1_410' title='bbox 484 2851 612 2905; x_wconf 82' lang='lat' dir='ltr'><strong>novi</strong></span> <span class='ocrx_word' id='word_1_411' title='bbox 659 2850 1004 2908; x_wconf 89' lang='lat' dir='ltr'><strong>discrimina.</strong></span> <span class='ocrx_word' id='word_1_412' title='bbox 1061 2852 1328 2907; x_wconf 77' lang='lat' dir='ltr'><strong>Adoravit</strong></span> <span class='ocrx_word' id='word_1_413' title='bbox 1391 2849 1667 2906; x_wconf 83' lang='lat' dir='ltr'><strong>Abraham</strong></span> <span class='ocrx_word' id='word_1_414' title='bbox 1725 2850 1869 2905; x_wconf 85' lang='lat' dir='ltr'><strong>filios</strong></span> <span class='ocrx_word' id='word_1_415' title='bbox 1929 2849 2059 2904; x_wconf 87' lang='lat' dir='ltr'><strong>Em-</strong></span> 
     </span>
    </p>
   </div>
   <div class='ocr_carea' id='block_1_61' title="bbox 485 2937 2057 3012">
    <p class='ocr_par' dir='ltr' id='par_1_61' title="bbox 485 2937 2057 3012">
     <span class='ocr_line' id='line_1_64' title="bbox 485 2937 2057 3012; baseline 0 -20"><span class='ocrx_word' id='word_1_416' title='bbox 485 2955 606 2996; x_wconf 88' lang='lat' dir='ltr'><strong>mor</strong></span> <span class='ocrx_word' id='word_1_417' title='bbox 657 2941 727 3007; x_wconf 77' lang='grc'><strong>⁸⁸,</strong></span> <span class='ocrx_word' id='word_1_418' title='bbox 789 2940 1048 2997; x_wconf 90' lang='lat' dir='ltr'><strong>homines</strong></span> <span class='ocrx_word' id='word_1_419' title='bbox 1107 2941 1333 3012; x_wconf 87' lang='lat' dir='ltr'><strong>impios,</strong></span> <span class='ocrx_word' id='word_1_420' title='bbox 1401 2949 1455 2996; x_wconf 92' lang='lat' dir='ltr'><strong>et</strong></span> <span class='ocrx_word' id='word_1_421' title='bbox 1525 2938 1897 3009; x_wconf 90' lang='lat' dir='ltr'><strong>ignorationis</strong></span> <span class='ocrx_word' id='word_1_422' title='bbox 1961 2937 2057 2995; x_wconf 92' lang='lat' dir='ltr'><strong>Dei</strong></span> 
     </span>
    </p>
   </div>
   <div class='ocr_carea' id='block_1_62' title="bbox 485 3031 2058 3103">
    <p class='ocr_par' dir='ltr' id='par_1_62' title="bbox 485 3031 2058 3103">
     <span class='ocr_line' id='line_1_65' title="bbox 485 3031 2058 3103; baseline 0 -17"><span class='ocrx_word' id='word_1_423' title='bbox 485 3032 681 3088; x_wconf 87' lang='lat' dir='ltr'><strong>morbo</strong></span> <span class='ocrx_word' id='word_1_424' title='bbox 735 3033 1087 3098; x_wconf 88' lang='lat' dir='ltr'><strong>laborantes,</strong></span> <span class='ocrx_word' id='word_1_425' title='bbox 1151 3049 1278 3089; x_wconf 92' lang='lat' dir='ltr'><strong>cum</strong></span> <span class='ocrx_word' id='word_1_426' title='bbox 1323 3034 1379 3088; x_wconf 92' lang='lat' dir='ltr'><strong>in</strong></span> <span class='ocrx_word' id='word_1_427' title='bbox 1441 3032 1684 3103; x_wconf 90' lang='lat' dir='ltr'><strong>sepulcri</strong></span> <span class='ocrx_word' id='word_1_428' title='bbox 1748 3031 2058 3102; x_wconf 86' lang='lat' dir='ltr'><strong>possessio-</strong></span> 
     </span>
    </p>
   </div>
   <div class='ocr_carea' id='block_1_63' title="bbox 484 3122 2051 3196">
    <p class='ocr_par' dir='ltr' id='par_1_63' title="bbox 484 3122 2051 3196">
     <span class='ocr_line' id='line_1_66' title="bbox 484 3122 2051 3196; baseline 0.003 -22"><span class='ocrx_word' id='word_1_429' title='bbox 484 3137 608 3178; x_wconf 88' lang='lat' dir='ltr'><strong>nem</strong></span> <span class='ocrx_word' id='word_1_430' title='bbox 667 3125 990 3196; x_wconf 87' lang='lat' dir='ltr'><strong>speluncam</strong></span> <span class='ocrx_word' id='word_1_431' title='bbox 1039 3124 1312 3196; x_wconf 90' lang='lat' dir='ltr'><strong>duplicem</strong></span> <span class='ocrx_word' id='word_1_432' title='bbox 1361 3123 1517 3178; x_wconf 91' lang='lat' dir='ltr'><strong>emit.</strong></span> <span class='ocrx_word' id='word_1_433' title='bbox 1568 3123 1835 3178; x_wconf 84' lang='lat' dir='ltr'><strong>Adoravit</strong></span> <span class='ocrx_word' id='word_1_434' title='bbox 1875 3122 2051 3178; x_wconf 82' lang='lat' dir='ltr'><strong>Jacob</strong></span> 
     </span>
    </p>
   </div>
   <div class='ocr_carea' id='block_1_64' title="bbox 487 3212 2351 3288">
    <p class='ocr_par' dir='ltr' id='par_1_64' title="bbox 487 3212 2351 3288">
     <span class='ocr_line' id='line_1_67' title="bbox 487 3212 2351 3288; baseline 0.004 -22"><span class='ocrx_word' id='word_1_435' title='bbox 487 3212 715 3272; x_wconf 88' lang='lat' dir='ltr'><strong>fratrem</strong></span> <span class='ocrx_word' id='word_1_436' title='bbox 761 3230 928 3272; x_wconf 88' lang='lat' dir='ltr'><strong>suum</strong></span> <span class='ocrx_word' id='word_1_437' title='bbox 983 3217 1154 3283; x_wconf 85' lang='lat' dir='ltr'><strong>Esau,</strong></span> <span class='ocrx_word' id='word_1_438' title='bbox 1225 3225 1280 3274; x_wconf 89' lang='lat' dir='ltr'><strong>et</strong></span> <span class='ocrx_word' id='word_1_439' title='bbox 1329 3215 1678 3274; x_wconf 87' lang='lat' dir='ltr'><strong>Pharaonem</strong></span> <span class='ocrx_word' id='word_1_440' title='bbox 1742 3218 1920 3271; x_wconf 91' lang='lat' dir='ltr'><strong>virum</strong></span> <span class='ocrx_word' id='word_1_441' title='bbox 1964 3215 2281 3288; x_wconf 68' lang='lat' dir='ltr'><strong>Egyptium</strong></span> <span class='ocrx_word' id='word_1_442' title='bbox 2338 3238 2351 3274; x_wconf 94' lang='lat'>:</span> 
     </span>
    </p>
   </div>
   <div class='ocr_carea' id='block_1_65' title="bbox 2161 1934 3738 2008">
    <p class='ocr_par' dir='ltr' id='par_1_65' title="bbox 2161 1934 3738 2008">
     <span class='ocr_line' id='line_1_68' title="bbox 2161 1934 3738 2008; baseline 0.001 -18"><span class='ocrx_word' id='word_1_443' title='bbox 2161 1952 2246 1999; x_wconf 90' lang='grc' dir='ltr'><strong>να,</strong></span> <span class='ocrx_word' id='word_1_444' title='bbox 2280 1934 2372 1990; x_wconf 81' lang='grc' dir='ltr'>τὸν</span> <span class='ocrx_word' id='word_1_445' title='bbox 2411 1935 2644 2007; x_wconf 71' lang='grc' dir='ltr'>σταυρὸν</span> <span class='ocrx_word' id='word_1_446' title='bbox 2677 1936 2768 1991; x_wconf 79' lang='grc' dir='ltr'><strong>τὸν</strong></span> <span class='ocrx_word' id='word_1_447' title='bbox 2806 1937 3092 2007; x_wconf 86' lang='grc' dir='ltr'>σωτήριον,</span> <span class='ocrx_word' id='word_1_448' title='bbox 3119 1936 3217 2008; x_wconf 82' lang='grc' dir='ltr'>τὴν</span> <span class='ocrx_word' id='word_1_449' title='bbox 3245 1936 3446 2006; x_wconf 81' lang='grc' dir='ltr'>ταφὴν,</span> <span class='ocrx_word' id='word_1_450' title='bbox 3477 1935 3577 2006; x_wconf 78' lang='grc' dir='ltr'>τὴν</span> <span class='ocrx_word' id='word_1_451' title='bbox 3605 1937 3738 1991; x_wconf 80' lang='grc' dir='ltr'>ἀνά-</span> 
     </span>
    </p>
   </div>
   <div class='ocr_carea' id='block_1_66' title="bbox 2161 2026 3738 2099">
    <p class='ocr_par' dir='ltr' id='par_1_66' title="bbox 2161 2026 3738 2099">
     <span class='ocr_line' id='line_1_69' title="bbox 2161 2026 3738 2099; baseline 0.003 -21"><span class='ocrx_word' id='word_1_452' title='bbox 2161 2043 2368 2092; x_wconf 88' lang='grc' dir='ltr'>στασιν,</span> <span class='ocrx_word' id='word_1_453' title='bbox 2399 2026 2498 2098; x_wconf 83' lang='grc' dir='ltr'>τὴν</span> <span class='ocrx_word' id='word_1_454' title='bbox 2529 2030 2608 2092; x_wconf 80' lang='grc' dir='ltr'><strong>εἰς</strong></span> <span class='ocrx_word' id='word_1_455' title='bbox 2646 2028 2910 2099; x_wconf 76' lang='grc' dir='ltr'>οὐρανοὺς</span> <span class='ocrx_word' id='word_1_456' title='bbox 2944 2028 3158 2082; x_wconf 74' lang='grc' dir='ltr'>άνοδονο</span> <span class='ocrx_word' id='word_1_457' title='bbox 3193 2029 3372 2081; x_wconf 80' lang='grc' dir='ltr'>πάντα</span> <span class='ocrx_word' id='word_1_458' title='bbox 3399 2029 3599 2099; x_wconf 84' lang='grc' dir='ltr'>γράφε,</span> <span class='ocrx_word' id='word_1_459' title='bbox 3641 2030 3738 2083; x_wconf 71' lang='grc' dir='ltr'>καὶ</span> 
     </span>
    </p>
   </div>
   <div class='ocr_carea' id='block_1_67' title="bbox 2159 2115 3738 2190">
    <p class='ocr_par' dir='ltr' id='par_1_67' title="bbox 2159 2115 3738 2190">
     <span class='ocr_line' id='line_1_70' title="bbox 2159 2115 3738 2190; baseline 0.004 -22"><span class='ocrx_word' id='word_1_460' title='bbox 2159 2115 2320 2186; x_wconf 88' lang='grc' dir='ltr'>λόγῳ,</span> <span class='ocrx_word' id='word_1_461' title='bbox 2357 2117 2450 2172; x_wconf 81' lang='grc' dir='ltr'>καὶ</span> <span class='ocrx_word' id='word_1_462' title='bbox 2480 2117 2752 2190; x_wconf 87' lang='grc' dir='ltr'>χρώμασι.</span> <span class='ocrx_word' id='word_1_463' title='bbox 2787 2119 2880 2190; x_wconf 83' lang='grc' dir='ltr'><strong>Μὴ</strong></span> <span class='ocrx_word' id='word_1_464' title='bbox 2911 2118 3100 2188; x_wconf 89' lang='grc' dir='ltr'>φοϐοῦ,</span> <span class='ocrx_word' id='word_1_465' title='bbox 3142 2116 3217 2190; x_wconf 82' lang='grc' dir='ltr'>μὴ</span> <span class='ocrx_word' id='word_1_466' title='bbox 3243 2119 3439 2173; x_wconf 81' lang='grc' dir='ltr'>δέδιθι·</span> <span class='ocrx_word' id='word_1_467' title='bbox 3473 2116 3591 2173; x_wconf 81' lang='grc' dir='ltr'>οἶδα</span> <span class='ocrx_word' id='word_1_468' title='bbox 3615 2121 3738 2174; x_wconf 76' lang='grc' dir='ltr'>δια-</span> 
     </span>
    </p>
   </div>
   <div class='ocr_carea' id='block_1_68' title="bbox 2159 2208 3774 2284">
    <p class='ocr_par' dir='ltr' id='par_1_68' title="bbox 2159 2208 3774 2284">
     <span class='ocr_line' id='line_1_71' title="bbox 2159 2208 3774 2284; baseline 0.003 -23"><span class='ocrx_word' id='word_1_469' title='bbox 2159 2208 2332 2280; x_wconf 84' lang='grc' dir='ltr'>φοράν</span> <span class='ocrx_word' id='word_1_470' title='bbox 2386 2213 2830 2283; x_wconf 84' lang='grc' dir='ltr'>προσκυνήσεως.</span> <span class='ocrx_word' id='word_1_471' title='bbox 2878 2211 3259 2283; x_wconf 82' lang='grc' dir='ltr'>Προσεκύνησε</span> <span class='ocrx_word' id='word_1_472' title='bbox 3307 2213 3440 2266; x_wconf 80' lang='grc' dir='ltr'>ποτὲ</span> <span class='ocrx_word' id='word_1_473' title='bbox 3480 2212 3774 2284; x_wconf 49' lang='grc' dir='ltr'>Ἀϐραὰμ,</span> 
     </span>
    </p>
   </div>
   <div class='ocr_carea' id='block_1_69' title="bbox 2156 2301 3736 2375">
    <p class='ocr_par' dir='ltr' id='par_1_69' title="bbox 2156 2301 3736 2375">
     <span class='ocr_line' id='line_1_72' title="bbox 2156 2301 3736 2375; baseline 0.003 -22"><span class='ocrx_word' id='word_1_474' title='bbox 2156 2304 2270 2364; x_wconf 81' lang='grc' dir='ltr'>τοῖς</span> <span class='ocrx_word' id='word_1_475' title='bbox 2299 2301 2434 2366; x_wconf 81' lang='grc' dir='ltr'>υἱοῖς</span> <span class='ocrx_word' id='word_1_476' title='bbox 2474 2301 2725 2374; x_wconf 85' lang='grc' dir='ltr'>Ἑμμὼρ,</span> <span class='ocrx_word' id='word_1_477' title='bbox 2751 2303 2841 2356; x_wconf 87' lang='grc' dir='ltr'>ὅτε</span> <span class='ocrx_word' id='word_1_478' title='bbox 2889 2303 2948 2356; x_wconf 80' lang='grc' dir='ltr'>τὸ</span> <span class='ocrx_word' id='word_1_479' title='bbox 2993 2303 3259 2375; x_wconf 84' lang='grc' dir='ltr'>σπήλαιον</span> <span class='ocrx_word' id='word_1_480' title='bbox 3301 2304 3365 2358; x_wconf 81' lang='grc' dir='ltr'>τὸ</span> <span class='ocrx_word' id='word_1_481' title='bbox 3393 2303 3618 2358; x_wconf 81' lang='grc' dir='ltr'>διπλοῦν</span> <span class='ocrx_word' id='word_1_482' title='bbox 3654 2307 3736 2369; x_wconf 83' lang='grc' dir='ltr'><strong>εἰς</strong></span> 
     </span>
    </p>
   </div>
   <div class='ocr_carea' id='block_1_70' title="bbox 2155 2391 3738 2466">
    <p class='ocr_par' dir='ltr' id='par_1_70' title="bbox 2155 2391 3738 2466">
     <span class='ocr_line' id='line_1_73' title="bbox 2155 2391 3738 2466; baseline 0.003 -21"><span class='ocrx_word' id='word_1_483' title='bbox 2155 2391 2329 2461; x_wconf 86' lang='grc' dir='ltr'>τάφου</span> <span class='ocrx_word' id='word_1_484' title='bbox 2362 2392 2564 2464; x_wconf 83' lang='grc' dir='ltr'>κλῆρον</span> <span class='ocrx_word' id='word_1_485' title='bbox 2587 2393 2854 2465; x_wconf 83' lang='grc' dir='ltr'>ὠνήσατο,</span> <span class='ocrx_word' id='word_1_486' title='bbox 2886 2393 3144 2466; x_wconf 80' lang='grc' dir='ltr'>ἀνδράσιν</span> <span class='ocrx_word' id='word_1_487' title='bbox 3175 2395 3418 2457; x_wconf 84' lang='grc' dir='ltr'>ἀσεϐέσι,</span> <span class='ocrx_word' id='word_1_488' title='bbox 3438 2395 3534 2448; x_wconf 81' lang='grc' dir='ltr'>καὶ</span> <span class='ocrx_word' id='word_1_489' title='bbox 3557 2395 3738 2463; x_wconf 83' lang='grc' dir='ltr'>ἀγνω-</span> 
     </span>
    </p>
   </div>
   <div class='ocr_carea' id='block_1_71' title="bbox 2159 2483 3774 2558">
    <p class='ocr_par' dir='ltr' id='par_1_71' title="bbox 2159 2483 3774 2558">
     <span class='ocr_line' id='line_1_74' title="bbox 2159 2483 3774 2558; baseline 0.002 -22"><span class='ocrx_word' id='word_1_490' title='bbox 2159 2484 2281 2538; x_wconf 89' lang='grc' dir='ltr'>σίαν</span> <span class='ocrx_word' id='word_1_491' title='bbox 2312 2483 2529 2539; x_wconf 86' lang='grc' dir='ltr'>νοσοῦσι</span> <span class='ocrx_word' id='word_1_492' title='bbox 2554 2485 2723 2540; x_wconf 73' lang='grc' dir='ltr'>Θεοῦο</span> <span class='ocrx_word' id='word_1_493' title='bbox 2756 2485 3165 2558; x_wconf 82' lang='grc' dir='ltr'>προσεκύνησεν</span> <span class='ocrx_word' id='word_1_494' title='bbox 3209 2487 3406 2542; x_wconf 83' lang='grc' dir='ltr'>Ἰακὼϐ</span> <span class='ocrx_word' id='word_1_495' title='bbox 3446 2487 3617 2540; x_wconf 82' lang='grc' dir='ltr'>Ἡσαῦ</span> <span class='ocrx_word' id='word_1_496' title='bbox 3655 2487 3738 2557; x_wconf 77' lang='grc' dir='ltr'>τῷ</span> <span class='ocrx_word' id='word_1_497' title='bbox 3767 2487 3774 2514; x_wconf 82' lang='grc'>¹</span> 
     </span>
    </p>
   </div>
   <div class='ocr_carea' id='block_1_72' title="bbox 2157 2573 3864 2650">
    <p class='ocr_par' dir='ltr' id='par_1_72' title="bbox 2157 2573 3864 2650">
     <span class='ocr_line' id='line_1_75' title="bbox 2157 2573 3864 2650; baseline 0.003 -22"><span class='ocrx_word' id='word_1_498' title='bbox 2157 2573 2394 2646; x_wconf 81' lang='grc' dir='ltr'>ἀδελφῷ,</span> <span class='ocrx_word' id='word_1_499' title='bbox 2429 2577 2524 2631; x_wconf 72' lang='grc' dir='ltr'>καὶ</span> <span class='ocrx_word' id='word_1_500' title='bbox 2549 2577 2753 2650; x_wconf 81' lang='grc' dir='ltr'>Φαραὼ</span> <span class='ocrx_word' id='word_1_501' title='bbox 2784 2578 2940 2650; x_wconf 71' lang='grc' dir='ltr'>ἀνδρὶ</span> <span class='ocrx_word' id='word_1_502' title='bbox 2975 2580 3280 2650; x_wconf 80' lang='grc' dir='ltr'>Αἰγυπτίῳ,</span> <span class='ocrx_word' id='word_1_503' title='bbox 3311 2579 3448 2634; x_wconf 86' lang='grc' dir='ltr'><strong>ἀλλά</strong></span> <span class='ocrx_word' id='word_1_504' title='bbox 3485 2580 3591 2650; x_wconf 80' lang='grc' dir='ltr'>μὴν</span> <span class='ocrx_word' id='word_1_505' title='bbox 3635 2580 3740 2633; x_wconf 78' lang='grc' dir='ltr'>καὶ</span> <span class='ocrx_word' id='word_1_506' title='bbox 3851 2619 3864 2642; x_wconf 85' lang='lat'><strong>,</strong></span> 
     </span>
    </p>
   </div>
   <div class='ocr_carea' id='block_1_73' title="bbox 2156 2665 3739 2742">
    <p class='ocr_par' dir='ltr' id='par_1_73' title="bbox 2156 2665 3739 2742">
     <span class='ocr_line' id='line_1_76' title="bbox 2156 2665 3739 2742; baseline 0.004 -25"><span class='ocrx_word' id='word_1_507' title='bbox 2156 2665 2251 2718; x_wconf 76' lang='grc' dir='ltr'><strong>ἐπὶ</strong></span> <span class='ocrx_word' id='word_1_508' title='bbox 2299 2665 2361 2719; x_wconf 82' lang='grc' dir='ltr'>τὸ</span> <span class='ocrx_word' id='word_1_509' title='bbox 2411 2668 2579 2740; x_wconf 86' lang='grc' dir='ltr'>ἄκρον</span> <span class='ocrx_word' id='word_1_510' title='bbox 2627 2670 2728 2739; x_wconf 84' lang='grc' dir='ltr'>τῆς</span> <span class='ocrx_word' id='word_1_511' title='bbox 2758 2669 2986 2742; x_wconf 77' lang='grc' dir='ltr'>ῥάϐδου·</span> <span class='ocrx_word' id='word_1_512' title='bbox 3022 2670 3400 2742; x_wconf 83' lang='grc' dir='ltr'>προσεκύνησε</span> <span class='ocrx_word' id='word_1_513' title='bbox 3454 2670 3572 2740; x_wconf 79' lang='grc' dir='ltr'>μὲν,</span> <span class='ocrx_word' id='word_1_514' title='bbox 3601 2671 3739 2724; x_wconf 78' lang='grc' dir='ltr'>ἀλλ’</span> 
     </span>
    </p>
   </div>
   <div class='ocr_carea' id='block_1_74' title="bbox 2156 2757 3822 2836">
    <p class='ocr_par' dir='ltr' id='par_1_74' title="bbox 2156 2757 3822 2836">
     <span class='ocr_line' id='line_1_77' title="bbox 2156 2757 3822 2836; baseline 0.003 -26"><span class='ocrx_word' id='word_1_515' title='bbox 2156 2757 2257 2811; x_wconf 80' lang='grc' dir='ltr'>οὐκ</span> <span class='ocrx_word' id='word_1_516' title='bbox 2303 2757 2600 2830; x_wconf 81' lang='grc' dir='ltr'>ὲλάτρευσε</span> <span class='ocrx_word' id='word_1_517' title='bbox 2621 2774 2634 2788; x_wconf 85' lang='lat'><strong>&#39;</strong></span> <span class='ocrx_word' id='word_1_518' title='bbox 2675 2760 3090 2833; x_wconf 87' lang='grc' dir='ltr'>προσεκύνησαν</span> <span class='ocrx_word' id='word_1_519' title='bbox 3131 2761 3340 2836; x_wconf 26' lang='grc' dir='ltr'><strong>⁹[ησοῦης</strong></span> <span class='ocrx_word' id='word_1_520' title='bbox 3365 2763 3393 2814; x_wconf 92' lang='lat'><strong>6</strong></span> <span class='ocrx_word' id='word_1_521' title='bbox 3421 2761 3513 2815; x_wconf 90' lang='grc' dir='ltr'><strong>τοῦ</strong></span> <span class='ocrx_word' id='word_1_522' title='bbox 3542 2762 3735 2831; x_wconf 78' lang='grc' dir='ltr'>Ναυῆ,</span> <span class='ocrx_word' id='word_1_523' title='bbox 3819 2793 3822 2818; x_wconf 71' lang='grc' dir='ltr'><em>ε</em></span> 
     </span>
    </p>
   </div>
   <div class='ocr_carea' id='block_1_75' title="bbox 2157 2849 3836 2924">
    <p class='ocr_par' dir='ltr' id='par_1_75' title="bbox 2157 2849 3836 2924">
     <span class='ocr_line' id='line_1_78' title="bbox 2157 2849 3836 2924; baseline 0.002 -23"><span class='ocrx_word' id='word_1_524' title='bbox 2157 2849 2254 2902; x_wconf 70' lang='grc' dir='ltr'>καὶ</span> <span class='ocrx_word' id='word_1_525' title='bbox 2282 2849 2480 2924; x_wconf 42' lang='lat' dir='ltr'><strong>Alam}.</strong></span> <span class='ocrx_word' id='word_1_526' title='bbox 2509 2849 2724 2922; x_wconf 78' lang='grc' dir='ltr'>ἀγγέλῳ</span> <span class='ocrx_word' id='word_1_527' title='bbox 2751 2849 2910 2918; x_wconf 88' lang='grc' dir='ltr'>Θεοῦ,</span> <span class='ocrx_word' id='word_1_528' title='bbox 2945 2851 3064 2906; x_wconf 85' lang='grc' dir='ltr'>ἀλλ’</span> <span class='ocrx_word' id='word_1_529' title='bbox 3086 2851 3188 2906; x_wconf 79' lang='grc' dir='ltr'>οὐκ</span> <span class='ocrx_word' id='word_1_530' title='bbox 3212 2851 3738 2923; x_wconf 79' lang='grc' dir='ltr'>ὲλάτρευσαν.⁶Ἐτε-</span> <span class='ocrx_word' id='word_1_531' title='bbox 3801 2871 3804 2874; x_wconf 67' lang='grc'><strong>’</strong></span> <span class='ocrx_word' id='word_1_532' title='bbox 3829 2891 3836 2894; x_wconf 93' lang='grc'><strong>-</strong></span> 
     </span>
    </p>
   </div>
   <div class='ocr_carea' id='block_1_76' title="bbox 2159 2942 3738 3016">
    <p class='ocr_par' dir='ltr' id='par_1_76' title="bbox 2159 2942 3738 3016">
     <span class='ocr_line' id='line_1_79' title="bbox 2159 2942 3738 3016; baseline 0.001 -23"><span class='ocrx_word' id='word_1_533' title='bbox 2159 2958 2252 3012; x_wconf 90' lang='grc' dir='ltr'><strong>ρον</strong></span> <span class='ocrx_word' id='word_1_534' title='bbox 2285 2942 2394 3012; x_wconf 82' lang='grc' dir='ltr'><strong>γάρ</strong></span> <span class='ocrx_word' id='word_1_535' title='bbox 2421 2944 2568 2998; x_wconf 79' lang='grc' dir='ltr'>ἐστιν</span> <span class='ocrx_word' id='word_1_536' title='bbox 2597 2943 2630 3014; x_wconf 78' lang='grc' dir='ltr'><strong>ἡ</strong></span> <span class='ocrx_word' id='word_1_537' title='bbox 2657 2943 2754 3014; x_wconf 81' lang='grc' dir='ltr'>τῆς</span> <span class='ocrx_word' id='word_1_538' title='bbox 2785 2944 3042 3015; x_wconf 82' lang='grc' dir='ltr'>λατρείας</span> <span class='ocrx_word' id='word_1_539' title='bbox 3075 2944 3463 3016; x_wconf 75' lang='grc' dir='ltr'>προσκύνησις,</span> <span class='ocrx_word' id='word_1_540' title='bbox 3493 2943 3586 2996; x_wconf 78' lang='grc' dir='ltr'>καὶ</span> <span class='ocrx_word' id='word_1_541' title='bbox 3611 2943 3738 2997; x_wconf 65' lang='lat' dir='ltr'><strong>Ets-</strong></span> 
     </span>
    </p>
   </div>
   <div class='ocr_carea' id='block_1_77' title="bbox 2161 3033 3739 3108">
    <p class='ocr_par' dir='ltr' id='par_1_77' title="bbox 2161 3033 3739 3108">
     <span class='ocr_line' id='line_1_80' title="bbox 2161 3033 3739 3108; baseline 0.001 -24"><span class='ocrx_word' id='word_1_542' title='bbox 2161 3049 2253 3103; x_wconf 91' lang='grc' dir='ltr'><strong>ρον</strong></span> <span class='ocrx_word' id='word_1_543' title='bbox 2303 3033 2338 3103; x_wconf 76' lang='grc' dir='ltr'>ἠ</span> <span class='ocrx_word' id='word_1_544' title='bbox 2384 3034 2450 3086; x_wconf 79' lang='grc' dir='ltr'>ὲκ</span> <span class='ocrx_word' id='word_1_545' title='bbox 2488 3033 2656 3106; x_wconf 84' lang='grc' dir='ltr'>τιμῆς</span> <span class='ocrx_word' id='word_1_546' title='bbox 2704 3036 3091 3108; x_wconf 81' lang='grc' dir='ltr'>προσαγομένη</span> <span class='ocrx_word' id='word_1_547' title='bbox 3120 3037 3235 3099; x_wconf 87' lang='grc' dir='ltr'>τοῖς</span> <span class='ocrx_word' id='word_1_548' title='bbox 3263 3035 3399 3090; x_wconf 88' lang='grc' dir='ltr'><strong>κατά</strong></span> <span class='ocrx_word' id='word_1_549' title='bbox 3424 3051 3476 3087; x_wconf 90' lang='grc' dir='ltr'><strong>τι</strong></span> <span class='ocrx_word' id='word_1_550' title='bbox 3512 3033 3739 3104; x_wconf 80' lang='grc' dir='ltr'>ἀξίωμα</span> 
     </span>
    </p>
   </div>
   <div class='ocr_carea' id='block_1_78' title="bbox 2160 3125 2534 3197">
    <p class='ocr_par' dir='ltr' id='par_1_78' title="bbox 2160 3125 2534 3197">
     <span class='ocr_line' id='line_1_81' title="bbox 2160 3125 2534 3197; baseline 0.019 -21"><span class='ocrx_word' id='word_1_551' title='bbox 2160 3125 2534 3197; x_wconf 82' lang='grc' dir='ltr'>ὑπερέχουσιν.</span> 
     </span>
    </p>
   </div>
   <div class='ocr_carea' id='block_1_79' title="bbox 2407 3217 3734 3294">
    <p class='ocr_par' dir='ltr' id='par_1_79' title="bbox 2407 3217 3734 3294">
     <span class='ocr_line' id='line_1_82' title="bbox 2407 3217 3734 3294; baseline -0.003 -20"><span class='ocrx_word' id='word_1_552' title='bbox 2407 3220 2538 3290; x_wconf 92' lang='lat' dir='ltr'><strong>quin</strong></span> <span class='ocrx_word' id='word_1_553' title='bbox 2578 3219 2743 3276; x_wconf 91' lang='lat' dir='ltr'><strong>etiam</strong></span> <span class='ocrx_word' id='word_1_554' title='bbox 2795 3219 3074 3294; x_wconf 78' lang='lat' dir='ltr'><strong>fastigium</strong></span> <span class='ocrx_word' id='word_1_555' title='bbox 3109 3222 3274 3293; x_wconf 64' lang='lat' dir='ltr'><strong>virga:</strong></span> <span class='ocrx_word' id='word_1_556' title='bbox 3311 3219 3559 3276; x_wconf 79' lang='lat' dir='ltr'><strong>adoravit</strong></span> <span class='ocrx_word' id='word_1_557' title='bbox 3605 3217 3734 3289; x_wconf 85' lang='lat' dir='ltr'><strong>qni-</strong></span> 
     </span>
    </p>
   </div>
   <div class='ocr_carea' id='block_1_80' title="bbox 483 3307 3730 3386">
    <p class='ocr_par' dir='ltr' id='par_1_80' title="bbox 483 3307 3730 3386">
     <span class='ocr_line' id='line_1_83' title="bbox 483 3307 3730 3386; baseline 0.002 -26"><span class='ocrx_word' id='word_1_558' title='bbox 483 3307 634 3374; x_wconf 88' lang='lat' dir='ltr'><strong>dem,</strong></span> <span class='ocrx_word' id='word_1_559' title='bbox 686 3322 788 3363; x_wconf 91' lang='lat' dir='ltr'><strong>nec</strong></span> <span class='ocrx_word' id='word_1_560' title='bbox 839 3313 1024 3364; x_wconf 85' lang='lat' dir='ltr'><strong>tamen</strong></span> <span class='ocrx_word' id='word_1_561' title='bbox 1079 3309 1254 3364; x_wconf 73' lang='lat' dir='ltr'><strong>latriae</strong></span> <span class='ocrx_word' id='word_1_562' title='bbox 1301 3311 1512 3366; x_wconf 91' lang='lat' dir='ltr'><strong>cultum</strong></span> <span class='ocrx_word' id='word_1_563' title='bbox 1551 3309 1730 3366; x_wconf 91' lang='lat' dir='ltr'><strong>eidem</strong></span> <span class='ocrx_word' id='word_1_564' title='bbox 1779 3309 2052 3366; x_wconf 79' lang='lat' dir='ltr'><strong>exhibuit.</strong></span> <span class='ocrx_word' id='word_1_565' title='bbox 2110 3309 2495 3369; x_wconf 85' lang='lat' dir='ltr'><strong>Adoraverunt</strong></span> <span class='ocrx_word' id='word_1_566' title='bbox 2545 3314 2708 3372; x_wconf 84' lang='lat' dir='ltr'><strong>Jesus</strong></span> <span class='ocrx_word' id='word_1_567' title='bbox 2748 3314 2898 3372; x_wconf 83' lang='lat' dir='ltr'><strong>Nave</strong></span> <span class='ocrx_word' id='word_1_568' title='bbox 2957 3315 3123 3383; x_wconf 87' lang='lat' dir='ltr'><strong>filius,</strong></span> <span class='ocrx_word' id='word_1_569' title='bbox 3171 3325 3225 3372; x_wconf 90' lang='lat' dir='ltr'><strong>et</strong></span> <span class='ocrx_word' id='word_1_570' title='bbox 3293 3313 3481 3370; x_wconf 87' lang='lat' dir='ltr'><strong>Daniel</strong></span> <span class='ocrx_word' id='word_1_571' title='bbox 3556 3329 3730 3386; x_wconf 84' lang='lat' dir='ltr'><strong>ange-</strong></span> 
     </span>
    </p>
   </div>
   <div class='ocr_carea' id='block_1_81' title="bbox 485 3397 3734 3480">
    <p class='ocr_par' dir='ltr' id='par_1_81' title="bbox 485 3397 3734 3480">
     <span class='ocr_line' id='line_1_84' title="bbox 485 3397 3734 3480; baseline 0.004 -30"><span class='ocrx_word' id='word_1_572' title='bbox 485 3399 596 3454; x_wconf 92' lang='lat' dir='ltr'><strong>lum</strong></span> <span class='ocrx_word' id='word_1_573' title='bbox 621 3397 716 3455; x_wconf 94' lang='lat' dir='ltr'><strong>Dei</strong></span> <span class='ocrx_word' id='word_1_574' title='bbox 751 3417 767 3454; x_wconf 91' lang='lat'><strong>:</strong></span> <span class='ocrx_word' id='word_1_575' title='bbox 799 3408 857 3455; x_wconf 87' lang='lat' dir='ltr'><strong>at</strong></span> <span class='ocrx_word' id='word_1_576' title='bbox 885 3399 1058 3457; x_wconf 81' lang='lat' dir='ltr'><strong>latria:</strong></span> <span class='ocrx_word' id='word_1_577' title='bbox 1083 3402 1298 3459; x_wconf 84' lang='lat' dir='ltr'><strong>cultum</strong></span> <span class='ocrx_word' id='word_1_578' title='bbox 1336 3403 1658 3473; x_wconf 87' lang='lat' dir='ltr'><strong>neutiquam</strong></span> <span class='ocrx_word' id='word_1_579' title='bbox 1694 3403 1775 3458; x_wconf 93' lang='lat' dir='ltr'><strong>illi</strong></span> <span class='ocrx_word' id='word_1_580' title='bbox 1841 3402 2248 3473; x_wconf 91' lang='lat' dir='ltr'><strong>impenderunt.</strong></span> <span class='ocrx_word' id='word_1_581' title='bbox 2289 3405 2410 3460; x_wconf 81' lang='lat' dir='ltr'><strong>Alia</strong></span> <span class='ocrx_word' id='word_1_582' title='bbox 2463 3408 2668 3480; x_wconf 90' lang='lat' dir='ltr'><strong>quippe</strong></span> <span class='ocrx_word' id='word_1_583' title='bbox 2705 3409 2956 3466; x_wconf 88' lang='lat' dir='ltr'><strong>adoratio</strong></span> <span class='ocrx_word' id='word_1_584' title='bbox 3025 3419 3130 3476; x_wconf 90' lang='lat' dir='ltr'><strong>est,</strong></span> <span class='ocrx_word' id='word_1_585' title='bbox 3206 3424 3316 3480; x_wconf 84' lang='lat' dir='ltr'><strong>qua</strong></span> <span class='ocrx_word' id='word_1_586' title='bbox 3372 3409 3549 3463; x_wconf 63' lang='lat' dir='ltr'><strong>latriz</strong></span> <span class='ocrx_word' id='word_1_587' title='bbox 3610 3425 3734 3466; x_wconf 85' lang='lat' dir='ltr'><strong>ser—</strong></span> 
     </span>
    </p>
   </div>
   <div class='ocr_carea' id='block_1_82' title="bbox 483 3492 3735 3574">
    <p class='ocr_par' dir='ltr' id='par_1_82' title="bbox 483 3492 3735 3574">
     <span class='ocr_line' id='line_1_85' title="bbox 483 3492 3735 3574; baseline 0.003 -26"><span class='ocrx_word' id='word_1_588' title='bbox 483 3492 722 3565; x_wconf 88' lang='lat' dir='ltr'><strong>vilisque</strong></span> <span class='ocrx_word' id='word_1_589' title='bbox 752 3493 939 3550; x_wconf 86' lang='lat' dir='ltr'><strong>cultus</strong></span> <span class='ocrx_word' id='word_1_590' title='bbox 965 3494 1281 3564; x_wconf 80' lang='lat' dir='ltr'><strong>exhibetur,</strong></span> <span class='ocrx_word' id='word_1_591' title='bbox 1315 3503 1372 3552; x_wconf 90' lang='lat' dir='ltr'><strong>et</strong></span> <span class='ocrx_word' id='word_1_592' title='bbox 1400 3495 1532 3563; x_wconf 87' lang='lat' dir='ltr'><strong>alia,</strong></span> <span class='ocrx_word' id='word_1_593' title='bbox 1575 3511 1684 3567; x_wconf 90' lang='lat' dir='ltr'><strong>qua</strong></span> <span class='ocrx_word' id='word_1_594' title='bbox 1733 3495 1962 3553; x_wconf 88' lang='lat' dir='ltr'><strong>honoris</strong></span> <span class='ocrx_word' id='word_1_595' title='bbox 2027 3495 2200 3565; x_wconf 88' lang='lat' dir='ltr'><strong>gratia</strong></span> <span class='ocrx_word' id='word_1_596' title='bbox 2242 3497 2494 3557; x_wconf 88' lang='lat' dir='ltr'><strong>homines</strong></span> <span class='ocrx_word' id='word_1_597' title='bbox 2557 3503 2614 3556; x_wconf 89' lang='lat' dir='ltr'><strong>in</strong></span> <span class='ocrx_word' id='word_1_598' title='bbox 2645 3501 2909 3574; x_wconf 76' lang='lat' dir='ltr'><strong>dignitate</strong></span> <span class='ocrx_word' id='word_1_599' title='bbox 2933 3501 3172 3572; x_wconf 89' lang='lat' dir='ltr'><strong>quadam</strong></span> <span class='ocrx_word' id='word_1_600' title='bbox 3206 3501 3542 3556; x_wconf 90' lang='lat' dir='ltr'><strong>constitutos</strong></span> <span class='ocrx_word' id='word_1_601' title='bbox 3571 3515 3735 3558; x_wconf 78' lang='lat' dir='ltr'><strong>vene-</strong></span> 
     </span>
    </p>
   </div>
   <div class='ocr_carea' id='block_1_83' title="bbox 484 3599 693 3640">
    <p class='ocr_par' dir='ltr' id='par_1_83' title="bbox 484 3599 693 3640">
     <span class='ocr_line' id='line_1_86' title="bbox 484 3599 693 3640; baseline -0.005 -1"><span class='ocrx_word' id='word_1_602' title='bbox 484 3599 693 3640; x_wconf 90' lang='lat' dir='ltr'><strong>ramur.</strong></span> 
     </span>
    </p>
   </div>
   <div class='ocr_carea' id='block_1_84' title="bbox 550 3674 2074 3751">
    <p class='ocr_par' dir='ltr' id='par_1_84' title="bbox 550 3674 2052 3750">
     <span class='ocr_line' id='line_1_87' title="bbox 550 3674 2052 3750; baseline 0.001 -18"><span class='ocrx_word' id='word_1_603' title='bbox 550 3675 609 3732; x_wconf 87' lang='lat'><strong>9.</strong></span> <span class='ocrx_word' id='word_1_604' title='bbox 647 3674 918 3732; x_wconf 66' lang='lat' dir='ltr'><strong>Caeterum</strong></span> <span class='ocrx_word' id='word_1_605' title='bbox 941 3677 1164 3748; x_wconf 79' lang='lat' dir='ltr'><strong>quando</strong></span> <span class='ocrx_word' id='word_1_606' title='bbox 1188 3677 1258 3734; x_wconf 87' lang='lat' dir='ltr'><strong>de</strong></span> <span class='ocrx_word' id='word_1_607' title='bbox 1284 3677 1519 3750; x_wconf 86' lang='lat' dir='ltr'><strong>imagine</strong></span> <span class='ocrx_word' id='word_1_608' title='bbox 1548 3693 1614 3733; x_wconf 88' lang='lat' dir='ltr'><strong>ac</strong></span> <span class='ocrx_word' id='word_1_609' title='bbox 1641 3679 1707 3734; x_wconf 91' lang='lat' dir='ltr'><strong>de</strong></span> <span class='ocrx_word' id='word_1_610' title='bbox 1730 3678 2052 3734; x_wconf 85' lang='lat' dir='ltr'><strong>adorotionc</strong></span> 
     </span>
    </p>
   </div>
   <div class='ocr_carea' id='block_1_85' title="bbox 2159 3674 3736 3751">
    <p class='ocr_par' dir='ltr' id='par_1_85' title="bbox 2224 3677 3736 3751">
     <span class='ocr_line' id='line_1_88' title="bbox 2224 3677 3736 3751; baseline 0.001 -20"><span class='ocrx_word' id='word_1_611' title='bbox 2224 3677 2290 3732; x_wconf 86' lang='grc' dir='ltr'><strong>θ’.</strong></span> <span class='ocrx_word' id='word_1_612' title='bbox 2336 3677 2476 3732; x_wconf 74' lang='grc' dir='ltr'>Ἀλλ’</span> <span class='ocrx_word' id='word_1_613' title='bbox 2513 3679 2702 3751; x_wconf 72' lang='grc' dir='ltr'>ἐπειδὴ</span> <span class='ocrx_word' id='word_1_614' title='bbox 2734 3681 2862 3750; x_wconf 78' lang='grc' dir='ltr'>περὶ</span> <span class='ocrx_word' id='word_1_615' title='bbox 2909 3680 3119 3744; x_wconf 75' lang='grc' dir='ltr'>εἰκόνος</span> <span class='ocrx_word' id='word_1_616' title='bbox 3156 3681 3185 3732; x_wconf 92' lang='lat'><strong>6</strong></span> <span class='ocrx_word' id='word_1_617' title='bbox 3216 3679 3374 3748; x_wconf 84' lang='grc' dir='ltr'>λόγος</span> <span class='ocrx_word' id='word_1_618' title='bbox 3395 3718 3410 3743; x_wconf 93' lang='grc'><strong>,</strong></span> <span class='ocrx_word' id='word_1_619' title='bbox 3439 3678 3537 3732; x_wconf 74' lang='grc' dir='ltr'>καὶ</span> <span class='ocrx_word' id='word_1_620' title='bbox 3562 3696 3736 3749; x_wconf 81' lang='grc' dir='ltr'>προσ-</span> 
     </span>
    </p>
   </div>
   <div class='ocr_carea' id='block_1_86' title="bbox 484 3766 2074 3842">
    <p class='ocr_par' dir='ltr' id='par_1_86' title="bbox 484 3766 2060 3842">
     <span class='ocr_line' id='line_1_89' title="bbox 484 3766 2060 3842; baseline 0.004 -22"><span class='ocrx_word' id='word_1_621' title='bbox 484 3766 770 3824; x_wconf 88' lang='lat' dir='ltr'><strong>institutus</strong></span> <span class='ocrx_word' id='word_1_622' title='bbox 798 3775 886 3824; x_wconf 88' lang='lat' dir='ltr'><strong>est</strong></span> <span class='ocrx_word' id='word_1_623' title='bbox 926 3783 1130 3834; x_wconf 90' lang='lat' dir='ltr'><strong>sermo,</strong></span> <span class='ocrx_word' id='word_1_624' title='bbox 1159 3769 1414 3841; x_wconf 85' lang='lat' dir='ltr'><strong>agedum,</strong></span> <span class='ocrx_word' id='word_1_625' title='bbox 1440 3769 1702 3842; x_wconf 86' lang='lat' dir='ltr'><strong>quidnam</strong></span> <span class='ocrx_word' id='word_1_626' title='bbox 1737 3781 1967 3841; x_wconf 89' lang='lat' dir='ltr'><strong>utraque</strong></span> <span class='ocrx_word' id='word_1_627' title='bbox 1986 3771 2060 3827; x_wconf 87' lang='lat' dir='ltr'><strong>sit</strong></span> 
     </span>
    </p>
   </div>
   <div class='ocr_carea' id='block_1_87' title="bbox 2159 3766 3737 3842">
    <p class='ocr_par' dir='ltr' id='par_1_87' title="bbox 2159 3766 3737 3839">
     <span class='ocr_line' id='line_1_90' title="bbox 2159 3766 3737 3839; baseline 0.001 -20"><span class='ocrx_word' id='word_1_628' title='bbox 2159 3766 2456 3836; x_wconf 86' lang='grc' dir='ltr'>κυνήσεως,</span> <span class='ocrx_word' id='word_1_629' title='bbox 2492 3766 2625 3838; x_wconf 81' lang='grc' dir='ltr'>φέρε</span> <span class='ocrx_word' id='word_1_630' title='bbox 2655 3767 2746 3822; x_wconf 86' lang='grc' dir='ltr'>τὸν</span> <span class='ocrx_word' id='word_1_631' title='bbox 2777 3769 2905 3839; x_wconf 79' lang='grc' dir='ltr'>περὶ</span> <span class='ocrx_word' id='word_1_632' title='bbox 2923 3767 3130 3821; x_wconf 90' lang='grc' dir='ltr'>τούτων</span> <span class='ocrx_word' id='word_1_633' title='bbox 3160 3767 3316 3836; x_wconf 85' lang='grc' dir='ltr'>λόγον</span> <span class='ocrx_word' id='word_1_634' title='bbox 3346 3767 3737 3837; x_wconf 74' lang='grc' dir='ltr'>διευκρινήσω-</span> 
     </span>
    </p>
   </div>
   <div class='ocr_carea' id='block_1_88' title="bbox 483 3861 2058 3934">
    <p class='ocr_par' dir='ltr' id='par_1_88' title="bbox 483 3861 2058 3934">
     <span class='ocr_line' id='line_1_91' title="bbox 483 3861 2058 3934; baseline 0.002 -18"><span class='ocrx_word' id='word_1_635' title='bbox 483 3861 810 3933; x_wconf 86' lang='lat' dir='ltr'><strong>diligentius</strong></span> <span class='ocrx_word' id='word_1_636' title='bbox 850 3863 1249 3934; x_wconf 79' lang='lat' dir='ltr'><strong>expendamus.</strong></span> <span class='ocrx_word' id='word_1_637' title='bbox 1284 3863 1472 3934; x_wconf 84' lang='lat' dir='ltr'><strong>Imago</strong></span> <span class='ocrx_word' id='word_1_638' title='bbox 1517 3863 1705 3934; x_wconf 89' lang='lat' dir='ltr'><strong>itaque</strong></span> <span class='ocrx_word' id='word_1_639' title='bbox 1737 3872 1824 3920; x_wconf 88' lang='lat' dir='ltr'><strong>est</strong></span> <span class='ocrx_word' id='word_1_640' title='bbox 1863 3865 2058 3927; x_wconf 87' lang='lat' dir='ltr'><strong>simili-</strong></span> 
     </span>
    </p>
   </div>
   <div class='ocr_carea' id='block_1_89' title="bbox 484 3950 2055 4025">
    <p class='ocr_par' dir='ltr' id='par_1_89' title="bbox 484 3950 2055 4025">
     <span class='ocr_line' id='line_1_92' title="bbox 484 3950 2055 4025; baseline 0.003 -19"><span class='ocrx_word' id='word_1_641' title='bbox 484 3950 617 4006; x_wconf 88' lang='lat' dir='ltr'><strong>tudo</strong></span> <span class='ocrx_word' id='word_1_642' title='bbox 665 3951 946 4022; x_wconf 86' lang='lat' dir='ltr'><strong>exemplar</strong></span> <span class='ocrx_word' id='word_1_643' title='bbox 990 3951 1066 4007; x_wconf 90' lang='lat' dir='ltr'><strong>ita</strong></span> <span class='ocrx_word' id='word_1_644' title='bbox 1123 3953 1476 4025; x_wconf 87' lang='lat' dir='ltr'><strong>exprimens,</strong></span> <span class='ocrx_word' id='word_1_645' title='bbox 1531 3965 1593 4010; x_wconf 88' lang='lat' dir='ltr'><strong>ut</strong></span> <span class='ocrx_word' id='word_1_646' title='bbox 1643 3954 1828 4024; x_wconf 88' lang='lat' dir='ltr'><strong>aliqua</strong></span> <span class='ocrx_word' id='word_1_647' title='bbox 1871 3963 2055 4011; x_wconf 88' lang='lat' dir='ltr'><strong>tamen</strong></span> 
     </span>
    </p>
   </div>
   <div class='ocr_carea' id='block_1_90' title="bbox 485 4041 2054 4117">
    <p class='ocr_par' dir='ltr' id='par_1_90' title="bbox 485 4041 2054 4117">
     <span class='ocr_line' id='line_1_93' title="bbox 485 4041 2054 4117; baseline 0.005 -23"><span class='ocrx_word' id='word_1_648' title='bbox 485 4041 700 4097; x_wconf 88' lang='lat' dir='ltr'><strong>ratione</strong></span> <span class='ocrx_word' id='word_1_649' title='bbox 751 4043 820 4097; x_wconf 92' lang='lat' dir='ltr'><strong>ab</strong></span> <span class='ocrx_word' id='word_1_650' title='bbox 872 4056 940 4098; x_wconf 90' lang='lat' dir='ltr'><strong>eo</strong></span> <span class='ocrx_word' id='word_1_651' title='bbox 976 4041 1212 4099; x_wconf 79' lang='lat' dir='ltr'><strong>differat.</strong></span> <span class='ocrx_word' id='word_1_652' title='bbox 1249 4042 1437 4114; x_wconf 87' lang='lat' dir='ltr'><strong>Neque</strong></span> <span class='ocrx_word' id='word_1_653' title='bbox 1476 4045 1624 4100; x_wconf 91' lang='lat' dir='ltr'><strong>enim</strong></span> <span class='ocrx_word' id='word_1_654' title='bbox 1661 4045 1844 4117; x_wconf 86' lang='lat' dir='ltr'><strong>imago</strong></span> <span class='ocrx_word' id='word_1_655' title='bbox 1867 4062 2054 4102; x_wconf 89' lang='lat' dir='ltr'><strong>exem-</strong></span> 
     </span>
    </p>
   </div>
   <div class='ocr_carea' id='block_1_91' title="bbox 485 4133 2054 4208">
    <p class='ocr_par' dir='ltr' id='par_1_91' title="bbox 485 4133 2054 4208">
     <span class='ocr_line' id='line_1_94' title="bbox 485 4133 2054 4208; baseline 0.005 -22"><span class='ocrx_word' id='word_1_656' title='bbox 485 4133 622 4206; x_wconf 77' lang='lat' dir='ltr'><strong>plari</strong></span> <span class='ocrx_word' id='word_1_657' title='bbox 643 4134 697 4188; x_wconf 92' lang='lat' dir='ltr'><strong>in</strong></span> <span class='ocrx_word' id='word_1_658' title='bbox 723 4134 981 4191; x_wconf 88' lang='lat' dir='ltr'><strong>omnibus</strong></span> <span class='ocrx_word' id='word_1_659' title='bbox 1005 4134 1205 4191; x_wconf 85' lang='lat' dir='ltr'><strong>similis</strong></span> <span class='ocrx_word' id='word_1_660' title='bbox 1229 4143 1333 4192; x_wconf 91' lang='lat' dir='ltr'><strong>est.</strong></span> <span class='ocrx_word' id='word_1_661' title='bbox 1360 4133 1494 4191; x_wconf 80' lang='lat' dir='ltr'><strong>Viva</strong></span> <span class='ocrx_word' id='word_1_662' title='bbox 1538 4137 1726 4208; x_wconf 85' lang='lat' dir='ltr'><strong>igitur,</strong></span> <span class='ocrx_word' id='word_1_663' title='bbox 1761 4138 2054 4206; x_wconf 89' lang='lat' dir='ltr'><strong>naturalis,</strong></span> 
     </span>
    </p>
   </div>
   <div class='ocr_carea' id='block_1_92' title="bbox 484 4226 2056 4300">
    <p class='ocr_par' dir='ltr' id='par_1_92' title="bbox 484 4226 2056 4300">
     <span class='ocr_line' id='line_1_95' title="bbox 484 4226 2056 4300; baseline 0.003 -20"><span class='ocrx_word' id='word_1_664' title='bbox 484 4242 548 4281; x_wconf 91' lang='lat' dir='ltr'><strong>ac</strong></span> <span class='ocrx_word' id='word_1_665' title='bbox 573 4226 722 4298; x_wconf 87' lang='lat' dir='ltr'><strong>nulla</strong></span> <span class='ocrx_word' id='word_1_666' title='bbox 745 4241 806 4282; x_wconf 88' lang='lat' dir='ltr'><strong>re</strong></span> <span class='ocrx_word' id='word_1_667' title='bbox 837 4226 1126 4283; x_wconf 90' lang='lat' dir='ltr'><strong>dissimilis</strong></span> <span class='ocrx_word' id='word_1_668' title='bbox 1163 4228 1344 4298; x_wconf 85' lang='lat' dir='ltr'><strong>imago</strong></span> <span class='ocrx_word' id='word_1_669' title='bbox 1372 4226 1464 4283; x_wconf 93' lang='lat' dir='ltr'><strong>Dei</strong></span> <span class='ocrx_word' id='word_1_670' title='bbox 1493 4228 1788 4285; x_wconf 87' lang='lat' dir='ltr'><strong>invisibilis</strong></span> <span class='ocrx_word' id='word_1_671' title='bbox 1817 4237 1903 4285; x_wconf 86' lang='lat' dir='ltr'><strong>est</strong></span> <span class='ocrx_word' id='word_1_672' title='bbox 1939 4229 2056 4300; x_wconf 87' lang='lat' dir='ltr'><strong>ipse</strong></span> 
     </span>
    </p>
   </div>
   <div class='ocr_carea' id='block_1_93' title="bbox 486 4314 2055 4389">
    <p class='ocr_par' dir='ltr' id='par_1_93' title="bbox 486 4314 2055 4389">
     <span class='ocr_line' id='line_1_96' title="bbox 486 4314 2055 4389; baseline 0.004 -19"><span class='ocrx_word' id='word_1_673' title='bbox 486 4314 658 4373; x_wconf 86' lang='lat' dir='ltr'><strong>Filius</strong></span> <span class='ocrx_word' id='word_1_674' title='bbox 687 4317 753 4382; x_wconf 78' lang='grc'><strong>³⁸,</strong></span> <span class='ocrx_word' id='word_1_675' title='bbox 784 4317 881 4386; x_wconf 87' lang='lat' dir='ltr'><strong>qui</strong></span> <span class='ocrx_word' id='word_1_676' title='bbox 912 4318 966 4371; x_wconf 90' lang='lat' dir='ltr'><strong>in</strong></span> <span class='ocrx_word' id='word_1_677' title='bbox 998 4317 1180 4387; x_wconf 77' lang='lat' dir='ltr'><strong>seipse</strong></span> <span class='ocrx_word' id='word_1_678' title='bbox 1207 4318 1426 4372; x_wconf 84' lang='lat' dir='ltr'><strong>Patrem</strong></span> <span class='ocrx_word' id='word_1_679' title='bbox 1455 4317 1612 4387; x_wconf 90' lang='lat' dir='ltr'><strong>gerit,</strong></span> <span class='ocrx_word' id='word_1_680' title='bbox 1647 4333 1710 4373; x_wconf 93' lang='lat' dir='ltr'><strong>ac</strong></span> <span class='ocrx_word' id='word_1_681' title='bbox 1740 4333 1839 4389; x_wconf 92' lang='lat' dir='ltr'><strong>per</strong></span> <span class='ocrx_word' id='word_1_682' title='bbox 1871 4321 2055 4376; x_wconf 89' lang='lat' dir='ltr'><strong>omnia</strong></span> 
     </span>
    </p>
   </div>
   <div class='ocr_carea' id='block_1_94' title="bbox 485 4405 2054 4478">
    <p class='ocr_par' dir='ltr' id='par_1_94' title="bbox 485 4405 2054 4478">
     <span class='ocr_line' id='line_1_97' title="bbox 485 4405 2054 4478; baseline 0.002 -16"><span class='ocrx_word' id='word_1_683' title='bbox 485 4407 629 4462; x_wconf 90' lang='lat' dir='ltr'><strong>idem</strong></span> <span class='ocrx_word' id='word_1_684' title='bbox 666 4422 790 4462; x_wconf 92' lang='lat' dir='ltr'><strong>cum</strong></span> <span class='ocrx_word' id='word_1_685' title='bbox 839 4406 931 4460; x_wconf 93' lang='lat' dir='ltr'><strong>illo</strong></span> <span class='ocrx_word' id='word_1_686' title='bbox 958 4413 1064 4471; x_wconf 91' lang='lat' dir='ltr'><strong>est,</strong></span> <span class='ocrx_word' id='word_1_687' title='bbox 1095 4415 1293 4476; x_wconf 68' lang='lat' dir='ltr'><strong>praeter</strong></span> <span class='ocrx_word' id='word_1_688' title='bbox 1339 4405 1392 4460; x_wconf 93' lang='lat' dir='ltr'><strong>id</strong></span> <span class='ocrx_word' id='word_1_689' title='bbox 1425 4422 1616 4470; x_wconf 90' lang='lat' dir='ltr'><strong>unum,</strong></span> <span class='ocrx_word' id='word_1_690' title='bbox 1668 4409 1810 4478; x_wconf 87' lang='lat' dir='ltr'><strong>quod</strong></span> <span class='ocrx_word' id='word_1_691' title='bbox 1853 4409 1922 4464; x_wconf 89' lang='lat' dir='ltr'><strong>ab</strong></span> <span class='ocrx_word' id='word_1_692' title='bbox 1960 4410 2054 4466; x_wconf 94' lang='lat' dir='ltr'><strong>illo</strong></span> 
     </span>
    </p>
   </div>
   <div class='ocr_carea' id='block_1_95' title="bbox 483 4497 2055 4570">
    <p class='ocr_par' dir='ltr' id='par_1_95' title="bbox 483 4497 2055 4570">
     <span class='ocr_line' id='line_1_98' title="bbox 483 4497 2055 4570; baseline 0.002 -16"><span class='ocrx_word' id='word_1_693' title='bbox 483 4511 743 4570; x_wconf 90' lang='lat' dir='ltr'><strong>tanquam</strong></span> <span class='ocrx_word' id='word_1_694' title='bbox 774 4513 874 4554; x_wconf 87' lang='lat' dir='ltr'><strong>sua</strong></span> <span class='ocrx_word' id='word_1_695' title='bbox 906 4513 1073 4554; x_wconf 89' lang='lat' dir='ltr'><strong>causa</strong></span> <span class='ocrx_word' id='word_1_696' title='bbox 1108 4499 1200 4552; x_wconf 91' lang='lat' dir='ltr'><strong>sit.</strong></span> <span class='ocrx_word' id='word_1_697' title='bbox 1233 4497 1510 4554; x_wconf 87' lang='lat' dir='ltr'><strong>Naturalis</strong></span> <span class='ocrx_word' id='word_1_698' title='bbox 1538 4499 1685 4553; x_wconf 89' lang='lat' dir='ltr'><strong>enim</strong></span> <span class='ocrx_word' id='word_1_699' title='bbox 1709 4514 1873 4555; x_wconf 83' lang='lat' dir='ltr'><strong>causa</strong></span> <span class='ocrx_word' id='word_1_700' title='bbox 1895 4499 2055 4557; x_wconf 90' lang='lat' dir='ltr'><strong>Pater</strong></span> 
     </span>
    </p>
   </div>
   <div class='ocr_carea' id='block_1_96' title="bbox 483 4585 2053 4658">
    <p class='ocr_par' dir='ltr' id='par_1_96' title="bbox 483 4585 2053 4658">
     <span class='ocr_line' id='line_1_99' title="bbox 483 4585 2053 4658; baseline 0.001 -15"><span class='ocrx_word' id='word_1_701' title='bbox 483 4597 568 4643; x_wconf 86' lang='lat' dir='ltr'><strong>est</strong></span> <span class='ocrx_word' id='word_1_702' title='bbox 611 4603 730 4642; x_wconf 87' lang='lat' dir='ltr'><strong>:ex</strong></span> <span class='ocrx_word' id='word_1_703' title='bbox 759 4603 925 4642; x_wconf 87' lang='lat' dir='ltr'><strong>causa</strong></span> <span class='ocrx_word' id='word_1_704' title='bbox 973 4602 1104 4642; x_wconf 86' lang='lat' dir='ltr'><strong>vero</strong></span> <span class='ocrx_word' id='word_1_705' title='bbox 1135 4585 1505 4658; x_wconf 88' lang='lat' dir='ltr'><strong>proficiscitur</strong></span> <span class='ocrx_word' id='word_1_706' title='bbox 1552 4585 1744 4642; x_wconf 86' lang='lat' dir='ltr'><strong>Filius.</strong></span> <span class='ocrx_word' id='word_1_707' title='bbox 1808 4587 1941 4642; x_wconf 83' lang='lat' dir='ltr'><strong>Nam</strong></span> <span class='ocrx_word' id='word_1_708' title='bbox 1985 4605 2053 4645; x_wconf 87' lang='lat' dir='ltr'><strong>ex</strong></span> 
     </span>
    </p>
   </div>
   <div class='ocr_carea' id='block_1_97' title="bbox 483 4675 2054 4748">
    <p class='ocr_par' dir='ltr' id='par_1_97' title="bbox 483 4675 2054 4748">
     <span class='ocr_line' id='line_1_100' title="bbox 483 4675 2054 4748; baseline 0.002 -17"><span class='ocrx_word' id='word_1_709' title='bbox 483 4676 626 4734; x_wconf 85' lang='lat' dir='ltr'><strong>Filio</strong></span> <span class='ocrx_word' id='word_1_710' title='bbox 657 4675 821 4734; x_wconf 89' lang='lat' dir='ltr'><strong>Pater</strong></span> <span class='ocrx_word' id='word_1_711' title='bbox 859 4693 968 4732; x_wconf 92' lang='lat' dir='ltr'><strong>non</strong></span> <span class='ocrx_word' id='word_1_712' title='bbox 1016 4685 1120 4743; x_wconf 76' lang='lat' dir='ltr'><strong>est,</strong></span> <span class='ocrx_word' id='word_1_713' title='bbox 1151 4677 1246 4732; x_wconf 88' lang='lat' dir='ltr'><strong>sed</strong></span> <span class='ocrx_word' id='word_1_714' title='bbox 1285 4675 1458 4731; x_wconf 84' lang='lat' dir='ltr'><strong>Filius</strong></span> <span class='ocrx_word' id='word_1_715' title='bbox 1491 4692 1556 4731; x_wconf 86' lang='lat' dir='ltr'><strong>ex</strong></span> <span class='ocrx_word' id='word_1_716' title='bbox 1604 4675 1783 4732; x_wconf 85' lang='lat' dir='ltr'><strong>Patre.</strong></span> <span class='ocrx_word' id='word_1_717' title='bbox 1819 4678 1897 4733; x_wconf 85' lang='lat' dir='ltr'><strong>Ex</strong></span> <span class='ocrx_word' id='word_1_718' title='bbox 1933 4678 2054 4748; x_wconf 83' lang='lat' dir='ltr'><strong>ipso</strong></span> 
     </span>
    </p>
   </div>
   <div class='ocr_carea' id='block_1_98' title="bbox 484 4767 2052 4841">
    <p class='ocr_par' dir='ltr' id='par_1_98' title="bbox 484 4767 2052 4841">
     <span class='ocr_line' id='line_1_101' title="bbox 484 4767 2052 4841; baseline 0.001 -17"><span class='ocrx_word' id='word_1_719' title='bbox 484 4769 752 4841; x_wconf 83' lang='lat' dir='ltr'><strong>siquidem</strong></span> <span class='ocrx_word' id='word_1_720' title='bbox 793 4768 1030 4840; x_wconf 87' lang='lat' dir='ltr'><strong>(tametsi</strong></span> <span class='ocrx_word' id='word_1_721' title='bbox 1067 4768 1340 4840; x_wconf 89' lang='lat' dir='ltr'><strong>posterior</strong></span> <span class='ocrx_word' id='word_1_722' title='bbox 1375 4768 1466 4821; x_wconf 92' lang='lat' dir='ltr'><strong>illo</strong></span> <span class='ocrx_word' id='word_1_723' title='bbox 1512 4783 1624 4822; x_wconf 92' lang='lat' dir='ltr'><strong>non</strong></span> <span class='ocrx_word' id='word_1_724' title='bbox 1655 4767 1748 4839; x_wconf 88' lang='lat' dir='ltr'><strong>sit)</strong></span> <span class='ocrx_word' id='word_1_725' title='bbox 1801 4769 1964 4826; x_wconf 87' lang='lat' dir='ltr'><strong>habet</strong></span> <span class='ocrx_word' id='word_1_726' title='bbox 1994 4779 2052 4825; x_wconf 92' lang='lat' dir='ltr'><strong>ut</strong></span> 
     </span>
    </p>
   </div>
   <div class='ocr_carea' id='block_1_99' title="bbox 483 4858 1702 4931">
    <p class='ocr_par' dir='ltr' id='par_1_99' title="bbox 483 4858 1702 4931">
     <span class='ocr_line' id='line_1_102' title="bbox 483 4858 1702 4931; baseline 0.001 -17"><span class='ocrx_word' id='word_1_727' title='bbox 483 4862 555 4915; x_wconf 89' lang='lat' dir='ltr'><strong>sit</strong></span> <span class='ocrx_word' id='word_1_728' title='bbox 585 4860 638 4914; x_wconf 92' lang='lat' dir='ltr'><strong>id</strong></span> <span class='ocrx_word' id='word_1_729' title='bbox 664 4860 812 4930; x_wconf 86' lang='lat' dir='ltr'><strong>quod</strong></span> <span class='ocrx_word' id='word_1_730' title='bbox 840 4868 926 4916; x_wconf 89' lang='lat' dir='ltr'><strong>est</strong></span> <span class='ocrx_word' id='word_1_731' title='bbox 964 4858 1128 4915; x_wconf 88' lang='lat' dir='ltr'><strong>Pater</strong></span> <span class='ocrx_word' id='word_1_732' title='bbox 1159 4859 1252 4931; x_wconf 94' lang='lat' dir='ltr'><strong>qui</strong></span> <span class='ocrx_word' id='word_1_733' title='bbox 1286 4860 1463 4930; x_wconf 91' lang='lat' dir='ltr'><strong>ipsum</strong></span> <span class='ocrx_word' id='word_1_734' title='bbox 1495 4860 1702 4930; x_wconf 90' lang='lat' dir='ltr'><strong>genuit.</strong></span> 
     </span>
    </p>
   </div>
   <div class='ocr_carea' id='block_1_100' title="bbox 559 4952 2051 5024">
    <p class='ocr_par' dir='ltr' id='par_1_100' title="bbox 559 4952 2051 5024">
     <span class='ocr_line' id='line_1_103' title="bbox 559 4952 2051 5024; baseline 0.001 -16"><span class='ocrx_word' id='word_1_735' title='bbox 559 4953 647 5008; x_wconf 80' lang='grc'><strong>10.</strong></span> <span class='ocrx_word' id='word_1_736' title='bbox 692 4952 834 5008; x_wconf 87' lang='lat' dir='ltr'><strong>Sunt</strong></span> <span class='ocrx_word' id='word_1_737' title='bbox 888 4953 1016 5008; x_wconf 85' lang='lat' dir='ltr'><strong>item</strong></span> <span class='ocrx_word' id='word_1_738' title='bbox 1071 4954 1125 5007; x_wconf 93' lang='lat' dir='ltr'><strong>in</strong></span> <span class='ocrx_word' id='word_1_739' title='bbox 1163 4952 1273 5008; x_wconf 92' lang='lat' dir='ltr'><strong>Deo</strong></span> <span class='ocrx_word' id='word_1_740' title='bbox 1301 4953 1569 5024; x_wconf 89' lang='lat' dir='ltr'><strong>imagines</strong></span> <span class='ocrx_word' id='word_1_741' title='bbox 1598 4962 1652 5009; x_wconf 89' lang='lat' dir='ltr'><strong>et</strong></span> <span class='ocrx_word' id='word_1_742' title='bbox 1679 4954 1929 5024; x_wconf 87' lang='lat' dir='ltr'><strong>exempla</strong></span> <span class='ocrx_word' id='word_1_743' title='bbox 1963 4969 2051 5010; x_wconf 87' lang='lat' dir='ltr'><strong>rc-</strong></span> 
     </span>
    </p>
   </div>
   <div class='ocr_carea' id='block_1_101' title="bbox 485 5043 2052 5114">
    <p class='ocr_par' dir='ltr' id='par_1_101' title="bbox 485 5043 2052 5114">
     <span class='ocr_line' id='line_1_104' title="bbox 485 5043 2052 5114; baseline 0.001 -16"><span class='ocrx_word' id='word_1_744' title='bbox 485 5058 605 5098; x_wconf 88' lang='lat' dir='ltr'><strong>rum</strong></span> <span class='ocrx_word' id='word_1_745' title='bbox 649 5043 719 5098; x_wconf 91' lang='lat' dir='ltr'><strong>ab</strong></span> <span class='ocrx_word' id='word_1_746' title='bbox 771 5043 892 5113; x_wconf 87' lang='lat' dir='ltr'><strong>ipso</strong></span> <span class='ocrx_word' id='word_1_747' title='bbox 944 5043 1442 5113; x_wconf 88' lang='lat' dir='ltr'><strong>producendarum,</strong></span> <span class='ocrx_word' id='word_1_748' title='bbox 1517 5058 1713 5114; x_wconf 87' lang='lat' dir='ltr'><strong>nempe</strong></span> <span class='ocrx_word' id='word_1_749' title='bbox 1762 5045 2052 5100; x_wconf 89' lang='lat' dir='ltr'><strong>consilium</strong></span> 
     </span>
    </p>
   </div>
   <div class='ocr_carea' id='block_1_102' title="bbox 481 5135 2058 5207">
    <p class='ocr_par' dir='ltr' id='par_1_102' title="bbox 481 5135 2058 5207">
     <span class='ocr_line' id='line_1_105' title="bbox 481 5135 2058 5207; baseline 0 -15"><span class='ocrx_word' id='word_1_750' title='bbox 481 5137 656 5207; x_wconf 88' lang='lat' dir='ltr'><strong>ipsius</strong></span> <span class='ocrx_word' id='word_1_751' title='bbox 683 5145 974 5204; x_wconf 66' lang='lat' dir='ltr'><strong>aeternum,</strong></span> <span class='ocrx_word' id='word_1_752' title='bbox 1027 5136 1174 5207; x_wconf 91' lang='lat' dir='ltr'><strong>quod</strong></span> <span class='ocrx_word' id='word_1_753' title='bbox 1205 5135 1398 5192; x_wconf 90' lang='lat' dir='ltr'><strong>eodem</strong></span> <span class='ocrx_word' id='word_1_754' title='bbox 1452 5151 1669 5206; x_wconf 91' lang='lat' dir='ltr'><strong>semper</strong></span> <span class='ocrx_word' id='word_1_755' title='bbox 1720 5152 1842 5194; x_wconf 89' lang='lat' dir='ltr'><strong>sese</strong></span> <span class='ocrx_word' id='word_1_756' title='bbox 1896 5137 2058 5193; x_wconf 92' lang='lat' dir='ltr'><strong>habet</strong></span> 
     </span>
    </p>
   </div>
   <div class='ocr_carea' id='block_1_103' title="bbox 481 5226 2057 5298">
    <p class='ocr_par' dir='ltr' id='par_1_103' title="bbox 481 5226 2057 5298">
     <span class='ocr_line' id='line_1_106' title="bbox 481 5226 2057 5298; baseline 0 -16"><span class='ocrx_word' id='word_1_757' title='bbox 481 5229 669 5285; x_wconf 88' lang='lat' dir='ltr'><strong>modo.</strong></span> <span class='ocrx_word' id='word_1_758' title='bbox 737 5227 1106 5284; x_wconf 84' lang='lat' dir='ltr'><strong>lmmutahilis</strong></span> <span class='ocrx_word' id='word_1_759' title='bbox 1160 5226 1430 5298; x_wconf 91' lang='lat' dir='ltr'><strong>siquidem</strong></span> <span class='ocrx_word' id='word_1_760' title='bbox 1483 5229 1706 5283; x_wconf 91' lang='lat' dir='ltr'><strong>omnino</strong></span> <span class='ocrx_word' id='word_1_761' title='bbox 1764 5227 1910 5284; x_wconf 90' lang='lat' dir='ltr'><strong>Deus</strong></span> <span class='ocrx_word' id='word_1_762' title='bbox 1953 5237 2057 5296; x_wconf 89' lang='lat' dir='ltr'><strong>est,</strong></span> 
     </span>
    </p>
   </div>
   <div class='ocr_carea' id='block_1_104' title="bbox 482 5319 2059 5392">
    <p class='ocr_par' dir='ltr' id='par_1_104' title="bbox 482 5319 2059 5392">
     <span class='ocr_line' id='line_1_107' title="bbox 482 5319 2059 5392; baseline -0.001 -15"><span class='ocrx_word' id='word_1_763' title='bbox 482 5324 537 5377; x_wconf 90' lang='lat' dir='ltr'><strong>in</strong></span> <span class='ocrx_word' id='word_1_764' title='bbox 582 5336 693 5392; x_wconf 90' lang='lat' dir='ltr'><strong>quo</strong></span> <span class='ocrx_word' id='word_1_765' title='bbox 735 5323 883 5378; x_wconf 85' lang='lat' dir='ltr'><strong>nulla</strong></span> <span class='ocrx_word' id='word_1_766' title='bbox 941 5329 1025 5377; x_wconf 91' lang='lat' dir='ltr'><strong>est</strong></span> <span class='ocrx_word' id='word_1_767' title='bbox 1070 5321 1485 5385; x_wconf 88' lang='lat' dir='ltr'><strong>transmutatio,</strong></span> <span class='ocrx_word' id='word_1_768' title='bbox 1539 5330 1634 5376; x_wconf 91' lang='lat' dir='ltr'><strong>aut</strong></span> <span class='ocrx_word' id='word_1_769' title='bbox 1664 5319 2059 5376; x_wconf 89' lang='lat' dir='ltr'><strong>vicissitudinis</strong></span> 
     </span>
    </p>
   </div>
   <div class='ocr_carea' id='block_1_105' title="bbox 480 5411 2056 5484">
    <p class='ocr_par' dir='ltr' id='par_1_105' title="bbox 480 5411 2056 5484">
     <span class='ocr_line' id='line_1_108' title="bbox 480 5411 2056 5484; baseline -0.003 -15"><span class='ocrx_word' id='word_1_770' title='bbox 480 5415 837 5472; x_wconf 87' lang='lat' dir='ltr'><strong>obumbratio</strong></span> <span class='ocrx_word' id='word_1_771' title='bbox 864 5415 930 5470; x_wconf 84' lang='grc'><strong>³².</strong></span> <span class='ocrx_word' id='word_1_772' title='bbox 969 5413 1081 5470; x_wconf 85' lang='lat' dir='ltr'><strong>llas</strong></span> <span class='ocrx_word' id='word_1_773' title='bbox 1121 5427 1284 5482; x_wconf 91' lang='lat' dir='ltr'><strong>porro</strong></span> <span class='ocrx_word' id='word_1_774' title='bbox 1315 5412 1603 5484; x_wconf 88' lang='lat' dir='ltr'><strong>imagines,</strong></span> <span class='ocrx_word' id='word_1_775' title='bbox 1641 5420 1696 5467; x_wconf 91' lang='lat' dir='ltr'><strong>et</strong></span> <span class='ocrx_word' id='word_1_776' title='bbox 1731 5411 1847 5467; x_wconf 81' lang='lat' dir='ltr'><strong>haec</strong></span> <span class='ocrx_word' id='word_1_777' title='bbox 1871 5427 2056 5466; x_wconf 78' lang='lat' dir='ltr'><strong>exem—</strong></span> 
     </span>
    </p>
   </div>
   <div class='ocr_carea' id='block_1_106' title="bbox 483 5503 2049 5577">
    <p class='ocr_par' dir='ltr' id='par_1_106' title="bbox 483 5503 2049 5577">
     <span class='ocr_line' id='line_1_109' title="bbox 483 5503 2049 5577; baseline 0.001 -18"><span class='ocrx_word' id='word_1_778' title='bbox 483 5506 592 5576; x_wconf 79' lang='lat' dir='ltr'><strong>pla,</strong></span> <span class='ocrx_word' id='word_1_779' title='bbox 633 5506 1025 5577; x_wconf 75' lang='lat' dir='ltr'><strong>praelinitiones</strong></span> <span class='ocrx_word' id='word_1_780' title='bbox 1079 5505 1320 5576; x_wconf 81' lang='lat' dir='ltr'><strong>appellat</strong></span> <span class='ocrx_word' id='word_1_781' title='bbox 1379 5512 1606 5561; x_wconf 85' lang='lat' dir='ltr'><strong>sanctus</strong></span> <span class='ocrx_word' id='word_1_782' title='bbox 1659 5503 1954 5576; x_wconf 86' lang='lat' dir='ltr'><strong>Dionysius</strong></span> <span class='ocrx_word' id='word_1_783' title='bbox 1983 5504 2049 5570; x_wconf 87' lang='grc'><strong>³³,</strong></span> 
     </span>
    </p>
   </div>
   <div class='ocr_carea' id='block_1_107' title="bbox 2160 3856 3772 3934">
    <p class='ocr_par' dir='ltr' id='par_1_107' title="bbox 2160 3856 3772 3934">
     <span class='ocr_line' id='line_1_110' title="bbox 2160 3856 3772 3934; baseline 0.002 -22"><span class='ocrx_word' id='word_1_784' title='bbox 2160 3875 2279 3929; x_wconf 87' lang='grc' dir='ltr'>μεν.</span> <span class='ocrx_word' id='word_1_785' title='bbox 2306 3859 2481 3934; x_wconf 60' lang='grc' dir='ltr'>ἰξίκὼν</span> <span class='ocrx_word' id='word_1_786' title='bbox 2507 3859 2607 3931; x_wconf 84' lang='grc' dir='ltr'>μὲν</span> <span class='ocrx_word' id='word_1_787' title='bbox 2647 3856 2740 3914; x_wconf 84' lang='grc' dir='ltr'><strong>οῦν</strong></span> <span class='ocrx_word' id='word_1_788' title='bbox 2766 3861 2914 3914; x_wconf 80' lang='grc' dir='ltr'>ἐστιν</span> <span class='ocrx_word' id='word_1_789' title='bbox 2955 3861 3206 3932; x_wconf 84' lang='grc' dir='ltr'>ὁμοίωμα</span> <span class='ocrx_word' id='word_1_790' title='bbox 3235 3860 3639 3932; x_wconf 75' lang='grc' dir='ltr'>χαρακτηρίζον</span> <span class='ocrx_word' id='word_1_791' title='bbox 3674 3859 3736 3916; x_wconf 77' lang='grc' dir='ltr'>τὸ</span> <span class='ocrx_word' id='word_1_792' title='bbox 3769 3863 3772 3884; x_wconf 96' lang='grc'>¹</span> 
     </span>
    </p>
   </div>
   <div class='ocr_carea' id='block_1_108' title="bbox 2158 3934 3735 4022">
    <p class='ocr_par' dir='ltr' id='par_1_108' title="bbox 2158 3934 3735 4022">
     <span class='ocr_line' id='line_1_111' title="bbox 2158 3934 3735 4022; baseline 0.001 -19"><span class='ocrx_word' id='word_1_793' title='bbox 2158 3934 2532 4020; x_wconf 65' lang='grc' dir='ltr'>πρωτότυπον,</span> <span class='ocrx_word' id='word_1_794' title='bbox 2572 3950 2712 4022; x_wconf 84' lang='grc' dir='ltr'>μετά</span> <span class='ocrx_word' id='word_1_795' title='bbox 2739 3951 2834 4005; x_wconf 87' lang='grc' dir='ltr'><strong>τοῦ</strong></span> <span class='ocrx_word' id='word_1_796' title='bbox 2864 3951 2956 4005; x_wconf 89' lang='grc' dir='ltr'><strong>καί</strong></span> <span class='ocrx_word' id='word_1_797' title='bbox 2981 3966 3100 4005; x_wconf 86' lang='grc' dir='ltr'>τινα</span> <span class='ocrx_word' id='word_1_798' title='bbox 3121 3951 3384 4020; x_wconf 74' lang='grc' dir='ltr'>διαφοράν</span> <span class='ocrx_word' id='word_1_799' title='bbox 3414 3951 3560 4020; x_wconf 80' lang='grc' dir='ltr'>ἔχειν</span> <span class='ocrx_word' id='word_1_800' title='bbox 3595 3951 3735 4020; x_wconf 83' lang='grc' dir='ltr'>πρὸς</span> 
     </span>
    </p>
   </div>
   <div class='ocr_carea' id='block_1_109' title="bbox 2157 4041 3736 4115">
    <p class='ocr_par' dir='ltr' id='par_1_109' title="bbox 2157 4041 3736 4115">
     <span class='ocr_line' id='line_1_112' title="bbox 2157 4041 3736 4115; baseline -0.001 -19"><span class='ocrx_word' id='word_1_801' title='bbox 2157 4043 2309 4098; x_wconf 80' lang='grc' dir='ltr'>αὐτό.</span> <span class='ocrx_word' id='word_1_802' title='bbox 2345 4042 2420 4097; x_wconf 83' lang='grc' dir='ltr'><strong>Οὐ</strong></span> <span class='ocrx_word' id='word_1_803' title='bbox 2443 4041 2553 4115; x_wconf 84' lang='grc' dir='ltr'><strong>γὰρ</strong></span> <span class='ocrx_word' id='word_1_804' title='bbox 2583 4043 2723 4098; x_wconf 86' lang='grc' dir='ltr'><strong>κατά</strong></span> <span class='ocrx_word' id='word_1_805' title='bbox 2773 4043 2952 4098; x_wconf 87' lang='grc' dir='ltr'>πάντα</span> <span class='ocrx_word' id='word_1_806' title='bbox 2979 4044 3012 4112; x_wconf 82' lang='grc' dir='ltr'>ὴ</span> <span class='ocrx_word' id='word_1_807' title='bbox 3061 4041 3225 4097; x_wconf 86' lang='grc' dir='ltr'>είκὼν</span> <span class='ocrx_word' id='word_1_808' title='bbox 3262 4042 3542 4112; x_wconf 83' lang='grc' dir='ltr'>ὁμοιοῦται</span> <span class='ocrx_word' id='word_1_809' title='bbox 3594 4041 3736 4113; x_wconf 72' lang='grc' dir='ltr'>πρὸς</span> 
     </span>
    </p>
   </div>
   <div class='ocr_carea' id='block_1_110' title="bbox 2155 4133 3736 4205">
    <p class='ocr_par' dir='ltr' id='par_1_110' title="bbox 2155 4133 3736 4205">
     <span class='ocr_line' id='line_1_113' title="bbox 2155 4133 3736 4205; baseline -0.001 -19"><span class='ocrx_word' id='word_1_810' title='bbox 2155 4133 2216 4186; x_wconf 87' lang='grc' dir='ltr'><strong>τδ</strong></span> <span class='ocrx_word' id='word_1_811' title='bbox 2262 4133 2592 4205; x_wconf 81' lang='grc' dir='ltr'>ἀρχέτυπον.</span> <span class='ocrx_word' id='word_1_812' title='bbox 2648 4133 2829 4188; x_wconf 86' lang='grc' dir='ltr'>Είκὼν</span> <span class='ocrx_word' id='word_1_813' title='bbox 2887 4135 3067 4187; x_wconf 86' lang='grc' dir='ltr'>τοίνυν</span> <span class='ocrx_word' id='word_1_814' title='bbox 3125 4133 3314 4198; x_wconf 81' lang='grc' dir='ltr'>ζῶσα,</span> <span class='ocrx_word' id='word_1_815' title='bbox 3371 4134 3578 4202; x_wconf 79' lang='grc' dir='ltr'>φυσικὴ</span> <span class='ocrx_word' id='word_1_816' title='bbox 3638 4133 3736 4186; x_wconf 70' lang='grc' dir='ltr'>καὶ</span> 
     </span>
    </p>
   </div>
   <div class='ocr_carea' id='block_1_111' title="bbox 2156 4224 3738 4299">
    <p class='ocr_par' dir='ltr' id='par_1_111' title="bbox 2156 4224 3738 4299">
     <span class='ocr_line' id='line_1_114' title="bbox 2156 4224 3738 4299; baseline -0.002 -19"><span class='ocrx_word' id='word_1_817' title='bbox 2156 4227 2578 4299; x_wconf 84' lang='grc' dir='ltr'>ἀπαράλλακτος</span> <span class='ocrx_word' id='word_1_818' title='bbox 2623 4225 2718 4280; x_wconf 90' lang='grc' dir='ltr'><strong>τοῦ</strong></span> <span class='ocrx_word' id='word_1_819' title='bbox 2751 4227 2988 4296; x_wconf 81' lang='grc' dir='ltr'>ἀοράτου</span> <span class='ocrx_word' id='word_1_820' title='bbox 3040 4225 3178 4279; x_wconf 82' lang='grc' dir='ltr'>Θεοῦ</span> <span class='ocrx_word' id='word_1_821' title='bbox 3198 4265 3214 4290; x_wconf 90' lang='grc'><strong>,</strong></span> <span class='ocrx_word' id='word_1_822' title='bbox 3247 4227 3276 4277; x_wconf 92' lang='lat'><strong>6</strong></span> <span class='ocrx_word' id='word_1_823' title='bbox 3307 4225 3464 4288; x_wconf 80' lang='grc' dir='ltr'>Υἱὸς,</span> <span class='ocrx_word' id='word_1_824' title='bbox 3491 4224 3615 4278; x_wconf 82' lang='grc' dir='ltr'>ὅλον</span> <span class='ocrx_word' id='word_1_825' title='bbox 3679 4227 3738 4277; x_wconf 77' lang='grc' dir='ltr'>ἐν</span> 
     </span>
    </p>
   </div>
   <div class='ocr_carea' id='block_1_112' title="bbox 2156 4315 3738 4390">
    <p class='ocr_par' dir='ltr' id='par_1_112' title="bbox 2156 4315 3738 4390">
     <span class='ocr_line' id='line_1_115' title="bbox 2156 4315 3738 4390; baseline -0.004 -18"><span class='ocrx_word' id='word_1_826' title='bbox 2156 4318 2334 4388; x_wconf 80' lang='grc' dir='ltr'>ἑαυτῷ</span> <span class='ocrx_word' id='word_1_827' title='bbox 2368 4317 2551 4389; x_wconf 84' lang='grc' dir='ltr'>φέρων</span> <span class='ocrx_word' id='word_1_828' title='bbox 2593 4317 2686 4371; x_wconf 79' lang='grc' dir='ltr'><strong>τὸν</strong></span> <span class='ocrx_word' id='word_1_829' title='bbox 2727 4317 2984 4388; x_wconf 87' lang='grc' dir='ltr'>Πατέρα.</span> <span class='ocrx_word' id='word_1_830' title='bbox 3019 4315 3162 4371; x_wconf 74' lang='grc' dir='ltr'>κατὰ</span> <span class='ocrx_word' id='word_1_831' title='bbox 3219 4316 3396 4370; x_wconf 88' lang='grc' dir='ltr'>πάντα</span> <span class='ocrx_word' id='word_1_832' title='bbox 3446 4316 3584 4384; x_wconf 81' lang='grc' dir='ltr'>ἔχων</span> 
     </span>
    </p>
   </div>
   <div class='ocr_carea' id='block_1_113' title="bbox 2157 4405 3736 4480">
    <p class='ocr_par' dir='ltr' id='par_1_113' title="bbox 2157 4405 3736 4480">
     <span class='ocr_line' id='line_1_116' title="bbox 2157 4405 3736 4480; baseline -0.005 -14"><span class='ocrx_word' id='word_1_833' title='bbox 2157 4408 2293 4480; x_wconf 64' lang='lat'><strong>15965</strong></span> <span class='ocrx_word' id='word_1_834' title='bbox 2320 4408 2484 4472; x_wconf 66' lang='grc' dir='ltr'>αὑτὸν</span> <span class='ocrx_word' id='word_1_835' title='bbox 2505 4408 2834 4480; x_wconf 62' lang='grc' dir='ltr'>ταυτότητα,</span> <span class='ocrx_word' id='word_1_836' title='bbox 2879 4407 3024 4478; x_wconf 86' lang='grc' dir='ltr'>μόνῳ</span> <span class='ocrx_word' id='word_1_837' title='bbox 3051 4406 3108 4460; x_wconf 80' lang='grc' dir='ltr'>δὲ</span> <span class='ocrx_word' id='word_1_838' title='bbox 3139 4406 3414 4477; x_wconf 86' lang='grc' dir='ltr'>διαφέρων</span> <span class='ocrx_word' id='word_1_839' title='bbox 3437 4405 3514 4475; x_wconf 80' lang='grc' dir='ltr'>τῷ</span> <span class='ocrx_word' id='word_1_840' title='bbox 3545 4407 3736 4459; x_wconf 84' lang='grc' dir='ltr'>αἰτια-</span> 
     </span>
    </p>
   </div>
   <div class='ocr_carea' id='block_1_114' title="bbox 2155 4497 3806 4572">
    <p class='ocr_par' dir='ltr' id='par_1_114' title="bbox 2155 4497 3806 4572">
     <span class='ocr_line' id='line_1_117' title="bbox 2155 4497 3806 4572; baseline -0.004 -18"><span class='ocrx_word' id='word_1_841' title='bbox 2155 4501 2452 4572; x_wconf 81' lang='grc' dir='ltr'>τῷ.Αίτιον</span> <span class='ocrx_word' id='word_1_842' title='bbox 2477 4500 2576 4572; x_wconf 78' lang='grc' dir='ltr'>μὲν</span> <span class='ocrx_word' id='word_1_843' title='bbox 2611 4501 2720 4572; x_wconf 73' lang='grc' dir='ltr'>γὰρ</span> <span class='ocrx_word' id='word_1_844' title='bbox 2748 4502 2998 4571; x_wconf 81' lang='grc' dir='ltr'>φυσικὸν,</span> <span class='ocrx_word' id='word_1_845' title='bbox 3017 4501 3044 4552; x_wconf 86' lang='lat'><strong>6</strong></span> <span class='ocrx_word' id='word_1_846' title='bbox 3077 4499 3296 4570; x_wconf 86' lang='grc' dir='ltr'>Πατήρ·</span> <span class='ocrx_word' id='word_1_847' title='bbox 3328 4497 3682 4572; x_wconf 44' lang='grc' dir='ltr'>Μρᾉδὲ,</span> <span class='ocrx_word' id='word_1_848' title='bbox 3710 4500 3738 4548; x_wconf 86' lang='lat'><strong>6</strong></span> <span class='ocrx_word' id='word_1_849' title='bbox 3799 4515 3806 4536; x_wconf 74' lang='grc' dir='ltr'><strong>ί</strong></span> 
     </span>
    </p>
   </div>
   <div class='ocr_carea' id='block_1_115' title="bbox 2157 4587 3738 4664">
    <p class='ocr_par' dir='ltr' id='par_1_115' title="bbox 2157 4587 3738 4664">
     <span class='ocr_line' id='line_1_118' title="bbox 2157 4587 3738 4664; baseline -0.003 -18"><span class='ocrx_word' id='word_1_850' title='bbox 2157 4593 2305 4656; x_wconf 79' lang='grc' dir='ltr'>Υἱός.</span> <span class='ocrx_word' id='word_1_851' title='bbox 2337 4593 2412 4646; x_wconf 86' lang='grc' dir='ltr'><strong>Οὐ</strong></span> <span class='ocrx_word' id='word_1_852' title='bbox 2442 4592 2551 4662; x_wconf 83' lang='grc' dir='ltr'><strong>γάρ</strong></span> <span class='ocrx_word' id='word_1_853' title='bbox 2578 4591 2767 4664; x_wconf 79' lang='grc' dir='ltr'>Πατὴρ</span> <span class='ocrx_word' id='word_1_854' title='bbox 2797 4591 2856 4658; x_wconf 76' lang='grc' dir='ltr'>ἐξ</span> <span class='ocrx_word' id='word_1_855' title='bbox 2885 4590 3038 4656; x_wconf 88' lang='grc' dir='ltr'>Υίοῦ,</span> <span class='ocrx_word' id='word_1_856' title='bbox 3071 4589 3207 4644; x_wconf 88' lang='grc' dir='ltr'><strong>ἀλλά</strong></span> <span class='ocrx_word' id='word_1_857' title='bbox 3235 4590 3362 4653; x_wconf 77' lang='grc' dir='ltr'><strong>Υἱὸς</strong></span> <span class='ocrx_word' id='word_1_858' title='bbox 3404 4589 3469 4640; x_wconf 80' lang='grc' dir='ltr'>ὲκ</span> <span class='ocrx_word' id='word_1_859' title='bbox 3493 4587 3590 4641; x_wconf 90' lang='grc' dir='ltr'><strong>τοῦ</strong></span> <span class='ocrx_word' id='word_1_860' title='bbox 3615 4589 3738 4642; x_wconf 83' lang='grc' dir='ltr'><strong>Πα-</strong></span> 
     </span>
    </p>
   </div>
   <div class='ocr_carea' id='block_1_116' title="bbox 2155 4679 3738 4755">
    <p class='ocr_par' dir='ltr' id='par_1_116' title="bbox 2155 4679 3738 4755">
     <span class='ocr_line' id='line_1_119' title="bbox 2155 4679 3738 4755; baseline -0.003 -18"><span class='ocrx_word' id='word_1_861' title='bbox 2155 4684 2303 4755; x_wconf 86' lang='grc' dir='ltr'>τρός.</span> <span class='ocrx_word' id='word_1_862' title='bbox 2345 4683 2436 4748; x_wconf 82' lang='grc' dir='ltr'><strong>Ἐξ</strong></span> <span class='ocrx_word' id='word_1_863' title='bbox 2486 4681 2652 4736; x_wconf 83' lang='grc' dir='ltr'>αὑτοῦ</span> <span class='ocrx_word' id='word_1_864' title='bbox 2675 4683 2785 4753; x_wconf 85' lang='grc' dir='ltr'><strong>γὰρ</strong></span> <span class='ocrx_word' id='word_1_865' title='bbox 2810 4724 2825 4748; x_wconf 92' lang='grc'><strong>,</strong></span> <span class='ocrx_word' id='word_1_866' title='bbox 2856 4683 2905 4735; x_wconf 85' lang='grc' dir='ltr'>εὶ</span> <span class='ocrx_word' id='word_1_867' title='bbox 2949 4680 3044 4735; x_wconf 74' lang='grc' dir='ltr'>καὶ</span> <span class='ocrx_word' id='word_1_868' title='bbox 3076 4683 3151 4752; x_wconf 80' lang='grc' dir='ltr'><strong>μη</strong></span> <span class='ocrx_word' id='word_1_869' title='bbox 3188 4681 3303 4752; x_wconf 84' lang='grc' dir='ltr'>μετ’</span> <span class='ocrx_word' id='word_1_870' title='bbox 3335 4679 3497 4736; x_wconf 74' lang='grc' dir='ltr'>αὐτὸν</span> <span class='ocrx_word' id='word_1_871' title='bbox 3525 4679 3644 4750; x_wconf 76' lang='grc' dir='ltr'>ἔχει</span> <span class='ocrx_word' id='word_1_872' title='bbox 3675 4679 3738 4732; x_wconf 82' lang='grc' dir='ltr'><strong>τὺ</strong></span> 
     </span>
    </p>
   </div>
   <div class='ocr_carea' id='block_1_117' title="bbox 2157 4773 3744 4845">
    <p class='ocr_par' dir='ltr' id='par_1_117' title="bbox 2157 4773 3744 4845">
     <span class='ocr_line' id='line_1_120' title="bbox 2157 4773 3744 4845; baseline -0.001 -17"><span class='ocrx_word' id='word_1_873' title='bbox 2157 4773 2294 4828; x_wconf 78' lang='grc' dir='ltr'>εἶναι</span> <span class='ocrx_word' id='word_1_874' title='bbox 2316 4774 2456 4845; x_wconf 84' lang='grc' dir='ltr'>ὅπερ</span> <span class='ocrx_word' id='word_1_875' title='bbox 2488 4774 2637 4828; x_wconf 73' lang='grc' dir='ltr'>ἐστὶν</span> <span class='ocrx_word' id='word_1_876' title='bbox 2662 4774 2691 4827; x_wconf 89' lang='lat'><strong>6</strong></span> <span class='ocrx_word' id='word_1_877' title='bbox 2725 4774 2993 4844; x_wconf 84' lang='grc' dir='ltr'>γεννήσας</span> <span class='ocrx_word' id='word_1_878' title='bbox 3019 4774 3232 4844; x_wconf 78' lang='grc' dir='ltr'>Πατήρ.</span> <span class='ocrx_word' id='word_1_879' title='bbox 3741 4781 3744 4784; x_wconf 82' lang='grc'><strong>’</strong></span> 
     </span>
    </p>
   </div>
   <div class='ocr_carea' id='block_1_118' title="bbox 3337 4562 3514 4576">
    <p class='ocr_par' dir='ltr' id='par_1_118' title="bbox 3337 4562 3514 4576">
     <span class='ocr_line' id='line_1_121' title="bbox 3337 4562 3514 4576; baseline 0 0"><span class='ocrx_word' id='word_1_880' title='bbox 3337 4562 3514 4576; x_wconf 46' lang='lat' dir='ltr'><strong>w—</strong></span> 
     </span>
    </p>
   </div>
   <div class='ocr_carea' id='block_1_119' title="bbox 2229 4949 3736 5023">
    <p class='ocr_par' dir='ltr' id='par_1_119' title="bbox 2229 4949 3736 5023">
     <span class='ocr_line' id='line_1_122' title="bbox 2229 4949 3736 5023; baseline 0.001 -18"><span class='ocrx_word' id='word_1_881' title='bbox 2229 4958 2282 5008; x_wconf 84' lang='lat' dir='ltr'><strong>t&#39;.</strong></span> <span class='ocrx_word' id='word_1_882' title='bbox 2307 4951 2427 5004; x_wconf 73' lang='grc' dir='ltr'><strong>Εἰσὶ</strong></span> <span class='ocrx_word' id='word_1_883' title='bbox 2450 4951 2506 5004; x_wconf 84' lang='grc' dir='ltr'>δὲ</span> <span class='ocrx_word' id='word_1_884' title='bbox 2526 4951 2620 5004; x_wconf 74' lang='grc' dir='ltr'><strong>καὶ</strong></span> <span class='ocrx_word' id='word_1_885' title='bbox 2646 4952 2702 5004; x_wconf 77' lang='grc' dir='ltr'>ὲν</span> <span class='ocrx_word' id='word_1_886' title='bbox 2723 4951 2800 5023; x_wconf 85' lang='grc' dir='ltr'>τῷ</span> <span class='ocrx_word' id='word_1_887' title='bbox 2820 4951 2939 5023; x_wconf 85' lang='grc' dir='ltr'><strong>Θεῷ</strong></span> <span class='ocrx_word' id='word_1_888' title='bbox 2966 4953 3172 5015; x_wconf 87' lang='grc' dir='ltr'>είκὸνες</span> <span class='ocrx_word' id='word_1_889' title='bbox 3193 4951 3289 5006; x_wconf 72' lang='grc' dir='ltr'>καὶ</span> <span class='ocrx_word' id='word_1_890' title='bbox 3312 4949 3736 5020; x_wconf 75' lang='grc' dir='ltr'>παραδείγματα</span> 
     </span>
    </p>
   </div>
   <div class='ocr_carea' id='block_1_120' title="bbox 2155 5041 3737 5114">
    <p class='ocr_par' dir='ltr' id='par_1_120' title="bbox 2155 5041 3737 5114">
     <span class='ocr_line' id='line_1_123' title="bbox 2155 5041 3737 5114; baseline 0.001 -18"><span class='ocrx_word' id='word_1_891' title='bbox 2155 5044 2264 5097; x_wconf 84' lang='grc' dir='ltr'><strong>τῶν</strong></span> <span class='ocrx_word' id='word_1_892' title='bbox 2297 5041 2389 5096; x_wconf 83' lang='grc' dir='ltr'><strong>ὑπ’</strong></span> <span class='ocrx_word' id='word_1_893' title='bbox 2419 5041 2586 5097; x_wconf 83' lang='grc' dir='ltr'>αὐτοῦ</span> <span class='ocrx_word' id='word_1_894' title='bbox 2641 5043 2936 5113; x_wconf 73' lang='grc' dir='ltr'>ἐσομένων,</span> <span class='ocrx_word' id='word_1_895' title='bbox 2963 5044 3264 5109; x_wconf 87' lang='grc' dir='ltr'>τουτέστιν,</span> <span class='ocrx_word' id='word_1_896' title='bbox 3300 5044 3334 5114; x_wconf 79' lang='grc' dir='ltr'><strong>η</strong></span> <span class='ocrx_word' id='word_1_897' title='bbox 3367 5043 3530 5114; x_wconf 83' lang='grc' dir='ltr'>βουλῆ</span> <span class='ocrx_word' id='word_1_898' title='bbox 3561 5043 3737 5097; x_wconf 82' lang='grc' dir='ltr'>αὑτοῦ</span> 
     </span>
    </p>
   </div>
   <div class='ocr_carea' id='block_1_121' title="bbox 2155 5135 3736 5208">
    <p class='ocr_par' dir='ltr' id='par_1_121' title="bbox 2155 5135 3736 5208">
     <span class='ocr_line' id='line_1_124' title="bbox 2155 5135 3736 5208; baseline 0.002 -20"><span class='ocrx_word' id='word_1_899' title='bbox 2155 5137 2188 5206; x_wconf 80' lang='grc' dir='ltr'>ἡ</span> <span class='ocrx_word' id='word_1_900' title='bbox 2218 5135 2566 5208; x_wconf 86' lang='grc' dir='ltr'>προαιὼνιος,</span> <span class='ocrx_word' id='word_1_901' title='bbox 2597 5136 2694 5191; x_wconf 74' lang='grc' dir='ltr'>καὶ</span> <span class='ocrx_word' id='word_1_902' title='bbox 2725 5136 2814 5190; x_wconf 77' lang='grc' dir='ltr'>ἀεὶ</span> <span class='ocrx_word' id='word_1_903' title='bbox 2865 5136 3127 5200; x_wconf 82' lang='grc' dir='ltr'>ὡσαύτως</span> <span class='ocrx_word' id='word_1_904' title='bbox 3174 5135 3398 5207; x_wconf 77' lang='grc' dir='ltr'>ἔχουσα.</span> <span class='ocrx_word' id='word_1_905' title='bbox 3435 5137 3736 5208; x_wconf 81' lang='grc' dir='ltr'>’Δτρεπτδν</span> 
     </span>
    </p>
   </div>
   <div class='ocr_carea' id='block_1_122' title="bbox 2155 5226 3738 5301">
    <p class='ocr_par' dir='ltr' id='par_1_122' title="bbox 2155 5226 3738 5301">
     <span class='ocr_line' id='line_1_125' title="bbox 2155 5226 3738 5301; baseline 0.001 -21"><span class='ocrx_word' id='word_1_906' title='bbox 2155 5228 2262 5296; x_wconf 87' lang='grc' dir='ltr'><strong>γὰρ</strong></span> <span class='ocrx_word' id='word_1_907' title='bbox 2292 5228 2354 5280; x_wconf 81' lang='grc' dir='ltr'>τὸ</span> <span class='ocrx_word' id='word_1_908' title='bbox 2401 5226 2544 5281; x_wconf 88' lang='grc' dir='ltr'>θεῖον</span> <span class='ocrx_word' id='word_1_909' title='bbox 2591 5227 2736 5282; x_wconf 88' lang='grc' dir='ltr'><strong>κατά</strong></span> <span class='ocrx_word' id='word_1_910' title='bbox 2779 5229 2979 5292; x_wconf 84' lang='grc' dir='ltr'>πάντα,</span> <span class='ocrx_word' id='word_1_911' title='bbox 3007 5228 3102 5282; x_wconf 77' lang='grc' dir='ltr'>καὶ</span> <span class='ocrx_word' id='word_1_912' title='bbox 3143 5229 3246 5281; x_wconf 84' lang='grc' dir='ltr'><strong>οὐκ</strong></span> <span class='ocrx_word' id='word_1_913' title='bbox 3305 5226 3454 5282; x_wconf 73' lang='grc' dir='ltr'>ἔστιν</span> <span class='ocrx_word' id='word_1_914' title='bbox 3479 5229 3538 5280; x_wconf 73' lang='grc' dir='ltr'><strong>έν</strong></span> <span class='ocrx_word' id='word_1_915' title='bbox 3577 5229 3738 5301; x_wconf 73' lang='grc' dir='ltr'>αὐτῷ</span> 
     </span>
    </p>
   </div>
   <div class='ocr_carea' id='block_1_123' title="bbox 2159 5318 3732 5392">
    <p class='ocr_par' dir='ltr' id='par_1_123' title="bbox 2159 5318 3732 5392">
     <span class='ocr_line' id='line_1_126' title="bbox 2159 5318 3732 5392; baseline 0.003 -22"><span class='ocrx_word' id='word_1_916' title='bbox 2159 5318 2455 5391; x_wconf 77' lang='grc' dir='ltr'>μεταϐολὴ,</span> <span class='ocrx_word' id='word_1_917' title='bbox 2489 5320 2522 5390; x_wconf 82' lang='grc' dir='ltr'>ἢ</span> <span class='ocrx_word' id='word_1_918' title='bbox 2575 5322 2786 5392; x_wconf 79' lang='grc' dir='ltr'>τροπῆς</span> <span class='ocrx_word' id='word_1_919' title='bbox 2814 5319 3192 5388; x_wconf 85' lang='grc' dir='ltr'>ἀποσκίασμα.</span> <span class='ocrx_word' id='word_1_920' title='bbox 3221 5319 3439 5383; x_wconf 85' lang='grc' dir='ltr'>Ταύτας</span> <span class='ocrx_word' id='word_1_921' title='bbox 3460 5319 3560 5384; x_wconf 78' lang='grc' dir='ltr'><strong>τὰς</strong></span> <span class='ocrx_word' id='word_1_922' title='bbox 3584 5321 3732 5374; x_wconf 80' lang='grc' dir='ltr'>είκό·</span> 
     </span>
    </p>
   </div>
   <div class='ocr_carea' id='block_1_124' title="bbox 2155 5412 3727 5484">
    <p class='ocr_par' dir='ltr' id='par_1_124' title="bbox 2155 5412 3727 5484">
     <span class='ocr_line' id='line_1_127' title="bbox 2155 5412 3727 5484; baseline 0.001 -21"><span class='ocrx_word' id='word_1_923' title='bbox 2155 5429 2254 5476; x_wconf 87' lang='grc' dir='ltr'><strong>νας</strong></span> <span class='ocrx_word' id='word_1_924' title='bbox 2299 5413 2393 5466; x_wconf 57' lang='grc' dir='ltr'><strong>καὶ⁵</strong></span> <span class='ocrx_word' id='word_1_925' title='bbox 2447 5412 2515 5465; x_wconf 89' lang='grc' dir='ltr'><strong>τά</strong></span> <span class='ocrx_word' id='word_1_926' title='bbox 2569 5412 3012 5484; x_wconf 77' lang='grc' dir='ltr'>παραδείγματα,</span> <span class='ocrx_word' id='word_1_927' title='bbox 3064 5413 3436 5482; x_wconf 84' lang='grc' dir='ltr'>προορισμοὺς</span> <span class='ocrx_word' id='word_1_928' title='bbox 3482 5413 3650 5483; x_wconf 70' lang='grc' dir='ltr'>φησὶν</span> <span class='ocrx_word' id='word_1_929' title='bbox 3697 5415 3727 5465; x_wconf 83' lang='lat'><strong>6</strong></span> 
     </span>
    </p>
   </div>
   <div class='ocr_carea' id='block_1_125' title="bbox 2162 5502 3728 5628">
    <p class='ocr_par' dir='ltr' id='par_1_125' title="bbox 2162 5502 3728 5628">
     <span class='ocr_line' id='line_1_128' title="bbox 2162 5502 3728 5628; baseline 0.001 -70"><span class='ocrx_word' id='word_1_930' title='bbox 2162 5504 2317 5571; x_wconf 76' lang='grc' dir='ltr'>ἅγιος</span> <span class='ocrx_word' id='word_1_931' title='bbox 2339 5503 2637 5628; x_wconf 50' lang='grc' dir='ltr'>Διονύσιοῗ</span> <span class='ocrx_word' id='word_1_932' title='bbox 2665 5506 2695 5558; x_wconf 93' lang='lat'><strong>6</strong></span> <span class='ocrx_word' id='word_1_933' title='bbox 2723 5505 2890 5569; x_wconf 82' lang='grc' dir='ltr'>πολὺς</span> <span class='ocrx_word' id='word_1_934' title='bbox 2911 5503 2982 5559; x_wconf 81' lang='grc' dir='ltr'><strong>τὰ</strong></span> <span class='ocrx_word' id='word_1_935' title='bbox 3012 5502 3131 5557; x_wconf 84' lang='grc' dir='ltr'>θεῖα</span> <span class='ocrx_word' id='word_1_936' title='bbox 3155 5543 3171 5570; x_wconf 91' lang='grc'><strong>,</strong></span> <span class='ocrx_word' id='word_1_937' title='bbox 3202 5505 3296 5558; x_wconf 80' lang='grc' dir='ltr'>καὶ</span> <span class='ocrx_word' id='word_1_938' title='bbox 3336 5506 3477 5578; x_wconf 87' lang='grc' dir='ltr'><strong>μετά</strong></span> <span class='ocrx_word' id='word_1_939' title='bbox 3497 5503 3634 5558; x_wconf 89' lang='grc' dir='ltr'>Θεοῦ</span> <span class='ocrx_word' id='word_1_940' title='bbox 3660 5503 3728 5559; x_wconf 72' lang='grc' dir='ltr'>τὰ</span> 
     </span>
    </p>
   </div>
   <div class='ocr_carea' id='block_1_126' title="bbox 551 5621 3727 5735">
    <p class='ocr_par' dir='ltr' id='par_1_126' title="bbox 551 5621 3727 5735">
     <span class='ocr_line' id='line_1_129' title="bbox 551 5621 3727 5735; baseline 0.001 -18"><span class='ocrx_word' id='word_1_941' title='bbox 551 5662 600 5735; x_wconf 61' lang='lat' dir='ltr'><strong>ff</strong></span> <span class='ocrx_word' id='word_1_942' title='bbox 625 5662 861 5733; x_wconf 85' lang='lat' dir='ltr'><strong>Philipp.</strong></span> <span class='ocrx_word' id='word_1_943' title='bbox 904 5682 962 5730; x_wconf 88' lang='lat' dir='ltr'><strong>ll,</strong></span> <span class='ocrx_word' id='word_1_944' title='bbox 986 5667 1040 5721; x_wconf 86' lang='lat'><em>6.</em></span> <span class='ocrx_word' id='word_1_945' title='bbox 1143 5665 1187 5699; x_wconf 84' lang='lat'><strong>&quot;</strong></span> <span class='ocrx_word' id='word_1_946' title='bbox 1217 5666 1348 5721; x_wconf 84' lang='lat' dir='ltr'><strong>ibid.</strong></span> <span class='ocrx_word' id='word_1_947' title='bbox 1427 5667 1470 5698; x_wconf 80' lang='lat'><strong>&#39;°</strong></span> <span class='ocrx_word' id='word_1_948' title='bbox 1495 5666 1611 5730; x_wconf 82' lang='lat' dir='ltr'><strong>[mo</strong></span> <span class='ocrx_word' id='word_1_949' title='bbox 1637 5665 1775 5722; x_wconf 85' lang='lat' dir='ltr'><strong>ﬁlios</strong></span> <span class='ocrx_word' id='word_1_950' title='bbox 1799 5662 1958 5718; x_wconf 80' lang='lat' dir='ltr'><strong>lleth.</strong></span> <span class='ocrx_word' id='word_1_951' title='bbox 1993 5663 2125 5719; x_wconf 81' lang='lat' dir='ltr'><strong>Gen.</strong></span> <span class='ocrx_word' id='word_1_952' title='bbox 2159 5678 2315 5729; x_wconf 85' lang='lat' dir='ltr'><strong>xxm,</strong></span> <span class='ocrx_word' id='word_1_953' title='bbox 2355 5665 2407 5735; x_wconf 86' lang='lat'><strong>7.</strong></span> <span class='ocrx_word' id='word_1_954' title='bbox 2437 5664 2560 5724; x_wconf 78' lang='lat' dir='ltr'><strong>Vid.</strong></span> <span class='ocrx_word' id='word_1_955' title='bbox 2874 5666 2940 5730; x_wconf 74' lang='lat' dir='ltr'><strong>lQ</strong></span> <span class='ocrx_word' id='word_1_956' title='bbox 3010 5669 3052 5702; x_wconf 77' lang='grc'>³⁸</span> <span class='ocrx_word' id='word_1_957' title='bbox 3079 5667 3290 5726; x_wconf 87' lang='lat' dir='ltr'><strong>Coloss.</strong></span> <span class='ocrx_word' id='word_1_958' title='bbox 3320 5682 3360 5735; x_wconf 85' lang='grc' dir='ltr'><strong>ι,</strong></span> <span class='ocrx_word' id='word_1_959' title='bbox 3398 5665 3455 5721; x_wconf 77' lang='lat'><strong>2.</strong></span> <span class='ocrx_word' id='word_1_960' title='bbox 3529 5664 3575 5699; x_wconf 83' lang='grc'><em>³³</em></span> <span class='ocrx_word' id='word_1_961' title='bbox 3603 5661 3727 5722; x_wconf 75' lang='lat' dir='ltr'><strong>Jac.</strong></span> 
     </span>
    </p>
   </div>
   <div class='ocr_carea' id='block_1_127' title="bbox 479 5731 2696 5806">
    <p class='ocr_par' dir='ltr' id='par_1_127' title="bbox 479 5731 2696 5806">
     <span class='ocr_line' id='line_1_130' title="bbox 479 5731 2696 5806; baseline 0.002 -21"><span class='ocrx_word' id='word_1_962' title='bbox 479 5745 518 5791; x_wconf 83' lang='grc' dir='ltr'><strong>ι,</strong></span> <span class='ocrx_word' id='word_1_963' title='bbox 547 5731 630 5787; x_wconf 80' lang='lat' dir='ltr'><strong>f7.</strong></span> <span class='ocrx_word' id='word_1_964' title='bbox 708 5731 927 5804; x_wconf 41' lang='lat' dir='ltr'><strong>“_Cap.</strong></span> <span class='ocrx_word' id='word_1_965' title='bbox 949 5737 980 5792; x_wconf 64' lang='grc' dir='ltr'><strong>Β)</strong></span> <span class='ocrx_word' id='word_1_966' title='bbox 1010 5736 1085 5790; x_wconf 86' lang='lat' dir='ltr'><strong>De</strong></span> <span class='ocrx_word' id='word_1_967' title='bbox 1113 5737 1216 5790; x_wconf 81' lang='lat' dir='ltr'><strong>diu.</strong></span> <span class='ocrx_word' id='word_1_968' title='bbox 1250 5753 1389 5790; x_wconf 85' lang='lat' dir='ltr'><strong>nam.</strong></span> <span class='ocrx_word' id='word_1_969' title='bbox 1421 5735 1573 5791; x_wconf 83' lang='lat' dir='ltr'><strong>Dam.</strong></span> <span class='ocrx_word' id='word_1_970' title='bbox 1617 5737 1708 5792; x_wconf 86' lang='lat' dir='ltr'><strong>lib.</strong></span> <span class='ocrx_word' id='word_1_971' title='bbox 1745 5753 1757 5789; x_wconf 85' lang='grc' dir='ltr'><strong>ι</strong></span> <span class='ocrx_word' id='word_1_972' title='bbox 1793 5735 1866 5788; x_wconf 85' lang='lat' dir='ltr'><strong>De</strong></span> <span class='ocrx_word' id='word_1_973' title='bbox 1895 5735 1996 5804; x_wconf 76' lang='lat' dir='ltr'><strong>ﬁde</strong></span> <span class='ocrx_word' id='word_1_974' title='bbox 2034 5735 2169 5788; x_wconf 69' lang='lat' dir='ltr'><strong>erili.</strong></span> <span class='ocrx_word' id='word_1_975' title='bbox 2204 5750 2322 5806; x_wconf 79' lang='lat' dir='ltr'><strong>cap.</strong></span> <span class='ocrx_word' id='word_1_976' title='bbox 2366 5734 2448 5790; x_wconf 88' lang='lat' dir='ltr'><strong>l0.</strong></span> <span class='ocrx_word' id='word_1_977' title='bbox 2611 5751 2696 5772; x_wconf 53' lang='grc' dir='ltr'><strong>εκ·-</strong></span> 
     </span>
    </p>
   </div>
   <div class='ocr_carea' id='block_1_128' title="bbox 3215 5839 3732 5914">
    <p class='ocr_par' dir='ltr' id='par_1_128' title="bbox 3215 5839 3732 5914">
     <span class='ocr_line' id='line_1_131' title="bbox 3215 5839 3732 5914; baseline 0.008 -18"><span class='ocrx_word' id='word_1_978' title='bbox 3442 5845 3570 5910; x_wconf 57' lang='grc' dir='ltr'><strong>νωᾱ.</strong></span> <span class='ocrx_word' id='word_1_979' title='bbox 3627 5841 3732 5914; x_wconf 72' lang='lat' dir='ltr'><strong>‘,I._.</strong></span> 
     </span>
    </p>
   </div>
  </div>
