3926 6292
1551 0 1710 40 πρίει
1767 0 1896 38 ειη-ν
2031 29 2038 36 .
2798 28 2828 40 τ
2949 15 2953 30 ι
3207 19 3214 26 .

1575 2 1710 38 [ές-ιθ
1767 2 1896 38 5H"
2031 29 2038 36 .
2798 28 2828 40 κ-
2949 15 2953 30 ι
3207 19 3209 26 λ

1602 37 1908 96 ,τήμυ-(γ.
1967 53 2078 96 Ἂν·-
2139 55 2491 96 vss'};vh-"-.‘:I‘o
2565 65 2644 92 ι-ιξ
2683 61 2827 87 δι’.οι
2896 55 3059 90 (ιιι-ιε
3129 39 3209 72 ⁵³³·

3286 39 3370 96 Cit!

2129 124 2140 150 Δ
2177 101 2296 158 Ἡνιλ
2351 109 2545 166 λημίκυνι
2579 119 2648 174 ’δέ
2673 149 2699 174 ,ν
2744 110 2852 166 ἷωιμ
2885 109 3094 170 Irim-auls
3139 110 3411 195 ’ξιλρψὶμζ

2181 189 2225 242 ’ῖδῖ
2271 183 2598 242 ῐὶνρσίίίίὶὶιθυ
2637 227 2640 230 ν
2673 213 2684 234 ⁸
2724 201 2754 232 ι’
2781 205 2882 240 flia.-
2913 189 2935 229 "
2979 193 3082 242 ﬁtted
3213 186 3358 242 θλίψι-

3213 186 3358 243 sint
3373 214 3390 236 .
3402 227 3442 240 ν

630 1 1006 72 ‘..1‘\:.|‘.)
1076 17 1450 54 ἰίέ.)’ἱιδι1;(ὶδ

841 76 846 78 ’
911 65 1054 132 ῃ,1;ι
1101 71 1192 116 αι)
1247 68 1307 116 tl.
1348 65 1498 132 ιτιζΙι-ὲεει
1554 77 1638 132 ΓΗ.
1679 69 1908 132 ³⁴ΔἚἝὛΙὶ¹
1941 115 1966 132 Α,

1213 115 1382 176 μιξίῑ
1427 115 1570 180 (Ξξόῷ
1615 130 1746 170 “Ani.
1810 136 1824 174 '-.
1859 115 2020 160 0'4""-

897 215 973 278 μ),
1007 201 1116 258 ξ’μυυ
1151 233 1181 253 ν.
1221 215 1318 260 “LO
1388 219 1504 252 I‘Jv)
1546 223 1688 266 1th..”
1825 199 1932 256 “’t,’

2929 189 2935 202 Ι

2213 212 2225 246 :
2271 183 2598 257 necuit/«iw!
2637 227 2640 230 ν
2673 213 2684 234 ⁸
2724 185 2882 254 ίί-ι·
2913 189 2935 229 ”
2979 193 3082 248 κίε-καί
3113 196 3164 274 ενι

415 331 418 334 ’
460 375 600 442 1243
1565 374 1628 436 s.
1663 372 2050 440 JOANNISI

2152 373 2453 438 JASCENI
3605 356 3758 424 [2“

401 509 404 512 ~
458 487 529 542 lis
562 481 853 554 insculpsit
879 479 946 547 ⁸⁸,
980 493 1046 536 ac
1075 477 1347 546 virorum,
1393 490 1539 550 quos
1569 479 1776 536 charos
1821 479 2039 547 habuit,

2152 479 2428 552 ιίσθητῆς,
2462 477 2540 542 ὡς
2569 475 2671 544 τὴν
2700 473 2940 545 στάμνον
2982 473 3080 528 καὶ
3100 469 3202 543 τὴν
3225 468 3422 543 ῥάϐδον
3445 468 3600 542 έντῇ
3645 489 3754 525 κι-

458 565 630 632 vitani
683 571 882 628 litteris
931 568 1180 625 mandari
1237 570 1534 641 pracepit;
1592 579 1708 626 tum
1764 585 1889 642 qua:
1943 584 2043 642 per

459 666 778 724 sensibilem
818 663 1327 721 considerationem
1375 663 1654 736 pmterita
1687 671 1910 720 revocat
1931 677 1948 694 ’
1980 670 2042 718 ut

459 773 587 814 cum
623 757 680 812 in
723 769 966 829 perenne
999 755 1393 812 monimentum
1443 770 1666 821 urnam,
1720 754 2042 826 virgamque

461 849 520 905 in
578 863 708 905 arca
759 849 954 920 reponi
1001 849 1193 920 jussit.
1249 848 1344 904 Sic
1393 863 1542 904 nunc
1590 849 1764 904 etiam
1817 846 2039 902 illorum

460 941 556 1013 qui
599 951 723 997 ante
756 943 1132 1013 exstiterunt"
1171 948 1288 996 tum
1336 940 1629 1013 imagines,
1663 947 1782 995 tum
1809 939 2048 994 virtutes

463 1032 856 1089 describimus.
910 1035 1019 1088 Aut
1073 1033 1243 1102 igitur
1290 1047 1456 1089 omne
1510 1047 1683 1104 genus
1742 1029 2046 1100 imaginum

463 1126 615 1193 tolle,
650 1136 818 1198 atque
864 1127 1136 1184 adversus
1155 1141 1306 1194 eum,
1328 1125 1426 1196 qui
1463 1125 1590 1182 illas
1616 1123 1734 1180 fleri
1763 1120 2048 1194 precepit,

2147 571 2306 643 ϐωτῷ
2341 569 2566 640 τεθῆναι
2628 562 2968 638 προσέταξεν
3013 564 3095 626 εἰς
3153 561 3524 632 μνημόσυνον.
3565 559 3752 616 Οὕτω

2146 663 2242 717 καὶ
2270 660 2368 716 νῦν
2398 659 2502 724 τάς
2524 657 2747 721 εἰκόνας
2783 653 2893 709 τῶν
2923 651 3250 724 γεγονότων,
3277 651 3378 705 καί
3395 652 3498 716 τὰς
3521 652 3750 724 ἀρετάς

2145 751 2545 824 διαγράφομεν.
2595 749 2667 802 Ἦ
2713 746 2895 802 τοίνυν
2937 747 3123 800 πᾶσαν
3175 742 3366 798 εἰκόνα
3408 743 3602 809 ἄνελε,
3635 743 3748 798 καὶ

2146 841 2554 914 ἀντινομοθέτει
2573 839 2655 912 τῷ
2699 838 2901 903 ταύτας
2948 835 3314 908 προστάξαντι
3339 835 3615 905 γενέσθαι.
3662 837 3743 889 Ἥ

2144 935 2386 1006 ἑκάστην
2416 932 2572 1004 δέχου
2598 970 2614 996 ,
2647 931 2789 1010 κατά
2843 930 2937 984 τὸν
2968 927 3178 1001 ἑκάστῃ
3227 927 3503 999 πρέποντα
3553 927 3742 996 λόγον

2144 1027 2241 1080 καί
2291 1025 2517 1098 τρόπον.
2551 1024 2811 1087 Εἰπόντες
2842 1021 3024 1076 τοίνυν
3055 1020 3186 1084 τοὺς
3218 1019 3319 1091 τῆς
3353 1019 3562 1084 εἰκόνος
3593 1020 3734 1090 τρό-

2143 1132 2302 1183 πους,
2332 1115 2578 1187 είπωμεν
2601 1114 2699 1170 καὶ
2729 1115 2860 1185 περὶ
2887 1113 3334 1184 προσκυνήσεως.

463 1222 614 1292 leges
632 1229 834 1287 statue,
860 1230 952 1278 aut
977 1222 1228 1293 singulas
1255 1221 1416 1292 juxta
1445 1221 1716 1277 rationem
1735 1233 1800 1274 ac
1819 1216 2044 1273 modum
2082 1211 2386 1281 unicuique
2422 1211 2838 1267 convenientem
2866 1209 3110 1280 suscipe.
3137 1207 3277 1264 Cum
3340 1206 3532 1279 itaque
3587 1208 3733 1263 ima-

466 1313 654 1385 ginum
686 1313 836 1368 varia
866 1315 1290 1384 exposuerimus
1318 1326 1542 1383 genera,
1570 1312 1846 1382 reliquum
1871 1318 1958 1366 est
1982 1315 2042 1364 ut
2075 1304 2145 1362 de
2172 1301 2496 1359 adoratione
2523 1302 2688 1357 verba
2719 1301 3012 1357 faciamus.

536 1405 625 1460 14.
656 1404 920 1460 Adoratio
944 1415 1028 1462 est
1052 1405 1303 1477 obsequii
1328 1420 1392 1460 ac
1423 1405 1747 1462 reverentia:
1779 1403 1998 1474 signum
2027 1419 2042 1456 :

465 1502 632 1565 atque
673 1493 837 1563 hujus
865 1492 1044 1549 varios
1079 1492 1271 1550 modos
1314 1493 1592 1549 novimus.
1643 1491 1804 1546 Prior
1841 1505 1906 1546 ea
1937 1500 2041 1558 est,

467 1599 631 1656 quam
665 1599 763 1655 per
792 1584 1006 1638 latriam
1036 1583 1146 1640 Deo
1176 1585 1280 1642 soli
1315 1594 1511 1655 suapte
1546 1592 1743 1639 natura
1765 1582 2046 1648 adorando

466 1675 815 1732 exhibemus.
867 1676 1022 1730 Hanc
1067 1676 1321 1748 sequitur
1371 1678 1568 1741 altera,
1602 1691 1766 1748 quam
1820 1683 2046 1747 propter

2219 1395 2302 1450 t6’.
2349 1395 2415 1449 Ἦ
2451 1393 2822 1465 προσκύνησις
2885 1393 3257 1457 ὐποπτώσεως
3291 1391 3388 1447 καὶ
3410 1393 3580 1470 τιμῆς
3609 1391 3729 1445 ἔστι

2148 1473 2419 1558 σύμϐολον
2442 1503 2457 1520 ·
2491 1486 2589 1540 καὶ
2608 1487 2814 1556 ταύτης
2843 1481 3136 1556 διαφόρους
3167 1477 3427 1555 ἔγνωμεν
3451 1483 3728 1554 τρόπους·

2146 1579 2394 1653 πρώτην,
2439 1577 2539 1651 τὴν
2591 1576 2735 1631 κατὰ
2768 1576 3047 1648 λατρείαν,
3075 1577 3142 1647 ἢν
3189 1577 3544 1646 προσάγομεν
3576 1577 3729 1647 μόνῳ

2143 1671 2223 1744 τῷ
2275 1670 2436 1742 φύσει
2481 1667 2847 1741 προσκυνητῷ
2891 1667 3032 1739 Θεῷ.
3075 1667 3470 1739 Ἐπειτα,τὴν
3515 1667 3608 1721 διὰ
3635 1667 3731 1722 τὸν

469 1769 764 1840 ipsummet
801 1767 970 1824 Deum
1003 1770 1098 1838 qui
1139 1777 1338 1824 natura
1379 1769 1533 1825 solus
1577 1769 1894 1824 adorandus
1931 1774 2042 1833 est,

2152 1763 2308 1834 φύσει
2351 1762 2731 1835 προσκυνητὸν
2761 1760 2896 1816 Θεὸν
2935 1760 3365 1833 προσαγομένην
3397 1763 3511 1824 τοῖς
3555 1762 3729 1815 αὐτοῦ

469 1860 664 1916 amicis
697 1860 873 1930 ipsius
907 1875 972 1916 ac
999 1860 1219 1917 famulis
1245 1869 1604 1932 prtestamus;
1640 1868 1700 1916 ut
1733 1876 1857 1916 cum
1881 1859 2050 1917 Iesus

2152 1856 2323 1926 φίλοις
2355 1854 2454 1910 καί
2485 1855 2842 1927 θεράπουσιν,
2876 1853 2953 1918 ὡς
2983 1852 3062 1925 τῷ
3087 1852 3308 1924 ἀγγέλῳ
3339 1853 3550 1923 Ἰησοῦς
3571 1854 3601 1906 6
3631 1852 3728 1908 τοῦ

469 1950 618 2008 Nave
652 1951 818 2017 illius,
853 1959 908 2007 et
948 1951 1138 2009 Daniel
1178 1954 1433 2024 angelum
1489 1954 1863 2010 adoraverunt
1905 1972 1920 2009 :
1959 1953 2048 2010 vel
2089 2015 2110 2040 ί

471 2044 607 2100 locis
633 2043 727 2099 Dei
758 2045 1051 2115 prmsentia
1075 2046 1286 2111 sacris;
1317 2046 1482 2102 sicuti
1517 2046 1685 2101 David
1716 2047 1826 2102 ait:
1857 2063 1876 2098 ι
1900 2045 2060 2102 Δόοξ·

471 2147 657 2190 remus
687 2134 744 2189 in
788 2135 934 2202 loco,
965 2135 1060 2191 ubi
1113 2144 1388 2192 steterunt
1421 2136 1587 2208 pedes
1625 2137 1750 2208 ejus
1776 2138 1853 2204 ³⁹;
1885 2155 1906 2190 ι
1959 2137 2048 2193 vel

471 2227 640 2284 rebus
673 2225 777 2298 ipsi
804 2228 1177 2295 consecratis;
1209 2236 1268 2284 ut
1290 2229 1474 2284 omnis
1492 2228 1660 2284 Israel
1684 2229 2047 2285 tabernaculo
2077 2223 2098 2258 λ

470 2319 817 2390 procidebat,
855 2336 920 2378 ac
955 2321 1010 2376 in
1052 2321 1289 2378 circuitu
1319 2320 1806 2394 Hierosolymitani
1857 2322 2046 2393 templi

468 2419 702 2478 stantes,
729 2411 1089 2483 vultibusque
1111 2413 1178 2468 d
1204 2414 1385 2485 ipsum
1404 2414 1583 2471 versis
1603 2414 1670 2470 ad
1707 2415 1852 2470 hunc
1874 2430 2048 2487 usque

468 2501 614 2558 diem
646 2501 879 2558 adorant
911 2521 924 2557 :
958 2504 1044 2558 vel
1080 2503 1425 2574 principibus
1463 2504 1532 2559 ab
1565 2504 1686 2575 ipso
1716 2505 1952 2573 creatis;
1986 2512 2047 2560 ut

469 2592 660 2662 Jacob,
691 2605 808 2651 tum
835 2594 979 2651 Esau
1005 2596 1230 2651 fratrem
1270 2611 1432 2652 suum
1455 2596 1526 2666 δ’,
1552 2595 1666 2652 Deo
1695 2598 1770 2652 ita
1805 2599 2044 2665 volente,

472 2684 923 2754 primogenitum,
963 2693 1076 2740 tum
1110 2684 1448 2742 Pharaonem
1483 2687 1844 2744 constitutum
1876 2703 1906 2743 a
1935 2687 2047 2744 Deo

472 2773 780 2844 principem
842 2775 1130 2841 adoravit;
1199 2775 1444 2846 itemque
1513 2776 1675 2848 313
1745 2777 2047 2849 Josephum

472 2865 763 2936 ipsiusmet
817 2867 1041 2924 fratres.
1100 2866 1238 2924 Novi
1295 2883 1519 2940 quoque
1578 2870 1808 2927 honoris
1869 2871 2046 2928 mutui

469 2957 648 3026 gratia
682 2956 1065 3014 adorationem
1111 2958 1360 3013 adhiberi
1390 2958 1458 3026 δι,
1506 2959 1730 3030 qualem
1770 2961 2047 3016 Abraham

474 3046 602 3101 liliis
623 3047 848 3102 Emmor
865 3047 1113 3103 exhibuit
1135 3047 1334 3103 “.‘Aut
1356 3063 1488 3120 ergo
1503 3064 1722 3105 omnem
1737 3050 1894 3108 aufer
1915 3054 2048 3109 ado-

2145 1949 2325 2020 Ναυῆ,
2343 1948 2438 2001 καὶ⁹
2460 1946 2658 2018 Δανιὴλ
2687 1945 3108 2018 προσεκύνησαν
3128 1963 3144 1980 ο
3162 1945 3194 2018 ἢ
3213 1949 3326 2010 τοῖς
3354 1945 3488 2000 Θεοῦ
3515 1947 3727 2013 τόπος,

2121 2031 2221 2104 ’ὥς
2256 2057 2423 2112 φησιν
2455 2042 2484 2095 6
2510 2039 2709 2094 Δαϐίδ’
2744 2057 2764 2092 ι
2805 2039 3284 2122 ῌροσκυνήσωμεν
3318 2040 3399 2103 εἰς
3422 2039 3514 2092 τὸν
3533 2041 3727 2108 τόπον,

2131 2128 2474 2216 Βῦᾑέστησαν
2520 2134 2570 2186 οἰ
2604 2132 2766 2196 πόδες
2798 2129 2963 2186 αὑτοῦ
2983 2147 2998 2163 ⁸
3035 2134 3270 2196 καὶτοῖς
3304 2133 3471 2188 αὑτοῦ
3515 2134 3730 2207 άναθίι-
3809 2203 3816 2208 ξ

2149 2215 2333 2302 μασιν,
2368 2226 2445 2290 ὡς
2471 2226 2620 2290 ἅπας
2647 2224 2926 2310 όζίσραὴλ
2963 2226 3032 2296 τῇ
3058 2227 3230 2297 σκηνῇ
3261 2225 3612 2296 προσεκύνει,
3633 2226 3735 2280 καὶ
3833 2273 3838 2290 ,

2144 2320 2224 2392 τῷ
2254 2321 2313 2373 έν
2367 2307 2867 2389 Ἰερουσαλὴμναῷ
2916 2315 3102 2388 κύκλῳ
3153 2317 3423 2382 ἑστῶτες,
3455 2319 3550 2370 καὶ
3588 2319 3732 2389 πρὸς

2145 2411 2277 2468 αὐτὸ
2306 2409 2680 2480 ἁπανταχόθεν
2701 2408 2937 2480 ὁρῶντες
2969 2409 3064 2462 καὶ
3094 2408 3530 2479 προσκυνοῦντες
3556 2410 3732 2464 εἰσέτι

2146 2504 2242 2560 καὶ
2275 2489 2433 2588 νῦρῆ
2455 2505 2568 2567 τοῖς
2606 2501 2700 2556 ὑπ’
2736 2500 2902 2556 αὑτοῦ
2942 2502 3409 2573 χειροτονηθεῖσιν
3442 2504 3733 2574 ἄρχουσιν,

2145 2595 2222 2659 ὡς
2254 2592 2448 2648 Ἰακὼϐ
2489 2592 2568 2664 τῷ
2597 2609 2658 2647 τε
2693 2590 2866 2646 Ἡσαῦ
2891 2632 2906 2657 ,
2941 2591 3018 2656 ὡς
3043 2593 3461 2666 προγενεστέρῳ
3509 2595 3737 2668 ἀδελφῷ

2147 2686 2254 2742 ὑπὸ
2272 2685 2408 2739 Θεοῦ
2439 2683 2743 2756 γενομένῳ,
2780 2684 2876 2738 καὶ
2920 2684 3124 2754 Φαραὼ
3161 2684 3266 2738 ὑπὸ
3312 2685 3450 2738 Θεοῦ
3480 2704 3735 2758 χειροτο-

2147 2779 2364 2848 νηθέντι
2417 2778 2640 2849 ἄρχοντι
2665 2793 2678 2808 ⁸
2711 2776 2806 2832 καὶ
2828 2775 2906 2848 τῷ
2940 2777 3162 2847 Ἰωσὴφ,
3194 2779 3242 2830 οἰ
3271 2776 3436 2831 αὐτοῦ
3477 2778 3730 2848 ἀδελφοί.

2148 2864 2280 2923 υἰδα
2315 2868 2580 2924 καὶκατὰ
2625 2867 2791 2940 τιμὴν
2824 2867 2922 2940 τὴν
2965 2854 3103 2939 πρὸς
3132 2868 3397 2938 ἀλλήλους
3417 2869 3737 2940 προσκύνηο

2149 2978 2260 3024 σιν,
2282 2961 2360 3024 ὡς
2405 2959 2656 3031 ’Δϐραὰμ
2701 2961 2814 3023 τοῖς
2845 2959 2984 3023 υίοῖς
3023 2958 3280 3031 Ἐμμώρ.
3312 2961 3385 3013 ’Ἡ
3413 2960 3596 3014 τοίνυν
3617 2961 3735 3013 πᾶ-

2149 3067 2250 3105 σαν
2301 3052 2672 3124 προσκύνησιν
2705 3051 2895 3116 ἄνελε,
2933 3050 2966 3122 ἢ
3024 3051 3205 3118 πάσας
3239 3051 3421 3124 δέχου,
3462 3052 3602 3124 μετὰ
3629 3051 3736 3106 τοῦ

474 3138 766 3204 rationem,
807 3146 904 3194 aut
942 3154 1161 3196 omnem
1198 3139 1432 3198 admitte
1474 3156 1601 3198 cum
1641 3143 1826 3200 debita
1861 3151 2046 3202 tamen

2152 3143 2455 3212 ὀφείλοντος
2476 3144 2638 3214 λόγου
2672 3143 2770 3199 καὶ
2794 3143 3022 3216 τρόπου.

472 3228 691 3287 ratione
727 3245 792 3286 ac
832 3231 1019 3288 modo.

545 3321 634 3376 15.
666 3318 738 3375 At
765 3335 898 3376 vero
932 3320 1066 3376 mihi
1101 3321 1254 3378 dicas
1287 3322 1491 3378 velim:
1520 3337 1706 3380 nonne
1740 3321 1883 3380 Deus
1907 3340 2052 3384 unus

473 3410 619 3466 Deus
654 3410 779 3466 est?
810 3409 954 3466 Deus
995 3412 1275 3482 equidem,
1317 3412 1560 3483 inquies,
1602 3423 1661 3468 ut
1703 3429 1853 3479 reor,
1905 3431 2052 3473 unus

471 3511 560 3557 est
583 3500 677 3572 qui
701 3502 874 3571 legem
901 3503 1105 3558 sanxit.
1131 3501 1320 3570 Quid?
1343 3503 1633 3558 Contraria
1667 3507 1890 3561 sanxit?
1913 3505 2051 3562 Nam

472 3601 628 3647 extra
657 3601 971 3647 creatarum
997 3608 1186 3648 rerum
1220 3609 1515 3650 numerum
1546 3610 1660 3652 non
1689 3605 1822 3654 sunt
1843 3598 2053 3654 Cheru-

476 3684 587 3739 bim
621 3682 690 3741 “.
746 3682 928 3739 Eccur
977 3699 1112 3755 ergo
1165 3686 1452 3742 hominum
1508 3703 1675 3744 manu
1736 3689 2055 3748 fabrefactis

474 3773 776 3829 Cherubim
799 3774 1122 3832 obumbrari
1146 3778 1594 3849 prapitiatorium
1621 3779 1818 3852 jubet?
1853 3784 2054 3840 Annon

474 3864 606 3933 quia
642 3865 756 3932 Dei,
793 3875 978 3938 utpote
1012 3869 1108 3941 qui
1153 3870 1475 3928 nullatenus
1519 3874 1912 3932 circumscribi
1953 3891 2056 3934 nec

477 3959 861 4026 repraesentari
903 3967 1108 4030 potest,
1156 3959 1338 4030 imago
1369 3961 1481 4017 ulla
1533 3962 1651 4020 fieri
1691 3966 1904 4037 nequit,
1953 3982 2055 4024 nec

478 4049 788 4120 cujuspiam
814 4051 974 4121 quasi
1001 4052 1141 4108 Deus
1173 4051 1264 4119 sit,
1295 4067 1361 4108 ne
1392 4054 1567 4109 latriaa
1585 4055 1770 4112 cultus
1792 4067 2054 4130 tanquam

479 4139 591 4196 Deo
617 4149 889 4198 creaturae
917 4142 1278 4200 attribuatur.
1311 4144 1524 4201 Idcirco
1563 4145 1889 4214 Cherubim,
1926 4150 2056 4220 quia

2226 3328 2310 3378 ιε’.
2339 3322 2479 3392 Λέγε
2529 3338 2622 3393 μοι
2670 3320 2945 3392 ἐρωτῶντι
2979 3335 2995 3352 ο
3046 3313 3130 3384 εἷς
3160 3319 3292 3384 Θεὸς
3343 3323 3372 3376 6
3400 3319 3570 3387 Θεόςς
3598 3321 3732 3390 Ναὶ,

2153 3415 2372 3486 φήσεις,
2401 3413 2478 3478 ὡς
2511 3412 2637 3484 ἐμοὶ
2665 3411 2849 3477 δοκεῖ,
2873 3407 2957 3476 εἷς
2986 3412 3309 3484 νομοθέτης.
3339 3413 3407 3466 Τί
3429 3407 3524 3467 ὥν
3564 3431 3734 3484 νομο-

2153 3506 2300 3561 θετεῖ
2323 3505 2394 3560 τὰ
2422 3503 2642 3559 ἐναντία
2669 3519 2685 3570 ;
2737 3503 2814 3557 Οὐ
2843 3502 2954 3575 γάρ
2983 3502 3088 3568 ἔξω
3113 3503 3216 3573 τῆς
3257 3503 3489 3569 κτίσεως
3516 3505 3588 3558 τὰ
3621 3506 3737 3559 Χε-

2153 3598 2374 3672 ρουϐίμ.
2395 3597 2462 3652 Τί
2485 3592 2578 3652 οῦν
2609 3596 2937 3668 προστάττει
2964 3595 3245 3667 Χερουϐὶμ
3274 3595 3491 3666 γλυπτὰ
3519 3598 3738 3670 ἀνθρὼ-

2142 3709 2273 3746 .πων
2314 3690 2477 3763 χερσὶ
2529 3688 2945 3760 τεκταινόμενα,
2999 3686 3245 3752 σκιάζειν
3277 3687 3338 3742 τὸ
3373 3689 3736 3760 ἰλαστήριονς

2155 3786 2228 3840 Ἣ
2263 3783 2446 3856 δῆλον,
2477 3782 2556 3847 ὡς
2583 3781 2720 3837 Θεοῦ
2758 3781 2880 3854 μὲν,
2905 3780 2982 3846 ὡς
3012 3781 3431 3854 άπεριγράπτου
3458 3781 3556 3836 καὶ
3583 3783 3737 3837 ἀνειη

2153 3876 2359 3931 κάστου
2390 3875 2570 3930 ποιεῖν
2622 3874 2807 3929 εἰκόνα
2857 3873 3162 3946 ἀμήχανον,
3194 3873 3228 3945 ἦ
3277 3891 3424 3938 τινος
3453 3873 3529 3938 ῶς
3563 3873 3737 3941 Θεοῦ,

2155 3966 2244 4022 ἴνα
2271 3966 2347 4038 μὴ
2373 3965 2451 4031 ὡς
2485 3965 2620 4030 Θεὸς
2655 3964 3029 4037 λατρευομένη
3060 3967 3438 4037 προσκυνῆται
3465 3967 3500 4039 ἡ
3529 3965 3737 4030 κτίσις.

2155 4056 2278 4110 Τῶν
2305 4056 2363 4110 δὲ
2400 4054 2706 4128 Χερουϐὶμ,
2759 4055 2836 4119 ὡς
2877 4055 3308 4128 περιγραπτῶν.
3345 4056 3440 4109 καὶ
3483 4055 3562 4127 τῷ
3605 4055 3744 4128 θείῳ

2156 4148 2334 4221 θρόνῳ
2374 4147 2757 4220 δουλοπρεπιῖις
2792 4145 3184 4220 παρεστώτων,
3215 4146 3316 4219 τὴν
3347 4148 3535 4203 εἰκόνα
3573 4165 3742 4222 προσ-

477 4232 895 4306 circumscripta
952 4246 1103 4302 sunt,
1138 4236 1441 4310 divinoque
1497 4239 1638 4295 solio
1672 4239 2050 4298 ministrorum

2155 4242 2341 4296 τάττει
2373 4243 2549 4298 ποιεῖν
2572 4285 2588 4310 ,
2617 4241 3006 4314 δουλοπρεπῶς
3039 4241 3370 4308 σκιάζουσαν
3399 4241 3463 4295 τὸ
3508 4242 3741 4314 ἰλαστή-

479 4339 632 4382 more
668 4327 958 4394 assistunt,
997 4328 1269 4398 imagines
1298 4329 1497 4386 confici
1539 4331 1785 4399 mandat,
1815 4348 1938 4404 qure
1971 4333 2050 4389 fa-

2161 4351 2294 4407 ριον.
2321 4335 2571 4405 Ἔπρεπε
2610 4333 2719 4406 γὰρ
2756 4337 2824 4406 τῇ
2852 4333 3021 4389 εἰκόνι
3063 4334 3172 4388 τῶν
3200 4334 3468 4404 οὐρανίων
3492 4333 3744 4406 λειτουρ-

478 4418 754 4472 mulorum
787 4425 1040 4489 gerentes
1070 4419 1322 4476 habitum
1358 4422 1807 4494 propitiatorium
1858 4427 2050 4483 obum-

2156 4427 2290 4498 γῶν,
2319 4424 2418 4498 τὴν
2450 4425 2636 4480 εἰκόνα
2677 4426 2786 4479 τῶν
2821 4424 2982 4480 θείων
3019 4424 3338 4496 μυστηρίων
3386 4423 3737 4488 σκιάζεσθαι.

479 4508 658 4566 hrent.
691 4509 832 4576 Quid
862 4525 1069 4576 arcam,
1100 4511 1232 4582 quid
1268 4528 1486 4581 urnam,
1511 4515 1713 4588 quidve
1737 4519 2050 4589 propitiato-

2159 4519 2225 4575 Τί
2253 4519 2311 4574 δὲ
2343 4519 2449 4591 φὴς
2471 4518 2571 4590 τὴν
2596 4517 2849 4587 κιϐωτὸν,
2879 4518 2980 4590 τὴν
3009 4518 3269 4590 στάμνον,
3298 4517 3360 4571 τὸ
3396 4518 3740 4590 ἰλαστήριον,

479 4601 622 4656 rium
655 4600 829 4657 fuisse
873 4603 990 4659 ais?
1031 4605 1231 4661 Annon
1275 4605 1560 4662 hominum
1593 4611 1851 4666 manibus
1883 4610 2050 4668 fabri-

2155 4613 2218 4666 ού
2245 4610 2632 4684 χειρότευκτας
2675 4610 2779 4664 οὒκ
2829 4609 2967 4680 ἔργα
3019 4607 3220 4681 χειρῶν
3250 4607 3597 4679 ἀνθρώπων;
3632 4610 3744 4663 οὐκ

479 4699 603 4746 cata
623 4689 708 4745 ‘i?
736 4689 995 4762 Nunquid
1029 4707 1141 4748 non
1190 4707 1359 4766 Opera
1415 4710 1679 4752 manuum
1737 4697 2050 4757 hominumi

2156 4699 2218 4766 ἐξ
2243 4700 2463 4772 ἀτίμου,
2488 4699 2565 4764 ὡς
2594 4699 2660 4752 σὺ
2699 4697 2828 4769 φὴς,
2853 4698 2988 4770 ῦλης
3033 4698 3556 4767 κατεσκευασμένας
3586 4697 3656 4752 Τί
3683 4698 3743 4752 δὲ

478 4781 674 4841 Nonne
705 4799 772 4841 ex
818 4786 934 4852 vili,
969 4794 1029 4842 ut
1069 4786 1190 4859 ipse
1241 4787 1395 4856 loqui
1443 4804 1620 4856 amas,
1654 4793 1887 4847 materia
1921 4807 2050 4850 con-

2154 4791 2391 4864 ἠσκηνὴ
2416 4791 2632 4857 hirnea;
2673 4790 2794 4862 ούχί
2837 4790 3001 4845 εἰκὼν
3041 4787 3154 4865 ἦνς
3187 4792 3266 4846 06
3307 4791 3435 4846 σκιά
3461 4791 3560 4844 καὶ
3601 4789 3744 4843 ὑπό-

483 4883 694 4932 structa
759 4879 926 4934 sunt?
985 4879 1129 4947 Quid
1180 4893 1310 4936 vero
1367 4887 1545 4936 totum
1609 4884 2050 4941 tabernaculumi

2153 4883 2382 4953 δειγμα”;
2406 4881 2546 4954 Φησὶ
2573 4881 2865 4953 τοιγαροῦν
2885 4883 2914 4937 6
2938 4881 3081 4947 θεῖος
3120 4881 3442 4944 Ἀπόστολος
3467 4880 3599 4952 περὶ
3623 4880 3743 4934 τῶν

482 4981 668 5024 nonne
691 4968 915 5040 imago?
938 4985 1122 5026 nonne
1147 4971 1342 5028 umbra
1374 4980 1540 5042 atque
1571 4976 1884 5046 exemplum
1911 4979 2050 5034 erati

2155 4973 2298 5027 κατά
2351 4973 2444 5026 τὸν
2493 4972 2660 5045 νόμον
2701 4973 2892 5046 ἰερέων
2949 4973 3163 5040 διεξιών
3197 4988 3214 5006 ·
3263 4993 3283 5027 ι
3338 4973 3550 5037 Οῖτινες
3599 4973 3772 5027 ὕπο-⁵

481 5055 758 5122 Quocirca
776 5057 1000 5114 divinus
1017 5059 1313 5128 Apostolus
1334 5060 1410 5114 ait
1437 5059 1506 5116 de
1535 5061 1673 5134 legis
1703 5064 1945 5135 antiqua!
1967 5081 2058 5122 sa-

2154 5064 2408 5136 δείγματι
2453 5065 2548 5119 καί
2581 5067 2711 5136 σκιᾷ
2751 5064 3073 5137 λατρεύουσι
3104 5065 3214 5121 τῶν
3243 5064 3612 5136 ἐπουρανίων⁸
3638 5082 3746 5118 κα-

483 5147 803 5204 cerdotibus
831 5149 1147 5206 edisserens
1185 5166 1199 5205 :
1239 5169 1258 5202 ι
1295 5150 1400 5217 Qui
1431 5153 1729 5222 exemplari
1762 5163 1818 5210 et
1851 5158 2050 5213 umbrae

2157 5155 2266 5220 θὼς
2302 5157 2741 5229 κεχρημάτισται
2774 5159 3019 5230 Μωῦσῆς
3040 5200 3055 5226 ,
3094 5158 3305 5231 μέλλων
3337 5158 3608 5212 ἐπιτελεῖν
3631 5158 3744 5229 τὴν

483 5237 802 5295 deserviunt
834 5240 1182 5309 cmlestium;
1226 5240 1371 5298 sicut
1404 5258 1734 5315 responsum
1755 5253 1840 5302 est
1862 5247 2056 5319 Moysi,

483 5329 614 5385 dum
635 5343 1122 5391 consummaturus
1136 5341 1256 5391 erat
1271 5335 1690 5392 tabernaculum
1712 5335 1870 5393 :Vide
1885 5339 2054 5407 enim,

485 5422 685 5492 inquit,
712 5425 900 5481 omnia
926 5425 1092 5482 facito
1122 5425 1430 5483 secundum
1466 5429 1749 5500 exemplar
1774 5428 1924 5500 quod
1959 5429 2058 5485 tibi

484 5520 773 5571 ostensum
805 5527 892 5574 est
922 5518 980 5574 in
1012 5528 1197 5576 monte
1219 5518 1288 5576 “.
1329 5539 1349 5574 ι
1378 5519 1702 5591 Quanquam
1727 5535 1798 5577 ne
1826 5521 1912 5578 lex
1934 5521 2058 5592 qui-

561 5717 606 5749 ³¹¹
626 5718 794 5791 Exod.
831 5738 1016 5791 xxxiv,
1047 5724 1174 5789 28.;
1205 5724 1373 5782 Hebr.
1408 5741 1485 5790 Ix,
1511 5728 1565 5781 4.
1640 5728 1684 5760 ³³
1708 5727 2050 5790 l’sal.cxxxt1

2227 5727 2273 5759 ⁸⁸
2324 5725 2462 5783 Gen.
2521 5740 2721 5791 xxxul,
2753 5727 2807 5782 5.

477 5799 637 5855 “"1.
797 5790 1042 5849 “Exod.
1085 5788 1211 5880 xxv,
1248 5795 1333 5850 18.
1411 5788 1625 5874 “Psal,
1659 5813 1812 5865 cxm,
1887 5800 1954 5866 4;
1991 5788 2151 5853 Hebr.
2183 5813 2257 5862 Ix,
2293 5797 2378 5850 ll.
2417 5872 2421 5876 _
2454 5796 2502 5828 “
2527 5788 2839 5904 chrﬁvrltt,

647 5883 672 5900 ·ι
848 5879 893 5912 ,ι
1009 5909 1023 5916 ..
1159 5877 1162 5896 ι
1505 5875 1584 5916 ,επ
1913 5875 1916 5878 ·
2011 5885 2051 5910 τι.
2177 5891 2292 5916 .,.
2436 5887 2490 5912 η
2639 5889 2666 5916 ς,
2747 5893 2758 5916 ί
2833 5883 2922 5906 τι,

689 5917 728 5938 ,4
977 5909 1064 5928 «n-
1271 5905 1328 5920 ‘H
1385 5913 1392 5921 ο
1505 5905 1584 5926 {‘1‘
1787 5905 1792 5906 ’
1998 5937 2000 5940 Ι

1701 6123 1708 6130 ι
1741 6109 1818 6144 ..οἱ
1865 6101 2028 6148 τίι...,¹
2077 6143 2086 6148 _
2125 6097 2208 6149 ι,ι.,¹ι
2257 6115 2326 6146 LA

2158 5252 2381 5322 σκηνήν.
2407 5251 2554 5322 Ὅρα
2584 5251 2728 5323 γὰρ,
2770 5251 2928 5322 φησί,
2967 5253 3223 5324 ποιήσεις
3256 5251 3400 5306 κατὰ
3435 5251 3528 5304 τὸν
3563 5247 3744 5304 τύπον

2159 5340 2253 5396 τὸν
2279 5341 2559 5413 δειχθέντα
2591 5359 2672 5396 σοι
2717 5345 2777 5398 έν
2807 5343 2887 5415 τῷ
2917 5343 3056 5415 δρει.
3083 5361 3102 5396 ι
3147 5343 3290 5397 Ἀλλ’
3321 5342 3443 5396 οὐδὲ
3471 5339 3638 5395 είκῶν
3667 5336 3744 5409 ἦν

2161 5435 2190 5488 ὁ
2207 5433 2392 5505 νόμος,
2413 5433 2530 5490 ἀλλ’
2562 5434 2772 5498 εἰκόνος
2809 5435 3172 5506 προσκίασμα
3193 5450 3207 5464 ο
3249 5433 3386 5505 φησὶ
3417 5431 3551 5502 γοῦν
3575 5431 3606 5484 6
3631 5431 3744 5484 αὐ-

2159 5521 2250 5587 τὸς
2285 5523 2606 5588 Ἀπόστολος
2625 5539 2640 5555 ο
2672 5542 2691 5575 ι
2722 5523 2890 5578 Σκιάν
2914 5523 3025 5596 γάρ
3050 5522 3190 5592 ἔχων
3212 5523 3242 5575 6
3269 5521 3432 5591 νόμος
3455 5519 3566 5574 τῶν
3602 5520 3742 5590 μελ-

2915 5725 3112 5782 “ch.
3164 5740 3331 5789 xtvu,
3361 5726 3414 5780 7.
3525 5723 3738 5780 “Gen.

2902 5868 2936 5910 ὃ..
3007 5861 3074 5906 -ιρί
3113 5853 3148 5910 Ῐρι
3253 5846 3598 5918 μ’παιῑῇίῙ--ἶ
3649 5913 3656 5930 ι

2335 6121 2376 6146 μ
2438 6123 2502 6148 ιλιι
2555 6121 2584 6142 ιι.
2646 6121 2704 6142 ιιι.
2751 6133 2758 6138 .
2944 6125 2954 6132 -
3031 6121 3070 6138 τι
3111 6121 3132 6130 ν
3221 6139 3302 6146 ῃ,-
3351 6121 3558 6150 9”-..—
