3926 6292
480 416 615 481 1247

1611 410 1673 471 S.
1696 406 2019 473 JOANNIS
2054 401 2487 466 DAMASCENI

3644 388 3781 453 1248

478 532 671 585 dicens
710 546 725 582 :
778 524 974 581 Voeavi
1025 540 1089 581 ex
1120 523 1339 579 nomine
1366 520 1607 577 Beseleel
1638 521 1811 576 filium
1842 519 1958 575 IIor
1991 519 2062 576 de

2184 516 2344 570 τάντα
2392 515 2463 570 τὰ
2518 512 2694 585 ἔργα·
2746 510 2841 565 καὶ
2875 508 2988 580 ἐγὼ
3036 506 3250 561 δέδωκα
3304 505 3491 571 αὑτὸν,
3516 501 3638 557 καὶ
3693 498 3780 550 τὶν

479 621 625 677 tribu
661 617 822 682 Juda,
858 627 912 673 et
939 616 1156 686 implevi
1196 630 1322 670 eum
1355 613 1570 685 Spiritu
1598 613 1718 681 Dei,
1759 613 2057 684 sapientia,

476 718 531 765 et
560 708 948 777 intelligentia,
989 707 1044 762 in
1097 706 1249 761 omni
1297 722 1465 776 opere
1505 706 1573 761 ad
1613 704 2059 776 exc0gitandum,

478 810 531 857 ct
565 800 1063 865 fabrefaciendum,
1088 810 1142 854 et
1160 798 1498 869 operandum
1530 813 1753 863 aurum,
1778 806 1833 854 et
1859 812 2061 868 argen-

480 905 618 961 tum,
649 902 704 949 et
739 910 837 959 aes,
866 902 922 948 et
951 891 1336 962 hyacinthum,
1360 899 1415 945 et
1445 904 1772 961 purpuram,
1798 898 1853 944 et
1882 889 2065 945 cocci-

480 1001 619 1041 num
652 994 863 1049 netum,
893 984 1234 1055 byssumque
1264 990 1555 1044 retortum,
1589 991 1644 1037 et
1678 980 1948 1051 lapidaria
1996 978 2063 1034 ad

481 1092 669 1147 opera,
705 1088 759 1131 et
789 1074 1006 1129 fabrilia
1063 1074 1118 1128 in
1166 1074 1357 1146 lignis,
1396 1073 1462 1127 ad
1520 1072 1854 1129 claboranda
1897 1086 2065 1142 Opera

483 1170 691 1225 omnia.
726 1170 841 1240 Ego
875 1168 1001 1224 dedi
1041 1184 1189 1228 eum.
1219 1177 1272 1223 et
1311 1166 1467 1221 Eliab
1495 1167 1667 1221 filium
1700 1164 2065 1220 Aehisamach

484 1257 555 1313 de
580 1258 729 1313 tribu
766 1259 920 1312 Dan:
965 1265 1019 1311 et
1051 1258 1203 1311 omni
1241 1256 1565 1328 intelligenti
1601 1255 1769 1312 corde
1814 1255 1938 1311 dedi
1980 1256 2067 1310 iu-

486 1348 868 1419 telligentiam,
892 1357 945 1402 et
976 1346 1179 1402 facient
1201 1347 1386 1403 omnia
1416 1362 1537 1419 quae
1559 1346 1795 1417 praecepi
1823 1346 1921 1401 tibi
1941 1346 2008 1401 ⁸ο.
2044 1366 2063 1399 ι

490 1439 557 1492 Ει
586 1456 807 1496 rursum
844 1459 859 1494 :
917 1460 935 1492 ι
976 1439 1219 1495 Loculus
1248 1446 1334 1494 est
1376 1439 1601 1510 Moyses
1646 1438 1715 1493 ad
1749 1439 2068 1495 universam

488 1528 973 1599 congregationem
1006 1527 1246 1599 filiorum
1289 1524 1458 1582 Israel
1504 1544 1518 1578 :
1571 1525 1771 1581 Audite
1812 1526 1915 1580 hoc
1947 1541 2070 1579 ver-

492 1620 643 1685 bum,
694 1620 837 1690 quod
882 1619 1143 1692 praecepit
1183 1618 1452 1673 Dominus
1495 1617 1686 1673 dicens
1730 1636 1743 1671 :
1792 1618 1999 1673 Sumite
2040 1633 2070 1671 a

494 1711 653 1766 vobis
684 1711 823 1781 ipsis
852 1724 1158 1781 separatam
1196 1711 1534 1765 oblationem
1594 1709 1846 1765 Domino.
1878 1709 2071 1766 Omnis

493 1802 588 1870 qui
639 1803 806 1858 corde
850 1803 1179 1874 susceperit,
1230 1802 1423 1856 aberat
1477 1801 1752 1871 primitias
1809 1800 2069 1869 Domino;

2174 606 2360 662 Ἐλιάϐ
2394 606 2487 661 τδν
2514 604 2611 659 τοῦ
2655 602 2986 674 Ἀχισαμὰχ,
3010 601 3075 655 ἐκ
3107 599 3285 670 φυλῆς
3314 598 3421 652 Δάν
3444 614 3458 627 ·
3480 594 3591 650 καὶ
3611 593 3777 647 παντὶ

2163 699 2371 769 συνετῷ
2402 697 2603 768 καρδίᾳ
2633 695 2745 765 ἐγὼ
2774 695 2984 749 δέδωκα
3021 694 3237 747 σύνεσιν
3262 729 3278 755 ,
3309 691 3405 745 καὶ
3456 688 3777 758 ποιήσουσι

2164 791 2343 844 πάντα
2368 791 2469 843 ὅσα
2498 806 2584 842 σοι
2608 787 2895 854 συνέταξα.
2929 805 2947 839 ι
2979 787 3089 841 Καὶ
3117 786 3282 839 πάλιν
3310 802 3325 817 ο
3358 802 3378 835 ι
3414 777 3560 837 Eia
3599 780 3774 834 Μωῦο

2165 881 2267 952 σῆς
2305 879 2443 951 πρὸς
2487 880 2670 933 πᾶσαν
2704 877 3029 949 συναγωγὴν
3079 876 3214 930 υἱῶν
3271 873 3515 947 Ἰσραήλ·
3569 870 3775 926 Ἀκού-

2170 990 2303 1027 σατε
2346 971 2510 1026 τοῦτο
2555 970 2618 1025 τὸ
2669 971 2822 1042 ρῆμα
2848 1011 2863 1035 ,
2893 970 2923 1023 δ
2959 969 3219 1035 συνέταξε
3276 969 3479 1039 Κύριος
3525 966 3773 1035 λέγων’

2165 1063 2375 1118 Λάϐετε
2407 1061 2540 1132 παρ’
2569 1062 2725 1130 ὑμῶν
2751 1060 2932 1114 αὑτῶν
2971 1061 3257 1133 ᾁέραίρεμα
3288 1058 3364 1130 τῷ
3395 1058 3620 1130 Κυρίῳ.
3658 1058 3771 1119 Πᾶς

2166 1155 2196 1208 ὁ
2230 1155 2663 1226 καταδεχόμενος
2701 1155 2772 1223 τῇ
2802 1153 3017 1225 καρδίᾳ,
3033 1152 3242 1206 οἴσουσι
3268 1151 3369 1215 τὰς
3402 1149 3675 1220 ἀπαρχὰς
3697 1149 3770 1219 τῷ

2172 1247 2385 1317 Κυρίῳ,
2441 1248 2688 1317 χρυσίον,
2722 1244 3013 1316 ἀργύριον,
3044 1243 3246 1314 χαλκὸν
3271 1285 3285 1309 ,
3314 1242 3605 1308 ὑάκινθον,
3641 1260 3765 1313 πορ-

2171 1338 2367 1409 φύραν,
2397 1338 2653 1392 κόκκινον
2681 1336 2905 1390 διπλοῦν
2948 1335 3367 1405 διανενησμένον
3392 1375 3406 1401 ,
3434 1334 3534 1386 καὶ
3567 1333 3769 1403 βύσσον

2171 1426 2687 1497 κεκλωσμένην,καὶ
2708 1425 2900 1496 τρίχας
2932 1422 3167 1492 αἰγείας,
3192 1422 3285 1475 καὶ
3308 1420 3560 1493 δέρματα
3594 1419 3769 1489 κριῶν

2171 1519 2661 1592 ὴρυθροδανωμένα
2684 1561 2699 1585 ,
2736 1520 2828 1573 καὶ
2855 1517 3103 1591 δέρματα
3139 1515 3443 1581 ὑακίνθινα,
3470 1514 3571 1567 καὶ
3638 1512 3765 1579 ξύλα
3814 1524 3841 1559 ξε

2609 1582 2787 1697 ἱλαιον
2835 1582 3236 1680 ’χρίσεως,
3270 1607 3365 1661 καὶ
3396 1605 3458 1659 τὸ
3508 1606 3767 1677 θυμίαμα

2172 1704 2273 1773 τῆς
2308 1690 2655 1783 συνθένσεωςῖς
2679 1704 2773 1758 καὶ
2805 1701 2989 1765 λίθους
3029 1700 3315 1772 σαρδίους,
3341 1699 3434 1752 καὶ
3465 1699 3661 1762 λίθους
3692 1700 3766 1763 εἰς

2173 1796 2274 1865 τὴν
2325 1795 2558 1866 γλυφὴν,
2594 1784 2689 1849 καὶ
2724 1796 2804 1859 είς
2858 1794 2959 1866 τὴν
2992 1793 3267 1865 ὲπωμίδα,
3303 1792 3397 1846 καὶ
3426 1794 3511 1856 εἰς
3543 1791 3647 1844 τὸν
3686 1808 3768 1843 πο-

494 1910 716 1961 aurum,
775 1905 1089 1963 argentum,
1142 1909 1239 1961 :es,
1304 1893 1695 1964 hyacinthum,
1750 1908 2071 1962 purpuram,

2184 1885 2337 1957 δήρη.
2370 1887 2481 1938 Καὶ
2508 1886 2621 1949 πᾶς
2653 1885 2819 1955 σοφὸς
2870 1884 3071 1956 καρδίᾳ
3100 1886 3158 1938 ὲν
3211 1883 3362 1955 ὑμῖν,
3395 1882 3569 1936 ἐλθὼν
3604 1884 3769 1973 spy}:
3816 1932 3829 1939 -

496 1986 786 2041 coccinum
829 1984 1033 2054 duplex
1080 1992 1311 2050 tortum,
1341 1996 1393 2039 et
1430 1984 1657 2055 byssum
1689 1991 1977 2048 retortum,
2024 1990 2079 2038 ct

495 2079 637 2148 pilos
667 2094 986 2147 caprarum,
1044 2078 1329 2147 pellesque
1379 2069 1613 2131 arietum
1656 2076 1991 2141 rubricatas,
2024 2083 2079 2130 et

496 2168 670 2239 pelles
700 2169 1110 2239 hyacinthinas,
1144 2178 1200 2222 et
1234 2169 1377 2238 ligna
1402 2167 1791 2237 imputribilia,
1811 2175 1867 2223 et
1896 2168 2076 2222 oleum

496 2259 804 2321 unctionis,
846 2267 900 2313 et
931 2258 1239 2329 thymiama
1270 2257 1711 2328 compositionis,
1758 2266 1813 2314 et
1867 2257 2077 2331 lapides

497 2350 739 2416 sardios,
767 2362 820 2404 et
841 2350 1053 2420 lapides
1074 2351 1127 2405 in
1150 2350 1492 2415 czelaturam,
1512 2350 1577 2405 ad
1604 2351 2078 2422 superhumerale,

497 2448 553 2496 et
581 2439 649 2494 ad
705 2441 953 2495 tunicam
991 2442 1243 2496 talarem.
1275 2442 1538 2511 Quisquis
1581 2451 1825 2498 vestrum
1857 2443 2079 2513 sapiens

497 2538 586 2584 est
612 2528 804 2597 corde,
851 2532 1058 2593 veniat,
1087 2539 1141 2585 et
1172 2532 1340 2585 faciat
1376 2548 1499 2601 qua:
1540 2532 1806 2590 Dominus
1838 2535 2080 2605 impera-

497 2624 605 2688 vit;
646 2622 1069 2679 tabcrnaculum
1092 2624 1160 2690 ",
1196 2643 1215 2676 ι
1252 2632 1359 2679 etc.
1399 2624 1475 2678 En
1510 2625 1759 2697 profecto
1795 2628 2079 2682 materiam

499 2715 822 2784 pretiosam,
864 2716 1081 2773 etiamsi
1116 2716 1245 2773 vilis
1285 2716 1555 2771 habeatur
1600 2734 1631 2772 a
1660 2719 1836 2773 vobis.
1871 2719 2082 2790 Ecquid

498 2803 644 2859 enim
670 2822 963 2876 caprarum
1003 2807 1135 2877 pilis
1172 2822 1237 2863 ac
1280 2807 1568 2862 coloribus
1605 2809 2082 2878 contemptibilius

501 2896 622 2952 sit?
666 2896 860 2954 Nonne
887 2900 1199 2966 coccinum,
1230 2908 1282 2953 et
1322 2914 1593 2969 purpura,
1639 2900 2083 2971 hyacinthusque

503 2990 721 3044 colores
767 2991 936 3045 sunt?
979 2990 1118 3047 Ecce
1149 2991 1391 3056 demum,
1443 2999 1556 3044 tum
1601 3006 1767 3060 opera
1817 3006 2081 3046 manuum

503 3079 811 3145 hominum,
848 3091 960 3136 tum
992 3081 1289 3137 Cherubim
1336 3080 1571 3150 effigies.
1622 3080 1872 3147 Quonam
1921 3091 2083 3152 pacto

500 3172 608 3227 sub
639 3172 771 3243 legis
807 3173 1034 3228 obtentu
1063 3187 1126 3228 ea
1159 3172 1276 3228 ﬁeri
1307 3174 1624 3244 prohibeas,
1655 3190 1778 3242 quae
1802 3181 1860 3227 ut
1891 3173 2085 3230 tierent

2179 1976 2358 2041 ζέσθω
2384 1979 2562 2032 πάντα
2613 1979 2714 2031 ὅσα
2767 1976 3025 2041 συνέταξε
3058 1975 3283 2048 Κύριος,
3322 1975 3422 2045 τὴν
3475 1976 3763 2047 σκηνὴνςῖ

2180 2069 2274 2122 καὶ
2301 2068 2370 2122 τά
2420 2070 2567 2141 ἑξῆς.
2607 2069 2737 2124 Ἰδοὺ
2777 2070 2842 2141 δὴ
2892 2071 2924 2141 ὴ
2957 2068 3057 2139 ὑλη
3108 2068 3297 2139 τιμία,
3331 2070 3434 2122 κᾶν
3466 2067 3594 2123 καθ’
3624 2070 3769 2139 ὑμᾶς

2180 2163 2401 2234 ἄτιμος.
2430 2164 2496 2217 Τί
2525 2162 2633 2235 γὰρ
2661 2163 2864 2235 τριχῶν
2887 2161 3111 2229 αἱγείων
3138 2161 3541 2233 εὐτελέστερον,
3565 2161 3601 2231 ἦ
3635 2180 3771 2233 χρω-

2184 2255 2373 2326 μάτων
2399 2270 2414 2320 ;
2440 2251 2522 2307 Ἥ
2553 2255 2613 2307 οὑ
2646 2253 2846 2325 χρῶμα
2878 2251 2940 2305 τὸ
2987 2252 3261 2316 κόκκινον,
3294 2253 3390 2307 καὶ
3416 2255 3449 2324 ἡ
3482 2254 3771 2329 πυρφόρα,

2181 2349 2275 2401 καὶ
2304 2349 2337 2418 ἡ
2365 2346 2651 2414 ὑάκινθος;
2692 2346 2825 2399 Ἰδοὺ
2846 2345 2910 2417 δὴ
2943 2346 3037 2399 καλ⁵
3059 2345 3127 2400 τά
3153 2346 3289 2418 ἔργα
3318 2346 3519 2417 χειρῶν
3551 2348 3770 2416 ἀνθρώο

2182 2457 2322 2502 πων,
2356 2440 2449 2492 καὶ
2477 2438 2729 2510 ὁμοίωμα
2756 2438 3055 2510 Χερουϐὶμ.
3089 2439 3214 2502 Πῶς
3236 2434 3329 2493 οὖν
3367 2439 3454 2492 διὰ
3481 2440 3574 2492 τὸν
3604 2442 3771 2510 νόμον

2181 2530 2548 2602 ἀπαγορεύεις
2574 2571 2588 2594 ,
2612 2530 2649 2586 δ.
2695 2534 2869 2585 ποιεῖν
2898 2534 2927 2585 ό
2960 2531 3125 2603 νόμος
3174 2532 3541 2603 προσέταξεν;
3578 2535 3645 2587 Ei
3688 2536 3773 2588 διὰ

2182 2625 2273 2678 τὸν
2315 2625 2479 2693 νόμον
2531 2624 2631 2688 τὰς
2683 2624 2900 2689 εἰκόνας
2952 2625 3339 2695 ἁπαγορεὺεις,
3370 2624 3489 2696 ῶρα
3529 2643 3614 2679 σοι
3678 2630 3773 2681 καὶ

2185 2715 2535 2781 σαϐϐατὶζειν
2564 2754 2579 2778 ,
2613 2716 2706 2769 καὶ
2753 2716 3203 2787 περιτέμνεσθαι.
3253 2715 3390 2769 Ἀλλ’
3435 2718 3543 2770 ίσθι
3593 2737 3616 2770 ι
3673 2720 3769 2785 ὡς,

2183 2808 2280 2861 ἐὰν
2313 2808 2405 2861 τὸν
2460 2807 2625 2879 νόμον
2662 2812 2919 2881 τηρεῖτε,
2956 2809 3191 2880 Χριστὸς
3239 2810 3390 2864 οὐδὲν
3440 2810 3589 2882 ὑμᾶς
3627 2811 3773 2879 ὠφε-

2182 2901 2361 2971 λήσει.
2415 2900 2627 2964 Οἴτινες
2676 2903 2735 2955 ἐν
2787 2901 2939 2971 νόμῳ
3003 2900 3317 2956 δικαιοῦσθε
3347 2943 3361 2967 ,
3394 2901 3488 2971 τῆς
3544 2902 3772 2973 χάριτος

2184 2992 2493 3059 ὲξεπὲσετε.
2523 3012 2540 3044 ι
2574 2993 2686 3063 Οὑχ
2727 2992 2875 3065 ἕωρα
2900 2993 3035 3047 Θεὸν
3064 2996 3092 3046 ὁ
3122 2993 3291 3047 πάλαι
3332 2993 3573 3065 Ἰσραὴλ,
3604 2996 3771 3065 ἡμεῖς

2183 3084 2241 3138 δὲ
2291 3085 2806 3158 ἀνακεκαλυμμένῳ
2859 3085 3139 3159 προσώπῳ
3195 3085 3295 3157 τὴν
3342 3084 3501 3153 δόξαν
3558 3087 3771 3158 Κυρίου

2185 3176 2686 3249 κατοπτριζόμεθα.

501 3267 587 3322 Iex
611 3266 726 3334 ipsa
757 3267 1051 3337 praacepit?
1082 3268 1139 3321 Si
1200 3278 1424 3339 propter
1453 3269 1625 3338 legem
1693 3266 2028 3338 imaginibus
2094 3269 2397 3335 interdicis,
2438 3270 2551 3340 jam
2595 3281 2785 3341 satage
2844 3281 2901 3326 ut
2955 3270 3255 3327 Sahbatum
3297 3270 3769 3341 circumcisioque

501 3368 815 3415 serventur.
859 3361 958 3415 Ast
996 3360 1131 3416 illud
1194 3361 1337 3416 scito
1384 3379 1403 3411 ι
1441 3360 1591 3438 quod
1647 3360 1697 3416 si
1725 3360 1895 3431 legem
1960 3359 2285 3430 observetis,
2340 3361 2596 3420 Christus
2638 3364 2773 3419 nihil
2819 3364 2975 3421 vobis
3019 3364 3283 3435 proderit.
3334 3362 3437 3429 Qui
3515 3367 3571 3420 in
3647 3367 3765 3438 lege

496 3454 896 3526 justiﬁeamini,
926 3468 958 3509 a
1001 3455 1177 3526 gratia
1226 3428 1605 3513 excidist‘is‘i
1646 3474 1666 3508 ›
1724 3428 1894 3512 Deum
1937 3456 2069 3511 olim
2110 3428 2280 3514 Israel
2330 3473 2439 3514 non
2473 3458 2691 3515 videbat
2726 3477 2740 3514 :
2779 3474 2879 3515 nos
2907 3428 3088 3515 autem
3139 3428 3378 3516 revelata
3446 3458 3586 3516 facie
3657 3428 3771 3532 εὖ).

406 3572 419 3577 ’
507 3554 645 3607 riam
687 3551 778 3607 Dei
816 3552 1169 3622 speculamur
1198 3552 1266 3605 ⁵³.

573 3648 661 3705 17.
701 3647 832 3718 Ejus
851 3663 1015 3718 porro
1041 3647 1277 3704 formam
1300 3648 1553 3705 sensibili
1580 3662 1899 3719 expressam
1922 3646 2085 3718 315
2116 3651 2160 3713 C

501 3738 664 3793 modo
685 3737 832 3793 omni
863 3737 921 3792 in
953 3738 1074 3793 loco
1106 3738 1427 3806 statuimus,
1458 3753 1523 3793 ac
1550 3752 1650 3809 per
1676 3753 1797 3794 eam
1816 3752 2084 3793 sensuum

503 3830 744 3900 primum
776 3829 1188 3886 sanctificamus
1220 3828 1389 3902 (inter
1436 3812 1638 3888 sensus
1678 3828 1827 3885 enim
1878 3828 2086 3899 primas

2265 3645 2350 3712 ιζ’.
2390 3644 2503 3699 Καὶ
2533 3643 2811 3715 αἰσθητῶς
2835 3645 2935 3716 μὲν
2971 3644 3063 3698 τὸν
3093 3642 3259 3698 αὑτοῦ
3284 3645 3614 3718 χαρακτῆρα
3644 3664 3777 3721 προ-

2186 3738 2409 3809 τίθεμεν
2454 3737 2741 3807 άπανταχῆ
2768 3779 2783 3804 ,
2815 3738 2910 3790 καὶ
2960 3738 3061 3807 τὴν
3100 3735 3326 3809 πρώτην
3374 3739 3729 3810 άγιαζόμεθα
3752 3758 3767 3774 ο

2188 3826 2382 3900 πρώτη
2425 3826 2537 3898 γὰρ
2580 3827 2907 3899 αἰσθήσεων,
2942 3828 3132 3898 ὅρασις
3154 3844 3168 3859 ·
3209 3828 3399 3901 ῶσπερ
3420 3831 3515 3884 καὶ
3542 3833 3663 3895 τοῖς
3701 3832 3780 3885 λόν

507 3930 659 3977 tenet
680 3921 877 3993 visus),
899 3922 1362 3993 quemadmodum
1396 3932 1452 3977 et
1472 3937 1577 3993 per
1616 3936 1906 3977 sermones
1933 3921 2087 3977 audi-

510 4023 647 4067 tum.
693 4010 874 4084 Imago
904 4013 1175 4083 siquidem
1210 4015 1613 4071 monimentum
1645 4014 1925 4085 quoddam
1957 4022 2082 4069 est:

507 4120 573 4160 ac
601 4105 869 4176 quidquid
924 4104 1065 4161 liber
1101 4115 1190 4163 est
1245 4107 1316 4162 iis
1348 4108 1443 4177 qui
1475 4107 1692 4164 litteras
1744 4107 2084 4172 didicerunt,

507 4201 611 4256 hoc
636 4202 817 4271 imago
843 4210 925 4256 est
945 4201 1238 4257 illitteratis
1261 4210 1316 4255 et
1348 4202 1610 4258 rudibus:
1629 4211 1684 4257 et
1704 4200 1853 4272 quod
1878 4201 2087 4255 auditui

508 4301 728 4364 prcestat
758 4293 959 4358 oratio,
996 4293 1100 4348 hoc
1133 4294 1276 4349 visui
1310 4294 1525 4348 confert
1560 4295 1740 4363 imago
1771 4311 1784 4347 :
1810 4308 1906 4363 per
1932 4308 2087 4347 men-

508 4392 617 4438 tem
655 4399 781 4439 vero
826 4385 930 4453 ipsi
974 4386 1385 4456 conjungimur.
1434 4386 1651 4439 Idcirco
1692 4384 1864 4454 jussit
1917 4383 2086 4450 Deus.

509 4483 569 4527 ut
596 4490 658 4527 ex
698 4475 864 4544 lignis
914 4490 1035 4543 quae
1065 4490 1174 4529 non
1219 4482 1569 4544 putrescunt,
1623 4488 1753 4530 arca
1784 4475 1958 4540 fleret,
2002 4473 2080 4528 in-

510 4574 713 4635 tusque
739 4574 793 4620 et
823 4576 978 4620 extra
1003 4580 1140 4621 auro
1167 4566 1484 4633 vestiretur,
1515 4574 1683 4637 atque
1711 4567 1767 4622 in
1799 4582 1863 4622 ea
1893 4566 2090 4621 tabulae

510 4667 870 4728 ponerentur,
913 4658 1065 4731 virga
1102 4674 1323 4730 quoque
1356 4668 1412 4715 et
1437 4674 1595 4725 urna,
1627 4659 1685 4714 in
1723 4674 1853 4729 qua,
1891 4658 1959 4713 ad
2002 4673 2090 4713 re-

511 4764 632 4804 rum
664 4758 944 4821 gestarum
970 4753 1319 4816 memoriam,
1352 4751 1778 4821 futurarumque
1796 4750 2091 4806 adumbra-

510 4841 736 4909 tiouem,
757 4858 958 4898 manna
988 4844 1409 4900 recondebatur.
1443 4842 1569 4899 Haec
1602 4858 1767 4915 porro
1799 4842 2088 4913 imagines,

510 4947 904 5006 praconesque
933 4949 1167 4992 sonoros
1200 4935 1375 4991 fuisse
1403 4935 1527 5005 quis
1550 4934 1764 4990 inficias
1794 4934 1957 4989 ierit?
1985 4932 2090 4989 Ne-

510 5042 617 5097 que
635 5042 814 5085 veroa
844 5029 1106 5101 lateribus
1147 5029 1510 5095 tabernaculi,
1538 5029 1635 5086 sed
1684 5028 1739 5082 in
1778 5026 1950 5083 totius
1981 5041 2080 5097 po-

2187 3938 2323 3988 γοις,
2360 3920 2459 3991 τὴν
2487 3920 2657 3990 ἀκοήν
2683 3935 2697 3949 ⁸
2731 3918 3034 3991 ὑπόμνημα
3063 3919 3172 3990 γάρ
3197 3921 3347 3975 ἐστιν
3380 3922 3413 3993 ἡ
3449 3923 3615 3975 εἰκών
3638 3939 3653 3952 ο
3688 3926 3781 3977 καὶ

2186 4013 2326 4084 ὅπερ
2363 4014 2477 4076 τοῖς
2522 4013 2817 4083 γράμμασι
2867 4013 3247 4084 μεμνημένοις
3294 4014 3328 4084 ὴ
3366 4013 3583 4084 βίϐλος,
3613 4016 3783 4069 τοῦτο

2188 4105 2284 4159 καὶ
2316 4106 2430 4168 τοῖς
2464 4104 2852 4176 ἀγραμμάτοις
2882 4107 2913 4176 ἡ
2958 4103 3124 4159 εἰκών
3148 4125 3162 4140 ο
3194 4106 3287 4160 καὶ
3310 4107 3449 4177 ὅπερ
3478 4110 3544 4177 τῇ
3580 4109 3729 4179 ἁκοῇ
3758 4112 3784 4162 ό

2187 4199 2366 4269 λόγος,
2400 4201 2558 4255 τοῦτο
2604 4201 2673 4272 τῇ
2724 4199 2980 4271 ὁράσειή
3035 4198 3203 4254 εἰκών
3234 4215 3248 4229 ’
3277 4201 3483 4271 νοητῶς
3527 4201 3587 4254 δὲ
3638 4204 3783 4272 αὐτῇ

2190 4290 2482 4361 ἑνούμεθα.
2521 4291 2623 4345 Διὰ
2656 4291 2815 4344 τοῦτο
2863 4290 3200 4362 προσέταξεν
3247 4292 3276 4343 ὁ
3328 4291 3461 4355 Θεὸς
3514 4292 3785 4359 γενέσθαι

2190 4382 2425 4437 κιϐωτὸν
2451 4385 2516 4436 ὲκ
2554 4382 2729 4448 ξύλων
2758 4383 3020 4454 ἁσήπτων
3043 4424 3057 4450 ,
3086 4382 3184 4435 καὶ
3218 4382 3653 4453 καταχρυσῶσαι
3684 4386 3787 4437 a6-

2190 4470 2287 4542 τὴν
2318 4471 2520 4528 ἔσωθεν
2556 4474 2653 4528 καὶ
2702 4472 2924 4540 ἔξωθεν,
2968 4474 3063 4528 καὶ
3111 4472 3349 4527 ἐνθεῖναι
3386 4473 3485 4536 τὰς
3536 4473 3786 4539 πλάκας,

2192 4566 2286 4619 καὶ
2314 4566 2413 4638 τὴν
2446 4565 2662 4635 ῥάϐδον,
2696 4566 2792 4620 καὶ
2822 4565 2920 4637 τὴν
2950 4565 3191 4637 στάμνον
3227 4564 3325 4637 τὴν
3357 4565 3587 4638 χρυσῆν,
3622 4566 3789 4637 Exeo-

2194 4675 2294 4712 σαν
2324 4657 2385 4711 τὸ
2424 4659 2601 4729 μάννα
2659 4657 2798 4728 πρὸς
2830 4656 3139 4728 ὑπόμνησιν
3186 4657 3294 4711 τῶν
3330 4657 3661 4726 γεγονότων,
3690 4661 3790 4713 καὶ

2191 4748 2551 4825 προτὺπωσιν
2586 4747 2694 4802 τῶν
2733 4747 3186 4819 μελλόντων.Κα“ι
3223 4749 3308 4813 τίς
3327 4748 3427 4802 οὑκ
3462 4749 3583 4819 ὲρεῖ
3605 4748 3788 4803 ταῦτα

2192 4842 2429 4906 εἰκόνας,
2457 4830 2813 4912 διαπρυσίους
2840 4858 2900 4894 τε
2932 4842 3219 4913 κήρυκας;
3253 4841 3364 4895 Καὶ
3389 4840 3565 4895 ταῦτα
3594 4841 3703 4895 οὑκ
3726 4844 3791 4895 ἐκ

2195 4932 2442 5011 πλαγίων
2468 4932 2645 4987 ἔκειτο
2689 4934 2788 5005 τῆς
2826 4933 3056 5005 σκηνῆς,
3080 4932 3217 4989 ἀλλὰ
3252 4933 3599 4988 κατενώπιον
3640 4952 3789 4989 παν-

2197 5029 2287 5091 τὸς
2326 5025 2420 5081 τοῦ
2455 5026 2588 5081 λαοῦ
2610 5066 2625 5092 ,
2653 5027 2789 5098 πρὸς
2819 5026 2857 5081 ἃ
2905 5028 3346 5092 ἀποϐλέποντες,
3380 5026 3461 5098 τῷ
3496 5026 3565 5080 δι’
3598 5027 3793 5080 αὐτῶν

512 5118 626 5188 puli
671 5127 975 5191 conspectu
1015 5121 1486 5192 proponebantur,
1524 5135 1636 5191 quo
1679 5120 1869 5176 eadem
1917 5118 2080 5189 suspi-

2197 5120 2560 5191 ὲνεργήσαντι
2606 5119 2726 5191 Θεῷ
2760 5123 3106 5195 προσέφερον
3144 5121 3245 5192 τὴν
3278 5122 3658 5192 προσκύνησιν
3692 5120 3794 5173 καὶ

510 5210 742 5277 cientes,
774 5210 888 5267 Deo
914 5211 1008 5282 qui
1039 5226 1137 5282 per
1173 5212 1294 5283 ipsa
1325 5213 1681 5285 operabatur,
1718 5210 2095 5267 adorationem

511 5316 579 5357 ac
632 5302 808 5359 latrire
857 5304 1073 5359 cultum
1123 5303 1408 5361 oﬂ‘errent.
1462 5303 1620 5371 Quod
1671 5310 1854 5360 autem
1907 5303 2085 5359 latriae

513 5393 721 5449 cultum
750 5394 837 5453 his
877 5396 1016 5467 ipsis
1044 5411 1154 5452 non
1184 5396 1529 5464 exhiberem,
1566 5396 1919 5467 perspicuum
1956 5403 2041 5451 est
2068 5413 2083 5463 ;

514 5481 612 5538 sed
645 5498 745 5553 per
769 5500 857 5555 ea,
898 5487 1276 5558 prodigiorum
1306 5502 1601 5553 memores,
1632 5486 1876 5557 ipsorum
1902 5493 2094 5540 aucto-

516 5585 633 5626 rem
671 5571 839 5630 Deum
885 5577 1211 5633 adorabant.
1243 5578 1703 5634 Commonitionis
1731 5577 1933 5647 quippe
1961 5590 2085 5646 gra-

516 5662 594 5717 tia
626 5667 921 5738 proposita:
939 5679 1096 5726 erant
1127 5672 1413 5744 imagines.
1442 5688 1550 5728 non
1573 5682 1832 5742 tanquam
1862 5670 1960 5733 dii,
1992 5668 2087 5725 sed

516 5761 580 5809 ut
605 5757 920 5815 divinorum
951 5776 1177 5830 operum
1210 5763 1605 5819 admonitrices
1638 5773 1847 5820 essent.

2195 5212 2295 5284 τὴν
2322 5211 2599 5285 λατρείαν.
2623 5213 2794 5285 Δῆλον
2823 5215 2900 5279 ὡς
2926 5215 3025 5286 οὑχ
3056 5214 3135 5279 ὡς
3179 5214 3365 5277 αὐτοῖς
3402 5212 3791 5284 λατρεύοντες,

2194 5305 2335 5360 ἀλλὰ
2367 5305 2432 5360 δι’
2454 5304 2635 5360 αὑτῶν
2658 5306 2739 5370 είς
2773 5305 3081 5379 ὑπόμνησιν
3101 5305 3214 5360 τῶν
3239 5304 3533 5375 θαυμάτων
3573 5304 3793 5374 ἀγόμε-

2195 5415 2305 5463 νοι,
2337 5399 2432 5452 καὶ
2475 5397 2555 5468 τῷ
2608 5398 2961 5471 τερατουργῷ
3008 5397 3129 5468 Θεῷ
3160 5398 3261 5469 τὴν
3292 5395 3667 5468 προσκύνησιν
3701 5400 3797 5453 νέα

2199 5507 2411 5558 μοντες.
2459 5490 2682 5553 Εἰκόνες
2720 5489 2831 5561 γὰρ
2879 5485 3023 5560 ἦσαν
3057 5490 3195 5561 πρὸς
3247 5488 3555 5559 ὑπόμνησιν
3590 5488 3796 5559 κείμε-

2203 5601 2303 5648 νοι,
2337 5584 2437 5653 οὑχ
2471 5582 2547 5646 ὡς
2576 5583 2709 5647 θεοὶ,
2747 5583 2863 5637 ἀλλ’
2889 5584 2966 5647 ὡς
2989 5582 3139 5647 θείας
3169 5582 3451 5654 ἐνεργείας
3474 5581 3797 5652 ὑπόμνησιν

2201 5676 2333 5745 ἄγου
2344 5693 2453 5731 σαι.
3276 5698 3283 5705 ο

582 5852 836 5925 “Exod.
874 5875 1025 5927 ιιιχι,
1077 5861 1190 5916 1-6.
1271 5865 1313 5896 ⁸⁸
1343 5863 1516 5919 Exod.
1552 5878 1714 5927 xxxv,
1745 5860 1899 5916 4-H.
1983 5859 2024 5891 ⁸²
2057 5856 2080 5911 ί

2184 5864 2233 5910 ιι.
2267 5874 2321 5927 v,
2353 5856 2473 5913 2-4.
2548 5856 2593 5888 ³⁵³
2628 5855 2669 5912 II
2700 5855 2828 5913 Cor.
2905 5870 2987 5923 ιιι,
3020 5855 3101 5910 I8.
