3904 6358
1709 0 1718 3 -
1817 0 1980 28 -r----
2025 0 2030 20 ,
2115 0 2138 6 ..
2275 23 2280 32 ι
2644 0 2650 20 τ
2869 0 2878 3 π
2975 0 2990 17 υ
3045 0 3172 32 ιν---

1581 29 1614 70 ιἼ
1660 49 1818 69 μευ-ι,
1859 23 1942 86 11ης(
2040 34 2166 76 (θ’-Α.
2199 23 2294 72 ..[4ίί
2351 63 2357 70 ,
2385 77 2390 86 Ι
2725 82 2733 86 -
3045 23 3056 40 ll

1093 47 1108 84 λ
1171 59 1208 74 Ν
1245 41 1378 90 qv.“
1435 41 1454 70 ,ι
1477 42 1528 66 1...
1551 41 1586 70 ι,
1660 49 1818 69 μευ...
1885 41 1942 86 με
2040 41 2068 76 (ι’
2091 41 2166 66 ιιι.
2199 41 2280 72 ..ιιι
2351 63 2357 70 ,

1089 101 1178 130 .5‘
1301 121 1304 128 .
1459 102 1493 120 ’-
1724 105 1730 112 '
1811 107 1818 130 l
1888 87 1892 92 ’
2125 123 2140 131 -
2231 88 2260 130 τί
2309 91 2316 101 “
2385 77 2498 130 ..
2581 87 2616 108 Τ
2680 82 2733 130 Ι’
2781 98 2790 104 “
3075 79 3162 128 ws?
3227 71 3356 134 ίθτ-ν.
3409 112 3436 128 ιι
3513 68 3550 108 ς*
3621 103 3626 112 ‘
3703 121 3714 130 κ-
3781 85 3869 122 τί

1089 165 1092 174 ,
1275 118 1398 178 διννκσ,
1455 119 1554 164 5r...
1897 125 1930 168 κ
1988 98 2126 156 ἳσιηρὶ
2395 139 2400 150 ι
2655 105 2800 153 at...
2848 113 2986 146 rw.-
3089 111 3164 170 -'_~.
3285 131 3290 134 -
3359 107 3455 142 κη
3577 105 3736 148 δυ’-ἰ

483 223 486 230 -
559 185 744 252 ίιῖιιέδί
801 191 924 270 τιν,ιῆ
979 211 1094 253 πυτ
1153 209 1202 242 ’το
1228 195 1554 271 ηὲυυὲδηιη,
1583 230 1618 248 ,η
1679 195 1706 236 ἐῖ
1735 195 1783 230 ἠδ
1823 191 1857 234 '1'.-
1891 189 2016 242 ιικιςξ
2063 226 2072 236 .

515 371 649 443 1251
1678 363 1740 423 S.
1765 359 2089 426 JOANNIS
2117 358 2126 420 1

2206 356 2552 420 .MASGENI
3669 349 3823 417 1252

509 486 772 542 Salomon
815 477 1116 538 Cherubim
1166 489 1390 548 quoque
1441 472 1763 543 fabricavit,
1814 479 1878 528 ut
1929 471 2099 529 refert

2206 471 2502 543 Χερουσίμ,
2542 467 2618 534 ὥς
2641 484 2811 540 φησιν
2844 467 2878 540 ἡ
2907 465 3089 552 βίβλος
3127 466 3239 520 τῶν
3287 465 3620 522 Βασιλειῶν.
3700 471 3817 523 Καὶ

511 577 825 647 Regnorum
858 572 1000 627 liber
1018 571 1063 602 “
1099 589 1112 624 :
1149 569 1449 626 Cheruhim
1480 567 1651 624 etiam
1677 566 1903 624 vestivit
1933 580 2093 632 auro,

2206 564 2456 634 περιέσχε
2485 564 2554 617 τά
2571 561 2855 633 Χερουϐὶμ
2887 561 3124 632 χρυσίῳ,
3149 560 3247 615 καὶ
3273 560 3488 625 πάντας
3516 562 3661 627 τοὺς
3697 563 3815 614 τοί-

509 681 815 738 omnesque
870 665 1110 736 parietes
1145 664 1201 719 in
1242 662 1519 730 circuitu;
1551 661 1759 734 quibus
1789 669 1844 716 et
1868 659 2098 715 caelatos

2206 673 2326 726 κους
2358 653 2543 726 κύκλῳ
2562 670 2575 684 ·
2603 653 2696 708 καί¹
2724 653 3031 717 κολαπτοὺς
3065 649 3330 723 ὲνέγλυψε
3351 653 3672 725 Χερουϐὶμ,
3715 655 3815 708 καὶ

513 745 806 829 insculpsit
839 755 1160 821 Cberubim,
1183 763 1238 810 et
1263 754 1478 827 palmas
1515 754 1666 809 intus
1694 759 1749 809 et
1794 751 1934 808 foris
1963 751 2095 821 (non

2206 749 2451 819 φοίνικας
2487 745 2567 818 τῷ
2597 745 2854 818 ὲσωτὲρῳ
2887 743 3250 816 κα“ιὲξωτέρῳ
3276 758 3292 773 ⁸
3333 744 3430 798 καὶ⁸
3479 746 3582 799 οὐκ
3646 741 3814 800 εἶπεν

510 853 653 909 dixit
687 865 716 905 a
746 849 1037 912 lateribus,
1081 847 1278 915 sed,in
1303 847 1578 916 circuitu),
1612 845 1782 901 boves
1815 855 2098 916 praeterea,

2206 842 2266 896 ὲκ
2299 839 2565 908 πλαγίων,
2614 837 2751 894 ἀλλὰ
2774 837 2976 904 κύκλῳ
2999 851 3014 865 ·
3069 837 3168 890 καὶ
3219 835 3369 906 βόας,
3400 835 3492 891 καὶ
3539 835 3810 901 λέοντας,

513 947 809 1013 leonesque
844 951 897 998 et
939 941 1344 1012 malogranata.
1373 940 1572 994 Annon
1608 939 1778 1009 igitur
1800 937 1976 992 multo
2005 936 2102 991 ho-

2206 933 2296 988 καὶ
2327 933 2598 1005 ῥοΐσκους.
2628 929 2706 985 Ού
2738 928 2918 1001 πολλῷ
2943 924 3038 984 οῦν
3063 928 3393 1002 τιμιώτερον
3423 932 3643 993 πάντας
3675 931 3810 992 τοὺς

512 1036 904 1093 noriﬁcentius
933 1035 1100 1090 fuerit
1124 1041 1447 1090 sanctorum
1469 1031 1659 1104 ﬁguris
1688 1044 1880 1086 omnes
1906 1028 2102 1085 domus

2206 1028 2416 1098 τοίχους
2447 1023 2600 1079 οἴκου
2638 1023 2848 1095 Κυρίου
2882 1023 3160 1095 κοσμῆσαι
3185 1023 3360 1093 ἁγίων
3402 1026 3648 1095 μορφαῖς
3713 1027 3811 1078 καὶ

515 1131 608 1186 Dei
630 1129 869 1199 parietes
889 1141 1113 1195 ornare,
1138 1141 1304 1198 quam
1328 1125 1689 1180 animantium
1715 1131 1770 1178 et
1801 1119 2103 1178 arborum?

2206 1119 2602 1190 είκονίσμασιν,
2654 1117 2800 1188 ἥπερ
2844 1115 3056 1185 ἀλόγων
3082 1116 3178 1171 καὶ
3207 1117 3474 1187 δένδρων;
3517 1117 3631 1171 ποῦ
3660 1119 3694 1172 ό
3733 1117 3810 1170 δί-

518 1219 752 1278 Uhinam
772 1229 858 1276 est
875 1220 961 1276 lex
982 1221 1058 1274 ita
1089 1217 1456 1290 praecipiens:
1499 1234 1519 1268 ι
1551 1214 1632 1273 Ne
1664 1215 1863 1270 feceris
1882 1228 2103 1269 omnem

2206 1211 2486 1283 αγορεύων
2536 1210 2705 1282 νόμος
2737 1226 2754 1242 ο
2798 1228 2818 1261 ι
2853 1210 2936 1264 Οὐ
2991 1210 3271 1278 ποιήσεις
3295 1207 3422 1266 πᾶν
3445 1210 3754 1280 ὀμοίωμα;
3783 1230 3800 1263 ι

517 1310 936 1376 similitudinem
961 1309 1047 1362 "i
1072 1328 1090 1362 ι
1127 1309 1391 1364 Attamen
1438 1305 1730 1372 Salomon,
1762 1305 1856 1378 qui
1887 1306 2107 1376 sapien-

2206 1304 2371 1360 Ἀλλὰ
2397 1303 2592 1373 σοφίας
2619 1303 2779 1375 χύσιν
2803 1301 3100 1375 δεξάμενος
3124 1303 3401 1374 Σολομὼν,
3429 1303 3674 1375 οὐρανὸν
3725 1306 3804 1357 εἰ-

517 1405 608 1461 tiae
625 1403 901 1461 ellluvium
933 1401 1170 1474 accepit,
1188 1402 1318 1458 dum
1343 1400 1471 1459 coeli
1495 1401 1760 1457 conderet
1789 1399 2104 1472 imaginem,

2207 1399 2461 1465 κονίζων,
2484 1396 2710 1470 ἐποίησε
2731 1395 3040 1469 Χερουϐὶμ,
3075 1396 3172 1450 καὶ
3221 1394 3477 1461 λεόντων,
3521 1396 3626 1450 καὶ
3659 1396 3803 1468 βοῶν

517 1495 841 1560 Cherubim,
895 1503 951 1550 et
1001 1496 1244 1562 leonum,
1296 1493 1574 1564 boumque
1627 1491 1898 1563 imagines
1954 1490 2106 1558 fecit,

2207 1491 2574 1564 ὁμοιώματα·
2608 1488 2766 1544 τοῦτο
2817 1488 2876 1542 δὲ
2922 1487 3260 1560 ἀπαγορεύει
3305 1490 3334 1542 ό
3389 1488 3580 1556 νόμος.
3639 1489 3706 1542 Εἰ
3748 1489 3802 1541 δὲ

520 1589 742 1644 tametsi
777 1589 882 1644 hoc
907 1587 1021 1642 ﬁeri
1057 1587 1141 1642 lex
1163 1586 1503 1659 prohiberet.
1534 1585 1691 1653 Quod
1724 1587 1770 1641 si
1805 1602 1914 1640 non
1946 1584 2110 1640 modo

2209 1584 2371 1656 ἡμεῖς
2428 1581 2666 1652 Χριστὸν
2708 1581 3089 1647 εἰκονίζοντες,
3133 1581 3226 1634 καὶ
3271 1579 3541 1652 ποιοῦμεν
3593 1581 3670 1634 τὰ
3691 1581 3800 1633 τῶν

520 1679 755 1746 Christi,
785 1693 978 1734 verum
1010 1679 1175 1733 etiam
1238 1684 1563 1732 sanctorum
1594 1676 1876 1747 pingimus
1918 1675 2111 1745 imagi-

2211 1675 2384 1746 ἁγίων
2406 1673 2789 1745 εἰκονίσματα,
2815 1673 2917 1726 οὐκ
2944 1673 3054 1745 ἄρα
3076 1671 3238 1726 τοῦτο
3295 1673 3518 1736 πάντως
3566 1674 3800 1728 εὐσεεέ-

520 1787 644 1837 nes,
677 1785 859 1826 annon
880 1769 984 1825 hoc
1017 1785 1116 1840 per
1144 1784 1364 1825 omnem
1395 1769 1621 1824 modum
1651 1767 1965 1838 religiosius
1991 1777 2106 1835 est;

2214 1786 2426 1840 στερον,
2474 1768 2558 1822 ὅτι
2604 1767 2700 1822 καὶ
2755 1765 3073 1838 Πνεύματος
3137 1767 3294 1836 ἁγίου
3354 1769 3462 1822 εἰσὶ
3497 1768 3798 1840 πεπληρω-

519 1861 722 1932 quippe
742 1875 868 1916 curn
903 1859 1010 1914 illa:
1031 1857 1273 1930 Spiritus
1293 1857 1472 1914 sancti
1496 1857 1658 1913 donis
1692 1857 1949 1912 aﬂluant?
1974 1855 2108 1910 Nam

2213 1861 2389 1934 μένας
2417 1859 2630 1931 Ὠσπερ
2658 1858 2768 1931 γάρ
2799 1858 2922 1912 τότε
2955 1859 3149 1930 αἵματι
3185 1859 3440 1930 ήγνίζετο
3460 1861 3491 1914 ό
3538 1859 3676 1923 λαός
3721 1877 3797 1924 τε,

521 1950 670 2006 sicut
695 1960 824 2005 tunc
853 1950 1092 2020 populus
1111 1959 1166 2004 et
1199 1949 1468 2020 templum
1525 1948 1802 2020 sanguine
1832 1957 1884 2004 et
1922 1948 2112 2004 cinere

2208 1954 2304 2009 καὶ
2347 1956 2378 2008 ό
2428 1954 2578 2021 ναὸς,
2627 1954 2722 2007 καὶ
2772 1953 2955 2024 σποδῷ
3011 1951 3336 2023 δαμάλεως,
3390 1953 3536 2008 οὕτω
3575 1953 3678 2008 καὶ
3707 1953 3798 2006 νῦν

521 2042 708 2096 vitula!
739 2041 1168 2108 mundabantur,
1205 2041 1279 2096 ita
1311 2050 1366 2098 et
1391 2055 1542 2096 nunc
1579 2040 1852 2113 sanguine
1876 2041 2110 2106 Christi,

2207 2045 2450 2119 Χριστοῦ
2474 2047 2690 2119 αἵματι,
2728 2047 3181 2118 μαρτυρήσαντος
3213 2045 3307 2099 ὲπὶ
3349 2045 3576 2099 Ποντίου
3642 2045 3802 2099 Πιλά-

524 2133 618 2204 qui
651 2133 1030 2188 testimonium
1063 2129 1303 2188 reddidit
1354 2133 1457 2190 sub
1485 2131 1684 2189 Pontio
1711 2133 1914 2202 Pilato,
1945 2148 2114 2206 seque

2209 2158 2326 2208 του,
2358 2140 2456 2196 καὶ
2489 2138 2684 2196 ἑαυτὸν
2705 2139 2965 2212 ἀπαρχὴν
3009 2139 3118 2193 τῶν
3159 2137 3454 2211 μαρτύρων
3497 2137 3801 2206 δείξαντος,

525 2232 832 2295 martyrum
889 2223 1165 2294 primitias
1195 2223 1393 2278 obtulit
1441 2241 1455 2278 :
1505 2224 1756 2297 itemque
1793 2233 2110 2282 sanctorum

2211 2231 2292 2289 ἔτι
2316 2233 2375 2288 δὲ
2394 2233 2492 2297 καὶ.
2521 2231 2601 2304 τῷ
2628 2231 2736 2288 τῶν
2772 2232 2944 2302 ἁγίων
2966 2230 3184 2302 αἵματι,
3215 2230 3299 2300 ἐφ’
3325 2225 3400 2285 ὧν
3423 2233 3457 2302 ὴ
3495 2231 3804 2300 Ἐκκλησία

527 2315 822 2386 sanguine,
869 2329 1039 2387 supra
1079 2329 1222 2385 quos
1277 2313 1545 2370 aediﬁcata
1582 2325 1670 2372 est
1727 2316 1996 2374 Ecclesia.
2033 2320 2114 2374 Ac

2211 2327 2597 2398 οἰκοδομεῖται.
2639 2326 2752 2380 Καὶ
2772 2325 2895 2379 τότε
2926 2324 3048 2396 μὲν,
3103 2328 3344 2397 μορφαῖς
3387 2341 3446 2378 τε
3485 2326 3583 2378 καὶ
3638 2325 3805 2378 ἐκτυ-

527 2416 662 2462 tunc
711 2406 936 2478 quidem
972 2419 1158 2462 rerum
1211 2406 1428 2462 ratione
1469 2407 1779 2463 carentium
1833 2406 2029 2466 formis
2059 2416 2116 2466 et

2212 2419 2472 2490 πώμασιν
2493 2418 2704 2490 ἀλόγων
2723 2417 3024 2491 ἐμψύχους,
3057 2417 3154 2472 καὶ
3183 2417 3436 2488 λογικοὺς
3472 2419 3642 2482 ναοὺς
3680 2419 3804 2472 tau-

529 2498 718 2570 ﬁguris
746 2496 841 2554 Dei
877 2497 1142 2567 templum
1172 2496 1505 2564 ornabatur;
1539 2512 1688 2553 nunc
1716 2513 1849 2554 vero
1881 2507 2112 2556 sancto-

2213 2512 2342 2577 τοὺς
2373 2512 2457 2577 εἰς
2475 2513 2898 2584 κατοικητήριον
2927 2509 3064 2565 Θεοῦ
3105 2510 3622 2566 κατεσκευακότων.

529 2607 651 2646 rum
687 2589 1044 2663 imaginibus,
1079 2591 1174 2662 qui
1213 2592 1432 2662 seipsos
1467 2589 1709 2648 animata
1750 2606 1817 2648 ac
1868 2593 2117 2650 rationa-

529 2685 664 2741 bilia
695 2683 792 2741 Dei
821 2684 1027 2756 templa
1053 2684 1483 2740 constituerunt.

599 2775 690 2829 21.
726 2774 999 2843 Quocirca
1027 2775 1312 2831 Christum
1334 2788 1518 2846 regem
1547 2780 1602 2830 et
1625 2772 1917 2830 Dominum
1938 2774 2118 2833 oculis

2287 2781 2396 2836 κα’.
2439 2779 2785 2852 Ἱστοροῦμεν
2805 2773 2901 2834 οῦν
2931 2776 3169 2850 Χριστὸν
3195 2777 3289 2832 τὸν
3317 2775 3542 2849 βασιλέα
3567 2776 3675 2830 καὶ
3695 2777 3805 2832 Κύ-
3831 2785 3869 2826 .¹

531 2867 608 2923 ita
624 2868 978 2940 subiicimus,
995 2875 1056 2922 ut
1077 2882 1178 2923 nec
1202 2882 1304 2922 suo
1329 2867 1630 2937 spoliemus
1649 2868 1825 2938 ipsum
1845 2869 2115 2924 exercitu.

2220 2890 2356 2947 ριον,
2383 2873 2445 2928 ού
2468 2871 2804 2944 γυμνοῦντες
2830 2869 2994 2924 αὐτὸν
3027 2867 3122 2924 τοῦ
3151 2869 3587 2942 στρατεύματος.
3627 2863 3822 2942 Στραέ
3851 2868 3869 2886 ·⁴

533 2961 667 3016 Nam
689 2963 967 3018 exercitus
991 2960 1209 3016 Domini
1239 2968 1370 3017 sunt
1389 2961 1591 3016 sancti.
1611 2957 1928 3017 Exercitum
1957 2977 2118 3018 suum

2216 2967 2310 3032 τὸς
2358 2966 2468 3039 γὰρ
2505 2964 2600 3019 τοῦ
2645 2963 2854 3034 Κυρίου
2899 2963 2948 3016 οἱ
2995 2961 3166 3032 ἅγιοι.
3207 2961 3558 3034 Γυμνωσάτω
3609 2963 3803 3016 ἑαυτὸν

533 3053 779 3108 dimittat
819 3054 975 3121 prius
1034 3052 1337 3123 imperator
1393 3060 1673 3118 terrenus,
1721 3067 1886 3122 quam
1928 3068 2115 3126 regem

2217 3057 2314 3112 τοῦ
2347 3057 2552 3112 οἰκείου
2577 3054 2986 3127 στρατεύματος
3027 3055 3057 3108 ό
3085 3053 3328 3123 ἐπίγειος
3381 3053 3666 3124 βασιλεὺς,
3715 3057 3803 3108 καὶ

534 3162 695 3204 suum
715 3161 780 3200 ac
809 3143 1102 3199 Dominum
1138 3143 1380 3214 spoliare
1420 3142 1641 3198 audeat.
1677 3143 1988 3215 Purpuram
2017 3147 2113 3202 dc-

2222 3152 2347 3205 τότε
2377 3150 2468 3204 τὸν
2491 3147 2688 3206 ἑαυτοῦ
2729 3148 2957 3220 βασιλέα
2984 3147 3080 3202 καὶ
3099 3147 3322 3219 Κύριον.
3357 3147 3686 3203 Ἀποθέσθω
3711 3148 3803 3218 τὴν

535 3244 724 3310 ponat,
745 3243 861 3290 tum
877 3249 1068 3290 eorum
1087 3235 1182 3305 qui
1211 3249 1334 3289 cum
1361 3241 1597 3305 tyranno
1616 3243 1842 3291 strenue
1865 3235 2125 3322 conﬂixe-

536 3338 688 3391 runt,
715 3323 1116 3394 ati‘ectibusque
1150 3324 1270 3381 suis
1303 3324 1677 3396 imperarunt,
1707 3327 2123 3382 venerationem

538 3416 771 3472 adimat.
799 3415 858 3470 Si
896 3416 1044 3471 enim
1079 3415 1324 3472 lireredes
1356 3415 1472 3482 Dei,
1513 3417 1835 3474 coheredes
1873 3417 2125 3489 proiecto

537 3507 744 3563 Christi
768 3507 836 3574 “,
871 3521 1088 3562 necnon
1126 3505 1224 3563 Dei
1274 3507 1470 3579 gloriae
1530 3523 1596 3564 ac
1639 3508 1795 3581 regni
1833 3518 2125 3566 consortes

539 3608 669 3656 sunt
700 3599 895 3664 futuri,
920 3608 1112 3670 utpote
1135 3599 1226 3669 qui
1255 3600 1617 3670 passionibus
1641 3601 1850 3656 Christi
1876 3616 2126 3656 commu-

540 3693 890 3747 nicaverunt.
923 3690 1068 3757 Quid
1122 3699 1275 3748 vetat
1330 3693 1632 3763 quominus
1677 3694 1841 3750 amici
1888 3693 2122 3762 Christi,

542 3785 716 3858 ipsius
739 3785 796 3839 in
821 3792 969 3840 terra
992 3785 1183 3856 gloriae
1205 3787 1510 3858 participes
1539 3787 1714 3844 fiant!
1745 3807 1765 3841 ‹
1797 3789 1916 3844 Non
1944 3789 2122 3844 dicam

542 3893 639 3933 vos
676 3892 888 3942 servos,
957 3877 1138 3949 inquit
1191 3878 1339 3936 Deus
1384 3881 1452 3948 “,
1499 3881 1596 3938 sed
1657 3882 1889 3940 amicos.
1920 3881 2126 3938 -—-Vos

544 3971 704 4026 amici
738 3971 841 4028 mei
869 3972 1008 4029 estis
1028 3972 1094 4027 ⁸⁸.
1127 3992 1148 4026 ι
1173 3973 1344 4031 Hisne
1371 3975 1591 4030 tandem
1619 3991 1778 4030 suum
1802 3977 2125 4048 negabimus

546 4065 832 4131 honorem,
852 4081 1018 4137 quem
1042 4068 1320 4122 concessit
1338 4068 1477 4138 ipsis
1505 4066 1781 4126 Ecclesia?
1801 4067 1845 4124 Ο
1862 4067 2125 4124 audacem

546 4158 804 4211 manuml
846 4157 887 4210 0
941 4159 1296 4214 temerariam
1358 4168 1628 4226 mentem,
1678 4175 1803 4231 quae
1855 4176 1981 4216 cum
2018 4159 2128 4217 Deo

544 4247 847 4315 contendit,
866 4249 1291 4320 ejusquejussis
1311 4252 1672 4309 adversatur!
1699 4251 1779 4307 Tu
1809 4254 1902 4324 qui
1935 4253 2127 4326 imagi-

544 4355 669 4394 nem
694 4341 924 4395 adorare
945 4342 1155 4408 renuis,
1181 4357 1248 4398 ne
1267 4342 1362 4398 Dei
1387 4344 1608 4414 quidem
1629 4341 1829 4398 Filium
1860 4344 2125 4410 colueris,

547 4432 640 4502 qui
671 4432 864 4489 vivens
916 4434 1099 4504 imago
1145 4442 1230 4490 est
1265 4434 1358 4491 Dei
1389 4437 1691 4493 invisibilis
1717 4437 1786 4502 “,
1821 4435 2126 4492 invariabi-

549 4523 726 4594 lisque
757 4524 1041 4578 character
1065 4524 1132 4578 ".
1165 4524 1464 4597 Imaginem
1496 4525 1703 4584 Christi
1737 4527 1930 4596 adoro,
1963 4536 2126 4600 prout

549 4615 693 4671 Deus
719 4625 801 4671 cst
832 4617 1152 4675 incarnatus
1197 4635 1210 4672 :
1253 4619 1504 4692 Deiparae
1551 4622 1684 4678 item
1737 4623 1985 4678 omnium
2022 4622 2131 4678 Do-

549 4707 733 4771 mina),
765 4714 823 4762 ut
852 4724 972 4779 quae
997 4711 1270 4766 iucarnati
1297 4711 1392 4768 Dei
1437 4713 1609 4769 Mater
1639 4722 1725 4770 est
1756 4733 1770 4770 :
1805 4723 2130 4772 sanctorum

550 4814 772 4869 quoque
820 4800 914 4871 qui
956 4801 1118 4857 amici
1167 4800 1262 4858 Dei
1308 4809 1469 4870 sunt,
1510 4805 1716 4876 quique
1743 4805 1812 4861 ad
1843 4806 2133 4878 sanguinis

549 4889 879 4948 effusionem
910 4908 1084 4964 usque
1111 4901 1340 4964 peccato
1393 4896 1752 4963 restiterunt,
1799 4905 1853 4952 et
1904 4898 2130 4968 sangui-

551 4996 674 5036 nein
718 4998 817 5053 pro
859 4982 1082 5040 Christo
1131 4984 1446 5052 fundentes,
1496 4988 1676 5058 ipsum
1726 4989 1925 5043 iruitati
1969 4997 2123 5054 sunt,

552 5071 644 5140 qui
672 5073 954 5142 proprium
976 5075 1300 5145 sanguinem
1331 5076 1580 5148 ipsorum
1608 5093 1776 5135 causa
1811 5081 1963 5150 prior
1991 5080 2127 5137 εσυ-

550 5163 740 5232 derat;
775 5163 938 5236 317
966 5180 1155 5222 eorum
1197 5168 1416 5225 demum
1451 5171 1543 5242 qui
1573 5170 1783 5226 Christi
1815 5181 2129 5242 prementes

553 5256 806 5328 vestigia,
855 5259 924 5313 ad
965 5273 1028 5314 ea
1077 5260 1246 5316 vitam
1285 5277 1442 5318 suam
1495 5264 1880 5319 instituerunt.
1911 5264 2125 5321 Horum

554 5350 819 5421 praeclare
851 5359 1001 5427 gesta
1045 5353 1438 5427 cruciatusque
1466 5356 1700 5426 picturis
1729 5372 2026 5428 expressa,
2059 5359 2131 5415 ob

552 5442 746 5497 oculos
787 5457 942 5500 meos
969 5459 1140 5516 pono,
1173 5463 1272 5518 per
1305 5463 1428 5519 quae
1459 5459 1689 5506 sanctus
1723 5451 1918 5518 evado,
1951 5459 2122 5524 atque

551 5533 808 5589 imitandi
853 5537 1038 5594 studio
1085 5540 1404 5598 inardesco.
1445 5539 1584 5597 Nam
1625 5543 1719 5614 qui
1755 5542 1987 5614 imagini
2027 5543 2128 5598 ha-

642 5714 688 5747 “
713 5715 754 5772 Ιί
799 5716 931 5786 Reg.
968 5734 1046 5784 Vl,
1093 5719 1187 5786 25,
1220 5718 1312 5776 29.

550 5781 682 5839 loss.
713 5803 758 5858 ι,
805 5781 905 5850 15Ξ
932 5781 1100 5844 Hebr.
1135 5781 1182 5859 ι,
1205 5790 1259 5844 3.

2224 3241 2542 3314 ἁλουργίδα,
2569 3241 2664 3295 καὶ
2687 3240 2811 3293 τότε
2830 3239 2940 3294 τῶν
2970 3239 3114 3294 κατὰ
3133 3239 3230 3294 τοῦ
3254 3239 3522 3311 τυράννου
3548 3240 3806 3312 ἀριστευ-

2227 3333 2437 3389 σάντων
2460 3371 2478 3398 ,
2515 3332 2610 3386 καὶ
2646 3331 3084 3402 βασιλευσάντων
3123 3330 3232 3386 τῶν
3275 3330 3467 3384 παθῶν
3521 3332 3584 3386 τὸ
3642 3332 3802 3394 σέϐας

2226 3422 2606 3494 περιαιρείτω.
2637 3422 2701 3476 Ei
2742 3421 2851 3492 γὰρ
2877 3421 3206 3493 κληρονόμοι
3235 3419 3397 3486 Θεοῦ,
3431 3423 3528 3477 καὶ
3559 3424 3800 3494 συγκληο

2227 3515 2448 3588 ρονόμοι
2481 3513 2741 3585 Χριστοῦ,
2781 3515 2876 3567 καὶ
2899 3515 2998 3584 τῆς
3027 3513 3178 3577 θείας
3206 3511 3365 3584 δόξης
3391 3516 3487 3567 καὶ
3524 3514 3801 3584 βασιλείας

2225 3608 2474 3664 κοινωνοὶ
2507 3608 2752 3671 ἔσονται,
2799 3605 2910 3659 τῶν
2941 3605 3287 3677 παθημάτων
3315 3606 3557 3680 Χριστοῦ
3611 3625 3801 3663 κοινω-

2226 3704 2518 3773 νήσαντες·
2556 3698 2675 3762 πῶς
2703 3698 2828 3769 οὐχὶ
2859 3697 2953 3752 καὶ
2981 3698 3082 3768 τῆς
3127 3697 3222 3750 ἐπὶ
3253 3698 3358 3769 γῆς
3391 3698 3554 3768 δόξης
3585 3700 3799 3771 συμμέ-

2226 3809 2376 3864 τοχοι
2404 3790 2840 3862 χρηματίσουσιν
2881 3791 2934 3843 οί
2977 3789 3122 3858 φίλοι
3151 3789 3434 3860 Χριστοῦ;
3469 3807 3491 3842 ι
3538 3792 3618 3844 Οὐ
3666 3791 3802 3860 λέγω

2227 3887 2371 3957 ὑμᾶς
2399 3884 2645 3951 δούλους,
2671 3885 2838 3955 φησὶν
2865 3885 2894 3937 ό
2913 3883 3046 3948 Θεός
3074 3901 3088 3914 ·
3118 3884 3279 3955 ὑμεῖς
3305 3883 3452 3950 φίλοι
3478 3902 3583 3954 μου
3609 3887 3757 3940 ἐστέ.
3782 3905 3796 3936 ι

2227 3977 2342 4048 Τῆς
2389 3973 2483 4032 οὖν
2525 3976 2822 4048 δεδομένης
2877 3976 3062 4040 αὐτοῖς
3104 3977 3258 4047 παρὰ
3306 3976 3409 4048 τῆς
3469 3978 3802 4050 Ἐκκλησίας

2226 4071 2416 4143 τιμῆς,
2457 4069 2855 4142 ἀπαμφιοῦμεν
2891 4069 3130 4134 αὖτούς;
3167 4071 3233 4123 ’Ὠ
3273 4069 3533 4141 θρασείας
3579 4073 3800 4144 χειρόςί

2227 4163 2274 4219 ὣ
2309 4165 2593 4235 τολμηρᾶς
2619 4161 2844 4233 γνώμης
2864 4201 2880 4226 ,
2926 4161 3319 4233 ἀντεριζούσης
3348 4163 3468 4234 Θεῷ
3493 4203 3509 4227 ,
3558 4167 3665 4218 καὶ
3703 4170 3806 4226 τοῖς

2227 4251 2395 4307 αὐτοῦ
2431 4250 2904 4324 ἀντιπραττούσης
2937 4253 3404 4322 προστάγμασινί
3444 4253 3519 4305 Οὐ
3558 4271 3804 4325 προσκυ-

2228 4346 2340 4409 νεῖς
2385 4331 2552 4398 είκόνι
2573 4385 2588 4410 ,
2637 4345 2771 4416 μηδὲ
2813 4343 2892 4415 τῷ
2927 4344 3042 4414 Υίῷ
3069 4344 3166 4397 τοῦ
3206 4344 3344 4398 Θεοῦ
3376 4346 3690 4416 προσκύνει
3714 4389 3730 4414 ,
3758 4351 3806 4410 5;

2232 4437 2382 4491 ἐστιν
2416 4436 2581 4490 εἰκὼν
2615 4435 2708 4488 τοῦ
2739 4435 2976 4508 ἀοράτου
3007 4435 3142 4488 Θεοῦ
3177 4435 3349 4502 ζῶσα,
3391 4437 3484 4490 καὶ
3514 4439 3805 4510 χαρακτὴρ

2232 4529 2676 4602 ἀπαράλλακτος.
2722 4526 3026 4600 Προσκυνῶ
3076 4528 3314 4600 Χριστοῦ
3351 4530 3554 4594 εἰκόνι,
3589 4531 3680 4595 ὡς
3732 4550 3808 4585 σε·

2232 4622 2592 4695 σαρκωμένου
2623 4619 2759 4674 Θεοῦ
2783 4636 2795 4649 ·
2834 4621 2935 4691 τῆς
2962 4621 3263 4692 Δεσποίνης
3292 4621 3401 4675 τῶν
3423 4621 3694 4677 ἁπάντων
3726 4625 3808 4694 τῆς

2231 4713 2498 4768 Θεοτόκου
2527 4752 2542 4777 ,
2597 4706 2687 4766 οἷα
2738 4711 2966 4783 Μητρὸς
3011 4711 3106 4764 τοῦ
3146 4711 3281 4764 Υἱοῦ
3327 4711 3423 4765 τοῦ
3469 4711 3614 4766 Θεοῦ
3644 4731 3659 4744 ·
3713 4716 3809 4766 τῶν

2235 4807 2442 4875 ἁγίων,
2492 4805 2568 4868 ὠς
2600 4804 2768 4874 φίλων
2799 4802 2934 4858 Θεοῦ
2959 4843 2974 4868 ,
3018 4803 3127 4856 τῶν
3179 4804 3345 4875 μέχρι
3397 4805 3639 4875 αἵματος
3675 4808 3811 4859 ἀντι·

2233 4897 2624 4953 καταστάντων
2690 4896 2830 4968 προς
2897 4893 2995 4967 τὴν
3043 4895 3365 4967 ἁμαρτίαν,
3419 4895 3515 4949 καὶ
3577 4896 3808 4967 Χριστὸν

2237 4988 2637 5064 μιμησαμένων
2667 4991 2734 5061 τῇ
2767 4989 2908 5060 ὑπὲρ
2956 4987 3121 5042 αὐτοῦ
3151 4988 3375 5058 ἐκχύσει
3427 4987 3524 5042 τοῦ
3559 4991 3809 5060 αἵματος,

2233 5082 2330 5137 τοῦ
2383 5082 2444 5135 τὸ
2501 5083 2703 5135 οἰκεῖον
2761 5074 2904 5152 αἷμα
2955 5078 3098 5149 ὑπὲρ
3146 5080 3330 5134 αὐτῶν
3377 5080 3807 5152 πῳεκχὲαντος·

2237 5175 2330 5230 καὶ
2359 5175 2470 5231 τῶν
2499 5173 2622 5228 κατ’
2669 5174 2819 5245 ἴχνος
2849 5171 3016 5227 αὑτοῦ
3047 5172 3534 5244 πολιτευσαμένων
3556 5214 3570 5236 ,
3605 5175 3812 5228 τούτων

2234 5268 2335 5332 τὰς
2362 5267 2645 5339 ἀριστείας
2675 5267 2770 5321 καὶ
2799 5265 2870 5322 τὰ
2899 5267 3046 5338 πάθη
3076 5267 3466 5338 άναγράπτους
3487 5266 3812 5339 καθίστημι,

2235 5359 2312 5424 ὡς
2353 5359 2421 5412 δι’
2463 5357 2646 5414 αὐτῶν
2691 5357 3090 5428 άγιαζόμενος,
3131 5357 3227 5412 καὶ
3275 5359 3414 5429 πρὸς
3443 5357 3611 5428 ζῆλον
3647 5365 3814 5430 μιμήο

2241 5467 2379 5514 σεως
2426 5449 2807 5521 ἀλειφόμενος.
2851 5449 2918 5502 Ἦ
2949 5451 3060 5521 γὰρ
3100 5449 3200 5520 τῆς
3240 5451 3450 5512 εἰκόνος
3495 5451 3639 5521 τιμὴ
3689 5453 3815 5524 πρὸς

2239 5543 2302 5598 τὸ
2331 5540 2692 5612 πρωτότυπον
2720 5541 3020 5610 διαϐαίνει,
3065 5542 3231 5614 φησὶν
3269 5543 3298 5596 ό
3327 5542 3470 5607 θεῖος
3513 5542 3814 5608 Βασίλειος.

1417 5723 1463 5756 ⁶¹
1502 5721 1664 5782 Deut.
1717 5739 1794 5792 tv,
1847 5725 1937 5782 16.
2015 5725 2126 5782 "li

2206 5744 2249 5786 η.
2300 5744 2422 5832 vni,
2456 5728 2542 5784 l7.
2620 5726 2852 5796 “Joan,
2891 5741 2985 5793 xv,
3029 5725 3116 5780 l5.
3211 5723 3257 5756 “
3290 5723 3424 5780 ibid.
3466 5723 3554 5780 15.
3639 5723 3692 5756 ⁸⁸
3723 5722 3812 5778 (Ζο-
