3904 6358
473 370 615 434 1259
1673 367 1732 441 s.
1765 365 2085 426 JOANNIS
2114 366 2546 426 mausoan

473 488 580 535 est.
642 477 782 543 Quin
838 485 887 530 et
931 474 1144 545 Moyses
1198 473 1314 544 ipse
1341 482 1394 528 et
1441 475 1622 528 Aaron
1659 490 1747 530 res
1798 475 2046 530 manibus

2162 476 2400 544 Μωῡσῆς
2435 475 2512 538 δὲ,
2539 474 2635 528 καὶ
2680 473 2890 545 Ἀαρὼν
2925 476 3022 527 σὺν
3081 475 3241 527 παντὶ
3281 476 3357 546 τῷ
3414 476 3528 547 λαῷ
3559 497 3770 552 χειρο-

468 570 740 624 formatas
796 567 1182 620 adoravernnt.
1241 565 1330 618 Ait
1377 566 1582 635 quippe
1619 564 1841 629 Paulus,
1881 581 2046 622 aurea

2162 569 2396 639 ποιήτοις
2441 568 2877 637 προσεκύνησαν.
2913 568 3051 636 Φησὶ
3105 565 3237 633 γοῦν
3289 566 3500 632 Παῦλος
3530 573 3561 623 ὁ
3604 591 3770 644 χρυ-

468 659 726 716 Ecclesia
770 659 980 720 cicada,
1015 658 1080 712 ad
1114 659 1371 713 Hebrmos
1401 659 1651 714 scribens
1686 676 1698 710 :
1738 676 1757 708 ι
1796 659 2046 714 Christus

2162 661 2279 724 τοῦς
2317 661 2502 726 τέττιξ
2541 660 2642 728 τῆς
2678 660 3029 728 Ἐκκλησίας,
3065 662 3122 712 έν
3162 663 3228 729 τῇ
3278 661 3416 729 πρδς
3447 661 3770 734 Ἑϐραίους

467 751 740 808 assistens
788 749 1035 819 pontifex
1083 749 1398 804 futurorum
1449 749 1746 816 bonorum,
1795 765 1892 820 per
1932 765 2046 803 am-

2165 753 2456 822 Ἐπιστολῇ
2485 768 2497 780 ·
2527 771 2544 802 ι
2575 751 2812 822 Χριστὸς
2861 751 2914 804 δὲ
2968 752 3414 822 παραγενόμενος
3445 753 3769 824 ἀρχιερεὺς

3604 371 3770 431 12-53.“

467 843 615 914 plius
640 853 693 897 et
728 841 1029 912 perfectius
1063 841 1479 896 tabernaculum
1508 855 1614 895 non
1645 840 2046 906 manufactum,

469 936 574 990 hoc
620 943 727 999 est,
775 947 884 988 non
933 933 1099 1003 hujus
1129 932 1423 988 creationis
1458 933 1524 985 ’⁵.
1563 949 1582 983 ι
1653 932 1720 985 Ει
1767 948 1989 986 rursum
2033 951 2046 985 :

474 1045 494 1078 ι
529 1024 650 1080 Non
678 1025 824 1079 enim
873 1025 928 1078 in
978 1022 1292 1078 manufaeta
1339 1033 1530 1079 sancta
1574 1024 1827 1079 introivit
1865 1024 2048 1088 Jcsns,

466 1117 803 1188 exemplaria
861 1131 1137 1182 verorum,
1190 1116 1286 1172 sed
1326 1116 1380 1170 in
1432 1117 1611 1186 ipsum
1672 1117 1874 1171 cmlum
1925 1119 1993 1171 ³³.
2028 1137 2045 1170 ι

465 1207 656 1262 Priora
709 1207 882 1278 igitur
933 1214 1152 1272 sancta,
1205 1214 1320 1259 tum
1355 1207 1795 1270 tabernaculum,
1848 1216 2050 1261 tumea

464 1301 637 1354 etiam
661 1313 1008 1370 quaecunque
1052 1298 1106 1352 in
1149 1299 1245 1352 illo
1283 1299 1746 1362 continebantur,
1795 1299 2049 1354 manufa-

463 1401 550 1446 cla
591 1398 767 1445 erant.
797 1388 957 1457 Quod
991 1404 1119 1445 vero
1158 1389 1250 1443 illa
1286 1389 1679 1456 adorarentur,
1732 1391 1921 1446 nullus
1963 1391 2050 1444 in-

466 1484 619 1538 llcias
646 1482 826 1536 iverit.

536 1573 850 1627 Priscorum
876 1570 1331 1640 probatorumque
1367 1570 1466 1625 SS.
1496 1571 1721 1624 Patrum
1751 1572 2051 1626 testimonia

1023 1657 1119 1709 pro
1151 1641 1493 1711 imaginibus.

561 1733 622 1789 S.
659 1733 897 1804 Dionysii
925 1733 1275 1803 Areopagum,
1306 1748 1371 1788 ex
1401 1731 1646 1802 Epistola
1677 1732 1744 1787 ad
1780 1732 1978 1787 Titum.

542 1910 560 1942 ι
597 1886 790 1960 Opera:
819 1889 1056 1959 pretium
1094 1887 1268 1958 igitur
1303 1887 1487 1952 fuerit,
1537 1896 1595 1941 ut
1628 1903 1728 1943 nos
1761 1887 1862 1956 ipsi
1911 1903 2048 1958 prm-

465 1981 727 2037 termissa
754 1979 904 2049 vulgi
931 1977 1000 2032 de
1033 1978 1120 2034 his
1152 1979 1492 2048 opinatione,
1528 1979 1672 2032 intra
1711 1979 1861 2048 ipsas
1891 1979 2049 2032 simi~

466 2071 727 2127 litudines
760 2086 916 2127 sacra
948 2077 1141 2126 sancte
1180 2079 1234 2124 et
1260 2071 1515 2140 religiose
1548 2078 1921 2141 penetrcmus,
1949 2084 2049 2123 nec

466 2165 652 2236 probri
683 2163 893 2234 aliquid
927 2162 1007 2217 eis
1044 2162 1373 2227 inferamus,
1408 2171 1467 2217 ut
1497 2179 1617 2233 qua:
1649 2163 1812 2234 320
1841 2178 1908 2216 ex
1935 2160 2049 2216 for-

458 2257 572 2330 _mis
624 2255 844 2316 divinis
868 2253 1137 2324 originem
1194 2255 1438 2319 trahant,
1497 2269 1884 2325 expressaeque
1914 2253 2046 2316 sint,

465 2357 520 2402 et
560 2358 766 2418 aperta:
819 2361 1151 2400 arcanorum
1206 2345 1706 2418 sublimiorumque
1759 2357 2048 2417 spectacu-

467 2439 648 2495 lorum
681 2439 975 2510 imagines.
1009 2458 1026 2491 ι

538 2529 985 2586 Commentarius.
1060 2527 1214 2592 Vide,
1304 2530 1584 2599 quomodo
1661 2529 2048 2584 excellentium

466 2636 647 2674 rerum
704 2621 1041 2691 imaginibus
1093 2636 1202 2674 non
1253 2635 1377 2675 esse
1434 2618 1835 2675 detrahendum
1897 2635 2050 2674 asse-

466 2721 641 2767 voret.

466 2804 739 2875 Ejusdem,
786 2820 848 2859 ea:
894 2805 1030 2859 libro
1090 2804 1163 2859 De
1194 2793 1391 2858 diuinis
1442 2804 1746 2859 nominibus
1770 2805 1912 2872 (cap.
1961 2803 2046 2873 ί).

538 2915 558 2948 ι
591 2895 716 2951 llaec
769 2911 872 2951 nos
925 2894 1104 2950 edocti
1163 2909 1400 2949 sumus:
1461 2894 1592 2947 dum
1643 2909 1789 2947 nunc
1830 2894 2050 2962 quidem

466 3004 564 3057 pro
623 2995 790 3058 captu
852 2995 1044 3043 nostro
1096 2987 1409 3041 divinorum
1455 2985 1821 3055 eloquiorum,
1881 2985 2051 3038 tradi-

465 3090 756 3148 tarumque
811 3092 840 3130 a
900 3077 1078 3132 sacris
1131 3075 1473 3130 antistitibus
1505 3073 1914 3129 institutionum
1948 3075 2049 3128 hu-

2150 843 2257 897 τῶν
2291 843 2591 913 μελλόντων
2645 843 2890 912 ἀγαθῶν,
2938 842 3026 895 διὰ
3071 843 3172 912 τῆς
3211 841 3460 912 μείζονος
3505 849 3605 899 καὶ
3646 865 3768 898 τε-

2151 935 2432 1004 λειοτέρας
2478 935 2706 1004 σκηνῆς,
2762 935 2827 987 ού
2879 936 3285 1006 χειροποιήτου,
3330 937 3630 998 τουτέστιν,
3681 940 3760 990 οὗ

2150 1027 2355 1096 ταύτης
2411 1025 2510 1096 τῆς
2565 1027 2818 1089 κτίσεως.
2858 1046 2876 1075 ι
2934 1027 3046 1080 Καὶ
3087 1028 3289 1080 πάλιν·
3329 1047 3348 1079 ι
3374 1030 3448 1082 Οὐ
3499 1029 3616 1098 γὰρ
3660 1033 3763 1092 εἰς

2151 1121 2508 1191 χειροποίητα
2539 1119 2790 1190 εἰσῆλθεν
2818 1119 2950 1187 ἅγια
2969 1121 3009 1172 τὸ
3031 1120 3291 1190 Χριστὸς,
3327 1121 3600 1175 ἀντίτυπα
3630 1124 3758 1175 τῶν

2153 1213 2448 1282 ἀληθινῶν,
2482 1213 2596 1265 ἀλλ’
2620 1214 2700 1275 είς
2722 1214 2811 1266 τὸν
2834 1213 3085 1283 οὐρανόν.
3123 1231 3142 1264 ι
3178 1214 3342 1266 Ὥστε
3384 1215 3452 1267 τὰ
3488 1215 3752 1285 πρότερα

2153 1306 2307 1370 ἆγια,
2341 1305 2376 1374 ἧ
2430 1322 2486 1358 τε
2534 1304 2731 1375 σκηνὴ,
2770 1305 2862 1357 καὶ
2914 1303 3093 1358 πάντα
3139 1305 3209 1357 τὰ
3260 1306 3318 1357 ὲν
3371 1307 3507 1376 αὐτῇ
3551 1325 3750 1375 χειροο

2153 1395 2357 1466 ποίητα
2385 1390 2454 1466 ἦν
2472 1411 2484 1425 ·
2526 1397 2620 1449 καὶ
2657 1397 2740 1448 ὅτι
2771 1397 3182 1466 προσεκυνεῖτο,
3211 1396 3390 1460 οὐδεὶς
3417 1398 3544 1449 ἅντε
3557 1402 3666 1468 psi.

2154 1575 2482 1644 Μαρτυρίαι
2508 1573 2781 1629 παλαιῶν
2812 1574 2908 1650 καὶ
2928 1576 3200 1650 δοκίμων
3239 1579 3424 1647 ἁγίων
3455 1581 3744 1650 Harry.er

2722 1646 2856 1713 περὶ
2885 1648 3154 1703 εἰκόνων.

2161 1737 2271 1794 Τοῦ
2313 1737 2485 1807 ἁγίου
2531 1737 2854 1826 Δέοτυσέοιι
2900 1739 3007 1826 tog
3043 1740 3473 1826 ᾎρεοίταγίτου,
3511 1742 3584 1795 ἐκ
3629 1741 3744 1809 τῆς
3769 1752 3801 1826 η

2550 1807 2701 1876 πρὸς
2739 1808 2910 1862 Τίτον
2951 1807 3329 1878 Ἐπιστολῆς.
3690 1807 3697 1809 “
3767 1807 3798 1848 εἰ

2227 1919 2244 1951 ι
2283 1899 2404 1971 Χρὴ
2453 1898 2744 1970 τοιγαροῦν
2793 1900 2890 1954 καλ⁵
2915 1901 3086 1970 ἡμᾶς,
3120 1904 3242 1956 ἀντὶ
3296 1903 3398 1973 τῆς
3445 1905 3742 1975 δημώδους

2149 1992 2276 2062 περὶ
2340 1991 2523 2046 αὐτῶν
2593 1991 2958 2062 ὑπολήψεως,
3021 1992 3154 2048 εἴσω
3207 1993 3314 2048 τῶν
3371 1995 3531 2067 ιερῶν
3591 2014 3744 2067 συμ-

2149 2084 2319 2138 ϐόλων
2355 2084 2699 2156 ἱεροπρεπῶς
2743 2085 3020 2156 διαλαὸεῖν
3048 2083 3098 2148 Β,
3133 2087 3226 2138 καὶ
3264 2086 3399 2157 μηδὲ
3439 2087 3745 2157 ἀτιμάζειν

2151 2175 2293 2244 αὐτὰ
2323 2175 2430 2229 τῶν
2461 2175 2624 2228 θείων
2665 2175 2796 2228 ὄντα
2831 2177 3201 2248 χαρακτήρων
3232 2177 3433 2246 ἔκγονα
3463 2180 3560 2232 καὶ
3597 2182 3744 2234 ἁπη-

2149 2263 2475 2333 τυπὼματα,
2529 2265 2624 2318 καὶ
2663 2266 2878 2329 εἰκόνας
2925 2269 3198 2335 ἐμφανεῖς
3245 2266 3354 2319 τῶν
3399 2268 3744 2338 ἀπορρήτων

2151 2357 2244 2411 καὶ
2271 2355 2564 2428 ὑπερφυῶν
2596 2355 2904 2426 θεαμάτων.
2945 2376 2963 2408 ι

2222 2535 2500 2603 Σχόλιον.
2541 2535 2683 2601 Ἴδε,
2734 2535 2808 2600 ὡς
2847 2536 2951 2606 ἔφη
3009 2536 3086 2607 μὴ
3143 2536 3428 2608 ἀτιμάζειν
3467 2538 3568 2600 τὰς
3626 2539 3744 2591 τῶν

2151 2627 2348 2696 τιμίων
2389 2627 2626 2689 εἰκόνας.

2158 2805 2268 2861 Τοῦ
2297 2806 2506 2868 αὐτοῦ.
2529 2807 2597 2860 ἐκ
2624 2805 2728 2860 τοῦ
2753 2807 2890 2878 Περὶ
2917 2807 3093 2861 θείων
3123 2806 3429 2875 ὀνομάτων
3460 2809 3615 2876 (κεφ.
3643 2809 3742 2874 α’).
3827 2797 3858 2828 ’⁷

2229 2915 2246 2946 ι
2283 2896 2466 2967 Ταύτῃ
2499 2898 2516 2936 ί
2559 2896 2653 2950 καὶ
2687 2897 2849 2966 ἡμεῖς
2893 2896 3257 2967 μεμυήμεθα·
3301 2897 3395 2948 νῦν
3429 2897 3555 2964 μὲν,
3603 2899 3746 2951 ἀνα·

2153 2984 2324 3052 λόγως
2369 2986 2500 3055 ἡμῖν
2554 2983 2641 3038 διὰ
2679 2986 2786 3038 τῶν
2839 2984 3001 3057 ἱερῶν
3052 2986 3606 3056 παραπετασμάτων,
3639 2988 3742 3056 τῆς

2152 3075 2263 3130 τῶν
2289 3076 2486 3143 λογίων
2519 3077 2612 3130 καὶ
2656 3078 2993 3148 ῖεραρχικῶν
3036 3077 3388 3148 παραδόσεων
3420 3078 3746 3149 φιλανθρω-

465 3172 720 3234 manitas,
753 3169 1120 3224 velaminibus
1151 3167 1348 3232 sacris,
1388 3165 1751 3222 sensibilibus
1783 3165 2046 3235 intelligi-

2162 3167 2311 3231 πίας,
2347 3168 2625 3239 αἰσθητοῖς
2669 3168 2738 3222 τὰ
2781 3168 2972 3241 νοητὰ,
3011 3171 3105 3224 καὶ
3142 3172 3254 3233 τοῖς
3288 3165 3406 3223 οὖσι
3436 3170 3503 3223 τὰ
3557 3171 3743 3240 ὑπερ-

2197 3257 2208 3266 .
2429 3258 2441 3266 .
2618 3258 2628 3266 .
2875 3260 2885 3266 .
3113 3259 3124 3266 .
3286 3259 3297 3266 .
3409 3261 3418 3266 .
3555 3248 3618 3254 —-
3643 3249 3713 3266 κ.

466 3262 618 3326 bilia,
662 3269 830 3331 atque
867 3260 948 3315 eis
998 3275 1120 3330 quae
1154 3269 1306 3324 sunt,
1344 3273 1408 3314 ea
1433 3273 1556 3328 quae
1588 3258 1888 3313 essentiam
1931 3273 2048 3310 om-

467 3370 591 3409 nem
634 3360 919 3424 superant,
973 3351 1226 3418 involvit,
1277 3364 1493 3405 necnon
1537 3363 1601 3404 ea
1633 3364 1754 3418 quae
1781 3350 1962 3418 specie
1995 3356 2048 3402 et

465 3444 642 3498 forma
681 3449 904 3507 carent,
949 3441 1140 3496 formis
1187 3449 1242 3494 et
1278 3439 1466 3510 figuris
1513 3438 1934 3502 circumvestit,
1967 3447 2050 3491 at-

465 3552 573 3604 que
610 3535 781 3599 illam,
809 3549 930 3604 qua}.
984 3547 1152 3602 supra
1202 3539 1454 3585 naturam
1502 3538 1608 3593 est,
1641 3538 1697 3584 et
1729 3530 1910 3585 omnis
1947 3545 2044 3583 ex-

465 3642 594 3698 pers
626 3628 832 3696 figurae,
879 3623 1312 3693 simplicitatem,
1364 3621 1718 3677 dividuorum
1778 3621 2046 3675 varietate

467 3720 750 3790 signorum
777 3715 1106 3784 nnrltiplicat
1132 3722 1185 3768 et
1216 3712 1445 3784 eflingit.
1480 3731 1498 3764 ι

537 3805 828 3862 Comment.
887 3805 944 3860 Si
996 3803 1366 3862 humanitatis
1417 3801 1886 3872 benignitatisque
1917 3817 2046 3873 pto—

466 3895 646 3964 prium
701 3904 804 3960 est,
843 3894 1010 3950 rebus
1048 3893 1233 3964 specie
1282 3893 1567 3962 formaque
1617 3892 1936 3948 carentibus
1966 3899 2047 3945 at-

466 4001 573 4055 que
606 3985 974 4056 simplicibus,
1005 3999 1107 4040 nec
1157 3983 1432 4056 ﬁguratis,
1477 3983 1694 4054 species
1743 3990 1797 4039 et
1843 3982 2047 4038 formas

465 4077 788 4149 congruenti
859 4077 1022 4134 nobis
1086 4077 1299 4132 ratione
1357 4071 1817 4139 accommodare;
1880 4087 2046 4129 eccur

468 4185 575 4224 non
598 4170 688 4224 illa
721 4168 904 4233 etiam,
945 4185 1067 4240 qua:
1113 4183 1202 4239 per
1232 4165 1445 4222 formas
1481 4172 1536 4220 ct
1581 4165 1788 4234 ﬁguras
1824 4164 2046 4233 conspi-

465 4277 568 4317 cua
627 4263 767 4316 facta
821 4271 953 4316 sunt
1012 4259 1192 4322 nobis,
1243 4255 1408 4312 modo
1461 4270 1680 4326 quoque
1728 4254 1822 4324 qui
1886 4255 2045 4310 nobis

470 4354 810 4408 conveniens
915 4353 1009 4418 sit,
1096 4367 1190 4422 per
1281 4349 1549 4419 imagines
1632 4346 2041 4420 adumbremns,

471 4455 585 4498 tum
618 4443 683 4498 ad
717 4443 1125 4512 perfricandum
1160 4441 1502 4503 memoriam,
1551 4451 1662 4494 tum
1711 4450 1769 4493 ut
1801 4455 1896 4509 per
1923 4455 2043 4494 eam

468 4539 534 4593 ad
568 4537 936 4598 mmulationis
966 4532 1210 4590 studium
1245 4532 1592 4588 excitemur?

2151 3257 2313 3332 Μ
2355 3258 2763 3329 καλυπτούσης,
2801 3260 2896 3312 καὶ
2952 3259 3168 3332 μορφὰς
3213 3259 3309 3313 καὶ
3361 3248 3742 3324 τύπους”’τῖῖς
3839 3269 3877 3306 .7.

2151 3323 2314 3334 ἢ

2149 3348 2496 3418 ἀμορφώτοις
2527 3366 2587 3404 τε
2645 3353 2738 3403 καὶ
2785 3351 3098 3418 ἀτυπώτοις
3155 3353 3568 3423 περιτιθείσης,
3641 3356 3742 3406 καὶ

2148 3439 2246 3508 τὴν
2271 3439 2524 3510 ὑπερφυᾶ
2552 3440 2645 3493 καὶ
2692 3441 3104 3512 ἀσχημάτιστον
3133 3443 3414 3513 ἁπλότητα
3450 3446 3516 3516 τῇ
3551 3462 3742 3498 ποικι-

2149 3532 2240 3603 λίᾳ
2277 3532 2386 3586 τῶν
2433 3533 2710 3605 μεριστῶν
2777 3535 3063 3605 συμϐόλων
3109 3536 3460 3609 πληθυούσης
3506 3554 3598 3602 τε,
3641 3541 3742 3592 καὶ

2149 3625 2606 3696 διαπλαττούσης.
2642 3647 2658 3678 ι

2219 3791 2496 3864 Σχόλιον.
2528 3797 2589 3851 Εί
2640 3798 3053 3872 φιλανθρωπίας
3087 3803 3204 3856 ἐστὶ
3246 3803 3308 3855 τὸ
3349 3805 3459 3867 τοῖς
3499 3805 3737 3859 ἁτυπώ-

2147 3903 2278 3949 τοις,
2319 3889 2412 3941 καὶ
2439 3888 2804 3960 ἀμορφώτοις,
2840 3893 2934 3944 καὶ
2964 3895 3076 3956 τοῖς
3102 3893 3315 3959 ἁπλοῖς,
3344 3896 3438 3947 καὶ
3465 3896 3738 3966 ἁσχημα-
3801 3919 3826 3968 _-_

2147 3979 2372 4044 τίστοις,
2413 3983 2627 4053 μορφὰς
2656 3985 2752 4036 καὶ
2793 3984 2998 4048 τύπους
3041 3987 3404 4056 περιτιθέναι,
3437 3986 3579 4058 πρὸς
3630 3990 3738 4059 τὴν

2147 4072 2425 4144 ἡμετέραν
2456 4074 2770 4144 ἀναλογίαν,
2794 4076 2911 4140 πῶς
2945 4078 3015 4130 τὰ
3047 4081 3288 4149 μορφαῖς
3321 4079 3416 4132 καὶ
3449 4081 3742 4151 σχήμασιν

2146 4164 2434 4234 ὁραθέντα,
2490 4165 2564 4236 μὴ
2625 4167 2906 4236 ἀναλόγως
2965 4169 3098 4238 ἡμῖν
3149 4169 3533 4239 εῖκονίσομεν,
3593 4170 3742 4240 πρὸς

2150 4257 2394 4329 μνήμην,
2454 4260 2546 4314 καὶ
2577 4260 2678 4331 τὴν
2727 4261 2791 4314 ὲκ
2818 4261 2917 4333 τῆς
2961 4261 3184 4331 μνήμης
3237 4261 3372 4332 πρὸς
3419 4261 3594 4332 ζῆλον
3647 4265 3732 4316 κῖ-

2149 4363 2303 4416 νησιν
2328 4364 2344 4412 ;

476 4648 748 4718 Ejusdem,
807 4662 872 4702 σε
946 4644 1083 4699 libro
1177 4643 1250 4702 De
1311 4643 1680 4718 ecclesiastica
1747 4641 2041 4698 hierarclu'a

2162 4631 2263 4686 Τοῦ
2303 4631 2513 4697 αὑτοῦ,
2545 4632 2612 4685 ἐκ
2652 4631 2943 4718 τοῦνηερί
2975 4626 3490 4718 ἐκκξησιαστικῆς
3527 4630 3740 4698 ἱεραρο

1155 4729 1273 4786 cap.
1304 4714 1391 4783 l).

549 4849 566 4882 ο
602 4829 872 4886 (Steterunt
907 4828 1226 4898 superiores
1271 4825 1492 4896 quidem
1525 4824 1684 4880 nobis
1722 4825 2044 4880 substantia:

471 4922 596 4984 illa),
639 4935 937 4990 earumque
964 4920 1208 4984 ordines,
1242 4931 1475 4988 quorum
1503 4932 1718 4972 sacram
1744 4916 1859 4986 jam
1893 4931 2042 4971 men-

475 5009 677 5062 tionem
725 5005 853 5070 feci,
911 5005 1252 5074 incorporeze
1275 5011 1412 5084 sunt
1443 5021 1456 5058 :
1507 5003 1642 5073 quin
1675 5010 1728 5058 et
1763 5011 2039 5058 sacratum

474 5101 692 5154 illorum
754 5096 1130 5168 magisterium
1177 5095 1467 5167 spirituale
1523 5095 1844 5164 mundoque
1906 5110 2045 5165 prac-

474 5191 711 5247 stantius
756 5188 990 5246 exsistit.
1025 5185 1283 5243 Nostrqu
1327 5201 1458 5242 vero
1500 5201 1600 5257 pro
1634 5193 1795 5254 captu
1830 5196 2045 5251 nostro,

570 5368 617 5399 “
645 5365 808 5422 llebr.
846 5381 920 5428 ιι,
949 5364 1034 5418 ll.
1129 5366 1172 5397 "
1210 5365 1339 5420 ibid.
1369 5362 1458 5416 2i.

2717 4703 2855 4773 χίας
2883 4706 3029 4774 (κεφ.
3054 4701 3149 4771 α’).

2226 4836 2242 4868 ι
2281 4817 2417 4870 Ἀλλ’
2457 4819 2514 4871 αἱ
2547 4818 2647 4888 μὲν
2684 4817 3009 4889 ὑπὲρήμᾶς
3050 4818 3235 4872 οὐσίαι
3275 4817 3369 4872 καὶ
3411 4815 3632 4880 τάξεις,
3659 4811 3748 4871 ὧν

2150 4909 2250 4979 ἤδη
2296 4910 2519 4980 μνήμην
2569 4911 2722 4980 ἱερὰν
2756 4909 3132 4982 ἐποιησάμην,
3172 4909 3454 4980 ἀσώματοί
3489 4909 3555 4960 τέ
3602 4910 3744 4972 εἰσι,

2150 5002 2246 5053 καὶ
2299 5001 2500 5071 νοητὴ,
2529 5002 2626 5056 καλ⁸
2671 5002 3044 5075 ὑπερκόσμιός
3087 5005 3237 5056 ἐστιν
3293 5004 3326 5072 ἠ
3375 5001 3496 5053 κατ’
3557 5002 3746 5063 αὐτὰς

2153 5097 2430 5166 ἱεραρχία.
2465 5096 2574 5168 Τὴν
2600 5097 2720 5152 καθ’
2746 5101 2897 5169 ἡμᾶς
2928 5099 2985 5152 δὲ
3019 5098 3259 5172 ὁρῶμεν,
3283 5097 3572 5164 ἀναλόγως
3604 5099 3748 5168 ἡμῖν

2152 5175 2355 5254 αὐτοῖς,
2387 5189 2453 5259 τῇ
2496 5188 2605 5242 τῶν
2654 5190 2931 5262 αἰσθητῶν
2967 5190 3259 5262 συμϐόλων
3296 5189 3546 5260 ποικιλίᾳ
3601 5190 3746 5260 πλη-

1749 5527 1980 5584 γΑιιιλΕ
2019 5525 2423 5584 LECTIONES.

543 5703 571 5742 ι·
601 5699 761 5774 Apud
787 5698 1455 5784 Qionysiumﬁtaoafvew,
1479 5713 1643 5784 atque
1667 5704 1776 5784 hac
1806 5703 1860 5757 in
1902 5701 2282 5784 causaeadem
2324 5701 2810 5784 epistolaidem
2848 5703 3073 5784 verbum
3111 5705 3396 5784 repetitur.
3436 5703 3604 5766 Unde
3629 5725 3748 5766 me-

385 5769 388 5772 ’
470 5769 781 5834 ritoro'ccm
811 5769 946 5826 hanc
973 5771 1197 5826 alterius
1229 5775 1349 5827 loco
1380 5769 1768 5830 restituendam
1793 5775 2005 5828 censuit
2029 5774 2236 5828 Billius.

2322 5774 2333 5808 ί
2359 5774 2430 5825 Ex
2458 5771 2710 5842 Dionysio
2737 5786 2854 5842 cap.
2885 5774 2903 5826 l
2940 5771 3190 5836 emenda,
3215 5774 3405 5830 ταῦτα.
