3904 6358
285 445 407 507 12ύί
1395 445 1491 504 DE
1530 443 1857 504 IMAGINU

1972 445 1989 501 ς
2025 443 2310 504 ORATIO
2352 448 2399 505 ι.
3397 437 3531 510 ιρςεε

278 555 601 626 θυνομένην,
646 554 738 622 ὑφ’
767 549 843 609 ὧν
876 553 1211 627 ίεραρχικῶς
1241 554 1316 624 (2)
1372 555 1464 606 ἐπὶ
1509 553 1610 622 τὴν
1645 551 1850 620 ὲνοειδῆ

1972 552 2308 606 sensibilium
2349 556 2616 610 varietate
2639 558 2922 628 signorum
2963 558 3314 626 multiplicari
3345 576 3529 614 cerni-

277 648 475 701 θέωσιν
505 651 561 700 ἐν
591 647 908 718 συμμετρίᾳ
935 651 999 718 τῇ
1027 647 1150 700 καθ’
1183 648 1334 717 ἡμᾶς
1356 644 1694 715 ἀναγόμεθα,
1719 643 1852 695 Θεόν

1972 658 2101 708 nus,
2143 644 2347 713 quibus
2379 655 2539 715 prout
2572 661 2788 703 sacrum
2835 649 3218 718 magisterium
3259 649 3436 714 decet,
3467 655 3530 712 ad

276 756 334 792 τε
372 740 463 793 xui
493 740 645 793 θείαν
672 739 897 809 ἀρετὴν,
925 740 980 792 αἰ
1010 739 1108 808 μὲν
1134 739 1209 802 ὡς
1243 741 1364 802 νόες
1403 737 1583 790 νοοῦσι
1619 735 1760 788 κατὰ
1792 735 1855 786 τὸ

1972 733 2292 788 miformem
2323 749 2600 792 concessa
2642 754 2740 806 pro
2781 748 2970 793 nostro
3004 741 3228 794 modulo
3269 742 3532 796 divinita-

278 830 462 893 αὐτοῖς
486 829 730 900 θεμιτὸν,
760 831 921 900 ἡμεῖς
947 829 1002 882 δὲ
1053 828 1341 898 αἰσθηταῖς
1380 829 1582 881 εἰκόσιν
1629 826 1722 879 ἐπὶ
1755 824 1853 886 τὰς

1980 823 2026 877 is
2074 823 2310 893 gratiam
2367 840 2578 881 necnon
2620 829 2686 881 ad
2748 831 2914 885 Deum
2967 831 3323 901 divinumque
3359 833 3532 887 virtu~

278 919 449 988 θείας,
475 921 549 984 ὡς
581 920 828 984 δυνατὸν,
869 919 1189 990 ἀναγόμεθα
1227 919 1480 989 θεωρίας.
1511 938 1528 970 ι

1972 929 2063 966 :em
2088 915 2397 970 eveliimnr.
2428 917 2550 971 Ista
2578 918 2822 987 quidem,
2859 928 3048 990 utpote
3085 932 3319 987 utentes,
3351 937 3528 994 quan-

277 1018 392 1063 tum
429 1010 540 1064 illis
563 1009 647 1065 fas
681 1016 788 1074 est,
839 1009 1193 1079 intelligunt:
1228 1021 1329 1063 nos
1360 1017 1540 1062 autem
1577 1003 1931 1062 sensibilibus
1999 1003 2335 1075 imaginibus
2379 1005 2447 1061 ad
2489 1007 2726 1075 divinas,
2794 1025 2902 1080 qua
2953 1012 3066 1066 fieri
3137 1022 3333 1082 potest,
3404 1032 3535 1073 cona-

275 1103 665 1172 teinplationes
692 1115 1102 1172 promovemur.
1133 1119 1150 1152 ι

345 1195 627 1263 Σχόλιον.
660 1193 723 1245 Εἰ
748 1192 930 1244 τοίνυν
961 1192 1243 1260 ἀναλόγως
1275 1192 1409 1262 ἡμῖν
1445 1191 1631 1252 αὑτοῖς
1667 1187 1854 1257 αἰσθη-

273 1289 396 1349 ταῖς
441 1282 646 1338 εἰκόσιν
698 1285 791 1337 ἐπὶ
833 1285 934 1354 τὴν
985 1283 1137 1336 θείαν
1185 1285 1281 1336 xui
1332 1282 1494 1337 ἄῦλον
1535 1282 1853 1350 ἀναγόμεθα

277 1375 556 1446 θεωρίαν,
604 1373 700 1428 xui
743 1373 1152 1444 φιλανθρώπως
1197 1374 1230 1443 ἡ
1293 1371 1414 1426 θεία
1470 1372 1698 1442 πρόνοια
1743 1372 1857 1433 τοῖς

277 1463 710 1536 ἀσχηματίστοις
744 1463 838 1515 xui
870 1461 1183 1524 ἀτυπώτοις
1222 1461 1429 1524 τύπους
1467 1461 1562 1513 xui
1598 1459 1855 1528 σχήματα

277 1556 378 1625 τῆς
407 1555 566 1626 ήμῶν
595 1554 782 1607 ἕνεκεν
812 1552 1188 1624 χειραγωγίας
1225 1551 1565 1622 περιτίθησι,
1596 1550 1648 1602 τί
1685 1551 1857 1620 ἀπρε-

280 1648 382 1710 πὲς
416 1647 508 1700 τὸν
537 1648 777 1717 σχήματι
821 1645 916 1698 xui
951 1646 1132 1715 μορφῇ
1161 1643 1517 1712 ὑποκύψαντα
1547 1636 1857 1711 φιλανθρώ-

278 1756 398 1804 πως
430 1737 500 1792 δι’
527 1740 698 1809 ἡμᾶς,
733 1736 1022 1801 εἰκονίςειν
1053 1735 1334 1804 ἀναλόγως
1368 1735 1500 1806 ἡμῖν
1529 1732 1709 1795 αὑτοῖς
1733 1748 1750 1798 ;

346 2003 523 2070 Λόγος
562 1999 771 2054 ἄνωθεν
809 1999 891 2062 εἰς
920 1999 1069 2068 ἡμᾶς
1101 1997 1544 2071 παραδεδομένος
1587 1995 1856 2059 κάτεισιν,

276 2093 552 2164 Αὑγαρον,
585 2089 676 2146 τὸν
709 2091 967 2160 Ἐδέσσης
997 2090 1209 2144 ἄνακτά
1241 2107 1406 2161 φημι,
1438 2091 1504 2160 τῇ
1531 2089 1628 2144 τοῦ
1653 2087 1860 2158 Κυρίου

277 2187 419 2257 πρὸς
459 2185 603 2238 θεῖον
655 2181 1100 2254 ὲκπυρσευθέντα
1159 2181 1342 2252 ἔρωτα
1382 2182 1543 2250 ἀκοῇ,
1590 2179 1864 2232 ἀπεσταλο

280 2281 443 2334 κέναι
473 2274 759 2347 πρέσϐεις,
808 2272 908 2342 τὴν
947 2271 1114 2326 αὑτοῦ
1162 2273 1452 2343 ἐπίσκεψιν
1485 2272 1858 2337 ἐξαιτοῦντας.

281 2374 344 2426 Εἰ
389 2371 447 2424 δὲ
493 2367 757 2439 ἁρνηθείη
802 2365 962 2419 τοῦτο
1001 2366 1244 2436 δράσειν,
1294 2365 1355 2420 τὸ
1401 2365 1596 2418 τούτου
1646 2365 1860 2418 κελεύει

277 2465 534 2535 ὁμοίωμα
561 2461 838 2531 ζωγράφῳ
866 2457 1215 2529 ὲκμάξασθαι
1235 2474 1247 2488 ·
1285 2457 1314 2510 ὃ
1338 2458 1537 2524 γνόντα
1563 2457 1654 2511 τὸν
1683 2458 1863 2512 πάντα

280 2559 483 2624 εἰδότα,
515 2555 612 2610 xui
642 2554 819 2608 πάντα
866 2551 1187 2622 δυνάμενον,
1235 2551 1299 2604 τὸ
1344 2551 1511 2622 ῥάκος
1558 2550 1862 2630 εἰληφέναι,

278 2651 378 2702 xui
418 2649 498 2720 τῷ
548 2647 826 2720 προσώπῳ
876 2645 1412 2718 προσενεγκάμενον,
1447 2646 1506 2697 ἐν
1545 2644 1720 2715 τούτῳ
1770 2644 1864 2700 τὸν

277 2746 480 2796 εἰκεῖον
510 2739 988 2813 ὲναπομόρξασθαι
1018 2740 1364 2811 χαρακτῆρα,
1388 2738 1416 2792 ὃ
1447 2738 1543 2792 καὶ
1572 2739 1735 2809 μέχρι
1767 2737 1861 2793 τοῦ

281 2835 379 2888 νῦν
421 2833 675 2898 σώζεται.

285 2929 400 2984 Τοῦ
431 2929 776 2993 Βασίλειον,
796 2927 868 2980 ἐκ
897 2926 1004 2980 τοῦ
1026 2928 1112 2993 είς
1138 2926 1245 2979 τὸν
1267 2925 1564 2993 μακάριον
1577 2925 1866 2992 Βαρλαὰμ

350 2999 463 3053 τὸν
489 2992 992 3067 μάρτιιραγλόγου,
1025 2992 1098 3052 οὗ
1133 2997 1171 3062 ἠ
1199 2992 1353 3064 ἀρχή
1380 3011 1392 3024 ο
1420 2992 1717 3063 Πρότερον
1747 2994 1866 3064 μὲν

351 3067 471 3122 τῶν
491 3064 684 3136 ἀγῖίωκ
706 3071 760 3121 οἱ
786 3064 1052 3122 θάνατοι.

361 3178 380 3208 ε
419 3157 715 3228 Ἀνάστητέ
769 3172 858 3226 μοι
889 3153 1004 3219 νῦν,
1032 3147 1077 3208 ὦ
1123 3155 1368 3224 λαμπροὶ
1407 3153 1516 3208 τῶν
1557 3155 1865 3226 ἀθλητικῶν

1890 1895 1931 1950 Β
1961 1908 2108 1964 tione
2132 1908 2466 1978 imaginibus
2492 1909 2906 1980 exprimamus?

2035 1179 2328 1234 Comment.
2381 1178 2542 1245 Quod
2575 1181 2621 1235 si
2652 1182 2840 1251 igitur,
2889 1190 2949 1237 ut
2983 1195 3170 1240 nostra
3203 1187 3307 1243 fert
3337 1191 3537 1246 intelli-

1963 1275 2165 1344 gentia,
2201 1289 2300 1343 per
2342 1273 2632 1329 sensibiles
2681 1275 2946 1345 imagines
2993 1278 3060 1332 ad
3094 1279 3338 1335 divinam
3371 1291 3536 1354 atque

1964 1362 2206 1416 materia
2245 1369 2521 1416 exsortem
2577 1363 3107 1432 contemplationem
3159 1367 3536 1436 sublevanmr,

1962 1453 2266 1522 divinaque
2307 1452 2677 1522 providentia,
2720 1469 2809 1508 res
2841 1451 3016 1509 forma
3049 1466 3101 1511 et
3133 1455 3305 1527 figura
3344 1475 3538 1514 caren-

1963 1552 2067 1609 tes,
2101 1542 2294 1599 formis
2325 1553 2380 1599 et
2423 1543 2634 1614 figuris,
2694 1544 2900 1614 quibus
2955 1547 3126 1602 veluti
3169 1563 3334 1604 manu
3369 1551 3537 1606 duca-

1963 1647 2108 1699 mur,
2179 1635 2616 1690 circnmvestivit
2669 1655 2684 1688 :
2741 1636 2874 1706 quid
2949 1637 3281 1695 incommodi
3349 1643 3536 1708 fuerit,

1963 1725 2093 1793 quin
2124 1740 2272 1791 eum,
2305 1726 2398 1795 qui
2421 1741 2520 1796 pro
2561 1741 2659 1782 sua
2693 1743 2820 1797 erga
2857 1742 2958 1783 nos
2999 1728 3380 1799 humanitate,
3413 1749 3538 1790 sese

1966 1815 2155 1886 figura:
2205 1815 2507 1887 formaque
2551 1819 2812 1886 subjecit,
2862 1829 3231 1877 consentanea
3265 1825 3426 1882 nobis
3453 1842 3541 1880 ra-

2029 2001 2354 2072 Antiquitus
2392 1999 2593 2056 tradita
2621 2003 2873 2058 narratio
2903 2003 2972 2057 ad
2993 2018 3110 2074 .nos
3133 2019 3308 2075 usque
3341 2021 3536 2076 perve-

1962 2093 2080 2156 nit;
2118 2093 2394 2163 Abgarum
2427 2092 2641 2148 scilicet
2667 2092 2895 2150 Edessa
2935 2109 3141 2166 regem,
3186 2097 3388 2154 auditis
3417 2114 3539 2168 qua

1976 2185 2044 2239 de
2078 2183 2309 2238 Domino
2359 2183 2696 2246 ferebantur,
2736 2185 2925 2240 divino
2956 2201 3285 2243 succensum
3319 2190 3536 2255 ardore,

1963 2277 2172 2346 legatos
2209 2276 2452 2340 misisse,
2495 2277 2592 2346 qui
2638 2291 2774 2332 eum
2813 2277 2877 2331 ad
2919 2292 2979 2332 se
3015 2279 3365 2336 invisendum
3400 2281 3541 2337 invi—

1963 2376 2176 2433 tarent;
2233 2352 2317 2422 sin
2373 2382 2504 2423 vero
2560 2369 2852 2433 abnueret,
2912 2371 3137 2430 mandat
3195 2382 3256 2427 ut
3311 2373 3538 2444 pictoris

1961 2475 2126 2530 opera
2161 2460 2453 2530 imaginem
2477 2459 2597 2528 ejus
2644 2461 2993 2531 exprimant:
3027 2463 3171 2532 quod
3208 2479 3338 2520 cuin
3369 2468 3537 2522 sciret

1965 2553 2056 2606 ille
2087 2553 2176 2606 cui
2211 2551 2352 2606 nihil
2401 2551 2707 2607 obscurum
2736 2563 2844 2619 est,
2877 2555 3084 2625 quique
3117 2557 3304 2612 omnia
3335 2568 3537 2628 potest,

1963 2650 2191 2712 accepto
2236 2656 2439 2712 panno,
2491 2657 2714 2714 suaque
2764 2641 2924 2700 faciei
2977 2646 3222 2710 admoto,
3257 2651 3537 2721 propriam

1963 2734 2191 2805 effigiem
2241 2735 2579 2804 appinxisse,
2632 2749 2756 2805 qua
2779 2735 2855 2792 ad
2897 2737 3014 2792 hac
3064 2754 3240 2809 usque
3289 2748 3535 2814 tempora

1965 2835 2215 2882 servatur
2248 2827 2564 2882 incolumis.

1966 2917 2024 2972 S.
2058 2918 2278 2997 Basilii,
2315 2934 2392 2997 ea:
2437 2935 2675 2975 sermone
2695 2919 2854 2997 ius.
2911 2921 3167 2978 Barlaam
3213 2940 3501 2997 martyrem
3525 2973 3540 2994 ,

2031 2990 2188 3057 cujus
2250 2991 2468 3044 initium.
2517 3000 2596 3046 est
2628 3005 2648 3043 .'
2689 2990 2933 3048 Primum
2983 2997 3195 3066 quidem
3230 2990 3539 3055 sauciorum

2038 3076 2196 3113 mors.

2042 3169 2059 3202 ι
2090 3148 2312 3222 Surgite
2340 3165 2512 3216 nunc,
2545 3151 2931 3210 athleticorum
2964 3164 3246 3226 gestorum
3275 3167 3544 3228 praestan-

281 3248 731 3321 κατορθωμάτων
754 3247 1059 3318 ζωγράφοι,
1085 3247 1185 3317 τὴν
1215 3246 1308 3302 τοῦ
1363 3245 1670 3318 στρατηγοῦ
1712 3247 1857 3319 κολο-

1972 3241 2166 3296 tissimi
2213 3242 2372 3312 321
2419 3243 2681 3313 pictores,
2736 3245 3079 3315 imperfecta
3115 3247 3274 3305 ducis
3319 3249 3540 3321 imagini

278 3336 556 3398 ὗωθείσαν
578 3341 764 3396 εἰκόνα
787 3342 906 3401 ταῖς
930 3339 1224 3410 ὑμετέραις
1249 3338 1592 3410 μεγαλύνατε
1620 3341 1860 3410 τέχναις.

292 3432 700 3505 Ἀμαυρότερον
741 3430 871 3501 παρ’
913 3429 1051 3500 ἐμοῦ
1081 3430 1173 3484 τὸν
1208 3429 1536 3499 στεφανίτην
1562 3429 1860 3501 γραφέντα,

275 3531 400 3590 τοῖς
427 3527 528 3598 τῆς
564 3523 835 3596 ὑμετέρας
879 3522 1073 3592 σοφίας
1120 3521 1505 3593 περιλάμψατε
1555 3523 1860 3593 χρώμασιν.

294 3619 544 3672 Ἀπέλθω
577 3619 643 3686 τῇ
690 3615 800 3668 τῶν
825 3613 1246 3685 ἀριστευμάτων
1287 3612 1383 3665 τοῦ
1429 3613 1705 3684 μάρτυρος
1733 3615 1865 3684 παρ’

281 3709 442 3783 ὑμῶν
471 3706 820 3777 νενικημένος
862 3708 1088 3776 γραφῇ·
1125 3703 1304 3775 χαίρω
1339 3703 1442 3772 τὴν
1479 3702 1736 3772 τοιαύτην
1761 3703 1863 3772 τῆς

280 3799 560 3872 ὑμετέρας
588 3795 772 3867 ἰσχύος
801 3795 1042 3866 σήμερον
1072 3791 1388 3863 ἡττώμενος
1413 3793 1570 3863 νίκην
1590 3807 1603 3821 ·
1643 3791 1738 3846 ἴδω
1765 3795 1864 3864 τῆς

277 3896 468 3969 χειρὸς
485 3891 622 3962 πρὸς
646 3890 707 3942 τὸ
739 3888 851 3957 πῦρ
887 3885 1280 3957 ἀκριϐέστερον
1313 3886 1442 3956 παρ’
1479 3885 1632 3954 ὑμῶν
1660 3902 1864 3956 γραφο-

275 3986 457 4061 μένην
479 3983 579 4053 τὴν
608 3981 786 4050 πάλην
808 3995 822 4010 ο
851 3978 946 4031 ἴδω
973 3975 1326 4046 φαιδρότερον
1357 3975 1449 4028 ἐπὶ
1468 3975 1569 4045 τῆς
1591 3976 1863 4048 ὑμετέρας

276 4077 371 4129 τὸν
405 4072 713 4142 παλαιστὴν
741 4069 1129 4141 γεγραμμένον
1172 4067 1401 4129 εἰκόνος.
1453 4065 1862 4122 Κλαυσάτωσαν

273 4169 536 4238 δαίμονες
584 4164 681 4218 καὶ
721 4161 838 4226 νῦν,
867 4163 991 4222 ταῖς
1023 4158 1116 4212 τοῦ
1161 4157 1437 4230 μάρτυρος
1472 4160 1530 4210 ὲν
1570 4157 1698 4227 ὑμῖν
1737 4157 1860 4227 ἀρι-

278 4262 493 4322 στείαις
517 4254 913 4326 ἰτληττόμενοι⁹
950 4249 1258 4321 φλεγομένη
1284 4249 1446 4303 πάλιν
1475 4249 1656 4311 αὑτοῖς
1683 4250 1716 4319 ὴ
1740 4251 1862 4319 χεὶρ

275 4352 375 4404 καὶ
405 4345 621 4404 νικῶσα
649 4341 968 4400 δεικνύσθω.
1001 4337 1394 4413 Ἐγγραφὲσθω
1424 4335 1501 4407 τῷ
1537 4336 1726 4390 πίνακι
1765 4337 1861 4389 xui

273 4442 382 4503 τῶν
415 4436 813 4507 παλαισμάτων
845 4431 1190 4501 ἀγωνοθέτης
1218 4427 1475 4500 Χριστὸς,
1502 4419 1600 4497 ᾧὴ
1637 4426 1763 4493 δόξα
1784 4428 1863 4489 εἰς

273 4535 401 4596 τοὺς
435 4530 646 4591 αἰῶνας
675 4528 786 4582 τῶν
815 4526 1048 4578 αἰώνων.
1084 4522 1279 4591 Ἀμήν.

1964 3335 2097 3389 artis
2124 3343 2315 3389 vestra
2343 3343 2661 3391 ornamenta
2700 3336 2968 3406 conferte,
2995 3349 3049 3393 et
3083 3340 3374 3397 obscurius
3400 3355 3428 3394 a
3461 3358 3544 3396 nic

1963 3424 2310 3496 designatum
2351 3425 2617 3481 victorem
2656 3428 2985 3504 laureatum,
3020 3430 3310 3489 industria
3344 3443 3540 3488 vestra.-

1964 3515 2246 3570 coloribus
2279 3515 2574 3570 illustrate.
2613 3515 2899 3572 Discedam
2945 3519 3126 3574 victus
3162 3535 3192 3574 a
3221 3522 3377 3578 vobis
3401 3537 3541 3598 pra-

1963 3603 2243 3656 clarorum
2289 3603 2548 3674 martyris
2588 3602 2896 3660 facinorum
2955 3606 3210 3676 pictura:
3254 3611 3349 3665 tali
3381 3612 3543 3667 hodie

1964 3703 2118 3764 parta
2169 3693 2326 3749 vobis
2357 3709 2454 3763 per
2485 3702 2728 3750 vestram
2773 3698 3154 3754 dexteritatem
3185 3701 3416 3758 victoria
3449 3721 3539 3759 su-

1964 3792 2190 3856 peratus
2218 3788 2484 3856 gaudeam
2545 3805 2560 3841 :
2613 3803 2837 3843 manum
2877 3789 3093 3845 videam
3137 3808 3259 3848 cum
3290 3793 3413 3865 igne
3441 3813 3543 3866 pn-

1963 3887 2220 3949 gnantem
2254 3880 2576 3936 accuratius
2616 3895 2646 3934 a
2687 3881 2844 3938 vobis
2873 3881 3241 3945 delineatam:
3275 3886 3330 3942 in
3358 3897 3538 3945 vestra

1963 3971 2164 4026 tabella
2205 3972 2444 4043 pugilem
2491 3972 2785 4044 inspiciam
2835 3975 3142 4048 elegantius
3175 3978 3536 4052 descriptum.

1963 4061 2196 4118 Luctum
2253 4073 2419 4134 agant
2481 4065 2781 4134 damones,
2839 4083 3230 4138 expressorum
3286 4086 3316 4126 a
3379 4075 3538 4130 vobis

1963 4156 2221 4227 martyris
2269 4164 2494 4212 strenue
2531 4155 2803 4212 factarum
2853 4157 3148 4218 formidine
3201 4167 3534 4221 conterriti:

1963 4247 2164 4304 ardens
2206 4248 2511 4318 victrixque
2561 4264 2758 4304 manus
2799 4250 2909 4307 illis
2957 4253 3157 4309 iterum
3192 4256 3536 4316 ostendatur.

1966 4339 2226 4405 Quinimo
2275 4341 2464 4395 eadem
2526 4341 2580 4396 in
2656 4341 2841 4397 tabula
2910 4347 3274 4402 certaminum
3335 4364 3538 4420 prases

1962 4428 2217 4486 Christus
2247 4431 2604 4502 appingatur,
2643 4433 2733 4487 cui
2765 4433 2943 4505 gloria
2978 4437 3033 4491 in
3063 4439 3268 4494 saeula
3303 4444 3537 4504 saculo-

1963 4538 2108 4576 rum.
2144 4523 2338 4577 Anien.
2367 4542 2384 4578 ι

279 4622 392 4682 Τοῦ
422 4616 638 4680 αὑτοῦ,
667 4616 738 4668 ἐκ
772 4612 892 4692 τῶν·
933 4612 1084 4692 atch
1113 4610 1514 4692 ,Ἀμφιλέχιον
1547 4607 1857 4692 τριάκογτα

1972 4611 2252 4682 Ejusdem,
2287 4629 2355 4672 ea:
2381 4615 2909 4692 _lt'_iginttt_ca_pitibu_s
2947 4620 3012 4674 de
3061 4617 3270 4692 Spiritu
3317 4634 3499 4680 sancto
3521 4665 3536 4691 ,

343 4677 716 4759 κεφαλαίων,
753 4682 887 4750 ,περί
942 4677 1050 4734 τοῦ
1092 4677 1266 4747 ciu-loc
1319 4679 1690 4747 Πνεύματος,
1737 4677 1858 4731 ἀπὸ

341 4758 682 4829 κεφαλαίου
709 4759 804 4822 ιη’.
1451 4792 1458 4798 .

350 4869 368 4903 ι
396 4850 531 4902 ’Ότι
557 4844 809 4916 βασιλεὺς
839 4841 1055 4910 λέγεται
1085 4840 1180 4892 καὶ
1208 4837 1242 4907 ἡ
1263 4835 1356 4889 τοῦ
1391 4835 1657 4906 βασιλέως
1673 4834 1857 4900 εἰκὼν,

271 4941 368 4994 xui
408 4939 471 4994 οὑ
516 4937 610 4990 δύο
639 4933 904 5005 βασιλεῖς.
939 4929 1080 4985 Οῦτε
1129 4929 1239 4998 γὰρ
1265 4927 1328 4982 τὸ
1354 4926 1558 4999 κράτος
1595 4927 1860 4997 σχίζεται,

271 5033 398 5088 οὒτε
431 5036 466 5104 ή
493 5031 621 5096 δόξα
646 5025 1044 5101 διαμερίζεται.
1085 5023 1174 5085 Ὠς
1202 5020 1364 5093 γὰρή
1398 5019 1681 5092 κρατοῦσα
1703 5019 1862 5091 ἡμῶν

270 5126 416 5198 ἀρχὴ
450 5125 550 5179 xui
584 5123 802 5188 ἐξουσία
837 5120 958 5191 μία,
991 5115 1134 5171 οὕτω
1162 5115 1256 5167 καὶ
1286 5114 1320 5184 ἡ
1358 5114 1488 5182 παρ’
1517 5111 1678 5183 ἡμῶν
1713 5111 1859 5178 δοξο-

217 5227 222 5244 '
271 5217 452 5288 λογία,
493 5215 594 5286 μία
622 5213 716 5268 xui
745 5214 809 5266 οὑ
849 5209 1063 5272 πολλαὶ,
1098 5207 1231 5262 διότι
1262 5206 1296 5275 ἡ
1341 5206 1442 5275 τῆς
1480 5204 1690 5268 εἰκόνος
1721 5202 1858 5274 τιμὴ

2324 4684 2392 4737 ad
2425 4684 2843 4754 Amphilochium
2871 4689 2889 4759 (
2913 4703 3034 4758 cap.
3062 4684 3127 4745 18
3147 4693 3186 4760 ).

2045 4858 2064 4889 ‹
2095 4838 2252 4904 ρυοά
2285 4838 2404 4908 ipsa
2429 4854 2650 4909 quoque
2685 4842 2829 4912 regis
2862 4842 3042 4914 imago
3075 4859 3173 4900 rex
3211 4847 3536 4916 appelletur,

1965 4942 2314 4998 nequaquam
2351 4937 2646 4998 prapterea
2670 4931 2783 4986 duo
2809 4941 2939 4988 sunt
2967 4947 3146 5006 reges.
3175 4933 3363 5006 Neque
3393 4939 3538 4993 enim

1966 5019 2248 5075 scinditur
2285 5019 2610 5090 imperium,
2654 5037 2836 5092 neque
2873 5023 3052 5095 gloria
3082 5024 3368 5082 dividitur.
3399 5027 3537 5082 Nam

1962 5109 2434 5184 quemadmodum
2472 5111 2772 5184 imperium
2813 5115 2986 5180 illud,
3045 5116 3209 5172 illave
3252 5126 3538 5187 potestas,

1960 5220 2081 5274 qua
2111 5203 2272 5258 nobis
2304 5203 2645 5271 dominatur,
2685 5221 2794 5260 una
2837 5215 2957 5276 est,
3005 5210 3088 5264 sic
3115 5210 3285 5264 etiam
3322 5209 3498 5281 gloria
3520 5251 3536 5274 ,

1960 5312 2069 5367 qua
2105 5297 2281 5366 ipsam
2314 5294 2662 5352 celebramus
2705 5314 2812 5353 una
2855 5307 2940 5354 est
2968 5341 2982 5365 ,
3021 5315 3134 5356 non
3187 5294 3397 5371 plures.
3448 5300 3538 5357 Si-

1963 5385 2183 5458 quidem
2223 5387 2406 5444 honor
2435 5388 2530 5458 qui
2563 5390 2790 5460 imagini
2839 5392 3091 5460 liabetnr,
3139 5394 3206 5449 ad
3255 5395 3539 5466 exemplar

1959 5475 2335 5537 transfertur:
2364 5481 2552 5551 itaque
2575 5483 2724 5551 quod
2753 5482 2866 5538 illic
2891 5492 2976 5539 est
2998 5485 3308 5542 imitatione
3329 5486 3537 5558 imago,

275 5311 368 5362 ἐπὶ
405 5309 467 5362 τὸ
501 5307 856 5380 πρωτότυπον
884 5302 1172 5357 διαϐαίνει.
1211 5298 1276 5352 Ὃ
1311 5293 1407 5350 οὖν
1449 5297 1599 5349 ἐστιν
1629 5294 1864 5350 ἐνταῦθα

171 5381 174 5384 ’
279 5373 596 5473 μιμητικῶς
643 5401 677 5470 ὴ
719 5396 904 5462 εἰκὼν,
951 5394 1108 5448 τοῦτο
1160 5391 1276 5444 ἐκεῖ
1329 5388 1576 5460 φυσικῶς
1620 5391 1650 5441 ό
1693 5388 1858 5451 Υίό;’

218 5461 228 5554 ί
277 5461 378 5548 xui
401 5461 592 5564 ῶσπερ
635 5461 728 5544 ἐπὶ
756 5483 1211 5557 τῶντεχνητῶν,
1251 5482 1394 5543 κατά
1439 5481 1538 5552 τὴν
1574 5481 1786 5552 μορφὴν
1815 5482 1850 5552 ή

1797 5610 2030 5668 ΝΟΤᾸΕ.

347 5720 428 5791 (9.)
473 5720 660 5794 Graec
703 5717 973 5790 ἱεραρχία,
1009 5713 1155 5794 quod
1199 5711 1568 5794 magisterium
1614 5725 1850 5794 sacrum,

1972 5707 2350 5794 ispupan'ille
2375 5715 2470 5794 est
2501 5707 2740 5794 quinon
2761 5709 2969 5794 “solum
3000 5710 3186 5794 divina
3235 5710 3418 5794 docet,
3442 5711 3540 5764 sed

275 5776 367 5845 hic
409 5776 714 5854 'vertimus,
759 5776 896 5842 '..o'ii‘
932 5776 1346 5863 pontificatum;
1403 5781 1542 5863 quia.
1586 5795 1691 5832 vox
1746 5780 1849 5832 ista
1957 5776 2153 5846 et'qui'
2181 5776 2535 5863 administrat
2569 5777 2883 5863 ea,_qn-ibus
2932 5782 3255 5863 erudiuntur;
3294 5781 3540 5860 adeoque

276 5862 420 5933 apud
483 5847 712 5930 angelos
772 5847 953 5912 locum
1010 5871 1120 5910 non
1158 5854 1342 5910 habet.
1391 5847 1545 5922 Apud
1576 5867 1674 5903 nos
1720 5863 1849 5904 vero
1958 5862 2208 5902 summus
2238 5848 2517 5916 sacerdos,
2554 5847 2921 5921 pontifexque
2951 5852 3288 5906 nominatur.
