3904 6358
427 335 571 404 1913

1599 339 1658 397 S.
1697 337 2018 400 JOANNIS
2055 337 2482 400 DAMASCENI

3529 333 3762 426 βρεμι

427 458 534 513 hoc
566 462 689 514 istic
726 466 924 514 natura
957 454 1134 509 Filius
1169 458 1294 508 est:
1325 463 1393 504 ac
1427 448 1576 503 sicut
1617 450 1672 502 in
1711 447 1999 504 artefactis

3353 416 3442 441 ηε(
3505 399 3532 430 ὶ.
3559 404 3686 438 νυνι

2106 451 2378 520 ὁμοίωσις,
2428 448 2570 503 οὕτω
2621 447 2715 500 xui
2767 447 2860 500 ἐπὶ
2905 446 3004 516 τῆς
3034 446 3181 509 θείας
3233 408 3346 500 καίτ
3375 421 3686 524 ἔλθετον

425 552 484 606 in
519 552 635 620 ipsa
673 548 849 604 forma
896 545 1153 600 consistit
1194 539 1504 598 similitudo
1529 579 1545 604 ,
1593 539 1673 595 sic
1714 540 1770 593 in
1814 539 1998 593 divina

427 639 906 708 incompositaque
946 643 1178 701 natura,
1220 634 1276 688 in
1325 630 1560 686 Deitatis
1612 629 2002 686 communione

427 731 743 800 conjunctio
771 731 877 787 sita
908 738 1012 784 est.
1043 747 1063 780 ι

496 824 789 880 Comment.
831 819 987 887 Quod
1025 818 1071 874 si
1115 816 1266 886 regis
1303 815 1486 885 imago
1525 828 1623 868 rex
1664 818 1786 876 est,
1823 811 2004 880 imago

428 927 650 986 quoque
679 911 924 973 Christi,
952 908 1211 964 Christus
1240 906 1386 971 erit,
1416 911 1582 972 atque
1615 903 1794 970 imago
1825 899 2003 954 sancti

433 1015 658 1064 sanctus
688 1002 816 1056 erit.
847 1000 955 1055 Nec
986 997 1264 1054 scinditur
1307 995 1599 1063 imperium
1621 1033 1636 1057 ,
1681 1005 1782 1045 nec
1829 989 2002 1058 gloria

432 1097 744 1161 dividitur;
781 1091 880 1148 sed
915 1091 1010 1160 qui
1047 1089 1282 1144 habetur
1314 1085 1542 1154 imagini
1582 1083 1782 1144 honor,
1816 1081 1870 1132 iu
1904 1080 2005 1132 lio-

431 1201 628 1244 norem
661 1185 810 1238 illius
840 1179 1020 1244 cedit,
1048 1193 1210 1248 quem
1251 1175 1422 1230 refert
1457 1176 1656 1242 imago.
1683 1170 2005 1224 Formidant

430 1287 654 1334 sanctos
682 1277 788 1345 ipsi
813 1274 1125 1333 daemones,
1151 1283 1452 1336 eorumque
1483 1265 1701 1332 fugiunt
1729 1262 2002 1315 umbram.

430 1368 595 1436 Atqui
629 1366 814 1434 imago
848 1362 1044 1415 umbra
1081 1368 1202 1421 est,
1233 1369 1468 1425 eamque
1496 1353 1710 1407 idcirco
1738 1350 2002 1416 coniicio,

428 1473 538 1529 qua
564 1457 839 1512 damones
864 1453 1162 1523 pellantur.
1193 1446 1351 1515 Quod
1379 1447 1426 1501 si
1456 1445 1644 1509 dicas,
1673 1443 1791 1498 sola
1821 1450 2006 1495 mente

430 1563 534 1604 nos
563 1545 676 1601 Deo
701 1543 964 1613 conjungi
995 1546 1293 1610 oportere;
1323 1551 1413 1592 res
1450 1535 1621 1604 igitur
1649 1548 1845 1587 omnes
1877 1546 2004 1585 cor-

430 1653 626 1710 poreas
655 1637 817 1698 tolle,
853 1631 1187 1692 luminaria,
1223 1642 1394 1684 suave
1431 1624 1686 1696 fragrans
1726 1621 2005 1678 suffimen-

431 1742 584 1794 tum,
624 1727 975 1799 precationes
1019 1722 1282 1786 vocales,
1319 1719 1556 1790 ipsamet
1610 1723 2001 1780 sacramenta,

428 1837 552 1894 qua:
584 1837 650 1877 ex
687 1817 921 1874 materia
961 1813 1354 1888 perficiuntur,
1385 1823 1620 1880 panem,
1651 1808 1872 1872 vinum,
1901 1821 2004 1860 un-
2032 1794 2074 1848 Β

427 1917 632 1971 ctionls
661 1914 884 1977 oleum,
915 1907 1100 1965 crucis
1135 1906 1378 1975 signum.
1421 1900 1550 1956 llaec
1577 1899 1784 1970 quippe
1817 1897 2002 1952 omnia

427 2008 660 2064 materia
687 2012 984 2066 constant,
1012 1995 1477 2070 quemadmodum
1505 2008 1641 2048 crux
1672 2000 1728 2047 et
1751 1990 2003 2059 spongia,

429 2119 552 2173 qua:
577 2099 827 2162 Christo,
854 2095 984 2150 dum
1009 2091 1166 2148 cruci
1198 2088 1390 2143 allixus
1416 2093 1556 2148 erat,
1592 2092 1844 2154 porrecta
1871 2081 1998 2146 fuit,

430 2194 646 2251 arundo
679 2203 896 2261 quoque
914 2226 930 2252 ,
961 2194 1017 2242 et
1044 2186 1238 2238 lancea
1259 2221 1275 2245 ,
1301 2195 1426 2250 quae
1449 2178 1598 2232 latus
1617 2217 1634 2241 ,
1661 2191 1730 2230 ex
1757 2188 1867 2244 quo
1895 2173 2008 2227 vita

431 2287 678 2360 profecta
716 2292 837 2349 est,
869 2277 1192 2352 perforavit.
1231 2277 1344 2328 Aut
1380 2272 1577 2326 horum
1617 2268 1865 2324 omnium
1907 2284 2005 2322 ve-

430 2382 774 2438 nerationem
817 2374 998 2437 aufer,
1037 2368 1184 2440 quod
1236 2367 1354 2422 fieri
1397 2377 1749 2434 nequaquam
1794 2360 2006 2430 possit,

431 2484 528 2530 aut
561 2470 858 2541 nequidem
888 2463 1191 2534 imaginum
1224 2464 1489 2514 honorent
1540 2468 1762 2525 respue.
1813 2453 2007 2506 Divina
2037 2485 2046 2492 -

429 2565 606 2640 gratia
642 2564 710 2618 iis
740 2573 864 2632 qua:
897 2555 1128 2610 materia
1161 2557 1459 2612 constant,
1493 2545 1838 2606 conceditur,
1874 2543 2008 2613 quia

428 2637 622 2715 eorum
648 2659 845 2723 gerunt
873 2647 1102 2704 nomina
1119 2685 1134 2709 ,
1159 2658 1301 2714 quos
1326 2639 1598 2695 referunt.
1629 2637 1784 2691 Velut
1809 2649 2008 2704 nempe

429 2751 674 2820 purpura
698 2752 752 2800 et
779 2741 1014 2799 sericum
1036 2777 1052 2802 ,
1078 2736 1338 2808 quodque
1363 2749 1432 2787 et
1464 2731 1531 2786 iis
1562 2736 1893 2802 prietextum
1923 2736 2006 2782 est

430 2841 812 2896 indumentum
836 2874 852 2900 ,
882 2849 949 2887 ex
984 2844 1044 2886 se
1076 2829 1184 2883 vile
1215 2825 1476 2896 quiddam
1507 2831 1563 2877 et
1601 2821 1844 2891 ignobile
1876 2826 2000 2874 est:

429 2951 498 2990 ex
530 2947 641 3004 quo
671 2938 858 2985 tamen
901 2924 956 2978 id
998 2919 1244 2977 induerit
1284 2918 1608 2986 imperator,
1653 2912 1900 2982 ejusdem
1947 2909 2006 2964 flt

431 3025 709 3098 particeps
740 3015 975 3074 honoris
999 3053 1015 3079 ,
1049 3025 1161 3084 quo
1207 3014 1435 3080 praestat
1477 3005 1592 3060 ille.
1630 3004 1712 3058 lta
1749 3019 1839 3059 res
1881 3018 2003 3073 qua:

431 3094 664 3171 materia
711 3112 1009 3170 constant,
1057 3119 1123 3158 ex
1175 3115 1236 3158 se
1283 3097 1507 3170 quidem
1553 3094 1846 3196 adorandae
1889 3110 2000 3149 non
2029 3138 2072 3196 ϐ

431 3216 559 3264 sunt
583 3222 599 3260 :
626 3212 682 3258 at
709 3202 755 3258 si
787 3199 966 3271 gratia
999 3195 1192 3266 plenus
1217 3193 1290 3246 sit
1323 3191 1370 3245 is
1393 3204 1557 3260 quem
1584 3185 1690 3242 illa:
1718 3185 1996 3248 referunt,

431 3315 535 3372 pro
555 3296 678 3352 fidei
714 3293 928 3348 ratione
961 3290 1094 3359 ipsa;
1122 3298 1340 3357 quoque
1370 3282 1603 3352 gratiam
1637 3276 1998 3349 profundunt.

429 3387 682 3462 Apostoli
704 3383 999 3440 Dominum
1027 3375 1316 3449 corporeis
1350 3374 1530 3428 oculis
1557 3381 1959 3441 conspexerunt
1983 3386 1999 3436 ;

430 3481 714 3555 apostolos
745 3475 840 3530 alii
867 3480 997 3530 sunt
1037 3467 1383 3539 conspicati;
1436 3473 1706 3535 martyres
1747 3462 2004 3517 viderunt

430 3576 562 3631 alii:
596 3586 728 3643 ergo
757 3581 982 3640 quoque
1015 3563 1141 3619 illos
1177 3575 1303 3615 cum
1346 3558 1532 3614 animo
1555 3596 1570 3619 ,
1614 3565 1731 3609 tum
1773 3568 2004 3625 corpore

429 3663 752 3735 conSpicere
778 3658 973 3714 vellem
995 3695 1012 3721 ,
1038 3652 1186 3708 unde
1213 3649 1514 3706 remedium
1539 3661 1867 3716 consequar,
1893 3661 2004 3716 quo

431 3757 637 3813 malum
671 3765 836 3808 omne
869 3747 1234 3820 propellatur.
1289 3740 1370 3796 Ex
1401 3738 1608 3810 duplici
1643 3739 1846 3808 quippe
1903 3754 2004 3792 na-

431 3857 488 3902 tu
500 3861 558 3901 ra
587 3858 708 3899 sum
740 3839 1028 3897 conditus:
1058 3835 1250 3906 sicque
1283 3834 1339 3888 id
1366 3834 1514 3904 quod
1542 3833 1663 3888 visu
1691 3832 1852 3902 322
1879 3847 2001 3886 cer-

432 3938 585 3995 nitur
610 3935 910 4006 aspiciens,
937 3929 1074 3984 illud
1102 3941 1360 3993 veneror,
1388 3941 1498 3982 non
1523 3937 1782 3996 tanquam
1808 3924 2000 3990 Deum,

430 4030 525 4086 sed
545 4037 806 4100 tanquam
829 4021 1161 4079 venerandae
1183 4020 1266 4076 rei
1282 4019 1598 4076 venerabile
1618 4018 2001 4074 simulacrum.

430 4121 539 4178 Sed
570 4130 630 4176 tu
655 4117 878 4193 quidem
911 4117 1148 4170 fortasse
1178 4113 1470 4170 sublimior
1499 4126 1560 4167 es
1579 4150 1595 4175 ,
1630 4118 1795 4180 atque
1825 4123 1855 4163 a
1885 4123 2004 4162 ma-

429 4216 570 4270 teria
601 4209 903 4276 remotior;
953 4220 1018 4260 ac
1071 4219 1240 4276 supra
1291 4218 1498 4274 corpus
1549 4201 1850 4266 incedens,
1901 4214 2001 4254 ceu

429 4305 580 4359 nullo
607 4301 796 4356 carnis
843 4296 1091 4369 pondere
1143 4295 1357 4367 gravis,
1413 4294 1467 4350 id
1520 4307 1682 4348 omne
1731 4291 2001 4361 despicis,

427 4394 665 4468 quodin
700 4398 980 4462 aspectum
1009 4389 1177 4444 cadit.
1211 4387 1325 4459 Ego
1355 4400 1488 4442 vero
1517 4384 1681 4439 homo
1709 4399 1833 4440 cum
1861 4384 1999 4448 sim,

2101 540 2337 609 φύσεως,
2373 542 2430 592 ὲν
2458 542 2524 610 τῇ
2558 536 2812 608 κοινωνίᾳ
2847 536 3098 608 θεότητος
3128 537 3277 590 ἐστιν
3298 538 3333 608 ή
3358 536 3577 604 ἓνωσις.
3617 560 3640 590 ι

2171 820 2219 872 Σ
2219 815 2449 886 χόλων.
2476 813 2592 886 EH)
2625 813 2790 870 εἰκὼν
2817 813 2912 869 τοῦ
2943 815 3210 885 βασιλέως
3239 815 3358 870 ἐστὶ
3394 816 3680 885 βασιλεὺς,

2102 906 2250 976 καὶὴ
2283 904 2448 959 είκὼν
2477 904 2572 958 τοῦ
2610 904 2872 974 Χριστοῦ,
2910 905 3169 976 Χριστὸς,
3197 905 3294 960 xui
3321 908 3354 976 ή
3387 905 3544 958 εἰκὼν
3570 907 3682 960 τοῦ

2102 997 2260 1064 ἁγίου
2302 996 2477 1064 ἅγιος.
2530 997 2641 1049 Καὶ
2673 994 2798 1048 οὔτε
2838 995 2899 1048 τὸ
2946 996 3150 1067 κράτος
3182 997 3447 1067 σχίζεται,
3474 997 3602 1050 οὔτε
3645 999 3683 1067 ἡ

2102 1086 2226 1150 δόξα
2253 1085 2651 1156 διαμερίζεται,
2687 1087 2804 1139 ἀλλ’
2831 1088 2864 1156 ἡ
2893 1087 3018 1151 δόξα
3060 1087 3160 1156 τῆς
3210 1088 3442 1152 εἰκόνος,
3475 1089 3570 1141 τοῦ
3595 1091 3681 1140 εί-

2104 1177 2455 1247 κονιζομένου
2503 1177 2732 1245 γίνεται.
2756 1178 3038 1230 Δεδοίκασι
3070 1180 3199 1241 τοὺς
3243 1180 3431 1247 ἁγίους
3465 1181 3513 1234 oi
3553 1181 3682 1233 δαί-

2108 1284 2286 1339 μονες,
2323 1269 2416 1322 xui
2451 1269 2550 1338 τὴν
2585 1269 2742 1321 σκιὰν
2786 1269 2964 1322 αὐτῶν
3011 1269 3422 1339 δραπετεύουσι,
3464 1271 3596 1323 σκιά
3623 1272 3684 1324 δὲ

2105 1361 2201 1413 xui
2220 1363 2252 1430 ή
2276 1359 2460 1423 εξκὼν,
2489 1361 2584 1413 xui
2599 1355 2805 1430 ταύτην
2822 1361 2977 1425 ποιῶ,
2991 1363 3066 1424 ὡς
3082 1362 3349 1431 δαιμόνων
3363 1363 3680 1432 ἑλάτειραν.

2103 1453 2168 1506 Εί
2194 1452 2250 1504 δὲ
2285 1452 2482 1522 χρῆναι
2509 1451 2688 1519 λέγοις
2717 1451 2920 1521 νοερῶς
2944 1451 3104 1521 μόνον
3129 1452 3249 1522 Θεῷ
3283 1453 3681 1518 συνάπτεσθαι,

2103 1543 2258 1599 ἄνελε
2282 1545 2459 1597 πάντα
2474 1542 2544 1596 τὰ
2571 1542 2881 1613 σωματικὰ,
2901 1542 2972 1596 τὰ
3000 1543 3175 1612 φῶτα,
3193 1544 3254 1597 τὸ
3269 1543 3470 1608 εὐῶδες
3481 1546 3684 1616 θυμία-

2107 1652 2210 1705 μαο
2241 1635 2412 1705 αὐτὴν
2437 1633 2535 1706 τὴν
2555 1633 2645 1687 διὰ
2664 1634 2763 1704 τῆς
2785 1634 2967 1705 φωνῆς
2999 1638 3330 1706 προσευχήν·
3354 1636 3494 1690 αὐτὰ
3523 1637 3594 1690 τὰ
3622 1637 3687 1703 ἐξ

2107 1727 2236 1799 ὕλης
2256 1726 2555 1797 τελούμενα
2590 1725 2711 1779 θεῖα
2741 1727 3034 1797 μυστήρια,
3065 1726 3157 1779 τὸν
3180 1726 3367 1798 ἄρτον,
3397 1728 3488 1781 τὸν
3509 1725 3684 1793 οἶνον,

2106 1821 2166 1874 τὸ
2193 1821 2292 1891 τῆς
2326 1820 2560 1890 κρίσεως
2595 1819 2796 1886 ἔλαιον,
2832 1817 2926 1873 τοῦ
2971 1819 3205 1891 σταυροῦ
3235 1819 3297 1873 τὺ
3345 1821 3680 1892 ὲκτὺπωμα.

2107 1912 2292 1966 Ταῦτα
2341 1911 2450 1982 γὰρ
2503 1911 2681 1966 πάντα
2727 1911 2862 1981 ὕλη·
2910 1912 2939 1965 ὁ
2984 1911 3240 1982 σταυρὸς,
3285 1915 3314 1966 ὁ
3367 1913 3464 1982 τῆς
3518 1930 3687 1966 σταυο

2107 2004 2330 2074 ρώσεως
2360 2003 2622 2072 σπόγγος,
2654 2002 2747 2057 xui
2766 2001 3032 2074 κάλαμος,
3061 2004 3156 2056 xui
3189 2004 3224 2074 ή
3256 2003 3359 2075 τήν
3395 2005 3687 2076 ζωηφδρον

2106 2095 2350 2165 πλευρὰν
2373 2093 2577 2159 νύξασα
2605 2094 2796 2164 λόγχη.
2824 2094 2896 2146 Ἦ
2915 2093 3120 2148 τούτων
3146 2095 3403 2148 ἁπάντων
3430 2095 3589 2150 ἄνελε
3618 2099 3686 2151 τὸ

2107 2185 2289 2249 σέϐας,
2330 2185 2468 2256 ὅπερ
2504 2182 2788 2247 ἀδύνατον,
2832 2183 2866 2253 ἢ
2911 2182 2986 2254 μὴ
3039 2183 3338 2238 ἀπαναίνου
3385 2185 3518 2256 μηδὲ
3574 2185 3684 2257 τὴν

2104 2279 2214 2332 τῶν
2239 2276 2463 2330 εἰκόνων
2493 2277 2680 2346 τιμήν.
2727 2275 2900 2346 Χάρις
2949 2275 3152 2329 δίδοται
3203 2276 3323 2329 θεία
3357 2281 3476 2342 ταῖς
3522 2279 3686 2339 ὕλαις

2105 2368 2195 2422 διὰ
2235 2369 2337 2438 τῆς
2381 2367 2490 2420 τῶν
2536 2366 2954 2436 είκονιζομένων
3016 2368 3408 2438 προσηγορίας.
3463 2369 3688 2440 Ὠσπερ

2106 2460 2254 2514 λιτὸν
2289 2461 2323 2529 ἡ
2351 2458 2592 2528 κογχύλη
2629 2456 2752 2510 καθ’
2787 2456 3004 2527 ἑαυτὴν,
3036 2458 3132 2510 xui
3166 2460 3200 2526 ή
3235 2457 3464 2526 μέταξα,
3489 2462 3588 2512 xui.
3623 2462 3689 2513 τὸ

2105 2554 2167 2620 ἐξ
2185 2555 2390 2623 ἀμφοῖν
2413 2551 2786 2620 ὲξυφασμένον
2809 2551 3024 2622 ἱμάτιον
3047 2568 3060 2581 ·
3078 2551 3143 2605 ἂν
3163 2551 3221 2604 δὲ
3245 2551 3498 2622 βασιλεὺς
3519 2554 3688 2606 τοῦτο

2106 2645 2422 2716 περίθηται,
2447 2645 2512 2697 ὲκ
2534 2646 2634 2714 τῆς
2661 2642 2973 2714 προσούσης
2997 2641 3078 2714 τῷ
3103 2643 3468 2715 ἠμφιεσμένῳ
3490 2645 3680 2715 πμῆἶν

2105 2736 2183 2807 τῷ
2223 2734 2577 2805 ἀμφιάσματι
2627 2734 2970 2806 μεταδίδοται
2999 2751 3013 2766 ’
3053 2735 3226 2799 οὕτως
3274 2737 3371 2790 xui.
3424 2739 3480 2790 αἱ
3528 2737 3682 2802 ὗλαι,

2104 2828 2266 2882 αὐταὶ
2295 2827 2394 2898 μὲν
2425 2827 2549 2880 καθ’
2576 2827 2777 2890 ἑαυτὰς
2821 2827 3252 2898 ἀπροσκύνητοι,
3276 2829 3341 2882 ἂν
3371 2830 3427 2884 δὲ
3455 2832 3682 2901 χάριτος

2103 2919 2191 2990 εἴη
2222 2919 2439 2990 πλήρης
2458 2920 2487 2971 ὁ
2508 2916 2924 2987 είκονιζόμενος,
2955 2919 3171 2990 μέτοχοι
3193 2921 3413 2991 χάριτος
3434 2924 3683 2988 γίνονται

2103 3009 2226 3064 κατ’
2251 3009 2544 3076 ἀναλογίαν
2575 3008 2673 3078 τῆς
2701 3007 2958 3071 πίστεως.
2989 3003 3143 3062 Εἶδον
3180 3013 3228 3062 σί
3265 3011 3556 3066 ἀπόστολοι
3588 3014 3683 3066 τὸν

2105 3101 2313 3171 Κύριον
2347 3102 2684 3170 σωματικοῖς
2709 3097 3030 3169 ὀφθαλμοῖς,
3063 3101 3158 3153 xui.
3188 3103 3314 3166 τοὺς
3345 3103 3681 3170 ἀποστόλους

2103 3193 2304 3263 ἕτεροι,
2326 3191 2420 3245 xui
2454 3191 2582 3254 τοὺς
2620 3191 2904 3262 μάρτυρας
2932 3191 3131 3262 ἕτεροι.
3159 3192 3319 3246 Ποθῶ
3355 3195 3512 3262 κάγὼ
3548 3197 3682 3250 τοῦ-

2102 3302 2231 3349 τους
2255 3285 2388 3356 ὀρᾷν
2415 3283 2559 3355 ψυχῇ
2585 3301 2642 3337 τε
2679 3284 2773 3336 καὶ
2799 3281 3034 3354 σώματι,
3060 3285 3154 3338 xui
3181 3286 3326 3355 ἔχειν
3352 3287 3686 3352 ἀλεξίκακον

2104 3375 2418 3445 φάρμακον,
2454 3374 2578 3426 ἐπεὶ
2623 3372 2846 3436 διπλοῦς
2874 3373 3130 3444 ἔκτισμαι
3151 3391 3166 3407 ⁸
3196 3377 3290 3429 καὶ
3328 3377 3471 3448 δρῶν
3499 3394 3678 3448 προσ-

2103 3460 2252 3514 κυνῶ
2275 3460 2338 3513 τὸ
2373 3458 2672 3531 ὁρώμενον,
2715 3459 2814 3528 οὐχ
2845 3457 2920 3522 ὡς
2959 3458 3114 3522 Θεὸν,
3156 3459 3275 3512 ἀλλ’
3301 3460 3379 3524 ὡς
3416 3461 3625 3531 τιμίων
3653 3475 3672 3511 r

2105 3552 2392 3626 είκόνισμα
2415 3552 2616 3622 τίμιον.
2644 3550 2871 3622 Σὺμὲν,
2902 3549 2981 3613 ὡς
3005 3549 3189 3620 τυχὸν,
3231 3551 3434 3622 ὑψηλός
3461 3570 3544 3618 τε,
3585 3555 3685 3607 καὶ

2104 3644 2288 3710 ἇῦλος,
2321 3645 2416 3697 καὶ
2438 3644 2580 3714 ὑπὲρ
2607 3643 2667 3697 τὸ
2691 3643 2853 3713 σῶμα
2879 3650 3193 3713 γενόμενος,
3219 3644 3315 3698 καὶ
3349 3639 3461 3700 οἷον
3502 3648 3682 3720 acup.

2104 3754 2221 3801 κος,
2250 3735 2587 3800 καταπτύεις
2629 3737 2739 3790 πᾶν
2768 3735 2831 3789 τὸ
2868 3735 3177 3806 ὁρώμενον·
3221 3736 3338 3791 ἀλλ’
3373 3738 3502 3807 ἐγὼ,
3553 3741 3684 3794 ἐπεὶ

2103 3826 2392 3898 ἄνθρωπός
2438 3827 2575 3896 είμι,
2623 3824 2720 3878 xui.
2769 3824 2928 3896 σῶμα
2980 3827 3336 3897 περίκειμαι,
3378 3827 3529 3880 ποθῶ
3581 3830 3686 3884 καὶ

2104 3920 2439 3992 σωματικῶς
2463 3919 2697 3990 ὁμιλεῖν,
2726 3919 2821 3972 xui
2847 3919 2981 3990 όρᾷν
3007 3919 3078 3972 τὰ
3098 3919 3261 3989 ἅγια·
3298 3923 3684 3994 συγκατάστιθι

2102 4013 2184 4084 τῷ
2218 4011 2464 4082 ταπεινῷ
2493 4028 2595 4080 μου
2625 4011 2934 4082 φρονήματι
2960 4011 2989 4064 ό
3010 4009 3233 4082 ὑψηλὸς,
3266 4013 3355 4066 ἵνα
3382 4030 3476 4066 σου
3503 4017 3688 4084 τηρή-

2105 4120 2206 4177 σῃς
2235 4103 2294 4157 τὸ
2335 4101 2558 4173 ὑψηλόν.
2593 4101 2949 4171 Ἀποδέχεται
2974 4102 3181 4173 Κύριος
3213 4103 3309 4158 τὸν
3350 4104 3490 4174 πρὸς
3512 4105 3686 4158 αὐτόν

2108 4219 2210 4271 μου
2235 4201 2423 4264 πόθον,
2455 4202 2549 4255 xui
2593 4201 2719 4266 τοὺς
2751 4200 2986 4265 οἰκείους
3042 4198 3232 4254 αὒτοῦ.
3270 4197 3463 4270 Χαίρει
3486 4196 3599 4268 γὰρ
3649 4199 3686 4250 δ

2102 4292 2394 4362 δεσπότης,
2434 4291 2918 4362 ὲγκωμιαζομένου
2973 4290 3160 4344 δούλου
3219 4290 3597 4360 εὐγνώμονος,
3650 4291 3686 4342 δ

2109 4383 2280 4454 μέγας
2326 4383 2430 4453 ἔφη
2473 4381 2757 4446 Βασίλειος
2814 4381 3179 4452 ἐγκωμιάζων
3226 4382 3353 4444 τοὺς
3402 4379 3685 4450 τεσσαρά-

427 4465 485 4544 et
509 4500 741 4556 corpore
766 4484 1025 4546 vestitus,
1051 4495 1178 4536 cum
1213 4479 1281 4535 iis
1307 4493 1429 4547 quae
1465 4483 1655 4534 sancta
1689 4486 1852 4538 sunt,
1879 4489 1996 4528 cur-

2109 4488 2278 4526 κοντα
2331 4473 2638 4543 μάρτυρας.
2694 4471 2888 4542 Ἀθρει
2945 4471 3003 4524 δὲ
3045 4465 3136 4526 οἷα
3168 4471 3266 4524 xui
3311 4467 3529 4540 Γόρδιον
3585 4468 3684 4521 τὸν

425 4593 563 4650 pore
591 4575 800 4632 versari
830 4573 1016 4644 cupio,
1054 4585 1230 4641 eaque
1263 4569 1440 4623 oculis
1473 4566 1750 4622 contueri.
1790 4563 1873 4619 Tu
1906 4563 2001 4634 qui

2113 4561 2357 4650 ἀοίδιμον
2379 4561 2654 4633 γεραίρων
2680 4562 2708 4602 ιι
2738 4561 2924 4633 φησίν.

427 4645 726 4740 praecelsus
752 4681 812 4721 es
832 4705 849 4732 ,
883 4661 1111 4718 humilis
1142 4673 1342 4716 sensus
1377 4657 1484 4713 mei
1515 4655 1783 4710 rationem
1821 4653 1960 4708 habe
1981 4691 1998 4715 ,
2041 4657 2101 4704 ut
2131 4657 2281 4704 tuam
2311 4649 2428 4720 ipse
2454 4662 2644 4704 serves
2666 4647 3076 4703 celsitudinem.
3136 4645 3312 4702 Meum
3380 4645 3686 4701 adversum

439 4775 503 4816 se
563 4757 887 4826 amicosque
957 4766 1093 4810 suos
1139 4749 1386 4808 studium
1461 4745 1851 4818 complectitur
1925 4742 2214 4797 Dominus.
2265 4739 2480 4795 Gaudet
2530 4739 2679 4794 enim
2720 4740 3015 4806 dominus,
3057 4753 3183 4793 cum
3230 4739 3686 4795 addictissimuin

431 4852 538 4910 sibi
588 4849 856 4906 famulum
893 4844 1153 4901 laudibus
1186 4840 1327 4896 allici
1364 4840 1566 4898 viderit
1606 4856 1621 4893 :
1659 4833 2125 4910 quemadmodum
2176 4847 2408 4904 magnus
2433 4831 2671 4888 Basilius
2700 4833 2808 4898 ait,
2842 4833 2900 4887 in
2963 4846 3029 4888 ea
3065 4832 3356 4896 oratione,
3420 4844 3528 4901 qua
3601 4846 3678 4886 xi.

430 4951 703 5015 martyres
726 4937 1010 5011 praedicat.
1033 4937 1103 4989 At
1124 4935 1309 4990 videas
1331 4935 1492 4989 velim
1527 4931 1660 5003 quid
1695 4932 1969 4986 illustrem
2008 4926 2274 4982 Gordium
2306 4927 2596 4982 celebrans
2625 4926 2846 4982 dixerit.

533 5035 595 5092 S.
629 5032 858 5100 Basilii,
887 5045 952 5085 ea:
981 5044 1216 5100 sermone
1247 5029 1302 5082 in
1334 5038 1581 5082 sanctum
1612 5036 1902 5094 martyrem

2109 5018 2226 5074 Τοῦ
2265 5018 2439 5089 ἁγίου
2489 5019 2852 5100 Βασιλείαν,
2999 5019 3108 5100 τοῦ
3134 5021 3223 5086 εις
3273 5017 3527 5088 Γόρδιον
3575 5018 3696 5072 τὸν

1075 5097 1353 5154 Gordium.
1757 5090 1776 5094 ⁷

2627 5090 2902 5158 μάρτυρα
2936 5091 3144 5158 λόγου.

507 5215 528 5250 ι
557 5194 842 5252 Ιοαιιοιιιιιιυ
869 5190 1056 5263 populi
1089 5190 1281 5246 laetitia
1311 5187 1590 5260 spirituali
1613 5227 1630 5251 ,
1663 5201 1730 5242 ex
1765 5183 1884 5242 sola
1918 5197 2003 5239 re-

2182 5199 2201 5233 t
2239 5178 2638 5252 Εὑφραίνονται
2661 5180 2782 5234 λαοὶ
2807 5178 3147 5252 εὐφροσύνην
3169 5178 3552 5250 πνευματικὴν
3590 5179 3698 5231 ἐπὶ

431 5301 555 5340 rum
580 5301 699 5354 quae
728 5299 759 5338 a
793 5283 923 5338 viris
939 5282 1111 5352 justis
1141 5289 1308 5352 gestae
1343 5286 1477 5334 sunt
1504 5277 1919 5339 recordatione,
1949 5279 2003 5329 et

2109 5271 2250 5344 μόνῃ
2271 5274 2338 5343 τῇ
2357 5271 2666 5342 ὑπομνήσει
2685 5270 2794 5325 τῶν
2818 5273 2930 5335 τοῖς
2953 5270 3180 5333 δικαίοις
3201 5267 3697 5338 κατωρθωμένων,

430 5352 737 5442 audiendo,
775 5375 844 5431 ad
878 5371 1213 5429 imitandum
1261 5377 1654 5443 provocantur.
1703 5365 1840 5422 Nam
1881 5365 2003 5419 illo-

2106 5363 2185 5426 είς
2218 5361 2380 5433 ζῆλον
2410 5362 2504 5417 xui
2531 5363 2760 5435 μίμησιν
2794 5361 2905 5414 τῶν
2942 5359 3183 5429 ἀγαθῶν,
3216 5359 3311 5428 ἀφ’
3346 5352 3420 5412 ὧν
3450 5357 3699 5410 ἀκούου-

433 5485 551 5523 rum
585 5469 678 5540 qui
715 5466 887 5539 probe
929 5474 1231 5536 sancteque
1271 5465 1561 5529 vixerunt,
1603 5459 1840 5516 historia
1889 5457 2002 5512 illis

2111 5472 2218 5522 σιν,
2274 5453 2609 5526 ἐναγόμενοι.
2633 5455 2706 5508 Ἠ
2737 5453 2848 5525 γὰρ
2897 5451 3006 5507 τῶν
3035 5449 3435 5505 εὐπολιτεύτων
3462 5447 3693 5521 ἀνδρῶν

1624 5634 1859 5692 VARUE
1907 5631 2305 5691 LECTIONES.

493 5731 514 5783 Ι
549 5733 710 5797 Orat.
744 5729 801 5796 Ξ,
830 5728 1032 5801 τιμίουῤ
1117 5725 1144 5766 ιι
1176 5726 1399 5796 Ibidem,
1433 5728 1513 5802 τῷ
1563 5725 1730 5798 λόγῳ,
