3904 6358
234 367 368 430 1265

1342 371 1439 430 DE
1482 368 1939 429 IMAGINIBUS
1962 367 2245 428 ORATIO
2282 366 2331 426 Ῐ.

3358 354 3494 419 1268

233 475 467 548 ἱστορία,
509 468 622 528 οἷόν
648 492 702 527 τι
734 475 849 543 φῶς
886 479 1000 539 τοῖς
1050 477 1379 547 σωζομένοις
1414 480 1553 549 πρὸς
1584 477 1684 549 τὴν
1713 478 1808 531 τοῦ

1924 478 2007 545 qui
2044 485 2333 544 compotes
2365 473 2566 530 salutis
2599 472 2773 533 ﬁunt,
2813 469 2962 525 velut
2993 467 3180 522 lumen
3216 464 3495 535 quoddam

231 570 350 641 βίου
398 568 517 623 ὁδὸν
568 568 807 638 ἐμποιεῖ.
837 585 857 620 ι
918 568 1028 621 Καὶ
1073 568 1267 623 πάλιν·
1309 588 1328 620 ι
1358 569 1524 622 Ὥστε
1560 570 1688 623 ὅταν
1724 569 1803 623 δι-

224 659 493 732 ηγώμεθα
516 660 644 723 τοὺς
665 659 817 730 βίους
857 659 968 713 τῶν
992 659 1408 731 διαπρεψάντων
1432 663 1490 714 ὲν
1522 661 1799 732 εὐσεὸείᾳ,

224 750 524 822 δοξάζομεν
566 750 786 822 πρῶτον
832 750 927 804 τὸν
969 753 1250 822 Δεσπότην
1280 752 1368 807 διὰ
1411 751 1520 805 τῶν
1561 752 1762 807 δούλων
1785 768 1799 783 '

224 840 650 911 ἐγκωμιάζομεν
676 840 899 904 δὲ’τοὺς
937 841 1180 905 δικαίους
1217 841 1308 894 διὰ
1350 842 1451 911 τῆς
1493 841 1803 912 μαρτυρίας

140 942 155 997 ς
225 925 301 997 ὧν
332 933 493 1003 ίσμεν
518 950 533 963 ο
562 933 932 1005 εὐφραίνομεν
953 933 1013 988 δὲ
1033 932 1158 998 τοὺς
1187 934 1373 1001 λαοὺς,
1398 934 1489 989 διὰ
1516 934 1615 1005 τῆς
1633 932 1806 1004 ἀκοῆς

225 1024 337 1079 τῶν
366 1024 574 1081 καλῶν.
611 1043 631 1077 ι

297 1207 582 1276 Σχόλιον.
620 1206 785 1277 Ὅρα,
814 1207 892 1272 ὡς
919 1208 1059 1262 Θεοῦ
1089 1208 1188 1280 μὲν
1208 1209 1387 1276 δόξαν,
1413 1208 1520 1263 τῶν
1548 1209 1604 1263 δὲ
1634 1209 1806 1277 ἁγίων

224 1298 525 1369 ἐγκώμιον,
552 1298 663 1352 τῶν
702 1299 760 1352 δὲ
790 1300 935 1353 λαῶν
982 1300 1323 1372 εὐφροσύνην
1367 1302 1462 1355 καὶ
1506 1302 1803 1373 σωτηρίαν,

222 1392 259 1460 ἡ
323 1391 510 1461 μνήμη
562 1390 673 1445 τῶν
728 1391 900 1459 ἀγίων
960 1393 1269 1464 συνίστησι.
1324 1394 1391 1447 Τί
1444 1390 1537 1449 οὗν
1598 1395 1807 1466 ταύτην

223 1482 517 1552 ἀφαιρεῖςς
548 1483 668 1537 Ὅτι
718 1483 776 1536 δὲ
805 1483 895 1536 διὰ
925 1483 1086 1552 λόγου
1138 1486 1234 1540 καὶ
1261 1486 1489 1540 εἰκόνων
1534 1489 1568 1559 ἠ
1613 1489 1806 1560 μνήμη

220 1570 461 1639 γίνεται,
502 1572 672 1642 φησὶν
699 1573 728 1625 ό
762 1572 926 1638 αὐτὸς
957 1573 1099 1639 θεῖος
1126 1576 1433 1641 Βασίλειος.

227 1748 346 1803 Τοῦ
375 1750 565 1803 αὐτοῦ
602 1750 797 1820 ἁγίου,
827 1755 915 1819 εἱς
944 1751 1051 1807 τὸν
1075 1755 1333 1823 Γόρδιον
1376 1756 1482 1811 τὸν
1509 1756 1803 1829 μάρτυρα.

303 1862 323 1893 r
345 1842 557 1913 ’Ὠσπερ
589 1844 699 1915 γὰρ
727 1845 807 1914 τῷ
851 1845 987 1917 πυρὶ
1015 1846 1341 1919 αὐτομάτως
1378 1848 1574 1905 ἕπεται
1602 1852 1664 1905 τδ
1693 1828 1806 1921 φω-
1844 1828 1883 1883 Β

219 1932 418 1999 τίζειν,
442 1936 537 1987 καὶ
561 1935 639 2006 τῷ
677 1935 836 2008 μύρῳ
857 1936 918 1990 τὸ
949 1938 1192 2003 εὐωδεῖν,
1221 1939 1368 1995 οὓτω
1397 1943 1490 1997 καὶ
1521 1946 1640 2007 ταῖς
1671 1946 1808 2013 ἁγα-

220 2023 347 2087 θαῖς
379 2024 665 2097 πράξεσιν,
699 2030 1017 2096 ἀναγκαίως
1066 2031 1356 2086 ἀκολουθεῖ
1404 2034 1465 2088 τὺ
1506 2035 1802 2105 ὠφέλιμον.

220 2114 423 2169 Καίτοι
476 2116 596 2170 οὐδὲ
623 2118 780 2173 τοῦτο
813 2122 1041 2191 μικρὸν,
1074 2123 1317 2193 ἀκριϐῶς
1346 2128 1530 2195 τυχεῖν
1551 2127 1649 2198 τῆς
1681 2128 1808 2200 ἀλη-

218 2204 382 2269 θείας
411 2206 519 2260 τῶν
547 2207 693 2262 τότε.
734 2210 980 2279 Ἀμυδρά
1029 2214 1138 2284 γάρ
1186 2232 1271 2279 τις
1304 2218 1494 2288 μνήμη
1532 2220 1614 2283 είς
1658 2222 1808 2291 ἡμᾶς

217 2296 463 2370 διεδόθη,
490 2300 590 2363 τὰς
632 2300 865 2357 ἐπὶτῶν
897 2303 1125 2373 ἀγώνων
1168 2308 1541 2378 ἀνδραγαθίας
1578 2311 1676 2365 τοῦ
1714 2315 1809 2366 ἀν-

215 2386 355 2459 δρὸς
382 2389 745 2459 διασώζουσα,
777 2394 872 2448 καί
922 2412 1040 2460 πως
1064 2396 1216 2451 δοκεῖ
1257 2400 1326 2453 τὰ
1363 2401 1487 2455 καθ’
1513 2403 1663 2473 ἡμᾶς
1694 2407 1809 2469 τοῖς

217 2483 338 2535 τῶν
366 2483 677 2555 ζωγράφων
710 2489 1115 2559 προσεοικέναι.
1144 2493 1253 2545 Kal
1272 2493 1382 2565 γὰρ
1406 2497 1626 2561 ἐκεῖνοι,
1661 2498 1810 2552 ἐπει-

214 2573 323 2628 δάν
355 2573 414 2641 ἐξ
444 2577 666 2632 εἰκόνων
704 2582 1095 2653 μεταγράφωσι
1137 2584 1241 2649 τὰς
1269 2587 1504 2656 εἰκόνας,
1538 2591 1808 2656 πλεῖστον,

217 2665 303 2729 ὡς
327 2667 495 2733 εἰκὸς,
530 2670 638 2723 τῶν
666 2674 993 2744 ἁρχετύπων
1014 2677 1508 2749 ἀπολιμπάνονται.
1531 2683 1640 2736 Καὶ
1664 2684 1811 2754 ἡμᾶς

216 2758 402 2827 αὐτῆς
431 2760 532 2831 τῆς
555 2761 683 2827 θέας
709 2764 820 2817 τῶν
841 2767 1185 2837 πραγμάτων
1209 2771 1663 2843 ἀπολειφθέντας,
1692 2776 1811 2832 κίν-

216 2849 385 2914 δυνος
408 2852 468 2905 οὐ
506 2854 704 2925 μικρὸς
728 2857 829 2929 τήν
860 2859 1118 2930 ἀλήθειαν
1149 2861 1476 2921 ἐλαττῶσαι.
1502 2884 1523 2919 ι

560 3032 696 3087 Ἐπί
736 3034 896 3089 τέλει
929 3036 1041 3093 τοῦ
1067 3039 1255 3094 αὐτοῦ
1281 3006 1491 3111 λόγου.

1905 569 2336 636 subministrat,
2366 582 2479 639 quo
2506 565 2575 621 ad
2605 566 2779 619 vitam
2812 567 3066 634 pergant.
3090 578 3107 611 ι
3138 558 3202 613 Ει
3226 573 3445 613 rursum
3474 574 3491 614 :

1913 662 2333 733 rQuapropter,
2366 659 2589 731 quando
2649 658 2818 714 vitam
2861 668 3089 720 eorum,
3142 653 3238 723 qui
3287 652 3497 723 pietate

1906 755 2153 827 insignes
2186 753 2422 817 fuerint,
2452 765 2779 807 enarramus
2807 765 2822 812 ;
2857 748 3096 819 primum
3128 745 3352 815 quidem
3385 744 3495 797 Do-

1906 847 2118 901 minum
2153 845 2213 899 in
2239 845 2420 900 servis
2455 843 2839 897 honoramus:
2880 840 3082 895 deinde
3111 838 3293 908 justos
3325 849 3497 891 orna-

1907 954 2033 994 mus
2054 979 2070 1004 ,
2101 953 2165 992 ea
2198 934 2551 992 testiﬁcando
2574 974 2588 998 ,
2629 947 2753 1004 quae
2794 931 2955 987 nobis
3001 936 3286 1000 comperta
3320 935 3453 984 sunt
3474 945 3491 980 :

1906 1028 2129 1084 demum
2159 1028 2498 1083 laetiticamus
2526 1024 2783 1095 populos,
2823 1023 2954 1078 dum
3000 1037 3089 1077 res
3118 1021 3359 1091 optimas
3392 1034 3492 1073 au-

1907 1120 2087 1175 diunt.
2134 1137 2153 1170 ι

1979 1211 2281 1267 Comment.
2325 1208 2458 1263 Vide
2491 1206 2773 1279 quomodo
2805 1213 3125 1262 sanctorum
3157 1216 3496 1256 commemo-

1909 1305 2090 1369 ratio,
2133 1311 2253 1358 tnm
2296 1301 2411 1357 Deo
2452 1300 2719 1372 gloriam,
2765 1307 2882 1354 tum
2923 1296 3060 1368 ipsis
3092 1295 3344 1358 laudem,
3378 1301 3494 1348 tum

1908 1397 2152 1467 denique
2199 1395 2447 1450 laetitiam
2499 1392 2758 1464 populis,
2812 1391 3161 1459 salutemque
3212 1386 3494 1441 conciliet.

1911 1489 2029 1544 Cur
2056 1488 2230 1558 igitur
2258 1502 2382 1543 eam
2424 1485 2623 1540 tollere
2662 1483 2936 1539 conaris?
2977 1480 3133 1547 Quod
3178 1487 3362 1534 autem
3400 1491 3499 1547 per

1908 1594 2222 1635 sermonem
2277 1592 2342 1632 ac
2390 1591 2491 1647 per
2542 1574 2814 1645 imagines
2862 1579 3184 1628 sanctorum
3231 1567 3498 1624 amatoria

1910 1678 2129 1741 agatur,
2165 1670 2391 1724 divinus
2424 1666 2570 1722 idem
2607 1666 2849 1721 Basilius
2880 1663 3133 1717 aﬂirmat.

2194 1759 2485 1830 Ejusdem,
2521 1759 2575 1813 in
2611 1756 2871 1811 Gordium
2903 1761 3214 1822 martyrem.

1984 1852 2507 1920 «Quemadmodum
2559 1850 2707 1905 enim
2767 1849 2948 1917 ignem
2987 1852 3189 1916 sponte
3241 1842 3498 1913 sequitur

1909 1946 2097 2000 lumen
2119 1986 2134 2010 ,
2166 1956 2220 2000 et
2248 1952 2596 2015 unguentum
2630 1942 2823 1997 suavis
2853 1939 3016 2002 odor,
3050 1937 3124 1992 ita
3156 1944 3310 1991 recte
3354 1935 3499 1987 facta

1910 2038 2235 2094 necessario
2274 2037 2639 2107 consequitur
2680 2034 2920 2089 utilitas.
2965 2031 3292 2100 Quanquam
3330 2042 3400 2083 ne
3439 2026 3497 2080 id

1907 2128 2133 2199 quidem
2168 2145 2364 2199 parum
2399 2137 2519 2193 est,
2551 2140 2743 2183 eorum
2780 2139 2902 2195 qua:
2950 2134 3083 2178 tunc
3132 2129 3283 2193 gesta
3334 2126 3498 2180 sunt,

1908 2222 2197 2278 veritatem
2229 2222 2528 2292 diligenter
2554 2222 2798 2289 assequi.
2829 2216 3082 2272 Obscura
3116 2213 3325 2284 quippe
3350 2210 3499 2265 venit

1909 2313 1978 2367 ad
2029 2327 2132 2367 nos
2182 2313 2485 2377 memoria,
2530 2325 2638 2381 qua
2685 2309 2954 2381 praeclara
2997 2307 3055 2361 in
3088 2303 3498 2361 certaminibus

1909 2406 2013 2461 viri
2047 2404 2297 2460 facinora
2342 2412 2563 2461 servata
2601 2411 2770 2459 sunt:
2799 2387 3059 2470 idemque
3086 2394 3499 2468 quodammodo

1911 2498 2119 2565 nobis,
2164 2497 2313 2568 quod
2364 2497 2713 2567 pictoribus,
2768 2493 3024 2549 accidere
3071 2490 3313 2546 videtur.
3359 2488 3498 2544 Cum

1910 2591 2058 2647 enim
2089 2605 2159 2645 ex
2189 2590 2530 2662 imaginibus
2562 2587 2835 2658 imagines
2866 2584 3171 2654 depingunt
3219 2580 3332 2646 illi,
3374 2593 3500 2650 per-

1913 2696 2061 2753 saepe
2109 2681 2227 2738 ﬁeri
2262 2696 2362 2751 par
2384 2690 2502 2748 est,
2537 2688 2599 2735 ut
2644 2695 2676 2734 ιι
2708 2676 3058 2750 primigeniis
3088 2673 3499 2744 exemplaribus

1914 2776 2199 2831 aberrent.
2232 2773 2409 2830 Nobis
2436 2789 2658 2846 quoque
2678 2814 2693 2838 ,
2722 2773 2819 2844 qui
2848 2771 3015 2853 rebus
3044 2769 3217 2840 gestis
3250 2784 3360 2823 non
3405 2768 3501 2822 ad-

1914 2865 2153 2931 fuimus,
2188 2867 2479 2922 minimum
2506 2881 2618 2922 non
2651 2865 2847 2923 subest
2874 2863 3187 2935 periculum
3207 2903 3224 2929 ,
3257 2878 3329 2918 ne
3356 2862 3500 2917 veri-

1913 2958 2021 3013 tati
2044 2959 2308 3015 damnum
2336 2957 2665 3015 inferamus.
2701 2973 2721 3010 ι

2260 3050 2369 3107 Sub
2399 3049 2638 3114 eiusdem
2672 3048 2932 3105 sermonis
2964 3048 3147 3117 ﬁnem.

300 3139 327 3174 e
367 3119 457 3187 Ὧς
486 3122 716 3231 γὰρ-τον
731 3126 891 3231 Ϊιλιον
924 3130 1012 3183 ἀεὶ
1038 3131 1295 3201 ὁρῶντες,
1318 3134 1407 3187 ἀεὶ
1433 3134 1809 3207 θαυμάζομεν,

1992 3161 2013 3195 ι
2036 3140 2192 3197 Sicut
2220 3141 2365 3197 enim
2385 3180 2401 3205 ,
2424 3141 2527 3197 etsi
2557 3141 2729 3197 solem
2757 3154 2976 3209 semper
3002 3138 3309 3209 aspicimus
3327 3175 3343 3200 ,
3373 3151 3501 3191 eum

217 3212 381 3267 οὕτω
413 3215 508 3268 καὶ
537 3216 630 3270 τοῦ
658 3217 852 3289 ἀνδρὸς
873 3220 1086 3275 ἐκείνου
1112 3223 1200 3277 ἀεὶ
1230 3224 1434 3295 νιαράν
1462 3226 1562 3296 τὴν
1587 3226 1810 3297 μνήμην

1924 3240 2100 3288 tamen
2129 3247 2352 3302 semper
2374 3230 2734 3295 admiramur,
2758 3230 2840 3286 sic
2859 3230 2966 3285 viri
2991 3229 3140 3285 illius
3165 3228 3332 3285 nobis
3358 3243 3501 3285 sem-

216 3302 320 3359 εγο
329 3320 451 3359 μεν.
481 3323 502 3357 ι

290 3321 320 3356 ο
373 3321 451 3359 εν.
481 3323 502 3357 ι
634 3346 639 3349 ς

250 3321 587 3464 χΣξιχόυιιον.
623 3399 816 3469 Δῆλον,
850 3400 926 3467 ὡς
953 3401 1044 3456 ἀεὶ
1071 3404 1434 3475 καθορῶντες,
1452 3405 1545 3459 διά
1563 3423 1624 3460 τε
1646 3404 1811 3476 λόγου

216 3488 323 3542 καὶ
358 3489 784 3559 είκονισμάτων.

212 3579 342 3633 Καὶ
369 3580 439 3632 ἐν
471 3579 551 3665 τῷ
576 3583 737 3665 ,μόγῳ
768 3582 838 3637 δὲ
864 3584 945 3665 τῷ
974 3588 1061 3652 εἰς
1089 3586 1235 3654 τοὺς
1252 3590 1638 3665 ,ὐπςερτίμους
1674 3605 1813 3646 τεσ-

443 3655 791 3718 σαράκοντα
810 3655 1139 3725 μάρτυρας.
1170 3657 1356 3713 ταῦτά
1383 3655 1595 3728 φησιν.

300 3761 323 3794 ι
352 3742 668 3814 Μαρτύρων
698 3745 754 3798 δὲ
796 3748 1038 3818 μνήμης,
1070 3749 1154 3813 τίς
1183 3748 1248 3803 ἂν
1268 3749 1480 3818 γένοιτο
1526 3750 1688 3822 κόρος
1734 3750 1813 3822 τῷ

214 3834 632 3906 φιλομάρτυρι;
669 3838 814 3890 Διότι
848 3840 882 3908 ή
929 3840 1066 3911 πρὸς
1097 3843 1243 3905 τοὺς
1271 3842 1512 3912 ἀγαθοὺς
1548 3843 1657 3898 τῶν
1691 3847 1815 3915 ὁμο-

209 3926 437 3980 δούλων
465 3928 624 3999 τιμὴ,
660 3930 941 3997 ἀπόδειξιν
990 3932 1106 4002 ἔχει
1152 3934 1251 4005 τῆς
1295 3935 1432 4005 πρὸς
1493 3935 1587 3990 τὸν
1633 3936 1813 3990 κοινὸν

209 4020 510 4090 Δεσπότην
560 4023 795 4086 εὐνοίας.
836 4043 856 4075 ι
892 4024 1005 4078 Καὶ
1041 4026 1236 4080 πάλινο
1274 4028 1637 4100 «Μακάρισον
1681 4046 1814 4100 γνη-

213 4114 363 4176 σίως
397 4113 489 4165 τὸν
544 4117 1001 4185 μαρτυρήσαντα,
1036 4116 1125 4170 ἵνα
1161 4117 1291 4189 γένῃ
1325 4119 1535 4190 μάρτυς
1565 4122 1632 4191 τῇ
1680 4138 1815 4192 προ-

210 4207 469 4279 αιρέσει,
508 4207 602 4259 καὶ
661 4208 830 4279 ὲκὸῇς
864 4209 1036 4279 χωρὶς
1090 4210 1356 4281 διωγμοῦ,
1397 4213 1569 4284 χωρὶς
1615 4213 1812 4283 πυρὸς,

209 4299 400 4370 χωρὶς
429 4299 734 4367 μαστίγων,
764 4298 876 4353 τῶν
916 4300 1096 4356 αὐτῶν
1125 4303 1355 4368 ἐκείνοις
1386 4304 1625 4359 ἐπαίνων
1650 4305 1815 4375 ἠξιω-

212 4392 409 4464 μᾶνος.
453 4411 476 4445 ι

285 4570 584 4641 Σχόλιον.
627 4572 753 4636 Πῶς
782 4571 876 4628 οὖν
913 4575 981 4643 μὲ
1027 4574 1316 4647 ἀπείργεις
1349 4575 1453 4644 τῆς
1500 4575 1611 4629 τῶν
1646 4575 1816 4643 ἁγίων

205 4663 418 4733 τιμῆς,
453 4662 550 4715 καὶ
601 4662 817 4731 φθονεῖς
872 4681 963 4734 μοι
991 4664 1091 4735 τῆς
1140 4664 1449 4736 σωτηρίας;
1478 4665 1816 4719 Ὅτιδὲσυν-

205 4756 573 4826 εζευγμένην
603 4752 708 4810 οἶδε
756 4757 834 4828 τῷ
881 4756 1026 4827 λόγῳ
1074 4757 1174 4828 τὴν
1221 4758 1310 4811 διὰ
1361 4758 1471 4811 τῶν
1507 4759 1817 4830 χρωμάτων

208 4848 476 4921 μορφὴν,
499 4848 668 4901 ἄκουε
696 4847 865 4903 αὐτοῦ
894 4846 1016 4917 μετ’
1041 4846 1197 4917 ὀλίγα
1226 4846 1553 4917 φάσκοντος.

850 5037 1197 5092 Βασίλειον.

290 5148 312 5180 ι
344 5123 531 5195 Δεῦρο
577 5124 642 5196 δὴ
686 5120 801 5194 οῦν,
828 5126 910 5189 εἰς
945 5127 1110 5196 μέσον
1150 5124 1350 5188 αὐτοὺς
1390 5124 1688 5193 ἀγαγόντες
1729 5123 1817 5177 διὰ

204 5220 318 5291 τῆς
369 5219 741 5289 ὑπομνήσεως
767 5258 783 5285 ,
821 5218 1008 5287 κοινὴν
1047 5219 1147 5289 τὴν
1187 5217 1284 5271 ἀπ’
1312 5217 1493 5271 αὐτῶν
1542 5217 1817 5286 ὠφέλειαν

204 5315 334 5375 τοῖς
384 5309 629 5381 παροῦσι
674 5309 1172 5380 καταστησώμεθα,
1203 5306 1583 5380 προδείξαντες
1626 5310 1814 5374 πᾶσιν,

205 5402 420 5473 ὥσπερ
450 5401 510 5453 ὲν
538 5403 751 5471 γραφῇ,
782 5400 884 5465 τὰς
911 5399 1022 5453 τῶν
1044 5399 1256 5472 ἀνδρῶν
1283 5398 1587 5469 ἀριστείας.
1622 5416 1642 5449 ι

289 5580 589 5649 Σχόλιον.
605 5578 791 5652 Ὁρᾷς,
812 5579 889 5644 ὡς
906 5578 965 5633 ἓν
988 5578 1195 5643 εἰκόνος
1215 5578 1308 5632 καὶ
1338 5577 1495 5648 λόγου
1524 5578 1585 5632 τὸ
1617 5577 1777 5650 ἔργον
1798 5595 1814 5644 ;

214 5694 235 5726 ι
261 5674 358 5736 Ὠς
417 5672 483 5724 ὲν
528 5676 713 5744 γραφῇ
743 5673 872 5745 γὰρ,
900 5673 1057 5745 φησὶ,
1089 5671 1462 5744 προδείξωμεν
1490 5672 1567 5743 τῷ
1594 5672 1758 5744 λόγῳ.
1791 5690 1811 5724 ι

211 5766 399 5823 Πάλιν
435 5762 674 5835 ἐχόμενα
696 5764 791 5820 τοῦ
831 5766 993 5836 λόγου
1017 5781 1041 5853 1
1066 5784 1086 5819 ι
1110 5763 1263 5820 Ἐπεὶ
1309 5765 1401 5819 καὶ
1432 5763 1682 5836 πολέμων
1721 5765 1815 5821 ἀν-

1912 3338 2013 3394 per
2041 3338 2237 3380 recens
2265 3329 2351 3377 est
2382 3321 2675 3377 memoria.
2714 3339 2734 3373 ι

1982 3414 2277 3469 Comment.
2312 3411 2428 3468 Nec
2450 3411 2715 3478 dubium,
2743 3411 2879 3482 quin
2905 3425 3126 3481 semper
3150 3410 3307 3464 illum
3330 3448 3345 3470 ,
3371 3423 3500 3463 cum

1912 3521 2012 3576 per
2033 3520 2344 3561 sermonem
2368 3545 2382 3570 ,
2404 3511 2522 3558 tum
2545 3519 2643 3574 per
2663 3504 2963 3581 imaginum
2986 3501 3192 3571 eﬂigies
3215 3500 3500 3554 intuendo.

1916 3597 1985 3653 In
2022 3598 2261 3653 oratione
2287 3613 2406 3651 vero
2441 3596 2506 3650 de
2540 3595 3107 3664 prwstantissimornnt
3142 3592 3503 3663 quadraginta

2344 3675 2648 3737 martyrum
2677 3664 2952 3719 laudibus.

1990 3773 2011 3811 ι
2040 3758 2340 3830 Martyrum
2374 3771 2546 3827 porro
2577 3753 2860 3810 recolendi
2896 3753 3255 3819 memoriam,
3289 3751 3499 3821 inquit,

1915 3864 2167 3920 quaenam
2198 3849 2430 3905 satietas
2459 3844 2726 3902 acciderit
2750 3845 2828 3899 illi
2851 3845 2945 3915 qui
2971 3853 3242 3916 martyres
3276 3843 3502 3912 diligit?

1919 3939 2109 3995 Honos
2138 3938 2345 4010 quippe
2372 3951 2537 4007 quem
2568 3935 2857 3992 conservis
2882 3934 3108 4005 optimis
3139 3941 3464 4003 praestamus
3482 3970 3499 3995 .

1916 4036 2309 4099 argumentum
2361 4035 2448 4084 est
2503 4025 2938 4089 benevolentiae,
2991 4041 3103 4094 qua
3146 4038 3499 4079 communem

1914 4121 2078 4193 323
2110 4120 2403 4176 Dominum
2434 4127 2873 4190 prosequuntur.
2906 4136 2924 4168 ι
2951 4116 3019 4170 Et
3041 4132 3283 4172 sursum:
3313 4132 3332 4166 ι
3360 4116 3500 4169 Bea-

1920 4222 2005 4269 tos
2032 4214 2156 4269 illos
2182 4213 2399 4269 sincere
2425 4211 2662 4282 praedica
2684 4248 2700 4276 ,
2728 4209 2826 4280 qui
2852 4207 3179 4279 martyrium
3201 4206 3497 4268 obierunt,

1916 4316 1976 4361 ut
2006 4314 2063 4361 tu
2095 4320 2315 4376 quoque
2345 4305 2629 4360 voluntate
2653 4311 2861 4373 martyr
2884 4301 3106 4365 evadas,
3131 4307 3500 4370 persequente

1916 4399 2102 4463 nullo,
2139 4398 2350 4467 absque
2384 4396 2541 4467 igne,
2576 4395 2787 4464 absque
2817 4392 3174 4457 verberibus,
3209 4391 3404 4447 iisdem
3434 4402 3501 4445 ac

1846 4511 1890 4566 ι)
1919 4488 1996 4543 illi
2024 4497 2252 4542 ornatus
2277 4485 2568 4543 eucomiis.
2600 4504 2620 4538 ι

1992 4577 2288 4634 Comment.
2328 4575 2441 4631 Cur
2477 4589 2610 4646 ergo
2644 4573 2714 4631 ab
2762 4573 3104 4630 bonorandis
3156 4572 3362 4628 sanctis
3410 4586 3501 4627 me

1918 4669 2213 4726 deterres?
2240 4668 2355 4724 Cur
2390 4667 2527 4723 mibi
2559 4668 2795 4724 salutem
2833 4666 3093 4722 invides?
3125 4664 3282 4731 Quod
3314 4671 3499 4719 autem

1916 4776 2236 4831 expressam
2268 4760 2552 4816 coloribus
2579 4758 2813 4814 formam
2834 4796 2850 4821 ,
2878 4756 3097 4814 amnem
3124 4756 3202 4812 illi
3228 4770 3353 4811 esse
3377 4767 3501 4825 qua:

1918 4866 2177 4907 sermone
2227 4850 2495 4922 pingitur,
2547 4857 2811 4916 censeat,
2846 4847 3134 4904 nonnullis
3183 4845 3491 4917 interiectis

1918 4943 2285 4999 afﬁrmantem
2323 4940 2539 4998 audias.

2599 5029 2815 5091 Basilii.

1994 5140 2015 5173 ι
2044 5122 2290 5193 Agedum
2328 5123 2480 5199 ipsos
2530 5123 2589 5178 iu
2627 5122 2868 5178 medium
2916 5135 3013 5190 per
3058 5118 3500 5189 qualemcunque

1917 5215 2509 5271 commemorationem
2542 5221 2790 5269 nostram
2823 5211 3172 5268 adducentes
3194 5250 3211 5276 ,
3239 5219 3501 5266 strenua-

1917 5321 2026 5377 que
2053 5305 2296 5365 virorum
2328 5305 2471 5361 facta
2491 5346 2507 5373 ,
2537 5304 2697 5359 velut
2719 5304 2775 5358 in
2805 5303 3009 5358 tabella
3035 5308 3366 5356 cunctorum
3397 5317 3498 5358 ex-

1917 5399 2173 5454 hibentes
2210 5398 2423 5462 oculis,
2474 5410 2828 5453 communem
2873 5393 3187 5450 astantibus
3234 5408 3500 5463 procure.

1917 5506 2041 5547 mus
2071 5490 2387 5544 utilitatem.
2427 5506 2447 5540 ι

1991 5582 2288 5638 Comment.
2321 5580 2484 5638 Vides
2507 5622 2522 5648 ,
2551 5577 2871 5651 quod'idem
2902 5576 3196 5633 conferant
3228 5584 3341 5631 tum
3378 5592 3499 5631 scr-

1917 5691 2010 5731 mo
2030 5714 2047 5741 ,
2081 5683 2193 5730 tum
2228 5673 2458 5744 imago?
2485 5671 2587 5727 Ait
2606 5672 2758 5730 enim
2787 5689 2800 5725 :
2830 5690 2848 5724 ι
2878 5669 3165 5741 Tanquam
3202 5671 3257 5725 in
3292 5670 3496 5727 tabella

1922 5767 2278 5826 sermonibus
2328 5764 2718 5825 exhibemus.
2756 5763 2949 5831 sQuin
3000 5772 3058 5820 et
3109 5780 3233 5819 mox
3291 5762 3497 5819 subdit.
