3904 6358
437 301 459 378 1
470 317 567 381 Ξιη

1598 317 1656 376 S.
1693 313 2018 376 JOANNIS
2060 315 2491 378 DAMASCENI

3552 310 3707 383 1268

437 448 456 484 ι
484 436 615 498 Quae
640 431 782 484 enim
811 429 865 482 in
897 429 1040 482 bello
1063 425 1282 480 i'ortiter
1307 433 1457 495 gesta
1485 434 1648 492 sunt,
1674 442 1736 480 ea
1763 440 2014 497 strpenu-

2138 427 2532 498 ἱραγαθήματα,
2559 427 2650 480 καὶ
2678 427 3002 500 λογογράφοι
3029 428 3310 493 πολλάκις,
3339 430 3432 484 καὶ
3469 431 3706 504 ζωγράο

436 539 624 588 mero,
659 531 772 576 tum
804 530 1056 576 oratores
1098 519 1412 589 explicant,
1455 526 1568 572 tum
1615 519 1895 590 pictores:
1931 519 2009 572 illi

433 617 652 688 quidem
692 613 874 669 verbis
910 611 1282 674 exornantes“,
1318 611 1372 665 bi
1409 625 1539 682 verp
1572 610 1788 667 labellis
1824 610 2013 680 impri-

435 714 684 762 mentes:
716 719 826 774 quo
855 704 1072 776 quidem
1105 711 1264 774 pacto
1296 699 1498 758 multos
1532 702 1752 772 utrique
1779 701 1846 760 ad
1870 717 2011 775 prte-

438 801 583 854 clara
621 797 864 852 facinora
887 796 1272 850 incenderunt.
1311 795 1593 866 Numquae
1626 796 1854 851 auribus
1887 812 2015 866 pro-

439 888 588 958 ponit
619 887 798 944 oratio
822 926 838 950 ,
867 885 1059 941 eadem
1095 885 1264 940 silens
1304 885 1475 955 ﬁgura
1511 897 1609 955 per
1646 886 2012 948 imitationem

437 980 702 1036 ostendit.
738 999 755 1030 ι

510 1071 804 1128 Comment.
850 1073 1067 1138 Quibus
1104 1072 1335 1126 obsecro
1368 1072 1553 1127 verbis
1584 1071 1794 1126 clarius
1829 1077 2017 1142 posset

440 1168 832 1232 demonstrari,
861 1166 1004 1237 apud
1041 1167 1352 1221 illitteratos
1375 1166 1640 1221 librorum
1675 1165 2015 1236 locoiniagi-

441 1273 541 1314 nes
567 1273 726 1322 esse,
754 1265 810 1311 et
847 1266 1166 1316 sanctorum
1197 1256 1385 1326 gloriae
1411 1255 1636 1311 minime
1668 1267 1849 1312 mutos
1877 1271 2015 1326 prae-

443 1364 611 1406 cones
635 1366 652 1415 ;
680 1349 890 1419 quippe
921 1362 1047 1418 quae
1071 1361 1206 1402 voce
1237 1347 1474 1417 quadam
1512 1347 1680 1404 tacita
1707 1363 1803 1404 eos
1833 1349 1928 1418 qui
1959 1362 2020 1404 se

445 1443 730 1498 intuentur
757 1439 992 1506 docent,
1021 1440 1488 1510 sanctitatemque
1512 1439 1656 1496 visui
1682 1440 2014 1496 conciliant!

445 1533 678 1600 Quando
713 1533 852 1590 mihi
901 1548 1013 1590 non
1064 1539 1368 1604 suppetunt
1421 1533 1588 1596 libri,
1645 1548 1747 1588 nec
1794 1531 2020 1587 lectioni

414 1639 668 1696 'possum
720 1639 948 1690 vacare,
983 1626 1378 1694 cogitationum
1430 1625 1638 1682 aculeis
1687 1623 1918 1695 perinde
1955 1639 2020 1678 ac

447 1717 623 1782 spinis
653 1723 1019 1785 compunctus
1040 1755 1056 1780 ,
1085 1715 1154 1771 ad
1183 1716 1489 1772 Ecclesiam
1515 1755 1530 1781 ,
1558 1715 1870 1772 animarum
1906 1730 2020 1770 me-

445 1807 556 1862 dici
589 1806 867 1862 oﬂiclnam
910 1819 1261 1866 communem
1308 1822 1514 1878 pergo:
1565 1814 1848 1877 aspectum
1900 1821 2018 1861 mo-

448 1907 573 1955 vent
611 1901 844 1970 pictura:
879 1898 1045 1955 ﬂores
1068 1938 1084 1964 ,
1121 1906 1286 1969 atque
1334 1898 1402 1954 ad
1442 1899 1620 1954 instar
1659 1901 1801 1970 prati
1839 1900 2020 1954 visum

446 1991 731 2046 oblectant
757 2005 974 2053 meum,
1006 1999 1061 2045 et
1087 1990 1182 2045 Dei
1224 1991 1456 2061 gloriam
1495 1991 1698 2047 sensim
1745 1991 2024 2046 instillant

447 2083 652 2138 animo.
686 2082 1066 2140 Constantiam
1106 2083 1365 2154 martyris
1404 2084 1734 2149 considero,
1768 2091 1824 2138 et
1858 2098 2022 2140 coro-

448 2189 642 2230 narum
676 2175 898 2245 praemia
925 2191 940 2240 ;
978 2175 1239 2245 httmiqne
1272 2175 1570 2245 procidens
1598 2191 1696 2245 per
1727 2184 2021 2246 martyrem

451 2265 620 2322 Deum
657 2267 834 2322 adoro
856 2307 872 2332 ,
903 2268 1192 2323 ct.salntis
1226 2283 1454 2339 compos
1493 2267 1721 2323 eﬂ‘tcior.
1761 2265 2021 2337 Nunquid

447 2373 557 2412 non
583 2357 830 2412 divinum
857 2359 1007 2413 illum
1027 2358 1246 2414 Patrem
1270 2359 1474 2414 auditis
1494 2359 1548 2414 in
1571 2358 1838 2423 oratione,
1857 2372 2022 2428 quam

451 2451 504 2502 in
539 2447 881 2504 Psalmorum
913 2449 1132 2504 initium
1163 2449 1392 2519 scripsit
1417 2450 1486 2516 ⁸⁸,
1511 2449 1784 2505 dicentem
1813 2467 1826 2502 :
1858 2466 1877 2498 ι
1902 2446 2026 2518 Spi-

453 2541 619 2594 ritum
646 2549 900 2596 sanctum
921 2584 936 2608 ,
965 2542 1226 2612 quoniam
1255 2543 1608 2598 intractabile
1635 2542 2026 2612 torpidumque

450 2639 536 2688 cst
565 2633 851 2696 hominum
883 2649 1078 2703 genus,
1122 2631 1470 2688 Psalmorum
1500 2633 1795 2688 concentui
1825 2632 2026 2686 carmi-

453 2739 584 2778 num
620 2725 983 2781 admiscnisse
1021 2725 1547 2780 concinnitatem?»
1575 2724 1713 2791 Quid
1749 2724 1876 2779 ais?
1931 2739 2027 2779 ne-

451 2831 730 2886 quaquam
767 2832 869 2887 ego
906 2818 1138 2886 piuxero
1160 2857 1174 2882 ,
1207 2833 1309 2872 nec
1346 2817 1530 2872 verbis
1553 2855 1569 2882 ,
1606 2830 1710 2872 uec
1743 2815 2027 2876 coloribus

454 2915 772 2964 sanctorum
803 2911 1106 2982 martyria?
1137 2910 1257 2964 Non
1296 2910 1387 2963 illa
1445 2924 1568 2978 qua:
1608 2907 1789 2980 angeli
1818 2908 1874 2962 "et
1905 2907 2027 2962 uni-

454 3017 610 3057 versa
667 3009 926 3056 creatura
987 3001 1378 3066 admirantur;
1433 3012 1577 3068 qum,
1631 3006 1694 3052 ut
1749 2997 1891 3052 idem
1929 2997 2030 3050 Ec-

2114 536 2204 588 φοι
2233 519 2698 590 διασημαίνουσιν,
2733 522 2782 573 oi.
2817 519 2916 590 μὲν
2944 520 3020 590 τῷ
3060 519 3204 591 λόγῳ
3249 523 3603 593 κοσμοῦντες,
3644 529 3706 580 οἱ

2112 609 2167 662 δὲ
2197 612 2310 672 τοῖς
2332 607 2548 674 πίναξιν
2574 611 3031 681 ἐγχαράσσοντες,
3063 612 3158 664 καὶ
3187 612 3416 677 πολλοὺς
3460 616 3704 688 snam-

2117 717 2217 770 ραν
2248 702 2328 764 εἰς
2367 701 2620 772 ἀνδρείαν
2659 702 3010 774 ἑκάτεροι.“Ἀ
3036 703 3147 776 γὰρ
3175 706 3204 758 ὁ
3237 704 3394 774 λόγος
3419 708 3516 777 τῆς
3551 709 3708 763 ἱστο-

2116 793 2237 863 ρίας
2279 792 2366 845 διὰ
2413 794 2512 863 τῆς
2538 794 2706 862 ἀκοῆς
2734 795 3053 866 παρίστησι,
3086 796 3261 850 ταῦτα
3288 799 3532 871 γραφικὴ
3565 817 3709 854 σιω-

2117 883 2276 938 πῶσα
2304 883 2393 938 διὰ
2428 885 2714 957 μιμήσεως
2745 886 3005 942 δείκνυσι.
3039 907 3059 938 ι

2189 1065 2468 1134 Σχόλιον.
2492 1065 2558 1118 Τί
2578 1065 2780 1119 τούτων
2797 1067 3229 1139 τηλαυγέστερον
3245 1069 3381 1141 πρὸς
3396 1071 3704 1137 ἀπόδειξιν,

2116 1157 2197 1210 ὅτι
2229 1156 2400 1227 βίϐλοι
2430 1160 2542 1221 τοῖς
2576 1158 2966 1229 ἀγραμμάτοις
2989 1161 3046 1213 αἱ
3074 1161 3301 1223 εἰκόνες,
3327 1162 3422 1214 καὶ
3456 1163 3559 1231 τῆς
3586 1166 3710 1216 τῶν

2117 1249 2290 1316 ἁγίων
2331 1249 2500 1318 τιμῆς
2548 1249 2801 1322 ἀσίγητοι
2832 1251 3096 1322 κήρυκες,
3126 1253 3184 1306 ἐν
3207 1253 3363 1324 ἀήχῳ
3388 1257 3540 1325 φωνῇ
3569 1258 3706 1318 τοὺς

2117 1342 2360 1412 ὁρῶντας
2409 1341 2779 1408 διδάσκουσαι,
2811 1345 2904 1398 καὶ
2939 1343 3039 1415 τὴν
3085 1345 3275 1416 ὅρασιν
3323 1346 3704 1414 ἁγιάζουσαις

2120 1435 2233 1488 Οὐκ
2269 1434 2489 1505 εὐπορῶ
2519 1434 2738 1505 βίϐλων,
2765 1436 2826 1488 οὐ
2880 1435 3076 1506 σχολὴν
3123 1438 3243 1505 ἄγω
3287 1437 3423 1508 πρὸς
3454 1441 3710 1507 ἀνάγνω-

2123 1544 2231 1590 σιν,
2260 1525 2465 1596 εἴσειμι
2513 1529 2594 1590 εἰς
2635 1526 2697 1580 τὸ
2735 1528 2912 1581 κοινὸν
2937 1528 3046 1581 τῶν
3071 1528 3261 1600 ψυχῶν
3307 1531 3562 1600 ἰατρεῖον,
3599 1531 3710 1603 τὴν

2135 1619 2484 1689 Ἐκκλησίαν,
2516 1617 2703 1689 ὥσπερ
2733 1619 3002 1683 ἀκάνθαις
3027 1621 3139 1683 τοῖς
3160 1620 3442 1690 λογισμοῖς
3471 1638 3712 1690 συμπνι-

2123 1711 2355 1782 γόμενος
2378 1728 2394 1744 ο
2421 1711 2569 1764 ἕλκει
2599 1729 2668 1782 με
2697 1711 2836 1783 πρὸς
2865 1710 2996 1764 θέαν
3034 1713 3134 1782 τῆς
3180 1713 3399 1783 γραφῆς
3426 1713 3488 1766 τὸ
3515 1713 3707 1778 ἄνθος,

2127 1805 2218 1859 mi
2249 1804 2324 1868 ὡς
2353 1802 2556 1874 λειμὼν
2577 1802 2770 1875 τέρπει
2799 1802 2896 1874 τὴν
2920 1804 3130 1873 ὅρασιν,
3158 1804 3252 1858 καὶ
3281 1804 3586 1875 λεληθότως
3615 1809 3716 1860 ἐν·

2125 1896 2320 1965 αφίησι
2347 1898 2414 1966 τῇ
2443 1897 2588 1966 ψυχῇ
2619 1893 2776 1959 δόξαν
2805 1895 2962 1948 θεοῦ.
2981 1895 3260 1967 Τεθέαμαι
3285 1895 3384 1967 τὴν
3406 1898 3716 1968 καρτερίαν

2123 1987 2216 2043 τοῦ
2267 1989 2568 2060 μάρτυρος,
2591 1986 2700 2040 τῶν
2729 1989 3008 2058 στεφάνων
3057 1987 3156 2060 τὴν
3199 1988 3581 2052 ἀνταπόδοσιν,
3615 1991 3718 2045 καὶ

2123 2079 2200 2143 ὡς
2237 2080 2369 2151 πυρὶ
2417 2080 2556 2151 πρὸς
2602 2079 2761 2151 ζῆλον
2808 2077 3109 2150 ἐξάπτομαι
3153 2082 3220 2151 τῇ
3271 2080 3575 2152 προθυμίᾳ,
3613 2084 3718 2135 καὶ

2127 2173 2342 2226 πίπτων
2391 2170 2683 2244 προσκυνῶ
2726 2170 2802 2242 τῷ
2851 2169 2972 2241 Θεῷ
3021 2171 3108 2225 διὰ
3150 2170 3246 2225 τοῦ
3285 2171 3584 2242 μάρτυρος,
3614 2173 3718 2225 καὶ

2126 2263 2390 2335 λαμϐάνω
2412 2263 2510 2334 τὴν
2535 2263 2828 2335 σωτηρίαν.
2852 2263 2967 2316 Οὐκ
2989 2263 3237 2334 ἀκήκοας
3266 2262 3362 2316 τοῦ
3395 2261 3562 2316 αὐτοῦ
3593 2263 3720 2315 θεο-

2128 2358 2296 2428 φόρου
2347 2356 2578 2428 Πατρὺς,
2609 2356 2857 2425 λέγοντος
2895 2356 2955 2409 ἐν
2995 2354 3072 2425 τῷ
3115 2357 3196 2419 είς
3239 2355 3340 2426 τὴν
3389 2356 3570 2427 ἀρχὴν
3601 2355 3720 2408 τῶν

2127 2447 2373 2519 Ψαλμῶν
2417 2447 2581 2518 λόγῳ,
2607 2447 2688 2500 ὅτι
2731 2465 2750 2498 ι
2779 2445 3069 2502 Γινώσκων
3095 2446 3158 2500 τὸ
3186 2445 3408 2517 Πνεῦμα
3438 2447 3498 2500 τὸ
3529 2447 3718 2512 ἅγιον,

2126 2541 2208 2594 ὅτι
2258 2539 2575 2608 δυσάγωγον
2621 2537 2760 2609 πρὸς
2809 2537 3030 2610 ἀρετὴν,
3064 2539 3158 2592 καὶ
3198 2538 3439 2609 ῥᾴθυμον
3467 2539 3527 2591 τὸ
3553 2538 3721 2605 γένος

2127 2629 2235 2683 τῶν
2264 2626 2590 2700 ἀνθρώπων,
2623 2627 2683 2680 τὸ
2707 2627 2865 2699 μέλος
2888 2629 3009 2691 ταῖς
3025 2627 3381 2698 Ψαλμῳδίαις
3413 2628 3720 2697 ἐγκατέμι-

2132 2720 2223 2786 Ea;
2257 2738 2276 2771 ι
2317 2719 2370 2772 τί
2410 2722 2552 2791 φής;
2585 2719 2661 2772 Οὐ
2694 2718 2891 2791 γράψω
2917 2717 3012 2771 καὶ
3043 2717 3188 2787 λόγῳ
3220 2718 3314 2770 καὶ
3355 2716 3613 2788 χρώμασι
3649 2717 3722 2770 τὸ

2129 2813 2237 2866 τῶν
2287 2812 2580 2884 μαρτύρων
2625 2811 2950 2882 μαρτύριον;
2985 2809 3080 2864 καὶ
3113 2808 3409 2878 ὀφθαλμοῖς
3441 2807 3720 2878 περιπτύ-

2132 2907 2291 2977 ξομαι
2329 2906 2390 2959 τὸ
2435 2904 2748 2974 θαυμαστὸν
2777 2903 2874 2957 καὶ
2911 2902 3165 2970 ἀγγέλοις
3192 2900 3286 2954 καὶ
3315 2899 3464 2970 πάσῃ
3493 2901 3562 2970 τῇ
3593 2900 3720 2951 κτί-

2132 2979 2235 3063 σει,
2266 2997 2524 3068 ὀδυνηρὸν
2554 2996 2612 3049 δὲ
2648 2994 2727 3065 τῷ
2758 2994 2992 3064 διαϐόλῳ
3036 2993 3130 3046 καὶ
3174 2991 3404 3063 φοϐερὸν
3433 2992 3722 3062 δαίμοσιν,

453 3095 636 3148 clcsite
671 3101 882 3154 astrum
930 3093 1178 3162 loquitur
1219 3093 1288 3156 ⁸⁷,
1335 3091 1557 3146 diabolo
1610 3089 1813 3144 acerba
1861 3096 2026 3152 sunt,

2138 3090 2207 3154 ὡς
2241 3088 2404 3152 αὐτὸς
2436 3091 2464 3142 ὁ
2494 3085 2720 3157 φωστὴρ
2753 3086 2850 3155 τῆς
2892 3084 3221 3154 Ἑκκλησίας
3248 3085 3488 3154 ἐφησενς
3522 3083 3632 3138 Οἷα
3659 3087 3726 3140 δέ

455 3187 686 3256 ejusque
729 3185 1079 3241 daemonibus
1142 3192 1409 3244 terrorem
1488 3183 1796 3243 incutiunt,
1856 3182 2026 3240 labris

457 3279 742 3347 oculisque
772 3275 1159 3346 complectar?
1197 3274 1364 3345 Atqui
1401 3274 1604 3329 similia
1638 3276 1838 3328 horum
1869 3287 2030 3343 pror-

458 3383 553 3424 sus
588 3375 749 3431 sunt,
781 3381 904 3436 qua:
937 3367 1041 3423 sub
1075 3366 1243 3421 tinem
1274 3365 1545 3421 orationis
1573 3366 1631 3420 in
1665 3366 2030 3436 quadraginta

461 3469 728 3531 martyres
760 3469 1000 3530 perorat.
1031 3475 1050 3510 ι
1081 3456 1125 3513 0
1159 3459 1392 3514 chorum
1421 3465 1679 3515 sanctum
1706 3457 1718 3512 ι
1749 3473 1784 3513 o
1813 3469 2030 3512 sacram

437 3553 740 3609 .cohortem
767 3554 779 3606 ι
817 3567 850 3608 o
877 3567 1116 3608 cuneum
1146 3551 1635 3622 inexpugnabilem
1665 3551 1679 3604 ι
1715 3565 1748 3604 ο
1781 3565 2034 3604 commu—

461 3659 559 3699 nes
593 3642 814 3714 generis
849 3641 1134 3696 hominum
1182 3641 1448 3696 custodes
1471 3679 1486 3704 ,
1529 3639 1724 3710 optimi
1773 3651 2034 3693 curarum

462 3735 644 3799 socii,
685 3747 910 3803 precum
949 3732 1276 3802 adjutores,
1318 3740 1571 3786 oratores
1611 3730 2034 3798 fecundissimi,

461 3825 614 3880 orbis
653 3831 844 3887 astra,
882 3822 1259 3885 Ecciesiarum
1297 3820 1495 3888 ﬂores,
1534 3819 1734 3886 ﬂores,
1777 3822 2036 3892 inquam,

465 3917 741 3972 mentibus
779 3931 934 3987 reque
964 3929 1028 3970 ac
1061 3914 1323 3970 sensibus
1359 3913 1714 3984 perjucundi.
1749 3905 1860 3968 Vos
1890 3921 2038 3969 terra

466 4023 577 4062 non
607 4007 891 4071 condidit,
920 4006 1018 4063 sed
1052 4005 1253 4062 ctelum
1281 4007 1516 4077 excepit.
1548 4005 1855 4062 Patuerunt
1885 4005 2042 4062 vobis

467 4101 708 4169 paradisi
742 4101 963 4171 janure:
1013 4099 1394 4170 spectaculum
1442 4098 1670 4170 dignum
1719 4098 2038 4169 angelorum

465 4193 768 4260 exercitui,
800 4193 1177 4262 patriarcbis,
1215 4192 1538 4263 prophetis,
1583 4201 1640 4248 et
1683 4193 1856 4262 justis
1910 4191 2041 4246 facti

467 4287 618 4341 estis.
661 4303 682 4337 ι

539 4375 834 4431 Comment.
875 4375 997 4442 Qua
1038 4376 1253 4432 ratione
1292 4375 1496 4431 intueri
1535 4389 1642 4429 non
1683 4365 1996 4429 desiderem
2024 4417 2037 4434 ,

2131 3198 2264 3251 φησι
2315 3180 2452 3252 πρὸς
2496 3178 2574 3248 τῷ
2619 3177 2762 3230 τέλει
2812 3175 2905 3230 τοῦ
2952 3176 3134 3245 λόγου,
3173 3176 3535 3246 ἐγκωμιάζων
3588 3178 3726 3240 sub;

2129 3273 2536 3344 τεσσαράκοντα
2569 3273 2885 3344 μάρτυρας;
2911 3289 2930 3322 ι
2954 3266 3024 3324 Ὦ
3042 3269 3200 3340 χορὸς
3215 3268 3402 3338 ἆγιοςῑ
3437 3263 3483 3322 ὧ
3515 3269 3730 3340 σύστη-

2136 3383 2212 3437 μα
2241 3365 2418 3437 ἰερόνί
2454 3359 2500 3418 ὧ
2533 3363 2908 3434 συνασπισμὸς
2934 3362 3218 3434 opsum!
3261 3355 3306 3414 ὦ
3337 3361 3508 3415 κοινοὶ
3546 3361 3729 3430 φύλα-

2133 3474 2228 3520 κες
2247 3457 2340 3510 τοῦ
2366 3457 2559 3524 γένους
2579 3457 2687 3511 τῶν
2710 3455 3031 3526 ἀνθρώπων,
3066 3453 3258 3524 ἀγαθοὶ
3279 3454 3523 3507 κοινωνοὶ¹
3549 3471 3728 3524 φρον-

2133 3550 2328 3614 τίδων,
2359 3550 2595 3620 δεήσεων
2637 3549 2909 3620 συνεργοὶ,
2967 3546 3274 3618 πρεσϐύται
3311 3545 3688 3600 δυνατώτατοι
3712 3589 3730 3613 ,

2137 3643 2367 3713 ἀστέρες
2415 3642 2514 3714 τῆς
2557 3640 2918 3711 οἰκουμένης,
2981 3638 3116 3708 ἄνθη
3178 3636 3288 3690 τῶν
3336 3636 3684 3707 Ἐκκλησιῶν
3713 3655 3730 3667 ·

2137 3734 2248 3805 ἐγὼ
2270 3734 2328 3789 δέ
2367 3752 2536 3806 φημι,
2567 3733 2738 3803 νοητά
2762 3745 2819 3784 τε
2846 3731 2938 3784 κατι⁴
2964 3729 3220 3800 αἰσθητά.
3255 3729 3431 3797 ’Υμᾶς
3453 3729 3552 3797 οὐχ
3583 3731 3618 3798 ἡ
3654 3733 3732 3800 γῆ

2139 3829 2483 3900 κατέκρυψεν
2504 3868 2519 3893 ,
2583 3827 2698 3881 ἀλλ’
2745 3823 2972 3897 οὐρανὸς
3029 3821 3358 3887 ὑπεδέξατο·
3425 3821 3734 3892 ἠνοίγησαν

2141 3921 2268 3992 ὑμῖν
2324 3917 2656 3992 παραδείσου
2707 3919 2894 3984 πύλαι,
2939 3916 3092 3986 ἀξιον
3142 3916 3322 3986 θέαμα
3372 3917 3439 3984 τῇ
3489 3915 3735 3984 στρατιᾷ

2139 4013 2250 4066 τῶν
2297 4013 2564 4080 ἀγγέλων,
2612 4011 2763 4077 ἄξιον
2811 4009 3210 4087 πατριάρχαις,
3257 4006 3591 4078 προφήταις,
3644 4004 3733 4056 δι-

2145 4107 2344 4170 καίοις.
2379 4124 2398 4157 ι

2215 4369 2492 4436 Σχόλιον.
2522 4365 2646 4428 Πῶς
2673 4365 2735 4418 οὺ
2770 4361 2844 4434 μὴ
2866 4355 3089 4432 ποθήσω
3108 4357 3256 4424 ἰδεῖν,
3275 4358 3303 4411 ὃ
3322 4357 3448 4412 ἰδεῖν
3463 4349 3737 4412 ποθοῧσιν

469 4466 618 4534 quod
650 4481 880 4521 cernere
924 4466 1156 4532 cupiunt
1198 4467 1422 4538 angeli?
1455 4467 1554 4522 His
1589 4481 1758 4537 porro
1795 4481 2027 4522 consona

2149 4461 2402 4530 ἄγγελοι;
2429 4455 2646 4527 Συνῳδά
2667 4455 2723 4508 δὲ
2742 4454 2952 4517 τούτοις
2974 4453 3070 4507 καὶ
3097 4453 3124 4505 ὁ
3153 4451 3344 4504 τούτου
3370 4447 3606 4516 ἀδελφὸς
3632 4452 3738 4503 καὶ

473 4559 642 4613 frater
689 4559 866 4628 ipsius
915 4559 1180 4628 loquitur,
1234 4558 1422 4614 eadem
1478 4574 1542 4614 ac
1591 4559 1711 4628 ipse
1755 4559 2034 4614 sentiens.

472 4652 845 4722 Nysscnorum
880 4651 1112 4706 antistes
1140 4651 1462 4720 Gregorius.

472 4743 634 4816 324
673 4743 732 4816 S.
767 4741 1006 4816 Gregorii
1033 4741 1262 4812 Νεμειεηὶ
1281 4785 1294 4805 ,
1319 4743 1372 4816 in
1403 4743 1870 4816 supplementotﬁ)
1891 4782 1907 4808 ,
1936 4745 2042 4799 sire

665 4815 720 4868 iu
757 4813 890 4870 libro
927 4814 1004 4868 De
1031 4823 1303 4869 structura
1332 4813 1560 4867 hominis
1587 4815 1732 4884 (cap.
1763 4813 1842 4884 4).

551 4991 568 5022 ε
595 4969 1065 5038 Quemadmodum
1095 4971 1149 5024 in
1179 4970 1462 5024 hominum
1488 4986 1642 5026 more
1665 4973 1902 5040 positum
1935 4983 2039 5041 est,

475 5064 656 5130 utqui
690 5061 1083 5128 imperatorum
1117 5057 1390 5112 fabricant
1419 5057 1722 5130 imagines,
1757 5058 1946 5116 forma:
1988 5062 2042 5116 in

477 5151 671 5222 primis
721 5147 948 5220 emgiem
983 5148 1326 5218 exprimant,
1378 5163 1829 5220 purpureumque
1881 5153 2041 5206 indu-

2147 4548 2486 4622 ὁμογνώμων
2518 4544 2843 4618 Γρηγόριος,
2878 4546 2907 4598 ό
2951 4543 3050 4613 τῆς
3092 4540 3392 4596 Νυσσαέων
3422 4539 3742 4604 ὲπίσκοπός

2151 4659 2335 4714 φησιν.

2155 4737 2265 4792 Τοῦ
2297 4735 2471 4804 ἁγίου
2504 4731 2835 4804 Γρηγορίου
2857 4729 3196 4804 ἐπισκόπου
3219 4728 3491 4804 Νιξσσης,
3518 4725 3594 4780 ἐκ
3629 4728 3746 4804 (ρῦ

2219 4798 2817 4871 ἀναέτληρωλιατικοῦ,
2858 4800 3134 4856 τουτέστι
3175 4798 3309 4868 περὶ
3344 4798 3748 4866 κατασκευῆς

2221 4872 2534 4941 ἀνθρώπου
2566 4871 2712 4939 (κεφ.
2745 4872 2852 4939 δ’.).

2231 4969 2479 5037 «Ὥσπερ
2505 4966 2643 5020 κατά
2665 4965 2763 5037 τὴν
2808 4961 3153 5034 ἀνθρωπίνην
3195 4957 3488 5029 συνήθειαν
3533 4958 3590 5010 οἱ
3641 4959 3750 5022 τὰς

2149 5063 2364 5125 εἰκόνας
2391 5060 2499 5115 τῶν
2532 5059 2876 5132 κρατούντων
2905 5051 3421 5116 κατασκευάζοντες,
3439 5049 3532 5102 τόν
3563 5067 3626 5102 τε
3649 5069 3751 5120 χα-

2153 5151 2401 5225 ρακτῆρα
2427 5149 2526 5220 τῆς
2559 5148 2775 5220 μορφῆς
2802 5147 3230 5218 ἀναμάσσονται,
3254 5141 3349 5196 καὶ
3369 5142 3434 5212 τῇ
3466 5141 3750 5212 περιϐολῇ

544 5268 593 5302 ⁵⁸
617 5267 785 5324 Basil.
855 5265 1012 5320 Hom.
1038 5263 1091 5318 in
1143 5262 1266 5318 init.
1296 5261 1444 5318 Psal.
1476 5265 1526 5316 1.
1604 5261 1647 5295 ⁸⁷
1685 5263 1856 5322 Basil.
1893 5265 1946 5321 in
1979 5266 2038 5322 S.
2079 5266 2362 5324 Gordium.

1989 5425 2218 5489 ΝΟΤᾹΞ.

553 5529 629 5594 (5)
660 5530 749 5582 Sic
779 5545 966 5583 vocem
1014 5530 1258 5591 Gnream
1321 5529 1384 5581 ἐκ
1428 5525 1522 5580 τ-οῦ
1567 5525 2050 5594 -ἁποπληρωματι-

483 5598 599 5668 ari-3,
647 5597 838 5651 Latine
883 5599 1070 5662 reddo,
1123 5607 1402 5668 praeeunte
1449 5597 1726 5668 Tilmano.
1755 5595 1929 5664 Hujus
1961 5597 2046 5648 in—

481 5667 934 5732 lci-pretationem
992 5665 1345 5734 prmtermisit
1393 5669 1581 5721 Zinus.
1621 5665 1794 5736 Opus
1853 5681 2046 5736 nempe

473 5737 612 5791 illud
643 5739 904 5805 Gregorii
957 5738 1210 5810 Nysscni,
1245 5738 1369 5808 jure
1417 5734 1774 5807 appendicem
1819 5734 2039 5804 supple-

2159 5536 2478 5581 mentumve
2538 5524 2748 5579 dixeris
2805 5524 2872 5578 ad
2935 5523 3125 5580 Basilii
3205 5521 3395 5576 fratris
3442 5519 3627 5572 libros
3692 5522 3748 5573 in

2161 5597 2556 5656 Hexaemeron,
2600 5595 2652 5648 in
2694 5594 2900 5662 quibus
2946 5594 3082 5647 nihil
3126 5595 3192 5646 de
3242 5590 3484 5662 hominis
3506 5590 3751 5662 opiﬁrju

2156 5669 2452 5736 scripserat
2483 5665 2596 5719 ille.
2655 5659 2874 5736 Videsis
2902 5679 3024 5734 quae
3053 5664 3368 5718 notavimus
3401 5659 3470 5715 ad
3499 5674 3637 5733 cap.
3673 5659 3749 5715 2‘)

2154 5739 2246 5793 lib.
2273 5735 2319 5792 iu
2349 5736 2420 5790 De
2451 5736 2544 5804 ﬁd.
2569 5735 2780 5790 orthod.
