3904 6358
213 364 234 426 l
249 367 351 428 Ξζθθ

1280 350 1406 416 ’ΒΕ
1428 352 1909 417 ἹΜᾹῦΙΝίΒΗΞ
1948 356 2227 416 ORATIO
2272 355 2318 415 ῐ.

3350 342 3487 407 ΙΞἾΟ

208 479 310 546 τῆς
359 474 687 545 πορφυρίδος
740 462 835 542 τὴν
873 470 1157 542 βασιλικὴν
1189 472 1346 537 ἀξίαν
1399 471 1798 545 συμπαραγρά-

1921 478 2153 523 ncntum
2197 467 2402 522 addant
2428 507 2443 532 ,
2483 481 2594 536 quo
2639 465 2785 532 regis
2827 461 3072 533 dignitas
3114 460 3477 528 signiﬁcetur.

211 588 395 641 φουσι,
428 570 520 623 καὶ
546 567 763 634 λέγεται
810 564 951 617 κατά
998 563 1094 633 τὴν
1140 565 1451 633 συνήθειαν,
1481 564 1574 618 καὶ
1607 564 1793 626 εἰκὼν,

213 660 309 711 καὶ
338 656 589 729 βασιλεύς
619 669 632 683 ⁸
671 652 816 705 οὕτω
847 651 939 705 καὶ
964 654 996 720 ἡ
1036 651 1351 723 ἀνθρωπίνη
1392 650 1573 720 φύσις,
1610 650 1796 720 ἐπειδὴ

211 751 352 819 πρὸς
392 748 567 818 ἀρχὴν
611 745 721 798 τῶν
750 744 927 798 ἄλλων
956 742 1411 806 κατεσκευάζετο,
1442 736 1553 794 οἷόν
1587 758 1667 804 τις
1705 740 1796 811 ἕμο

207 842 384 911 ψύχος
427 837 593 891 εἰκὼν
639 835 933 905 ἀνεστάθη,
978 833 1308 888 κοινωνοῦσα
1358 832 1434 903 τῷ
1487 832 1795 905 ἀρχετύπῳ,

211 933 430 1004 καὶτῆς
463 929 641 996 ἀξίας,
677 924 772 981 καὶ
800 926 895 980 τοῦ
929 926 1210 997 ὀνόματος.
1252 944 1269 977 ι

218 1134 331 1186 Τοῦ
359 1130 569 1197 αὐτοῦ,
601 1129 668 1181 ἐκ
709 1129 817 1198 τοῦ
855 1129 1128 1198 πέμπτου
1175 1129 1505 1197 κεφαλαίου
1544 1124 1653 1195 τῆς
1703 1129 1800 1181 σὺ·

726 1196 836 1267 τῆς
868 1196 1289 1268 πραγματείας.

292 1335 311 1363 ο
336 1317 409 1368 Τὸ
435 1317 491 1369 δὲ
521 1315 663 1368 θεῖον
697 1314 911 1377 κάλλος,
949 1315 1011 1367 οὐ
1047 1313 1284 1385 σχήματί
1307 1330 1437 1378 τινι,
1458 1315 1551 1365 καὶ
1586 1314 1864 1384 μορφῆς,-

1806 1385 1849 1393 ”
1907 1388 2097 1444 formae
2127 1400 2417 1445 venustate
2451 1407 2545 1460 per
2579 1392 2745 1445 ullam
2773 1392 2981 1447 coloris
3008 1391 3336 1463 elegantiam
3368 1392 3491 1445 illii-

209 1406 473 1476 εὐμοιρίᾳ
517 1407 607 1459 διά
653 1422 799 1468 τινος
849 1405 1101 1475 εύχροίας
1149 1402 1548 1470 ἐναγλαῖζεται,
1602 1401 1718 1454 ἀλλ’
1744 1405 1801 1456 ἑν

58 1484 91 1531 ι¹ν
116 1482 159 1529 δέ
210 1498 481 1568 ἀφράστῳ
514 1496 875 1566 μακαριότητι
899 1493 1019 1559 κατ’
1052 1494 1253 1564 ἀρετὴν
1278 1493 1802 1563 θειο)ρεῖται.“Ωσπερ

78 1586 109 1601 Γ·
146 1588 155 1593 ’
213 1589 395 1641 τοίνυν
428 1589 527 1653 τάς
554 1588 903 1657 ἀνθρωπίνας
933 1588 1168 1658 μορφὰς,
1196 1586 1282 1639 διά
1312 1587 1618 1656 χρωμάτων
1644 1587 1804 1639 τινῶν

214 1681 312 1734 ἐπὶ
346 1682 472 1744 τοὺς
516 1680 751 1743 πίνακας
781 1681 830 1732 oi
866 1680 1100 1749 γραφεῖς
1158 1678 1547 1748 μεταφέρουσι,
1588 1680 1685 1743 τὰς
1722 1682 1802 1732 οἰ-

214 1772 373 1835 κείας
406 1790 464 1826 τε
516 1772 609 1825 καὶ
648 1769 1019 1840 καταλλήλους
1066 1768 1246 1838 βαφὰς
1294 1768 1683 1838 ἐπαλείφοντες
1728 1770 1805 1841 τῷ

216 1865 526 1936 μιμήματι,
554 1863 629 1928 ὡς
666 1864 732 1917 ἂν
762 1862 829 1915 δι’
858 1860 1145 1932 ἀκριϐείας
1175 1861 1236 1913 τὸ
1262 1861 1568 1932 ἀρχέτυπον
1610 1861 1802 1926 κάλλος

217 1954 571 2027 μετενεχθείη
602 1952 737 2024 πρὸς
766 1952 827 2007 τδ
858 1950 1128 2023 ὁμοίωμα.
1167 1970 1184 2003 ι

290 2137 338 2193 Σ
339 2133 745 2205 χόλιον.”ορα,
764 2132 838 2196 ὡς
867 2131 928 2185 τὸ
951 2133 1052 2203 μὲν
1088 2131 1229 2186 θεῖον
1247 2132 1463 2196 κάλλος,
1485 2131 1544 2186 ού
1566 2132 1807 2203 σχήματί

216 2242 325 2278 τινι
371 2223 460 2277 διά
496 2241 643 2287 τινος
679 2223 936 2294 εὐχροίας
976 2222 1378 2293 ὲναγλαῖζεται,
1417 2225 1510 2277 καὶ
1537 2212 1626 2277 δΞά
1654 2223 1809 2277 τοῦτο

212 2316 321 2370 οὐκ
356 2315 684 2381 είκονίζεται
706 2331 721 2347 ο
762 2316 796 2386 ἡ
828 2315 885 2369 δὲ
912 2315 1231 2389 ἀνθρωπίνη
1264 2316 1448 2386 μορφὴ
1475 2315 1562 2369 διὰ
1590 2315 1809 2387 χρωμά-

215 2425 329 2462 των
359 2407 452 2460 ὲπὶ
477 2407 603 2469 τοὺς
638 2405 871 2469 πίνακας
901 2405 1286 2477 μεταφέρεται.
1328 2406 1392 2461 Ei
1426 2407 1605 2459 τοίνυν
1629 2408 1657 2459 6
1681 2406 1808 2470 Υίὸς

216 2499 315 2553 τοῦ
348 2498 483 2554 Θεοῦ
518 2500 575 2553 ἐν
599 2499 884 2569 ἀνθρώπου
922 2500 1102 2570 μορφῇ
1131 2499 1343 2569 γέγονε,
1378 2498 1591 2570 μορφὴν
1620 2498 1807 2553 δούλου

217 2591 423 2658 λαϐὼν,
458 2592 551 2646 καὶ
584 2594 643 2645 ἐν
683 2591 989 2663 ὁμοιώματι
1022 2590 1330 2660 ἀνθρώπων
1372 2591 1685 2661 γενόμενος,
1716 2593 1809 2646 καὶ

219 2685 469 2755 σχήματι
500 2683 743 2754 εὑρεθεὶς
776 2683 851 2748 ὡς
886 2683 1194 2754 ἅνθρωπος,
1226 2683 1344 2746 πῶς
1373 2683 1471 2736 οὐκ
1506 2683 1811 2757 είκονισθή-

208 2792 415 2843 σεται;
452 2776 546 2829 καὶ
590 2777 640 2828 εἰ
688 2775 831 2828 κατά
876 2774 1165 2845 συνήθειαν
1194 2774 1429 2844 λέγεται,
1466 2776 1622 2847 ητοῦ
1655 2776 1808 2847 βασι-

208 2866 363 2933 ,λὲως
404 2866 587 2932 εἰκὼν,
631 2864 907 2935 βασιλεὺς,
943 2866 1037 2920 καὶ
1084 2868 1118 2939 ἡ
1170 2866 1269 2937 τῆς
1312 2866 1522 2931 εἰκόνος
1553 2867 1688 2939 τιμὴ
1718 2869 1812 2921 ἐπὶ

220 2956 283 3009 τὸ
335 2958 691 3027 πρωτότυπθν
726 2956 1013 3023 διαϐαίνει,
1050 2955 1125 3020 ὥς
1174 2974 1340 3026 φησιν
1386 2957 1413 3009 6
1464 2955 1609 3021 θεῖος
1642 2958 1805 3011 Baci-

222 3046 390 3112 λειος,
423 3046 541 3111 πῶς
582 3049 614 3118 ἡ
651 3046 814 3100 εἰκὼν
863 3047 923 3100 ού
972 3045 1336 3118 τιμηθήσεται
1370 3046 1463 3100 καὶ
1495 3064 1809 3119 προσκυνη-

225 3139 488 3208 Civica-tat;
520 3139 615 3210 οὐχ
655 3139 729 3203 ὡς
769 3136 922 3205 Θεὸς,
950 3137 1066 3191 ἀλλ’
1091 3138 1168 3201 ὡς
1200 3137 1337 3192 Θεοῦ
1383 3139 1807 3211 σεσαρκωμένου
1838 3177 1880 3237 C

221 3246 244 3281 ε
260 3230 410 3285 Ξκών.

229 3409 342 3463 Τοῦ
372 3408 576 3471 αὐτοῦ,
610 3407 728 3462 ἀπὸ
769 3407 955 3477 λόγου
999 3394 1289 3475 ῥηθέντος
1318 3408 1387 3461 ἐν
1433 3410 1809 3463 Κωνσταντι-

296 3481 604 3535 νουπόλει.
637 3477 769 3546 περὶ
799 3476 1076 3546 θεότητος
1118 3478 1255 3531 Υίοῦ
1298 3476 1399 3532 καί
1441 3480 1807 3548 Πνεύματος,

296 3549 395 3603 καί
421 3551 509 3615 εὶς
540 3549 645 3602 τὸν
677 3548 945 3619 Ἀϐραάμ.

300 3679 321 3715 ι
346 3660 624 3715 Ἐντεῦθεν
644 3662 861 3732 δεσμοῖς
888 3659 1153 3732 πρότερον
1187 3658 1543 3730 διαλαμϐάνει
1571 3661 1598 3712 6
1628 3660 1813 3731 πατὴρ

224 3755 319 3808 τδν
374 3755 553 3809 παῖδα.
584 3749 737 3807 Εἶδον
786 3753 1048 3818 πολλάκις
1096 3754 1189 3807 ἐπὶ
1234 3752 1453 3825 γραφῆς
1502 3754 1686 3807 εἰκόνα
1716 3753 1810 3806 τοῦ

227 3847 456 3911 πάθους,
496 3847 590 3900 καὶ
636 3846 738 3900 οὐκ
777 3844 1045 3917 ἀδακρυτὶ
1082 3845 1183 3916 τὴν
1214 3845 1344 3899 θέαν
1386 3843 1686 3916 παρῆλθον,
1722 3846 1811 3897 ὲν-

225 3939 411 4009 αργιῖις
457 3938 557 4009 τῆς
603 3938 798 4010 τέχνης
847 3937 939 3990 ὑπ’
968 3936 1091 4007 balant
1144 3935 1385 4008 ἀγούσης
1414 3936 1514 4008 τὴν
1551 3936 1809 4007 ἱστορίαν.

226 4033 522 4103 Πρόκειται
568 4034 596 4086 6
642 4031 828 4085 Ἰσαὰκ
893 4031 1024 4102 παρ’
1074 4028 1354 4100 αὐτῷ-τῷ
1400 4028 1810 4101 θυσιαστηρίῳ,

225 4126 466 4190 ὀκλάσας
493 4126 584 4179 ἐπὶ
615 4125 677 4178 τὸ
704 4125 857 4194 γόνυ,
890 4123 984 4176 καὶ
1015 4121 1393 4195 περιηγμένας
1417 4121 1556 4194 ἔχων
1583 4124 1662 4186 είς
1686 4122 1813 4175 τού-

226 4218 372 4270 πίσω
403 4215 502 4279 τὰς
545 4217 764 4285 χεῖρας’
796 4217 824 4267 6
850 4213 906 4267 δὲ
941 4210 1289 4284 ἐπιϐεϐηκὼς
1317 4211 1548 4266 κατόπιν
1578 4208 1653 4281 τῷ
1688 4210 1813 4264 πόδε

226 4311 324 4381 τῆς
352 4308 621 4380 ἀγκύλης,
656 4307 751 4361 καὶ
787 4309 854 4378 τῇ
898 4306 1165 4378 ἀριστερᾷ
1205 4305 1351 4376 χειρὶ
1382 4303 1480 4376 τὴν
1508 4304 1686 4375 κόμην
1717 4304 1811 4359 τοῦ

228 4402 419 4464 παιδὸς
450 4400 585 4472 πρὸς
604 4399 807 4453 ’ἑαυτὸν
838 4397 1174 4464 ἀνακλάσας,
1205 4397 1497 4453 ἐπικύπτει
1535 4396 1615 4469 τῷ
1649 4415 1816 4470 προσ-

226 4494 381 4565 ώπῳ,
414 4490 661 4554 ἐλεεινῶς
696 4491 833 4561 πρὸς
863 4489 1023 4544 αὐτὸν
1052 4488 1435 4553 ἀναϐλέποντι,
1465 4488 1563 4543 καὶ
1604 4489 1703 4560 τὴν
1731 4490 1817 4542 δε-

229 4561 346 4640 ξιὰν
373 4583 828 4666 καθωπλισμένος
857 4581 933 4652 τῷ
960 4581 1124 4649 ξίφει,
1158 4582 1293 4652 πρὸς
1321 4580 1419 4653 τὴν
1450 4581 1666 4651 σφαγὴν
1684 4598 1815 4635 κατ·
1842 4561 1893 4621 D

228 4680 464 4734 ευθύνει.
499 4677 609 4732 Καὶ
638 4676 868 4730 ἅπτεται
896 4675 997 4746 ήδη
1033 4671 1127 4729 τοῦ
1157 4673 1408 4744 σώματος
1434 4676 1467 4744 ἡ
1507 4673 1600 4727 τοῦ
1629 4672 1814 4743 ξίφους

230 4774 410 4844 ἀκμὴ,
438 4771 534 4825 καὶ
562 4770 685 4824 τότε
710 4768 859 4839 αὐτῷ
887 4768 1098 4837 γίνεται
1129 4766 1314 4821 θεόθεν
1349 4766 1523 4838 φωνὴ,
1557 4767 1619 4821 τὸ
1650 4767 1811 4837 ἔργον

231 4865 443 4916 κωλῦον
452 4880 538 4916 σα.
584 4880 601 4913 ι

239 4957 345 5010 Τοῦ
395 4956 568 5024 ἁγίου
615 4954 895 5008 Ἰωάννου
924 4953 1047 5024 ,τοῦ
1098 4952 1547 5024 Χρυσοοζζόμου,
1596 4951 1662 5024 ἐκ
1708 4952 1818 5021 τῆς

337 5022 657 5095 ἑρμηνείας
684 5024 791 5092 τῆς
826 5023 976 5091 πρὸς
1008 5022 1313 5089 Ἐϐραίους
1327 5022 1705 5089 Ἐπιστολῆς.

311 5134 329 5166 ι
351 5117 461 5170 Καί
478 5130 594 5177 πως
612 5114 774 5168 είκὼν
803 5112 897 5167 τοῦ
914 5112 1177 5183 δευτέρου
1207 5112 1266 5163 τὸ
1292 5111 1525 5183 πρῶτον,
1560 5114 1588 5165 6
1611 5114 1816 5183 Μελχι-

238 5207 392 5262 σεδὲκ
437 5206 535 5260 τοῦ
574 5204 836 5277 Χριστοῦ,
869 5204 1060 5276 ὥσπερ
1105 5203 1170 5258 ἄν
1217 5219 1300 5265 τις
1352 5203 1496 5256 εἴποι
1528 5204 1685 5257 σκιάν
1716 5206 1814 5273 τῆς

1901 571 2066 630 atque
2095 560 2374 628 ejusmodi
2416 561 2598 629 imago
2640 573 2734 613 rex
2776 570 2997 628 quoque
3036 552 3301 623 appellari
3344 566 3477 605 conv

1901 652 2082 708 suevit
2110 670 2121 702 :
2160 652 2240 706 sic
2269 652 2434 706 etiam
2467 652 2705 705 humana
2736 659 2936 704 natura
2961 687 2975 712 ,
3001 661 3125 701 cum
3154 660 3221 699 eo
3247 642 3484 699 consilio

1904 744 2262 807 conderetur,
2291 752 2351 796 ut
2374 743 2542 797 rebus
2567 742 2692 796 aliis
2722 742 3021 811 imperaret
3043 778 3056 802 ,
3083 739 3262 793 instar
3286 738 3482 806 imagi-

1902 837 1988 891 nis
2020 833 2308 904 cujusdaui
2360 834 2619 893 animatze
2662 826 2848 889 erecta
2894 839 3015 894 est,
3062 845 3126 884 ac
3175 827 3485 898 primigenii

1901 902 2235 994 exemplaris
2266 902 2508 978 consors
2544 922 2735 977 eliccta
2761 961 2775 983 ,
2812 919 3097 993 dignitatis
3131 935 3351 991 quoque
3383 932 3484 971 no-

1902 1032 2025 1070 men
2060 1015 2317 1070 obtinuit.
2359 1035 2375 1065 ι

2084 1128 2371 1196 Ejusdem,
2402 1143 2465 1179 ea"
2493 1128 2662 1194 capite
2690 1126 2874 1195 quinto
2900 1124 3133 1192 ejusdem
3165 1122 3307 1177 libri.

1983 1317 1998 1345 ς
2042 1298 2232 1350 Divina
2289 1298 2689 1367 pulchritudo,
2747 1314 2853 1350 non
2908 1295 3080 1368 ﬁgura
3132 1298 3347 1367 aliqua,
3396 1306 3490 1351 aut

1906 1488 2156 1535 stratur:
2193 1496 2384 1536 verum
2420 1484 2473 1536 in
2510 1482 2882 1551 inexplicabili
2918 1482 3264 1538 beatitudine
3287 1521 3302 1545 ,
3346 1497 3489 1551 prie-

1908 1572 2254 1627 stantissima
2315 1573 2556 1643 quadam
2617 1574 2837 1628 ratione
2899 1574 3263 1645 conspicitur.
3332 1574 3491 1629 Velut

1907 1677 2037 1734 ergo
2073 1664 2312 1733 pictores
2345 1664 2631 1718 hominum
2701 1664 2907 1720 formas
2949 1666 3232 1727 coloribus
3263 1666 3491 1735 quibus-

1908 1754 2031 1808 dam
2068 1754 2119 1806 in
2157 1754 2377 1809 tabellis
2400 1755 2789 1811 transcribunt
2814 1799 2827 1823 ,
2855 1765 2909 1810 et
2940 1756 3191 1811 imitandi
3220 1766 3338 1813 arte
3369 1774 3497 1829 pro-

1908 1846 2059 1915 prios
2114 1848 2620 1919 convenientesque
2680 1849 3065 1919 superliniunt
3123 1849 3381 1916 colores,
3439 1860 3498 1905 ut

1909 1952 2008 2008 per
2066 1939 2532 1995 assimilationem
2583 1942 2820 2013 exempli
2860 1942 3145 2013 archetypi
3189 1941 3498 1999 similitudo

1909 2036 2173 2083 accurate
2207 2037 2657 2099 reprzesentetur.
2698 2049 2717 2082 ι

1982 2118 2280 2175 Comment.
2317 2121 2719 2178 Animadverte
2742 2163 2756 2187 ,
2796 2138 2905 2177 non
2938 2123 3114 2194 figura
3143 2123 3327 2195 aliqua
3351 2166 3364 2189 ,
3398 2140 3498 2180 nec

1910 2213 2026 2268 ulla
2091 2214 2341 2269 colorum
2396 2215 2670 2284 elegantia
2727 2217 3197 2287 pulchritudinem
3257 2218 3495 2272 divinam

1911 2302 2330 2373 splendescere,
2378 2315 2544 2372 atque
2588 2306 2640 2358 id
2690 2306 2745 2358 in
2794 2321 2965 2362 causa
3008 2322 3158 2373 esse,
3204 2325 3303 2364 cur
3345 2308 3499 2362 illius

1913 2395 2095 2464 imago
2144 2411 2253 2449 non
2287 2397 2468 2466 possit
2498 2398 2735 2467 exprimi
2763 2392 2785 2453 ι’
2809 2404 2866 2453 at
2894 2413 3024 2453 vero
3057 2398 3294 2454 humana
3327 2399 3500 2455 forma

1912 2485 2195 2541 coloribus
2232 2488 2287 2541 in
2316 2487 2534 2542 tabellis
2572 2488 2842 2560 pingitur.
2871 2488 3247 2561 Quapropter,
3276 2491 3500 2561 quando

1915 2575 2009 2633 Dei
2046 2575 2223 2633 Filius
2246 2617 2260 2642 ,
2299 2579 2444 2634 servi
2479 2579 2715 2634 formam
2746 2580 3029 2652 accipiens
3050 2620 3066 2648 ,
3099 2581 3343 2637 hominis
3372 2597 3498 2652 spe-

1914 2668 2054 2723 ciem
2088 2668 2294 2734 induit,
2327 2680 2380 2725 et
2405 2672 2459 2725 in
2494 2671 2858 2729 similitudine
2888 2672 3173 2727 hominum
3211 2673 3390 2731 lactus
3421 2676 3499 2743 χι)

1916 2756 2111 2813 habitu
2141 2758 2402 2814 inventus
2432 2766 2518 2815 est
2548 2768 2609 2814 ut
2638 2760 2802 2814 homo
2829 2779 2844 2828 ;
2880 2762 3011 2832 quid
3036 2768 3181 2817 vetat
3202 2764 3500 2833 quominus

1915 2849 2039 2918 ejus
2075 2849 2254 2919 imago
2285 2851 2616 2905 conficiatur
2635 2853 2670 2905 ?'
2697 2849 2840 2917 Quin
2897 2853 2944 2908 si
2976 2868 3097 2909 mos
3136 2854 3405 2919 invaluit,
3439 2865 3500 2910 ut

1914 2941 2272 3011 imperatoris
2304 2942 2487 3014 imago
2518 2943 2819 3014 imperator
2852 2945 3184 3015 appelletur,
3218 2954 3274 3001 et
3304 2961 3501 3002 secun-

1915 3033 2044 3088 dum
2074 3034 2244 3089 divini
2272 3033 2456 3089 Basilii
2480 3038 2923 3105 pronuntiatum,
2946 3037 3123 3093 honor
3148 3040 3402 3109 imaginis
3433 3041 3500 3095 ad

1914 3138 2038 3178 eum
2076 3124 2315 3192 transit,
2351 3126 2511 3195 cujus
2543 3134 2628 3181 est
2667 3127 2852 3200 imago
2877 3169 2891 3196 ,
2927 3143 3096 3185 eccur
3117 3145 3227 3185 non
3250 3131 3461 3186 coletur
3484 3172 3499 3195 ,

1913 3228 2015 3269 nec
2038 3208 2378 3271 ‘adorahitur
2403 3217 2584 3288 imago
2616 3236 2629 3273 :
2664 3233 2771 3273 non
2801 3220 3025 3291 quidem
3074 3236 3174 3277 ceu
3205 3220 3347 3278 Deus
3378 3223 3451 3277 sit
3485 3263 3498 3287 ,

1912 3306 2007 3362 sed
2039 3316 2300 3378 tanquam
2336 3309 2518 3379 imago
2550 3310 2643 3367 Dei
2669 3352 2682 3376 ,
2716 3313 2813 3384 qui
2848 3316 3071 3372 carnem
3104 3315 3431 3389 assumpsit.

1912 3400 2202 3476 Ejusdem,
2250 3420 2331 3476 ex_
2363 3406 2603 3461 oratione
2654 3406 3124 3476 Constantirwpoli
3171 3408 3391 3471 habita,
3438 3408 3502 3461 de

1997 3473 2127 3528 Filii
2188 3487 2237 3529 et
2302 3474 2538 3545 Spiritus
2594 3481 2771 3531 sancti
2819 3473 3135 3543 divinitate,-
3192 3480 3279 3532 ubi
3337 3488 3388 3532 et
3437 3480 3503 3532 de

1984 3545 2306 3600 Abrahamo.

1991 3679 2007 3710 ι
2044 3659 2250 3714 Dehinc
2281 3659 2526 3716 vinculis
2561 3661 2791 3732 ligatum
2847 3660 3001 3732 prius
3047 3662 3285 3717 assumit
3325 3662 3501 3717 lilium

1914 3759 2089 3821 pater.
2118 3752 2296 3822 llujus
2323 3753 2537 3808 acerbae
2564 3754 2640 3809 rei
2672 3754 2967 3825 imaginem
2992 3754 3267 3825 depictam
3302 3756 3502 3825 sa‘pius

1916 3842 2058 3906 vidi,
2112 3858 2215 3898 nec
2265 3860 2294 3897 a
2346 3845 2610 3916 lacrymis
2658 3854 2969 3916 temperare
3015 3861 3261 3918 unquam
3308 3840 3503 3918 potui;

1916 3950 2039 3990 cum
2074 3949 2163 3990 ars
2195 3937 2492 4007 perspicue
2537 3952 2656 3993 rem
2694 3945 2905 4009 gestam
2957 3939 3135 3995 oculis
3174 3941 3498 4011 explicaret.

1915 4028 2074 4082 lsaac
2114 4025 2272 4083 ﬂexis
2315 4027 2592 4100 genibus,
2640 4031 3015 4101 manibusque
3058 4045 3088 4086 a
3129 4040 3284 4102 tergo
3318 4031 3502 4086 revin-

1917 4121 2054 4186 ctis,
2083 4121 2243 4190 juxta
2277 4122 2455 4179 altare
2482 4123 2674 4194 iacens
2705 4132 3158 4197 repraesentatur.
3182 4123 3345 4181 Pater
3370 4141 3502 4181 vero

1917 4224 2060 4279 pone
2096 4209 2191 4264 ﬁlii
2223 4212 2465 4283 poplites
2497 4216 2791 4283 accedens,
2823 4230 3156 4287 comamque
3186 4217 3334 4272 illius
3365 4218 3504 4272 sini-

1918 4310 2032 4358 stra
2067 4305 2468 4375 apprelicnsam
2502 4322 2667 4363 manu
2689 4347 2704 4374 ,
2736 4310 2804 4365 ad
2836 4322 2896 4366 se
2926 4309 3189 4378 trahens,
3218 4310 3411 4365 oculos
3445 4310 3503 4364 in

1919 4395 2129 4451 vultum
2163 4397 2258 4481 lilii
2298 4397 2468 4469 digno
2505 4415 2740 4471 prorsus
2786 4401 3295 4459 commiseratiOnis
3338 4402 3503 4457 modo

1921 4486 2102 4557 ipsum
2139 4491 2531 4560 respicientis,
2577 4491 2860 4560 demittit,
2901 4504 2955 4551 et
2990 4496 3273 4552 dexteram
3316 4511 3500 4550 arma-

1923 4588 2032 4634 tam
2066 4582 2252 4651 gladlo
2282 4582 2351 4637 ad
2388 4583 2593 4667 ea:de
2628 4585 2838 4658 dirigit.
2870 4586 3103 4661 Jamque
3148 4589 3310 4658 gladii
3353 4589 3501 4644 acies

1920 4685 2126 4741 corpus
2156 4674 2414 4746 attingit,
2444 4691 2570 4731 cum
2608 4692 2712 4733 vos
2735 4721 2751 4748 ,
2784 4695 2852 4736 ne
2887 4695 3000 4735 rem
3047 4679 3331 4751 perﬁciat,
3372 4697 3501 4751 pro-

1921 4765 2117 4821 hibens
2147 4768 2462 4823 exauditur.
2502 4788 2519 4821 ι

2032 4945 2090 5001 S.
2126 4945 2354 5001 Joannis
2393 4946 2762 5019 (glirysostomi
2800 4950 2913 5019 (5).
2954 4968 3019 5005 ea;
3056 4952 3392 5006 enarratione

2312 5019 2367 5071 in
2404 5016 2704 5087 Epistulam
2737 5016 2817 5073 adv
2838 5016 3083 5077 Hebraeos
3110 5065 3122 5077 .

1999 5130 2016 5161 ‹
2045 5111 2121 5166 Ac
2164 5112 2319 5180 prius
2370 5111 2589 5181 quidem
2641 5113 2975 5183 posterioris
3023 5117 3203 5184 imago
3248 5111 3497 5183 quaedam

1922 5204 2061 5269 fuit,
2105 5202 2508 5260 Melchisedech
2556 5205 2806 5272 scilicet,
2846 5206 3097 5263 Christi:
3147 5204 3290 5260 haud
3335 5219 3498 5260 secus

1815 5382 2019 5438 NOTAE
2030 5424 2043 5443 .

359 5542 375 5553 δ

314 5560 390 5631 (4)
423 5564 503 5616 ita
530 5560 689 5633 Vulg.
738 5562 841 5618 int.
876 5562 942 5616 ad
988 5562 1373 5633 Philippenses
1404 5578 1466 5628 ll,
1500 5563 1551 5617 8.
1587 5560 1642 5617 in
1672 5573 1821 5620 textu

246 5631 437 5705 Graeco
467 5631 665 5705 legitur
688 5634 746 5686 ὲν
772 5634 1041 5705 σχήματι·
1078 5631 1190 5687 hoe
1208 5640 1315 5696 est,
1353 5634 1407 5686 in
1434 5635 1603 5701 specie
1629 5636 1823 5704 ﬁgura.

319 5702 393 5772 t5)
421 5702 598 5775 Locus
620 5704 707 5757 hic
732 5702 1003 5775 niihinon
1030 5705 1463 5775 occurritapud
1494 5702 1819 5775 Chrysosto-

250 5784 393 5825 tuum
444 5774 495 5827 in
536 5773 833 5845 Epistolam
862 5774 929 5830 ad
964 5772 1237 5829 Hebraeus.
1272 5772 1623 5845 Quanquam,
1668 5775 1817 5830 hom.

1926 5568 2014 5634 19.,
2051 5567 2221 5621 multa
2249 5569 2509 5636 leguntur
2537 5566 2623 5621 his
2648 5579 2878 5636 prorsus
2906 5580 3012 5620 non
3045 5566 3338 5624 absimilis.
3366 5571 3502 5627 se"-

1925 5639 2126 5711 tentias
2167 5634 2348 5711 potius
2378 5652 2539 5711 quam
2567 5636 2734 5711 verba
2766 5634 3148 5711 Chrysostomi
3183 5652 3500 5711 compactas

1924 5708 2011 5762 hic
2044 5705 2372 5777 putaverint,
2394 5705 2478 5760 ἰιι
2508 5705 2567 5759 ﬁt
2603 5707 2655 5758 in
2691 5705 3169 5777 catenisaLocum
3206 5705 3347 5767 hunc
3380 5726 3503 5765 rur-

1924 5794 2019 5832 sus
2046 5775 2273 5848 profert
2300 5778 2695 5838 Damasccnus,
2744 5785 2887 5831 orat.
2930 5775 2965 5829 Ξ).
2996 5787 3047 5833 et
3077 5778 3129 5835 3.
