3904 6358
215 1496 255 1565 δ’
282 1468 399 1535 δι’

154 1560 255 1631 ab

459 251 589 314 1271

1643 257 1704 315 S.
1750 256 2072 317 JOANNIS
2108 256 2537 317 DAMASCENI

3593 252 3756 318 1272

457 377 520 416 ac
553 360 715 432 325
745 362 789 416 si
824 364 946 430 quis
977 359 1360 415 adumbratam
1390 368 1518 415 ante
1564 377 1593 415 a
1642 363 1851 431 pietore
1881 364 2028 418 desi-

2150 366 2355 435 γραφῆς
2405 367 2503 435 τῆς
2555 364 2617 417 ἐν
2668 361 2952 433 σώμασιὶδ
2984 365 3046 417 τὸ
3077 364 3183 436 πρὸ
3227 363 3434 435 ταύτης
3481 365 3753 436 σκίασμα

454 456 768 526 gnationem
788 494 802 519 ,
828 453 1059 524 pictura:
1087 454 1286 525 ipsius,
1310 469 1432 525 qua:
1458 454 1740 511 coloribus
1767 455 2029 527 deinceps

2150 454 2234 508 τοῦ
2268 454 2548 525 γραφέως.
2576 453 2674 507 Διὰ
2705 452 2864 508 τοῦτο
2887 455 2995 526 γὰρ
3019 457 3048 508 ὀ
3076 456 3242 526 νόμος
3276 455 3526 509 καλεῖται
3576 455 3751 523 σκιὰ,

452 544 801 612 exprimitur,
852 543 1103 599 umbram
1152 544 1421 601 nominet.
1474 543 1693 600 Idcirco
1739 545 1889 600 enim
1937 546 2020 601 les

453 634 646 689 uuihra
679 642 934 703 vocatur,
963 642 1021 692 et
1050 636 1226 708 gratia
1245 678 1260 702 ,
1284 636 1489 691 veritas
1515 653 1530 703 ;
1564 650 1652 689 res
1680 642 1861 689 autem
1880 678 1897 701 ,
1935 634 2031 690 illa

449 741 573 797 qua:
603 725 790 782 futura
821 735 971 783 sunt.
1004 726 1118 784 Lex
1148 726 1372 799 quidem
1404 734 1460 782 et
1499 723 1899 781 Melchisedech
1945 725 2032 780 in-

450 830 567 876 star
598 827 731 876 sunt
759 820 1109 877 adumbratae
1136 818 1561 883 delineationis,
1604 830 1770 887 quam
1811 815 2030 887 pictura

448 912 569 967 suis
599 912 821 968 ornavit
862 912 1187 979 coloribus;
1232 910 1409 982 gratia
1458 918 1640 964 autem
1687 917 1741 964 et
1784 908 2026 974 veritas,

447 1004 730 1061 coloribus
763 1011 925 1059 aucta
957 1003 1301 1074 descriptio:
1343 1017 1431 1058 res
1472 999 1693 1056 tandem
1741 1000 1905 1070 ipsae,
1953 999 2021 1054 ad

450 1095 700 1149 futurum
765 1107 942 1147 aevum
999 1094 1295 1165 pertinent.
1356 1090 1545 1161 itaque
1604 1089 2022 1147 Testamentum
2063 1090 2233 1147 Vetus
2278 1100 2362 1148 est
2413 1093 2587 1164 ﬁgura
2633 1093 2856 1165 ﬁgurae,
2941 1092 3153 1150 Novum
3212 1109 3385 1162 vero,

448 1200 635 1242 rerum
663 1185 860 1256 ﬁgura.
897 1203 917 1238 ι

522 1276 725 1343 Leontii
752 1275 1009 1348 Neapolis
1026 1278 1081 1332 in
1103 1277 1278 1348 Cypro
1307 1279 1558 1348 episcopi,
1582 1294 1647 1334 ex
1668 1277 1803 1333 libro
1833 1274 2036 1333 Contra

451 1347 708 1408 Judwos;
734 1347 878 1419 quod
912 1347 1110 1404 Christi
1140 1347 1348 1403 crucem
1393 1359 1443 1403 et
1484 1347 1771 1419 imagines,
1824 1365 2035 1418 seseque

348 1448 399 1499 ι
452 1429 635 1499 nautae
683 1418 910 1472 adorare
966 1419 1120 1473 liceat
1159 1435 1177 1473 :
1216 1435 1415 1474 necnon
1446 1418 1511 1474 de
1544 1418 1855 1474 sanctorum
1907 1419 2034 1473 retia

449 1505 608 1558 qum.

525 1598 545 1632 ι
582 1577 739 1647 Quod
769 1578 817 1636 si
839 1578 972 1635 mihi
1008 1594 1230 1636 rursum
1263 1580 1715 1651 exprobraveris,
1750 1594 1786 1635 ο
1820 1577 2028 1641 Judaee.

450 1670 600 1741 quod
632 1672 818 1727 crucis
852 1670 1060 1742 lignum
1094 1686 1195 1729 ceu
1226 1671 1396 1726 Deum
1438 1671 1660 1727 adorem
1688 1688 1702 1738 ;
1744 1686 1912 1727 eccur
1941 1669 2034 1724 Ja-

450 1762 556 1817 cob
602 1778 712 1819 non
763 1764 973 1834 arguis,
1030 1764 1125 1835 qui
1178 1764 1347 1834 virga:
1408 1763 1688 1835 fastigium
1744 1762 2035 1818 adoravit?

451 1853 522 1908 At
555 1854 779 1925 planum
837 1865 923 1912 est
976 1870 1103 1910 eum
1141 1870 1250 1909 non
1306 1854 1539 1925 lignum,
1580 1848 1677 1910 Sed
1725 1852 2032 1923 Josephum

2135 545 2231 599 καὶ
2283 547 2317 616 ἡ
2371 544 2533 616 χάρις
2577 543 2833 616 difﬂata“
2883 544 3187 616 πράγματα
3225 544 3283 599 δὲ
3324 544 3393 599 τὰ
3439 543 3748 615 μέλλοντα.

2143 636 2324 702 Ὥστε,
2355 637 2383 689 ὀ
2426 636 2526 707 μὲν
2574 636 2738 707 νόμος
2775 635 2872 690 καὶ
2913 637 2942 689 ὀ
2983 635 3341 707 Μελχισεδὲκ,
3369 635 3749 706 προσκίασμα

2137 729 2237 797 τῆς
2284 729 2342 781 ἐν
2375 727 2630 800 χρώμασι
2656 728 2878 800 γραφῆς
2899 745 2914 759 ⁸
2943 729 2977 799 ἡ
3011 727 3070 781 δὲ
3094 730 3255 800 χάρις
3286 728 3383 782 καὶ
3413 730 3448 799 ὴ
3492 727 3748 799 ἀλήθεια

2137 820 2171 890 ἠ
2206 820 2262 871 έν
2297 818 2511 889 σώμασι
2539 820 2726 892 γραφή
2745 836 2760 851 ·
2791 819 2860 873 τὰ
2884 819 2942 874 δὲ
2965 818 3291 891 πράγματα,
3313 818 3411 873 τοῦ
3438 818 3748 890 μέλλοντκ

2137 910 2333 974 αἰῶνος
2353 926 2367 940 ο
2392 910 2469 972 ὡς
2496 906 2637 964 εῖναι
2670 910 2771 982 τὴν
2800 910 3049 966 Παλαιὰν
3077 911 3255 966 τύπου
3287 909 3478 977 τύπον,
3506 910 3605 964 καὶ
3627 910 3745 982 τὴν

2128 1001 2297 1068 Νέαν,
2325 1001 2434 1057 τῶν
2462 1004 2805 1075 πραγμάτων
2825 1003 3015 1057 τύπον.
3051 1022 3070 1056 ι

3470 1096 3735 1166 ipsarum

2136 1274 2423 1345 Acori-low
2463 1277 2819 1342 Νεαπάιεως
2845 1275 2953 1343 τῆς
2987 1279 3253 1345 Κύπρου,
3294 1277 3364 1331 ἐκ
3408 1279 3518 1333 τοῦ
3561 1282 3737 1334 Κατὰ

2222 1344 2516 1415 Ἰουδαίων
2538 1347 2748 1414 λόγου,
2772 1346 2904 1415 περὶ
2930 1347 3036 1401 τοῦ
3053 1344 3426 1415 προσκυνεῖν
3444 1348 3524 1413 τῷ
3546 1365 3738 1405 σταυ-

2205 1412 2293 1482 ρῷ
2314 1414 2422 1486 τοῦ
2435 1412 2713 1486 Χριστοῦ,
2740 1412 2984 1486 καῖ’τᾳῖς
3006 1412 3200 1470 εἰκοσι
3231 1416 3352 1470 τῶν
3376 1412 3583 1486 (ιτ-(ὼν,
3625 1421 3733 1475 καὶ

2206 1483 2504 1551 ἀλλήλοις
2528 1500 2544 1517 θ
2570 1484 2828 1554 καὶπερὶ
2850 1485 2971 1539 τῶν
2993 1486 3307 1555 λειψάνων
3331 1483 3451 1541 τῶν
3481 1489 3699 1556 ἁγίων.

2214 1599 2233 1631 ι
2259 1578 2385 1633 Ἐάν
2427 1596 2516 1651 μοι
2550 1580 2793 1651 ἐγκαλῇς
2817 1580 3005 1647 πάλιν,
3040 1574 3086 1634 ὧ
3126 1581 3368 1646 Ἰουδαῖε,
3409 1580 3611 1649 λέγων,
3642 1583 3734 1636 ὅτι

2142 1671 2217 1734 ὡς
2241 1669 2361 1741 Θεῷ
2396 1671 2690 1742 προσκυνῶ
2714 1670 2793 1742 τῷ
2824 1670 2966 1739 ξύλῳ
2993 1668 3089 1723 τοῦ
3120 1671 3378 1742 σταυροῦ.
3412 1670 3511 1725 Διά
3546 1672 3603 1725 τί
3626 1672 3736 1727 οὐκ

2142 1764 2396 1831 ἐγκαλεῖς
2417 1762 2497 1834 τῷ
2517 1762 2738 1830 Ἰακὼϐ,
2769 1764 3209 1835 προσκυνήσαντι
3236 1762 3329 1815 ἐπὶ
3351 1762 3413 1816 τὸ
3432 1762 3604 1834 ἄκρον
3624 1763 3733 1833 τῆς

2144 1852 2365 1922 ῥάϐδους
2400 1852 2562 1906 Ἀλλὰ
2586 1851 2870 1924 πρόδηλον,
2892 1852 2974 1906 ὅτι
3001 1852 3063 1906 ού
3089 1851 3150 1905 τὸ
3175 1849 3329 1915 ξύλον
3351 1850 3525 1920 τιμῶν
3550 1867 3732 1921 προσ-

457 1947 756 2018 adorasse;
802 1949 1265 2020 quemadmodum
1326 1965 1423 2019 per
1478 1965 1699 2007 crucem
1748 1949 2033 2006 Christum

2150 1943 2423 2013 ικύνησεν,
2453 1942 2590 1998 ἀλλὰ
2615 1942 2703 1997 διὰ
2740 1942 2836 1996 τοῦ
2870 1941 3031 2009 ξύλου
3061 1939 3142 2012 τῷ
3160 1939 3359 2010 Ἰωσὴφ
3384 1941 3735 2011 προσεκύνη-

454 2039 772 2107 adoramus,
825 2052 1170 2115 nequaquam
1216 2057 1346 2097 vero
1398 2042 1605 2113 lignum
1661 2042 1875 2098 honore
1925 2038 2039 2094 afﬁ-

456 2129 636 2184 cimus
668 2128 734 2183 ⁹⁸.
773 2147 793 2181 ι

532 2217 828 2275 Comment.
858 2219 1016 2287 Quod
1044 2221 1092 2277 si
1120 2237 1185 2277 es
1219 2236 1549 2292 quacunque
1584 2222 1811 2277 materia
1851 2220 2038 2277 crucis

457 2310 748 2381 imaginem
800 2310 1107 2376 iacientes,
1171 2312 1357 2368 crucis
1420 2313 1651 2382 ﬁguram
1714 2312 2035 2376 adoramus,

455 2401 707 2473 nunquid
741 2401 898 2459 nefas
924 2403 1029 2459 erit
1058 2402 1268 2460 Christi
1299 2418 1519 2475 quoque
1549 2404 1804 2461 cruciﬁxi
1845 2403 2038 2474 imagi-

458 2510 579 2550 nem
612 2495 878 2552 adorare?

527 2585 758 2641 Rursum
777 2602 845 2643 ea:
869 2585 1048 2643 eodem
1068 2584 1311 2645 Leontio.
1345 2608 1365 2643 ι
1406 2588 1859 2660 Quandoquidem
1887 2588 2034 2660 ipse-

462 2686 573 2733 met
600 2678 765 2734 ctiam
804 2680 1082 2736 Abraham
1112 2696 1211 2738 eos
1240 2696 1275 2736 a
1304 2683 1506 2754 quibus
1541 2681 1856 2752 sepulcrum
1889 2695 2038 2736 eme-

458 2773 572 2835 bat,
610 2770 916 2839 quamlibet
971 2772 1126 2843 impii
1168 2772 1421 2829 homines
1460 2780 1672 2837 essent,
1712 2772 1944 2843 genibus
1978 2770 2033 2825 in

456 2867 663 2913 terram
702 2860 899 2931 positis
931 2861 1219 2929 adoravit;
1271 2862 1513 2932 itemque
1539 2861 1712 2918 Jacob
1752 2860 2037 2917 benedixit

459 2950 778 3017 Pharaoni’,
840 2954 1099 3023 quamvis
1150 2953 1353 3025 impius
1401 2963 1457 3009 et
1516 2953 1796 3009 idolorum
1854 2955 2037 3009 cultor

457 3055 606 3103 esset
636 3063 649 3098 :
679 3044 998 3103 nullatenus
1033 3055 1214 3102 autem
1246 3046 1352 3117 ipsi
1386 3054 1645 3118 tanquam
1671 3047 1781 3103 Deo
1808 3047 2038 3104 benedi-

462 3136 564 3191 xit.
595 3136 848 3193 Fratrem
882 3152 1103 3210 quoque
1130 3154 1293 3196 suum
1323 3136 1495 3206 Esau,
1521 3139 1814 3211 proeidens
1841 3139 2038 3195 adora-

457 3226 556 3292 vit,
585 3234 641 3280 at
665 3241 774 3282 non
804 3226 883 3282 uti
912 3225 1104 3284 Deum.
1150 3227 1445 3296 Praeterea,
1484 3227 1761 3300 quomodo
1788 3228 2037 3299 prmeipit

2142 2054 2255 2101 σεν,
2287 2035 2479 2107 ὥσπερ
2504 2035 2598 2089 καὶ
2624 2036 2791 2107 ἡμεῖς
2823 2034 2912 2089 διὰ
2941 2034 3036 2088 τοῦ
3073 2032 3309 2105 σταυροῦ
3337 2031 3430 2087 τὸν
3460 2033 3730 2105 Χριστὸν,

2141 2127 2256 2180 ἀλλ’
2288 2126 2349 2179 οὐ
2374 2126 2436 2179 τὸ
2466 2124 2623 2191 ξύλον
2649 2123 2966 2194 δοξάζομεν.
3000 2141 3021 2177 ι

2210 2220 2488 2289 Σκόλιον.
2506 2217 2569 2271 Εἰ
2593 2211 2687 2271 οὖν
2700 2215 2795 2270 τὸν
2821 2215 2916 2270 τοῦ
2943 2215 3178 2288 σταυροῦ
3194 2216 3365 2271 τύπον
3385 2214 3733 2287 προσκυνοῦο

2140 2326 2260 2382 μέν’
2297 2309 2484 2363 εἰκόνα
2511 2306 2604 2361 τοῦ
2639 2306 2875 2379 σταυροῦ
2912 2307 3193 2373 ποιοῦντες
3222 2307 3283 2373 ἐξ
3316 2308 3535 2364 οῐασοῦν
3563 2308 3730 2377 ὕλης,

2139 2403 2258 2467 πῶς
2283 2402 2378 2456 τοῦ
2411 2399 2821 2474 σταυρωθέντος
2850 2400 3020 2454 εἰκόνι
3060 2400 3135 2473 μὴ
3166 2402 3673 2473 προσκυνήσωμενς

2206 2586 2317 2641 Καὶ
2376 2584 2567 2639 πάλιν
2620 2583 2729 2639 τοῦ
2791 2581 2979 2638 αὑτοῦ
3035 2583 3341 2638 Λεοντίου.
3382 2600 3402 2635 ι
3440 2580 3729 2637 Ἐπεὶιιαὶ

2151 2679 2400 2750 Ἀϐραὰμ
2433 2680 2546 2741 τοῖς
2579 2676 2903 2748 πωλήσασιν
2950 2676 3100 2747 αύτῷ
3127 2675 3221 2729 τὸν
3251 2676 3425 2745 τάφον
3465 2674 3731 2728 ἀσεϐέσιν

2134 2770 2444 2841 ἀνθρώποις
2477 2766 2871 2841 προσεκύνησε,
2900 2767 2997 2821 κα)⁵
3039 2767 3169 2836 γόνυ
3216 2765 3464 2836 ἔκαμψεν
3488 2766 3588 2819 ἐπὶ
3618 2765 3729 2837 τὴν

2135 2862 2261 2932 γῆν,
2303 2859 2418 2912 ἀλλ’
2454 2860 2553 2929 οὐχ
2599 2858 2677 2920 ὡς
2722 2857 2866 2922 θεοῖς
2910 2859 3095 2922 αὐτοῖς
3140 2856 3584 2931 προσεκύνησεν·
3625 2859 3729 2911 καὶ

2137 2953 2321 3016 πάλιν,
2349 2953 2378 3005 ὀ
2412 2948 2609 3003 Ἰακὼϐ
2632 2948 2723 3003 τὸν
2753 2949 2954 3020 Φαραὼ
2984 2949 3289 3020 ηύλόγησεν
3312 2947 3487 3019 ἀσεϐῆ
3516 2946 3615 3001 καὶ
3644 2947 3731 3000 ει-

2136 3044 2481 3116 δωλολάτρην
2509 3042 2659 3097 ὄντα·
2690 3042 2807 3096 ἀλλ’
2832 3043 2930 3113 οὐχ
2957 3042 3033 3106 ὡς
3061 3041 3198 3095 Θεὸν
3230 3041 3396 3096 αὐτὸν
3421 3040 3727 3112 ηύλόγησεο

2138 3138 2235 3191 καὶ
2263 3136 2449 3201 πάλιν,
2479 3134 2570 3189 τὸν
2604 3133 2776 3189 Ἦσαῦ
2809 3133 2994 3188 πεσὼν
3023 3133 3453 3206 προσεκύνησεν,
3485 3132 3604 3187 ἀλλ’
3624 3134 3731 3204 οὐχ

2139 3230 2214 3293 ὡς
2243 3229 2376 3282 Θεὸν
2408 3226 2845 3299 προσεκύνησεν.
2882 3225 2993 3280 Καὶ
3048 3227 3244 3281 πάλιν
3271 3226 3389 3290 πῶς
3410 3226 3730 3280 ἐντέλλεται
3764 3224 3765 3239 ‘

461 3319 624 3375 nobis
659 3320 824 3385 Deus,
875 3328 935 3374 ut
968 3327 1185 3377 montes
1229 3326 1287 3376 et
1328 3329 1532 3375 terram
1582 3318 1917 3375 adoremus?
1946 3321 2036 3374 Ait

2150 3323 2270 3392 ύμῖν
2299 3323 2327 3375 ὀ
2351 3320 2481 3384 Θεὸς
2524 3322 2853 3392 προσκυνεῖν
2894 3320 2991 3374 καὶ
3022 3321 3088 3390 τῇ
3134 3321 3229 3390 γῇ,
3257 3318 3352 3373 καὶ
3376 3322 3489 3383 τοῖς
3521 3317 3685 3388 ὄρεσι
3712 3334 3730 3381 ;

458 3414 604 3468 enim
635 3431 648 3468 :
674 3412 929 3467 Exaltate
953 3412 1239 3467 Dominum
1265 3412 1429 3468 Deum
1459 3421 1715 3476 vestrum,
1743 3421 1792 3467 et
1813 3412 2035 3466 adorata

461 3502 531 3556 ad
557 3510 784 3557 montem
816 3500 894 3572 (6)
926 3510 1170 3556 sanctum
1206 3501 1342 3569 ejus.
1390 3501 1461 3555 Et
1496 3501 1716 3557 adorata
1745 3501 2037 3557 scabellum

459 3591 650 3661 pedum
675 3591 811 3661 ejus,
832 3592 1082 3663 quoniam
1106 3600 1350 3646 sanctum
1374 3600 1454 3647 est
1472 3592 1516 3625 ⁹⁹
1537 3610 1553 3660 ;
1575 3593 1678 3649 hoc
1703 3602 1789 3649 est
1810 3602 2033 3649 terram.

462 3683 666 3739 Casium
695 3683 860 3745 enim,
903 3682 1103 3753 inquit,
1144 3682 1274 3737 mihi
1320 3682 1469 3738 sedes
1510 3692 1631 3738 est:
1676 3693 1822 3738 terra
1862 3693 2038 3739 autem

458 3773 750 3828 scabellum
799 3773 991 3844 pedum
1028 3790 1263 3829 meorum
1285 3813 1302 3841 ,
1357 3774 1488 3828 dicit
1526 3773 1785 3831 Dominus
1814 3774 1854 3829 '.
1886 3774 2038 3842 Quo-

462 3865 631 3920 modo
669 3874 852 3922 autem
877 3864 1092 3938 Moyses
1128 3865 1384 3920 adoravit
1411 3864 1631 3931 Jothor,
1665 3867 1886 3922 tametsi
1918 3867 2038 3922 ido-

467 3958 645 4012 lorum
678 3956 857 4013 cultor
887 3963 1060 4023 esset,
1098 3966 1155 4012 et
1187 3955 1466 4013 Danielem
1490 3956 2042 4014 Nabuchodonosor?

463 4048 575 4103 Cur
605 4063 821 4104 mecum
850 4047 1166 4119 espostulas
1191 4047 1337 4119 quod
1386 4048 1594 4105 honore
1618 4064 1715 4107 eos
1739 4064 2041 4121 prosequar

463 4148 518 4193 et
547 4137 794 4204 adorem,
845 4139 941 4209 qui
985 4137 1157 4195 Deum
1209 4138 1541 4194 coluerunt?
1569 4136 1850 4209 Nunquid,
1878 4139 2042 4196 obse-

462 4242 582 4294 cro,
636 4242 747 4282 non
795 4227 1015 4299 expedit
1065 4226 1238 4296 magis
1287 4235 1510 4283 sanctos
1563 4227 1823 4293 adorare,
1876 4244 2041 4299 quam

463 4319 707 4386 eosdem,
736 4328 798 4374 ut
830 4320 1062 4386 assoles,
1090 4319 1362 4392 lapidibus
1397 4319 1696 4390 impetere?
1728 4319 1923 4376 Nonne
1953 4336 2043 4377 sa-

466 4413 576 4466 tius
592 4418 685 4466 est
710 4426 806 4466 eos
827 4411 1062 4466 adorare
1086 4426 1249 4481 quam
1274 4410 1443 4467 serris
1473 4425 1683 4477 secare,
1713 4419 1878 4484 atque
1894 4413 2043 4478 illos,

466 4502 560 4571 qui
593 4502 709 4558 suis
737 4516 837 4558 vos
880 4503 1167 4559 beneﬁciis
1200 4503 1579 4568 cumularunt,
1606 4502 1661 4557 in
1687 4504 1829 4558 cmni
1858 4504 2041 4560 lacum

466 4594 749 4664 conjicere
776 4594 846 4649 ’ἲ
876 4593 1134 4652 Profecto
1162 4596 1208 4651 si
1241 4595 1535 4651 dilexisses
1580 4593 1772 4660 Deum,
1808 4594 2043 4652 famulos

2138 3412 2302 3479 Λέγει
2335 3411 2473 3481 γάρ’
2513 3411 2773 3480 ’Υψοῦτε
2811 3402 3033 3479 Κύριον
3061 3412 3170 3464 τὸν
3208 3412 3357 3465 Θεὸν
3394 3407 3590 3478 ήμῶν,
3626 3410 3732 3462 καὶ

2139 3503 2537 3572 προσκυνεῖτε
2564 3503 2653 3568 εὶς
2683 3501 2822 3570 ὄρος
2851 3500 3024 3570 ἅγιον
3067 3500 3279 3555 αὑτοῦ.
3308 3500 3417 3555 Καὶ
3448 3515 3734 3567 προσκυ-

2138 3597 2293 3651 νεῖτε
2321 3594 2403 3660 τῷ
2428 3595 2744 3657 ὑποποδίῳ
2789 3592 2907 3647 τῶν
2950 3593 3153 3647 ποδῶν
3185 3593 3395 3657 αὐτοῦ,
3425 3593 3515 3646 ὅτι
3554 3593 3736 3663 ἅγιός

2137 3687 2287 3752 ἐστι,
2320 3685 2571 3740 τουτέστι
2602 3688 2669 3756 τῇ
2717 3687 2809 3756 γῇ.
2830 3685 2882 3737 Ὀ
2908 3685 3166 3753 οὐρανὸς
3197 3683 3307 3755 γάρ
3347 3701 3451 3754 μοι
3482 3685 3731 3751 θρόνος.

2140 3778 2327 3848 φησὶν.
2363 3777 2401 3846 ἡ
2427 3774 2496 3829 δὲ
2519 3774 2620 3846 τῆ,
2646 3774 2981 3830 ὑποπόδιον
3010 3772 3129 3828 τῶν
3153 3773 3357 3829 ποδῶν
3380 3791 3522 3843 μου.
3555 3774 3737 3843 λέγει

2140 3871 2373 3938 Κύριος.
2402 3868 2531 3932 Πῶς
2559 3868 2617 3922 δὲ
2645 3866 2889 3936 Μωῦσῆς
2923 3866 3334 3939 προσεκύνησεν
3365 3864 3537 3936 ’Ῑοθὸρ
3567 3864 3736 3918 εἰδω-

2139 3960 2375 4032 λολάτρῃ
2407 3959 2544 4027 sm,
2569 3961 2665 4014 καὶ
2688 3958 2887 4031 Δανιὴλ
2914 3955 3419 4027 Ναϐουχοδονοσόρς
3444 3956 3574 4020 Πῶς
3600 3958 3739 4027 ἐμοὶ

2141 4049 2412 4119 ἐγκαλεῖς,
2442 4050 2525 4104 ὅτι
2568 4049 2714 4120 τιμῶ
2762 4050 2890 4114 τοὺς
2932 4047 3023 4103 τὸν
3053 4046 3186 4101 Θεὸν
3230 4047 3600 4117 τιμήσαντας,
3635 4049 3739 4100 καὶ

2141 4143 2673 4213 προσκυνήσανταςς
2727 4142 2801 4194 Οὐ
2853 4139 3147 4211 συμφέρει,
3176 4138 3298 4191 εἰπέ
3336 4155 3447 4208 μοι,
3480 4154 3738 4207 προσκυ-

2142 4238 2252 4289 νεῖν
2288 4238 2401 4297 τοῖς
2427 4234 2625 4302 ἁγίοις,
2658 4232 2752 4286 καὶ
2793 4231 2870 4303 μὴ
2913 4232 2989 4295 ὡς
3019 4231 3083 4285 σὺ
3114 4230 3441 4296 λιθοϐολεῖν;
3471 4231 3547 4283 Οὐ
3582 4246 3741 4301 συμ-

2143 4329 2299 4398 φέρει
2332 4327 2676 4398 προσκυνεῖν,
2711 4324 2804 4378 καὶ
2844 4322 2919 4395 μὴ
2947 4322 3172 4389 τούτους
3205 4322 3603 4393 καταπρίζειν,
3632 4326 3741 4376 καὶ

2143 4420 2201 4471 έν
2230 4416 2418 4489 λᾴκκῳ
2459 4416 2723 4487 βορϐόρου
2761 4414 2890 4479 τοὺς
2927 4414 3225 4485 εὐεργέτας
3258 4412 3627 4482 καταφέρειν;
3668 4414 3739 4468 Ei

2144 4510 2234 4563 τὸν
2261 4509 2393 4564 Θεὸν
2424 4509 2740 4579 ἠγάπησας,
2772 4507 2992 4571 πάντως
3022 4506 3089 4560 ἂν
3118 4505 3213 4560 καὶ
3244 4506 3368 4569 τοὺς
3404 4503 3576 4557 αὐτοῦ
3605 4503 3741 4557 δού-

2145 4599 2270 4664 λους
2300 4600 2467 4672 τιμᾷν
2495 4598 2737 4669 ἔμελλες.
2768 4600 2881 4653 Καὶ
2925 4599 2976 4653 εἰ
3012 4597 3306 4669 ἀκάθαρτά
3349 4597 3455 4649 εἰσι
3498 4594 3615 4648 τῶν
3653 4596 3745 4649 δι-

463 4684 587 4754 ejus
618 4685 809 4756 utique
834 4693 1129 4742 veneratus
1166 4699 1341 4742 esses.
1374 4683 1533 4750 Quod
1584 4686 1631 4741 si
1669 4685 1883 4757 impura
1913 4695 2036 4743 sunl

2150 4691 2321 4746 καίων
2366 4691 2437 4744 τὰ
2475 4691 2630 4756 ὀστᾶ,
2658 4690 2776 4754 πῶς
2828 4690 2969 4761 μετὰ
2997 4690 3167 4760 τιμῆς
3213 4689 3396 4757 πάσης
3432 4690 3745 4757 μετεκομί-

466 4794 593 4834 ossa
617 4778 893 4847 justorum
918 4819 935 4844 ,
980 4794 1081 4833 cur
1111 4792 1235 4834 ossa
1262 4775 1435 4832 Jacob
1469 4784 1522 4831 et
1550 4774 1750 4847 Ioseph
1779 4779 1930 4833 omni
1952 4794 2042 4837 re-

467 4869 713 4924 verentia
757 4885 826 4926 ex
883 4868 1123 4940 Egypto
1171 4876 1452 4938 asportata
1505 4875 1636 4921 sunt
1679 4868 1740 4921 '?
1791 4868 2041 4935 Quonam

469 4971 629 5034 pacm
668 4964 832 5018 homo
862 4962 1198 5025 defunctus,
1247 4959 1524 5016 contactis
1575 4958 1755 5016 Eliszei
1799 4963 2039 5032 ossibus,

527 5076 586 5109 "
641 5075 769 5131 "rec
836 5075 1013 5131 iusius
1073 5075 1368 5146 habentur,
1420 5074 1599 5146 ad.“
1629 5076 1821 5146 synodi
1849 5078 1901 5133 7.
1995 5080 2042 5113 ”
2081 5077 2229 5137 Psal.
2272 5094 2467 5146 sonu,
2503 5082 2558 5137 5.

470 5147 490 5177 ⁸
519 5147 658 5203 Gen.
686 5146 850 5215 1.,15,
872 5147 963 5201 24.
1040 5146 1063 5178 δ
1090 5144 1153 5200 ιν
1180 5144 1311 5217 Reg.
1347 5161 1462 5199 sui.
1501 5144 1591 5199 22.

2152 4780 2356 4852 σθησαν
2382 4781 2450 4835 τὰ
2471 4780 2605 4835 ὀστᾶ
2628 4780 2724 4836 τοῦ
2751 4780 2950 4836 Ἰακὼϐ
2979 4780 3074 4834 καὶ
3100 4780 3299 4849 Ἰωσὴφ
3329 4779 3389 4844 ἐξ
3411 4778 3746 4846 Αἰγύπτους

2149 4873 2275 4936 Πῶς
2301 4872 2491 4943 νεκρὸς
2524 4872 2811 4946 ἄνθρωπος
2850 4873 3129 4943 ἁψάμενος
3161 4870 3271 4925 τῶν
3311 4870 3512 4925 ὀστέων
3556 4870 3752 4924 Ἐλισ-

2151 4964 2305 5019 σαξου
2334 4964 2498 5029 εὐθὺς
2527 4966 2760 5037 ἀνέστης
2795 4967 2858 5020 Ei
2898 4966 2960 5020 δὲ
2997 4965 3066 5020 δι’
3092 4963 3296 5018 ὀστέων
3322 4962 3753 5034 θαυματουργεῖ

2672 5082 2689 5114 ί
2720 5082 2826 5138 lsa.
2855 5098 3003 5149 mm,
3040 5082 3093 5137 ἱ.
3201 5082 3223 5113 ¹
3250 5077 3456 5135 Jerem.
3496 5094 3750 5148 xxsvm,

1777 5236 2013 5296 VARIIE
2042 5237 2441 5295 LECTIONES.

548 5331 567 5373 ι
597 5333 672 5387 Ita
720 5336 886 5391 etiam
918 5337 974 5392 in
1014 5334 1255 5392 secunda
1288 5333 1550 5390 oratione
1592 5330 1663 5388 de
1686 5332 1851 5387 imas.
1884 5330 2020 5386 edit.
2049 5328 2211 5385 Rom.
2249 5331 2449 5403 legitur
2475 5331 2565 5385 hic
2596 5338 2649 5387 et
2697 5330 2839 5385 infra
2888 5338 2945 5385 at
2976 5330 3372 5387 emendandam
3401 5331 3658 5391 arbitror
3680 5350 3755 5393 es

548 5412 618 5457 at.
648 5407 683 5457 5
710 5407 770 5457 ἓν
791 5405 1065 5457 νοώιιασι.
1101 5404 1309 5457 Favent
1336 5412 1393 5457 et
1415 5417 1538 5457 num
1568 5417 1692 5457 mos
1723 5364 1918 5457 iisdem
1942 5399 2255 5456 consimilia
2291 5412 2621 5457 sequuntur.
2650 5401 2750 5457 τῆς
2775 5402 2834 5454 ὲν
2857 5401 3113 5457 γοὼιιασι
3138 5402 3375 5457 γραφῆς.

472 5412 618 5459 orat.
648 5407 683 5461 3
710 5407 770 5465 ἐν
791 5405 1065 5478 χρώμασι.
1101 5404 1309 5461 Favent
1336 5412 1393 5461 el.
1415 5417 1538 5475 qua:
1568 5417 1692 5459 mos
1723 5402 1792 5457 iis

1887 5416 1918 5454 ο
1942 5399 2255 5456 consimilia
2291 5399 2621 5473 sequuntur,
2650 5401 2750 5472 τῆς
2775 5402 2834 5454 ὲν
2856 5401 3113 5473 χρώμασι
3138 5402 3375 5473 γραφῆς.

1981 5511 2221 5569 NOTAE.

542 5609 733 5683 (3)1”
760 5623 1004 5683 montem.
1045 5612 1140 5683 Sic
1187 5614 1633 5683 praepositionem
1676 5612 1926 5683 (luceant
1962 5611 2043 5683 εἰς

469 5682 746 5745 caprimo,
767 5678 923 5746 juxta
951 5697 1013 5736 ac
1050 5677 1201 5739 illam
1232 5677 1543 5754 accipiebat
1591 5683 1855 5739 Leontius
1886 5677 2044 5747 Vulg.

2154 5609 2429 5683 interpres
2458 5611 2677 5684 posuit:
2716 5611 2768 5665 in
2809 5620 2983 5666 monte
3019 5617 3204 5666 sancto
3236 5608 3377 5678 ejus.
