3904 6358
40 5702 45 5733 υ
117 5688 467 5743 Hebraeum
503 5692 827 5751 posuerunt,

194 453 329 521 1273
1300 454 1398 514 DE
1438 455 1771 517 IMAGINIl

1874 459 1897 517 5
1929 459 2215 523 ORATIO
2249 462 2300 525 Ι.
3316 458 3451 528 1274

190 574 219 625 6
250 568 400 635 Θεὸς,
430 563 671 637 εὔδηλον,
699 563 781 617 ὅτι
808 561 1036 617 δύναται
1072 564 1168 618 καὶ
1196 562 1264 618 δι’
1288 565 1535 632 εἰκόνων,
1562 567 1656 619 καὶ
1682 566 1764 618 λί-

1874 570 2052 624 statim
2078 572 2280 626 revixit
2312 572 2370 625 εἳ
2410 570 2569 638 Quod
2596 570 2644 626 si
2675 570 2820 626 Deus
2844 586 2941 641 per
2975 585 3101 627 ossa
3130 586 3219 627 res
3245 574 3454 629 miran-

190 664 319 725 θων,
348 659 446 714 καὶ
491 657 697 728 ἑτέρων
730 655 963 722 πολλῶν,
992 655 1177 720 καθὼς
1224 657 1321 710 καὶ
1361 658 1457 711 ἐπὶ
1495 657 1768 713 Ἐλισσαιὲ

1874 664 1973 719 das
2017 663 2362 733 exsequitur,
2406 662 2515 718 boc
2552 662 2670 732 ipse
2719 662 2889 717 dubio
2938 662 3155 732 procul,
3204 674 3316 719 tum
3356 680 3455 735 per

190 753 423 822 ἐγένετο,
447 749 507 814 ὃς
530 749 700 803 ἔδωκε
733 747 834 819 τὴν
869 747 1005 801 ιδίαν
1045 748 1238 819 ῥάϐδον
1269 747 1348 819 τῷ
1372 750 1568 804 ἑαυτοῦ
1589 750 1765 817 παιδὶ,

1874 756 2165 825 imagines,
2206 763 2322 809 tum
2379 769 2479 824 per
2527 754 2698 809 multa
2743 753 2849 807 alia
2893 762 3157 822 prmstare
3214 756 3451 824 poterit;

188 845 284 899 καὶ
308 839 453 911 εἷπε,
479 841 548 897 δι’
571 840 743 913 αὐτῆς
776 840 1113 912 πορευθέντα
1140 841 1444 913 ἀναστῆσαι
1470 843 1563 897 τὸν
1600 842 1769 896 παῖδα

1874 846 2337 918 quemadmodum
2362 844 2561 900 Eliszeo
2581 845 2808 917 contigit
2826 846 2869 911 ',
2899 845 2994 915 qui
3013 844 3267 901 baculum
3289 861 3453 901 suum

187 936 286 1006 τῆς
310 933 716 1003 Σουναμίτιδος.
753 930 865 984 Καὶ
896 931 1374 1004 Μωῦσῆς,’ράσδῳ
1404 930 1604 1003 Φαραὼ
1646 932 1770 988 ἑκό-

1875 953 2035 993 servo
2066 938 2315 1001 tradens,
2344 937 2427 993 ire
2448 936 2709 1008 praecepit
2752 943 2813 990 ut
2840 936 2966 1006 ejus
2991 950 3163 1007 opera
3199 936 3255 993 in
3284 936 3453 992 vitam

187 1026 342 1092 λασε,
374 1026 471 1079 καὶ
500 1023 781 1079 Θάλασσαν
818 1020 1026 1091 ἔσχισε,
1056 1023 1152 1076 καὶ
1175 1020 1323 1093 ὕδωρ
1350 1022 1644 1091 ὲγλύκανε,
1675 1024 1771 1077 καὶ

1878 1030 2241 1087 Sunamitidis
2287 1029 2459 1084 ﬁlium
2514 1034 2827 1084 revocaret.
2882 1027 3002 1083 Jam
3049 1043 3186 1084 vero
3239 1026 3455 1099 Moyses

160 1116 397 1203 Δπέτραν
446 1113 667 1186 ἔρρηξε,
715 1113 812 1167 καὶ
860 1112 1003 1186 ὕδωρ
1051 1114 1309 1219 έξήῖαγε.
1356 1115 1470 1169 Καὶ
1516 1114 1770 1186 Σολομὼν

1877 1125 2031 1195 virga
2083 1122 2423 1177 Pharaonem
2466 1120 2794 1191 castigavit;
2849 1134 3006 1175 mare
3060 1120 3194 1175 item
3242 1118 3453 1181 divisit,

78 1240 81 1245 ι
154 1200 165 1219 ’Δ
188 1223 377 1277 φησιν*
402 1208 748 1274 Ηὺλότηται
779 1204 989 1270 ξύλον,
1021 1204 1096 1259 δι’
1122 1200 1196 1262 οὗ
1233 1207 1459 1276 γίνεται
1485 1208 1768 1276 σωτηρία.

1880 1230 2037 1286 aquae
2085 1213 2435 1269 dulcedinem
2485 1211 2825 1277 conciliavit,
2889 1218 3103 1278 petram
3160 1210 3358 1281 fregit,
3399 1218 3457 1265 et

197 1298 474 1353 Ἐλισσαιὲ
536 1298 692 1363 ξύλον
756 1299 814 1351 ὲν
855 1296 1101 1369 Ἰορδάνῃ
1165 1298 1500 1369 ἀπορρίψας,
1553 1300 1771 1370 σίδηρον

90 1408 107 1431 τ
187 1389 473 1459 ἀνήγαγε·
520 1388 617 1440 και
658 1386 813 1454 ξύλον
860 1386 1035 1457 ζωῆς,
1082 1386 1179 1440 καὶ
1227 1387 1395 1456 φυτὸν
1441 1387 1620 1455 Σιαϐὲκ
1668 1372 1769 1459 ῐἹ),

185 1482 361 1553 ἤγουν
395 1481 815 1551 συγχωρήσεως.
838 1481 950 1534 Καὶ
976 1480 1217 1551 Μωῦσῆς
1246 1480 1388 1552 ξύλῳ
1407 1482 1531 1551 ὅφιν
1562 1481 1770 1553 ὖψωσε,

187 1574 285 1626 καὶ
312 1572 437 1625 λαὸν
460 1571 791 1643 ὲζωοποίησε
810 1586 826 1602 ·
858 1570 1003 1643 ξύλῳ
1031 1571 1392 1643 βλαστήσαντι
1417 1574 1475 1627 ὲν
1499 1576 1566 1645 τῇ
1598 1575 1771 1646 σκηνῇ

182 1664 289 1736 τὴν
323 1663 597 1734 ἱερατείαν
626 1663 923 1735 ἐκύρωσεν.
941 1664 1082 1719 Ἀλλ’
1107 1666 1239 1729 ἴσως
1268 1666 1416 1736 ἐρεῖς
1447 1681 1565 1736 μοι,
1586 1666 1616 1719 6
1646 1666 1774 1719 Ἰου-

182 1755 361 1820 δαῖος,
394 1755 479 1809 ὅτι
504 1754 576 1809 τὰ
607 1755 665 1808 ὲν
696 1757 764 1827 τῇ
810 1757 983 1828 σκηνῇ
1012 1755 1107 1810 τοῦ
1140 1757 1447 1829 μαρτυρίου
1477 1757 1715 1824 ἅπαντα,
1744 1759 1771 1812 6

1878 1762 2029 1833 ligno
2054 1766 2367 1829 serpentem
2392 1758 2673 1821 exaltavit,
2698 1767 2751 1813 et
2773 1756 2942 1811 vitam
2974 1756 3176 1827 papulo
3203 1753 3454 1811 dedit“:

181 1846 327 1911 Θεὸς
348 1844 601 1914 γενέσθαι
617 1845 921 1919 προσέταξε
944 1846 1023 1919 τῷ
1040 1847 1249 1918 Μωῦσῇ
1271 1865 1285 1878 ·
1310 1848 1468 1917 κάγώ
1494 1866 1577 1903 σοι
1603 1849 1770 1918 λέγω,

1878 1850 2030 1923 ligno
2067 1851 2124 1906 in
2161 1848 2520 1905 tabernaculo
2564 1845 2913 1918 germinante
2948 1844 3320 1900 sacerdotium
3349 1844 3459 1897 Aa-

181 1940 272 1993 δτι
317 1937 494 1992 πολλὰ
540 1938 636 1991 καὶ
683 1938 905 1992 ποικίλα
934 1939 1239 2013 πράγματα
1264 1943 1293 1995 ό
1323 1940 1578 2010 Σολομὼν
1608 1944 1667 1997 ἐν
1695 1942 1771 2014 τῷ

1876 1919 1997 1999 roni
2028 1941 2266 1997 ﬁrmavit
2287 1941 2355 1996 η.
2380 1942 2452 1994 At
2482 1938 2672 1995 forsan
2691 1937 2933 2008 inquies,
2960 1950 2995 1991 ο
3030 1934 3239 2001 Judaze,
3272 1935 3457 1990 omnia

180 2030 326 2102 ναιῖι,
352 2029 569 2098 γλυπτά
609 2029 704 2084 κα)⁸
747 2030 995 2102 χωνευτὰ
1041 2032 1364 2105 πεποίηκεν,
1393 2033 1537 2106 ἅπερ
1588 2034 1708 2088 οὐδὲ
1743 2036 1771 2089 6

1874 2037 1969 2092 illa
2015 2050 2137 2107 qua:
2167 2035 2225 2090 in
2274 2031 2634 2089 tabernaculo
2683 2028 2990 2085 testimonii
3043 2036 3203 2083 erant
3264 2041 3296 2080 a
3343 2024 3456 2082 Deo

179 2122 323 2185 Θεὸς
353 2119 504 2192 αὐτῷ
547 2121 772 2192 ποιῆσαι
806 2123 1158 2193 προσέταξεν,
1198 2122 1324 2178 οὔτε
1367 2126 1401 2195 ἠ
1454 2125 1628 2196 σκηνὴ
1675 2127 1771 2180 τοῦ

180 2213 497 2287 μαρτυρίου
535 2212 708 2266 ταῦτα
739 2213 1023 2284 ἐκέκτητο,
1069 2215 1195 2269 οὔτε
1240 2218 1270 2269 6
1318 2216 1467 2282 ναὸς,
1496 2217 1557 2271 ὃν
1584 2218 1614 2271 6
1640 2217 1773 2283 Θεὸς

174 2305 260 2375 τῷ
287 2304 555 2375 ’ῐεζεκιὴλ
585 2304 858 2370 ὑπέδειξε,
884 2306 979 2360 καὶ
1013 2307 1074 2361 οὐ
1115 2307 1473 2379 κατεγνώσθη
1503 2309 1562 2363 ὲν
1594 2310 1772 2380 τούτῳ

173 2396 208 2449 6
241 2395 502 2467 Σολομῶν
521 2412 536 2427 ο
569 2398 652 2459 είς
679 2395 838 2460 δόξαν
864 2396 973 2466 γὰρ
995 2396 1130 2449 Θεοῦ
1152 2396 1250 2458 τὰς
1273 2398 1529 2462 τοιαύτας
1557 2400 1773 2471 μορφὰς

174 2485 618 2553 κατεσκεύασεν,
651 2485 841 2559 ῶσπερ
889 2487 953 2560 δὴ
999 2486 1098 2541 καὶ
1140 2489 1325 2559 ἡμεῖς.
1358 2485 1519 2560 Εἷχες
1567 2491 1665 2544 καὶ¹
1705 2491 1771 2544 σὺ

172 2578 393 2642 πολλὰς
423 2579 520 2632 καὶ
544 2578 840 2648 διαφόρους
885 2577 1024 2651 πρὸς
1051 2579 1362 2651 ἀνάμνησιν
1385 2579 1521 2634 Θεοῦ
1554 2581 1773 2647 εἰκόνας

169 2670 274 2724 καὶ
304 2670 620 2741 σήμαντρα,
647 2669 779 2741 πρὶν
824 2669 858 2740 ἢ
900 2669 1107 2724 τούτων
1133 2670 1223 2726 διὰ
1249 2671 1350 2743 τὴν
1389 2672 1489 2744 σὴν
1519 2674 1773 2746 ἀγνωμο-

169 2761 359 2833 σύνην
405 2761 738 2833 ὲστερήθης·
767 2761 1014 2817 τουτέστι
1070 2762 1169 2834 τὴν
1214 2765 1523 2836 Μωσαῖκὴν
1552 2766 1769 2837 ῥάϐδον,

164 2854 276 2919 τὰς
330 2852 631 2917 θεοτύπους
679 2854 915 2920 πλάκας,
946 2854 1046 2926 τὴν
1085 2855 1450 2927 πυρένδροσον
1480 2858 1641 2929 βάτον
1670 2859 1769 2930 (8),

162 2945 274 3016 τὴν
306 2943 643 3017 ξηρένυδρον
677 2944 905 3017 πέτραν,
941 2945 1041 3017 τὴν
1076 2948 1414 3019 μαννοφόρον
1439 2949 1691 3023 κιϐωτὸν,
1711 2950 1773 3004 τὸ

161 3035 486 3109 πυρένθεον
529 3034 951 3109 θυσιαστήριον,
986 3037 1050 3091 τὸ
1098 3037 1377 3109 θεώνυμον
1424 3034 1687 3107 πέταλον,
1710 3041 1772 3095 τὸ

161 3127 439 3201 θεόδηλον
479 3127 717 3207 Ἐφοὺδη
751 3126 852 3200 τὴν
900 3128 1144 3183 θεόσκιον
1180 3131 1419 3202 σκηνήνο
1472 3133 1522 3185 εἰ
1570 3131 1628 3185 δὲ
1676 3132 1771 3185 καὶ

1878 1321 2050 1377 aquas
2089 1304 2280 1361 eduxit
2313 1305 2355 1359 °.
2419 1302 2563 1370 Quin
2611 1303 2780 1359 etiam
2826 1300 3087 1358 Salomon
3139 1302 3217 1356 ait
3247 1319 3261 1355 :
3291 1300 3457 1355 Bene-

1876 1400 2077 1453 dictum
2116 1408 2192 1452 est
2233 1396 2437 1467 lignum
2493 1410 2585 1463 per
2620 1394 2759 1465 quod
2818 1394 2879 1463 [it
2937 1393 3085 1448 salus
3127 1391 3173 1447 '.
3225 1390 3455 1446 Elisaaus

1878 1506 1975 1562 per
2013 1490 2219 1561 lignum
2250 1490 2306 1542 in
2342 1486 2642 1542 Jordanem
2671 1485 3000 1556 projectum,
3033 1484 3237 1541 ferrum
3269 1491 3457 1539 extra-

1878 1579 1960 1634 xit
1991 1579 2034 1632 ⁸.
2098 1577 2264 1648 326
2325 1578 2464 1632 Item
2512 1575 2722 1647 lignum
2769 1575 2897 1629 vitae
2946 1572 3456 1639 commendatur’;

1878 1671 2087 1743 lignum
2119 1668 2315 1733 Sabec,
2351 1666 2409 1722 id
2457 1674 2545 1723 est
2592 1664 2949 1720 dimissiom's.
2980 1664 3197 1736 Moyses
3236 1678 3459 1733 quoque

1872 2128 2047 2199 Moysi
2084 2127 2257 2183 fuisse
2284 2123 2567 2180 mandata.
2597 2121 2665 2176 Et
2690 2136 2792 2193 ego
2819 2120 2919 2175 tibi
2941 2133 3170 2190 repono,
3207 2117 3457 2173 Salomo-

1872 2238 1997 2281 nem
2022 2224 2193 2277 multa
2213 2220 2478 2291 variaque
2504 2217 2784 2288 sculptilia
2810 2222 2866 2272 et
2887 2213 3186 2270 conﬂatilia
3213 2213 3271 2268 in
3303 2222 3450 2269 tem-

1873 2314 1962 2386 plo
1990 2312 2312 2377 fabricasse,
2346 2326 2468 2381 quae
2506 2324 2610 2364 nec
2643 2307 2787 2363 Deus
2811 2306 2919 2376 ipsi
2950 2304 3133 2360 facere
3164 2315 3454 2373 praecepe-

1874 2415 1961 2459 rat
1992 2405 2059 2470 “,
2097 2417 2200 2459 nec
2231 2402 2289 2457 in
2337 2398 2698 2455 tabernaculo
2742 2395 3045 2453 testimonii
3080 2394 3319 2455 fuerant,
3348 2406 3454 2447 nec

1874 2496 1931 2550 in
1962 2493 2165 2564 templo
2224 2492 2326 2545 illo.
2375 2489 2526 2561 quod
2573 2485 2851 2543 Ezecliieli
2893 2482 3039 2540 Deus
3088 2481 3332 2538 ostendit
3367 2480 3452 2532 υτ

1873 2600 2052 2656 neque
2096 2584 2167 2640 ob
2216 2584 2360 2638 hanc
2406 2596 2524 2636 rem
2571 2577 2974 2634 condemnatus
3006 2573 3265 2629 Salomon
3303 2570 3457 2634 fuit;

1873 2678 2073 2749 quippe
2092 2677 2187 2748 qui
2211 2676 2266 2731 in
2289 2673 2384 2729 Dei
2409 2672 2640 2744 gloriam
2661 2668 2937 2740 ejusmodi
2963 2666 3170 2721 formas
3198 2662 3457 2719 fabricas-

1872 2778 1978 2836 set,
2005 2768 2155 2823 velut
2177 2773 2232 2823 et
2259 2780 2361 2821 nos
2391 2777 2609 2835 quoquc
2630 2761 2885 2818 facimus.
2914 2757 2994 2813 Tu
3012 2770 3232 2829 quoque
3251 2752 3455 2810 multas

1873 2860 2143 2923 habebas,
2175 2856 2426 2926 variique
2455 2852 2675 2925 generis
2716 2851 2984 2921 imagines
3028 2857 3085 2903 et
3118 2848 3299 2917 signa,
3327 2858 3454 2916 qua

1873 2953 1974 3009 Dei
2014 2949 2337 3006 memoriam
2376 2944 2746 3016 perfricarent
2789 2941 2924 3004 tibi,
2977 2939 3301 3010 priusquam
3343 2934 3455 2990 illis

1871 3135 2083 3204 virgam
2112 3129 2339 3201 Moysis,
2370 3126 2591 3181 tabulas
2612 3139 2642 3177 a
2673 3123 2787 3179 Deo
2820 3120 3145 3191 insculptas,
3170 3117 3455 3172 ardentem

161 3219 236 3274 σὺ
271 3218 506 3273 ἅπαντα
530 3204 924 3283 ταῦταῆνυκτὸς
952 3220 1045 3274 καὶ
1073 3220 1290 3291 ἡμέρας
1322 3221 1709 3289 κατεσκιάζου,
1741 3223 1770 3274 ὀ

1874 3202 2231 3294 roridumque
2275 3219 2485 3291 pariter
2520 3217 2728 3271 rubum
2753 3254 2769 3280 ,
2804 3221 3014 3284 petram
3048 3210 3261 3266 aridam
3288 3208 3452 3279 aquis
3530 3256 3533 3281 ς
3564 3202 3589 3223 “

1872 3326 2209 3375 manantem.
2267 3326 2450 3367 arcam
2499 3309 2555 3363 in
2598 3322 2708 3378 qua
2755 3319 2956 3360 manna
2992 3302 3331 3374 gestabatur,
3369 3301 3493 3369 al-
3544 3354 3571 3365 _
3778 3360 3785 3375 π
3826 3352 3833 3365 ζ

3474 3404 3671 3439 °l~..-.J

156 3312 395 3381 λέγων’
442 3310 598 3376 Δόξα
625 3326 726 3366 σοι
765 3315 801 3369 ὁ
840 3267 1029 3383 μόνος
1068 3267 1490 3384 έένζοέιράτωρ
1796 3267 1843 3328 C

152 3402 269 3457 διὰ
299 3401 557 3456 πάντων
584 3404 813 3458 τούτων
838 3402 911 3459 ἐν
930 3404 1184 3473 Ἰσραὴλ
1212 3406 1762 3474 θαυματοποιήσας,

151 3499 209 3552 εί
240 3496 307 3550 δὲ
345 3494 441 3548 διὰ
466 3496 686 3550 πάντων
716 3497 921 3550 τούτων
958 3496 1070 3551 τῶν
1106 3498 1368 3566 νομικῶν,
1397 3491 1473 3551 ὧν
1499 3494 1644 3568 εἶχες
1667 3515 1765 3551 πο-

1874 3499 2020 3552 mine
2071 3493 2431 3562 insculptam,
2482 3487 2674 3559 Ephod
2706 3487 2763 3541 in
2797 3484 3305 3541 manifestationem
3351 3496 3459 3535 nu-

148 3593 245 3661 τὲ,
286 3592 662 3664 προσπίπτων
689 3592 768 3663 τῷ
798 3591 919 3663 Θεῷ
963 3592 1344 3665 προσεκύνεις,
1371 3594 1503 3664 δρᾷς
1546 3594 1627 3647 ὅτι
1676 3593 1766 3647 διὰ

1874 3588 2066 3651 minis,
2124 3581 2510 3637 obumbratum
2563 3578 2692 3632 item
2755 3592 2785 3630 a
2853 3574 2965 3630 Deo
3018 3572 3459 3628 tabernaculum.

146 3660 273 3741 τῶν
304 3660 542 3740 είκόνων
570 3660 909 3756 προσάγεται
934 3660 1019 3756 τῶ
1045 3683 1165 3755 Θεῷ
1192 3686 1226 3755 ἡ
1262 3660 1652 3757 προσκύνησις.
1679 3705 1700 3737 ι

1874 3679 2016 3748 Quin
2059 3676 2222 3732 etiam
2254 3671 2515 3727 universa
2561 3667 2681 3722 hac
2709 3666 2799 3722 die
2831 3671 3115 3733 noctuque
3152 3660 3316 3715 adum
3330 3660 3459 3715 bra-

146 3779 262 3835 bas
302 3777 548 3832 dicens:
586 3752 773 3831 (ἐιοτεά
802 3775 897 3830 tibi
942 3752 1043 3840 sit,
1087 3752 1177 3846 qui
1200 3752 1347 3832 solus
1391 3752 1717 3847 amnipotens
1749 3794 1802 3834 es
1835 3776 1998 3839 Deus,
2042 3770 2132 3842 qui
2177 3782 2269 3837 per
2291 3764 2401 3819 hac
2427 3762 2607 3817 omnia
2644 3776 2729 3815 res
2755 3756 3100 3813 admirabiles
3155 3753 3341 3822 feceris
3402 3752 3459 3805 in

145 3869 476 3930 Israel“:
528 3870 576 3926 si
635 3884 769 3926 vero
833 3885 931 3940 per
989 3870 1174 3925 omnia
1224 3871 1381 3939 bare,
1419 3888 1542 3943 quae
1604 3874 1720 3945 lege
1749 3870 2103 3944 praecipiente
2145 3858 2425 3935 quondam
2468 3855 2752 3922 servabas,
2783 3850 3078 3924 procidens
3110 3848 3281 3905 Deum
3322 3846 3458 3902 ado-

141 3974 361 4034 rabas,
431 3965 752 4023 vides.Deo
798 3981 899 4038 per
986 3966 1254 4038 imagines
1335 3967 1716 4026 adorationem
1748 3965 2018 4026 exhiberi.
2054 3981 2074 4015 ι

222 4066 354 4123 Καὶ
379 4065 514 4135 μετ’
544 4062 740 4132 ὀλίγα.
789 4081 808 4113 ι
839 4063 902 4117 Εί
949 4062 1057 4135 γὰρ
1106 4063 1135 4115 6
1181 4064 1416 4133 ἀγαπῶν
1460 4066 1770 4139 εἰλικρινῶς

1950 4061 2020 4116 Et
2070 4066 2188 4130 post
2232 4070 2425 4126 pauca.
2466 4070 2485 4104 ι
2532 4049 2589 4105 Si
2639 4048 2765 4119 quis
2798 4047 2942 4102 enim
2990 4043 3185 4100 all'ectu
3234 4042 3457 4099 sincero

138 4158 319 4229 φίλον
382 4154 422 4227 ἢ
478 4154 726 4225 βασιλέα,
779 4156 872 4207 καὶ
918 4155 1155 4225 μάλιστα
1190 4155 1281 4209 τὸν
1313 4136 1632 4229 εὐεργέτην,
1664 4157 1769 4212 κᾶν

1876 4154 2113 4211 amicum
2144 4149 2231 4206 vel
2260 4149 2561 4219 ipsummet
2609 4143 3004 4211 imperatorem
3037 4136 3254 4207 diligit,
3292 4144 3459 4205 atque

137 4226 271 4303 υἱὸν
327 4226 512 4299 αὐτοῦ
565 4244 851 4315 θεάσηται,
884 4244 987 4297 κᾶν
1020 4243 1236 4313 ῥάϐδον,
1270 4244 1375 4299 κᾶν
1414 4226 1632 4316 θρόνον,
1669 4246 1771 4301 κᾶν

1874 4247 2029 4302 illum
2065 4244 2120 4299 in
2169 4238 2387 4311 primis,
2420 4235 2516 4306 qui
2552 4234 2619 4289 de
2648 4248 2713 4289 se
2743 4232 2889 4287 bene
2923 4228 3157 4284 meritus
3211 4236 3317 4291 est,
3365 4226 3458 4280 hic

138 4340 469 4410 στέφανον,
498 4336 601 4391 κᾶν
626 4332 795 4401 οἷκον,
824 4335 927 4389 κᾶν
960 4335 1164 4401 δοῦλον,
1201 4337 1413 4407 κρατεῖ,
1445 4336 1542 4390 καὶ
1589 4337 1771 4391 ἀσπάρ

1874 4338 2047 4410 plane,
2081 4335 2197 4391 sive
2227 4332 2397 4387 lilium
2441 4329 2583 4399 ejus,
2631 4326 2747 4382 sive
2774 4331 3057 4394 sceptrum
3088 4321 3176 4376 vel
3201 4320 3459 4391 virgam,

136 4433 336 4497 ζεται,
374 4425 484 4481 καὶ
508 4426 644 4496 τιμᾷ
676 4426 765 4479 τὸν
804 4424 1102 4495 εὐεργέτην
1136 4424 1383 4494 βασιλέα,
1411 4425 1593 4497 πολλῷ
1625 4426 1766 4497 μᾶλ-

1874 4432 1990 4487 sive
2019 4442 2303 4493 coronam,
2339 4425 2454 4480 sive
2508 4422 2731 4477 domum
2759 4457 2775 4483 ,
2820 4417 2937 4473 sive
2968 4429 3191 4471 servum
3225 4427 3459 4483 conspe-

131 4519 237 4574 λον
266 4519 373 4573 τὸν
411 4514 571 4569 Θεόν.
598 4510 725 4567 Εἴθε
749 4514 877 4585 γὰρ,
914 4513 1078 4568 πάλιν
1101 4514 1264 4585 λέγω,
1291 4516 1557 4587 ἐποίησας
1584 4518 1678 4571 καὶ
1700 4517 1765 4571 σὺ

1877 4521 2040 4584 xerit,
2080 4519 2426 4590 amplexatur
2466 4524 2524 4571 et
2570 4512 2890 4577 osculatur;
2960 4509 3177 4578 haeque
3234 4506 3453 4561 ratione

130 4612 385 4673 εἰκόνας
424 4606 754 4671 Μωσαῖκάς,
782 4606 878 4658 καὶ
902 4604 1271 4676 προφητικάς,
1291 4606 1386 4658 καὶ
1410 4606 1534 4659 καθ’
1551 4607 1766 4679 ἡμέραν

1874 4610 2177 4668 beneﬁcum
2204 4623 2332 4679 erga
2363 4623 2423 4663 se
2460 4613 2757 4661 veneratur
2792 4603 3200 4673 imperatorem.
3239 4596 3458 4663 Quanto

130 4700 541 4776 προσεκύνεις
589 4696 668 4767 τῷ
719 4697 966 4771 Δεσπότῃ
1003 4696 1189 4752 αὐτῶν
1222 4696 1363 4767 Θεῷ.
1385 4697 1551 4751 Ὅταν
1589 4699 1769 4754 τοίνυν

1875 4704 2042 4776 igitur
2075 4702 2275 4773 potiori
2314 4700 2440 4771 jure
2476 4698 2646 4754 Deum
2686 4697 2864 4766 ipsum
2910 4690 3197 4748 colueris?
3233 4688 3454 4744 Utinam

128 4798 267 4867 ἴδῃς
313 4789 682 4864 Χριστιανῶν
713 4789 910 4853 παῖδας
939 4786 1386 4861 προσκυνοῦντας
1413 4788 1492 4859 τῷ
1526 4792 1768 4863 σταυρῷ,

1877 4804 1932 4851 et
1960 4805 2016 4850 tu
2042 4808 2262 4866 quoque
2289 4791 2416 4865 (hoc
2438 4791 2585 4847 enim
2618 4786 2889 4859 repetam)
2921 4784 3194 4841 Mosaicas
3220 4779 3457 4854 prophe-

126 4885 370 4957 γνῶθι,
426 4884 516 4937 ὃτι
560 4881 640 4952 τῷ
684 4881 1049 4954 σταυρωθέντι
1104 4880 1329 4952 Χριστῷ
1399 4882 1771 4954 προσκύνησιν

1881 4888 2130 4959 ticasque
2191 4884 2421 4942 fecisses
2475 4882 2789 4954 imagines,
2853 4877 3206 4949 singulisque
3260 4872 3456 4929 diebus

1874 3421 1990 3466 tare
2022 3408 2164 3480 ignis
2193 3405 2366 3461 divini
2402 3400 2888 3470 conceptaculum,
2926 3396 3189 3449 laminam
3225 3392 3321 3448 Dei
3352 3408 3455 3446 no-

207 5065 231 5094 ⁸
274 5060 355 5116 lV
379 5059 527 5125 Reg.
584 5073 652 5121 tv,
704 5054 1085 5126 29._7'_Exorl.
1124 5070 1219 5119 vu,
1260 5055 1347 5109 l7.
1426 5055 1597 5126 ’Sap.
1632 5073 1744 5119 xiv,

1904 5059 1927 5090 ε
1952 5056 2019 5110 lV
2046 5057 2182 5126 Reg.
2222 5072 2295 5116 vr,
2336 5055 2453 5126 4-7.
2530 5055 2551 5087 ³
2579 5052 2796 5126 Gem}.
2827 5052 2881 5126 9.
2960 5049 3004 5081 '°
3036 5048 3199 5126 Num.
3232 5062 3347 5111 χιι,
3397 5044 3451 5101 9.

126 5136 171 5169 ιι
218 5131 413 5188 Num.
444 5120 559 5182 xvii
599 5120 652 5183 8.
732 5127 774 5158 "
814 5123 857 5180 ll
876 5124 1175 5188 Paral..m,
1212 5126 1238 5179 1
1272 5140 1429 5196 seqq.
1508 5120 1557 5158 ¹³’
1592 5126 1769 5184 Ezeclt

1874 5168 1911 5195 .,
1951 5129 2043 5184 47.
2121 5120 2165 5159 ﬁ
2198 5126 2244 5180 ll
2276 5125 2459 5181 Paral.
2490 5140 2567 5190 vr,
2603 5126 2671 5190 4;
2724 5121 2873 5177 Psal.
2933 5135 3087 5185 Lxxr,
3118 5120 3205 5173 l8.

1679 5282 1913 5340 ΝΟΤᾹΞ.

202 5406 298 5477 (7)
374 5402 626 5477 Ligpum
708 5402 875 5477 διείρεο
922 5472 934 5477 Α
960 5403 1271 5477 desumpsit
1306 5402 1607 5477 _Leontius
1687 5418 1755 5477 ex
1859 5416 1985 5456 cum
2028 5399 2172 5477 idem
2205 5405 2292 5477 est
2323 5410 2388 5450 ac
2419 5394 2646 5477 dimisit.
2679 5384 3448 5477 dereliquitglat-bitrati‘sunt

114 5459 445 5547 cap/xui
459 5459 644 5547 VG_e'n.,
674 5489 727 5537 v,
759 5473 851 5533 25,
883 5472 976 5547 ubi
1007 5459 1264 5547 legim'us.
1298 5474 1437 5547 inter
1470 5473 1754 5547 vepres,__i_n
1859 5480 1982 5547 Τ.ιο
2006 5468 2403 5547 demissionem,
2427 5466 2827 5547 emissionemve
2861 5459 3178 5547 signiiittare
3211 5465 3447 5547 {illm}:

114 5530 398 5622 l—le'braeo
430 5530 671 5622 habetur
901 5543 958 5622 in
1004 5530 1288 5622 opacitate.
1334 5530 1755 5622 arboris_sc'ili-
1859 5530 1985 5622 men
2039 5538 2238 5594 litteris
2289 5536 2416 5591 aliis
2468 5534 2769 5597 scribatur,
2826 5530 3043 5586 scilicet
3089 5541 3186 5597 per
3212 5530 3450 5607 met?

56 5642 63 5651 ’
115 5627 221 5673 cet
253 5620 372 5669 aut
428 5610 743 5681 spinarum:
785 5612 1141 5734 Septuaginta
1183 5626 1317 5667 vero
1343 5628 1540 5669 nomen
1572 5614 1752 5682 ipsum
1859 5611 1914 5665 in
1952 5610 2077 5664 line.
3065 5636 3101 5656 -

119 5688 467 5734 "abnuunt
503 5692 827 5734 posuerunt.
893 5701 921 5734 ν
949 5699 1102 5734 (ουτω
1130 5683 1330 5734 Σαὸέκ.
1358 5685 1412 5734 in
1440 5683 1628 5734 υιαηια
1652 5681 1754 5734 Sa-
1929 5680 2008 5734 (8i
2040 5677 2473 5734 Πυοένδροσον
2497 5672 2718 5734 βάτον,
2748 5668 2897 5734 quod
2929 5667 3101 5723 rubun

866 5666 921 5751 ιν
949 5666 1102 5754 φιττῷ
1118 5666 1330 5749 ίεασέέ,
1346 5666 1628 5752 rapiant
1652 5681 1754 5736 Sa-

1891 5750 1902 5754 Α
1929 5677 2473 5754 (8)⁴Πυρένδροσον
2497 5672 2718 5739 βάτον,
2737 5668 2897 5754 ⁸(ιιιοιι
2913 5667 3069 5754 _rubu
3079 5683 3127 5754 ιιι
3157 5666 3443 5754 ardentem

116 5738 309 5818 Eax;
336 5738 526 5833 quam
558 5738 838 5817 singulare
867 5738 1141 5879 quoddam
1174 5738 1387 5807 arboris
1420 5738 1595 5823 genus
1624 5767 1749 5808 esse
1859 5738 2160 5813 signiﬁcat,
2207 5738 2308 5801 nec
2360 5738 2542 5801 tamen
2605 5738 3047 5805 comburentem,
3094 5738 3252 5810 quasi
3316 5750 3442 5794 rore

119 5828 428 5879 arbitrati
480 5830 610 5876 sunt
642 5822 835 5879 Grani.
916 5838 943 5877 c
975 5825 1099 5879 nuia
1127 5833 1257 5879 nam
1303 5822 1512 5878 Shabac
1550 5824 1746 5879 Svria-
1856 5820 2093 5879 «modum
2122 5817 2424 5879 perfusum.

119 5817 428 5883 arbitrati
480 5830 610 5876 sunt
642 5822 835 5880 Graeci.
867 5817 943 5897 Ᾱς
975 5825 1099 5894 quia
1127 5833 1257 5895 mw
1303 5817 1512 5889 Shaliac
1550 5824 1746 5895 Syria-
1856 5820 2093 5891 quodam
2122 5817 2424 5889 perfusum.

1872 3049 2101 3114 propter
2129 3037 2331 3110 ingrati
2358 3035 2527 3091 animi
2554 3034 2754 3089 vitium
2790 3029 3109 3103 spoliarcris
3141 3046 3156 3083 :
3194 3026 3456 3081 nimirum
3514 3018 3519 3035 ¹
3550 3056 3553 3061 ι
3592 3062 3597 3075 ι

3700 3388 3803 3433 Ἧι.

3444 3948 3541 4048 ίῖρῖ
3562 3984 3580 4034 I
3602 3988 3722 4046 (.07
