3904 6358
497 352 631 419 127:")

1776 352 2102 415 IOANNIS
2143 351 2573 414 DAMASCENI

3647 335 3802 402 1276

495 472 667 525 Deum
721 471 962 539 ipsorum
1022 469 1315 525 Dominum
1358 469 1670 524 adorasses.
1711 471 1848 524 Cum
1888 472 2074 540 itaque

2184 467 2540 540 προσάγουσι,
2573 465 2668 520 καὶ
2695 465 2754 517 οὐ
2797 463 2873 535 τῷ
2902 461 3066 530 ξύλῳ.
3087 459 3242 517 Ἐπεὶ
3272 460 3322 512 ει
3354 458 3453 530 τὴν
3485 457 3661 527 φύσιν
3707 456 3802 509 τοῦ

490 562 839 615 Christianos
879 561 1084 616 videris
1109 577 1325 617 crucem
1359 561 1680 626 adorantes,
1713 561 1765 616 id
1798 578 1896 632 pro
1923 571 2074 618 certo

491 663 702 714 teneas,
739 651 1120 705 adorationcm
1155 651 1316 706 istam
1371 649 1594 706 Christo
1637 651 1706 705 ab
1761 652 1842 706 cis
1891 651 2073 708 oll‘erri

490 741 779 806 cruciﬁxo,
810 758 917 796 non
954 743 1126 813 ligno.
1155 741 1293 796 Nam
1341 743 1387 797 si
1426 743 1560 813 ligni
1596 743 1880 797 materiam
1925 743 2074 799 cole—

489 841 632 896 rent,
667 833 820 887 lucos
845 849 1077 903 prorsus
1106 842 1161 888 et
1183 835 1413 890 arbores
1433 834 1669 889 adorare
1699 834 1984 902 deberent,
2020 844 2078 890 ut

489 933 550 978 tu
581 924 699 993 ipse
742 926 1044 994 quondam,
1087 925 1282 990 Israel,
1315 941 1378 981 ea
1407 926 1717 990 adorabas;
1755 926 1884 982 dum
1915 928 2077 981 arho—

489 1029 604 1068 rem
649 1022 703 1068 et
750 1015 987 1084 lapidem
1041 1015 1193 1070 hisce
1251 1015 1432 1070 verbis
1481 1016 1850 1085 compcllares
1887 1034 1898 1069 :
1931 1015 2076 1071 Deus

490 1121 637 1158 meus
674 1122 728 1158 es
758 1115 836 1169 tu,
871 1113 921 1159 et
952 1115 1007 1157 tu
1037 1121 1116 1159 me
1151 1106 1379 1175 genuisti
1415 1106 1478 1158 ιδ.
1505 1105 1618 1161 Nos
1647 1122 1782 1162 vero
1817 1123 1919 1162 nec
1947 1123 2076 1163 cru-

489 1209 630 1254 cem,
656 1209 759 1250 nec
783 1205 1098 1250 sanctorum
1127 1197 1394 1266 imagines
1421 1196 1699 1266 ejusmodi
1725 1197 1908 1254 verbis
1942 1199 2080 1254 allo-

490 1286 734 1354 quimur.
768 1285 886 1341 Non
916 1289 1064 1342 enim
1091 1288 1171 1342 dii
1206 1289 1387 1343 nostri
1419 1298 1584 1354 sunt,
1621 1289 1718 1346 sed
1753 1298 1942 1360 aperta
1975 1307 2070 1362 po-

488 1377 600 1432 tius
660 1378 965 1447 volumina,
1018 1395 1142 1447 quae
1189 1381 1245 1436 in
1298 1383 1557 1438 ecclesiis
1613 1382 1958 1452 explicantur
2021 1390 2076 1440 et

490 1471 813 1532 adorantur,
843 1480 903 1526 ut
953 1487 1145 1528 earum
1179 1482 1406 1543 aspectu
1450 1489 1724 1529 memores
1752 1474 1847 1530 Dei
1877 1475 2074 1541 simus,

492 1561 783 1632 ipsumque
815 1579 1164 1620 veneremur.
1197 1564 1303 1632 Qui
1337 1567 1485 1621 enim
1520 1575 1818 1637 martyrem
1863 1567 2076 1622 honore

487 1655 860 1724 persequitur,
888 1656 1152 1712 honorem
1186 1672 1406 1728 quoque
1427 1658 1535 1711 Deo
1559 1657 1800 1723 exhibet,
1821 1658 1908 1712 cui
1934 1673 2079 1712 mar-

491 1750 577 1812 tyr
627 1745 999 1801 testimonium
1049 1747 1311 1803 reddidit.
1354 1746 1460 1813 Qui
1496 1745 1703 1802 Christi
1754 1746 2072 1816 apostolum

2181 560 2339 625 ξὺ).ου
2367 560 2575 622 ἔσεϐον,
2611 557 2828 619 πάντως
2858 553 2924 608 ἂν
2951 555 3044 607 καὶ
3071 553 3137 606 τὰ
3174 552 3337 621 ἄλση,
3366 552 3461 604 καὶ
3490 549 3562 603 τὰ
3589 549 3802 621 δένδρα

2179 651 2506 722 προσκυνεῖν
2534 645 2702 719 εἶχον,
2731 646 2921 715 ὥσπερ
2949 645 3014 696 σὺ
3045 647 3073 697 ὁ
3101 642 3322 714 Ἰσραὴλ
3356 641 3800 711 προσεκύνησας

2177 743 2387 805 τούτοις
2429 741 2581 807 ποτὲ,
2610 739 2786 809 λέγων
2826 737 2906 808 τῷ
2937 736 3139 806 δένδρῳ
3164 735 3260 789 καὶ
3293 733 3372 805 τῷ
3395 733 3554 804 λίθῳ,
3584 737 3685 788 ἔτι
3719 735 3798 788 Σύ

2172 852 2292 903 μου
2324 829 2380 888 εἷ
2411 834 2574 900 Θεὸς,
2609 832 2709 886 καὶ
2749 829 2831 885 σύ
2859 846 2935 899 με
2969 827 3536 898 ἐγέννησας.Ἦμεῐς
3569 827 3660 892 δὲ,
3699 825 3797 897 οὐχ

2177 924 2354 989 οὕτως
2419 925 2650 995 λέγομεν
2679 921 2758 993 τῷ
2791 921 3030 993 σταυρῷ,
3067 919 3190 974 οὐδὲ
3231 921 3356 982 ταῖς
3400 922 3642 992 μορφαῖς
3682 919 3796 972 τῶν

2181 1017 2368 1086 ἁγίων.
2394 1017 2468 1070 Οὐ
2492 1016 2601 1086 γὰρ
2625 1014 2738 1068 Θεοὶ
2760 1015 2918 1086 ἡμῶν
2943 1016 3102 1080 εἰσιν,
3127 1012 3266 1067 ἀλλὰ
3303 1012 3476 1083 βίϐλοι
3499 1013 3792 1082 ἀνεῳγμέ-

2178 1126 2265 1162 ναι
2302 1107 2436 1179 πρὸς
2469 1108 2776 1177 ἀνάμνησιν
2808 1085 2943 1159 Θὲοῦ
2979 1105 3072 1160 κο.)¹
3115 1103 3282 1175 τιμὴν
3315 1103 3507 1170 αὐτοῦ,
3546 1107 3609 1157 ὲν
3663 1107 3791 1166 ταῖς

2179 1197 2500 1267 ἐκκλησίαις
2526 1198 2820 1267 προφανῶς
2867 1195 3119 1265 κείμεναι
3149 1196 3244 1248 καὶ
3271 1193 3786 1265 προσκυνούμεναι.

2191 1285 2250 1339 '0
2299 1285 2408 1357 γὰρ
2441 1285 2616 1351 τιμῶν
2643 1285 2735 1338 τὸν
2771 1283 3046 1355 μάρτυρα,
3077 1282 3212 1338 Θεδν
3245 1284 3402 1354 τιμᾷ,
3431 1275 3476 1349 ᾧ
3501 1285 3532 1336 6
3569 1283 3789 1353 μᾶρτκ

2179 1377 2570 1449 ἐμαρτύρησεν
2589 1390 2603 1404 °
2644 1378 2673 1428 6
2710 1376 3032 1446 προσκυνῶν
3069 1376 3163 1428 τὸν
3193 1375 3490 1429 ἀπόστολον
3517 1374 3622 1428 τοῦ
3653 1377 3788 1445 X9:-

2182 1471 2332 1537 στοῦ,
2364 1471 2458 1524 τὸν
2522 1469 2924 1525 ἀποστείλαντα
2990 1469 3156 1523 αὑτὸν
3222 1471 3544 1540 προσκυνεῖ.
3583 1469 3706 1522 Καὶ
3757 1472 3785 1523 6

2180 1562 2544 1634 προσπίπτων
2597 1564 2662 1632 τῇ
2717 1560 2906 1631 Μητρὶ
2947 1559 3042 1613 τοῦ
3077 1558 3340 1631 Χριστοῦ,
3371 1559 3653 1631 πρόδηλον
3703 1561 3782 1613 ὅτι

2176 1653 2257 1724 τῷ
2290 1653 2405 1726 Υίῷ
2451 1653 2624 1724 αὐτῆς
2679 1653 2779 1724 τὴν
2830 1652 2998 1724 τιμὴν
3044 1653 3371 1723 προσφέρει.
3431 1653 3628 1716 Οὐδεὶς
3676 1653 3783 1722 γὰρ

2179 1747 2332 1813 Θεὸς,
2365 1750 2415 1802 εἰ
2445 1746 2522 1820 μὴ
2552 1742 2654 1813 εἷς,
2677 1749 2706 1802 6
2728 1749 2787 1802 ὲν
2812 1746 3006 1818 Τριάδι
3036 1745 3439 1817 γνωριζόμενός
3463 1762 3524 1798 τε
3557 1745 3660 1798 καὶ
3686 1745 3781 1798 λα-

488 1834 702 1900 adorat,
752 1837 1036 1894 Christum
1083 1839 1341 1904 insimul,
1378 1854 1409 1893 a
1445 1853 1557 1909 quo
1600 1837 1692 1893 ille
1721 1838 1926 1893 missus
1970 1846 2073 1904 est,

2184 1842 2530 1912 τρευόμενος.
2562 1859 2584 1893 ι
3062 1881 3064 1883 ›

487 1927 726 1982 adorat:
787 1938 841 1985 et
879 1931 976 2001 qui
1014 1945 1198 1986 coram
1254 1932 1459 1989 Christi
1519 1941 1691 1987 matre
1748 1931 2168 1988 venerabundus
2209 1934 2465 2003 procidit,
2520 1934 2722 1990 nemini
2771 1931 2997 1988 dubium
3047 1938 3156 1994 est,
3193 1929 3324 2002 quin
3355 1939 3410 1986 et
3454 1929 3508 1985 id
3547 1928 3781 1985 honoris

488 2015 683 2072 olTerat
716 2016 878 2074 Filio.
913 2020 1109 2078 Nullus
1144 2024 1348 2094 quippe
1368 2022 1511 2078 Deus
1537 2031 1624 2078 est
1679 2029 1878 2094 praeter
1955 2037 2146 2090 unum,
2188 2024 2282 2094 qui
2323 2023 2379 2078 in
2409 2023 2682 2080 Trinitate
2710 2024 3064 2094 cognoscitur
3092 2031 3150 2078 et
3179 2023 3398 2078 colitur.
3435 2040 3456 2074 ι

561 2127 857 2188 Comment.
879 2131 1080 2188 Annon
1115 2135 1257 2190 beati
1292 2134 1581 2206 Epiphanii
1611 2135 1884 2190 dictorum
1911 2133 2076 2205 327

493 2220 668 2276 ﬁdelis
707 2223 983 2294 interpres
1024 2225 1189 2281 fuerit
1225 2227 1514 2293 Leontius,
1554 2227 1648 2297 qui
1705 2243 1804 2282 sua
1853 2241 2078 2297 quoque

491 2314 742 2369 doctrina
797 2316 1038 2388 Cyprum
1069 2319 1309 2374 insulam
1343 2321 1668 2374 exornavit?
1696 2321 1780 2374 An
1815 2321 1943 2376 illos
1977 2334 2078 2391 po-

494 2405 606 2460 tius
629 2408 1086 2475 auscultabimus,
1110 2412 1203 2482 qui
1230 2412 1415 2467 cordis
1437 2413 1522 2468 sui
1554 2427 1714 2467 sensa
1735 2411 2080 2482 loquuntur?

494 2498 602 2553 Sed
643 2501 834 2557 audias
875 2502 1059 2568 velim,
1097 2504 1229 2576 quid
1269 2506 1432 2561 etiam
1472 2505 1808 2561 Severianus
1833 2504 2075 2560 Gabalo-

492 2605 615 2644 rum
649 2593 944 2662 episcopus
974 2596 1250 2653 docuerit.

494 2678 764 2736 Seueriani
817 2684 1163 2754 Gabalorum,
1200 2702 1264 2741 ex
1299 2703 1539 2771 sermone
1586 2689 1642 2742 in
1690 2688 2078 2742 dedicationem

1180 2775 1375 2813 crucu.

567 2861 588 2895 ι
627 2843 880 2911 Quonam
919 2857 1078 2919 pacto
1136 2851 1318 2922 imago
1376 2851 1650 2907 maledicti
1707 2850 2077 2922 progenitori-

491 2934 596 2991 bus
646 2941 854 2995 nostris
896 2942 1064 2997 vitatn
1112 2945 1468 2999 conciliavit?
1502 2965 1522 2998 ι
1580 2945 1647 2998 Et
1679 2947 1864 3013 paucis
1903 2947 2075 3000 int-cr—

485 3031 645 3098 jectis
676 3048 696 3086 :
727 3033 1014 3098 Quomodo
1049 3035 1216 3103 igitur
1242 3036 1424 3105 imago
1450 3037 1724 3092 maledicti
1763 3035 2076 3106 populo-la-

493 3123 712 3177 boranti
755 3125 918 3179 saluti
951 3125 1084 3180 fuit?
1112 3127 1306 3182 Nonne
1325 3128 1680 3183 verisimilius
1708 3128 1940 3184 dixisset
1966 3147 1979 3183 :
2016 3127 2074 3184 Si

489 3212 618 3280 quis
643 3223 887 3268 vestrum
923 3231 1148 3274 morsus
1185 3217 1372 3282 fuerit,
1412 3218 1616 3272 coitum
1663 3218 1949 3288 suspiciat,
1980 3227 2075 3274 aut

491 3307 908 3360 tabernaculum
948 3308 1066 3372 Dei,
1104 3319 1160 3365 et
1201 3310 1438 3366 salutem
1486 3310 1842 3380 adipiscetur.
1871 3308 2070 3365 Verum

2253 2136 2532 2204 Σχόλιον.
2553 2131 2723 2201 Οὗτος
2758 2137 2946 2200 πιστὸς
2963 2135 3236 2207 ἐξηγητὴς
3250 2133 3360 2188 τῶν
3375 2132 3470 2186 τοῦ
3493 2133 3781 2204 μακαρίου

2195 2229 2510 2298 Ἐπιφανίου
2540 2230 2738 2297 λόγων,
2755 2231 2785 2282 6
2812 2231 2925 2292 τοῖς
2950 2226 3145 2281 ἑαυτοῦ
3172 2227 3355 2294 λόγοις
3375 2225 3478 2295 τὴν
3503 2225 3784 2295 Κυπρίων

2181 2324 2612 2394 κατακοσμήσας
2649 2323 2836 2392 νῆσον,
2872 2322 2904 2393 ἢ
2955 2322 3005 2374 oi
3054 2319 3162 2374 ἀπὸ
3198 2318 3428 2389 καρδίας
3455 2317 3780 2382 λαλοῦντες

2183 2413 2384 2465 Ἀκουε
2422 2413 2480 2465 δὲ
2524 2413 2617 2466 καὶ
2642 2410 2980 2482 Σευηριανοῦ
3009 2401 3119 2464 τῶν
3154 2409 3194 2462 Γ
3197 2407 3778 2470 αῆάλων.ὲπισκόπου,

2178 2495 2268 2555 οἷά
2294 2518 2481 2570 φησιν.

2179 2681 2547 2750 Σευηριανοῦ
2571 2680 2910 2735 ἐπισκόπου
2937 2679 3390 2750 ιἎϐἀλων,μάπὸ
3417 2681 3638 2747 λόγου,
3673 2679 3782 2734 τοῦ
3811 2673 3820 2680 ’

2460 2753 2547 2818 εἰς
2573 2754 2644 2826 tu
2668 2753 2942 2820 ἐτκαίνια
2974 2751 3080 2804 τοῦ
3107 2748 3382 2818 Σωτῆρος
3421 2758 3484 2805 ιη.

2257 2862 2276 2895 ι
2315 2843 2499 2913 Πῶςή
2532 2841 2698 2897 εἰκὼν
2742 2843 2838 2896 τοῦ
2889 2842 3325 2914 ὲπικαταρὰτου,
3378 2841 3528 2912 ζωὴν
3577 2843 3780 2912 ἤνεγκε

2176 2936 2290 3000 τοῖς
2313 2935 2607 3006 ἡμετέροις
2645 2935 2963 3007 προγόνοις;
3003 2955 3020 2988 ι
3059 2934 3168 2989 Kal
3189 2934 3317 3004 μετ’
3347 2934 3559 3002 ὀλίγα·
3600 2952 3621 2985 ‹
3655 2935 3782 2996 Πῶς

2177 3023 2268 3080 οὖν
2301 3029 2334 3098 ή
2363 3027 2528 3082 εἰκὼν
2564 3027 2659 3081 τοῦ
2700 3025 3115 3098 ὲτέικαταράτου
3149 3027 3347 3098 ἤνεγκε
3389 3025 3506 3096 λαῷ
3541 3025 3607 3078 ὲν
3637 3041 3780 3096 συμ-

2177 3121 2320 3190 φορᾷ
2355 3120 2742 3191 χειμαζομένῳ
2777 3119 3100 3191 σωτηρίαν;
3138 3115 3285 3191 τΔροι
3329 3119 3432 3172 οὐκ
3467 3113 3538 3188 ἦν
3562 3117 3784 3182 ἀξιοπι-

2178 3213 2433 3284 στότερον
2480 3214 2656 3265 εἰπεῖν
2679 3230 2692 3244 ·
2732 3211 2859 3266 Ἐάν
2908 3230 2995 3276 τις
3032 3212 3186 3283 ὑμῶν
3238 3211 3434 3282 δηχθῇ,
3473 3209 3672 3281 βλέψει
3701 3211 3779 3274 εἰς

2176 3306 2267 3358 τὸν
2295 3306 2547 3375 οὐρανὸν,
2577 3307 2690 3360 ἄνω
2726 3305 2862 3376 πρὸς
2906 3307 3000 3359 τὸν
3023 3305 3178 3369 Θεὸν,
3219 3306 3316 3359 καὶ
3350 3305 3698 3375 σωθήσεται,
3746 3305 3778 3375 ἢ

492 3394 580 3448 his
612 3395 700 3449 ille
733 3396 1100 3466 posthabitis,
1151 3401 1338 3455 erucis
1385 3408 1597 3454 tantum
1646 3402 1841 3456 statuit
1885 3401 2074 3471 imagi-

2184 3401 2262 3460 είς
2293 3399 2393 3470 τὴν
2425 3401 2634 3470 σκηνὴν
2670 3397 2765 3452 τοῦ
2820 3397 3004 3464 Θεοῦ;
3059 3399 3218 3452 Ἀλλὰ
3275 3398 3449 3452 ταῦτα
3495 3399 3776 3469 παριδὼν,

491 3500 637 3541 nem.
675 3489 789 3542 Cur
815 3505 983 3558 porro
1014 3491 1130 3546 haec
1153 3493 1324 3563 egerit
1353 3493 1588 3564 Moyses,
1624 3496 1718 3563 qui
1755 3495 1918 3562 paulo
1947 3505 2076 3550 ante

489 3581 706 3635 dixerat
735 3603 746 3636 :
783 3581 906 3636 Non
936 3583 1109 3651 facias
1143 3585 1237 3638 tibi
1277 3585 1542 3652 sculptile,
1581 3603 1742 3656 neque
1771 3586 2071 3654 conﬂatils,

489 3688 652 3744 neque
677 3675 1084 3730 similitudinem
1115 3693 1299 3730 earum
1329 3693 1528 3740 rerum,
1558 3694 1674 3746 qua:
1700 3687 1824 3730 sunt
1857 3679 1912 3731 in
1944 3679 2074 3734 caelo

489 3781 721 3828 sursum,
757 3777 852 3820 aut
881 3769 935 3820 in
971 3779 1115 3823 terra
1138 3769 1411 3836 deorsum,
1441 3778 1534 3824 aut
1574 3771 1628 3824 in
1664 3771 1838 3840 aquis,
1883 3771 2074 3827 locisve

488 3857 847 3914 subterraneis
885 3861 972 3914 ‘3?
1012 3861 1120 3916 Sed
1168 3863 1299 3932 quid
1348 3863 1414 3917 ad
1465 3863 1742 3934 ingratum
1801 3866 2071 3938 populum

489 3947 606 4004 luce
625 3951 861 4019 loquor?
887 3951 1163 4017 Edissere,
1194 3969 1403 4022 quaeso,
1439 3954 1756 4010 ﬁdelissime
1783 3953 1876 4010 Dei
1910 3957 2074 4010 mini-

487 4047 637 4106 ster;
668 4042 813 4110 quod
841 4043 964 4098 aliis
985 4051 1156 4108 vetas,
1187 4059 1288 4098 cur
1320 4045 1437 4114 ipse
1484 4044 1695 4100 facias?
1723 4044 1878 4113 Quod
1912 4062 2070 4102 ever-

486 4131 583 4196 tis,
635 4132 769 4186 illud
820 4135 1060 4190 statuis‘?
1103 4137 1196 4205 qui
1241 4137 1517 4206 prmcipis,
1566 4135 1694 4191 Non
1751 4137 1916 4204 {acies
1975 4139 2073 4192 tibi

484 4224 766 4293 sculptile;
823 4228 916 4298 qui
973 4229 1304 4284 conllatilem
1372 4230 1605 4284 vitulum
1664 4231 2066 4298 comminuisti,

487 4326 798 4383 serpentem
829 4332 895 4372 ex
933 4334 1041 4374 aere
1071 4329 1126 4374 tu
1155 4321 1272 4390 ipse
1296 4320 1568 4375 conﬁcis?
1597 4318 1742 4386 Quin
1775 4321 1927 4376 illum
1959 4309 2082 4377 non‘

487 4407 652 4471 clam,
686 4410 781 4464 sed
812 4411 990 4480 palam
1022 4413 1280 4467 omnibus
1315 4412 1777 4481 conspiciendum
1812 4414 2070 4484 praebes?

485 4496 554 4551 At
591 4498 701 4561 illa,
731 4500 931 4570 inquit,
966 4501 1243 4567 mandavi,
1288 4518 1400 4573 quo
1441 4503 1726 4557 materiam
1765 4504 2067 4575 impietatis

485 4591 870 4647 exscinderent
893 4631 908 4656 ,
941 4601 996 4648 et
1039 4595 1111 4650 ab
1152 4596 1304 4650 omni
1330 4595 1642 4651 defectione
1671 4604 1726 4651 et
1753 4596 2066 4652 idololatria

484 4683 746 4751 populum
797 4699 1110 4742 avocarent.
1146 4686 1304 4742 Nunc
1333 4696 1516 4743 autem
1551 4689 1617 4743 ad
1651 4689 1886 4745 aliorum
1921 4690 2067 4744 utili-

2187 3492 2349 3562 μόνον
2395 3491 2492 3544 τοῦ
2548 3489 2787 3562 σταυροῦ
2848 3492 2945 3562 τὴν
2997 3492 3184 3545 εἰκόνα
3234 3491 3458 3561 ἔπηξεν.
3491 3492 3658 3545 Διατί
3687 3487 3780 3545 οὖν

2182 3580 2358 3638 ταῦτα
2387 3581 2562 3635 ἐποίει
2587 3583 2858 3653 Μωῦσῆς,
2884 3585 2912 3636 6
2939 3581 3120 3637 εἰπὼν.
3139 3582 3216 3654 τῷ
3248 3583 3363 3655 λαῷ
3383 3623 3400 3650 ,
3457 3585 3546 3638 Οὐ
3600 3600 3778 3652 ποιη-

2182 3688 2315 3738 σεις
2334 3671 2527 3739 ἑαυτῷ
2565 3673 2858 3744 mmor,
2885 3674 3029 3729 οὐδὲ
3071 3675 3397 3745 χωνευτὸν,
3456 3674 3611 3728 οὐδὲ
3657 3677 3782 3732 ,πᾶν

2183 3767 2464 3835 ὁμοίωμα,
2507 3765 2624 3830 ὅσα
2661 3767 2732 3820 ἐν
2764 3765 2844 3832 τῷ
2869 3767 3102 3836 οὐρανῷ
3133 3767 3278 3835 ἄνω,
3313 3767 3415 3821 καὶ
3452 3767 3579 3823 ὅσα
3601 3769 3676 3822 ἐν
3709 3768 3780 3834 τῇ

2180 3855 2259 3926 τῇ
2286 3856 2462 3922 κάτω,
2509 3856 2608 3912 καὶ
2654 3857 2773 3912 ὅσα
2819 3857 2888 3911 ἐν
2914 3857 3040 3925 τοῖς
3071 3857 3313 3922 ὕδασιν,
3345 3858 3639 3914 ὑποκάτω
3675 3859 3782 3926 τῆς

2179 3947 2334 4018 γῆς;
2370 3948 2531 4002 Ἀλλὰ
2565 3949 2618 4003 τί
2657 3949 2832 4004 ταῦτα
2889 3949 3027 4021 πρὸς
3074 3949 3370 4020 ἀγνώμονα
3417 3950 3778 4021 φθέγγομαι;

2180 4039 2336 4104 Εἰπὲ,
2378 4034 2424 4094 ὦ
2476 4041 2767 4094 πιστότατε
2807 4039 2944 4094 Θεοῦ
2997 4039 3258 4114 θμεράπον,
3303 4041 3333 4094 ὃ
3375 4042 3782 4115 ἀπαγορεύεις,

2179 4134 2392 4198 ποιεῖς;
2447 4131 2476 4185 ὃ
2505 4132 2880 4204 ἀνατρέπεις,·
2919 4133 3392 4200 κατασκευάζεις
3453 4134 3512 4187 ὐ
3554 4135 3782 4205 λέγων,

2181 4226 2264 4280 Οὐ
2286 4225 2561 4292 ποιήσεις
2577 4226 2869 4291 mmor,
2899 4225 2991 4279 τὸν
3013 4225 3350 4296 χωνευθέντα
3373 4225 3501 4296 βοῦν
3531 4229 3784 4283 κατελὲο

2179 4333 2301 4380 σας,
2329 4319 2392 4372 σὺ
2417 4317 2540 4386 ὅφιν
2564 4317 2924 4390 χαλκουργείς
2947 4335 2962 4384 ;
3001 4317 3112 4372 Kal
3138 4318 3300 4372 τοῦτο
3329 4320 3388 4372 οῦ
3409 4318 3619 4390 λάθρα,
3639 4323 3784 4376 ἀλὶὰ

2174 4411 2476 4482 ἀναφανδὸν
2503 4412 2600 4464 καὶ
2638 4413 2773 4466 πᾶσι
2821 4410 3102 4480 γνωστόν;
3142 4412 3286 4464 Ἀλλ’
3323 4413 3535 4478 ἐκεῖνα,
3580 4417 3780 4484 φησιν,

2175 4504 2569 4575 ἐνομοθέτησα,
2626 4503 2716 4558 ἵνα
2759 4503 2982 4574 ἐκκόψω
3033 4502 3133 4567 τὰς
3175 4503 3308 4568 ὕλας
3345 4503 3444 4575 τῆς
3477 4505 3779 4571 ἀσεϐείας,

2177 4597 2272 4651 καὶ
2307 4597 2398 4651 τὸν
2420 4597 2550 4650 λαὸν
2595 4597 2874 4666 ἁπαγάγω
2909 4597 3091 4669 πάσης
3133 4598 3234 4669 τῆς
3284 4599 3633 4662 ἀποστασίας
3685 4603 3783 4656 καὶ

2175 4687 2624 4761 εἰδωλολατρείας
2648 4705 2662 4718 ⁸
2696 4689 2813 4743 νυνὶ
2839 4688 2916 4754 δὲ,
2952 4689 3176 4760 χωνεύω
3196 4689 3289 4744 τὸν
3316 4691 3440 4760 ὅφιν
3472 4693 3783 4762 χρησίμως

483 4780 649 4828 tatem
676 4785 985 4848 serpentem
1013 4777 1217 4845 conﬂo,
1257 4780 1322 4834 ad
1351 4781 1788 4851 praesignandam
1818 4782 2065 4837 videlicet

2184 4783 2251 4844 εἰς
2281 4779 2637 4852 προτύπωσιν
2660 4779 2761 4851 τῆς
2793 4779 3077 4851 ἀληθείας.
3126 4782 3238 4835 Καὶ
3269 4781 3528 4851 καθάπερ
3562 4784 3781 4854 σκηνὴν

482 4867 790 4922 veritatem.
831 4863 895 4923 Et
934 4870 1397 4940 quemadmodum
1451 4874 1867 4928 tabernaculum
1915 4889 2070 4928 com-

2184 4871 2366 4941 ἑπηξα,
2394 4871 2491 4926 καὶ
2520 4871 2588 4926 τὰ
2621 4873 2680 4926 ὲν
2713 4872 2854 4944 αὐτῇ
2887 4873 3084 4937 πάντα,
3106 4873 3204 4926 καὶ
3234 4873 3777 4944 Χερουϐὶμ,όμοίω-

481 4958 624 5028 pcgi,
662 4968 718 5014 ct
765 4976 830 5015 ea
865 4977 986 5031 qua:
1035 4961 1088 5015 in
1139 4963 1258 5033 ipso
1303 4972 1468 5030 sunt;
1501 4964 1797 5020 Cherubim
1847 4979 2068 5037 quoque

2184 4984 2246 5019 ια
2277 4966 2388 5020 τῶν
2421 4965 2674 5039 ἀοράτων
2696 5007 2712 5032 ,
2749 4967 3049 5020 διεπέτασα
3095 4968 3178 5030 είς
3205 4965 3274 5020 τὰ
3303 4967 3456 5035 ἅγια,
3485 4965 3574 5031 ὡς
3600 4968 3778 5022 τύπον

485 5049 842 5105 invisibilium
895 5067 1080 5107 rerum
1139 5054 1554 5114 similitudinem
1599 5055 1891 5112 referentia
1923 5100 1936 5123 ,
2005 5070 2066 5115 ut

2184 5057 2269 5111 καὶ
2302 5058 2461 5112 σκιὰν
2499 5057 2611 5113 τῶν
2646 5059 2971 5130 μελλόντων,
3003 5059 3149 5114 οὕτω
3193 5060 3290 5113 καὶ
3323 5059 3447 5129 ὄφιν
3474 5059 3780 5130 ὲστήλωσα

481 5150 674 5197 sancta
713 5143 1124 5212 adumbrarent,
1160 5145 1418 5218 expandi,
1457 5149 1509 5204 in
1544 5149 1761 5220 signum
1805 5150 2066 5222 ﬁguram-

2184 5155 2256 5216 είς
2304 5154 2583 5225 σωτηρίαν
2637 5152 2714 5224 τῷ
2757 5152 2893 5224 λαῷ,
2940 5153 3028 5207 ἵνα
3075 5152 3164 5207 διὰ
3196 5154 3299 5224 τῆς
3325 5153 3524 5224 πείρας
3557 5156 3776 5210 τούτων

549 5320 601 5354 ’¹¹⁵
629 5321 829 5381 Jercm.
863 5343 922 5393 ιι,
953 5326 1045 5382 27.
1125 5329 1168 5360 ’θ
1204 5327 1378 5383 Exod.
1431 5346 1522 5394 xx,
1576 5333 1626 5385 ι.

1793 5513 2026 5568 γΑιιιίΕ
2069 5511 2470 5570 LECTIONES.

566 5680 706 5773 "'_ai;
742 5687 1089 5773 τὲεμεχκαίνια
1123 5694 1216 5746 τοῦ
1251 5681 1522 5773 Σωτῆρος,
1553 5697 1696 5763 quod
1722 5697 1816 5773 alii
1857 5698 1906 5750 in
1949 5698 2331 5773 (fatigationem
2362 5693 2618 5773 ΔΙίυυίεεξίιὲ
2646 5696 2966 5773 Saluatoris,
2993 5696 3340 5773 interpretati
3363 5705 3524 5773 sntit.
3557 5703 3628 5756 At
3673 5715 3773 5773 pm

481 5764 753 5837 σωτῆρος,
790 5759 975 5842 Billius
1025 5779 1090 5820 cx
1125 5771 1262 5819 orat.
1292 5765 1326 5818 ΕΞ
1352 5759 1424 5820 ρι’
1447 5765 1479 5819 ὅ
1521 5759 1774 5838 σέαυροῦ,
1817 5770 2006 5824 cruris.
2041 5768 2664 5844 Malimnmzichsarium
2699 5770 2898 5842 potius,
2930 5759 3560 5850 qttatiLd'crl_i¢'_q_t_iongr_2_s.

3043 5844 3166 5850 __——.
3181 5843 3196 5847 —
3213 5841 3252 5848 -ο
3261 5840 3358 5847 _——-—
