3904 6358
151 425 175 481 Ἰ
193 431 296 488 277

1267 423 1368 483 DE
1410 417 1873 485 IMAGINIBUS
1903 421 2186 487 ORATIO
2211 425 2260 488 Ι.

3296 426 3429 490 1278

153 535 628 611 προγυμνασθῶσι
650 529 744 587 τοῦ
777 531 1005 604 σημείου
1039 533 1133 588 τοῦ
1157 532 1392 605 σταυροῦ
1415 533 1515 604 τὴν
1543 531 1736 598 εἰκόνα,

1859 549 1968 604 que
1994 534 2310 591 futurorum
2339 538 2457 595 :sic
2479 545 2533 594 et
2560 543 2868 610 serpentem
2897 535 2965 594 ad
2992 537 3174 610 populi
3195 540 3427 596 salutem

150 632 250 686 καὶ
265 631 356 684 τὸν
380 631 440 682 ὲν
457 627 605 696 αὐτῷ
623 626 850 696 Σωτῆρα
874 625 970 679 καὶ
993 627 1314 696 Λυτρωτήν.
1346 624 1456 678 Καὶ
1478 624 1561 676 ὅτι
1581 622 1750 693 ἀψευ-

147 724 414 784 δέστατος
442 721 471 772 6
491 718 672 786 λόγος.
700 715 982 788 άγαπητὲ,
1009 717 1174 772 ἄκουε
1196 715 1292 770 τοῦ
1323 714 1535 786 Κυρίου
1558 713 1748 767 τοῦτον

148 810 527 884 βεϐαιοῦντος,
561 809 656 861 καὶ
690 807 946 876 λέγοντος
969 823 983 839 ·
1017 807 1225 873 Καθὼς
1251 804 1510 873 Μωῡσῆς
1536 803 1748 874 ὕψωσε

144 905 259 959 τόν
285 905 426 974 ὄφιν
474 904 544 956 ὲν
593 899 670 969 τῇ
705 899 924 970 ἐρήμῳ,
961 901 1117 954 οὕτω
1155 901 1252 954 δεῖ
1292 900 1609 968 ὑψωθῆναι
1642 904 1749 950 τόν

155 997 300 1050 Υἱῶν
333 995 439 1050 τοῦ
479 993 819 1062 ἀνθρώπου,
847 993 948 1046 ἵνα
991 991 1111 1058 πᾶς
1144 995 1176 1046 ό
1211 991 1518 1046 πιστεύων
1543 989 1612 1044 ἐν
1637 989 1748 1042 αὐ-

142 1087 227 1153 τῷ
269 1087 358 1158 μὴ
384 1087 706 1153 ἀπόληται,
737 1085 873 1140 ἀλλ’
901 1084 1018 1153 ἔχῃ
1063 1082 1218 1152 ζωὴν
1253 1082 1514 1137 αἰώνιον.
1545 1100 1567 1135 ι

1851 628 2024 690 erexi,
2051 635 2111 681 ut
2139 628 2416 698 ejusmodi
2463 631 2749 701 signorum
2801 631 3140 700 experientia
3185 633 3428 702 aptiores

1851 715 2047 772 tierent
2081 716 2150 771 ad
2183 719 2370 776 erucis
2409 719 2726 792 imaginem,
2765 722 3199 793 cruciﬁxumque
3233 723 3428 780 Salva-

1851 816 2025 863 torem
2049 816 2104 863 et
2145 809 2570 882 Redemptorem
2611 813 3015 883 excipiendum.
3051 813 3208 882 Quod
3245 826 3426 874 autem

1851 907 1912 953 ut
1934 899 2291 956 verissimum
2328 917 2450 958 esse
2484 904 2756 974 percipias
2779 943 2794 969 ,
2843 906 3224 971 dilectissime,
3270 911 3430 965 Chri-

1849 997 1995 1044 stum
2028 989 2082 1043 id
2114 998 2476 1058 asserentem,
2497 1001 2662 1062 atque
2688 995 2742 1048 in
2775 987 2890 1050 haec
2920 998 3082 1052 verba
3111 999 3426 1068 loquentem

1851 1079 1976 1136 audi
2009 1099 2024 1136 :
2057 1079 2128 1134 Et
2158 1083 2298 1137 sicut
2327 1081 2540 1154 Moyses
2580 1085 2835 1140 exultavit
2865 1099 3154 1156 serpentem
3171 1091 3225 1145 in
3249 1093 3426 1146 descr-

146 1191 223 1247 ιο,
257 1183 344 1235 ita
367 1180 603 1236 exaltari
646 1188 848 1250 oportet
897 1178 1102 1232 Filium
1152 1179 1384 1234 hominis
1423 1195 1441 1232 :
1483 1188 1540 1231 ut
1589 1175 1761 1232 onmis
1799 1175 1891 1244 qui
1932 1177 2096 1232 credit
2143 1179 2198 1232 in
2240 1195 2382 1245 eum,
2457 1196 2562 1234 non
2626 1189 2840 1250 pereat,
2884 1182 2976 1237 sed
3025 1183 3214 1240 habeat
3267 1187 3428 1240 vitam

139 1285 404 1329 wlernam
435 1272 501 1325 ¹⁷.
546 1290 563 1322 ι

217 1367 500 1436 Σχόλιον.
525 1362 711 1431 Σύνες,
727 1364 803 1428 ὡς
827 1363 916 1418 διὰ
947 1366 1010 1416 τὸ
1037 1364 1350 1432 ἀπαγαγεῖν
1371 1361 1476 1432 ἔφη
1497 1361 1588 1414 τὸν
1614 1355 1743 1418 λαὸν

1916 1355 2216 1414 Comment.
2249 1358 2503 1416 Advertis
2527 1361 2663 1432 quid
2693 1362 2914 1425 dixerit,
2945 1377 3016 1419 ne
3045 1361 3198 1417 ﬁeret
3217 1362 3328 1417 ulla
3355 1364 3431 1418 si-

138 1457 248 1526 τῆς
275 1454 746 1524 εἰδωλολατρείας,
779 1453 1058 1508 εὐόλισθον
1086 1454 1180 1508 καὶ
1207 1453 1426 1523 ἕτοιμον
1445 1451 1578 1504 ὄντα
1608 1449 1736 1522 πρὸς

1843 1447 2097 1502 militudo
2138 1449 2349 1504 idcirco
2381 1459 2720 1522 praeceptum
2755 1451 2950 1519 fuisse,
2981 1453 3060 1507 uti
3095 1453 3330 1523 populus
3359 1453 3430 1507 ab

138 1545 333 1608 τοῦτο,
372 1543 447 1614 μὴ
482 1545 656 1596 ποιεῖν
688 1543 796 1596 πᾶν
815 1541 1066 1613 ὁμοίωμα
1096 1541 1454 1613 ἐνομοθέτησε
1492 1558 1506 1571 ’
1542 1539 1637 1593 καὶ
1660 1539 1736 1592 ὅτι

1843 1537 2117 1594 idolorum
2147 1539 2324 1606 cultu,
2362 1541 2418 1596 in
2447 1557 2612 1612 quem
2647 1543 3118 1612 propensissimus
3143 1553 3280 1610 erat,
3300 1558 3430 1598 avo-

140 1633 318 1688 εἰκὼν
346 1629 415 1703 ἦν
439 1632 534 1686 τοῦ
562 1632 768 1697 πάθους
797 1632 888 1686 τοῦ
929 1632 1138 1704 Κυρίου
1165 1632 1194 1683 6
1224 1631 1462 1702 ὑψωθεὶς
1492 1629 1635 1699 ὄψις.

1843 1638 2090 1698 caretur,
2124 1632 2543 1704 exaltatumque
2593 1643 2939 1704 serpentem,
2978 1635 3276 1692 Dominicai
3305 1651 3430 1706 pas-

1775 1756 1819 1810 B
1847 1719 2022 1774 sionis
2061 1719 2360 1792 imaginem
2393 1721 2722 1780 exstitisse?
2842 1725 2845 1732 '

217 1811 350 1865 Ὅτι
375 1809 454 1878 δέ,
495 1809 555 1864 οὺ
585 1809 771 1864 καινὸν
799 1808 1084 1881 ἐφεύρεμα
1106 1805 1166 1863 τὸ
1197 1808 1304 1863 τῶν
1336 1808 1581 1874 εἰκόνων,
1604 1807 1736 1862 ἀλλὰ

1919 1809 2078 1876 Quod
2115 1819 2298 1866 autem
2339 1824 2482 1867 nova
2533 1828 2643 1870 non
2686 1814 2758 1870 sit
2806 1813 3108 1886 imaginum
3161 1815 3424 1882 inventio,

142 1903 402 1972 ἀρχαῖον,
443 1900 538 1954 καὶ
591 1902 706 1964 τοῖς
767 1899 946 1968 ἁγίοις
998 1899 1094 1953 καὶ
1141 1899 1419 1971 ὲκκρίτοις
1464 1899 1736 1969 Πατράσιν

1846 1901 1939 1958 sed
1976 1903 2230 1975 antiqua,
2258 1914 2312 1960 et
2344 1907 2554 1963 sanctis
2585 1909 2912 1980 eximiisque
2938 1909 3194 1967 Patribus
3222 1921 3350 1967 nota
3373 1921 3429 1968 et

143 1995 495 2066 ἐγνωσμένον
518 2013 577 2049 τε
623 1996 719 2049 καὶ
749 1993 1078 2067 εἰθισμένον,
1109 1997 1302 2052 ἄκουε·
1341 1995 1654 2067 Γέγραπται
1683 1996 1736 2050 ἐν

1847 1993 2078 2058 usitata,
2109 1996 2398 2053 auscultes
2420 1998 2607 2054 velim.
2628 1997 2904 2072 Scriptum
2936 2009 3019 2058 est
3043 2003 3098 2057 in
3131 2001 3252 2057 Vita
3282 2003 3426 2059 beati

142 2085 238 2158 Τῷ
277 2088 382 2158 βίῳ
401 2085 688 2140 Βασιλείου
715 2087 808 2140 τοῦ
845 2087 1115 2160 μάκαρος,
1143 2086 1221 2158 τῷ
1242 2087 1310 2140 δι’
1343 2085 1614 2140 Ἑλλαδίου
1647 2085 1741 2140 τοῦ

141 2180 317 2234 αὐτοῦ
350 2177 624 2251 μαθητοῦ,
668 2179 764 2234 καὶ
807 2179 1056 2250 διαδόχου
1085 2183 1184 2251 τῆς
1214 2179 1381 2233 αὑτοῦ
1433 2179 1739 2250 ίεραρχίας,

141 2276 220 2340 ὡς
267 2278 636 2348 παρειστήκει
661 2285 692 2314 ιι
727 2277 757 2329 6
803 2276 950 2342 ὅσιος
979 2279 1045 2348 τῇ
1081 2277 1182 2347 τῆς
1221 2275 1522 2346 Δεσποίνης
1549 2275 1736 2340 εικόνι,

144 2371 203 2422 ἐν
238 2362 274 2445 ᾗ
303 2371 402 2424 καὶ
435 2371 464 2422 6
485 2370 770 2442 χαρακτὴρ
793 2369 1105 2440 ἐγέγραπτο
1126 2369 1471 2440 Μερκουρίου
1497 2367 1591 2421 τοῦ
1621 2369 1739 2421 ἀοι-

143 2461 308 2533 δίμου
359 2463 662 2533 μάρτυρος.
699 2463 1072 2534 Παρειστήκει
1099 2461 1157 2516 δέ
1186 2461 1415 2527 ἐξαιτῶν
1448 2460 1738 2516 Ἰουλιανοῦ

143 2553 240 2608 τοῦ
284 2555 605 2609 ἀθεωτάτου
645 2555 740 2609 καὶ
769 2555 1078 2610 άποστάτου
1109 2555 1378 2626 τυράννου
1421 2555 1736 2626 ἀναίρεσιν’

144 2647 205 2711 ἐξ
227 2642 298 2720 ἧς
328 2647 534 2712 εἰκόνος
563 2648 781 2720 ἐμυήθη
804 2645 1010 2720 ταύτην
1042 2647 1141 2719 τὴν
1161 2648 1526 2718 ἀποκάλυψιν.
1559 2647 1740 2718 Ἐώρα

143 2740 274 2809 γὰρ,
323 2739 464 2809 πρὸς
507 2737 608 2809 μὲν
652 2739 836 2814 βραχὺ⁵
866 2740 1048 2812 ἀφανῆ
1095 2740 1187 2794 τὸν
1218 2740 1493 2812 μάρτυρα,
1527 2741 1644 2811 μετ’
1676 2741 1738 2794 οὐ

145 2829 280 2883 πολὺ
309 2829 390 2896 δὲ,
421 2829 482 2883 τὸ
511 2829 638 2902 δόρυ
668 2831 992 2903 ᾑμαγμένον
1021 2832 1342 2903 κατέχοντα.

159 3005 260 3064 Ἐκ
294 3008 407 3064 τοῦ
448 3009 596 3082 ,ϐίου
639 3011 760 3082 τοῦ,
808 3010 1082 3082 Ἰωάννου
1120 3012 1244 3082 τοῦ
1276 3013 1735 3082 Χρυσοστόμου,

467 3079 658 3146 οὕτως
695 3081 1012 3146 αὐτολεξεὶ
1063 3079 1410 3152 γέγραπται.

221 3189 241 3223 ι
264 3169 488 3240 Ἠγάπα
537 3171 592 3225 δὲ
621 3173 650 3226 6
675 3172 948 3244 μακάριος
974 3173 1050 3244 (9)
1075 3172 1327 3244 Ἰωάννης
1356 3173 1457 3239 τὰς
1487 3175 1734 3230 Ἐπιστο-

141 3263 241 3328 λᾶς
267 3266 366 3318 τοῦ
405 3265 722 3335 σοφωτάτου
744 3264 961 3318 Παύλου
990 3265 1152 3335 ἄγαν.
1185 3286 1203 3319 ι
1233 3267 1343 3321 Καὶ
1363 3267 1491 3338 μετ’
1523 3269 1698 3338 ὀλίγα
1717 3283 1732 3298 ⁸

149 3377 167 3408 ι
204 3352 315 3410 Ἦν
361 3356 421 3410 δὲ
465 3357 562 3412 καὶ
603 3358 665 3411 τὸ
710 3357 1016 3426 ἐκτύπωμα
1055 3357 1149 3412 τοῦ
1202 3357 1367 3413 αὐτοῦ
1406 3357 1733 3414 ’Δποστόλου

141 3445 280 3518 ἔχων
307 3450 367 3501 ὲν
389 3449 581 3515 εἰκόνι,
614 3447 743 3503 ἔνθα
773 3449 1076 3507 ἀνεπαύετο
1106 3448 1196 3504 διὰ
1225 3450 1325 3521 τὴν
1359 3449 1451 3504 τοῦ
1483 3450 1734 3522 σώματος

141 3539 450 3605 ἀσθένειαν,
493 3539 670 3611 βραχύ
709 3557 784 3596 τι.
839 3535 952 3594 Ἤν
997 3539 1106 3612 γὰρ
1164 3539 1583 3612 πολυάγρυπνος
1632 3544 1732 3614 τὴν

140 3631 325 3698 φύσιν.
357 3632 469 3685 Καὶ
520 3631 684 3701 ήνίκα
736 3630 989 3703 διήρχετο
1042 3631 1142 3696 τὰς
1173 3632 1498 3697 Ἐπιστολάς
1542 3634 1730 3697 αὐτοῦ,

140 3721 450 3793 ἐνητένιζεν
507 3722 688 3794 αὐτῇ,
735 3723 832 3776 καὶ
880 3722 958 3786 ὡς
1010 3723 1103 3777 ἐπὶ
1152 3721 1354 3788 ζῶντος
1387 3721 1556 3778 αὑτοῦ
1588 3723 1733 3778 οὕτω

140 3816 429 3886 προσεῖχεν
456 3813 624 3884 αὐτῷ,
665 3812 989 3884 μακαρίζων
1034 3813 1220 3875 αὐτὸν,
1265 3814 1360 3867 καὶ
1400 3814 1521 3867 ὅλον
1565 3811 1730 3868 αὑτοῦ

137 3909 227 3961 τέν
254 3907 520 3978 λογισμὸν
543 3906 686 3979 ,πρὸς
719 3907 884 3961 αὐτὸν
911 3903 1026 3978 εἶχε
1055 3906 1491 3979 φανταζόμενος,
1529 3909 1622 3960 καὶ
1644 3904 1733 3960 διὰ

135 3999 235 4068 τῆς
268 3997 504 4069 θεωρίας
527 3996 676 4068 αὐτῷ
704 3996 934 4068 ὁμιλῶν.
971 4017 995 4051 ι
1042 3997 1153 4051 Καὶ
1189 3997 1320 4067 μεθ’
1341 3997 1535 4065 ἕτερα.
1575 4015 1594 4049 ι
1642 3997 1731 4060 Ὠς

137 4090 418 4144 ἐπαύσατο
449 4090 478 4142 ὁ
501 4088 748 4160 Πρόκλος
773 4089 975 4156 λαλῶν,
1006 4090 1263 4154 ἀτενίσας
1303 4092 1370 4161 τῇ
1417 4090 1587 4143 εἰκόνι
1634 4087 1729 4143 τοῦ

150 4180 502 4246 Ἀποστόλου,
530 4180 626 4233 καὶ
680 4179 1018 4251 θεασάμενος
1064 4179 1155 4234 τὸν
1185 4179 1512 4251 χαρακτῆρα
1543 4180 1730 4250 ὅμοιον

135 4272 226 4324 τοῦ
246 4272 506 4339 ὀφθέντος
531 4271 700 4343 αὐτῷ,
728 4250 1727 4432 ﬂuidis:perductatv®n§1mdwm

136 4357 256 4415 εἷπε
287 4363 750 4417 δακτυλοδεικτῶν
793 4364 892 4432 τὴν
944 4363 1160 4417 εἰκόνα·
1216 4365 1254 4415 ὶ..
1329 4361 1581 4432 χὼρησόν
1612 4379 1725 4432 μοι,

136 4357 750 4440 εἷπεδακτυλοδεικτῶν
793 4357 902 4434 τὴν
944 4363 1160 4417 εἰκόνα·
1216 4357 1581 4434 Σῦᾔὼρησόν
1612 4379 1725 4432 μοι,

1845 2079 2034 2138 Basilii
2069 2084 2140 2140 ab
2181 2084 2433 2143 Helladio
2477 2089 2600 2160 ejus
2646 2089 2942 2160 discipulo,
2979 2102 3144 2163 atque
3189 2093 3245 2148 in
3297 2095 3428 2150 sede

1843 2174 2142 2245 episcopali
2189 2192 2522 2237 successore
2589 2183 2798 2254 scripta
2849 2202 2864 2238 :
2917 2185 3098 2242 virum
3167 2195 3423 2242 sanctum

1841 2267 2118 2336 quondam
2165 2270 2410 2328 astitisse
2448 2289 2636 2329 coram
2672 2275 2920 2332 Dominae
2938 2285 3144 2334 ηοω-αι
3165 2278 3424 2350 imagine,

1843 2356 1899 2412 in
1931 2373 2039 2428 qua
2064 2360 2229 2415 etiam
2264 2362 2522 2420 Mercurii
2549 2369 2813 2438 martyris
2856 2368 3222 2426 laudatissimi
3252 2371 3425 2442 ﬁgura

1841 2449 2060 2522 depicta
2087 2463 2226 2510 erat.
2257 2455 2485 2512 Astabat
2510 2473 2678 2530 porro
2703 2461 3048 2532 supplicans,
3080 2469 3140 2517 ut
3170 2461 3425 2520 Julianus

1843 2549 2093 2610 apostata
2145 2544 2352 2615 impius
2396 2563 2426 2606 e
2470 2549 2654 2605 medio
2699 2551 3002 2608 tolleretur.
3055 2553 3235 2624 Atque
3268 2568 3334 2608 ex
3359 2565 3426 2610 ea

1841 2631 2121 2704 imagine,
2180 2637 2312 2706 quid
2379 2649 2708 2696 eventurum
2763 2651 2950 2708 esset,
3011 2644 3228 2701 didicit.
3277 2643 3428 2701 Vidit

1840 2725 2046 2796 quippe
2097 2737 2394 2800 martyrem
2443 2732 2702 2803 exiguum
2751 2735 2819 2790 ad
2863 2744 3080 2807 tempus
3129 2737 3198 2792 ab
3247 2736 3427 2794 oculis

1841 2817 1960 2872 suis
2005 2829 2450 2888 evanescentem,
2499 2838 2566 2879 ac
2619 2841 2722 2882 nec
2765 2828 2943 2883 multo
2973 2835 3102 2899 post
3138 2836 3424 2884 cruentam

1842 2909 2056 2965 hastam
2092 2921 2394 2985 tenentem,

1840 3003 2008 3074 328
2028 3002 2111 3056 Ex
2161 3001 2282 3060 Vita
2309 3010 2486 3083 sancti
2508 3009 2738 3083 Joannis
2765 3011 3158 3083 Chrysostomi,
3189 3013 3280 3067 ubi
3315 3013 3428 3069 hinc

2269 3077 2339 3132 ad
2366 3080 2579 3133 verbum
2621 3082 2824 3151 scripta
2854 3077 2999 3138 s'unt.

1915 3184 1933 3217 ι
1985 3165 2189 3223 Beatus
2221 3167 2462 3225 Joannes
2505 3170 2790 3240 Epistolas
2833 3171 3230 3242 sapientissimi
3264 3171 3427 3228 Pauli

1836 3271 2052 3313 summo
2085 3258 2266 3314 studio
2297 3259 2532 3330 legebat.
2581 3280 2602 3314 ι
2639 3259 2707 3314 Ει
2746 3259 3019 3332 aliquanto
3047 3270 3166 3332 post
3199 3277 3218 3316 :
3252 3278 3274 3314 ι
3316 3262 3426 3317 lla-

1835 3345 2000 3403 bebat
2046 3365 2212 3421 porro
2269 3352 2521 3421 ejusdem
2581 3354 2815 3424 apostoli
2869 3351 3023 3410 Pauli
3082 3355 3134 3409 in
3187 3355 3427 3428 imagine

1835 3437 2168 3510 descriptam
2199 3441 2428 3512 elligiem
2456 3459 2523 3498 eo
2553 3444 2608 3498 in
2634 3444 2779 3510 loco,
2813 3444 2904 3500 ubi
2927 3455 3149 3517 propter
3174 3449 3427 3519 corporis

1834 3529 2270 3587 imbecillitatem
2322 3535 2590 3604 tantisper
2643 3535 2984 3604 quiescebat.
3043 3536 3181 3592 Nam
3253 3553 3425 3608 supra

1834 3637 1998 3692 quam
2049 3631 2247 3678 natura
2295 3624 2508 3695 patitur
2538 3625 2754 3696 vigilias
2799 3626 3160 3696 producebat.
3195 3628 3252 3682 in
3284 3629 3426 3686 hanc

1834 3713 1925 3768 ille
1955 3715 2275 3786 imaginem,
2315 3733 2439 3772 cum
2489 3715 2770 3787 Epistolas
2793 3717 2950 3773 Pauli
2983 3719 3208 3791 legeret,
3233 3720 3425 3778 oculos

1833 3802 2148 3874 intendens,
2185 3806 2261 3862 ita
2289 3808 2583 3881 (leﬁgebat,
2615 3819 2674 3864 ut
2698 3810 2919 3866 beatum
2949 3827 3074 3866 eum
3092 3813 3420 3883 praedicans,

1833 3895 2560 3974 sibique___repra:sentans,
2618 3900 3019 3970 cogitationem
3073 3915 3291 3958 omnem
3353 3903 3421 3957 ad

1833 3973 2019 4058 ipsum
2057 3973 2344 4062 dirigeret,
2375 4007 2438 4047 ac
2464 4007 2562 4063 per
2598 3982 3120 4062 cOntemplationem
3147 4009 3274 4049 eum
3304 3995 3421 4065 ipso

1831 4093 2279 4139 conversarelur.
2323 4103 2343 4137 ι
2389 4084 2679 4143 Nonnullis
2721 4088 3050 4159 interjectis:
3086 4109 3105 4141 ι
3152 4090 3288 4144 Cum
3319 4107 3421 4146 au-

1833 4181 1938 4227 tem
1967 4173 2201 4232 Proclus
2227 4176 2486 4248 loquendi
2517 4181 2680 4234 tinem
2708 4179 2956 4248 fecisset,
2983 4183 3162 4238 oculis
3186 4183 3242 4236 in
3264 4181 3418 4238 Pauli

1830 4263 2128 4334 imaginem
2161 4267 2396 4334 deﬁxis,
2441 4269 2814 4341 similemque,
2865 4271 3016 4326 illius
3055 4287 3218 4342 quem
3263 4273 3418 4328 vide-

1829 4363 1933 4421 rat,
1968 4347 2202 4428 ﬁgurtim
2243 4359 2622 4429 conspicatus,
2671 4359 3166 4444 gbibitadoanni
3191 4361 3416 4438 saluta-

138 4451 336 4524 Πάτερ,
365 4454 424 4507 ὃν
451 4448 594 4507 εἶδον
623 4452 889 4508 λαλοῦντά
915 4472 1021 4520 σοι,
1052 4454 1238 4526 ὅμοιός
1275 4455 1391 4508 ἐστι
1421 4452 1596 4525 τούτῳ
1615 4470 1627 4484 ’
1654 4453 1727 4518 ὠς

1843 4448 2004 4528 tione,
2061 4449 2361 4522 imaginem
2410 4452 2582 4522 digito
2629 4439 2982 4518 monstrans,
3024 4453 3146 4510 ait:
3185 4454 3416 4524 Ignosce

134 4541 187 4593 δὲ
218 4543 620 4618 ὑπολαμϐάνω,
651 4548 746 4599 καὶ
776 4547 941 4610 αὑτός
967 4548 1138 4601 ἐστιν.
1172 4566 1191 4599 ι

213 4804 298 4857 Ἐν
327 4809 403 4878 τῷ
429 4809 533 4878 τῆς
573 4809 726 4874 ὁσίας
758 4809 1074 4881 Εὐπραξὶας
1108 4809 1226 4881 βίῳ,
1271 4809 1362 4864 τὸν
1398 4811 1726 4865 Δεσποτικὺν

1829 4527 2004 4605 iﬁiiﬁ',
2043 4541 2245 4610 Pater;
2301 4543 2392 4597 ille
2445 4560 2611 4614 quem
2668 4553 2852 4600 tecum
2903 4546 3216 4616 loquentem
3267 4545 3413 4612 vidi,

1828 4629 1958 4684 huic
2012 4646 2240 4700 prorsus
2308 4635 2504 4691 similis
2562 4644 2672 4703 est,
2737 4647 2924 4708 atque,
2997 4644 3058 4692 ut
3125 4652 3271 4703 reor,
3324 4635 3416 4693 ille

1829 4723 1948 4778 inse
1976 4733 2082 4778 est.
2127 4744 2145 4775 ι

1890 4737 1948 4777 se
1976 4737 2082 4778 est.
2127 4744 2145 4775 ι

1852 4737 1955 4869 pln
1985 4813 2105 4870 Vita
2125 4825 2331 4873 sanctae
2354 4817 2645 4890 Eupraxia:
2693 4821 2964 4892 scriptum
2993 4829 3098 4887 est,
3127 4822 3272 4876 illam
3296 4833 3415 4892 qua!

134 4889 395 4968 δεδείχθαι
426 4901 571 4972 αὐτῇ
616 4903 948 4974 χαρακτῆρα
987 4896 1430 4975 ἀναγέγραπται,
1477 4904 1582 4958 ὑπὸ
1621 4903 1727 4974 τῆς

1843 4908 1978 4980 gregi
2012 4919 2266 4979 praeerat,
2295 4889 2510 4968 Domini
2557 4915 2736 4972 nostri
2772 4889 3064 4986 imaginem
3094 4915 3198 4986 ipsi
3224 4889 3411 4972 esten.

139 4992 546 5058 προεστηκυίας
575 4992 676 5062 τῆς
705 4995 964 5065 ποίμνης.

208 5118 246 5147 ¹⁷
273 5118 433 5177 Joan.
484 5140 569 5190 ιιι,
612 5126 696 5179 14.

1824 4999 1998 5057 disse.

1422 5198 1655 5258 VARLE
1693 5201 2100 5263 LECTIONES.

207 5359 234 5386 ιι
263 5351 336 5409 ὡς
371 5355 761 5440 παρειστήκει..
785 5353 978 5440 Simile
1000 5356 1180 5440 visum
1208 5355 1411 5440 iegltur
1443 5356 1496 5410 in
1529 5355 1652 5440 Vita
1681 5360 1928 5440 ejusdem
1951 5362 2174 5440 Basilii,
2213 5379 2336 5440 quae
2363 5365 2737 5440 Amphilochii
2774 5383 2981 5440 nomen,
3008 5371 3234 5440 pragfcrt
3265 5391 3278 5427 :
3317 5373 3409 5433 ubi

137 5423 316 5474 tamen
356 5423 502 5478 nulla
539 5423 796 5496 imaginis
824 5427 964 5481 facta
1010 5427 1234 5481 mentio.
1270 5423 1359 5482 ‘Dc
1400 5426 1502 5482 hac
1528 5423 1760 5484 historia
1793 5431 2000 5489 videsis
2037 5423 2288 5491 Bollandi
2317 5423 2738 5497 continuatores
2763 5423 2835 5495 ad
2871 5423 3328 5512 ιιιιῖὴῗρῗἑιιῖζ

1638 5546 1869 5604 NOTAE.

177 5623 546 5702 ,(θχἨγάπα
575 5632 642 5686 δὲ
671 5636 704 5687 ό
725 5634 1036 5702 μακάριος.
1087 5634 1213 5689 llaec
1261 5642 1487 5688 narrant
1536 5638 1709 5692 Geor-

141 5697 258 5780 gi“?
273 5697 564 5778 Aleiandr.
587 5712 644 5758 et
666 5697 1209 5780 Anonyiiiusnescio
1237 5709 1361 5775 quis
1388 5706 1508 5758 vitae
1534 5709 1704 5780 Chry-

142 5772 362 5837 sustomi
390 5780 600 5837 auctor,
625 5781 666 5828 t.
700 5773 810 5828 Vlll
834 5772 977 5833 'edit.
1013 5776 1204 5830 Savill.

208 5835 315 5902 (10)
363 5835 594 5896 Bratde
629 5845 974 5913 μετάνοιαν.
1041 5845 1294 5906 Reddidit
1354 5852 1637 5909 Tilmanus
1677 5869 1687 5903 :

1815 5641 2135 5720 anilcntia
2190 5649 2399 5720 ductus.
2433 5646 2695 5720 iZinus:
2760 5651 3079 5705 desiderium
3139 5653 3398 5720 inficiens-

1815 5715 2383 5795 Neuterg‘loeutionetn
2418 5719 2627 5773 Grazcis
2664 5721 2987 5776 familiarem
3019 5715 3258 5795 agnovit,
3302 5743 3409 5795 qua

1814 5785 1950 5860 nihil
1985 5786 2134 5840 aliud
2165 5788 2527 5857 signiﬁcatur,
2564 5807 2728 5860 quam
2767 5785 3109 5860 miramini}:
3144 5785 3408 5859 exhibere,

1821 5855 2074 5931 inclinato
2109 5855 2322 5932 corpore
2358 5855 2614 5917 salutare.
