3904 6358
496 364 634 429 1279

491 568 781 636 imaginem
833 565 1080 620 Dominae
1125 575 1328 621 nostra:
1379 568 1747 636 supplicasse,
1783 575 1838 623 et
1866 567 2071 639 elllagi-

489 672 657 722 tasse,
690 667 750 712 ut
779 673 881 729 pro
910 658 1031 728 ipsa
1080 658 1396 728 sponderet,
1441 668 1607 730 atque
1653 661 1758 715 hoc
1807 666 1972 730 pacto
2012 667 2073 714 ut

487 748 750 818 templum
787 733 1198 819 ingrederetur,
1226 749 1561 806 obtinuisse.

488 861 573 916 Ea:
619 861 788 916 Prata
833 861 978 932 (cap.
1011 860 1195 930 45).S.
1243 861 1309 915 Ρ.
1350 860 1424 917 Ν.
1479 861 1766 928 Sophronii
1821 863 2074 920 Hieroso-

889 932 1153 1002 lymorum
1184 933 1565 1002 archiepiscopi
1602 934 1668 988 ⁸⁸.

564 1039 584 1072 ι
622 1019 897 1076 Narrabat
922 1019 1247 1076 Theodorus
1289 1019 1550 1086 Eliotcs,
1582 1021 1638 1076 in
1674 1028 1862 1078 monte
1889 1020 2072 1078 Oliva-

489 1128 610 1168 rum
657 1110 950 1182 quemdam
1002 1111 1275 1167 inclusum
1328 1114 1638 1180 mansisse,
1673 1113 1748 1187 _in
1799 1113 2071 1187 spirituali

469 1205 684 1280 __mi|itia
716 1204 1077 1278 esercitatum
1124 1219 1332 1269 senem,
1366 1219 1529 1273 quem
1573 1187 1819 1259 libibinis
1859 1187 2073 1260 damon

490 1297 811 1366 impetebat.
846 1296 897 1350 Is
937 1309 1064 1348 cum
1122 1294 1212 1348 die
1244 1294 1480 1364 quadam
1513 1294 1894 1351 vehementius
1921 1295 2073 1350 illum

493 1399 735 1461 urgeret,
759 1389 1124 1459 conqueritur
1151 1405 1342 1454 senex,
1373 1396 1539 1459 atque
1574 1389 1721 1445 hunc
1757 1388 1815 1442 in
1853 1389 2072 1444 modum

493 1483 796 1537 daemonem
854 1482 1197 1549 alloquitur:
1247 1480 1550 1551 Quousque
1585 1480 1805 1536 tandem
1856 1495 1944 1535 me
1974 1493 2073 1535 ve-

489 1590 624 1630 xare
673 1589 784 1629 non
804 1574 1072 1630 desines?
1101 1573 1332 1630 Discede
1375 1574 1488 1644 jam
1535 1589 1567 1628 a
1624 1588 1710 1629 me
1761 1589 1777 1627 :
1817 1571 1887 1627 ad
1933 1573 2076 1626 hanc

494 1674 707 1722 aetatem
733 1667 1074 1724 consenuisti
1109 1682 1350 1722 mecum.
1395 1666 1497 1722 Cui
1538 1666 1752 1721 damon
1785 1680 1910 1721 sese
1940 1678 2074 1720 con-

493 1759 747 1829 spicuum
777 1758 1029 1828 praebens
1064 1777 1078 1813 :
1111 1757 1271 1822 Jura,
1296 1757 1500 1828 inquit,
1539 1757 1672 1812 mihi
1704 1765 1758 1812 te
1784 1755 1992 1812 nemini
2019 1755 2074 1811 id

1682 367 1741 426 S.
1783 365 2024 427 JOANN
2033 363 2105 423 IS
2153 362 2560 426 DAMASCEN
2564 365 2590 424 Ι

562 480 618 532 ln
645 475 766 530 Vita
787 483 992 530 sancta:
1021 473 1209 529 Mariae
1228 473 1569 546 Egyptiacaa
1596 475 1816 549 legitur.
1847 491 1968 532 eam
1998 474 2065 530 ad
2096 477 2144 536 Α

2615 263 2638 343 ἢ
2675 237 2870 325 {strinxi
2933 248 3146 322 ἱμειξιιλῐιῑ
3178 231 3294 295 Ὺῧλ
3333 229 3404 288 ﬁt“
3437 227 3534 295 ei“.
3569 221 3774 300 ᾗχί-,μέ
3833 245 3864 274 οι

2253 479 2344 532 Ἐν
2372 479 2450 549 τῷ
2480 479 2581 549 τῆς
2609 476 2768 540 ὁσίας
2803 475 3026 547 Μαρίας
3053 473 3154 545 βίῳ
3191 471 3289 543 τῆς
3329 471 3658 539 Αἰγυπτίας
3709 472 3812 538 γέο

2176 587 2448 643 γραπται,
2481 573 2548 640 τῇ
2578 569 2748 623 εἰκόνι
2798 568 2896 638 τῆς
2923 564 3225 635 Δεσποίνης
3271 563 3442 634 αὐτὴν
3479 563 3808 628 εὔξασθαι,

2175 666 2272 720 καὶ
2293 665 2501 735 ταύτην
2541 663 2680 738 πρὸς
2709 661 2917 732 ἐγγύην
2944 657 3358 738 ὲξαιτῄσασθαι,
3387 656 3483 711 καὶ
3510 654 3680 709 οὕτω
3701 672 3808 708 τυ-

2174 757 2291 827 χεῖν
2309 731 2415 827 τῆς
2446 727 2528 820 εἰς
2557 727 2650 809 τῦν
2679 727 3066 808 ναῦν-εἰσόδου.
3243 733 3304 818 ῙᾹ.
3326 741 3454 832 Ηυξ]
3479 800 3500 805 _
3539 747 3720 834 λικνῖθέ
3819 767 3867 836 ’.ε

2187 868 2283 921 Ἐκ
2303 867 2412 922 τοῦ
2441 857 2924 937 Λειμωνορίουίμ
2938 862 3116 937 ΙΠσῦ
3135 861 3310 937 ἁγίου
3339 861 3573 937 Πατρός
3602 857 3806 930 ἡμῶν

2307 927 2658 1011 {empoqu
2675 927 3158 1006 dammam)
3184 927 3664 1001 ’Ἰεροσολῦμωνξ

2255 1043 2276 1079 ι
2322 1027 2553 1096 Ἔλεγεν
2601 1027 2630 1080 6
2660 1025 2838 1089 ἁὸὅᾶς
2881 1024 3163 1096 Θεόδωρος
3206 1023 3236 1075 6
3265 1022 3557 1094 Αίλιὼτης,
3588 1022 3690 1075 ὃτι
3727 1017 3802 1092 ἦν

2175 1135 2258 1182 τις
2286 1117 2599 1186 ἐγκλειστος
2630 1120 2688 1172 ὲν
2731 1118 2812 1188 τῷ
2869 1117 2988 1189 δρει
3017 1115 3418 1179 τῶν⁸¹Ελαιῶν,
3459 1115 3798 1192 ᾲγωνιστὴς

2176 1210 2320 1264 πάνυ
2338 1226 2352 1240 ·
2383 1209 2643 1282 ἐπολέμει
2671 1209 2728 1263 δὲ
2757 1208 2908 1279 αὑτῷ
2944 1209 2972 1262 6
3009 1207 3220 1276 δαίμων
3251 1206 3354 1276 τῆς
3380 1206 3677 1276 πορνείας.
3697 1206 3793 1258 Ἑν

2181 1302 2281 1372 μιᾷ
2301 1295 2415 1365 οῦν,
2444 1300 2520 1364 ὡς
2545 1301 2798 1355 ἐπέκειτο
2823 1296 2973 1368 αὑτῷ
3001 1298 3270 1369 σφοδρῶς,
3301 1296 3508 1368 ἤρξατο
3538 1300 3570 1351 6
3595 1297 3793 1368 γέρων

2177 1391 2567 1464 ἀποδύρεσθαι,
2613 1389 2708 1444 καὶ⁵
2755 1391 2904 1458 λέγει
2935 1388 3014 1460 τῷ
3039 1389 3254 1459 δαίμονι
3280 1402 3293 1416 °
3328 1388 3474 1450 Ἕως
3506 1386 3650 1440 πότε
3683 1387 3790 1439 οὐκ

2177 1481 2394 1546 ὲνδίδως
2425 1499 2514 1552 μοι
2538 1498 2554 1548 ;
2599 1481 2812 1536 ἀπόστα
2852 1479 3040 1534 λοιπὸν
3067 1478 3164 1533 ἀπ’
3190 1479 3348 1549 ἐμοῦ.
3376 1478 3788 1548 Συνεγήρασάς

2181 1592 2294 1646 μοι.
2317 1575 2575 1630 Φαίνεται
2606 1572 2756 1643 αὐτῷ
2781 1575 2810 1628 6
2833 1572 3044 1644 δαίμων
3067 1569 3528 1642 ὀφθαλμοφανῶς,
3569 1571 3782 1640 λέγων’

2181 1665 2420 1736 Ὄμοσόν
2457 1683 2549 1736 μοι
2599 1666 2683 1719 ὅτι
2723 1663 2902 1718 οὐδενὶ
2949 1663 3132 1732 λέγεις
3158 1661 3188 1716 6
3225 1661 3407 1733 μέλλω
3438 1661 3634 1730 λέγειν
3675 1678 3784 1724 σοι,

2179 1758 2275 1810 καὶ
2304 1756 2487 1810 οὐκέτι
2518 1773 2600 1810 σοι
2642 1755 2888 1826 πολεμῶ.
2935 1755 3046 1810 Καὶ
3076 1753 3290 1826 ὤμοσεν
3328 1753 3477 1825 αὐτῷ
3504 1756 3536 1808 6
3568 1753 3786 1824 γέρων,

494 1819 886 1914 revelaturum,
932 1850 1080 1922 quod
1108 1851 1209 1906 tibi
1241 1819 1497 1906 dicturus
1540 1865 1684 1906 sum.
1723 1847 1942 1904 Juravit
1989 1863 2075 1904 se-

2194 1851 2258 1902 Βτι
2281 1848 2358 1920 μὰ
2381 1848 2473 1902 τὸν
2501 1819 2816 1904 ἐνοικοῦντα
2835 1850 2894 1902 ὲν
2917 1849 3031 1912 τοῖς
3054 1819 3320 1918 ὑψίστοις.
3340 1819 3624 1900 eseam.)
3648 1819 3786 1906 τινὶ,

493 1959 621 2010 nex,
679 1958 779 2014 per
825 1958 952 1999 eum
997 1943 1092 2013 qui
1149 1942 1203 1998 in
1252 1942 1542 1998 altissimis
1573 1941 1822 1998 habitat:
1859 1940 2076 1996 Nemini

493 2049 728 2106 prorsus
753 2034 1022 2104 aperiam,
1052 2034 1254 2104 inquit,
1279 2031 1428 2104 quod
1453 2031 1590 2087 mihi
1621 2031 1851 2088 dixeris.
1878 2029 2074 2085 Statim

497 2126 712 2181 daemon
741 2144 755 2179 :
782 2123 862 2180 Ne
909 2125 1056 2179 ultra
1107 2123 1402 2194 imaginem
1437 2122 1585 2177 banc
1620 2122 1853 2186 adores,
1885 2137 1984 2177 nec
2024 2130 2078 2177 te

493 2216 608 2287 jam
665 2217 720 2270 in
770 2224 1051 2286 posterum
1110 2213 1463 2284 impugnabo.
1513 2213 1702 2284 imago
1750 2220 1931 2268 autem
1983 2211 2078 2267 illa

499 2308 743 2363 Domina:
774 2315 982 2362 nostrae
1008 2313 1213 2362 sancta;
1246 2305 1432 2360 Maria:
1483 2303 1576 2360 Dei
1613 2302 1931 2369 Genitricls,
1967 2303 2076 2358 Do-

496 2401 707 2455 minum
736 2408 987 2454 nostrum
1019 2396 1204 2452 Jesum
1241 2396 1524 2451 Christum
1559 2395 1825 2466 gestantis
1849 2393 2077 2464 cliigiem

496 2491 792 2548 referebat.
847 2488 1102 2544 Inclusus
1166 2501 1335 2558 porro
1386 2486 1626 2542 daemoni
1687 2484 1807 2540 inlit
1851 2502 1867 2539 :
1923 2482 2076 2549 Sine,

497 2583 790 2654 dispiciam
818 2581 950 2652 quid
982 2579 1127 2636 facto
1155 2594 1295 2650 opus
1325 2577 1418 2635 sit.
1455 2577 1736 2634 Postridie
1778 2577 1947 2648 igitur
1982 2576 2080 2632 ab-

498 2677 680 2732 batem
718 2674 1071 2730 Theodorum
1100 2672 1385 2740 Eliotem,
1432 2672 1529 2742 qui
1575 2671 1630 2726 in
1677 2673 1830 2725 laura
1857 2670 2076 2726 Pharon

499 2779 634 2824 tunc
676 2767 942 2838 temporis
999 2765 1305 2830 habitabat,
1371 2764 1609 2819 accersit
1644 2781 1658 2818 :
1693 2776 1933 2832 cumque
1987 2760 2080 2817 ille

498 2859 805 2926 adesset,ei
836 2873 950 2914 rem
978 2872 1196 2913 omnem
1227 2856 1462 2926 aperuit.
1483 2855 1551 2908 At
1582 2855 1676 2910 ille
1698 2855 1816 2910 seni
1861 2853 2080 2909 incluso

499 2951 623 3006 ait:
657 2949 824 3004 Plane
870 2957 952 3011 tu,
985 2947 1150 3012 abba,
1181 2947 1411 3002 delusus
1462 2959 1544 3010 es,
1596 2945 1692 3014 qui
1745 2954 1800 2999 te
1842 2942 2078 2997 daemoni

498 3041 865 3096 obstrinxeris
891 3039 1227 3109 iuramento.
1263 3036 1418 3102 Quod
1448 3042 1631 3089 tamen
1656 3049 1770 3090 rem
1798 3034 2081 3104 aperueris

2177 1944 2316 2016 ὅπερ
2362 1943 2540 2012 λέγεις
2592 1961 2704 2015 μοι.
2758 1943 2895 1997 Τότε
2947 1941 3096 2011 λέγει
3144 1939 3292 2010 αὑτῷ
3325 1941 3354 1992 6
3401 1939 3650 2010 δαίμων·
3683 1938 3783 2009 Μὴ

2180 2036 2566 2108 προσκυνήσῃς
2589 2033 2844 2107 ταύτῃτῇ
2871 2032 3060 2097 εἰκόνι,
3080 2033 3175 2086 καὶ
3191 2031 3376 2084 οὐκέτι
3401 2048 3484 2084 σοι
3510 2029 3788 2100 πολεμῶ.

2181 2120 2312 2197 Εἶχε
2338 2125 2396 2180 δὲ
2427 2127 2462 2195 ἡ
2493 2123 2662 2179 εἰκὼν
2693 2123 3002 2194 ὲκτύπωμα
3032 2124 3133 2195 τῆς
3156 2121 3461 2193 Δεσποίνης
3486 2121 3655 2192 ἡμῶν
3683 2120 3790 2190 τῆς

2178 2218 2346 2288 ἁγίας
2365 2217 2587 2286 Μαρίας
2613 2216 2714 2288 τῆς
2733 2216 3026 2282 Θεοτόκου,
3053 2213 3426 2286 βασταζοὺσης
3450 2214 3544 2268 τὸν
3573 2213 3792 2286 Κύριον

2181 2309 2338 2380 ἡμῶν
2379 2307 2590 2380 Ἰησοῦν
2621 2308 2882 2380 Χριστόν.
2926 2307 3091 2376 Λέγει
3133 2308 3162 2361 6
3198 2306 3515 2375 ἔγκλειστος
3547 2305 3634 2376 τῷ
3665 2307 3791 2360 δαί-

2184 2417 2339 2473 μονι·
2375 2401 2548 2470 ’Δφες
2573 2440 2588 2466 ,
2640 2398 2934 2469 σκέψομαι.
2967 2399 3046 2470 Τῇ
3079 2391 3172 2453 οῦν
3206 2396 3472 2469 ἐπαύριον
3515 2396 3684 2467 δηλοῖ
3711 2397 3792 2467 τῷ

2180 2491 2327 2563 ἀσϐᾷ
2351 2491 2615 2564 Θεοδώρῳ
2630 2491 2709 2562 τῷ
2729 2492 2989 2563 Αἰλιώτῃ,
3011 2490 3250 2546 οἰκοῦντι
3278 2491 3398 2544 τότε
3427 2490 3487 2543 ὲν
3511 2492 3578 2561 τῇ
3604 2489 3792 2570 δέρῃ
3811 2521 3826 2530 ς.
3873 2511 3877 2527 ι

2179 2582 2394 2655 Φαρὼν,
2426 2584 2522 2636 καὶ
2545 2579 2700 2654 ἦλθε,
2732 2584 2830 2637 καὶ
2849 2583 3121 2654 διηγεῖται
3151 2581 3317 2636 αὐτοῦ
3348 2565 3792 2635 eumenides

2180 2677 2358 2748 γέρων
2383 2676 2532 2744 λέγει
2548 2674 2624 2746 τῷ
2641 2674 2940 2746 ὲγκλείστῳ
2961 2674 3131 2738 ὅντως
3177 2674 3346 2728 ἁϐϐἄο
3391 2674 3790 2745 Ἐνεπαίχθης,

2182 2768 2263 2821 ὅτι
2285 2768 2510 2838 ὤμοσας
2540 2766 2619 2838 τῷ
2654 2767 2905 2837 δαίμονιο
2940 2767 3082 2837 πλὴν
3120 2765 3304 2830 καλῶς
3337 2765 3611 2837 ἐποίησας
3644 2766 3794 2830 ἐξει-

2183 2859 2332 2914 πώνο
2375 2862 2643 2931 συμφέρει
2673 2859 2731 2913 δέ
2766 2877 2870 2925 σοι,
2906 2859 2982 2931 μὴ
3016 2860 3178 2914 ἐᾶσαι
3222 2859 3304 2923 είς
3329 2858 3430 2930 τὴν
3460 2858 3626 2911 πόλιν
3651 2861 3793 2912 ταῦ-

2181 2969 2283 3022 την
2312 2951 2519 3022 πόρνην
2549 2953 2628 3015 είς
2650 2951 2679 3004 ὃ
2710 2951 2786 3022 μὴ
2811 2951 3058 3025 είσέρχῃ,
3085 2951 3119 3022 ἥ
3149 2952 3236 3005 ἵνα
3263 2935 3483 3023 ἀρνήσῃ
3518 2951 3584 3003 τὸ
3616 2968 3794 3020 προς-

2185 3045 2367 3098 κυνεῖν
2391 3043 2468 3113 τῷ
2496 3043 2688 3114 Κυρίῳ
2714 3044 2811 3096 καὶ
2837 3043 2957 3114 Θεῷ
2982 3041 3144 3114 ἡμῶν
3191 3041 3370 3114 Ἰησοῦ
3391 3041 3619 3113 Χριστῷ
3647 3043 3794 3113 μετὰ

499 3130 660 3195 mihi,
707 3130 966 3184 consulto
994 3128 1176 3199 egisti.
1223 3125 1428 3182 Verum
1465 3125 1640 3182 satius
1675 3125 1818 3206 foret
1849 3127 1973 3194 tibi,
2036 3126 2082 3181 si

2194 3132 2288 3203 τῆς
2333 3132 2472 3196 ίδίας
2517 3131 2684 3186 αὐτοῦ
2718 3133 2964 3204 Μητρός.
3022 3132 3291 3204 Στηρίξας
3336 3127 3431 3188 οῦν
3469 3133 3665 3194 αὑτὸν,
3694 3135 3794 3187 καὶ

498 3224 712 3279 nullum
744 3222 800 3277 in
845 3220 983 3276 urbe
1023 3219 1391 3291 prostibulum
1438 3219 1767 3286 emitteres,
1819 3219 1888 3274 ad
1939 3219 2088 3290 quod

500 3331 610 3370 non
637 3313 1022 3386 ingredereris,
1038 3328 1202 3382 quam
1227 3321 1284 3366 ut
1302 3310 1594 3366 Dominum
1619 3310 1789 3367 Deum
1811 3319 2086 3378 nostrum,

501 3412 846 3474 matremque
858 3403 980 3472 ejus
999 3402 1164 3473 329
1179 3402 1534 3457 adoraturum
1553 3408 1606 3456 te
1618 3416 1802 3472 neges.
1823 3399 1920 3456 His
1936 3401 2088 3456 illum

503 3495 868 3567 pluribusque
913 3494 1038 3548 aliis
1069 3495 1426 3550 sermonibus
1465 3491 1830 3557 confirmans,
1859 3493 1926 3547 ad
1959 3507 2091 3563 pro-

502 3587 623 3658 pria
665 3585 849 3642 rediit.
881 3586 1022 3640 Tum
1066 3585 1282 3641 daemon
1328 3600 1526 3640 rursus
1557 3584 1774 3638 incluso
1803 3599 1926 3640 sese
1957 3599 2084 3640 con-

501 3678 852 3749 spiciendum
894 3677 1140 3748 przebet:
1174 3675 1384 3748 Ecquid
1417 3684 1524 3744 est,
1572 3675 1774 3746 inquit,
1807 3675 2085 3732 scelestis-

503 3772 642 3826 sime
669 3787 832 3825 senex
861 3770 884 3823 ?
912 3769 1102 3824 Nonne
1135 3769 1335 3839 iurasti
1368 3768 1504 3823 mihi
1543 3779 1595 3822 te
1618 3768 1672 3822 id
1705 3768 2080 3824 revelaturum

506 3862 745 3916 nemini?
779 3863 890 3916 Cur
914 3877 1045 3933 ergo
1077 3863 1261 3915 omnia
1291 3860 1529 3914 narrasti
1560 3859 1639 3913 illi
1681 3860 1777 3930 qui
1813 3859 1878 3914 ad
1913 3869 1966 3914 te
1994 3876 2087 3916 ve-

2189 3221 2580 3294 ἐνδυναμώσας
2626 3222 2836 3276 πλείοσι
2876 3222 3083 3292 λόγοις,
3122 3223 3367 3294 ἀπῆλθεν
3405 3226 3486 3288 είς
3529 3224 3628 3278 τὺν
3657 3225 3792 3278 ἴδιον

2190 3313 2357 3369 αὐτοῦ
2379 3313 2565 3368 τόπον.
2597 3314 2850 3368 Φαίνεται
2879 3311 2974 3369 οῦν
2996 3315 3159 3368 πάλιν
3179 3318 3207 3369 6
3229 3315 3439 3384 δαίμων
3461 3316 3540 3387 τῷ
3572 3317 3794 3385 ἐγκλεί-

2191 3423 2322 3478 στῳ,
2356 3405 2450 3460 κα“ι¹
2472 3404 2622 3475 λέγει
2647 3405 2815 3476 αὐτῷ’
2843 3405 2909 3459 Τί
2942 3405 3044 3472 ἔνι,
3073 3406 3386 3478 κακόγηρε;
3429 3407 3532 3460 οὐκ
3557 3406 3792 3479 ὣμοσὰς

2193 3515 2310 3568 μοι,
2366 3499 2450 3552 ὅτι
2498 3497 2674 3552 οὐδενὶ
2711 3498 2929 3568 λέγεις;
2962 3500 3057 3552 καὶ
3103 3498 3224 3561 πῶς
3253 3499 3431 3551 πάντα
3464 3499 3688 3563 ὲξεῖπες
3716 3497 3791 3571 τῷ

2190 3589 2398 3643 ἐλθόντι
2432 3596 2569 3662 πρὸς
2603 3591 2692 3643 σέ.
2742 3591 2906 3658 Λέγω
2932 3608 3039 3654 σοι,
3091 3591 3391 3662 κακόγηρε,
3417 3591 3494 3654 ὡς
3524 3591 3792 3663 ἐπίορκος

2191 3678 2336 3751 ἔχεις
2368 3679 2626 3751 κριθῆναι
2651 3681 2710 3733 ὲν
2742 3685 2809 3753 τῇ
2839 3682 3028 3754 ἡμέρᾳ
3051 3682 3152 3751 τῆς
3185 3682 3440 3752 κρίσεως.
3478 3683 3793 3754 ’Δπεκρῖθη

2191 3769 2341 3842 αὐτῷ
2362 3772 2391 3824 6
2417 3770 2732 3839 ἐγκλειστος
2751 3815 2765 3838 ,
2803 3773 2977 3842 λέγων
2999 3790 3014 3804 ·
3059 3773 3128 3826 ’Ὀ
3154 3790 3206 3826 τι
3250 3774 3349 3843 μὲν
3386 3773 3603 3844 ὤμοσα,
3639 3775 3795 3844 ὤμο-

2194 3880 2293 3917 σα·
2327 3864 2422 3917 καὶ
2447 3865 2476 3918 ὅ
2500 3882 2554 3918 τι
2583 3865 2930 3937 ἐπιώρκησα,
2976 3863 3095 3921 οἶδα
3115 3883 3129 3897 ο
3166 3867 3262 3920 σοῦ
3289 3865 3347 3921 δὲ
3379 3867 3478 3920 οὐκ
3504 3866 3724 3922 ἀκούω.
3773 3887 3792 3921 ι

505 3951 768 4007 nit‘IJam
805 3953 924 4018 tibi,
961 3953 1197 4023 pessime
1223 3952 1508 4018 monacho,
1537 3951 1803 4006 denuntio
1849 3951 2070 4021 quidem
2112 3961 2164 4010 te
2201 3955 2281 4009 uti
2335 3955 2622 4026 periurum
2670 3957 2727 4011 in
2789 3957 2879 4013 die
2909 3956 3106 4026 jmlicii
3179 3957 3500 4011 damnatum
3579 3958 3680 4014 iri.
3727 3959 3799 4019 Δι

505 4045 752 4100 inclusus
788 4059 803 4098 :
846 4043 950 4110 Me,
1007 4042 1206 4114 inquit,
1252 4041 1472 4112 jurasse
1533 4040 1740 4110 fateor,
1796 4049 1850 4096 et
1891 4051 2085 4097 contra
2123 4059 2288 4114 quam
2329 4045 2514 4116 juravi
2576 4047 2779 4104 fecisse
2826 4063 2937 4102 non
2986 4048 3178 4119 ignoro
3214 4048 3351 4102 :tibi
3413 4057 3598 4104 tamen
3682 4068 3797 4110 non

506 4142 909 4197 auscultavero.
953 4159 971 4192 ι

579 4238 876 4292 Comment.
915 4234 1056 4291 Hinc
1113 4234 1270 4290 vides
1325 4233 1555 4304 imagini
1597 4231 1903 4287 exhibitam
1951 4232 2089 4288 ado—

507 4329 802 4393 rationem,
830 4326 898 4381 ad
931 4327 984 4380 id
1023 4325 1186 4395 cujus
1226 4333 1313 4380 est
1356 4325 1559 4394 imago,
1597 4322 1812 4387 referri,
1842 4331 1896 4377 et
1925 4324 2089 4394 quale

2263 4235 2542 4304 Σχόλιον.
2576 4232 2761 4305 Ὁρᾷς,
2789 4233 2871 4286 ὅτι
2904 4231 3002 4303 τὴν
3024 4231 3124 4302 τῆς
3153 4231 3361 4296 εἰκόνος
3386 4232 3795 4306 προσκύνησιν,

2193 4326 2286 4382 τοῦ
2331 4324 2740 4394 εἰκονιζομένου
2791 4319 2910 4404 εἷπε
2939 4341 2953 4389 ;
2984 4325 3078 4377 καὶ
3107 4322 3274 4376 πόσον
3305 4323 3471 4377 κακὸν
3499 4324 3562 4376 τὸ
3610 4328 3796 4398 ταύτῃ

506 4428 886 4490 quantumque
929 4418 999 4472 sit
1029 4417 1232 4470 malum
1264 4416 1333 4470 ab
1360 4415 1509 4468 illius
1539 4412 1859 4468 adoratione
1903 4427 2083 4468 cessa-

2201 4417 2278 4490 μὴ
2305 4418 2638 4489 προσκυνεῖν
2665 4433 2680 4482 ;
2709 4417 2803 4470 καὶ
2829 4415 2946 4480 πῶς
2975 4415 3108 4468 αὐτὸ
3136 4413 3236 4484 τῆς
3271 4414 3526 4486 πορνείας
3561 4421 3797 4488 προετίο

508 4527 588 4566 re.
617 4509 812 4565 Cernis
835 4524 940 4578 qua
975 4509 1189 4563 ratione
1217 4524 1283 4562 eo
1313 4509 1498 4578 potius
1521 4521 1685 4576 quam
1712 4505 1958 4562 libidinis
1985 4505 2083 4562 cri-

2203 4528 2377 4582 μησεν
2401 4513 2428 4564 ὁ
2455 4510 2699 4580 δαίμων;

508 4602 656 4656 mine
687 4601 1016 4655 obstrictum
1049 4599 1323 4654 hominem
1356 4598 1614 4654 voluerit.

579 4692 718 4746 Cum
752 4692 940 4763 itaque
981 4690 1138 4744 multi
1169 4690 1405 4745 antehac
1429 4689 1766 4757 sacerdotes,
1814 4703 2091 4761 regesque

583 4873 628 4904 η
660 4870 782 4926 νίιΙ.
815 4880 922 4927 act.
964 4835 1128 4927 ictis
1160 4870 1410 4942 septimae
1465 4871 1682 4943 synodi.

2271 4688 2490 4744 Πολλῶν
2518 4688 2698 4744 τοίνυν
2730 4685 2998 4742 ἀνέκαθεν
3045 4685 3240 4760 ἱερέων
3285 4704 3345 4742 τε
3393 4687 3487 4740 καὶ
3514 4685 3795 4758 βασιλέων

2025 5039 2233 5096 NOTAE
2244 5080 2258 5096 .

588 5125 709 5202 (li)
745 5125 848 5202 ᾜκ
901 5128 1002 5184 τοῦ
1034 5131 1479 5202 Ascam-aptat).
1513 5130 1741 5187 Pratum
1808 5130 2094 5202 spirituale

523 5198 740 5273 scripsit
763 5198 1005 5273 Joannes
1033 5198 1320 5273 Moschus,
1355 5201 1599 5273 illudque
1628 5198 1966 5273 nuncupavit
1991 5202 2096 5273 _So-

519 5267 754 5343 phronio
786 5267 1058 5343 Sophistae
1081 5267 1358 5343 discipulo
1385 5267 1523 5343 suo;
1551 5267 1946 5343 itinerumque,
1985 5267 2096 5343 imo

518 5347 574 5392 et
605 5340 789 5414 operis
821 5341 992 5414 socio,
1023 5341 1114 5408 qui
1149 5340 1388 5414 posthac
1411 5340 1924 5414 Hierosolymorum
1951 5342 2096 5414 anti-

517 5407 789 5464 stes’l'uit.
827 5408 940 5465 Nec
968 5407 1087 5467 eam
1131 5407 1308 5467 solum
1341 5413 1412 5468 ob
1437 5407 1684 5468 causam'
1711 5429 1740 5467 a
1778 5413 1964 5468 multis
1994 5411 2096 5468 So-

517 5478 756 5554 phronio
786 5481 888 5554 ipsi
922 5483 1248 5537 attributum
1278 5491 1396 5550 est;
1433 5483 1526 5554 sed
1568 5484 1813 5554 insuper,
1841 5482 1971 5553 quia
1995 5481 2098 5537 So-

518 5548 791 5632 phronius
811 5548 959 5632 'Ohoc_
988 5566 1158 5632 opus.
1180 5548 1461 5632 publicum
1499 5548 1827 5632 fecit,_ut.i.n
1859 5548 2092 5632 prologo

517 5617 709 5698 Graeco
738 5617 1161 5698 qui_toti__operi
1181 5617 1455 5698 'praelixus
1492 5633 1596 5688 est,
1628 5617 1993 5698 signiﬁcatur.
2026 5617 2094 5676 in

517 5685 769 5768 editions:
783 5686 994 5768 ᾼΙονδὶἱ
1022 5685 1374 5768 ῌὶρρρὶιιοηί,
1404 5685 1647 5768 Joannes
1668 5685 1876 5768 dicitur
1898 5709 2090 5768 cogno-

515 5764 686 5812 mento
708 5756 970 5818 Em’raius
988 5777 1010 5827 ,-
1031 5756 1243 5818 insulse
1261 5756 1513 5834 prorsus,
1551 5764 1795 5836 illudque
1827 5756 2088 5822 mendum

2193 5134 2394 5202 corrigi
2453 5133 2616 5191 debet
2675 5149 2742 5188 ex
2797 5135 2957 5191 titulo
2995 5149 3156 5205 quem
3203 5133 3379 5190 edidit
3427 5131 3797 5201 Cotellerins,

2194 5213 2232 5260 t.
2265 5205 2306 5258 ll
2334 5205 2579 5260 Monum.
2631 5203 2838 5260 Eccles.
2866 5205 3039 5261 erc.
3071 5221 3127 5261 ι).
3156 5205 3253 5261 541
3288 5221 3302 5258 :
3355 5203 3463 5258 Τοῦ
3505 5207 3797 5261 μακαρίου

2217 5245 2232 5260 ο
2265 5220 2304 5258 ll
2334 5220 2382 5258 Μ
2399 5223 2579 5260 onum.
2631 5220 2838 5260 1366188.
2866 5220 3039 5260 hunc.
3071 5221 3127 5260 D.
3156 5220 3253 5260 Ml
3288 5221 3302 5258 ἴ
3355 5220 3463 5258 ἰου
3505 5220 3797 5260 μακαοιου

2205 5221 2232 5260 ι.
2265 5221 2304 5258 ιι
2334 5221 2382 5258 ,τι
2399 5223 2579 5260 onum.
2631 5221 2838 5260 nectes.
2866 5221 3039 5262 brazc.
3071 5221 3127 5275 p.
3156 5221 3253 5261 'on
3288 5221 3302 5258 :
3356 5221 3463 5258 'lou
3505 5221 3797 5275 μακαριου

2205 5275 2602 5348 ξῐωάννουᾲτοῦ
2626 5275 2910 5348 -Εὑκρατᾷ
2959 5276 3178 5348 βίᾷλοςλ,
3217 5277 3261 5348 ri)
3317 5277 3798 5348 ἐπιγεγραμμένη

2191 5345 2437 5417 Λειμὼν,
2466 5346 2555 5417 διὰ
2587 5346 2649 5399 τὸ
2681 5343 2970 5417 πολυανθῆ
2995 5343 3402 5417 βίωνᾼδιήγησρ
3426 5343 3532 5412 τῆς
3549 5343 3800 5417 οὐρανοὲ

2193 5413 2365 5500 πόρου
2397 5416 2644 5500 ῥοδρνιᾶς
2665 5417 2864 5500 ,ςρὲρειν
2883 5432 2898 5445 °
2921 5413 3079 5500 Be'at‘i
3102 5413 3331 5500 {cannis
3353 5413 3796 5500 Quorum-diter,

2191 5484 2284 5554 qui
2319 5484 2626 5558 inscribitur
2653 5484 2901 5558 Pratum,
2925 5486 3065 5558 quod
3091 5486 3344 5558 @ridam
3377 5485 3514 5558 {erat
3552 5487 3798 5558 nitas-ant

2200 5556 2563 5610 narrationem
2610 5556 2834 5612 celestis
2877 5554 3061 5612 rolicti.
3092 5554 3195 5610 'Ex
3256 5558 3360 5610 hac
3423 5554 3799 5623 inscriptione

2199 5624 2388 5681 Graeca
2416 5626 2668 5682 Latinam
2700 5627 2782 5680 sic
2815 5626 3096 5683 emendari
3121 5625 3327 5682 debere
3348 5639 3547 5680 censeo
3573 5643 3586 5678 :
3613 5623 3802 5682 Joan-

2201 5697 2283 5754 nis
2316 5706 2656 5770 cognomento
2684 5695 2952 5764 Eucrata’,
2984 5708 3083 5753 aut
3122 5697 3318 5754 saltem
3358 5694 3602 5750 Encrati.
