3904 6358
999 0 1376 13 ἡ

152 447 273 515 1281

1229 444 1328 505 DE
1362 439 1822 504 IMAGINIBUS
1850 441 2133 502 ORATIO
2167 440 2214 500 Ι.

1671 61 1798 89 "LM/1
1830 71 1838 78 ‘
1907 69 1944 76 ’-
1973 67 2048 91 ρει
2079 43 2150 94 ῑίτιν.
2171 51 2228 90 λι(
2287 59 2304 88 ι·
2324 57 2364 85 tl.-

1491 125 1535 190 ti
1574 121 1656 194 CL
1741 119 1917 174 lia-=5“
1981 157 2006 178 ι»
2040 123 2264 210 σὴψ)

3245 439 3386 507 1282

0 615 20 642 ἡ
79 611 94 644 ,
143 559 478 629 Χριστιανοῖς
514 524 928 625 δεδωρήμένων,
973 551 1139 624 σοφίᾳ
1167 569 1226 604 τε
1275 553 1370 606 καὶ
1400 550 1698 622 θεοσεϐείᾳ,

1819 546 2008 602 Tnerint
2036 565 2064 603 a
2101 549 2213 603 Deo
2250 548 2581 606 Christianis
2623 550 2899 617 concessi,
2932 551 3023 621 qui
3080 550 3385 622 sapientiae,
3436 569 3442 574 ·

138 652 225 708 καὶ
250 651 390 721 λόγῳ
418 648 515 702 καὶ¹
545 645 646 716 βίῳ
677 643 1094 715 διαπρεψάντων
1117 685 1132 709 ,
1171 643 1264 696 καὶ
1293 643 1526 696 συνόδων
1552 641 1704 694 πλεί-

140 760 271 796 στων
289 738 668 810 γεγενημένων
688 735 860 803 ἁγίων
886 735 981 788 καὶ
1009 734 1383 787 θεοπνεύστων
1421 731 1704 802 Πατέρων,

138 834 188 888 τί
219 833 402 904 μηδεὶς
430 828 604 884 ταῦτα
658 827 794 898 δρᾷν
835 825 1231 896 έπεχείρησεν;
1281 825 1382 878 οὐκ
1406 823 1708 893 ἀνεξόμεθα

136 925 256 981 νέαν
293 924 474 977 πίστιν
499 917 869 975 διδάσκεσθαι.
905 936 924 970 ι
971 917 1066 970 Ἐκ
1110 915 1220 986 γάρ
1261 915 1400 968 Σιὼν
1428 913 1710 980 ἐξελεύσε-

133 1031 221 1071 ται
248 1015 276 1066 6
310 1015 486 1082 νόμος,
529 1029 549 1061 ι
581 1005 938 1078 προφητικῶς
963 1004 1070 1076 ἔφη
1095 1004 1158 1058 τὸ
1191 1003 1416 1074 Πνεῦμα
1441 1001 1502 1054 τδ
1531 1000 1706 1068 ἅγιον,

136 1124 156 1158 ι
179 1103 446 1171 καὶλόγος
471 1099 680 1170 Κυρίου
705 1095 767 1162 ἐξ
796 1096 1175 1168 Ἰερουσαλήμ.
1211 1114 1230 1148 ι
1268 1095 1381 1148 Οὐκ
1407 1092 1710 1163 ἀνεξόμεθα

133 1197 318 1251 ἄλλοτε
343 1193 479 1248 ἄλλα
502 1192 744 1261 φρονεῖν,
773 1188 870 1242 καὶ
890 1189 1104 1254 καιροῖς
1133 1184 1586 1256 μεταϐάλλεσθαι,
1616 1182 1710 1236 καὶ

128 1289 226 1359 τὴν
257 1286 441 1340 πίστιν
469 1283 581 1344 τοῖς
611 1278 811 1344 ἔξωθεν
859 1278 1075 1346 γέλωτα
1119 1279 1214 1331 καὶ
1256 1276 1509 1344 παίγνιον
1559 1274 1710 1343 γίνε-

130 1379 276 1431 σθαι.
315 1376 431 1429 Οὐκ
470 1370 775 1441 ἀνεξόμεθα
828 1368 1094 1440 βασιλικῷ
1144 1367 1482 1420 ὑποκύπτειν
1523 1365 1712 1419 θεσπί-

129 1488 299 1542 σματι
325 1468 422 1538 τὴν
450 1468 516 1520 ὲκ
566 1464 827 1534 Πατέρων
857 1460 1188 1530 πειρωμένῳ
1221 1457 1550 1530 ἀνατρέπειν
1585 1472 1710 1507 συν-

127 1564 340 1632 ήθειαν.
360 1559 434 1612 Οὐ
467 1557 576 1627 γὰρ
605 1553 844 1608 εὐσεϐῶν
875 1552 1136 1623 βασιλέων
1159 1549 1486 1621 ἀνατρέπειν
1512 1547 1711 1616 ἐκκλη-

126 1628 445 1713 σιαστικοὺς
498 1645 756 1716 θεσμούς.
795 1645 890 1721 (λύῃ
915 1641 1165 1714 πατρικά
1207 1639 1412 1702 ταῦτα·
1442 1637 1713 1712 λῃστρικὰ
1747 1628 1749 1630 ’

123 1746 236 1814 γάρ
266 1742 335 1795 τὰ
357 1741 448 1812 βίᾳ
470 1739 566 1793 καὶ
594 1738 654 1792 ού
685 1736 868 1790 πειθοῖ
899 1735 1166 1804 γινόμενα
1185 1749 1199 1763 ’
1229 1733 1324 1786 καὶ
1357 1731 1568 1802 μάρτυς
1599 1731 1633 1800 ἡ
1654 1731 1712 1782 ὲν

1809 640 2118 708 religionis,
2155 639 2443 704 doctrinae,
2477 643 2795 698 sanctitatis
2839 643 2998 698 laude
3031 643 3385 710 claruerunt;

1808 732 1968 802 plura
1989 732 2118 786 item
2149 731 2383 786 concilia
2407 746 2436 784 a
2455 735 2664 790 sanctis
2686 734 2982 805 divinoque
3010 733 3220 806 Spiritu
3245 735 3392 790 amn-

1809 823 1880 879 tis
1910 821 2173 878 Patribns
2199 823 2476 878 celebrata
2515 825 2649 891 sint,
2684 826 2950 896 quidnam
2977 841 3162 881 causae
3193 834 3300 893 est,
3329 837 3391 881 ut

1811 929 2004 968 eorum
2053 928 2214 968 nemo
2271 914 2380 968 tale
2419 915 2551 984 quid
2593 932 2756 986 agere
2803 931 2974 973 ausus
3026 917 3136 972 sit?
3180 915 3388 971 Novam

1811 1005 1997 1060 doceri
2029 1003 2190 1059 ﬁdem
2224 1005 2542 1075 neutiquam
2578 1008 2872 1074 patiemur.
2913 1023 2934 1059 ι
2969 1006 3045 1061 Ex
3081 1006 3213 1062 Sion
3245 1008 3390 1061 enim

1815 1094 1987 1150 exibit
2019 1093 2126 1156 lex,
2175 1103 2228 1148 et
2261 1094 2490 1149 verbum
2535 1096 2747 1149 Domini
2783 1095 2853 1150 de
2893 1094 3202 1152 Jerusalem
3259 1098 3326 1162 ¹⁹,
3368 1117 3387 1150 ι

1813 1183 2275 1254 quemadmodum
2325 1200 2421 1254 per
2476 1185 2800 1256 prophetam
2860 1187 2938 1241 ait
2991 1186 3228 1257 Spiritus
3261 1204 3390 1243 san-

1813 1285 1958 1332 ctus.
1979 1273 2094 1329 Non
2111 1276 2519 1330 committemus
2543 1284 2602 1330 ut
2628 1277 2777 1331 aliud
2798 1277 2937 1332 alias
2959 1278 3267 1342 sentiendo,
3293 1295 3392 1348 pro

1815 1377 2126 1438 temporum
2159 1369 2374 1421 ratione
2405 1377 2703 1433 mutemur,
2741 1382 2920 1438 neque
2946 1377 3003 1423 ut
3045 1368 3180 1424 ﬁdes
3204 1378 3394 1423 nostra

1814 1461 1958 1531 apud
1989 1460 2114 1514 illos
2141 1459 2235 1530 qui
2272 1461 2342 1513 ab
2376 1474 2440 1514 ea
2490 1459 2655 1524 alieni
2702 1469 2870 1524 sunt,
2907 1461 3150 1516 ludibrio
3200 1460 3295 1515 ﬁat
3333 1475 3398 1514 ac

1815 1551 2102 1607 derisioni.
2141 1551 2498 1620 Imperatoris
2527 1550 2709 1605 edicto
2738 1552 3111 1622 obtemperari
3141 1567 3252 1606 non
3279 1567 3400 1622 per-

1818 1643 2132 1708 mittemus,
2159 1641 2385 1696 Patrum
2418 1640 2877 1697 consuetudinem
2912 1651 3160 1698 evertere
3193 1657 3403 1696 conan-

1817 1734 1907 1788 tis.
1941 1731 2128 1803 Neque
2158 1733 2306 1788 enim
2339 1733 2726 1802 religiosorum
2769 1731 2936 1788 fuerit
2965 1733 3392 1802 imperatorum,

137 1835 352 1905 Ἐφέσῳ
372 1835 429 1886 τὸ
447 1830 702 1902 δεύτερον
730 1826 1077 1898 γεγενημένη
1101 1824 1340 1887 σύνοδος,
1369 1825 1529 1891 μέχρι
1553 1819 1713 1891 δεῦρο

1819 1825 2226 1880 ecclesiasticas
2250 1824 2564 1879 convellere
2589 1824 2930 1880 sanctiones.
2957 1823 3402 1897 @laternam

121 1897 478 2007 Λῃέτρὲειῂ-ις
535 1897 838 1992 δεδεγμένη
893 1897 994 1990 τὴν
1049 1915 1404 1988 ἐπωνυμίαν,
1454 1913 1713 2007 βασιλικῇ

1819 1920 2090 1998 pietatem
2134 1932 2251 1997 non
2304 1917 2546 1994 sapiunt.
2600 1917 2737 1972 Nam
2771 1932 2894 1988 qua:
2937 1932 3038 1988 per
3067 1921 3178 1971 vim
3205 1929 3260 1972 et
3291 1932 3404 1972 non

120 2004 272 2090 i579).
295 2013 770 2076 ὲκϐιασθεῖσα,ὅτε
794 2009 1091 2074 Φλαϐιανδς
1108 2011 1136 2062 ό
1155 2007 1425 2080 μακάριος
1448 2004 1718 2060 ἀπεκτένι-

120 2126 268 2164 νυτο.
309 2106 552 2160 Συνόδων
579 2103 778 2166 ταῦτα,
797 2104 859 2156 οὐ
882 2101 1170 2172 βασιλέων,
1194 2099 1270 2163 ὥς
1294 2099 1322 2151 6
1352 2096 1558 2168 Κύριος
1579 2095 1717 2165 ἔφη·

121 2217 218 2254 σεν
237 2215 253 2231 ο
302 2217 323 2250 ι
360 2199 538 2251 Ὅπου
570 2193 881 2265 συναχθῶσι
915 2191 1010 2246 δύο
1030 2192 1064 2262 ἦ
1097 2192 1248 2262 τρεῖς
1270 2189 1366 2242 ἐπὶ
1390 2187 1470 2259 τῷ
1490 2186 1720 2257 ὀνόματί

118 2308 258 2364 μου,
297 2291 416 2342 ἐκεῖ
447 2289 574 2358 εἶμι
621 2287 679 2340 ἐν
711 2283 1090 2368 μέσῳιαύτῶν.
1127 2301 1146 2333 ι
1195 2283 1270 2335 Οὐ
1304 2279 1584 2352 βασιλεῦσι
1621 2275 1720 2331 τοῦ

116 2381 414 2453 δεσμεύειν
439 2381 535 2434 καὶ
555 2377 705 2431 λύειν
734 2377 834 2448 τὴν
873 2375 1125 2440 ἐξουσίαν
1151 2373 1384 2426 δέδωκεν
1406 2374 1434 2424 ὁ
1455 2369 1715 2442 Χριστὸς,

115 2475 237 2530 ἀλλ’
261 2471 608 2535 ἀποστόλοις,
649 2469 745 2522 καλ⁸
777 2469 893 2530 τοῖς
916 2465 1124 2520 τούτων
1144 2462 1432 2534 διαδόχοις,
1467 2463 1562 2516 καὶ
1591 2478 1716 2514 ποι-

119 2566 279 2638 μέσι,
321 2564 416 2617 καὶ
453 2559 814 2622 διδασκάλοις.
867 2575 886 2608 ι
917 2555 1037 2611 Κᾶν
1065 2555 1318 2624 ἄγγελος,
1345 2553 1482 2625 φησὶ
1505 2553 1718 2616 Παῦλος

112 2659 145 2711 6
169 2656 512 2721 ἀπόστολος,
537 2652 961 2723 εὐαγγελίσηται
991 2649 1138 2718 ὑμᾶς
1172 2647 1304 2719 παρ’
1352 2646 1382 2700 6
1409 2645 1717 2718 παρελάϐε-

113 2767 179 2804 τε
205 2767 222 2780 ·
262 2769 284 2803 ι
315 2748 413 2804 καὶ
436 2747 498 2801 τὸ
520 2746 646 2817 ἑξῆς
683 2740 1098 2812 σιωπησόμεθα,
1121 2738 1315 2809 φειδοῖ,
1339 2739 1439 2809 τὴν
1465 2739 1720 2809 ἐπιστρο-

112 2841 233 2914 φὴν
273 2838 648 2909 ἐκδεχόμενοι.
711 2838 812 2888 “Av
852 2833 911 2888 δὲ
971 2831 1170 2900 ἴδωμεν
1230 2830 1330 2900 τὴν
1381 2829 1718 2901 διαστροφὴν

114 2932 551 3003 ἀνεπιστροφον,
593 2930 731 3000 ὅπερ
762 2926 837 2998 μὴ
868 2925 944 2996 δῷ
969 2927 998 2979 ὁ
1029 2924 1257 2995 Κύριος,
1293 2923 1415 2977 τότε
1446 2924 1720 2995 ἐπάξομεν

115 3026 219 3080 καὶ
247 3024 317 3077 τὸ
343 3023 667 3094 λειπόμενον
690 3038 704 3051 ·
737 3019 876 3074 ἀλλὰ
897 3016 1167 3088 ἀπηύχθω
1196 3015 1376 3068 τοῦτο.

1819 1993 2312 2066 libera‘dsuasione
2358 1993 2672 2080 patrantur,
2722 2009 3056 2080 praadatoria
3106 2021 3255 2064 sunt.
3287 2008 3405 2064 Hoc

1823 2111 2060 2159 testatur
2102 2101 2385 2157 celebrata
2435 2099 2688 2156 secundo
2728 2101 2925 2171 Ephesi
2966 2100 3234 2173 synodus,
3283 2117 3406 2172 quae

1823 2194 1892 2251 ad
1947 2194 2091 2250 hanc
2127 2209 2305 2264 usque
2352 2192 2494 2248 diem
2545 2191 2844 2247 Latrocinii
2897 2209 3098 2249 nomen
3156 2195 3403 2258 obtinet;

1823 2287 2028 2357 quippe
2074 2285 2167 2340 cui
2207 2285 2567 2355 imperatoris
2615 2300 2812 2340 manus
2861 2286 2971 2339 vim
3019 2285 3229 2350 intulit,
3279 2301 3406 2342 cum

1820 2380 2020 2435 beatus
2068 2385 2276 2446 martyr
2327 2375 2624 2430 Flavianus
2675 2374 3010 2430 interfectus
3046 2375 3168 2430 fuit.
3200 2375 3301 2431 His
3335 2376 3408 2432 de

1819 2472 1988 2528 rebus
2020 2469 2229 2540 aliquid
2280 2476 2546 2536 statuere,
2583 2482 2696 2523 non
2745 2467 2813 2523 ad
2862 2468 3234 2539 imperatores
3281 2483 3408 2536 spe-

1821 2571 1957 2622 ctat.
1993 2563 2088 2619 sed
2145 2561 2212 2616 ad
2271 2561 2510 2617 concilia
2555 2578 2571 2617 :
2621 2561 3092 2633 quemadmodum
3141 2561 3408 2616 Dominus

1823 2655 1900 2708 ait
1931 2671 1946 2707 :
1990 2671 2010 2706 ι
2046 2651 2150 2708 Ubi
2182 2653 2293 2708 duo
2325 2652 2412 2707 vel
2459 2659 2574 2707 tres
2619 2652 2944 2723 congregati
2977 2649 3182 2707 fuerint
3212 2652 3270 2706 in
3301 2667 3408 2706 no-

1822 2746 1972 2802 mine
2012 2760 2156 2812 meo,
2197 2744 2272 2800 ibi
2303 2759 2425 2799 sum
2456 2744 2510 2798 in
2547 2743 2730 2798 medio
2757 2743 2981 2799 illorum
3012 2744 3081 2798 '°.
3119 2762 3139 2796 ι
3177 2743 3406 2812 Ligandi

1825 2849 1987 2910 atque
2039 2837 2284 2894 solvendi
2343 2844 2671 2908 potestatem
2735 2851 2846 2892 non
2901 2838 3131 2908 regibus
3179 2836 3410 2892 tradidit

1825 2928 2100 2992 Christus,
2143 2927 2240 2983 sed
2272 2927 2568 2998 apostolis,
2600 2941 2911 2998 eorumque
2957 2928 3404 2995 successoribus,

1826 3027 1880 3075 et
1919 3020 2276 3090 pastoribus,
2319 3026 2490 3089 atque
2545 3018 2874 3074 doctoribus
2925 3019 2995 3073 “.
3032 3037 3052 3070 ι
3094 3019 3253 3074 Licet
3283 3035 3408 3088 vos,

116 3119 318 3190 inquit
348 3116 552 3172 Paulus
598 3111 912 3186 apostolus,
947 3116 1045 3164 aut
1082 3108 1312 3176 angelus
1357 3108 1704 3180 evangelizet
1741 3123 1941 3183 praeter
1986 3112 2038 3166 id
2076 3111 2226 3183 quod
2257 3111 2558 3182 accepistis
2580 3111 2666 3166 "z
2707 3129 2727 3162 ι
2765 3111 2911 3182 quod
2952 3111 3208 3183 sequitur
3245 3115 3410 3169 modo

112 3211 445 3268 tacebimus
483 3209 550 3272 ³³,
581 3213 872 3279 parcentes
923 3203 1071 3268 illis,
1107 3216 1344 3272 quorum
1395 3204 1818 3262 conversionem
1847 3221 2158 3277 speramus.
2196 3207 2296 3262 Sin
2363 3215 2573 3274 autem,
2643 3207 2791 3278 quod
2859 3216 3074 3264 avertat
3121 3211 3286 3276 Deus,
3351 3212 3410 3266 in

111 3302 402 3374 Opinione
446 3314 711 3372 perversa
761 3296 1076 3352 obstinatos
1148 3293 1479 3360 viderimus,
1557 3307 1674 3352 tum
1740 3297 1960 3370 reliqua
2018 3299 2528 3371 pronuntiabimus.
2600 3297 2819 3356 Verum.
2855 3301 2961 3358 hoc
3009 3317 3078 3359 ne
3123 3302 3411 3374 contingat

109 3410 415 3476 optamus.

189 3540 270 3598 Et
307 3554 398 3600 τις
422 3532 656 3589 εἰσέλθοι
688 3531 769 3594 εἰς
805 3525 975 3593 οἷκον,
1006 3527 1065 3580 ὲν
1095 3519 1140 3594 ᾧ
1187 3523 1478 3596 ζωγράφος
1514 3526 1573 3578 ὲν
1615 3525 1713 3579 τοι.

1905 3523 2063 3590 Quod
2103 3523 2151 3579 si
2182 3521 2310 3592 quis
2342 3521 2568 3576 domum
2609 3521 2918 3593 ingressus,
2949 3523 3112 3594 cujus
3140 3525 3195 3580 in
3222 3525 3411 3594 parie-

106 3651 244 3710 χοις
277 3626 528 3698 ἱστορίαν
545 3621 824 3684 Μωῦσέως
842 3619 937 3710 καὶ
956 3616 1159 3710 (tapeti)
1178 3615 1388 3710 έγραψε
1412 3614 1713 3710 “di-pag.“

1828 3613 1980 3670 tibus
2027 3613 2234 3684 Moysis
2282 3619 2337 3667 et
2395 3611 2706 3668 Pharaonis
2738 3613 3042 3680 ibistoriam
3092 3615 3274 3684 pictor
3307 3618 3411 3672 de-

108 3701 246 3780 Ern
283 3717 562 3792 ἐρωτήσει
589 3713 752 3783 τυχὸν
769 3709 900 3782 περὶ¹
922 3709 1055 3770 τῶν,
1080 3707 1156 3792 ὡς
1177 3707 1272 3760 ἐπὶ
1295 3706 1490 3778 ξηρὰν,
1519 3705 1713 3760 διοδευ-

1829 3702 2136 3773 scripserit,
2191 3701 2335 3757 forte
2373 3708 2610 3772 quaerat,
2646 3702 2874 3773 quinam
2932 3703 2968 3758 ii
2999 3703 3132 3768 sint,
3165 3705 3262 3775 qui
3311 3721 3412 3776 per

107 3791 357 3872 σάντων
405 3807 506 3877 τὴν
551 3804 850 3866 θάλασσαν,
883 3799 1042 3862 Τίνες
1083 3791 1229 3852 οὗτοί
1273 3799 1446 3864 είσιν;
1479 3797 1544 3851 Τί
1583 3800 1713 3869 ἐρεῖς

1829 3811 2004 3860 mare,
2034 3809 2099 3850 ac
2131 3795 2178 3850 si
2225 3809 2321 3864 per
2369 3794 2582 3848 aridam
2629 3801 2838 3850 terram
2898 3795 3242 3865 incederent,
3299 3797 3411 3853 iter

104 3899 534 3978 ἐρωτώμενος
570 3893 690 3965 οὐχ,
717 3891 839 3945 Υἱοὶ
863 3889 1116 3963 Ἰσραήλ;
1147 3889 1246 3952 Τίς
1276 3889 1306 3941 ὁ
1339 3889 1519 3961 ῥάϐδῳ
1550 3889 1713 3943 παίωι

1830 3888 2098 3946 fecerunt.
2134 3887 2279 3953 Quid
2311 3886 2382 3942 ad
2417 3886 2532 3942 haec
2554 3886 2958 3957 respondebis?
2981 3886 3179 3944 Nonne
3211 3889 3267 3943 bi
3305 3889 3406 3944 lilii

99 3976 219 4069 τὴν
250 3991 580 4053 θάλασσαν;
609 3985 747 4056 Οὐχὶ
775 3983 1016 4052 Μωῦσῆς
1040 3995 1056 4046 ;
1079 3978 1266 4043 Οὕτως
1290 3978 1344 4032 εί
1366 3995 1452 4042 τις
1469 3981 1562 4033 τὸν
1587 3979 1713 4069 ξρι-

1829 3988 1962 4036 sunt
1988 3978 2201 4035 Israel?
2229 3976 2434 4047 Ecquis
2475 3976 2569 4032 ille
2595 3977 2690 4048 qui
2723 3977 2878 4048 virga
2924 3977 3164 4048 percutit
3214 3994 3366 4035 mare
3386 3980 3413 4034 ?

100 4063 249 4143 στὸν
281 4079 553 4137 εἰκονίσει
575 4074 997 4147 σταυρούμενον,
1029 4071 1125 4125 καὶ
1153 4069 1428 4142 ἐρωτηθῇ,
1448 4069 1544 4133 Τις
1571 4063 1713 4134 οὖτάἱ

1826 4069 2022 4126 Nonne
2071 4067 2282 4134 audiet,
2349 4066 2604 4138 Moyses?
2639 4066 2928 4124 Consimili
2979 4070 3166 4134 modo,
3199 4070 3411 4141 siquis

93 4179 273 4233 ἐστιν
303 4189 323 4240 ;
371 4166 612 4240 Χριστὸς
635 4167 664 4218 ὁ
685 4163 840 4230 Θεὸς,
878 4163 1014 4232 ἐρεῖ,
1043 4161 1072 4214 6
1103 4158 1171 4212 δι’
1200 4158 1361 4228 ἡμᾶς·
1395 4157 1713 4229 σαρκωθείς.

1827 4163 2113 4220 Christum
2149 4162 2374 4218 aﬂixum
2405 4163 2566 4217 cruci
2601 4161 2869 4234 pinxerit,
2900 4169 3297 4233 qumraturque
3341 4163 3413 4218 ab

94 4267 254 4328 Ναὶ,
281 4261 569 4323 Δέσποτα,
601 4251 1022 4328 προσκυνοῦμεν
1041 4249 1221 4305 πάντα
1242 4249 1314 4304 τά
1342 4249 1432 4315 σά,
1459 4251 1552 4304 καὶ
1576 4249 1728 4318 πόθῳ

90 4358 324 4414 ἐκκαετ
366 4346 882 4424 περιπτυσσόμεθα,
921 4345 1024 4416 τὴν
1054 4343 1318 4414 Θεότητα,
1346 4344 1446 4414 τὴν
1471 4342 1724 4413 δύναμιν,

89 4449 210 4519 τὴν
243 4441 604 4514 ἀγαθότητα,
639 4438 731 4492 τὸν
756 4435 888 4507 περὶ
921 4435 1071 4507 ἡμᾶς
1115 4432 1285 4498 ἔλεον,
1319 4430 1421 4502 τὴν
1449 4429 1726 4500 συγκατά-

91 4540 310 4603 6ασιν,
345 4533 455 4604 τὴν
505 4531 818 4602 σάρκωσιν·
844 4527 940 4580 καὶ
977 4525 1168 4596 ὥσπερ
1216 4523 1457 4595 ἅψασθαι
1502 4521 1724 4594 σιδήρου

1828 4270 1895 4313 eo
1926 4255 2183 4326 quisnam
2219 4253 2315 4310 ille
2335 4254 2460 4310 est?
2491 4251 2690 4310 Nonne
2715 4254 3082 4324 respondebit
3108 4273 3122 4309 :
3151 4253 3413 4310 Christus

1827 4345 1978 4402 Deus
2031 4343 2207 4400 nostri
2258 4343 2437 4416 gratia
2488 4343 2856 4404 incarnatus?
2903 4343 3409 4416 EtiamtDomine,

1827 4436 2014 4491 omnia
2037 4451 2160 4508 quae
2181 4444 2279 4492 tua
2309 4444 2461 4504 sunt,
2487 4437 2810 4502 adoramus,
2853 4439 3185 4510 ardentique
3214 4439 3411 4496 an'ectu

1827 4524 2097 4584 Deitatem
2146 4537 2322 4594 tuam,
2351 4529 2682 4598 potentiam,
2717 4527 3044 4594 bonitatem,
3086 4530 3413 4586 misericor-

1826 4618 1975 4674 diam
2003 4633 2134 4690 erga
2164 4633 2289 4685 nos,
2317 4619 2668 4684 descensum,
2701 4627 2756 4675 et
2785 4620 3225 4676 incarnationem
3257 4637 3411 4676 com-

1828 4710 2126 4782 plectimur
2184 4725 2202 4764 :
2257 4717 2313 4766 et
2367 4711 2835 4781 quemadmodum
2897 4711 3107 4767 ferrum
3175 4712 3410 4783 ignitum

1828 4803 2150 4874 contingere
2171 4817 2455 4870 veremur,
2489 4818 2600 4858 non
2631 4813 2858 4875 propter
2881 4803 3046 4874 330
3078 4804 3212 4858 l’erri
3246 4809 3413 4858 natu-

0 4946 10 4953 .
84 4870 312 4980 ῲύέην,
361 4870 508 4954 ἀλλὰ
530 4870 620 4951 sta.
649 4870 747 4966 τὴν
775 4891 899 4947 καθ’
931 4890 1233 4946 ὑπόστασιν
1262 4887 1556 4980 ἡνωμένην
1582 4887 1713 4980 αύτῇ

1827 4909 1968 4961 ram,
2019 4870 2118 4951 sed
2171 4902 2400 4966 propter
2447 4870 2672 4968 ignem,
2707 4870 2803 4967 q—ui
2848 4870 3274 4966 ferro-junctus
3301 4903 3411 4960 est,

0 4974 393 5067 θθεότητοι.
429 4985 856 5060 Προσκυνοῦμέν
891 4997 987 5038 σου
1025 4983 1096 5038 τά
1133 4980 1306 5051 πάθη.
1345 4980 1443 5045 Τίς
1487 4974 1595 5033 εῐδε
1624 4977 1713 5033 θά-

1823 4985 2016 5042 eadem
2050 4985 2268 5042 ratione
2301 5000 2526 5043 carnem
2554 4994 2709 5042 tuam
2739 4984 2937 5053 adoro,
2973 4999 3086 5041 non
3129 4985 3201 5041 ob
3223 4986 3412 5042 carnis

77 5106 276 5146 νατον
315 5077 848 5155 προσκυνούμενον;
877 5073 964 5140 τίς
986 5075 1136 5148 πάθη
1160 5071 1370 5140 semei;
1408 5071 1525 5126 ἀλλ’
1555 5070 1713 5135 ὅντως

1823 5085 2104 5142 naturam,
2146 5075 2243 5132 sed
2279 5084 2505 5148 propter
2541 5076 2923 5143 divinitatem,
2963 5091 3088 5148 qua
3137 5089 3262 5133 cum
3316 5077 3411 5131 illa

73 5173 560 5255 προσκυνοῦμεν
583 5171 678 5225 τδν
705 5169 800 5224 τοῦ
834 5167 970 5223 Θεοῦ
995 5184 1096 5239 μου
1126 5164 1440 5238 σωματικὸν
1470 5163 1713 5224 θάνατον,

1824 5167 2133 5226 secundum
2156 5168 2506 5240 hypostasim
2538 5167 2734 5238 juncta
2769 5174 2881 5225 est.
2908 5165 3232 5224 Passionem
3257 5175 3409 5221 tuam

74 5253 193 5332 καὶ
215 5269 304 5325 τὰ
337 5265 598 5336 σωτήρια
619 5259 799 5332 πάθη·
826 5257 1138 5332 προσκυνοῦ
1147 5257 1245 5329 μέν
1275 5273 1370 5310 σου
1390 5253 1490 5328 τὴν
1513 5256 1713 5310 εἰκόνω

1824 5258 2148 5314 adoramus.
2203 5257 2341 5324 Quis
2391 5273 2640 5330 unquam
2691 5267 2926 5316 mortem
2963 5258 3108 5314 vidit
3152 5257 3411 5313 adorari?

70 5367 300 5423 πάντα
327 5359 411 5413 τὰ
439 5355 534 5410 σοῦ
566 5351 984 5428 προσκυνοῦμεν
1005 5367 1020 5382 ·
1049 5350 1178 5413 τοῦς
1207 5347 1567 5420 θεράποντας,
1596 5346 1713 5410 τοὺς

1832 5346 2294 5424 Ωυίελοτυοὶειυε
2334 5348 2532 5421 dignos
2571 5351 2724 5407 cultu
2763 5350 3020 5407 censuit?
3065 5349 3177 5404 Nos
3224 5356 3408 5404 tamen

73 5460 344 5532 φίλους,
396 5449 494 5502 καὶ
525 5446 634 5516 πρὸ
654 5443 864 5500 τούτων
892 5441 993 5515 τὴν
1027 5440 1263 5532 Μητέρα
1294 5438 1406 5532 τὴν
1437 5436 1713 5532 Θεοτόκον.

1833 5441 2181 5511 corporalem
2231 5439 2328 5497 Dei
2377 5442 2486 5497 mei
2529 5451 2787 5508 mortem,
2835 5441 3250 5511 salutaremque
3282 5455 3411 5511 pas—

70 5528 346 5611 sionem
385 5553 521 5594 vere
553 5537 874 5592 adoramus.
902 5533 1214 5588 Adoramus
1244 5530 1564 5602 imaginem,
1593 5528 1890 5588 adoramus
1918 5533 2104 5588 omnia
2133 5548 2256 5604 quae
2293 5539 2390 5588 tua
2453 5545 2606 5598 sunt,
2673 5534 2986 5600 ministros,
3048 5534 3280 5602 amicos,
3343 5547 3409 5588 ac

67 5658 214 5718 prae
262 5630 515 5693 caneris
543 5630 789 5686 divi-nam
825 5625 1054 5682 Matrem
1086 5631 1264 5678 tuam.

89 4623 651 4701 πεπυρακτωμένον
681 4620 1022 4691 δεδοίκαμεν,
1057 4619 1118 4672 οὑ
1143 4616 1232 4670 διά
1258 4615 1357 4688 τὴν
1377 4614 1474 4669 τοῦ
1504 4615 1724 4686 σιδήρου

87 4721 308 4796 φύσιν,
351 4715 498 4770 ἀλλὰ
538 4711 630 4767 διά
667 4709 730 4765 τὸ
753 4709 1032 4782 ἡνωμένον
1077 4707 1228 4778 αύτῷ
1266 4707 1418 4778 πύρ’,
1452 4703 1598 4758 οὕτω
1625 4704 1726 4796 τῂν

86 4794 306 4888 σάρκα
343 4808 456 4878 τὴν
489 4804 588 4876 σὴν
621 4799 938 4875 προσκυνῶ,
977 4799 1038 4852 οὐ
1092 4798 1182 4851 διὰ
1225 4797 1326 4868 τὴν
1367 4796 1471 4888 τῆς
1521 4794 1727 4888 σαρκὸς

163 5825 220 5858 ³ο
274 5817 412 5875 lsa.
477 5827 540 5880 ιι,
569 5810 628 5866 3.
724 5810 770 5842 '°
800 5806 995 5864 Matth.
1035 5820 1193 5870 xvm,
1225 5802 1317 5862 20.
1418 5803 1462 5836 ²¹
1515 5800 1647 5858 ibid.
1679 5800 1766 5857 18.
1848 5799 1893 5832 ¹²
1918 5797 2077 5856 Galat
2114 5815 2152 5866 I,
2177 5797 2230 5866 8,
2261 5797 2332 5878 9..
2389 5799 2436 5832 “
2468 5797 2734 5855 Videlicet
2789 5795 3085 5852 Anathema
3129 5796 3224 5852 sit.
