3904 6358
521 433 655 498 12:3

1712 419 1770 476 S.
1813 416 2052 478 ΙΟΑΝΝ
2064 417 2133 474 IS
2173 413 2600 478 DAMASCENI

3655 405 3816 465 124i

589 539 958 595 Obsecramus
1018 534 1202 602 itaque
1261 528 1353 583 Dei
1410 527 1640 597 plebem,
1694 537 1913 594 gentem
1963 541 2091 578 san-

2264 522 2632 591 Δυσωποῦμεν
2651 519 2705 570 δὲ
2735 518 2825 570 καὶ
2849 516 2939 568 τὸν
2963 515 3055 567 τοῦ
3087 513 3222 566 Θεοῦ
3258 513 3405 579 λαὸν,
3447 513 3508 566 τδ
3528 512 3722 575 ἔθνος
3756 520 3818 566 τὴ

519 641 685 692 ιτιειιιι,
744 636 801 680 ιιι
849 624 1245 680 ecclesiasticis
1299 619 1573 675 institutis
1611 617 1859 687 pressius
1903 616 2087 669 adhae-

519 728 720 774 rcscat.
746 715 1060 770 Priscarum
1085 713 1230 767 enim
1266 709 1549 780 abrogatio
1575 708 1933 762 traditionum
1967 721 2091 759 sen-

518 812 623 865 sim
682 807 1022 870 introducta,
1075 815 1337 875 tanquam
1378 803 1424 858 si
1466 802 1534 856 ab
1562 799 1795 854 aedilicio
1830 799 2089 868 paulatim

2194 615 2368 682 ἅγιον,
2399 613 2507 664 τῶν
2540 605 3006 680 ἐκκλησιαστικῶν
3039 604 3358 676 ἀντέχεσθαι
3395 606 3812 676 παραδόσεων.

2205 705 2269 756 Ἢ
2302 702 2409 772 γὰρ
2466 700 2605 754 κατά
2655 697 2889 768 σμικρὸν
2940 696 3048 748 τῶν
3097 694 3550 765 παραδεδομένων
3623 695 3814 764 ἀφαί-

2198 811 2366 866 ρεσις,
2419 792 2494 854 ὡς
2541 791 2601 856 ἐξ
2631 787 2924 857 οἰκοδομῆς
2966 786 3150 850 λίθων,
3189 785 3383 838 θᾶττον
3422 785 3675 839 ἃπασαν
3713 787 3816 854 τὴν

517 901 920 955 subtrahantur
974 896 1233 965 lapides,
1285 902 1626 947 structuram
1702 904 1923 943 onmem
1979 887 2093 940 cito

2210 883 2482 954 δίκοδομὴν
2535 880 3004 952 καταρῤήγνυσιν.
3063 876 3164 947 Εἴη
3199 876 3258 928 δὲ
3299 877 3448 946 ἡμᾶς
3502 876 3811 948 ἑδραίους,

519 992 708 1046 diruit.
745 989 905 1045 Faxit
955 989 1102 1043 Deus
1152 995 1210 1040 ut
1261 985 1439 1047 lirmi,
1485 982 1713 1038 stabiles
1757 988 1814 1034 et
1875 977 2090 1032 immmi

521 1101 867 1149 maneamus,
920 1096 1090 1151 supra
1147 1080 1360 1132 lirmam
1423 1083 1632 1144 petram
1689 1070 1929 1133 fundati,
1971 1085 2091 1139 qum

519 1181 778 1236 Christus
818 1187 904 1234 est
935 1195 948 1230 :
982 1189 1144 1247 quem
1181 1173 1340 1226 decet
1391 1169 1586 1238 gloria,
1626 1167 1799 1220 honor
1855 1172 1909 1219 et
1959 1162 2093 1217 ado-

520 1275 660 1327 ratio
695 1287 818 1325 cum
868 1268 1029 1322 Patre
1080 1274 1134 1321 et
1187 1263 1396 1332 Spiritu
1445 1268 1658 1323 sancto,
1697 1273 1865 1320 nunc,
1902 1263 1956 1310 et
1998 1269 2094 1324 per

519 1364 735 1424 inﬁnita
769 1361 966 1416 saecula
995 1356 1346 1412 surculorum.
1376 1354 1570 1406 Amen.

528 1542 784 1560 ’1—

2198 977 2497 1046 ἁκαμπεῖς,
2529 972 2858 1040 ἀκλονὴτους
2886 968 3185 1038 διαμένειν,
3220 968 3314 1019 ἐπὶ
3342 967 3545 1038 πέτραν
3577 967 3812 1036 ὀχυρὰν

2200 1064 2654 1136 ἐστηριγμένους,
2673 1063 2795 1132 ἥτις
2816 1060 2962 1113 ἐστὶν
2997 1062 3025 1113 ό
3057 1059 3314 1132 Χριστὸς,
3407 1060 3619 1128 πρέπει
3642 1059 3808 1122 δόξα,

2201 1156 2295 1209 καὶ
2323 1155 2478 1224 τιμὴ,
2543 1154 2636 1207 καὶ
2668 1149 3060 1223 προσκύνησις,
3110 1151 3209 1203 σὺν
3251 1149 3330 1221 τῷ
3359 1151 3534 1220 Πατρὶ
3579 1151 3690 1202 καὶ
3729 1148 3808 1216 τῷ

2202 1247 2500 1316 Πνεύματι,
2532 1243 2628 1298 νῦν
2663 1244 2758 1296 καὶ
2801 1243 2908 1308 ἀεὶ,
2937 1243 3018 1304 είς
3048 1241 3175 1304 τοὺς
3209 1240 3554 1312 ἀπεράντους
3583 1242 3808 1302 αἰῶνας

2199 1339 2306 1396 τῶν
2329 1337 2558 1391 αἰώνων.
2596 1335 2788 1406 Ἀμήν.

2626 1481 2656 1503 θ

791 1513 2983 1554 _______________________________.____..._..__

952 1684 1178 1774 ΤΟΥ
1257 1676 1590 1766 ΛΓΙΟΥ
1661 1673 2164 1760 ΙΩΑΝΝΟΥ
2237 1669 2466 1758 ΤΟΥ
2543 1665 3323 1760 ΔΛΜΑΣΚΗΝΟΥ

1832 1854 2048 1908 ΛΟΓΟΣ
2114 1851 2470 1905 ΔΕΥΤΕΡΟΣ

1336 2019 1525 2074 ΠΡΟΣ
1568 2017 1752 2076 ΤΟΥΣ
1783 2011 2329 2072 ΔΙΑΒΑΛΛΟΝΤΑΣ
2356 2010 2584 2064 ΑΓΙΑΣ
2647 2005 2971 2064 ΕΙΚΟΝΔΣ.

1227 2350 1350 2461 S.
1521 2343 2114 2463 JOANNIS

2272 2340 3087 2456 DAMASCENI

1991 2564 2250 2621 ORATIO
2289 2567 2332 2620 ll

1118 2730 1512 2793 ADVERSUS
1565 2728 1706 2789 nos
1763 2727 1896 2802 QUI

1972 2725 2256 2787 SACRAS
2335 2725 2708 2792 IMAGINES
2777 2721 3203 2785 ABJICIUNT.

607 3032 658 3084 Ι.
695 3028 954 3084 Poscenti
1003 3026 1220 3080 veniam
1257 3025 1549 3094 ignoscite,
1589 3025 1796 3080 domini
1827 3027 1958 3092 mei,
1984 3035 2039 3082 et
2076 3041 2106 3080 a

2278 3026 2348 3081 α’.
2392 3027 2521 3079 Δότε
2553 3025 2886 3094 συγγνώμην
2937 3023 3199 3084 αἰτοῦντι,
3247 3021 3509 3079 δεσπόται
3540 3038 3677 3090 μου,
3711 3022 3800 3074 καί

537 3137 625 3176 me
655 3119 836 3174 inutili
866 3117 1206 3185 minimoque
1238 3113 1331 3170 Dei
1369 3115 1577 3171 famulo
1605 3117 1986 3186 explicationis
2018 3133 2110 3172 vc-

537 3209 720 3265 ritati-s
749 3207 914 3262 verba
951 3206 1237 3276 suscipite.
1283 3205 1403 3260 Non
1431 3207 1574 3260 enim
1617 3209 1803 3277 gloria:
1828 3209 2112 3280 captanda:

537 3302 742 3367 studio,
774 3301 880 3363 vel,
910 3309 967 3356 ut
991 3280 1197 3370 aliquid
1226 3315 1348 3356 esse
1375 3300 1564 3355 videar
1585 3300 1753 3369 (Deus
1793 3301 1951 3356 testis
1981 3304 2108 3371 est),

537 3390 634 3446 sed
667 3389 915 3446 veritatis
953 3403 1222 3443 accensus
1254 3388 1372 3441 zelo
1395 3427 1410 3452 ,
1444 3388 1508 3441 ad
1541 3389 1836 3442 dicendum
1877 3389 2106 3444 accessi.

539 3482 596 3537 In
634 3483 737 3538 hoc
760 3481 909 3536 enim
944 3479 1139 3536 salutis
1167 3493 1298 3533 meae
1319 3494 1469 3548 spem
1497 3478 1781 3543 collocavi,
1811 3487 1865 3534 et
1895 3494 2020 3532 cum
2047 3495 2112 3533 co

535 3575 758 3629 obviam
799 3588 886 3626 me
919 3571 1144 3626 Christo
1181 3569 1417 3625 Domino
1463 3570 1667 3624 iturum
1702 3585 1888 3641 spero,
1917 3571 2114 3625 arden-

539 3667 699 3733 tique
737 3679 966 3734 prorsus
996 3662 1182 3718 studio
1221 3662 1518 3728 desidero;
1561 3677 1734 3717 meam
1766 3663 1909 3716 hanc
1940 3677 2113 3716 aemu-

540 3754 802 3808 lationem
837 3752 942 3822 ipsi
987 3751 1230 3806 oﬂ'erens
1267 3751 1318 3804 in
1355 3751 1727 3820 expiationem
1764 3767 1956 3806 eorum
1989 3767 2112 3821 quae

540 3845 730 3913 inique
782 3843 888 3913 egi.
935 3839 1072 3896 Nam
1117 3843 1213 3912 qui
1263 3855 1293 3894 a
1345 3840 1580 3896 Domino
1624 3842 1872 3914 quinque
1905 3844 2111 3898 talenta

540 3942 849 4007 acceperat,
878 3934 984 3988 alia
1017 3934 1268 4003 quinque
1319 3948 1443 4003 quae
1486 3933 1735 3990 lucratus
1775 3935 1976 4002 fuerat,
2009 3937 2110 3991 ob-

539 4029 664 4084 tulit
686 4027 734 4061 "'
762 4045 778 4095 ;
808 4027 990 4096 et.qui
1025 4025 1156 4092 duo,
1186 4026 1448 4093 totidem;
1473 4026 1567 4097 qui
1591 4042 1722 4082 vero
1757 4043 1924 4087 unum
1948 4042 2111 4084 acce-

537 4126 712 4190 perat,
738 4133 865 4173 cum
895 4116 1028 4173 illud
1048 4115 1198 4186 quod
1232 4116 1287 4170 in
1319 4126 1522 4171 terram
1555 4115 1786 4180 fuderat,
1811 4118 1931 4172 sine
1960 4134 2113 4174 emo-

539 4210 786 4265 lumento
823 4208 1169 4278 protulisset,
1203 4222 1397 4262 servus
1429 4207 1608 4262 malus
1641 4207 1900 4274 audiens,
1935 4209 1990 4262 in
2017 4225 2115 4263 ex-

537 4300 772 4356 teriores
805 4298 1059 4354 tenebras
1097 4298 1356 4353 detrusus
1398 4305 1505 4353 est.
1543 4297 1708 4367 Atqui
1758 4299 1813 4353 id
1864 4301 2112 4370 quidem,

2211 3118 2434 3184 δέξασθε
2465 3116 2839 3190 πληροφορίας
2882 3115 3062 3188 λόγον,
3109 3113 3238 3185 παρ’
3262 3112 3397 3183 ἐμοῦ
3443 3112 3538 3165 τοῦ
3567 3113 3800 3184 ἀχρείςυ

2213 3214 2308 3266 καὶ
2337 3192 2621 3281 ἐλαχίστου
2654 3209 2842 3262 δούλου
2870 3211 2970 3278 τῆς
2999 3207 3094 3260 τοῦ
3127 3206 3258 3260 Θεοῦ
3313 3205 3672 3274 Ἐκκλησίας.
3729 3208 3800 3259 Οὐ

2213 3305 2322 3374 γὰρ
2350 3301 2507 3371 δόξης
2533 3301 2740 3364 ἕνεκεν,
2763 3300 2795 3370 ἦ
2827 3297 3212 3376 φανῃτιασμοῦ
3235 3297 3369 3368 ’πρὸς
3394 3296 3455 3349 τδ
3478 3298 3671 3365 λέγειν
3699 3298 3802 3367 ὧρ-

2217 3373 2366 3464 μησα
2389 3409 2403 3424 ο
2427 3393 2558 3456 Θεὸς
2587 3393 2795 3463 μάρτυς
2816 3407 2830 3420 ο
2860 3373 2995 3444 ἦλα
3014 3390 3161 3460 ζήλῳ
3189 3389 3467 3458 ἀληθείας.
3493 3389 3680 3464 socc?
3698 3391 3798 3457 γὰρ

2217 3489 2378 3558 μόνον
2415 3484 2605 3538 ἐλπίδα
2655 3483 2930 3554 σωτηρίας
2991 3481 3287 3552 κέκτημαι,
3349 3482 3444 3534 καὶ
3493 3483 3594 3534 σὺν
3653 3483 3798 3552 αὐτῷ

2214 3578 2520 3648 ὑπαντῆσαι
2547 3575 2622 3645 τῷ
2645 3575 2888 3643 Δεσπότῃ
2918 3573 3160 3645 Χριστῷ,
3184 3573 3388 3637 ἐλπίζω
3408 3563 3505 3625 καὶ
3536 3573 3797 3645 εὔχομαι,
3827 3589 3877 3642 _‘

2213 3668 2401 3721 τοῦτον
2431 3665 2580 3735 αὐτῷ
2629 3664 2974 3735 προσφέρων,
3021 3663 3130 3715 τῶν
3167 3664 3385 3728 ἀτόπως
3420 3680 3513 3732 μοι
3540 3668 3830 3736 iter).an
3876 3675 3877 3680 ‘

2217 3744 2540 3832 μελημένων
2571 3755 2825 3826 γενέσθαι
2856 3755 3117 3826 ἑξίλασμα
3141 3772 3155 3786 ·
3189 3757 3216 3808 ὁ
3250 3757 3348 3827 μὲν
3379 3758 3487 3828 γὰρ
3525 3757 3596 3810 τὰ
3638 3760 3794 3811 πέντε
3829 3749 3877 3820 ἶ

2213 3852 2450 3904 τάλαντα
2475 3839 2624 3921 παρά
2645 3845 2740 3901 τοῦ
2767 3845 3037 3899 Δεσπότου
3055 3845 3258 3910 λαϐὼν,
3295 3847 3456 3915 ἕτερα
3480 3846 3652 3898 πέντε
3693 3865 3800 3916 κερ-

2213 3943 2400 4014 δήσας,
2434 3941 2774 4013 προσήγαγε·
2803 3939 2898 3990 καὶ
2926 3939 2954 3990 ό
2981 3937 3050 3990 τὰ
3073 3935 3186 4001 δύο,
3226 3936 3489 4009 ἰσάριθμα
3516 3936 3637 3990 δύο.
3657 3939 3720 3988 ὐ
3753 3939 3797 3989 δὲ

2213 4035 2274 4089 τὸ
2298 4033 2628 4106 ἓνείληφὼς,
2679 4030 3001 4103 κατορύξας,
3031 4031 3123 4082 καὶ
3149 4030 3393 4101 ἄκαρπον
3443 4029 3804 4102 τοῦτονπροςσ

2214 4124 2460 4197 αγαγὼν,
2513 4124 2746 4197 πονηρὸς
2775 4123 2960 4187 δοῦλος
2998 4121 3256 4186 ἀκούσας,
3291 4122 3372 4184 είς
3414 4121 3474 4174 τὺ
3528 4120 3799 4194 ἐξώτερον

2215 4217 2610 4288 κατακέκριται
2633 4217 2846 4280 σκότος.
2881 4216 3060 4285 Ὅπερ
3098 4213 3210 4284 ἐγὼ
3246 4213 3321 4284 μὴ
3352 4213 3544 4267 παθεῖν
3575 4215 3801 4287 ὑφορώ-

2219 4327 2379 4383 μενος
2408 4310 2486 4382 τῷ
2541 4307 2854 4379 Δεσποτικῷ
2903 4307 3112 4362 ὑπείκω
3165 4306 3568 4375 προστάγματι,
3612 4309 3720 4360 καὶ
3755 4308 3801 4359 τὸ

539 4406 608 4447 ne
637 4391 770 4446 mihi
818 4391 1168 4461 contingeret
1199 4390 1434 4455 veritus,
1474 4389 1692 4444 Domini
1735 4389 1912 4460 jussis
1941 4393 2106 4449 obse-

2215 4379 2496 4470 δεδομένον
2547 4415 2638 4468 μοι
2664 4398 2794 4468 παρ’
2818 4396 2983 4451 αὑτοῦ
3013 4395 3108 4450 τοῦ
3137 4396 3297 4464 λόγου
3327 4396 3591 4449 τάλαντον
3611 4437 3629 4460 ,
3681 4401 3800 4468 ὑμῖν

538 4497 699 4552 quor,
731 4489 784 4536 et
822 4481 1101 4536 sermonis
1154 4481 1424 4536 talentum
1484 4481 1631 4550 quod
1687 4483 1825 4536 mihi
1877 4483 1948 4538 ab
1994 4484 2116 4554 ipso

538 4573 894 4629 commissum
941 4580 1046 4638 est,
1098 4572 1245 4643 apud
1300 4587 1400 4629 vos
1449 4574 1750 4643 prudentes
1801 4577 2116 4633 mensarios

537 4663 777 4734 depono,
821 4672 881 4718 ut
911 4678 1038 4718 cum
1085 4663 1351 4720 Dominus
1398 4679 1555 4720 meus
1595 4665 1902 4733 advenerit,
1943 4669 2118 4723 multo

537 4752 676 4808 illud
724 4753 1038 4808 animarum
1099 4752 1290 4810 fenore
1311 4762 1580 4822 auctum,
1642 4771 1840 4827 meque
1901 4757 2112 4812 ﬁdelem

537 4858 759 4902 servum
794 4845 1055 4914 inveniat,
1081 4855 1137 4901 et
1161 4845 1220 4900 in
1241 4847 1651 4916 optatissimum
1683 4849 2112 4904 suavissimum-

538 4951 648 5006 que
681 4937 943 5006 gaudium
975 4953 1138 5008 suum
1177 4938 1518 4994 introdueat.
1546 4939 1677 4994 Mihi
1708 4943 1898 5012 itaque
1931 4951 2114 4998 atten-

538 5035 624 5082 tas
651 5042 816 5084 aures
845 5029 1079 5099 praebete
1112 5048 1126 5084 :
1159 5032 1423 5100 expansis
1455 5034 1706 5087 cordium
1739 5034 1962 5099 mensis,
1995 5051 2113 5090 ser-

538 5132 754 5173 monem
782 5135 962 5174 meum
1001 5120 1260 5190 excipite,
1289 5122 1695 5194 verborumque
1719 5140 1967 5180 meorum
2003 5128 2110 5181 vim

537 5223 698 5277 :equo
727 5209 1058 5280 sinceroque
1085 5212 1271 5268 animo
1308 5223 1557 5283 pensate.
1604 5215 1747 5281 Quin
1793 5225 1851 5270 ut
1877 5217 2108 5272 alteram

537 5297 682 5353 hanc
733 5315 834 5370 pro
889 5301 1224 5373 imaginibus
1273 5304 1724 5361 dissertationem
1785 5308 2105 5372 scriberem,

535 5385 674 5442 mihi
701 5395 1337 5464 suggesseruntquidam
1366 5393 1626 5450 Ecclesiae
1656 5396 1750 5450 lilii
1781 5404 1836 5451 et
1863 5397 2106 5462 alumni;

535 5477 664 5547 quia
695 5478 1110 5550 intelligentiam
1145 5485 1347 5554 prioris
1378 5486 1534 5541 multi
1563 5487 1700 5543 satis
1734 5489 1975 5544 assecuti
1998 5503 2106 5542 non

535 5576 740 5621 essent.
778 5567 1144 5634 Quamobrem
1193 5574 1297 5627 hoc
1331 5576 1461 5628 item
1512 5576 1645 5630 mihi
1686 5577 1848 5633 velim
1898 5577 2107 5633 condo-

538 5663 684 5723 nate,
718 5657 1043 5714 obedientiac
1073 5663 1265 5716 munia
1293 5664 1544 5718 obeunti.

598 5811 641 5842 “
665 5812 873 5872 Matth.
901 5831 1024 5882 xxv,
1051 5818 1144 5873 ‘20.

2213 4489 2692 4559 παρατίθημιτοῖς
2725 4489 3006 4560 φρονίμοις
3028 4486 3407 4560 τραπεζίταιςο
3443 4486 3602 4549 ὅπως
3636 4490 3802 4541 ἐλθὼν

2198 4583 2240 4635 ’ὁ
2273 4581 2478 4652 Κύριός
2508 4599 2634 4652 μου,
2677 4581 2826 4653 εὖροι
2855 4581 3428 4652 πολυπλασιαζόμενον
3448 4619 3464 4643 ,
3497 4580 3595 4634 καὶ
3648 4583 3800 4636 τόκον

2213 4673 2598 4745 καρποφοροῦν
2629 4673 2839 4744 ψυχῶν,
2867 4675 2962 4726 καὶ
3004 4673 3188 4726 δοῦλον
3230 4671 3420 4725 πιστὸν
3451 4670 3667 4741 εὑρὼν,
3697 4676 3800 4725 εἱσι

2214 4765 2396 4833 αγάγῃ
2432 4779 2498 4834 με
2538 4764 2618 4826 εἰς
2637 4763 2734 4833 τὴν
2771 4761 3161 4834 πεποθημένην
3199 4779 3289 4831 μοι
3323 4761 3685 4831 γλυκυτάτην
3717 4781 3804 4832 χα-

2221 4841 2319 4926 ρὰν
2359 4853 2544 4908 αὑτοῦ.
2601 4855 2758 4908 Ἀλλὰ
2802 4854 2922 4908 δότε
2956 4871 3046 4923 μοι
3083 4848 3177 4916 οὖς
3208 4853 3545 4924 ἀκροάσεως,
3570 4855 3681 4905 καὶ
3711 4856 3802 4912 τὰς

2216 4947 2490 5018 τραπέζας
2512 4945 2620 5000 τῶν
2653 4946 2891 5017 καρδιῶν
2934 4944 3399 5006 ἀναπετάσαντες,
3429 4942 3668 5006 δέξασθὲ
3705 4963 3798 5013 μου

2216 5041 2306 5093 τὸν
2330 5040 2508 5107 λόγον,
2535 5040 2630 5092 καὶ
2670 5038 2975 5111 εἰλικρινῶς
3001 5036 3314 5109 διακρίνατε
3349 5035 3457 5088 τῶν
3481 5033 3800 5105 λεγομένων

2205 5132 2314 5202 τὴν
2335 5130 2582 5201 δύναμιν.
2611 5130 2873 5201 Δεύτερον
2901 5129 2958 5182 δὲ
2979 5129 3167 5182 τοῦτον
3183 5130 3276 5183 τὸν
3305 5127 3459 5197 λόγον
3490 5127 3625 5196 περὶ
3655 5129 3798 5180 εἰκό-

2219 5243 2325 5277 νων
2349 5224 2636 5292 συνέταξα.
2664 5225 2820 5288 Τινὲς
2841 5225 2949 5296 γὰρ
2975 5225 3081 5278 τῶν
3106 5223 3314 5280 τέκνων
3330 5221 3427 5292 τῆς
3469 5220 3800 5294 Ἐκκλησίας

2217 5313 2476 5368 ὑπέθεντό
2524 5332 2614 5385 μοι
2649 5315 2808 5368 τοῦτο
2832 5316 3078 5385 ποιῆσαι,
3120 5314 3209 5371 διὰ
3236 5313 3296 5366 τὸ
3332 5313 3408 5383 μὴ
3437 5311 3582 5365 πάνυ
3619 5312 3799 5364 5:36:31-

2216 5419 2458 5470 γνωστον
2498 5407 2614 5468 τοῖς
2646 5404 2858 5469 πολλοῖς
2890 5405 2981 5458 τον
3006 5404 3221 5476 πρῶτον
3253 5399 3394 5458 εἶναι
3413 5421 3425 5434 ·
3456 5402 3593 5455 ἀλλὰ
3623 5406 3724 5458 καὶ
3747 5405 3798 5453 ἐν

2217 5491 2387 5558 τούτῳ
2410 5492 2685 5563 σύγγνωτέ
2717 5512 2828 5566 μοι,
2859 5496 3107 5565 ὑπακοὴν
3130 5491 3571 5568 ἐκπληρώσαντι.
