3904 6358
463 372 598 434 128⁸1

1654 365 1716 424 S.
1757 362 2079 426 IOANNIS
2121 362 2549 425 DAMASCENI

3576 358 3755 423 1288

462 497 673 545 remur,
700 478 1033 534 admiremur
1064 486 1121 533 et
1162 476 1457 533 imitentur.
1488 473 1624 539 Quis
1661 488 1825 544 porro
1852 473 2044 542 cogni-

2158 472 2270 536 θεας
2293 473 2433 526 κατά
2474 472 2568 527 τοῦ
2601 473 2870 527 διαϐόλου.
2914 474 3021 528 Kal
3053 474 3140 538 τίς
3160 473 3299 545 ἔχων
3321 473 3521 541 γνῶσιν
3564 470 3753 522 θείαν

460 574 614 629 tione
665 570 847 624 divina
904 578 958 622 et
981 568 1257 638 spirituali
1292 564 1653 635 intelligentia
1682 564 1945 626 imbutus,
1994 561 2046 615 id

465 661 789 725 suggerente
856 654 1078 708 diabolo
1116 669 1226 709 non
1261 661 1565 724 cognoscat
1585 652 1865 705 inventum
1898 650 1920 702 ?
1957 647 2050 702 Ille

466 747 613 801 enim
677 745 887 800 cladem
941 746 1407 816 ignominiamque
1476 758 1633 800 suam
1695 742 1875 812 palam
1934 748 2049 793 tra-

469 836 590 890 duci
622 850 785 906 quam
805 837 1090 905 aegerrime
1120 838 1351 905 patitur,
1379 850 1479 890 nec
1495 833 1589 889 Dei
1622 840 2049 901 sanctorumque

466 924 698 996 gloriam
731 924 966 994 picturis
1004 925 1297 981 celebrari.

540 1016 595 1071 5.
633 1015 690 1071 1η
728 1032 918 1072 errore
957 1016 1178 1086 quidem
1208 1030 1575 1079 versaremur,
1611 1012 1658 1070 si
1689 1013 1776 1068 vel
1802 1010 2048 1066 invisibi-

470 1108 542 1163 lis
584 1107 677 1163 Dei
718 1108 1118 1163 conficeremus
1150 1107 1489 1177 imaginem;
1522 1107 1783 1184 quoniam
1824 1104 1875 1159 id
1901 1104 2048 1175 quod

470 1215 796 1269 corporeum
857 1216 964 1254 non
995 1209 1102 1263 est,
1132 1213 1235 1253 nec
1270 1198 1512 1261 visibile,
1555 1212 1655 1252 nec
1692 1195 2047 1252 circumscri-

473 1297 651 1359 ptum,
709 1303 812 1343 nec
861 1288 1179 1358 figuratum;
1215 1289 1362 1357 pingi
1422 1288 1648 1342 omnino
1697 1303 1806 1341 non
1845 1294 2045 1356 potest.

476 1380 647 1449 lmpie
674 1395 897 1434 rursum
933 1394 1245 1450 ageremus,
1280 1380 1325 1434 si
1352 1379 1673 1434 eﬂormatas
1707 1378 1914 1447 a332
1946 1393 2047 1431 no-

474 1473 565 1527 bis
620 1456 900 1526 hominum
992 1458 1261 1541 imagines
1303 1472 1436 1526 deos
1488 1485 1612 1526 esse
1635 1469 2046 1535 arbitraremur,

476 1563 669 1632 eisque
701 1570 959 1632 tanquam
984 1561 1090 1616 diis
1125 1561 1345 1616 divinos
1373 1562 1618 1616 honores
1653 1560 2045 1615 tribueremus.

476 1655 547 1708 At
581 1654 716 1707 nihil
755 1654 948 1708 horum
1004 1669 1233 1724 prorsus
1289 1653 1653 1708 admittimus.
1690 1652 1795 1707 Sed
1828 1659 2049 1722 postea-

477 1759 642 1813 quam
704 1743 849 1798 Deus
886 1760 987 1814 pro
1019 1743 1280 1799 ineffabili
1328 1744 1574 1798 bonitate
1610 1758 1731 1809 sua,
1768 1749 2048 1809 assumpta

2151 566 2242 618 καὶ
2272 565 2488 618 σύνεσιν
2523 566 2921 635 πνευματικὴν,
2947 567 3047 619 οὐκ
3068 566 3443 634 ἐπιγινώσκει,
3469 564 3555 615 ὅτι
3585 561 3755 613 ὕπο-

2149 652 2278 722 6ολὴ
2327 652 2422 706 τοῦ
2470 654 2715 706 διαϐόλου
2773 654 2920 709 ἐστίν
2952 672 2967 719 ;
2994 656 3068 708 οὐ
3117 655 3258 709 θέλει
3284 654 3391 723 γὰρ
3419 652 3514 722 τὴν
3543 646 3753 723 ἧτταν

2148 742 2243 794 καὶ
2261 740 2359 811 τὴν
2382 741 2643 811 αἰσχύνην
2662 742 2827 795 αὐτοῦ
2851 744 2914 814 δη
2924 743 3293 813 μοσιεύεσθαι,
3325 743 3444 797 οὐδὲ
3477 741 3579 811 τὴν
3622 737 3749 792 τοῦ

2147 827 2305 895 Θεοῦ,
2347 829 2442 884 καὶ
2467 831 2577 882 τῶν
2622 832 2794 899 ἁγίων
2838 832 3003 886 αὑτοῦ
3048 831 3207 897 δόξαν
3238 832 3586 901 ἀνάγραπτον
3636 829 3750 897 γι-

2150 920 2354 975 νεσθαι.

2218 1011 2281 1064 ε’.
2319 1012 2381 1065 Εἰ
2405 1011 2506 1082 μὲν
2524 1013 2635 1085 γὰρ
2659 1012 2755 1068 τοῦ
2773 1016 3009 1087 ἀοράτου
3033 1015 3168 1071 Θεοῦ
3197 1015 3382 1069 εἰκόνα
3398 1011 3739 1081 ἐποιοῦμεν,

2147 1098 2315 1163 ὅντως
2354 1101 2765 1173 ὴμαρτάνομεν.
2814 1105 3098 1159 Ἀδύνατον
3145 1104 3254 1176 γὰρ
3306 1104 3369 1157 τὸ
3399 1102 3735 1170 ἀσώματον.

2147 1190 2243 1242 καὶ
2271 1190 2522 1261 ἀόρατον,
2554 1195 2651 1247 καὶ
2694 1195 3129 1266 ἁπερίγραπτον,
3170 1195 3265 1250 καὶ
3310 1194 3736 1265 ἀσχημάτιστον

2148 1282 2532 1355 εἰκονισθῆναι.
2558 1287 2665 1339 Καὶ
2692 1288 2853 1341 πάλιν
2887 1302 2900 1316 ⁸
2924 1291 2975 1342 εἰ
3020 1288 3313 1359 ἐποιοῦμεν
3351 1287 3573 1348 εἰκόνας
3627 1285 3737 1336 ἀν-

2149 1378 2405 1450 θρώπων,
2434 1379 2528 1433 καὶ
2556 1380 2753 1444 ταύτας
2803 1381 2960 1445 θεοὺς
3007 1381 3306 1453 ἡγούμεθα,
3341 1381 3438 1435 καὶ
3464 1379 3541 1442 ὡς
3575 1379 3733 1442 θεοῖς

2148 1469 2724 1541 ἐλατρεύομεν,6ντως
2765 1472 3091 1542 ἡσεϐοῦμεν.
3147 1471 3289 1525 Ἀλλ’
3319 1472 3467 1524 οὐδὲν
3511 1469 3733 1523 τούτων

2150 1557 2431 1627 ποιοῦμεν.
2462 1556 2597 1610 Θεοῦ
2633 1557 2741 1628 γὰρ
2766 1560 3158 1629 σαρκωθέντος,
3186 1561 3281 1614 καὶ
3324 1559 3583 1629 ὀφθέντος
3629 1560 3733 1611 ἐπὶ

2147 1647 2250 1716 γῆς
2299 1647 2485 1718 σαρκὶ,
2539 1648 2634 1700 καὶ¹
2685 1648 2996 1720 ἀνθρώποις
3044 1649 3605 1721 συνσναστραφέντος.
3656 1649 3732 1701 δι’

2149 1737 2351 1805 ἄφατον
2376 1737 2687 1810 ἀγαθότητα
2724 1740 2819 1793 καὶ
2846 1740 3028 1809 φύσιν,
3056 1743 3149 1796 καὶ
3177 1742 3369 1827 πάχος,
3398 1735 3492 1794 ial
3508 1740 3731 1811 σχῆμα,
3786 1814 3807 1819 η

480 1852 664 1901 carne,
699 1836 756 1890 in
783 1835 948 1891 terris
985 1850 1151 1890 carne
1182 1835 1337 1890 visus
1364 1843 1468 1900 est,
1498 1843 1549 1889 et
1575 1848 1699 1888 cum
1736 1831 2048 1888 hominibus

2158 1830 2248 1882 καὶ
2280 1828 2477 1899 χρῶμα
2527 1831 2729 1901 σαρκὸς
2762 1832 3145 1898 ἀναλαϐόντος,
3189 1834 3380 1888 τούτου
3410 1832 3508 1904 τὴν
3532 1832 3735 1886 εἰκόνα

480 1938 850 1986 conversatus
887 1937 973 1985 est
991 1930 1033 1960 "
1060 1946 1075 1994 ;
1107 1945 1171 1983 ex
1206 1944 1317 1998 quo
1348 1936 1599 1982 naturam
1632 1933 1905 1989 nostram,
1929 1938 2049 1978 cor-

478 2022 870 2091 pulentamque
917 2020 1249 2085 crassitiem,
1282 2018 1511 2088 figuram
1540 2018 1695 2079 item,
1728 2023 1784 2071 et
1808 2015 2047 2069 colorem

480 2111 666 2165 carnis
693 2111 956 2179 suscepit,
993 2123 1342 2179 nequaquam
1384 2107 1735 2170 aberramus,
1772 2120 1897 2160 cum
1928 2102 2049 2172 ejus

477 2200 773 2271 imaginem
802 2200 1186 2270 exprimimus.
1206 2199 1459 2253 Formam
1494 2199 1640 2251 enim
1668 2197 1843 2266 ipsius
1866 2194 2051 2249 videre

477 2291 883 2346 desideramus.
939 2289 1073 2344 Nam
1115 2297 1174 2344 ut
1222 2290 1298 2343 ait
1347 2288 1693 2357 Apostolus:
1740 2306 1757 2337 ι
1787 2284 2051 2340 Videmus

476 2396 578 2451 per
639 2382 950 2451 speculum,
978 2389 1033 2435 et
1089 2381 1144 2435 in
1180 2381 1553 2452 aeliigmate".
1581 2399 1598 2431 ι
1640 2379 1817 2433 Porro
1870 2377 2051 2443 imago

2152 1918 2452 1985 ποιοῦντες,
2511 1922 2572 1973 ού
2628 1921 2994 1993 σφαλλόμεθα.
3060 1922 3342 1995 Ποθοῦμεν
3391 1924 3500 1994 γὰρ
3555 1922 3733 1977 αὑτοῦ

2156 2008 2284 2062 ἰδεῖν
2318 2008 2409 2061 τὸν
2446 2012 2770 2083 χαρακτῆρα
2796 2028 2810 2041 °
2844 2012 2921 2076 ὡς
2947 2014 3056 2085 γάρ
3087 2030 3251 2084 φησιν
3302 2016 3330 2067 ὁ
3358 2013 3499 2078 θεῖος
3562 2015 3735 2067 Ἀπό-

2156 2098 2414 2161 στολος,,‹
2445 2099 2536 2154 Ἐν
2566 2101 2813 2174 ἐσόπτρῳ
2833 2103 2930 2156 καλ⁸
2958 2103 3242 2174 αἰνίγματι
3266 2102 3361 2157 νῦν
3392 2104 3727 2174 βλέπομεν.»

2154 2188 2265 2241 Καὶ
2288 2189 2321 2260 ἡ
2344 2188 2507 2243 εἰκὼν
2535 2190 2613 2256 δέ,
2635 2191 2900 2264 ἐσοπτρόν
2931 2195 3049 2247 ἐστι
3078 2195 3171 2248 καὶ
3197 2195 3447 2265 αἴνιγμα,
3484 2195 3739 2266 ἁρμόζον
3768 2176 3793 2221 έν·

2153 2282 2220 2350 τῇ
2243 2278 2337 2333 τοῦ
2374 2280 2621 2352 σώματος
2651 2284 2808 2354 ἡμῶν
2837 2285 3129 2357 παχύτητι.
3156 2286 3336 2341 Πολλά
3364 2286 3473 2356 γὰρ
3492 2278 3759 2356 κάμνων’

2157 2375 2186 2427 ὁ
2213 2372 2357 2438 νοῦς,
2384 2374 2445 2427 ού
2482 2374 2704 2430 δύναται
2735 2377 2965 2447 ἐκϐῆναι
2991 2380 3062 2433 τὰ
3086 2379 3395 2450 σωματικά.

474 2477 763 2547 speculum
794 2485 956 2532 estet
984 2475 1238 2546 aenigma,
1272 2476 1523 2546 corporis
1573 2474 1752 2529 nostri
1785 2466 2136 2542 spissitudini
2203 2469 2560 2525 conveniens.
2617 2460 3061 2537 Quantumlibet'
3096 2472 3243 2528 enim
3316 2488 3469 2528 mens
3533 2480 3736 2529 nostra

477 2571 713 2636 laboret,
746 2584 809 2625 ea
838 2578 1043 2640 tamen,
1076 2584 1199 2639 qua:
1223 2584 1493 2640 corporea
1515 2576 1666 2634 sunt,
1694 2577 2041 2637 nequaquam
2079 2561 2223 2617 valet
2256 2564 2555 2619 transilire.

550 2662 604 2717 ο.
635 2631 820 2731 Apage
838 2631 923 2725 ft,
967 2631 1150 2718 invide
1181 2631 1421 2718 diabole.
1453 2631 1671 2718 [nvides
1704 2631 1863 2716 nobis
1892 2631 2042 2729 quod

478 2751 695 2807 Domini
735 2752 909 2807 nostri
937 2760 1296 2807 contueamur
1322 2751 1581 2821 efﬁgiem,
1612 2766 1707 2821 per
1731 2763 1894 2820 quam
1923 2763 2052 2803 san-

479 2844 723 2898 ctitatem
756 2841 1169 2912 adipiscamur;
1201 2841 1349 2913 quod
1383 2841 1705 2897 salutiferos
1730 2840 1909 2911 ipsius
1925 2853 2052 2893 cru-

478 2934 658 2987 ciatus
709 2933 1089 3002 inspiciamus,
1128 2933 1524 2989 demissionem
1564 2932 1921 2995 admiremur,
1948 2930 2053 2983 mi-

2226 2663 2299 2721 ς’.
2330 2659 2392 2710 Ὢ
2413 2658 2523 2711 ἀπὸ
2541 2659 2657 2726 σοῦ,
2684 2660 2909 2732 φθονερέ
2929 2662 3160 2729 διάϐολε,
3194 2663 3405 2731 φθονεῖς
3427 2664 3560 2733 ἡμῖν
3597 2664 3737 2717 ἰδεῖν
3776 2660 3779 2671 “

2150 2748 2212 2801 τὸ
2241 2746 2333 2801 τοῦ
2359 2750 2628 2804 Δεσπότου
2652 2753 2684 2822 ἡ
2695 2753 2810 2822 μῶν
2839 2754 3122 2824 ὁμοίωμα.
3147 2756 3241 2808 καὶ⁵
3268 2754 3336 2808 δι’
3366 2755 3530 2807 αὐτοῦ
3562 2756 3736 2823 ἁγια-

2155 2835 2370 2905 σθῆναι,
2403 2837 2497 2891 καὶ
2529 2838 2657 2893 ἰδεῖν
2683 2840 2849 2893 αὑτοῦ
2885 2841 2954 2895 τὰ
2984 2843 3227 2915 σωτήρια
3256 2844 3425 2913 πάθη,
3460 2844 3555 2897 καὶ
3589 2843 3735 2897 θαυ-

2156 2928 2506 2998 μὰσαιαύτοῦ
2538 2931 2639 3001 τὴν
2684 2933 3111 3001 ωγκατάϐασιν,
3149 2935 3244 2989 καὶ
3286 2934 3510 3006 θεωρεῖν
3553 2935 3730 2988 αὑτοῦ

481 3023 673 3078 racula
706 3024 1167 3094 contemplemur.
1232 3024 1465 3094 ejusque
1501 3023 1814 3079 divinitatis
1852 3029 2048 3092 poten-

2158 3019 2219 3071 τά
2246 3018 2520 3091 θαύματα,
2544 3022 2639 3075 καὶ
2676 3022 2917 3089 δοξάζειν
2968 3025 3136 3079 αὑτοῦ
3179 3025 3277 3096 τὴν
3304 3027 3406 3097 τῆς
3465 3026 3735 3099 θεότητος

480 3116 616 3170 tiam
664 3092 976 3171 laudemus.
1012 3113 1234 3170 Sanctis
1266 3092 1496 3171 invides
1554 3128 1717 3185 quem
1749 3111 1895 3168 Deus
1916 3110 2048 3181 ipsis

2158 3109 2399 3183 δύναμιν.
2432 3114 2651 3178 Φθονεῖς
2672 3117 2786 3179 τοῖς
2813 3116 2993 3185 ἁγίοις
3023 3118 3121 3188 τῆς
3154 3092 3306 3189 παρὰ
3335 3092 3470 3172 Θεοῦ
3500 3092 3731 3189 δεδομέ-

482 3204 716 3261 contulit
756 3204 1045 3269 honorem,
1077 3206 1522 3276 descriptamque
1552 3220 1743 3261 eorum
1777 3204 2053 3259 fortitudi-

481 3312 606 3351 nem
635 3305 690 3351 et
720 3296 879 3351 fidem
914 3297 1259 3352 amulemur.
1287 3297 1357 3351 At
1379 3296 1476 3351 tibi
1508 3310 1620 3351 non
1675 3295 2049 3365 obsequimur,

481 3389 667 3445 invide
704 3388 939 3455 diemon,
976 3388 1370 3458 hominumque
1400 3403 1549 3444 osor.
1580 3387 1811 3452 Audite,
1841 3386 2051 3458 pepuli,

480 3481 679 3546 tribus,
721 3480 941 3551 linguae,
977 3480 1105 3545 viri,
1166 3480 1445 3546 mulieres,
1478 3479 1656 3550 pueri,
1702 3493 1887 3545 senes,
1927 3478 2055 3532 ado-

480 3573 775 3639 lescentes,
834 3570 1102 3637 infantes,
1153 3587 1287 3641 gens
1340 3581 1533 3628 sancta
1567 3570 2049 3626 Christianorum:

478 3661 539 3717 Si
570 3662 698 3732 quis
724 3661 1188 3733 evangelizaverit
1205 3661 1364 3718 vobis
1387 3673 1586 3732 praeter
1614 3661 1667 3716 id
1698 3660 1844 3731 quod
1868 3659 2053 3715 Eccle-

480 3754 565 3810 sia
595 3753 865 3808 catholica
903 3767 934 3808 a
972 3754 1501 3824 sanctis_apostolis,
1548 3752 1804 3807 Patribus
1836 3759 1891 3806 et
1916 3766 2051 3805 con-

480 3842 624 3897 ciliis
647 3850 960 3912 acceptum,
987 3842 1055 3897 ad
1085 3843 1232 3897 hunc
1261 3857 1435 3914 usque
1453 3842 1594 3898 diem
1616 3841 1876 3904 servavit,
1893 3855 2052 3896 aures

478 3946 554 3988 ne
600 3932 928 4004 praebeatis;
960 3948 1097 3988 neve
1129 3932 1406 4003 serpentis
1435 3930 1716 3988 suadelam
1743 3931 2049 4000 excipiatis,

478 4021 937 4093 quemadmodum
994 4023 1125 4078 olim
1161 4026 1377 4093 excepit
1409 4023 1542 4088 Eva,
1582 4039 1650 4079 ex
1684 4038 1793 4093 quo
1819 4029 2051 4077 mortem

478 4117 775 4166 consecuta
826 4121 912 4167 est
935 4113 1005 4167 ’⁸.
1054 4111 1210 4166 Licet
1274 4112 1529 4182 angelus,
1569 4112 1697 4167 licet
1732 4112 2049 4179 imperator,

474 4199 813 4269 evangelizet
843 4200 1023 4264 vobis,
1057 4209 1255 4271 praeter
1286 4200 1340 4255 id
1362 4207 1509 4270 quod
1541 4199 1862 4270 accepistis,
1890 4213 2052 4254 aures

479 4289 772 4345 occludite.
797 4288 873 4344 Eo
900 4290 1107 4359 quippe
1132 4290 1495 4345 abstinuerim
1522 4288 1710 4353 modo,
1740 4288 1886 4359 quod
1917 4288 2050 4343 sub-

478 4469 567 4525 nis
586 4471 962 4539 exspectandae
990 4470 1144 4526 locus
1160 4479 1264 4526 est.

552 4559 603 4611 7.
650 4559 919 4614 Caeterum
984 4560 1041 4614 hi
1104 4562 1198 4632 qui
1253 4560 1553 4634 Scriptura:
1602 4580 1763 4621 sensa
1817 4567 2046 4623 minime

479 4656 816 4716 scrutantur,
871 4649 1173 4721 objiciunt,
1232 4667 1328 4723 per
1405 4652 1627 4724 Moysen
1680 4654 2044 4726 legislaturem

477 4739 807 4812 praecepisse
827 4737 997 4796 Deum
1025 4759 1039 4797 :
1074 4759 1093 4792 ι
1118 4740 1198 4797 Ne
1223 4741 1421 4798 feceris
1443 4744 1609 4798 ullam
1626 4740 2042 4801 similitudinem

481 4846 696 4897 eorum,
723 4846 845 4902 quze
868 4831 923 4887 in
950 4832 1113 4899 c0310,
1138 4849 1326 4903 quaeve
1357 4835 1411 4889 in
1433 4843 1576 4891 terra
1596 4844 1725 4891 sunt
1742 4837 1841 4889 ³¹.ι
1862 4834 1931 4889 Et
1948 4850 2046 4906 per

476 4922 805 4992 prophetam
856 4921 1029 4978 David
1082 4941 1097 4978 :
1158 4941 1180 4976 ι
1235 4924 1660 4981 Confundantur
1708 4941 1900 4983 omnes
1948 4927 2044 4998 qui

477 5012 711 5067 adorant
764 5012 1079 5082 sculptilia;
1127 5015 1223 5085 qui
1271 5016 1576 5086 gloriantur
1616 5017 1672 5071 in
1729 5017 2042 5075 simulacris

477 5099 597 5156 suis
619 5099 695 5152 ⁸¹ι
720 5098 935 5169 aliaque
960 5102 1130 5155 multa
1155 5102 1242 5157 his
1265 5103 1488 5159 similia.
1520 5102 1872 5174 Quacunque
1897 5105 2045 5160 enim

476 5189 562 5245 rel
582 5204 651 5245 ex
671 5188 855 5244 divina
881 5187 1188 5261 Scriptura,
1213 5192 1298 5248 vel
1319 5209 1387 5249 ex
1410 5196 1619 5249 sanctis
1641 5192 1902 5250 Patribus
1917 5210 2047 5265 pro-

477 5282 732 5345 tulerint,
775 5280 840 5336 ad
887 5281 1139 5337 eumdem
1176 5285 1399 5340 modum
1424 5285 1774 5356 intelligenda
1794 5287 2040 5341 veniunt.

546 5370 600 5425 8.
615 5368 757 5436 Quid
779 5372 844 5425 ad
880 5371 992 5427 haec
1018 5372 1457 5441 dicemus?Quid
1490 5375 1657 5440 aliud,
1680 5376 1786 5431 nisi
1817 5376 1869 5431 id
1897 5377 2043 5447 quod

477 5460 683 5517 dictum
714 5476 745 5515 a
776 5460 1005 5517 Domino
1053 5472 1139 5521 est
1163 5464 1367 5522 Iudaeis
1398 5467 1422 5520 Ἰ
1458 5488 1474 5519 ι
1508 5467 1846 5523 Scrutamini
1894 5467 2045 5523 Scri-

2151 3218 2248 3273 νης
2298 3205 2481 3268 αὐτοῖς
2530 3207 2719 3277 τιμῆς.
2750 3209 2825 3262 Οὐ
2858 3208 3032 3274 θέλεις
3072 3211 3204 3282 όρᾷν
3232 3212 3381 3282 ἡμᾶς
3408 3211 3508 3283 τήν
3538 3212 3734 3265 αὐτῶν

2150 3292 2305 3358 δόξαν
2330 3296 2701 3366 ἀνάγραπτον,
2736 3300 2830 3353 καὶ
2862 3298 3106 3369 ζηλωτὰς
3138 3300 3381 3368 γίνεσθαι
3414 3302 3514 3372 τῆς
3538 3303 3732 3356 αὐτῶν

2151 3386 2404 3455 ἀνδρείας
2449 3388 2544 3441 καὶ
2589 3389 2845 3453 πίστεως.
2892 3392 2968 3445 Ού
3024 3391 3326 3463 πειθόμεθά
3368 3410 3473 3459 σοι,
3525 3394 3732 3465 δαῖμον

2152 3477 2379 3549 φθονερέ
2426 3481 2522 3533 xal
2575 3480 2950 3552 μισὰνθρωπε.
3015 3484 3310 3537 Ἀκούσατε
3341 3484 3483 3552 λαοὶ,
3530 3485 3730 3553 φυλαὶ,

2152 3568 2416 3635 γλῶσσαι,
2447 3569 2660 3641 ἄνδρες,
2687 3575 2963 3640 γυναῖκες,
2988 3574 3084 3628 καὶ
3136 3575 3343 3641 παῖδες,
3390 3576 3731 3647 πρεσϐύται,

2152 3659 2428 3714 νεανίσκοι
2450 3677 2510 3714 τε
2545 3662 2640 3716 καὶ
2667 3665 2856 3734 νήπια,
2884 3663 2946 3717 τὸ
2973 3664 3123 3729 έθνος
3154 3666 3265 3719 τῶν
3295 3666 3642 3737 Χριστιανῶν
3664 3668 3733 3723 τὸ

2152 3751 2308 3818 ἅγιον
2338 3768 2352 3781 ·
2383 3752 2534 3816 εἴτις
2560 3753 2972 3823 εὐαγγελίζεται
2997 3757 3142 3827 ὑμᾶς
3169 3758 3296 3828 παρ’
3334 3758 3365 3811 ὃ
3412 3758 3732 3828 παρέλαϐεν

2151 3844 2185 3911 ὴ
2217 3838 2479 3914 καθολικὴ
2516 3845 2811 3916 Ἐκκλησία
2837 3848 2991 3918 παρά
3021 3848 3128 3901 τῶν
3169 3849 3344 3918 ἀγίων
3382 3850 3729 3918 ἀποστόλων,

2152 3934 2432 4005 Πατέρων,
2490 3936 2589 3990 καὶ
2616 3938 2892 4005 συνόδων,,
2924 3940 3201 4011 καὶμέχρι
3247 3939 3341 3993 τοῦ
3389 3940 3486 3994 νῦν
3530 3940 3732 4011 διεφύ-

2151 4022 2307 4127 λαξε,
2333 4025 2409 4096 μὴ
2433 4026 2703 4127 ἀκούσητε
2742 4028 2928 4093 αὑτοῦ,
2977 4030 3112 4101 μηδὲ
3162 4029 3393 4103 δέξησθε
3431 4031 3551 4121 τὴνῖ

2154 4114 2359 4186 ϐουλὴν
2382 4115 2476 4169 τοῦ
2511 4116 2709 4187 ὄφεως,
2738 4119 2813 4183 ὡς
2844 4118 3060 4184 ἐδέξατο
3110 4118 3243 4187 Elia,
3301 4122 3399 4175 καὶ
3786 4118 3787 4121 Ἴ

2152 4204 2402 4260 θάνατον.
2429 4206 2547 4261 Κᾶν
2579 4207 2831 4276 ἀγγέλος,
2861 4207 2965 4262 κᾶν
3011 4208 3268 4279 βασιλεὺς
3305 4212 3731 4280 εὐαγγελίζεται

2152 4293 2297 4363 ὑμᾶς
2321 4294 2450 4365 παρ’
2478 4294 2507 4346 ὃ
2534 4290 2894 4365 παρελάϐετε,
2929 4294 3180 4350 κλείσατε
3212 4298 3313 4361 τὰς
3332 4299 3501 4362 ἀκοάς
3528 4317 3545 4332 ο
3570 4301 3730 4355 ὀκνῶ
3764 4362 3777 4369 _

477 4380 563 4435 dit
591 4379 913 4449 Apostolus,
952 4380 1251 4435 Anathema
1274 4383 1341 4435 sit
1366 4382 1434 4446 ³ο,
1458 4379 1681 4452 quando
1708 4381 2048 4437 emendatio-

2158 4383 2260 4453 γὰρ
2280 4383 2417 4461 τέως
2442 4387 2637 4451 εἰπεῖν,
2667 4386 2743 4450 ὡς
2784 4385 2886 4457 ἔφη
2920 4389 2949 4441 ό
2973 4387 3115 4452 θεῖος
3174 4388 3512 4454 ’Δπόστολος,
3544 4390 3731 4447 Ἀγάο
3766 4424 3799 4443 κ
3828 4434 3831 4437 ς
3864 4432 3867 4437 η

2152 4478 2299 4542 θεμα
2336 4473 2511 4540 ἔστω,
2535 4475 2890 4546 ἐκδεχόμενος
2930 4477 3029 4549 τὴν
3057 4476 3365 4549 διόρθωσινι

2220 4562 2287 4628 ζ’.
2326 4564 2488 4618 Ἀλλά
2539 4565 2807 4635 λέγουσιν,
2865 4569 2915 4621 οἰ
2973 4568 3048 4639 μὴ
3089 4569 3424 4641 ἐρευνῶντες
3473 4572 3568 4626 τὸν
3596 4573 3730 4629 νοῦν

2150 4657 2249 4727 τῆς
2276 4657 2520 4729 Γραφῆς,
2551 4657 2635 4712 ὅτι
2663 4655 2814 4712 εἷπεν
2838 4659 2867 4711 ὁ
2883 4660 3013 4723 Θεὸς
3030 4660 3117 4714 διὰ
3139 4662 3420 4726 Μωῡσέως
3434 4663 3530 4717 τοῦ
3551 4682 3727 4737 vapo-

2152 4744 2304 4798 θέτου
2325 4762 2340 4777 ⁶
2391 4765 2410 4798 ι
2433 4747 2507 4800 Ού
2550 4749 2797 4818 ποιήσεις
2828 4750 2936 4803 πᾶν
2977 4750 3247 4821 ὁμοίωμα,
3296 4752 3398 4806 ὅσα
3436 4754 3495 4807 ἐν
3523 4755 3606 4825 τῷ
3629 4756 3728 4810 οὒ-

2152 4836 2321 4907 ρανῷ,
2348 4837 2440 4890 καὶ
2469 4837 2570 4891 ὅσα
2598 4840 2657 4892 ἐν
2694 4841 2760 4911 τῇ
2782 4843 2876 4911 γῇ.
2915 4858 2934 4893 ι
2977 4842 3089 4895 Kal
3112 4842 3202 4897 διά
3235 4843 3401 4897 Δαϐὶδ
3436 4843 3531 4897 τοῦ
3580 4863 3726 4918 προσ

2149 4929 2321 4997 φήτου
2347 4942 2362 4957 ⁸
2402 4946 2422 4980 ι
2454 4929 2913 5001 Αἰσχυνθήτωσαν
2958 4936 3158 4997 πάντες
3204 4934 3256 4987 οἰ
3285 4935 3725 5006 προσκυνοῦντες

2148 5019 2261 5081 τοῖς
2287 5017 2565 5086 γλυπτοῖς,
2595 5020 2647 5072 οἰ
2670 5015 3080 5092 ἐγκαυχώμενοι
3103 5024 3163 5077 ἐν
3188 5026 3303 5087 τοῖς
3343 5024 3584 5089 εἰδιὶιλοις
3622 5028 3725 5080 αύ-

2149 5109 2279 5175 τῶν,
2317 5126 2337 5160 ι
2377 5110 2471 5163 καὶ
2503 5111 2729 5165 τοιαῦτα
2762 5113 2932 5167 πολλὰ
2964 5114 3149 5186 ἐτερα.
3190 5116 3332 5169 Ὅσα
3380 5117 3489 5187 γὰρ
3537 5117 3605 5171 ἐκ
3657 5137 3724 5174 τε
3776 5124 3783 5131 ’

2147 5199 2245 5268 τῆς
2263 5199 2413 5263 θείας
2447 5201 2673 5273 Γραφῆς
2708 5206 2802 5256 καί
2851 5206 2918 5257 ἐκ
2942 5204 3052 5257 τῶν
3081 5205 3251 5274 ἁγίων
3283 5207 3543 5278 Πατέρων
3580 5226 3722 5280 προ-

2147 5290 2434 5359 ενέγκωσι,
2466 5294 2566 5362 τῆς
2591 5293 2761 5364 αὐτῆς
2788 5295 2993 5359 ἐννοίας
3022 5295 3149 5351 εἰσί.

2227 5378 2301 5451 η’.
2364 5382 2430 5434 Τί
2465 5378 2559 5435 οῦν
2600 5383 2762 5453 ἡμεῖς
2790 5401 2969 5454 φαμεν
2997 5387 3134 5455 πρὸς
3175 5383 3380 5452 caiisa;
3407 5385 3463 5439 τί
3490 5385 3643 5450 ἄλλο,
3668 5391 3720 5440 εἰ

2155 5469 2232 5542 μὴ
2272 5471 2333 5524 τὸ
2390 5470 2496 5525 ὑπὸ
2530 5470 2624 5525 τοῦ
2664 5472 2867 5542 Κυρίου
2916 5475 3029 5537 τοῖς
3071 5472 3345 5537 Ἰουδαίοις
3379 5474 3714 5546 εἰρημένον
3806 5556 3809 5561 Ι

548 5639 594 5723 "_
622 5636 858 5723 B_aruch.
897 5661 983 5713 ιιι,
1030 5647 1118 5702 58.
1196 5648 1240 5681 ’⁸
1264 5648 1282 5704 Ι
1307 5647 1431 5703 Cor.
1459 5663 1576 5715 xm,
1614 5645 1698 5701 12.
1774 5645 1979 5705 "Gen.
2011 5665 2046 5705 tl

2158 5652 2164 5704 l
2201 5667 2356 5723 seqq.
2434 5652 2479 5686 ⁸ο
2520 5653 2699 5708 Galat.
2732 5670 2769 5719 ι,
2793 5653 2845 5710 5.
2922 5654 2965 5686 ³¹
2999 5652 3168 5712 Exod.
3202 5668 3296 5718 xx,
3463 5653 3509 5685 ⁸¹
3540 5651 3688 5708 Psal.

474 5719 615 5769 xcvr,
651 5713 705 5767 7,
