  <div class='ocr_page' id='page_1' title='image "/cluster/home/n/w/nwhite01/storage/ocr_20150623/94/hvd.32044052838174/786.png"; bbox 0 0 3904 6358; ppageno 0'>
   <div class='ocr_carea' id='block_1_1' title="bbox 229 453 366 520">
    <p class='ocr_par' dir='ltr' id='par_1_1' title="bbox 229 453 366 520">
     <span class='ocr_line' id='line_1_1' title="bbox 229 453 366 520; baseline 0 0"><span class='ocrx_word' id='word_1_1' title='bbox 229 453 366 520; x_wconf 75' lang='grc'><strong>1289</strong></span> 
     </span>
    </p>
   </div>
   <div class='ocr_carea' id='block_1_2' title="bbox 222 653 1798 730">
    <p class='ocr_par' dir='ltr' id='par_1_2' title="bbox 222 653 1798 730">
     <span class='ocr_line' id='line_1_2' title="bbox 222 653 1798 730; baseline -0.003 -20"><span class='ocrx_word' id='word_1_2' title='bbox 222 657 439 728; x_wconf 76' lang='grc' dir='ltr'>ἔρευνα.</span> <span class='ocrx_word' id='word_1_3' title='bbox 486 656 624 709; x_wconf 79' lang='grc' dir='ltr'>Ἀλλ’</span> <span class='ocrx_word' id='word_1_4' title='bbox 653 657 891 710; x_wconf 74' lang='grc' dir='ltr'>ἐνταῦθα</span> <span class='ocrx_word' id='word_1_5' title='bbox 929 656 1198 728; x_wconf 80' lang='grc' dir='ltr'><strong>νουνεχῶς</strong></span> <span class='ocrx_word' id='word_1_6' title='bbox 1253 655 1573 730; x_wconf 75' lang='grc' dir='ltr'><strong>προσέχετε.</strong></span> <span class='ocrx_word' id='word_1_7' title='bbox 1648 653 1798 708; x_wconf 77' lang='grc' dir='ltr'>’Δὸύο</span> 
     </span>
    </p>
   </div>
   <div class='ocr_carea' id='block_1_3' title="bbox 222 739 1840 816">
    <p class='ocr_par' dir='ltr' id='par_1_3' title="bbox 222 739 1840 816">
     <span class='ocr_line' id='line_1_3' title="bbox 222 739 1840 816; baseline -0.001 -20"><span class='ocrx_word' id='word_1_8' title='bbox 222 763 404 812; x_wconf 88' lang='grc' dir='ltr'>νατον,</span> <span class='ocrx_word' id='word_1_9' title='bbox 437 739 484 799; x_wconf 81' lang='grc' dir='ltr'><strong>ὦ</strong></span> <span class='ocrx_word' id='word_1_10' title='bbox 504 745 805 816; x_wconf 78' lang='grc' dir='ltr'>ἀγαπητοὶ,</span> <span class='ocrx_word' id='word_1_11' title='bbox 827 743 964 799; x_wconf 84' lang='grc' dir='ltr'>Θεὸν</span> <span class='ocrx_word' id='word_1_12' title='bbox 991 743 1320 814; x_wconf 79' lang='grc' dir='ltr'>ψεύσασθαι.</span> <span class='ocrx_word' id='word_1_13' title='bbox 1354 740 1450 807; x_wconf 76' lang='grc' dir='ltr'><strong>Εἷς</strong></span> <span class='ocrx_word' id='word_1_14' title='bbox 1481 742 1594 812; x_wconf 83' lang='grc' dir='ltr'><strong>γάρ</strong></span> <span class='ocrx_word' id='word_1_15' title='bbox 1628 740 1650 762; x_wconf 84' lang='grc'><strong>⁸</strong></span> <span class='ocrx_word' id='word_1_16' title='bbox 1684 741 1799 792; x_wconf 77' lang='grc' dir='ltr'>ἐστι</span> <span class='ocrx_word' id='word_1_17' title='bbox 1835 790 1840 795; x_wconf 94' lang='grc'>.</span> 
     </span>
    </p>
   </div>
   <div class='ocr_carea' id='block_1_4' title="bbox 221 831 1798 908">
    <p class='ocr_par' dir='ltr' id='par_1_4' title="bbox 221 831 1798 908">
     <span class='ocr_line' id='line_1_4' title="bbox 221 831 1798 908; baseline -0.003 -19"><span class='ocrx_word' id='word_1_18' title='bbox 221 836 371 900; x_wconf 84' lang='grc' dir='ltr'>Θεὸς,</span> <span class='ocrx_word' id='word_1_19' title='bbox 401 831 484 901; x_wconf 73' lang='grc' dir='ltr'>εἷς</span> <span class='ocrx_word' id='word_1_20' title='bbox 511 837 812 908; x_wconf 78' lang='grc' dir='ltr'>νομοθέτης</span> <span class='ocrx_word' id='word_1_21' title='bbox 837 837 1085 900; x_wconf 81' lang='grc' dir='ltr'>Παλαιᾶς</span> <span class='ocrx_word' id='word_1_22' title='bbox 1115 837 1218 889; x_wconf 73' lang='grc' dir='ltr'>καὶ</span> <span class='ocrx_word' id='word_1_23' title='bbox 1248 834 1460 905; x_wconf 81' lang='grc' dir='ltr'><strong>Καινῆς</strong></span> <span class='ocrx_word' id='word_1_24' title='bbox 1501 831 1798 903; x_wconf 86' lang='grc' dir='ltr'>Διαθήκης,</span> 
     </span>
    </p>
   </div>
   <div class='ocr_carea' id='block_1_5' title="bbox 220 927 1800 1002">
    <p class='ocr_par' dir='ltr' id='par_1_5' title="bbox 220 927 1800 1002">
     <span class='ocr_line' id='line_1_5' title="bbox 220 927 1800 1002; baseline -0.005 -18"><span class='ocrx_word' id='word_1_25' title='bbox 220 931 250 984; x_wconf 85' lang='lat'><strong>6</strong></span> <span class='ocrx_word' id='word_1_26' title='bbox 271 929 438 984; x_wconf 83' lang='grc' dir='ltr'>πάλαι</span> <span class='ocrx_word' id='word_1_27' title='bbox 469 931 707 1002; x_wconf 81' lang='grc' dir='ltr'><strong>λαλήσας</strong></span> <span class='ocrx_word' id='word_1_28' title='bbox 761 929 1089 1002; x_wconf 79' lang='grc' dir='ltr'><strong>πολυμερῶς</strong></span> <span class='ocrx_word' id='word_1_29' title='bbox 1134 929 1228 983; x_wconf 72' lang='grc' dir='ltr'><strong>καὶ</strong></span> <span class='ocrx_word' id='word_1_30' title='bbox 1279 927 1635 999; x_wconf 74' lang='grc' dir='ltr'>πολυτρόπως</span> <span class='ocrx_word' id='word_1_31' title='bbox 1687 928 1800 988; x_wconf 86' lang='grc' dir='ltr'>τοῖς</span> 
     </span>
    </p>
   </div>
   <div class='ocr_carea' id='block_1_6' title="bbox 221 1017 1800 1094">
    <p class='ocr_par' dir='ltr' id='par_1_6' title="bbox 221 1017 1800 1094">
     <span class='ocr_line' id='line_1_6' title="bbox 221 1017 1800 1094; baseline -0.003 -20"><span class='ocrx_word' id='word_1_32' title='bbox 221 1021 496 1091; x_wconf 81' lang='grc' dir='ltr'><strong>πατράσιν</strong></span> <span class='ocrx_word' id='word_1_33' title='bbox 539 1025 598 1076; x_wconf 79' lang='grc' dir='ltr'>ὲν</span> <span class='ocrx_word' id='word_1_34' title='bbox 623 1025 738 1086; x_wconf 89' lang='grc' dir='ltr'>τοῖς</span> <span class='ocrx_word' id='word_1_35' title='bbox 772 1023 1105 1094; x_wconf 75' lang='grc' dir='ltr'>προφήταις,</span> <span class='ocrx_word' id='word_1_36' title='bbox 1133 1020 1230 1074; x_wconf 75' lang='grc' dir='ltr'>καὶ</span> <span class='ocrx_word' id='word_1_37' title='bbox 1263 1021 1350 1074; x_wconf 76' lang='grc' dir='ltr'><strong>ἐπ’</strong></span> <span class='ocrx_word' id='word_1_38' title='bbox 1397 1017 1646 1089; x_wconf 75' lang='grc' dir='ltr'><strong>ἐσχάτων</strong></span> <span class='ocrx_word' id='word_1_39' title='bbox 1690 1017 1800 1070; x_wconf 88' lang='grc' dir='ltr'><strong>τῶν</strong></span> 
     </span>
    </p>
   </div>
   <div class='ocr_carea' id='block_1_7' title="bbox 219 1110 1800 1185">
    <p class='ocr_par' dir='ltr' id='par_1_7' title="bbox 219 1110 1800 1185">
     <span class='ocr_line' id='line_1_7' title="bbox 219 1110 1800 1185; baseline -0.003 -18"><span class='ocrx_word' id='word_1_40' title='bbox 219 1112 429 1183; x_wconf 80' lang='grc' dir='ltr'><strong>χρόνων</strong></span> <span class='ocrx_word' id='word_1_41' title='bbox 465 1115 522 1166; x_wconf 76' lang='grc' dir='ltr'>ὲν</span> <span class='ocrx_word' id='word_1_42' title='bbox 552 1113 632 1185; x_wconf 84' lang='grc' dir='ltr'>τῷ</span> <span class='ocrx_word' id='word_1_43' title='bbox 669 1115 949 1184; x_wconf 82' lang='grc' dir='ltr'>μονογενεϊ</span> <span class='ocrx_word' id='word_1_44' title='bbox 970 1113 1135 1168; x_wconf 77' lang='grc' dir='ltr'>αὑτοῦ</span> <span class='ocrx_word' id='word_1_45' title='bbox 1175 1112 1310 1184; x_wconf 75' lang='grc' dir='ltr'>Υίιῖι.</span> <span class='ocrx_word' id='word_1_46' title='bbox 1349 1111 1657 1182; x_wconf 83' lang='grc' dir='ltr'><strong>Προσέχετε</strong></span> <span class='ocrx_word' id='word_1_47' title='bbox 1707 1110 1800 1164; x_wconf 76' lang='grc' dir='ltr'><strong>τὸν</strong></span> 
     </span>
    </p>
   </div>
   <div class='ocr_carea' id='block_1_8' title="bbox 221 1202 1802 1275">
    <p class='ocr_par' dir='ltr' id='par_1_8' title="bbox 221 1202 1802 1275">
     <span class='ocr_line' id='line_1_8' title="bbox 221 1202 1802 1275; baseline -0.001 -19"><span class='ocrx_word' id='word_1_48' title='bbox 221 1203 346 1256; x_wconf 87' lang='grc' dir='ltr'>νοῦν</span> <span class='ocrx_word' id='word_1_49' title='bbox 390 1202 529 1273; x_wconf 86' lang='grc' dir='ltr'><strong>μετά</strong></span> <span class='ocrx_word' id='word_1_50' title='bbox 575 1204 894 1275; x_wconf 69' lang='grc' dir='ltr'>ἀκριϐείας*</span> <span class='ocrx_word' id='word_1_51' title='bbox 938 1206 1039 1259; x_wconf 82' lang='grc' dir='ltr'><strong>οὐκ</strong></span> <span class='ocrx_word' id='word_1_52' title='bbox 1089 1205 1222 1275; x_wconf 81' lang='grc' dir='ltr'>ἐμὸς</span> <span class='ocrx_word' id='word_1_53' title='bbox 1262 1207 1290 1259; x_wconf 91' lang='lat'><strong>6</strong></span> <span class='ocrx_word' id='word_1_54' title='bbox 1335 1203 1494 1273; x_wconf 87' lang='grc' dir='ltr'>λόγος</span> <span class='ocrx_word' id='word_1_55' title='bbox 1543 1203 1660 1256; x_wconf 65' lang='grc' dir='ltr'>ἐστι</span> <span class='ocrx_word' id='word_1_56' title='bbox 1691 1217 1705 1231; x_wconf 89' lang='grc'><strong>·</strong></span> <span class='ocrx_word' id='word_1_57' title='bbox 1741 1202 1802 1254; x_wconf 84' lang='grc' dir='ltr'><strong>τὺ</strong></span> 
     </span>
    </p>
   </div>
   <div class='ocr_carea' id='block_1_9' title="bbox 218 1292 1798 1364">
    <p class='ocr_par' dir='ltr' id='par_1_9' title="bbox 218 1292 1798 1364">
     <span class='ocr_line' id='line_1_9' title="bbox 218 1292 1798 1364; baseline 0 -18"><span class='ocrx_word' id='word_1_58' title='bbox 218 1293 451 1364; x_wconf 75' lang='grc' dir='ltr'>Πνεῦμα</span> <span class='ocrx_word' id='word_1_59' title='bbox 481 1293 544 1348; x_wconf 80' lang='grc' dir='ltr'>τὸ</span> <span class='ocrx_word' id='word_1_60' title='bbox 580 1294 739 1362; x_wconf 76' lang='grc' dir='ltr'>ἀγιον</span> <span class='ocrx_word' id='word_1_61' title='bbox 767 1294 856 1349; x_wconf 84' lang='grc' dir='ltr'>διά</span> <span class='ocrx_word' id='word_1_62' title='bbox 885 1295 1103 1349; x_wconf 84' lang='grc' dir='ltr'>Παύλου</span> <span class='ocrx_word' id='word_1_63' title='bbox 1151 1295 1247 1350; x_wconf 88' lang='grc' dir='ltr'><strong>τοῦ</strong></span> <span class='ocrx_word' id='word_1_64' title='bbox 1295 1294 1454 1364; x_wconf 82' lang='grc' dir='ltr'>ἁγίου</span> <span class='ocrx_word' id='word_1_65' title='bbox 1495 1292 1798 1348; x_wconf 79' lang='grc' dir='ltr'>ἀποστόλου</span> 
     </span>
    </p>
   </div>
   <div class='ocr_carea' id='block_1_10' title="bbox 219 1385 1799 1459">
    <p class='ocr_par' dir='ltr' id='par_1_10' title="bbox 219 1385 1799 1459">
     <span class='ocr_line' id='line_1_10' title="bbox 219 1385 1799 1459; baseline -0.001 -20"><span class='ocrx_word' id='word_1_66' title='bbox 219 1387 562 1457; x_wconf 75' lang='grc' dir='ltr'>ἀπεφήνατο,</span> <span class='ocrx_word' id='word_1_67' title='bbox 604 1405 623 1439; x_wconf 82' lang='grc' dir='ltr'><strong>ι</strong></span> <span class='ocrx_word' id='word_1_68' title='bbox 654 1388 985 1459; x_wconf 86' lang='grc' dir='ltr'>Πολυμερῶς</span> <span class='ocrx_word' id='word_1_69' title='bbox 1011 1388 1106 1442; x_wconf 73' lang='grc' dir='ltr'>καὶ</span> <span class='ocrx_word' id='word_1_70' title='bbox 1148 1387 1504 1459; x_wconf 79' lang='grc' dir='ltr'>πολυτρόπως</span> <span class='ocrx_word' id='word_1_71' title='bbox 1559 1385 1728 1439; x_wconf 84' lang='grc' dir='ltr'>πάλαι</span> <span class='ocrx_word' id='word_1_72' title='bbox 1769 1387 1799 1439; x_wconf 89' lang='lat'><strong>6</strong></span> 
     </span>
    </p>
   </div>
   <div class='ocr_carea' id='block_1_11' title="bbox 219 1476 1792 1550">
    <p class='ocr_par' dir='ltr' id='par_1_11' title="bbox 219 1476 1792 1550">
     <span class='ocr_line' id='line_1_11' title="bbox 219 1476 1792 1550; baseline 0 -20"><span class='ocrx_word' id='word_1_73' title='bbox 219 1476 353 1540; x_wconf 80' lang='grc' dir='ltr'>Θεὸς</span> <span class='ocrx_word' id='word_1_74' title='bbox 384 1477 630 1549; x_wconf 85' lang='grc' dir='ltr'>λαλήσας</span> <span class='ocrx_word' id='word_1_75' title='bbox 665 1481 778 1542; x_wconf 87' lang='grc' dir='ltr'>τοῖς</span> <span class='ocrx_word' id='word_1_76' title='bbox 810 1479 1084 1549; x_wconf 75' lang='grc' dir='ltr'>πατράσιν</span> <span class='ocrx_word' id='word_1_77' title='bbox 1120 1481 1180 1533; x_wconf 71' lang='grc' dir='ltr'><strong>ιν</strong></span> <span class='ocrx_word' id='word_1_78' title='bbox 1224 1481 1341 1542; x_wconf 85' lang='grc' dir='ltr'>τοῖς</span> <span class='ocrx_word' id='word_1_79' title='bbox 1382 1479 1689 1550; x_wconf 84' lang='grc' dir='ltr'>προφήταις</span> <span class='ocrx_word' id='word_1_80' title='bbox 1711 1517 1724 1531; x_wconf 94' lang='grc'><strong>.</strong></span> <span class='ocrx_word' id='word_1_81' title='bbox 1774 1494 1792 1529; x_wconf 82' lang='grc' dir='ltr'><strong>ι</strong></span> 
     </span>
    </p>
   </div>
   <div class='ocr_carea' id='block_1_12' title="bbox 220 1568 1801 1642">
    <p class='ocr_par' dir='ltr' id='par_1_12' title="bbox 220 1568 1801 1642">
     <span class='ocr_line' id='line_1_12' title="bbox 220 1568 1801 1642; baseline -0.001 -18"><span class='ocrx_word' id='word_1_82' title='bbox 220 1568 366 1641; x_wconf 69' lang='lat'><strong>&#39;09:</strong></span> <span class='ocrx_word' id='word_1_83' title='bbox 412 1571 495 1624; x_wconf 83' lang='grc' dir='ltr'>ὅτι</span> <span class='ocrx_word' id='word_1_84' title='bbox 548 1570 873 1642; x_wconf 77' lang='grc' dir='ltr'>πολυμερῶς</span> <span class='ocrx_word' id='word_1_85' title='bbox 925 1573 1022 1624; x_wconf 71' lang='grc' dir='ltr'>καὶ</span> <span class='ocrx_word' id='word_1_86' title='bbox 1073 1571 1425 1642; x_wconf 84' lang='grc' dir='ltr'>πολυτρόπως</span> <span class='ocrx_word' id='word_1_87' title='bbox 1473 1570 1735 1642; x_wconf 81' lang='grc' dir='ltr'>ἐλάλησεν</span> <span class='ocrx_word' id='word_1_88' title='bbox 1771 1573 1801 1622; x_wconf 97' lang='lat'><strong>6</strong></span> 
     </span>
    </p>
   </div>
   <div class='ocr_carea' id='block_1_13' title="bbox 217 1659 1795 1734">
    <p class='ocr_par' dir='ltr' id='par_1_13' title="bbox 217 1659 1795 1734">
     <span class='ocr_line' id='line_1_13' title="bbox 217 1659 1795 1734; baseline 0 -20"><span class='ocrx_word' id='word_1_89' title='bbox 217 1659 373 1725; x_wconf 84' lang='grc' dir='ltr'>Θεός.</span> <span class='ocrx_word' id='word_1_90' title='bbox 398 1663 616 1733; x_wconf 77' lang='grc' dir='ltr'>’Ὥσπερ</span> <span class='ocrx_word' id='word_1_91' title='bbox 647 1661 757 1732; x_wconf 85' lang='grc' dir='ltr'>γὰρ</span> <span class='ocrx_word' id='word_1_92' title='bbox 800 1663 1124 1732; x_wconf 69' lang='grc' dir='ltr'>ἐπιστήμων</span> <span class='ocrx_word' id='word_1_93' title='bbox 1159 1663 1340 1734; x_wconf 75' lang='grc' dir='ltr'>ἰατρὸς</span> <span class='ocrx_word' id='word_1_94' title='bbox 1371 1662 1432 1715; x_wconf 84' lang='grc' dir='ltr'>οὐ</span> <span class='ocrx_word' id='word_1_95' title='bbox 1465 1663 1527 1715; x_wconf 73' lang='grc' dir='ltr'>τὸ</span> <span class='ocrx_word' id='word_1_96' title='bbox 1555 1661 1688 1715; x_wconf 78' lang='grc' dir='ltr'>αὐτὸ</span> <span class='ocrx_word' id='word_1_97' title='bbox 1718 1659 1795 1714; x_wconf 83' lang='grc' dir='ltr'><strong>εἷ-</strong></span> 
     </span>
    </p>
   </div>
   <div class='ocr_carea' id='block_1_14' title="bbox 215 1752 1798 1823">
    <p class='ocr_par' dir='ltr' id='par_1_14' title="bbox 215 1752 1798 1823">
     <span class='ocr_line' id='line_1_14' title="bbox 215 1752 1798 1823; baseline 0.001 -18"><span class='ocrx_word' id='word_1_98' title='bbox 215 1753 308 1816; x_wconf 88' lang='grc' dir='ltr'><strong>δος</strong></span> <span class='ocrx_word' id='word_1_99' title='bbox 333 1752 735 1816; x_wconf 51' lang='grc' dir='ltr'>πᾶσικδίδωσιν,</span> <span class='ocrx_word' id='word_1_100' title='bbox 761 1753 884 1806; x_wconf 76' lang='grc' dir='ltr'>οὐδὲ</span> <span class='ocrx_word' id='word_1_101' title='bbox 933 1753 1187 1817; x_wconf 85' lang='grc' dir='ltr'>πάντοτε,</span> <span class='ocrx_word' id='word_1_102' title='bbox 1228 1753 1345 1808; x_wconf 82' lang='grc' dir='ltr'>ἀλλ’</span> <span class='ocrx_word' id='word_1_103' title='bbox 1386 1752 1604 1823; x_wconf 73' lang='grc' dir='ltr'>ἑκάστῳ</span> <span class='ocrx_word' id='word_1_104' title='bbox 1655 1756 1798 1808; x_wconf 73' lang='grc' dir='ltr'>κατὰ</span> 
     </span>
    </p>
   </div>
   <div class='ocr_carea' id='block_1_15' title="bbox 215 1843 1799 1917">
    <p class='ocr_par' dir='ltr' id='par_1_15' title="bbox 215 1843 1799 1917">
     <span class='ocr_line' id='line_1_15' title="bbox 215 1843 1799 1917; baseline 0 -19"><span class='ocrx_word' id='word_1_105' title='bbox 215 1843 320 1916; x_wconf 76' lang='grc' dir='ltr'>τὴν</span> <span class='ocrx_word' id='word_1_106' title='bbox 343 1843 458 1910; x_wconf 73' lang='grc' dir='ltr'>’ἐξιν</span> <span class='ocrx_word' id='word_1_107' title='bbox 491 1844 724 1916; x_wconf 82' lang='grc' dir='ltr'>παρέχει</span> <span class='ocrx_word' id='word_1_108' title='bbox 752 1844 813 1898; x_wconf 74' lang='grc' dir='ltr'><strong>τὸ</strong></span> <span class='ocrx_word' id='word_1_109' title='bbox 846 1845 1158 1915; x_wconf 79' lang='grc' dir='ltr'>φάρμακον,</span> <span class='ocrx_word' id='word_1_110' title='bbox 1187 1844 1503 1917; x_wconf 78' lang='grc' dir='ltr'>διακρίνων,</span> <span class='ocrx_word' id='word_1_111' title='bbox 1536 1846 1629 1899; x_wconf 71' lang='grc' dir='ltr'>καὶ</span> <span class='ocrx_word' id='word_1_112' title='bbox 1690 1845 1799 1916; x_wconf 81' lang='grc' dir='ltr'><strong>χώ-</strong></span> 
     </span>
    </p>
   </div>
   <div class='ocr_carea' id='block_1_16' title="bbox 220 1935 1798 2008">
    <p class='ocr_par' dir='ltr' id='par_1_16' title="bbox 220 1935 1798 2008">
     <span class='ocr_line' id='line_1_16' title="bbox 220 1935 1798 2008; baseline -0.001 -19"><span class='ocrx_word' id='word_1_113' title='bbox 220 1950 344 2006; x_wconf 88' lang='grc' dir='ltr'>ραν,</span> <span class='ocrx_word' id='word_1_114' title='bbox 389 1935 485 1989; x_wconf 76' lang='grc' dir='ltr'>καὶ</span> <span class='ocrx_word' id='word_1_115' title='bbox 521 1935 700 1999; x_wconf 87' lang='grc' dir='ltr'>νόσον,</span> <span class='ocrx_word' id='word_1_116' title='bbox 728 1936 824 1990; x_wconf 76' lang='grc' dir='ltr'>καὶ</span> <span class='ocrx_word' id='word_1_117' title='bbox 867 1935 1084 2006; x_wconf 82' lang='grc' dir='ltr'>καιρὸν,</span> <span class='ocrx_word' id='word_1_118' title='bbox 1145 1937 1242 1990; x_wconf 73' lang='grc' dir='ltr'>καὶ</span> <span class='ocrx_word' id='word_1_119' title='bbox 1270 1935 1522 2007; x_wconf 78' lang='grc' dir='ltr'>ἠλικίαν·</span> <span class='ocrx_word' id='word_1_120' title='bbox 1583 1937 1678 1990; x_wconf 75' lang='grc' dir='ltr'>καὶ</span> <span class='ocrx_word' id='word_1_121' title='bbox 1720 1937 1798 2008; x_wconf 80' lang='grc' dir='ltr'>τῷ</span> 
     </span>
    </p>
   </div>
   <div class='ocr_carea' id='block_1_17' title="bbox 221 2014 1797 2100">
    <p class='ocr_par' dir='ltr' id='par_1_17' title="bbox 221 2014 1797 2100">
     <span class='ocr_line' id='line_1_17' title="bbox 221 2014 1797 2100; baseline 0.002 -21"><span class='ocrx_word' id='word_1_122' title='bbox 221 2026 324 2097; x_wconf 83' lang='grc' dir='ltr'>μὲν</span> <span class='ocrx_word' id='word_1_123' title='bbox 350 2027 553 2098; x_wconf 83' lang='grc' dir='ltr'>νηπίῳ,</span> <span class='ocrx_word' id='word_1_124' title='bbox 585 2026 796 2098; x_wconf 79' lang='grc' dir='ltr'>ἓτερον,</span> <span class='ocrx_word' id='word_1_125' title='bbox 837 2026 917 2097; x_wconf 82' lang='grc' dir='ltr'>τῷ</span> <span class='ocrx_word' id='word_1_126' title='bbox 950 2026 1008 2081; x_wconf 73' lang='grc' dir='ltr'><strong>δὲ</strong></span> <span class='ocrx_word' id='word_1_127' title='bbox 1032 2025 1224 2098; x_wconf 78' lang='grc' dir='ltr'>τελείῳ</span> <span class='ocrx_word' id='word_1_128' title='bbox 1263 2025 1408 2095; x_wconf 85' lang='grc' dir='ltr'><strong>κατά</strong></span> <span class='ocrx_word' id='word_1_129' title='bbox 1431 2014 1797 2100; x_wconf 33' lang='grc' dir='ltr'>τὴν-ἠλικίαν,</span> 
     </span>
    </p>
   </div>
   <div class='ocr_carea' id='block_1_18' title="bbox 216 2118 1798 2191">
    <p class='ocr_par' dir='ltr' id='par_1_18' title="bbox 216 2118 1798 2191">
     <span class='ocr_line' id='line_1_18' title="bbox 216 2118 1798 2191; baseline 0.001 -18"><span class='ocrx_word' id='word_1_130' title='bbox 216 2120 440 2191; x_wconf 74' lang='grc' dir='ltr'>ἕτερον’</span> <span class='ocrx_word' id='word_1_131' title='bbox 471 2118 602 2172; x_wconf 82' lang='grc' dir='ltr'>ἀλλο</span> <span class='ocrx_word' id='word_1_132' title='bbox 625 2118 703 2190; x_wconf 87' lang='grc' dir='ltr'>τῷ</span> <span class='ocrx_word' id='word_1_133' title='bbox 751 2118 990 2187; x_wconf 78' lang='grc' dir='ltr'>ἀσθενεῖ,</span> <span class='ocrx_word' id='word_1_134' title='bbox 1039 2119 1137 2174; x_wconf 75' lang='grc' dir='ltr'>καὶ</span> <span class='ocrx_word' id='word_1_135' title='bbox 1185 2119 1314 2175; x_wconf 77' lang='grc' dir='ltr'>ἄλλο</span> <span class='ocrx_word' id='word_1_136' title='bbox 1353 2119 1431 2191; x_wconf 82' lang='grc' dir='ltr'>τῷ</span> <span class='ocrx_word' id='word_1_137' title='bbox 1477 2121 1798 2190; x_wconf 83' lang='grc' dir='ltr'>ὑγιαίνοντι,</span> 
     </span>
    </p>
   </div>
   <div class='ocr_carea' id='block_1_19' title="bbox 216 2211 1801 2284">
    <p class='ocr_par' dir='ltr' id='par_1_19' title="bbox 216 2211 1801 2284">
     <span class='ocr_line' id='line_1_19' title="bbox 216 2211 1801 2284; baseline -0.001 -17"><span class='ocrx_word' id='word_1_138' title='bbox 216 2212 314 2267; x_wconf 66' lang='grc' dir='ltr'>καὶ</span> <span class='ocrx_word' id='word_1_139' title='bbox 333 2213 552 2283; x_wconf 79' lang='grc' dir='ltr'>ἑκάστῳ</span> <span class='ocrx_word' id='word_1_140' title='bbox 577 2211 687 2266; x_wconf 89' lang='grc' dir='ltr'><strong>τῶν</strong></span> <span class='ocrx_word' id='word_1_141' title='bbox 715 2211 1110 2278; x_wconf 77' lang='grc' dir='ltr'>ἀσθενούντων,</span> <span class='ocrx_word' id='word_1_142' title='bbox 1137 2213 1198 2266; x_wconf 81' lang='grc' dir='ltr'>οὐ</span> <span class='ocrx_word' id='word_1_143' title='bbox 1221 2211 1283 2265; x_wconf 78' lang='grc' dir='ltr'>τὸ</span> <span class='ocrx_word' id='word_1_144' title='bbox 1305 2211 1462 2278; x_wconf 79' lang='grc' dir='ltr'>αὐτὸ,</span> <span class='ocrx_word' id='word_1_145' title='bbox 1493 2211 1630 2266; x_wconf 83' lang='grc' dir='ltr'><strong>ἀλλά</strong></span> <span class='ocrx_word' id='word_1_146' title='bbox 1663 2213 1801 2284; x_wconf 79' lang='grc' dir='ltr'>πρὸς</span> 
     </span>
    </p>
   </div>
   <div class='ocr_carea' id='block_1_20' title="bbox 214 2302 1800 2376">
    <p class='ocr_par' dir='ltr' id='par_1_20' title="bbox 214 2302 1800 2376">
     <span class='ocr_line' id='line_1_20' title="bbox 214 2302 1800 2376; baseline 0.001 -19"><span class='ocrx_word' id='word_1_147' title='bbox 214 2304 318 2375; x_wconf 79' lang='grc' dir='ltr'>τὴν</span> <span class='ocrx_word' id='word_1_148' title='bbox 349 2304 463 2368; x_wconf 77' lang='grc' dir='ltr'>ἕξιν</span> <span class='ocrx_word' id='word_1_149' title='bbox 485 2303 580 2357; x_wconf 75' lang='grc' dir='ltr'>καὶ</span> <span class='ocrx_word' id='word_1_150' title='bbox 609 2304 711 2376; x_wconf 81' lang='grc' dir='ltr'>τὴν</span> <span class='ocrx_word' id='word_1_151' title='bbox 743 2304 900 2359; x_wconf 85' lang='grc' dir='ltr'>νόσον</span> <span class='ocrx_word' id='word_1_152' title='bbox 922 2319 937 2335; x_wconf 92' lang='grc'><strong>·</strong></span> <span class='ocrx_word' id='word_1_153' title='bbox 980 2303 1076 2358; x_wconf 72' lang='grc' dir='ltr'><strong>καὶ</strong></span> <span class='ocrx_word' id='word_1_154' title='bbox 1103 2303 1234 2359; x_wconf 79' lang='grc' dir='ltr'>ἀλλο</span> <span class='ocrx_word' id='word_1_155' title='bbox 1253 2302 1334 2374; x_wconf 82' lang='grc' dir='ltr'><strong>τῷ</strong></span> <span class='ocrx_word' id='word_1_156' title='bbox 1367 2302 1539 2374; x_wconf 82' lang='grc' dir='ltr'>θέρει,</span> <span class='ocrx_word' id='word_1_157' title='bbox 1567 2304 1664 2358; x_wconf 74' lang='grc' dir='ltr'><strong>καὶ</strong></span> <span class='ocrx_word' id='word_1_158' title='bbox 1683 2323 1800 2376; x_wconf 87' lang='grc' dir='ltr'>χει-</span> 
     </span>
    </p>
   </div>
   <div class='ocr_carea' id='block_1_21' title="bbox 220 2393 1800 2492">
    <p class='ocr_par' dir='ltr' id='par_1_21' title="bbox 220 2393 1800 2492">
     <span class='ocr_line' id='line_1_21' title="bbox 220 2393 1800 2492; baseline 0.001 -43"><span class='ocrx_word' id='word_1_159' title='bbox 220 2396 365 2468; x_wconf 83' lang='grc' dir='ltr'>μῶνι</span> <span class='ocrx_word' id='word_1_160' title='bbox 391 2396 597 2466; x_wconf 74' lang='grc' dir='ltr'>ἕτερον.</span> <span class='ocrx_word' id='word_1_161' title='bbox 631 2393 936 2467; x_wconf 79' lang='grc' dir='ltr'>μετοπώρῳ</span> <span class='ocrx_word' id='word_1_162' title='bbox 956 2412 1018 2449; x_wconf 75' lang='grc' dir='ltr'><strong>τε</strong></span> <span class='ocrx_word' id='word_1_163' title='bbox 1045 2394 1324 2492; x_wconf 45' lang='lat' dir='ltr'><strong>iam,</strong></span> <span class='ocrx_word' id='word_1_164' title='bbox 1359 2395 1547 2492; x_wconf 49' lang='lat' dir='ltr'><strong>ev</strong></span> <span class='ocrx_word' id='word_1_165' title='bbox 1583 2396 1800 2468; x_wconf 75' lang='grc' dir='ltr'>ἑκάστῳ</span> 
     </span>
    </p>
   </div>
   <div class='ocr_carea' id='block_1_22' title="bbox 214 2455 1800 2560">
    <p class='ocr_par' dir='ltr' id='par_1_22' title="bbox 214 2455 1800 2560">
     <span class='ocr_line' id='line_1_22' title="bbox 214 2455 1800 2560; baseline 0 -18"><span class='ocrx_word' id='word_1_166' title='bbox 214 2488 372 2560; x_wconf 84' lang='grc' dir='ltr'>τόπῳ</span> <span class='ocrx_word' id='word_1_167' title='bbox 405 2487 548 2541; x_wconf 75' lang='grc' dir='ltr'>κατὰ</span> <span class='ocrx_word' id='word_1_168' title='bbox 576 2487 674 2556; x_wconf 85' lang='grc' dir='ltr'>τὴν</span> <span class='ocrx_word' id='word_1_169' title='bbox 699 2485 794 2540; x_wconf 91' lang='grc' dir='ltr'><strong>τοῦ</strong></span> <span class='ocrx_word' id='word_1_170' title='bbox 823 2487 988 2540; x_wconf 88' lang='grc' dir='ltr'>τόπου</span> <span class='ocrx_word' id='word_1_171' title='bbox 1022 2455 1662 2560; x_wconf 36' lang='grc' dir='ltr'>ὲπᾶχᾷἐιόὲητιέῗλοῦτω</span> <span class='ocrx_word' id='word_1_172' title='bbox 1705 2490 1800 2542; x_wconf 77' lang='grc' dir='ltr'>καὶ</span> 
     </span>
    </p>
   </div>
   <div class='ocr_carea' id='block_1_23' title="bbox 215 2577 1800 2652">
    <p class='ocr_par' dir='ltr' id='par_1_23' title="bbox 215 2577 1800 2652">
     <span class='ocr_line' id='line_1_23' title="bbox 215 2577 1800 2652; baseline -0.001 -17"><span class='ocrx_word' id='word_1_173' title='bbox 215 2582 245 2635; x_wconf 87' lang='lat'><strong>6</strong></span> <span class='ocrx_word' id='word_1_174' title='bbox 277 2579 504 2650; x_wconf 81' lang='grc' dir='ltr'>ἀριστος</span> <span class='ocrx_word' id='word_1_175' title='bbox 531 2577 643 2632; x_wconf 86' lang='grc' dir='ltr'><strong>τῶν</strong></span> <span class='ocrx_word' id='word_1_176' title='bbox 671 2578 860 2649; x_wconf 80' lang='grc' dir='ltr'>ψυχῶν</span> <span class='ocrx_word' id='word_1_177' title='bbox 891 2578 1094 2649; x_wconf 73' lang='grc' dir='ltr'>ἰατρὸς,</span> <span class='ocrx_word' id='word_1_178' title='bbox 1118 2580 1232 2642; x_wconf 88' lang='grc' dir='ltr'>τοῖς</span> <span class='ocrx_word' id='word_1_179' title='bbox 1278 2578 1362 2633; x_wconf 77' lang='grc' dir='ltr'>ἔτι</span> <span class='ocrx_word' id='word_1_180' title='bbox 1411 2579 1649 2652; x_wconf 85' lang='grc' dir='ltr'>νηπίοις.</span> <span class='ocrx_word' id='word_1_181' title='bbox 1702 2581 1800 2634; x_wconf 73' lang='grc' dir='ltr'><strong>καὶ</strong></span> 
     </span>
    </p>
   </div>
   <div class='ocr_carea' id='block_1_24' title="bbox 215 2667 1798 2742">
    <p class='ocr_par' dir='ltr' id='par_1_24' title="bbox 215 2667 1798 2742">
     <span class='ocr_line' id='line_1_24' title="bbox 215 2667 1798 2742; baseline 0 -18"><span class='ocrx_word' id='word_1_182' title='bbox 215 2668 567 2742; x_wconf 74' lang='grc' dir='ltr'>ἀρρωστοῦσι</span> <span class='ocrx_word' id='word_1_183' title='bbox 592 2667 694 2739; x_wconf 82' lang='grc' dir='ltr'>τὴν</span> <span class='ocrx_word' id='word_1_184' title='bbox 720 2669 859 2740; x_wconf 78' lang='grc' dir='ltr'>πρὸς</span> <span class='ocrx_word' id='word_1_185' title='bbox 896 2668 1343 2740; x_wconf 71' lang='grc' dir='ltr'>εἰδωλολατρειαν</span> <span class='ocrx_word' id='word_1_186' title='bbox 1373 2669 1549 2734; x_wconf 87' lang='grc' dir='ltr'>νόσον,</span> <span class='ocrx_word' id='word_1_187' title='bbox 1592 2670 1689 2724; x_wconf 77' lang='grc' dir='ltr'>καὶ</span> <span class='ocrx_word' id='word_1_188' title='bbox 1729 2669 1798 2724; x_wconf 84' lang='grc' dir='ltr'><strong>τά</strong></span> 
     </span>
    </p>
   </div>
   <div class='ocr_carea' id='block_1_25' title="bbox 215 2760 1798 2836">
    <p class='ocr_par' dir='ltr' id='par_1_25' title="bbox 215 2760 1798 2836">
     <span class='ocr_line' id='line_1_25' title="bbox 215 2760 1798 2836; baseline 0.003 -22"><span class='ocrx_word' id='word_1_189' title='bbox 215 2761 415 2816; x_wconf 71' lang='grc' dir='ltr'>εἴδωλα</span> <span class='ocrx_word' id='word_1_190' title='bbox 446 2760 600 2823; x_wconf 74' lang='grc' dir='ltr'>θεοὺς</span> <span class='ocrx_word' id='word_1_191' title='bbox 631 2761 981 2832; x_wconf 77' lang='grc' dir='ltr'>ἡγουμένοις,</span> <span class='ocrx_word' id='word_1_192' title='bbox 1016 2761 1112 2815; x_wconf 79' lang='grc' dir='ltr'>καὶ</span> <span class='ocrx_word' id='word_1_193' title='bbox 1138 2761 1214 2825; x_wconf 83' lang='grc' dir='ltr'>ὡς</span> <span class='ocrx_word' id='word_1_194' title='bbox 1239 2761 1382 2826; x_wconf 81' lang='grc' dir='ltr'>θεοῖς</span> <span class='ocrx_word' id='word_1_195' title='bbox 1412 2763 1596 2827; x_wconf 82' lang='grc' dir='ltr'>αὐτοῖς</span> <span class='ocrx_word' id='word_1_196' title='bbox 1621 2780 1798 2836; x_wconf 83' lang='grc' dir='ltr'>προσ-</span> 
     </span>
    </p>
   </div>
   <div class='ocr_carea' id='block_1_26' title="bbox 216 2848 1796 2928">
    <p class='ocr_par' dir='ltr' id='par_1_26' title="bbox 216 2848 1796 2928">
     <span class='ocr_line' id='line_1_26' title="bbox 216 2848 1796 2928; baseline 0.003 -24"><span class='ocrx_word' id='word_1_197' title='bbox 216 2848 499 2916; x_wconf 85' lang='grc' dir='ltr'>κυνοῦσιν,</span> <span class='ocrx_word' id='word_1_198' title='bbox 543 2853 639 2904; x_wconf 75' lang='grc' dir='ltr'>καὶ</span> <span class='ocrx_word' id='word_1_199' title='bbox 659 2849 943 2904; x_wconf 78' lang='grc' dir='ltr'>ἀθετοῦσιν</span> <span class='ocrx_word' id='word_1_200' title='bbox 983 2851 1084 2922; x_wconf 80' lang='grc' dir='ltr'>τὴν</span> <span class='ocrx_word' id='word_1_201' title='bbox 1111 2851 1207 2905; x_wconf 86' lang='grc' dir='ltr'><strong>τοῦ</strong></span> <span class='ocrx_word' id='word_1_202' title='bbox 1235 2852 1371 2907; x_wconf 87' lang='grc' dir='ltr'>Θεοῦ</span> <span class='ocrx_word' id='word_1_203' title='bbox 1401 2852 1796 2928; x_wconf 72' lang='grc' dir='ltr'>προσκύνησιν,</span> 
     </span>
    </p>
   </div>
   <div class='ocr_carea' id='block_1_27' title="bbox 217 2939 1800 3018">
    <p class='ocr_par' dir='ltr' id='par_1_27' title="bbox 217 2939 1800 3018">
     <span class='ocr_line' id='line_1_27' title="bbox 217 2939 1800 3018; baseline 0.002 -20"><span class='ocrx_word' id='word_1_204' title='bbox 217 2940 315 2998; x_wconf 76' lang='grc' dir='ltr'>καὶ</span> <span class='ocrx_word' id='word_1_205' title='bbox 340 2939 442 3012; x_wconf 83' lang='grc' dir='ltr'>τὴν</span> <span class='ocrx_word' id='word_1_206' title='bbox 472 2941 638 2994; x_wconf 80' lang='grc' dir='ltr'>αὑτοῦ</span> <span class='ocrx_word' id='word_1_207' title='bbox 660 2941 820 3006; x_wconf 79' lang='grc' dir='ltr'>δόξαν</span> <span class='ocrx_word' id='word_1_208' title='bbox 843 2945 912 3013; x_wconf 79' lang='grc' dir='ltr'>τῇ</span> <span class='ocrx_word' id='word_1_209' title='bbox 939 2941 1117 2996; x_wconf 84' lang='grc' dir='ltr'>κτίσει</span> <span class='ocrx_word' id='word_1_210' title='bbox 1152 2944 1545 3014; x_wconf 79' lang='grc' dir='ltr'>προσάγουσιν,</span> <span class='ocrx_word' id='word_1_211' title='bbox 1586 2947 1800 3018; x_wconf 86' lang='grc' dir='ltr'>ἀπηγό-</span> 
     </span>
    </p>
   </div>
   <div class='ocr_carea' id='block_1_28' title="bbox 220 3031 1799 3108">
    <p class='ocr_par' dir='ltr' id='par_1_28' title="bbox 220 3031 1799 3108">
     <span class='ocr_line' id='line_1_28' title="bbox 220 3031 1799 3108; baseline 0.005 -22"><span class='ocrx_word' id='word_1_212' title='bbox 220 3049 387 3106; x_wconf 82' lang='grc' dir='ltr'>ρευσε</span> <span class='ocrx_word' id='word_1_213' title='bbox 411 3031 570 3087; x_wconf 80' lang='grc' dir='ltr'>τοῦτο</span> <span class='ocrx_word' id='word_1_214' title='bbox 597 3036 796 3090; x_wconf 86' lang='grc' dir='ltr'>ποιεῖν.</span> <span class='ocrx_word' id='word_1_215' title='bbox 827 3034 965 3088; x_wconf 85' lang='grc' dir='ltr'>Θεοῦ</span> <span class='ocrx_word' id='word_1_216' title='bbox 993 3037 1092 3107; x_wconf 74' lang='grc' dir='ltr'>μὲν</span> <span class='ocrx_word' id='word_1_217' title='bbox 1113 3036 1220 3107; x_wconf 85' lang='grc' dir='ltr'>γὰρ</span> <span class='ocrx_word' id='word_1_218' title='bbox 1235 3035 1333 3090; x_wconf 86' lang='grc' dir='ltr'><strong>τοῦ</strong></span> <span class='ocrx_word' id='word_1_219' title='bbox 1350 3037 1674 3108; x_wconf 80' lang='grc' dir='ltr'>ἀσωμάτου,</span> <span class='ocrx_word' id='word_1_220' title='bbox 1703 3040 1799 3094; x_wconf 75' lang='grc' dir='ltr'>καὶ</span> 
     </span>
    </p>
   </div>
   <div class='ocr_carea' id='block_1_29' title="bbox 217 3124 1800 3204">
    <p class='ocr_par' dir='ltr' id='par_1_29' title="bbox 217 3124 1800 3204">
     <span class='ocr_line' id='line_1_29' title="bbox 217 3124 1800 3204; baseline 0.004 -26"><span class='ocrx_word' id='word_1_221' title='bbox 217 3124 482 3195; x_wconf 77' lang='grc' dir='ltr'>ἀοράτου,</span> <span class='ocrx_word' id='word_1_222' title='bbox 516 3125 608 3179; x_wconf 77' lang='grc' dir='ltr'><strong>καὶ</strong></span> <span class='ocrx_word' id='word_1_223' title='bbox 627 3125 818 3191; x_wconf 79' lang='grc' dir='ltr'>άΰλου,</span> <span class='ocrx_word' id='word_1_224' title='bbox 870 3126 966 3181; x_wconf 80' lang='grc' dir='ltr'>καὶ</span> <span class='ocrx_word' id='word_1_225' title='bbox 1005 3127 1146 3199; x_wconf 84' lang='grc' dir='ltr'>μήτε</span> <span class='ocrx_word' id='word_1_226' title='bbox 1195 3128 1404 3200; x_wconf 86' lang='grc' dir='ltr'>σχῆμα,</span> <span class='ocrx_word' id='word_1_227' title='bbox 1456 3130 1597 3201; x_wconf 87' lang='grc' dir='ltr'>μήτε</span> <span class='ocrx_word' id='word_1_228' title='bbox 1643 3148 1800 3204; x_wconf 83' lang='grc' dir='ltr'>περι-</span> 
     </span>
    </p>
   </div>
   <div class='ocr_carea' id='block_1_30' title="bbox 18 449 1799 544">
    <p class='ocr_par' dir='ltr' id='par_1_30' title="bbox 18 451 1799 544">
     <span class='ocr_line' id='line_1_30' title="bbox 18 451 1799 544; baseline -0.006 -24"><span class='ocrx_word' id='word_1_229' title='bbox 18 459 28 544; x_wconf 80' lang='grc' dir='ltr'><em>ζ</em></span> <span class='ocrx_word' id='word_1_230' title='bbox 123 542 126 544; x_wconf 95' lang='lat'><em>_</em></span> <span class='ocrx_word' id='word_1_231' title='bbox 229 453 366 520; x_wconf 78' lang='lat'><strong>1289</strong></span> <span class='ocrx_word' id='word_1_232' title='bbox 1319 455 1416 516; x_wconf 90' lang='lat' dir='ltr'><strong>DE</strong></span> <span class='ocrx_word' id='word_1_233' title='bbox 1457 451 1799 514; x_wconf 69' lang='lat' dir='ltr'><strong>tMAGtNtt</strong></span> 
     </span>
    </p>
   </div>
   <div class='ocr_carea' id='block_1_31' title="bbox 1902 449 2340 544">
    <p class='ocr_par' dir='ltr' id='par_1_31' title="bbox 1902 451 2340 517">
     <span class='ocr_line' id='line_1_31' title="bbox 1902 451 2340 517; baseline 0.014 -8"><span class='ocrx_word' id='word_1_234' title='bbox 1902 453 1916 509; x_wconf 72' lang='grc' dir='ltr'><strong>ἱ</strong></span> <span class='ocrx_word' id='word_1_235' title='bbox 1954 451 2234 515; x_wconf 78' lang='lat' dir='ltr'><strong>ORATIO</strong></span> <span class='ocrx_word' id='word_1_236' title='bbox 2247 455 2340 517; x_wconf 84' lang='grc' dir='ltr'>Π.</span> 
     </span>
    </p>
   </div>
   <div class='ocr_carea' id='block_1_32' title="bbox 18 542 1799 641">
    <p class='ocr_par' dir='ltr' id='par_1_32' title="bbox 18 542 1799 641">
     <span class='ocr_line' id='line_1_32' title="bbox 18 542 1799 641; baseline -0.004 -17"><span class='ocrx_word' id='word_1_237' title='bbox 229 587 250 622; x_wconf 85' lang='grc' dir='ltr'><strong>ι</strong></span> <span class='ocrx_word' id='word_1_238' title='bbox 285 567 564 641; x_wconf 76' lang='grc' dir='ltr'>Ἐρευνᾶτε</span> <span class='ocrx_word' id='word_1_239' title='bbox 594 568 691 633; x_wconf 77' lang='grc' dir='ltr'><strong>τάς</strong></span> <span class='ocrx_word' id='word_1_240' title='bbox 712 568 970 640; x_wconf 67' lang='grc' dir='ltr'>Γραφάς;</span> <span class='ocrx_word' id='word_1_241' title='bbox 1005 585 1024 620; x_wconf 82' lang='grc' dir='ltr'><strong>ι</strong></span> <span class='ocrx_word' id='word_1_242' title='bbox 1065 567 1222 640; x_wconf 74' lang='grc' dir='ltr'>Καλὴ</span> <span class='ocrx_word' id='word_1_243' title='bbox 1246 567 1352 639; x_wconf 89' lang='grc' dir='ltr'><strong>γὰρ</strong></span> <span class='ocrx_word' id='word_1_244' title='bbox 1375 569 1411 639; x_wconf 82' lang='grc' dir='ltr'><strong>ή</strong></span> <span class='ocrx_word' id='word_1_245' title='bbox 1433 565 1544 620; x_wconf 83' lang='grc' dir='ltr'><strong>τῶν</strong></span> <span class='ocrx_word' id='word_1_246' title='bbox 1568 563 1799 636; x_wconf 78' lang='grc' dir='ltr'>Γραφῶν</span> 
     </span>
    </p>
   </div>
   <div class='ocr_carea' id='block_1_33' title="bbox 1902 542 3474 641">
    <p class='ocr_par' dir='ltr' id='par_1_33' title="bbox 1902 547 3474 637">
     <span class='ocr_line' id='line_1_33' title="bbox 1902 547 3474 637; baseline 0.001 -21"><span class='ocrx_word' id='word_1_247' title='bbox 1902 569 2096 632; x_wconf 87' lang='lat' dir='ltr'><strong>pturas</strong></span> <span class='ocrx_word' id='word_1_248' title='bbox 2124 564 2192 620; x_wconf 90' lang='grc'><strong>³³.</strong></span> <span class='ocrx_word' id='word_1_249' title='bbox 2221 583 2240 616; x_wconf 69' lang='grc' dir='ltr'><strong>ι</strong></span> <span class='ocrx_word' id='word_1_250' title='bbox 2286 564 2606 622; x_wconf 83' lang='lat' dir='ltr'><strong>Laudabil-is</strong></span> <span class='ocrx_word' id='word_1_251' title='bbox 2655 547 2858 637; x_wconf 71' lang='lat' dir='ltr'><strong>quippe</strong></span> <span class='ocrx_word' id='word_1_252' title='bbox 2913 569 3000 620; x_wconf 88' lang='lat' dir='ltr'><strong>est</strong></span> <span class='ocrx_word' id='word_1_253' title='bbox 3057 561 3474 634; x_wconf 85' lang='lat' dir='ltr'><strong>Scripturarutn</strong></span> 
     </span>
    </p>
   </div>
   <div class='ocr_carea' id='block_1_34' title="bbox 3289 452 3476 519">
    <p class='ocr_par' dir='ltr' id='par_1_34' title="bbox 3289 452 3476 519">
     <span class='ocr_line' id='line_1_34' title="bbox 3289 452 3476 519; baseline 0 0"><span class='ocrx_word' id='word_1_254' title='bbox 3289 491 3296 500; x_wconf 68' lang='grc' dir='ltr'><strong>ι</strong></span> <span class='ocrx_word' id='word_1_255' title='bbox 3336 452 3476 519; x_wconf 79' lang='lat'><strong>1290</strong></span> 
     </span>
    </p>
   </div>
   <div class='ocr_carea' id='block_1_35' title="bbox 1900 653 3472 728">
    <p class='ocr_par' dir='ltr' id='par_1_35' title="bbox 1900 653 3472 728">
     <span class='ocr_line' id='line_1_35' title="bbox 1900 653 3472 728; baseline 0.001 -18"><span class='ocrx_word' id='word_1_256' title='bbox 1900 655 2290 723; x_wconf 88' lang='lat' dir='ltr'><strong>perscrutatio.</strong></span> <span class='ocrx_word' id='word_1_257' title='bbox 2328 655 2435 712; x_wconf 86' lang='lat' dir='ltr'><strong>Sed</strong></span> <span class='ocrx_word' id='word_1_258' title='bbox 2462 656 2556 712; x_wconf 89' lang='lat' dir='ltr'><strong>hic</strong></span> <span class='ocrx_word' id='word_1_259' title='bbox 2575 656 2870 728; x_wconf 75' lang='lat' dir='ltr'><strong>diligenter</strong></span> <span class='ocrx_word' id='word_1_260' title='bbox 2904 653 3149 709; x_wconf 89' lang='lat' dir='ltr'><strong>animum</strong></span> <span class='ocrx_word' id='word_1_261' title='bbox 3181 655 3472 712; x_wconf 89' lang='lat' dir='ltr'><strong>attendite.</strong></span> 
     </span>
    </p>
   </div>
   <div class='ocr_carea' id='block_1_36' title="bbox 1902 745 3476 817">
    <p class='ocr_par' dir='ltr' id='par_1_36' title="bbox 1902 745 3476 817">
     <span class='ocr_line' id='line_1_36' title="bbox 1902 745 3476 817; baseline 0.003 -17"><span class='ocrx_word' id='word_1_262' title='bbox 1902 745 2244 817; x_wconf 87' lang='lat' dir='ltr'><strong>lmpossibile</strong></span> <span class='ocrx_word' id='word_1_263' title='bbox 2272 756 2376 813; x_wconf 89' lang='lat' dir='ltr'><strong>est,</strong></span> <span class='ocrx_word' id='word_1_264' title='bbox 2395 746 2764 815; x_wconf 89' lang='lat' dir='ltr'><strong>dilectissimi,</strong></span> <span class='ocrx_word' id='word_1_265' title='bbox 2791 746 3012 802; x_wconf 85' lang='lat' dir='ltr'><strong>mentiri</strong></span> <span class='ocrx_word' id='word_1_266' title='bbox 3035 745 3204 803; x_wconf 90' lang='lat' dir='ltr'><strong>Deum</strong></span> <span class='ocrx_word' id='word_1_267' title='bbox 3231 747 3295 801; x_wconf 74' lang='grc'><strong>³⁸.</strong></span> <span class='ocrx_word' id='word_1_268' title='bbox 3321 745 3476 804; x_wconf 91' lang='lat' dir='ltr'><strong>Unus</strong></span> 
     </span>
    </p>
   </div>
   <div class='ocr_carea' id='block_1_37' title="bbox 1900 836 3475 906">
    <p class='ocr_par' dir='ltr' id='par_1_37' title="bbox 1900 836 3475 906">
     <span class='ocr_line' id='line_1_37' title="bbox 1900 836 3475 906; baseline 0.001 -16"><span class='ocrx_word' id='word_1_269' title='bbox 1900 852 2070 906; x_wconf 87' lang='lat' dir='ltr'><strong>porro</strong></span> <span class='ocrx_word' id='word_1_270' title='bbox 2135 836 2282 894; x_wconf 88' lang='lat' dir='ltr'><strong>Deus</strong></span> <span class='ocrx_word' id='word_1_271' title='bbox 2314 846 2418 902; x_wconf 87' lang='lat' dir='ltr'><strong>est,</strong></span> <span class='ocrx_word' id='word_1_272' title='bbox 2452 855 2598 895; x_wconf 91' lang='lat' dir='ltr'><strong>unus</strong></span> <span class='ocrx_word' id='word_1_273' title='bbox 2627 837 2843 894; x_wconf 82' lang='lat' dir='ltr'><strong>Veteris</strong></span> <span class='ocrx_word' id='word_1_274' title='bbox 2878 847 2934 894; x_wconf 79' lang='lat' dir='ltr'><strong>ct</strong></span> <span class='ocrx_word' id='word_1_275' title='bbox 2963 838 3101 893; x_wconf 86' lang='lat' dir='ltr'><strong>Novi</strong></span> <span class='ocrx_word' id='word_1_276' title='bbox 3130 836 3475 895; x_wconf 87' lang='lat' dir='ltr'><strong>Testamenti</strong></span> 
     </span>
    </p>
   </div>
   <div class='ocr_carea' id='block_1_38' title="bbox 1900 927 3475 1002">
    <p class='ocr_par' dir='ltr' id='par_1_38' title="bbox 1900 927 3475 1002">
     <span class='ocr_line' id='line_1_38' title="bbox 1900 927 3475 1002; baseline 0.003 -21"><span class='ocrx_word' id='word_1_277' title='bbox 1900 927 2202 998; x_wconf 86' lang='lat' dir='ltr'><strong>legislator,</strong></span> <span class='ocrx_word' id='word_1_278' title='bbox 2234 928 2328 999; x_wconf 86' lang='lat' dir='ltr'><strong>qui</strong></span> <span class='ocrx_word' id='word_1_279' title='bbox 2364 928 2718 984; x_wconf 81' lang='lat' dir='ltr'><strong>multifariam</strong></span> <span class='ocrx_word' id='word_1_280' title='bbox 2768 931 3072 1002; x_wconf 86' lang='lat' dir='ltr'><strong>multisque</strong></span> <span class='ocrx_word' id='word_1_281' title='bbox 3129 931 3310 988; x_wconf 87' lang='lat' dir='ltr'><strong>modis</strong></span> <span class='ocrx_word' id='word_1_282' title='bbox 3344 932 3475 987; x_wconf 90' lang='lat' dir='ltr'><strong>olitn</strong></span> 
     </span>
    </p>
   </div>
   <div class='ocr_carea' id='block_1_39' title="bbox 1902 1017 3477 1090">
    <p class='ocr_par' dir='ltr' id='par_1_39' title="bbox 1902 1017 3477 1090">
     <span class='ocr_line' id='line_1_39' title="bbox 1902 1017 3477 1090; baseline 0.005 -20"><span class='ocrx_word' id='word_1_283' title='bbox 1902 1017 2122 1074; x_wconf 87' lang='lat' dir='ltr'><strong>locutus</strong></span> <span class='ocrx_word' id='word_1_284' title='bbox 2156 1026 2240 1074; x_wconf 90' lang='lat' dir='ltr'><strong>est</strong></span> <span class='ocrx_word' id='word_1_285' title='bbox 2268 1019 2522 1089; x_wconf 88' lang='lat' dir='ltr'><strong>patribus</strong></span> <span class='ocrx_word' id='word_1_286' title='bbox 2561 1019 2616 1074; x_wconf 92' lang='lat' dir='ltr'><strong>in</strong></span> <span class='ocrx_word' id='word_1_287' title='bbox 2649 1023 2956 1090; x_wconf 85' lang='lat' dir='ltr'><strong>prophetis,</strong></span> <span class='ocrx_word' id='word_1_288' title='bbox 2988 1029 3044 1077; x_wconf 89' lang='lat' dir='ltr'><strong>ct</strong></span> <span class='ocrx_word' id='word_1_289' title='bbox 3072 1022 3128 1076; x_wconf 92' lang='lat' dir='ltr'><strong>in</strong></span> <span class='ocrx_word' id='word_1_290' title='bbox 3154 1022 3477 1080; x_wconf 83' lang='lat' dir='ltr'><strong>novissimis</strong></span> 
     </span>
    </p>
   </div>
   <div class='ocr_carea' id='block_1_40' title="bbox 1902 1107 3552 1182">
    <p class='ocr_par' dir='ltr' id='par_1_40' title="bbox 1902 1107 3552 1182">
     <span class='ocr_line' id='line_1_40' title="bbox 1902 1107 3552 1182; baseline 0.004 -22"><span class='ocrx_word' id='word_1_291' title='bbox 1902 1108 2239 1177; x_wconf 86' lang='lat' dir='ltr'><strong>temporibus</strong></span> <span class='ocrx_word' id='word_1_292' title='bbox 2269 1109 2323 1164; x_wconf 92' lang='lat' dir='ltr'><strong>in</strong></span> <span class='ocrx_word' id='word_1_293' title='bbox 2349 1107 2485 1164; x_wconf 88' lang='lat' dir='ltr'><strong>Filio</strong></span> <span class='ocrx_word' id='word_1_294' title='bbox 2511 1123 2613 1165; x_wconf 86' lang='lat' dir='ltr'><strong>suo</strong></span> <span class='ocrx_word' id='word_1_295' title='bbox 2638 1110 2946 1182; x_wconf 88' lang='lat' dir='ltr'><strong>unigenito.</strong></span> <span class='ocrx_word' id='word_1_296' title='bbox 2965 1111 3220 1168; x_wconf 80' lang='lat' dir='ltr'><strong>Vestrum</strong></span> <span class='ocrx_word' id='word_1_297' title='bbox 3251 1129 3474 1169; x_wconf 85' lang='lat' dir='ltr'><strong>sensum</strong></span> <span class='ocrx_word' id='word_1_298' title='bbox 3549 1125 3552 1128; x_wconf 74' lang='lat'><strong>‘</strong></span> 
     </span>
    </p>
   </div>
   <div class='ocr_carea' id='block_1_41' title="bbox 1903 1199 3479 1274">
    <p class='ocr_par' dir='ltr' id='par_1_41' title="bbox 1903 1199 3479 1274">
     <span class='ocr_line' id='line_1_41' title="bbox 1903 1199 3479 1274; baseline 0.006 -21"><span class='ocrx_word' id='word_1_299' title='bbox 1903 1199 2178 1257; x_wconf 80' lang='lat' dir='ltr'><strong>adhibete.</strong></span> <span class='ocrx_word' id='word_1_300' title='bbox 2219 1199 2338 1256; x_wconf 86' lang='lat' dir='ltr'><strong>Non</strong></span> <span class='ocrx_word' id='word_1_301' title='bbox 2395 1216 2516 1258; x_wconf 86' lang='lat' dir='ltr'><strong>mea</strong></span> <span class='ocrx_word' id='word_1_302' title='bbox 2551 1203 2715 1257; x_wconf 84' lang='lat' dir='ltr'><strong>verba</strong></span> <span class='ocrx_word' id='word_1_303' title='bbox 2773 1210 2924 1270; x_wconf 87' lang='lat' dir='ltr'><strong>sunt,</strong></span> <span class='ocrx_word' id='word_1_304' title='bbox 2956 1203 3053 1259; x_wconf 92' lang='lat' dir='ltr'><strong>sed</strong></span> <span class='ocrx_word' id='word_1_305' title='bbox 3077 1219 3202 1274; x_wconf 70' lang='lat' dir='ltr'><strong>qure</strong></span> <span class='ocrx_word' id='word_1_306' title='bbox 3237 1204 3479 1274; x_wconf 77' lang='lat' dir='ltr'><strong>Spiritus</strong></span> 
     </span>
    </p>
   </div>
   <div class='ocr_carea' id='block_1_42' title="bbox 1902 1293 3480 1364">
    <p class='ocr_par' dir='ltr' id='par_1_42' title="bbox 1902 1293 3480 1364">
     <span class='ocr_line' id='line_1_42' title="bbox 1902 1293 3480 1364; baseline 0.003 -18"><span class='ocrx_word' id='word_1_307' title='bbox 1902 1300 2127 1348; x_wconf 81' lang='lat' dir='ltr'><strong>sanctus</strong></span> <span class='ocrx_word' id='word_1_308' title='bbox 2155 1307 2253 1362; x_wconf 88' lang='lat' dir='ltr'><strong>per</strong></span> <span class='ocrx_word' id='word_1_309' title='bbox 2277 1301 2530 1348; x_wconf 86' lang='lat' dir='ltr'><strong>sanctum</strong></span> <span class='ocrx_word' id='word_1_310' title='bbox 2551 1293 2872 1364; x_wconf 79' lang='lat' dir='ltr'><strong>Apostolutn</strong></span> <span class='ocrx_word' id='word_1_311' title='bbox 2905 1294 3102 1351; x_wconf 77' lang='lat' dir='ltr'><strong>effatus</strong></span> <span class='ocrx_word' id='word_1_312' title='bbox 3130 1305 3217 1350; x_wconf 90' lang='lat' dir='ltr'><strong>est</strong></span> <span class='ocrx_word' id='word_1_313' title='bbox 3247 1309 3260 1346; x_wconf 90' lang='lat'><strong>:</strong></span> <span class='ocrx_word' id='word_1_314' title='bbox 3295 1315 3314 1348; x_wconf 85' lang='grc' dir='ltr'><strong>ι</strong></span> <span class='ocrx_word' id='word_1_315' title='bbox 3337 1295 3480 1350; x_wconf 79' lang='lat' dir='ltr'><strong>Mul-</strong></span> 
     </span>
    </p>
   </div>
   <div class='ocr_carea' id='block_1_43' title="bbox 1902 1382 3480 1456">
    <p class='ocr_par' dir='ltr' id='par_1_43' title="bbox 1902 1382 3480 1456">
     <span class='ocr_line' id='line_1_43' title="bbox 1902 1382 3480 1456; baseline 0.002 -19"><span class='ocrx_word' id='word_1_316' title='bbox 1902 1382 2141 1437; x_wconf 85' lang='lat' dir='ltr'><strong>tifariam</strong></span> <span class='ocrx_word' id='word_1_317' title='bbox 2188 1383 2486 1455; x_wconf 87' lang='lat' dir='ltr'><strong>multisque</strong></span> <span class='ocrx_word' id='word_1_318' title='bbox 2522 1385 2704 1442; x_wconf 91' lang='lat' dir='ltr'><strong>modis</strong></span> <span class='ocrx_word' id='word_1_319' title='bbox 2745 1386 2876 1440; x_wconf 88' lang='lat' dir='ltr'><strong>olim</strong></span> <span class='ocrx_word' id='word_1_320' title='bbox 2942 1386 3176 1456; x_wconf 91' lang='lat' dir='ltr'><strong>loquens</strong></span> <span class='ocrx_word' id='word_1_321' title='bbox 3205 1387 3352 1442; x_wconf 86' lang='lat' dir='ltr'><strong>Deus</strong></span> <span class='ocrx_word' id='word_1_322' title='bbox 3378 1402 3480 1456; x_wconf 87' lang='lat' dir='ltr'><strong>pa-</strong></span> 
     </span>
    </p>
   </div>
   <div class='ocr_carea' id='block_1_44' title="bbox 1902 1467 3483 1546">
    <p class='ocr_par' dir='ltr' id='par_1_44' title="bbox 1902 1467 3483 1546">
     <span class='ocr_line' id='line_1_44' title="bbox 1902 1467 3483 1546; baseline 0.003 -18"><span class='ocrx_word' id='word_1_323' title='bbox 1902 1475 2082 1532; x_wconf 84' lang='lat' dir='ltr'><strong>tribus</strong></span> <span class='ocrx_word' id='word_1_324' title='bbox 2129 1475 2183 1530; x_wconf 91' lang='lat' dir='ltr'><strong>in</strong></span> <span class='ocrx_word' id='word_1_325' title='bbox 2221 1477 2504 1546; x_wconf 87' lang='lat' dir='ltr'><strong>prophetis</strong></span> <span class='ocrx_word' id='word_1_326' title='bbox 2522 1477 2587 1532; x_wconf 83' lang='grc'><strong>³⁵.</strong></span> <span class='ocrx_word' id='word_1_327' title='bbox 2627 1497 2645 1530; x_wconf 78' lang='grc' dir='ltr'><strong>ι</strong></span> <span class='ocrx_word' id='word_1_328' title='bbox 2683 1477 2988 1533; x_wconf 84' lang='lat' dir='ltr'><strong>Considera</strong></span> <span class='ocrx_word' id='word_1_329' title='bbox 3035 1467 3206 1534; x_wconf 81' lang='lat' dir='ltr'><strong>Deum</strong></span> <span class='ocrx_word' id='word_1_330' title='bbox 3237 1479 3483 1534; x_wconf 83' lang='lat' dir='ltr'><strong>multifa-</strong></span> 
     </span>
    </p>
   </div>
   <div class='ocr_carea' id='block_1_45' title="bbox 1903 1563 3480 1637">
    <p class='ocr_par' dir='ltr' id='par_1_45' title="bbox 1903 1563 3480 1637">
     <span class='ocr_line' id='line_1_45' title="bbox 1903 1563 3480 1637; baseline 0.003 -17"><span class='ocrx_word' id='word_1_331' title='bbox 1903 1565 2038 1620; x_wconf 90' lang='lat' dir='ltr'><strong>riam</strong></span> <span class='ocrx_word' id='word_1_332' title='bbox 2103 1565 2404 1637; x_wconf 85' lang='lat' dir='ltr'><strong>multisque</strong></span> <span class='ocrx_word' id='word_1_333' title='bbox 2455 1563 2636 1622; x_wconf 76' lang='lat' dir='ltr'><strong>modis</strong></span> <span class='ocrx_word' id='word_1_334' title='bbox 2697 1568 2942 1624; x_wconf 83' lang='lat' dir='ltr'><strong>locutum</strong></span> <span class='ocrx_word' id='word_1_335' title='bbox 2975 1583 3120 1625; x_wconf 86' lang='lat' dir='ltr'><strong>esse.</strong></span> <span class='ocrx_word' id='word_1_336' title='bbox 3148 1567 3306 1624; x_wconf 91' lang='lat' dir='ltr'><strong>Sicut</strong></span> <span class='ocrx_word' id='word_1_337' title='bbox 3331 1570 3480 1626; x_wconf 91' lang='lat' dir='ltr'><strong>enim</strong></span> 
     </span>
    </p>
   </div>
   <div class='ocr_carea' id='block_1_46' title="bbox 1903 1656 3482 1729">
    <p class='ocr_par' dir='ltr' id='par_1_46' title="bbox 1903 1656 3482 1729">
     <span class='ocr_line' id='line_1_46' title="bbox 1903 1656 3482 1729; baseline 0.003 -20"><span class='ocrx_word' id='word_1_338' title='bbox 1903 1656 2114 1725; x_wconf 88' lang='lat' dir='ltr'><strong>peritus</strong></span> <span class='ocrx_word' id='word_1_339' title='bbox 2156 1656 2405 1712; x_wconf 90' lang='lat' dir='ltr'><strong>medicus</strong></span> <span class='ocrx_word' id='word_1_340' title='bbox 2438 1670 2548 1712; x_wconf 91' lang='lat' dir='ltr'><strong>non</strong></span> <span class='ocrx_word' id='word_1_341' title='bbox 2601 1657 2881 1722; x_wconf 89' lang='lat' dir='ltr'><strong>omnibus,</strong></span> <span class='ocrx_word' id='word_1_342' title='bbox 2919 1672 3021 1718; x_wconf 91' lang='lat' dir='ltr'><strong>nec</strong></span> <span class='ocrx_word' id='word_1_343' title='bbox 3079 1673 3296 1729; x_wconf 85' lang='lat' dir='ltr'><strong>semper</strong></span> <span class='ocrx_word' id='word_1_344' title='bbox 3335 1659 3482 1714; x_wconf 88' lang='lat' dir='ltr'><strong>idetu</strong></span> 
     </span>
    </p>
   </div>
   <div class='ocr_carea' id='block_1_47' title="bbox 1903 1747 3479 1820">
    <p class='ocr_par' dir='ltr' id='par_1_47' title="bbox 1903 1747 3479 1820">
     <span class='ocr_line' id='line_1_47' title="bbox 1903 1747 3479 1820; baseline 0.003 -20"><span class='ocrx_word' id='word_1_345' title='bbox 1903 1747 2134 1802; x_wconf 86' lang='lat' dir='ltr'><strong>remedii</strong></span> <span class='ocrx_word' id='word_1_346' title='bbox 2197 1747 2477 1802; x_wconf 88' lang='lat' dir='ltr'><strong>ministrat</strong></span> <span class='ocrx_word' id='word_1_347' title='bbox 2534 1764 2736 1819; x_wconf 80' lang='lat' dir='ltr'><strong>genus,</strong></span> <span class='ocrx_word' id='word_1_348' title='bbox 2785 1748 2883 1805; x_wconf 91' lang='lat' dir='ltr'><strong>sed</strong></span> <span class='ocrx_word' id='word_1_349' title='bbox 2916 1757 3031 1805; x_wconf 87' lang='lat' dir='ltr'><strong>tum</strong></span> <span class='ocrx_word' id='word_1_350' title='bbox 3062 1751 3332 1820; x_wconf 82' lang='lat' dir='ltr'><strong>regionis,</strong></span> <span class='ocrx_word' id='word_1_351' title='bbox 3364 1760 3479 1807; x_wconf 90' lang='lat' dir='ltr'><strong>tum</strong></span> 
     </span>
    </p>
   </div>
   <div class='ocr_carea' id='block_1_48' title="bbox 1903 1839 3484 1911">
    <p class='ocr_par' dir='ltr' id='par_1_48' title="bbox 1903 1839 3484 1911">
     <span class='ocr_line' id='line_1_48' title="bbox 1903 1839 3484 1911; baseline 0.004 -20"><span class='ocrx_word' id='word_1_352' title='bbox 1903 1839 2104 1906; x_wconf 84' lang='lat' dir='ltr'><strong>morbi,</strong></span> <span class='ocrx_word' id='word_1_353' title='bbox 2140 1845 2254 1894; x_wconf 89' lang='lat' dir='ltr'><strong>tum</strong></span> <span class='ocrx_word' id='word_1_354' title='bbox 2305 1841 2592 1911; x_wconf 83' lang='lat' dir='ltr'><strong>temporis,</strong></span> <span class='ocrx_word' id='word_1_355' title='bbox 2660 1848 2778 1895; x_wconf 91' lang='lat' dir='ltr'><strong>tum</strong></span> <span class='ocrx_word' id='word_1_356' title='bbox 2821 1843 3002 1897; x_wconf 61' lang='lat' dir='ltr'><strong>etatis</strong></span> <span class='ocrx_word' id='word_1_357' title='bbox 3043 1841 3234 1898; x_wconf 85' lang='lat' dir='ltr'><strong>habita</strong></span> <span class='ocrx_word' id='word_1_358' title='bbox 3268 1844 3484 1898; x_wconf 81' lang='lat' dir='ltr'><strong>ratione</strong></span> 
     </span>
    </p>
   </div>
   <div class='ocr_carea' id='block_1_49' title="bbox 1902 1928 3484 2007">
    <p class='ocr_par' dir='ltr' id='par_1_49' title="bbox 1902 1928 3484 2007">
     <span class='ocr_line' id='line_1_49' title="bbox 1902 1928 3484 2007; baseline 0.004 -23"><span class='ocrx_word' id='word_1_359' title='bbox 1902 1928 2238 1986; x_wconf 78' lang='lat' dir='ltr'><strong>medicinam</strong></span> <span class='ocrx_word' id='word_1_360' title='bbox 2299 1931 2507 2002; x_wconf 61' lang='lat' dir='ltr'><strong>praebet</strong></span> <span class='ocrx_word' id='word_1_361' title='bbox 2541 1948 2557 1988; x_wconf 88' lang='lat'><strong>:</strong></span> <span class='ocrx_word' id='word_1_362' title='bbox 2587 1940 2754 2003; x_wconf 87' lang='lat' dir='ltr'><strong>atque</strong></span> <span class='ocrx_word' id='word_1_363' title='bbox 2815 1933 2924 1988; x_wconf 90' lang='lat' dir='ltr'><strong>alia</strong></span> <span class='ocrx_word' id='word_1_364' title='bbox 2957 1933 3180 2004; x_wconf 84' lang='lat' dir='ltr'><strong>quidem</strong></span> <span class='ocrx_word' id='word_1_365' title='bbox 3199 1935 3364 2007; x_wconf 77' lang='lat'><strong>333</strong></span> <span class='ocrx_word' id='word_1_366' title='bbox 3391 1951 3484 1991; x_wconf 83' lang='lat' dir='ltr'><strong>ra-</strong></span> 
     </span>
    </p>
   </div>
   <div class='ocr_carea' id='block_1_50' title="bbox 1902 2021 3476 2098">
    <p class='ocr_par' dir='ltr' id='par_1_50' title="bbox 1902 2021 3476 2098">
     <span class='ocr_line' id='line_1_50' title="bbox 1902 2021 3476 2098; baseline 0.003 -22"><span class='ocrx_word' id='word_1_367' title='bbox 1902 2021 2050 2078; x_wconf 88' lang='lat' dir='ltr'><strong>tione</strong></span> <span class='ocrx_word' id='word_1_368' title='bbox 2078 2022 2346 2080; x_wconf 85' lang='lat' dir='ltr'><strong>iufantem</strong></span> <span class='ocrx_word' id='word_1_369' title='bbox 2375 2030 2554 2088; x_wconf 82' lang='lat' dir='ltr'><strong>curat,</strong></span> <span class='ocrx_word' id='word_1_370' title='bbox 2579 2024 2686 2079; x_wconf 88' lang='lat' dir='ltr'><strong>alia</strong></span> <span class='ocrx_word' id='word_1_371' title='bbox 2719 2024 2901 2080; x_wconf 85' lang='lat' dir='ltr'><strong>virum</strong></span> <span class='ocrx_word' id='word_1_372' title='bbox 2941 2033 3102 2081; x_wconf 74' lang='lat' dir='ltr'><strong>actate</strong></span> <span class='ocrx_word' id='word_1_373' title='bbox 3127 2035 3476 2098; x_wconf 86' lang='lat' dir='ltr'><strong>provectum,</strong></span> 
     </span>
    </p>
   </div>
   <div class='ocr_carea' id='block_1_51' title="bbox 1903 2114 3484 2190">
    <p class='ocr_par' dir='ltr' id='par_1_51' title="bbox 1903 2114 3484 2190">
     <span class='ocr_line' id='line_1_51' title="bbox 1903 2114 3484 2190; baseline 0.006 -24"><span class='ocrx_word' id='word_1_374' title='bbox 1903 2122 2256 2182; x_wconf 81' lang='lat' dir='ltr'><strong>aegrotantem</strong></span> <span class='ocrx_word' id='word_1_375' title='bbox 2279 2114 2409 2182; x_wconf 88' lang='lat' dir='ltr'><strong>alia,</strong></span> <span class='ocrx_word' id='word_1_376' title='bbox 2445 2115 2552 2170; x_wconf 87' lang='lat' dir='ltr'><strong>alia</strong></span> <span class='ocrx_word' id='word_1_377' title='bbox 2578 2114 2818 2186; x_wconf 89' lang='lat' dir='ltr'><strong>denique</strong></span> <span class='ocrx_word' id='word_1_378' title='bbox 2882 2131 3100 2183; x_wconf 89' lang='lat' dir='ltr'><strong>sanum,</strong></span> <span class='ocrx_word' id='word_1_379' title='bbox 3135 2133 3240 2174; x_wconf 86' lang='lat' dir='ltr'><strong>nec</strong></span> <span class='ocrx_word' id='word_1_380' title='bbox 3260 2120 3484 2190; x_wconf 65' lang='lat' dir='ltr'><strong>aegrotis</strong></span> 
     </span>
    </p>
   </div>
   <div class='ocr_carea' id='block_1_52' title="bbox 1901 2204 3485 2275">
    <p class='ocr_par' dir='ltr' id='par_1_52' title="bbox 1901 2204 3485 2275">
     <span class='ocr_line' id='line_1_52' title="bbox 1901 2204 3485 2275; baseline 0.005 -17"><span class='ocrx_word' id='word_1_381' title='bbox 1901 2204 2162 2261; x_wconf 79' lang='lat' dir='ltr'><strong>omnibus</strong></span> <span class='ocrx_word' id='word_1_382' title='bbox 2211 2204 2402 2262; x_wconf 85' lang='lat' dir='ltr'><strong>eodem</strong></span> <span class='ocrx_word' id='word_1_383' title='bbox 2451 2205 2702 2263; x_wconf 80' lang='lat' dir='ltr'><strong>medetur</strong></span> <span class='ocrx_word' id='word_1_384' title='bbox 2723 2206 2923 2275; x_wconf 88' lang='lat' dir='ltr'><strong>modo,</strong></span> <span class='ocrx_word' id='word_1_385' title='bbox 2955 2208 3055 2264; x_wconf 84' lang='lat' dir='ltr'><strong>sed</strong></span> <span class='ocrx_word' id='word_1_386' title='bbox 3089 2215 3268 2265; x_wconf 81' lang='lat' dir='ltr'><strong>status</strong></span> <span class='ocrx_word' id='word_1_387' title='bbox 3290 2223 3356 2266; x_wconf 93' lang='lat' dir='ltr'><strong>ac</strong></span> <span class='ocrx_word' id='word_1_388' title='bbox 3386 2224 3485 2266; x_wconf 83' lang='lat' dir='ltr'><strong>va-</strong></span> 
     </span>
    </p>
   </div>
   <div class='ocr_carea' id='block_1_53' title="bbox 1901 2297 3485 2372">
    <p class='ocr_par' dir='ltr' id='par_1_53' title="bbox 1901 2297 3485 2372">
     <span class='ocr_line' id='line_1_53' title="bbox 1901 2297 3485 2372; baseline 0.002 -19"><span class='ocrx_word' id='word_1_389' title='bbox 1901 2297 2172 2355; x_wconf 83' lang='lat' dir='ltr'><strong>letudinis</strong></span> <span class='ocrx_word' id='word_1_390' title='bbox 2225 2298 2502 2355; x_wconf 86' lang='lat' dir='ltr'><strong>rationem</strong></span> <span class='ocrx_word' id='word_1_391' title='bbox 2551 2299 2676 2365; x_wconf 88' lang='lat' dir='ltr'><strong>init,</strong></span> <span class='ocrx_word' id='word_1_392' title='bbox 2715 2307 2779 2355; x_wconf 90' lang='lat' dir='ltr'><strong>ut</strong></span> <span class='ocrx_word' id='word_1_393' title='bbox 2834 2300 2985 2356; x_wconf 82' lang='lat' dir='ltr'><strong>aliud</strong></span> <span class='ocrx_word' id='word_1_394' title='bbox 3034 2301 3259 2372; x_wconf 86' lang='lat' dir='ltr'><strong>quidem</strong></span> <span class='ocrx_word' id='word_1_395' title='bbox 3291 2309 3485 2358; x_wconf 67' lang='lat' dir='ltr'><strong>estate</strong></span> 
     </span>
    </p>
   </div>
   <div class='ocr_carea' id='block_1_54' title="bbox 1900 2388 3482 2458">
    <p class='ocr_par' dir='ltr' id='par_1_54' title="bbox 1900 2388 3482 2458">
     <span class='ocr_line' id='line_1_54' title="bbox 1900 2388 3482 2458; baseline 0.004 -14"><span class='ocrx_word' id='word_1_396' title='bbox 1900 2388 2369 2446; x_wconf 77' lang='lat' dir='ltr'><strong>medicamentum</strong></span> <span class='ocrx_word' id='word_1_397' title='bbox 2401 2390 2616 2457; x_wconf 81' lang='lat' dir='ltr'><strong>aﬂ&#39;erat,</strong></span> <span class='ocrx_word' id='word_1_398' title='bbox 2649 2391 2796 2447; x_wconf 87' lang='lat' dir='ltr'><strong>aliud</strong></span> <span class='ocrx_word' id='word_1_399' title='bbox 2841 2391 3042 2458; x_wconf 85' lang='lat' dir='ltr'><strong>hieme,</strong></span> <span class='ocrx_word' id='word_1_400' title='bbox 3073 2393 3308 2450; x_wconf 86' lang='lat' dir='ltr'><strong>alterum</strong></span> <span class='ocrx_word' id='word_1_401' title='bbox 3332 2409 3482 2458; x_wconf 89' lang='lat' dir='ltr'><strong>vere.</strong></span> 
     </span>
    </p>
   </div>
   <div class='ocr_carea' id='block_1_55' title="bbox 1903 2481 3484 2554">
    <p class='ocr_par' dir='ltr' id='par_1_55' title="bbox 1903 2481 3484 2554">
     <span class='ocr_line' id='line_1_55' title="bbox 1903 2481 3484 2554; baseline 0.004 -20"><span class='ocrx_word' id='word_1_402' title='bbox 1903 2487 2172 2543; x_wconf 80' lang='lat' dir='ltr'><strong>autumno</strong></span> <span class='ocrx_word' id='word_1_403' title='bbox 2200 2481 2463 2548; x_wconf 85' lang='lat' dir='ltr'><strong>alterum,</strong></span> <span class='ocrx_word' id='word_1_404' title='bbox 2516 2481 2668 2538; x_wconf 88' lang='lat' dir='ltr'><strong>aliud</strong></span> <span class='ocrx_word' id='word_1_405' title='bbox 2700 2483 2922 2539; x_wconf 89' lang='lat' dir='ltr'><strong>demum</strong></span> <span class='ocrx_word' id='word_1_406' title='bbox 2945 2497 3046 2554; x_wconf 86' lang='lat' dir='ltr'><strong>pro</strong></span> <span class='ocrx_word' id='word_1_407' title='bbox 3075 2483 3220 2540; x_wconf 88' lang='lat' dir='ltr'><strong>locis</strong></span> <span class='ocrx_word' id='word_1_408' title='bbox 3250 2483 3484 2554; x_wconf 79' lang='lat' dir='ltr'><strong>singulis</strong></span> 
     </span>
    </p>
   </div>
   <div class='ocr_carea' id='block_1_56' title="bbox 1902 2569 3482 2645">
    <p class='ocr_par' dir='ltr' id='par_1_56' title="bbox 1902 2569 3482 2645">
     <span class='ocr_line' id='line_1_56' title="bbox 1902 2569 3482 2645; baseline 0.003 -18"><span class='ocrx_word' id='word_1_409' title='bbox 1902 2569 2208 2628; x_wconf 78' lang='lat' dir='ltr'><strong>secundum</strong></span> <span class='ocrx_word' id='word_1_410' title='bbox 2270 2572 2558 2644; x_wconf 79' lang='lat' dir='ltr'><strong>regionum</strong></span> <span class='ocrx_word' id='word_1_411' title='bbox 2593 2572 2915 2630; x_wconf 87' lang='lat' dir='ltr'><strong>discrimina</strong></span> <span class='ocrx_word' id='word_1_412' title='bbox 2948 2588 2966 2625; x_wconf 71' lang='grc' dir='ltr'><strong>ι</strong></span> <span class='ocrx_word' id='word_1_413' title='bbox 2997 2574 3362 2631; x_wconf 82' lang='lat' dir='ltr'><strong>consimiliter</strong></span> <span class='ocrx_word' id='word_1_414' title='bbox 3381 2591 3482 2645; x_wconf 90' lang='lat' dir='ltr'><strong>op-</strong></span> 
     </span>
    </p>
   </div>
   <div class='ocr_carea' id='block_1_57' title="bbox 1901 2663 3484 2733">
    <p class='ocr_par' dir='ltr' id='par_1_57' title="bbox 1901 2663 3484 2733">
     <span class='ocr_line' id='line_1_57' title="bbox 1901 2663 3484 2733; baseline 0.005 -17"><span class='ocrx_word' id='word_1_415' title='bbox 1901 2663 2070 2720; x_wconf 88' lang='lat' dir='ltr'><strong>timus</strong></span> <span class='ocrx_word' id='word_1_416' title='bbox 2098 2664 2410 2724; x_wconf 84' lang='lat' dir='ltr'><strong>animorum</strong></span> <span class='ocrx_word' id='word_1_417' title='bbox 2441 2664 2711 2733; x_wconf 84' lang='lat' dir='ltr'><strong>medicus,</strong></span> <span class='ocrx_word' id='word_1_418' title='bbox 2743 2665 3256 2723; x_wconf 85' lang='lat' dir='ltr'><strong>infantibus-adhuc</strong></span> <span class='ocrx_word' id='word_1_419' title='bbox 3282 2677 3336 2726; x_wconf 85' lang='lat' dir='ltr'><strong>et</strong></span> <span class='ocrx_word' id='word_1_420' title='bbox 3363 2668 3484 2724; x_wconf 83' lang='lat' dir='ltr'><strong>ido-</strong></span> 
     </span>
    </p>
   </div>
   <div class='ocr_carea' id='block_1_58' title="bbox 1901 2755 3480 2830">
    <p class='ocr_par' dir='ltr' id='par_1_58' title="bbox 1901 2755 3480 2830">
     <span class='ocr_line' id='line_1_58' title="bbox 1901 2755 3480 2830; baseline 0.004 -20"><span class='ocrx_word' id='word_1_421' title='bbox 1901 2755 2136 2812; x_wconf 70' lang='lat' dir='ltr'><strong>lolatriaa</strong></span> <span class='ocrx_word' id='word_1_422' title='bbox 2165 2757 2360 2813; x_wconf 88' lang='lat' dir='ltr'><strong>morbo</strong></span> <span class='ocrx_word' id='word_1_423' title='bbox 2384 2757 2788 2824; x_wconf 86' lang='lat' dir='ltr'><strong>laborantibus,</strong></span> <span class='ocrx_word' id='word_1_424' title='bbox 2841 2758 2958 2830; x_wconf 90' lang='lat' dir='ltr'><strong>qui,</strong></span> <span class='ocrx_word' id='word_1_425' title='bbox 3013 2773 3140 2814; x_wconf 90' lang='lat' dir='ltr'><strong>cum</strong></span> <span class='ocrx_word' id='word_1_426' title='bbox 3184 2761 3480 2817; x_wconf 83' lang='lat' dir='ltr'><strong>simulacra</strong></span> 
     </span>
    </p>
   </div>
   <div class='ocr_carea' id='block_1_59' title="bbox 1899 2847 3484 2922">
    <p class='ocr_par' dir='ltr' id='par_1_59' title="bbox 1899 2847 3484 2922">
     <span class='ocr_line' id='line_1_59' title="bbox 1899 2847 3484 2922; baseline 0.003 -18"><span class='ocrx_word' id='word_1_427' title='bbox 1899 2847 2034 2904; x_wconf 90' lang='lat' dir='ltr'><strong>deos</strong></span> <span class='ocrx_word' id='word_1_428' title='bbox 2066 2863 2190 2905; x_wconf 88' lang='lat' dir='ltr'><strong>esse</strong></span> <span class='ocrx_word' id='word_1_429' title='bbox 2239 2849 2660 2915; x_wconf 82' lang='lat' dir='ltr'><strong>arbitrarentur,</strong></span> <span class='ocrx_word' id='word_1_430' title='bbox 2698 2861 2753 2906; x_wconf 91' lang='lat' dir='ltr'><strong>et</strong></span> <span class='ocrx_word' id='word_1_431' title='bbox 2805 2858 3065 2922; x_wconf 84' lang='lat' dir='ltr'><strong>tanquam</strong></span> <span class='ocrx_word' id='word_1_432' title='bbox 3121 2851 3256 2910; x_wconf 88' lang='lat' dir='ltr'><strong>deos</strong></span> <span class='ocrx_word' id='word_1_433' title='bbox 3285 2853 3484 2908; x_wconf 89' lang='lat' dir='ltr'><strong>adora-</strong></span> 
     </span>
    </p>
   </div>
   <div class='ocr_carea' id='block_1_60' title="bbox 1900 2939 3471 3016">
    <p class='ocr_par' dir='ltr' id='par_1_60' title="bbox 1900 2939 3471 3016">
     <span class='ocr_line' id='line_1_60' title="bbox 1900 2939 3471 3016; baseline 0.004 -20"><span class='ocrx_word' id='word_1_434' title='bbox 1900 2947 2045 3006; x_wconf 83' lang='lat' dir='ltr'><strong>rent,</strong></span> <span class='ocrx_word' id='word_1_435' title='bbox 2075 2940 2317 2996; x_wconf 86' lang='lat' dir='ltr'><strong>debitam</strong></span> <span class='ocrx_word' id='word_1_436' title='bbox 2375 2939 2486 2997; x_wconf 89' lang='lat' dir='ltr'><strong>Deo</strong></span> <span class='ocrx_word' id='word_1_437' title='bbox 2537 2943 2929 3010; x_wconf 77' lang='lat' dir='ltr'><strong>reverentiam,</strong></span> <span class='ocrx_word' id='word_1_438' title='bbox 2988 2943 3162 3016; x_wconf 80' lang='lat' dir='ltr'><strong>gloria</strong></span> <span class='ocrx_word' id='word_1_439' title='bbox 3201 2944 3378 3016; x_wconf 89' lang='lat' dir='ltr'><strong>ipsius</strong></span> <span class='ocrx_word' id='word_1_440' title='bbox 3405 2951 3471 3003; x_wconf 85' lang='lat' dir='ltr'><strong>ad</strong></span> 
     </span>
    </p>
   </div>
   <div class='ocr_carea' id='block_1_61' title="bbox 1900 3035 3481 3110">
    <p class='ocr_par' dir='ltr' id='par_1_61' title="bbox 1900 3035 3481 3110">
     <span class='ocr_line' id='line_1_61' title="bbox 1900 3035 3481 3110; baseline 0.001 -19"><span class='ocrx_word' id='word_1_441' title='bbox 1900 3042 2205 3092; x_wconf 88' lang='lat' dir='ltr'><strong>creaturam</strong></span> <span class='ocrx_word' id='word_1_442' title='bbox 2231 3035 2523 3102; x_wconf 82' lang='lat' dir='ltr'><strong>translata,</strong></span> <span class='ocrx_word' id='word_1_443' title='bbox 2547 3035 2918 3108; x_wconf 84' lang='lat' dir='ltr'><strong>denegabant,</strong></span> <span class='ocrx_word' id='word_1_444' title='bbox 2944 3037 3276 3110; x_wconf 79' lang='lat' dir='ltr'><strong>imaginibus</strong></span> <span class='ocrx_word' id='word_1_445' title='bbox 3308 3039 3437 3094; x_wconf 76' lang='lat' dir='ltr'><strong>inter</strong></span> <span class='ocrx_word' id='word_1_446' title='bbox 3455 3068 3481 3082; x_wconf 83' lang='lat'><strong>-</strong></span> 
     </span>
    </p>
   </div>
   <div class='ocr_carea' id='block_1_62' title="bbox 1900 3125 3481 3200">
    <p class='ocr_par' dir='ltr' id='par_1_62' title="bbox 1900 3125 3481 3200">
     <span class='ocr_line' id='line_1_62' title="bbox 1900 3125 3481 3200; baseline 0.003 -18"><span class='ocrx_word' id='word_1_447' title='bbox 1900 3127 2061 3183; x_wconf 77' lang='lat' dir='ltr'><strong>dixit.</strong></span> <span class='ocrx_word' id='word_1_448' title='bbox 2117 3125 2416 3184; x_wconf 80' lang='lat' dir='ltr'><strong>Enimvero</strong></span> <span class='ocrx_word' id='word_1_449' title='bbox 2459 3126 2552 3184; x_wconf 85' lang='lat' dir='ltr'><strong>Dei</strong></span> <span class='ocrx_word' id='word_1_450' title='bbox 2607 3129 2706 3200; x_wconf 91' lang='lat' dir='ltr'><strong>qui</strong></span> <span class='ocrx_word' id='word_1_451' title='bbox 2740 3138 2826 3186; x_wconf 86' lang='lat' dir='ltr'><strong>est</strong></span> <span class='ocrx_word' id='word_1_452' title='bbox 2869 3129 3253 3200; x_wconf 84' lang='lat' dir='ltr'><strong>incorporeus,</strong></span> <span class='ocrx_word' id='word_1_453' title='bbox 3284 3129 3481 3186; x_wconf 77' lang='lat' dir='ltr'><strong>invisi-</strong></span> 
     </span>
    </p>
   </div>
   <div class='ocr_carea' id='block_1_63' title="bbox 216 3215 1799 3300">
    <p class='ocr_par' dir='ltr' id='par_1_63' title="bbox 216 3215 1796 3288">
     <span class='ocr_line' id='line_1_63' title="bbox 216 3215 1796 3288; baseline 0.008 -22"><span class='ocrx_word' id='word_1_454' title='bbox 216 3215 461 3286; x_wconf 77' lang='grc' dir='ltr'>γραφὴν,</span> <span class='ocrx_word' id='word_1_455' title='bbox 494 3217 634 3287; x_wconf 85' lang='grc' dir='ltr'>μήτε</span> <span class='ocrx_word' id='word_1_456' title='bbox 680 3216 988 3288; x_wconf 78' lang='grc' dir='ltr'>κατάληψιν</span> <span class='ocrx_word' id='word_1_457' title='bbox 1021 3217 1258 3288; x_wconf 69' lang='grc' dir='ltr'>ἔχοντος,</span> <span class='ocrx_word' id='word_1_458' title='bbox 1303 3220 1567 3276; x_wconf 83' lang='grc' dir='ltr'>ἀδύνατον</span> <span class='ocrx_word' id='word_1_459' title='bbox 1623 3226 1796 3278; x_wconf 81' lang='grc' dir='ltr'>ποιεῖν</span> 
     </span>
    </p>
   </div>
   <div class='ocr_carea' id='block_1_64' title="bbox 1902 3215 3480 3300">
    <p class='ocr_par' dir='ltr' id='par_1_64' title="bbox 1905 3215 3480 3292">
     <span class='ocr_line' id='line_1_64' title="bbox 1905 3215 3480 3292; baseline 0.003 -20"><span class='ocrx_word' id='word_1_460' title='bbox 1905 3215 2054 3281; x_wconf 85' lang='lat' dir='ltr'><strong>bilis,</strong></span> <span class='ocrx_word' id='word_1_461' title='bbox 2111 3231 2143 3271; x_wconf 88' lang='lat' dir='ltr'><strong>a</strong></span> <span class='ocrx_word' id='word_1_462' title='bbox 2192 3216 2421 3272; x_wconf 86' lang='lat' dir='ltr'><strong>materia</strong></span> <span class='ocrx_word' id='word_1_463' title='bbox 2515 3219 2961 3284; x_wconf 86' lang='lat' dir='ltr'><strong>remotissimus,</strong></span> <span class='ocrx_word' id='word_1_464' title='bbox 3020 3218 3210 3291; x_wconf 65' lang='lat' dir='ltr'><strong>ﬁgurat</strong></span> <span class='ocrx_word' id='word_1_465' title='bbox 3261 3234 3480 3292; x_wconf 75' lang='lat' dir='ltr'><strong>expers.</strong></span> 
     </span>
    </p>
   </div>
   <div class='ocr_carea' id='block_1_65' title="bbox 217 3307 1799 3383">
    <p class='ocr_par' dir='ltr' id='par_1_65' title="bbox 217 3307 1799 3383">
     <span class='ocr_line' id='line_1_65' title="bbox 217 3307 1799 3383; baseline 0.006 -23"><span class='ocrx_word' id='word_1_466' title='bbox 217 3307 427 3362; x_wconf 85' lang='grc' dir='ltr'>είκόνα.</span> <span class='ocrx_word' id='word_1_467' title='bbox 449 3307 575 3372; x_wconf 88' lang='grc' dir='ltr'><strong>Πῶς</strong></span> <span class='ocrx_word' id='word_1_468' title='bbox 595 3309 705 3380; x_wconf 79' lang='grc' dir='ltr'><strong>γάρ</strong></span> <span class='ocrx_word' id='word_1_469' title='bbox 721 3309 783 3362; x_wconf 79' lang='grc' dir='ltr'>τὸ</span> <span class='ocrx_word' id='word_1_470' title='bbox 802 3309 880 3382; x_wconf 79' lang='grc' dir='ltr'>μὴ</span> <span class='ocrx_word' id='word_1_471' title='bbox 897 3309 1097 3381; x_wconf 84' lang='grc' dir='ltr'>όραθὲν</span> <span class='ocrx_word' id='word_1_472' title='bbox 1120 3311 1592 3383; x_wconf 80' lang='grc' dir='ltr'>είκονισθήσεται;</span> <span class='ocrx_word' id='word_1_473' title='bbox 1617 3333 1637 3367; x_wconf 82' lang='grc' dir='ltr'><strong>ι</strong></span> <span class='ocrx_word' id='word_1_474' title='bbox 1665 3314 1799 3369; x_wconf 77' lang='grc' dir='ltr'>Θεὸν</span> 
     </span>
    </p>
   </div>
   <div class='ocr_carea' id='block_1_66' title="bbox 217 3397 1799 3472">
    <p class='ocr_par' dir='ltr' id='par_1_66' title="bbox 217 3397 1799 3472">
     <span class='ocr_line' id='line_1_66' title="bbox 217 3397 1799 3472; baseline 0.004 -21"><span class='ocrx_word' id='word_1_475' title='bbox 217 3397 276 3451; x_wconf 77' lang='grc' dir='ltr'>δι</span> <span class='ocrx_word' id='word_1_476' title='bbox 305 3397 482 3461; x_wconf 74' lang='grc' dir='ltr'>οὐδεὶς</span> <span class='ocrx_word' id='word_1_477' title='bbox 507 3397 722 3468; x_wconf 78' lang='grc' dir='ltr'>ἑώρακε</span> <span class='ocrx_word' id='word_1_478' title='bbox 762 3397 988 3452; x_wconf 84' lang='grc' dir='ltr'>πώποτε</span> <span class='ocrx_word' id='word_1_479' title='bbox 1009 3415 1024 3430; x_wconf 86' lang='grc'><strong>·</strong></span> <span class='ocrx_word' id='word_1_480' title='bbox 1065 3400 1097 3452; x_wconf 91' lang='lat'><strong>6</strong></span> <span class='ocrx_word' id='word_1_481' title='bbox 1127 3401 1422 3472; x_wconf 82' lang='grc' dir='ltr'>μονογενὴς</span> <span class='ocrx_word' id='word_1_482' title='bbox 1454 3403 1604 3471; x_wconf 76' lang='grc' dir='ltr'>Υἱὸς,</span> <span class='ocrx_word' id='word_1_483' title='bbox 1652 3405 1681 3457; x_wconf 93' lang='lat'><strong>6</strong></span> <span class='ocrx_word' id='word_1_484' title='bbox 1723 3403 1799 3458; x_wconf 84' lang='grc' dir='ltr'>ὢν</span> 
     </span>
    </p>
   </div>
   <div class='ocr_carea' id='block_1_67' title="bbox 157 3488 1796 3562">
    <p class='ocr_par' dir='ltr' id='par_1_67' title="bbox 157 3488 1796 3562">
     <span class='ocr_line' id='line_1_67' title="bbox 157 3488 1796 3562; baseline 0.002 -18"><span class='ocrx_word' id='word_1_485' title='bbox 157 3507 164 3511; x_wconf 90' lang='grc'><strong>·</strong></span> <span class='ocrx_word' id='word_1_486' title='bbox 217 3491 302 3552; x_wconf 82' lang='grc' dir='ltr'><strong>είς</strong></span> <span class='ocrx_word' id='word_1_487' title='bbox 327 3489 422 3543; x_wconf 78' lang='grc' dir='ltr'>τὸν</span> <span class='ocrx_word' id='word_1_488' title='bbox 448 3489 648 3543; x_wconf 86' lang='grc' dir='ltr'>κόλπον</span> <span class='ocrx_word' id='word_1_489' title='bbox 681 3488 776 3542; x_wconf 90' lang='grc' dir='ltr'><strong>τοῦ</strong></span> <span class='ocrx_word' id='word_1_490' title='bbox 813 3491 1049 3562; x_wconf 72' lang='grc' dir='ltr'>Πατρός,</span> <span class='ocrx_word' id='word_1_491' title='bbox 1073 3491 1236 3556; x_wconf 78' lang='grc' dir='ltr'>αὐτὸς</span> <span class='ocrx_word' id='word_1_492' title='bbox 1255 3492 1582 3562; x_wconf 75' lang='grc' dir='ltr'>ἐξηγήσατο.</span> <span class='ocrx_word' id='word_1_493' title='bbox 1615 3513 1634 3546; x_wconf 79' lang='grc' dir='ltr'><strong>ι</strong></span> <span class='ocrx_word' id='word_1_494' title='bbox 1666 3495 1796 3562; x_wconf 79' lang='grc' dir='ltr'>Καὶ,</span> 
     </span>
    </p>
   </div>
   <div class='ocr_carea' id='block_1_68' title="bbox 224 3579 1796 3656">
    <p class='ocr_par' dir='ltr' id='par_1_68' title="bbox 224 3579 1796 3656">
     <span class='ocr_line' id='line_1_68' title="bbox 224 3579 1796 3656; baseline 0.003 -21"><span class='ocrx_word' id='word_1_495' title='bbox 224 3599 246 3635; x_wconf 78' lang='grc' dir='ltr'><strong>ι</strong></span> <span class='ocrx_word' id='word_1_496' title='bbox 273 3579 465 3643; x_wconf 72' lang='grc' dir='ltr'><strong>Οὐδεὶς</strong></span> <span class='ocrx_word' id='word_1_497' title='bbox 515 3580 706 3650; x_wconf 67' lang='grc' dir='ltr'>ὄψεται</span> <span class='ocrx_word' id='word_1_498' title='bbox 751 3580 814 3635; x_wconf 85' lang='grc' dir='ltr'>τδ</span> <span class='ocrx_word' id='word_1_499' title='bbox 867 3581 1161 3654; x_wconf 87' lang='grc' dir='ltr'>πρόσωπόν</span> <span class='ocrx_word' id='word_1_500' title='bbox 1193 3599 1317 3654; x_wconf 88' lang='grc' dir='ltr'>μου,</span> <span class='ocrx_word' id='word_1_501' title='bbox 1362 3584 1459 3640; x_wconf 77' lang='grc' dir='ltr'>καὶ</span> <span class='ocrx_word' id='word_1_502' title='bbox 1488 3583 1734 3656; x_wconf 81' lang='grc' dir='ltr'>ζήσεται,</span> <span class='ocrx_word' id='word_1_503' title='bbox 1774 3605 1796 3639; x_wconf 83' lang='grc' dir='ltr'><strong>ι</strong></span> 
     </span>
    </p>
   </div>
   <div class='ocr_carea' id='block_1_69' title="bbox 215 3674 558 3748">
    <p class='ocr_par' dir='ltr' id='par_1_69' title="bbox 215 3674 558 3748">
     <span class='ocr_line' id='line_1_69' title="bbox 215 3674 558 3748; baseline 0.006 -20"><span class='ocrx_word' id='word_1_504' title='bbox 215 3675 325 3748; x_wconf 71' lang='grc' dir='ltr'><strong>εφη</strong></span> <span class='ocrx_word' id='word_1_505' title='bbox 356 3675 388 3729; x_wconf 86' lang='lat'><strong>6</strong></span> <span class='ocrx_word' id='word_1_506' title='bbox 405 3674 558 3739; x_wconf 83' lang='grc' dir='ltr'>Θεός.</span> 
     </span>
    </p>
   </div>
   <div class='ocr_carea' id='block_1_70' title="bbox 289 3813 1796 3926">
    <p class='ocr_par' dir='ltr' id='par_1_70' title="bbox 289 3813 1796 3926">
     <span class='ocr_line' id='line_1_70' title="bbox 289 3813 1796 3926; baseline 0.004 -20"><span class='ocrx_word' id='word_1_507' title='bbox 289 3813 382 3921; x_wconf 42' lang='grc' dir='ltr'>ηίίί</span> <span class='ocrx_word' id='word_1_508' title='bbox 397 3850 520 3902; x_wconf 85' lang='grc' dir='ltr'>Ὅτι</span> <span class='ocrx_word' id='word_1_509' title='bbox 555 3847 614 3902; x_wconf 75' lang='grc' dir='ltr'><strong>δὲ</strong></span> <span class='ocrx_word' id='word_1_510' title='bbox 651 3851 780 3919; x_wconf 63' lang='grc' dir='ltr'>τοῐςζ</span> <span class='ocrx_word' id='word_1_511' title='bbox 822 3849 1061 3916; x_wconf 74' lang='grc' dir='ltr'>εἰδώλοις</span> <span class='ocrx_word' id='word_1_512' title='bbox 1110 3852 1186 3916; x_wconf 84' lang='grc' dir='ltr'><strong>ὡς</strong></span> <span class='ocrx_word' id='word_1_513' title='bbox 1216 3851 1359 3918; x_wconf 85' lang='grc' dir='ltr'>θεοῖς</span> <span class='ocrx_word' id='word_1_514' title='bbox 1405 3854 1796 3926; x_wconf 76' lang='grc' dir='ltr'>προσεκύνουν,</span> 
     </span>
    </p>
   </div>
   <div class='ocr_carea' id='block_1_71' title="bbox 215 3942 1799 4018">
    <p class='ocr_par' dir='ltr' id='par_1_71' title="bbox 215 3942 1799 4018">
     <span class='ocr_line' id='line_1_71' title="bbox 215 3942 1799 4018; baseline 0.006 -23"><span class='ocrx_word' id='word_1_515' title='bbox 215 3942 388 3996; x_wconf 75' lang='grc' dir='ltr'>ἄκουε</span> <span class='ocrx_word' id='word_1_516' title='bbox 447 3942 500 3995; x_wconf 89' lang='grc' dir='ltr'><strong>τί</strong></span> <span class='ocrx_word' id='word_1_517' title='bbox 528 3959 694 4013; x_wconf 80' lang='grc' dir='ltr'>φησιν</span> <span class='ocrx_word' id='word_1_518' title='bbox 746 3944 780 4012; x_wconf 76' lang='grc' dir='ltr'><strong>ἠ</strong></span> <span class='ocrx_word' id='word_1_519' title='bbox 836 3943 1030 4014; x_wconf 79' lang='grc' dir='ltr'>Γραφὴ</span> <span class='ocrx_word' id='word_1_520' title='bbox 1093 3943 1152 3997; x_wconf 80' lang='grc' dir='ltr'>ἐν</span> <span class='ocrx_word' id='word_1_521' title='bbox 1171 3947 1240 4017; x_wconf 78' lang='grc' dir='ltr'>τῇ</span> <span class='ocrx_word' id='word_1_522' title='bbox 1286 3945 1486 4018; x_wconf 79' lang='grc' dir='ltr'>Ἐξόδῳ</span> <span class='ocrx_word' id='word_1_523' title='bbox 1525 3948 1634 4002; x_wconf 87' lang='grc' dir='ltr'><strong>τῶν</strong></span> <span class='ocrx_word' id='word_1_524' title='bbox 1667 3950 1799 4004; x_wconf 85' lang='grc' dir='ltr'>υἱῶν</span> 
     </span>
    </p>
   </div>
   <div class='ocr_carea' id='block_1_72' title="bbox 230 4034 1800 4111">
    <p class='ocr_par' dir='ltr' id='par_1_72' title="bbox 230 4034 1800 4111">
     <span class='ocr_line' id='line_1_72' title="bbox 230 4034 1800 4111; baseline 0.006 -22"><span class='ocrx_word' id='word_1_525' title='bbox 230 4034 472 4107; x_wconf 79' lang='grc' dir='ltr'>Ἰσραὴλ,</span> <span class='ocrx_word' id='word_1_526' title='bbox 499 4035 590 4088; x_wconf 76' lang='grc' dir='ltr'>ὅτε</span> <span class='ocrx_word' id='word_1_527' title='bbox 618 4035 818 4106; x_wconf 81' lang='grc' dir='ltr'>ἀνῆλθε</span> <span class='ocrx_word' id='word_1_528' title='bbox 852 4037 1096 4106; x_wconf 80' lang='grc' dir='ltr'>Μωῦσῆς</span> <span class='ocrx_word' id='word_1_529' title='bbox 1133 4037 1216 4102; x_wconf 83' lang='grc' dir='ltr'><strong>είς</strong></span> <span class='ocrx_word' id='word_1_530' title='bbox 1259 4039 1323 4092; x_wconf 85' lang='grc' dir='ltr'>τδ</span> <span class='ocrx_word' id='word_1_531' title='bbox 1354 4039 1481 4111; x_wconf 76' lang='grc' dir='ltr'>ὅρος</span> <span class='ocrx_word' id='word_1_532' title='bbox 1517 4042 1672 4108; x_wconf 78' lang='grc' dir='ltr'>Σινᾶ,</span> <span class='ocrx_word' id='word_1_533' title='bbox 1705 4044 1800 4098; x_wconf 84' lang='grc' dir='ltr'>καὶ</span> 
     </span>
    </p>
   </div>
   <div class='ocr_carea' id='block_1_73' title="bbox 216 4127 1853 4206">
    <p class='ocr_par' dir='ltr' id='par_1_73' title="bbox 216 4127 1853 4206">
     <span class='ocr_line' id='line_1_73' title="bbox 216 4127 1853 4206; baseline 0.006 -24"><span class='ocrx_word' id='word_1_534' title='bbox 216 4129 468 4201; x_wconf 74' lang='grc' dir='ltr'>ἐχρόνισε</span> <span class='ocrx_word' id='word_1_535' title='bbox 496 4127 878 4201; x_wconf 78' lang='grc' dir='ltr'>προσεδρεύων</span> <span class='ocrx_word' id='word_1_536' title='bbox 923 4128 1004 4200; x_wconf 80' lang='grc' dir='ltr'>τῷ</span> <span class='ocrx_word' id='word_1_537' title='bbox 1047 4129 1190 4200; x_wconf 79' lang='grc' dir='ltr'>Θεῷ,</span> <span class='ocrx_word' id='word_1_538' title='bbox 1248 4131 1434 4186; x_wconf 81' lang='grc' dir='ltr'>λαϐεῖν</span> <span class='ocrx_word' id='word_1_539' title='bbox 1489 4133 1581 4188; x_wconf 73' lang='grc' dir='ltr'>τὸν</span> <span class='ocrx_word' id='word_1_540' title='bbox 1612 4136 1798 4206; x_wconf 82' lang='grc' dir='ltr'>νόμον,</span> <span class='ocrx_word' id='word_1_541' title='bbox 1848 4186 1853 4191; x_wconf 82' lang='grc'>.</span> 
     </span>
    </p>
   </div>
   <div class='ocr_carea' id='block_1_74' title="bbox 215 4218 1797 4295">
    <p class='ocr_par' dir='ltr' id='par_1_74' title="bbox 215 4218 1797 4295">
     <span class='ocr_line' id='line_1_74' title="bbox 215 4218 1797 4295; baseline 0.005 -21"><span class='ocrx_word' id='word_1_542' title='bbox 215 4222 308 4274; x_wconf 79' lang='grc' dir='ltr'>ὅτε</span> <span class='ocrx_word' id='word_1_543' title='bbox 339 4218 618 4289; x_wconf 67' lang='grc' dir='ltr'>ἐπανέστη</span> <span class='ocrx_word' id='word_1_544' title='bbox 656 4221 685 4272; x_wconf 89' lang='lat'><strong>6</strong></span> <span class='ocrx_word' id='word_1_545' title='bbox 709 4218 983 4291; x_wconf 82' lang='grc' dir='ltr'>ἀγνώμων</span> <span class='ocrx_word' id='word_1_546' title='bbox 1015 4219 1146 4284; x_wconf 73' lang='grc' dir='ltr'>λαὸς</span> <span class='ocrx_word' id='word_1_547' title='bbox 1191 4222 1402 4294; x_wconf 78' lang='grc' dir='ltr'>’Δαρὼν</span> <span class='ocrx_word' id='word_1_548' title='bbox 1431 4223 1512 4295; x_wconf 84' lang='grc' dir='ltr'><strong>τῷ</strong></span> <span class='ocrx_word' id='word_1_549' title='bbox 1535 4225 1632 4280; x_wconf 87' lang='grc' dir='ltr'><strong>τοῦ</strong></span> <span class='ocrx_word' id='word_1_550' title='bbox 1660 4227 1797 4282; x_wconf 81' lang='grc' dir='ltr'>Θεοῦ</span> 
     </span>
    </p>
   </div>
   <div class='ocr_carea' id='block_1_75' title="bbox 217 4309 1798 4390">
    <p class='ocr_par' dir='ltr' id='par_1_75' title="bbox 217 4309 1798 4390">
     <span class='ocr_line' id='line_1_75' title="bbox 217 4309 1798 4390; baseline 0.006 -26"><span class='ocrx_word' id='word_1_551' title='bbox 217 4311 539 4382; x_wconf 81' lang='grc' dir='ltr'>θεράποντι,</span> <span class='ocrx_word' id='word_1_552' title='bbox 571 4309 855 4379; x_wconf 70' lang='grc' dir='ltr'>λέγοντες·</span> <span class='ocrx_word' id='word_1_553' title='bbox 891 4329 911 4362; x_wconf 80' lang='grc' dir='ltr'><strong>ι</strong></span> <span class='ocrx_word' id='word_1_554' title='bbox 949 4311 1182 4382; x_wconf 82' lang='grc' dir='ltr'>Ποίησον</span> <span class='ocrx_word' id='word_1_555' title='bbox 1208 4314 1342 4386; x_wconf 79' lang='grc' dir='ltr'>ἡμῖν</span> <span class='ocrx_word' id='word_1_556' title='bbox 1377 4314 1552 4384; x_wconf 81' lang='grc' dir='ltr'>θεοὺς,</span> <span class='ocrx_word' id='word_1_557' title='bbox 1584 4318 1636 4372; x_wconf 78' lang='grc' dir='ltr'>οἶ</span> <span class='ocrx_word' id='word_1_558' title='bbox 1665 4336 1798 4390; x_wconf 89' lang='grc' dir='ltr'>προ-</span> 
     </span>
    </p>
   </div>
   <div class='ocr_carea' id='block_1_76' title="bbox 219 4402 1799 4479">
    <p class='ocr_par' dir='ltr' id='par_1_76' title="bbox 219 4402 1799 4479">
     <span class='ocr_line' id='line_1_76' title="bbox 219 4402 1799 4479; baseline 0.007 -23"><span class='ocrx_word' id='word_1_559' title='bbox 219 4404 590 4476; x_wconf 71' lang='grc' dir='ltr'>πορεύσονται</span> <span class='ocrx_word' id='word_1_560' title='bbox 608 4403 793 4474; x_wconf 81' lang='grc' dir='ltr'>ήμῶν.</span> <span class='ocrx_word' id='word_1_561' title='bbox 837 4403 897 4458; x_wconf 86' lang='lat'><strong>&#39;0</strong></span> <span class='ocrx_word' id='word_1_562' title='bbox 933 4403 1045 4479; x_wconf 85' lang='grc' dir='ltr'><strong>γὰρ</strong></span> <span class='ocrx_word' id='word_1_563' title='bbox 1080 4405 1369 4478; x_wconf 73' lang='grc' dir='ltr'>ἄνθρωπος</span> <span class='ocrx_word' id='word_1_564' title='bbox 1395 4402 1550 4474; x_wconf 75' lang='grc' dir='ltr'>οὗτος</span> <span class='ocrx_word' id='word_1_565' title='bbox 1577 4412 1606 4465; x_wconf 94' lang='lat'><strong>6</strong></span> <span class='ocrx_word' id='word_1_566' title='bbox 1629 4412 1799 4466; x_wconf 83' lang='grc' dir='ltr'>Μωῦ-</span> 
     </span>
    </p>
   </div>
   <div class='ocr_carea' id='block_1_77' title="bbox 219 4495 1802 4572">
    <p class='ocr_par' dir='ltr' id='par_1_77' title="bbox 219 4495 1802 4572">
     <span class='ocr_line' id='line_1_77' title="bbox 219 4495 1802 4572; baseline 0.006 -23"><span class='ocrx_word' id='word_1_567' title='bbox 219 4500 341 4568; x_wconf 73' lang='grc' dir='ltr'>σῆς,</span> <span class='ocrx_word' id='word_1_568' title='bbox 367 4498 476 4551; x_wconf 82' lang='grc' dir='ltr'>οὐκ</span> <span class='ocrx_word' id='word_1_569' title='bbox 492 4495 715 4566; x_wconf 76' lang='grc' dir='ltr'>οἴδαμεν</span> <span class='ocrx_word' id='word_1_570' title='bbox 749 4495 1048 4566; x_wconf 58' lang='grc' dir='ltr'>άγέγονεν</span> <span class='ocrx_word' id='word_1_571' title='bbox 1093 4497 1262 4570; x_wconf 83' lang='grc' dir='ltr'>αὐτῷ.</span> <span class='ocrx_word' id='word_1_572' title='bbox 1300 4518 1322 4552; x_wconf 80' lang='grc' dir='ltr'><strong>ι</strong></span> <span class='ocrx_word' id='word_1_573' title='bbox 1355 4495 1492 4556; x_wconf 83' lang='grc' dir='ltr'>Εἶτα</span> <span class='ocrx_word' id='word_1_574' title='bbox 1521 4503 1609 4556; x_wconf 78' lang='grc' dir='ltr'>ὅτε</span> <span class='ocrx_word' id='word_1_575' title='bbox 1641 4521 1802 4572; x_wconf 80' lang='grc' dir='ltr'>περιο</span> 
     </span>
    </p>
   </div>
   <div class='ocr_carea' id='block_1_78' title="bbox 1902 3307 3481 3380">
    <p class='ocr_par' dir='ltr' id='par_1_78' title="bbox 1902 3307 3481 3380">
     <span class='ocr_line' id='line_1_78' title="bbox 1902 3307 3481 3380; baseline 0.002 -17"><span class='ocrx_word' id='word_1_576' title='bbox 1902 3307 2444 3377; x_wconf 83' lang='lat' dir='ltr'><strong>incircumscriptus.</strong></span> <span class='ocrx_word' id='word_1_577' title='bbox 2499 3314 2554 3362; x_wconf 89' lang='lat' dir='ltr'><strong>et</strong></span> <span class='ocrx_word' id='word_1_578' title='bbox 2619 3307 3229 3380; x_wconf 83' lang='lat' dir='ltr'><strong>incomprehensibilis,</strong></span> <span class='ocrx_word' id='word_1_579' title='bbox 3301 3311 3481 3380; x_wconf 85' lang='lat' dir='ltr'><strong>imago</strong></span> 
     </span>
    </p>
   </div>
   <div class='ocr_carea' id='block_1_79' title="bbox 1899 3395 3482 3478">
    <p class='ocr_par' dir='ltr' id='par_1_79' title="bbox 1899 3395 3482 3478">
     <span class='ocr_line' id='line_1_79' title="bbox 1899 3395 3482 3478; baseline 0.001 -24"><span class='ocrx_word' id='word_1_580' title='bbox 1899 3399 2052 3454; x_wconf 88' lang='lat' dir='ltr'><strong>nulla</strong></span> <span class='ocrx_word' id='word_1_581' title='bbox 2107 3397 2222 3454; x_wconf 82' lang='lat' dir='ltr'><strong>fieri</strong></span> <span class='ocrx_word' id='word_1_582' title='bbox 2273 3397 2470 3466; x_wconf 89' lang='lat' dir='ltr'><strong>possit.</strong></span> <span class='ocrx_word' id='word_1_583' title='bbox 2519 3395 2656 3452; x_wconf 85' lang='lat' dir='ltr'><strong>Nam</strong></span> <span class='ocrx_word' id='word_1_584' title='bbox 2695 3399 2975 3478; x_wconf 83' lang='lat' dir='ltr'><strong>quomodo</strong></span> <span class='ocrx_word' id='word_1_585' title='bbox 3038 3399 3173 3455; x_wconf 80' lang='lat' dir='ltr'><strong>illud</strong></span> <span class='ocrx_word' id='word_1_586' title='bbox 3226 3401 3372 3470; x_wconf 91' lang='lat' dir='ltr'><strong>quod</strong></span> <span class='ocrx_word' id='word_1_587' title='bbox 3425 3403 3482 3456; x_wconf 91' lang='lat' dir='ltr'><strong>in</strong></span> 
     </span>
    </p>
   </div>
   <div class='ocr_carea' id='block_1_80' title="bbox 1899 3489 3478 3561">
    <p class='ocr_par' dir='ltr' id='par_1_80' title="bbox 1899 3489 3478 3561">
     <span class='ocr_line' id='line_1_80' title="bbox 1899 3489 3478 3561; baseline 0 -16"><span class='ocrx_word' id='word_1_588' title='bbox 1899 3497 2186 3561; x_wconf 86' lang='lat' dir='ltr'><strong>aspectum</strong></span> <span class='ocrx_word' id='word_1_589' title='bbox 2217 3505 2328 3545; x_wconf 90' lang='lat' dir='ltr'><strong>non</strong></span> <span class='ocrx_word' id='word_1_590' title='bbox 2361 3489 2536 3553; x_wconf 84' lang='lat' dir='ltr'><strong>cadit.</strong></span> <span class='ocrx_word' id='word_1_591' title='bbox 2564 3491 2746 3560; x_wconf 83' lang='lat' dir='ltr'><strong>imago</strong></span> <span class='ocrx_word' id='word_1_592' title='bbox 2773 3491 3184 3559; x_wconf 70' lang='lat' dir='ltr'><strong>reprmsentarit</strong></span> <span class='ocrx_word' id='word_1_593' title='bbox 3209 3491 3232 3545; x_wconf 77' lang='grc'><strong>7</strong></span> <span class='ocrx_word' id='word_1_594' title='bbox 3259 3509 3278 3542; x_wconf 82' lang='grc' dir='ltr'><strong>ι</strong></span> <span class='ocrx_word' id='word_1_595' title='bbox 3309 3491 3478 3546; x_wconf 87' lang='lat' dir='ltr'><strong>Deum</strong></span> 
     </span>
    </p>
   </div>
   <div class='ocr_carea' id='block_1_81' title="bbox 1898 3579 3481 3653">
    <p class='ocr_par' dir='ltr' id='par_1_81' title="bbox 1898 3579 3481 3653">
     <span class='ocr_line' id='line_1_81' title="bbox 1898 3579 3481 3653; baseline 0.002 -18"><span class='ocrx_word' id='word_1_596' title='bbox 1898 3589 2084 3638; x_wconf 90' lang='lat' dir='ltr'><strong>autem</strong></span> <span class='ocrx_word' id='word_1_597' title='bbox 2102 3595 2264 3637; x_wconf 91' lang='lat' dir='ltr'><strong>nemo</strong></span> <span class='ocrx_word' id='word_1_598' title='bbox 2303 3580 2440 3636; x_wconf 91' lang='lat' dir='ltr'><strong>vidit</strong></span> <span class='ocrx_word' id='word_1_599' title='bbox 2482 3595 2722 3652; x_wconf 90' lang='lat' dir='ltr'><strong>unquam</strong></span> <span class='ocrx_word' id='word_1_600' title='bbox 2758 3599 2772 3636; x_wconf 91' lang='lat'><strong>:</strong></span> <span class='ocrx_word' id='word_1_601' title='bbox 2806 3581 3126 3652; x_wconf 88' lang='lat' dir='ltr'><strong>unigenitus</strong></span> <span class='ocrx_word' id='word_1_602' title='bbox 3160 3579 3355 3650; x_wconf 85' lang='lat' dir='ltr'><strong>Filius,</strong></span> <span class='ocrx_word' id='word_1_603' title='bbox 3386 3583 3481 3653; x_wconf 89' lang='lat' dir='ltr'><strong>qui</strong></span> 
     </span>
    </p>
   </div>
   <div class='ocr_carea' id='block_1_82' title="bbox 1896 3673 3483 3744">
    <p class='ocr_par' dir='ltr' id='par_1_82' title="bbox 1896 3673 3483 3744">
     <span class='ocr_line' id='line_1_82' title="bbox 1896 3673 3483 3744; baseline 0 -13"><span class='ocrx_word' id='word_1_604' title='bbox 1896 3682 1984 3731; x_wconf 88' lang='lat' dir='ltr'><strong>est</strong></span> <span class='ocrx_word' id='word_1_605' title='bbox 2028 3675 2083 3728; x_wconf 91' lang='lat' dir='ltr'><strong>in</strong></span> <span class='ocrx_word' id='word_1_606' title='bbox 2119 3674 2242 3730; x_wconf 87' lang='lat' dir='ltr'><strong>sinu</strong></span> <span class='ocrx_word' id='word_1_607' title='bbox 2275 3673 2480 3740; x_wconf 86' lang='lat' dir='ltr'><strong>Patris,</strong></span> <span class='ocrx_word' id='word_1_608' title='bbox 2520 3673 2641 3744; x_wconf 79' lang='lat' dir='ltr'><strong>ipse</strong></span> <span class='ocrx_word' id='word_1_609' title='bbox 2697 3673 3062 3729; x_wconf 81' lang='lat' dir='ltr'><strong>enarravit“.</strong></span> <span class='ocrx_word' id='word_1_610' title='bbox 3095 3691 3114 3726; x_wconf 79' lang='grc' dir='ltr'><strong>ι</strong></span> <span class='ocrx_word' id='word_1_611' title='bbox 3141 3675 3230 3742; x_wconf 86' lang='grc' dir='ltr'><strong>Ει,</strong></span> <span class='ocrx_word' id='word_1_612' title='bbox 3264 3692 3284 3726; x_wconf 77' lang='grc' dir='ltr'><strong>ι</strong></span> <span class='ocrx_word' id='word_1_613' title='bbox 3311 3673 3483 3732; x_wconf 85' lang='lat' dir='ltr'><strong>Nemo</strong></span> 
     </span>
    </p>
   </div>
   <div class='ocr_carea' id='block_1_83' title="bbox 1899 3764 3338 3832">
    <p class='ocr_par' dir='ltr' id='par_1_83' title="bbox 1899 3764 3338 3832">
     <span class='ocr_line' id='line_1_83' title="bbox 1899 3764 3338 3832; baseline 0 -9"><span class='ocrx_word' id='word_1_614' title='bbox 1899 3767 2110 3823; x_wconf 87' lang='lat' dir='ltr'><strong>videbit</strong></span> <span class='ocrx_word' id='word_1_615' title='bbox 2162 3765 2360 3822; x_wconf 80' lang='lat' dir='ltr'><strong>faciem</strong></span> <span class='ocrx_word' id='word_1_616' title='bbox 2411 3781 2610 3832; x_wconf 87' lang='lat' dir='ltr'><strong>meam,</strong></span> <span class='ocrx_word' id='word_1_617' title='bbox 2639 3774 2695 3821; x_wconf 89' lang='lat' dir='ltr'><strong>et</strong></span> <span class='ocrx_word' id='word_1_618' title='bbox 2725 3765 2930 3821; x_wconf 83' lang='lat' dir='ltr'><strong>vivet&quot;</strong></span> <span class='ocrx_word' id='word_1_619' title='bbox 2962 3805 2978 3830; x_wconf 92' lang='lat'><strong>,</strong></span> <span class='ocrx_word' id='word_1_620' title='bbox 3012 3783 3032 3818; x_wconf 80' lang='grc' dir='ltr'><strong>ι</strong></span> <span class='ocrx_word' id='word_1_621' title='bbox 3067 3764 3144 3819; x_wconf 87' lang='lat' dir='ltr'><strong>ait</strong></span> <span class='ocrx_word' id='word_1_622' title='bbox 3170 3765 3338 3823; x_wconf 83' lang='lat' dir='ltr'><strong>Deus.</strong></span> 
     </span>
    </p>
   </div>
   <div class='ocr_carea' id='block_1_84' title="bbox 1967 3856 3480 3928">
    <p class='ocr_par' dir='ltr' id='par_1_84' title="bbox 1967 3856 3480 3928">
     <span class='ocr_line' id='line_1_84' title="bbox 1967 3856 3480 3928; baseline 0.001 -14"><span class='ocrx_word' id='word_1_623' title='bbox 1967 3858 2021 3914; x_wconf 88' lang='lat'><strong>8.</strong></span> <span class='ocrx_word' id='word_1_624' title='bbox 2054 3856 2226 3914; x_wconf 85' lang='lat' dir='ltr'><strong>Porro</strong></span> <span class='ocrx_word' id='word_1_625' title='bbox 2245 3857 2390 3928; x_wconf 89' lang='lat' dir='ltr'><strong>quod</strong></span> <span class='ocrx_word' id='word_1_626' title='bbox 2415 3856 2707 3913; x_wconf 87' lang='lat' dir='ltr'><strong>simulacra</strong></span> <span class='ocrx_word' id='word_1_627' title='bbox 2731 3863 2994 3926; x_wconf 88' lang='lat' dir='ltr'><strong>tanquam</strong></span> <span class='ocrx_word' id='word_1_628' title='bbox 3027 3857 3161 3914; x_wconf 87' lang='lat' dir='ltr'><strong>deos</strong></span> <span class='ocrx_word' id='word_1_629' title='bbox 3190 3858 3480 3928; x_wconf 90' lang='lat' dir='ltr'><strong>coluerint,</strong></span> 
     </span>
    </p>
   </div>
   <div class='ocr_carea' id='block_1_85' title="bbox 1899 3944 3480 4019">
    <p class='ocr_par' dir='ltr' id='par_1_85' title="bbox 1899 3944 3480 4019">
     <span class='ocr_line' id='line_1_85' title="bbox 1899 3944 3480 4019; baseline 0.003 -18"><span class='ocrx_word' id='word_1_630' title='bbox 1899 3947 2027 4004; x_wconf 91' lang='lat' dir='ltr'><strong>audi</strong></span> <span class='ocrx_word' id='word_1_631' title='bbox 2074 3946 2210 4018; x_wconf 92' lang='lat' dir='ltr'><strong>quid</strong></span> <span class='ocrx_word' id='word_1_632' title='bbox 2263 3953 2452 4002; x_wconf 87' lang='lat' dir='ltr'><strong>narret</strong></span> <span class='ocrx_word' id='word_1_633' title='bbox 2504 3944 2788 4016; x_wconf 87' lang='lat' dir='ltr'><strong>Scriptura</strong></span> <span class='ocrx_word' id='word_1_634' title='bbox 2836 3947 2889 4001; x_wconf 93' lang='lat' dir='ltr'><strong>itt</strong></span> <span class='ocrx_word' id='word_1_635' title='bbox 2941 3945 3132 4004; x_wconf 71' lang='lat' dir='ltr'><strong>Exodo</strong></span> <span class='ocrx_word' id='word_1_636' title='bbox 3175 3949 3264 4019; x_wconf 89' lang='lat' dir='ltr'><strong>(id</strong></span> <span class='ocrx_word' id='word_1_637' title='bbox 3298 3951 3480 4007; x_wconf 86' lang='lat' dir='ltr'><strong>estin</strong></span> 
     </span>
    </p>
   </div>
   <div class='ocr_carea' id='block_1_86' title="bbox 1898 4036 3477 4110">
    <p class='ocr_par' dir='ltr' id='par_1_86' title="bbox 1898 4036 3477 4110">
     <span class='ocr_line' id='line_1_86' title="bbox 1898 4036 3477 4110; baseline 0.001 -16"><span class='ocrx_word' id='word_1_638' title='bbox 1898 4037 2074 4110; x_wconf 76' lang='lat' dir='ltr'><strong>exitu)</strong></span> <span class='ocrx_word' id='word_1_639' title='bbox 2133 4037 2369 4094; x_wconf 81' lang='lat' dir='ltr'><strong>filiorum</strong></span> <span class='ocrx_word' id='word_1_640' title='bbox 2417 4036 2608 4104; x_wconf 84' lang='lat' dir='ltr'><strong>Israel,</strong></span> <span class='ocrx_word' id='word_1_641' title='bbox 2643 4037 2866 4108; x_wconf 89' lang='lat' dir='ltr'><strong>quando</strong></span> <span class='ocrx_word' id='word_1_642' title='bbox 2895 4036 3110 4110; x_wconf 80' lang='lat' dir='ltr'><strong>Moyses</strong></span> <span class='ocrx_word' id='word_1_643' title='bbox 3145 4040 3202 4094; x_wconf 92' lang='lat' dir='ltr'><strong>in</strong></span> <span class='ocrx_word' id='word_1_644' title='bbox 3236 4049 3477 4097; x_wconf 89' lang='lat' dir='ltr'><strong>montem</strong></span> 
     </span>
    </p>
   </div>
   <div class='ocr_carea' id='block_1_87' title="bbox 1901 4128 3477 4200">
    <p class='ocr_par' dir='ltr' id='par_1_87' title="bbox 1901 4128 3477 4200">
     <span class='ocr_line' id='line_1_87' title="bbox 1901 4128 3477 4200; baseline 0.001 -15"><span class='ocrx_word' id='word_1_645' title='bbox 1901 4129 2056 4186; x_wconf 86' lang='lat' dir='ltr'><strong>Sinai</strong></span> <span class='ocrx_word' id='word_1_646' title='bbox 2090 4130 2364 4196; x_wconf 83' lang='lat' dir='ltr'><strong>ascendit,</strong></span> <span class='ocrx_word' id='word_1_647' title='bbox 2401 4130 2590 4200; x_wconf 87' lang='lat' dir='ltr'><strong>ibique</strong></span> <span class='ocrx_word' id='word_1_648' title='bbox 2634 4129 2832 4186; x_wconf 89' lang='lat' dir='ltr'><strong>sedens</strong></span> <span class='ocrx_word' id='word_1_649' title='bbox 2859 4143 2984 4184; x_wconf 92' lang='lat' dir='ltr'><strong>cum</strong></span> <span class='ocrx_word' id='word_1_650' title='bbox 3015 4128 3128 4186; x_wconf 92' lang='lat' dir='ltr'><strong>Dco</strong></span> <span class='ocrx_word' id='word_1_651' title='bbox 3171 4145 3477 4188; x_wconf 81' lang='lat' dir='ltr'><strong>commora-</strong></span> 
     </span>
    </p>
   </div>
   <div class='ocr_carea' id='block_1_88' title="bbox 1898 4222 3478 4296">
    <p class='ocr_par' dir='ltr' id='par_1_88' title="bbox 1898 4222 3478 4296">
     <span class='ocr_line' id='line_1_88' title="bbox 1898 4222 3478 4296; baseline 0.002 -17"><span class='ocrx_word' id='word_1_652' title='bbox 1898 4232 1990 4279; x_wconf 85' lang='lat' dir='ltr'><strong>tus</strong></span> <span class='ocrx_word' id='word_1_653' title='bbox 2028 4231 2132 4291; x_wconf 89' lang='lat' dir='ltr'><strong>est,</strong></span> <span class='ocrx_word' id='word_1_654' title='bbox 2165 4231 2223 4278; x_wconf 91' lang='lat' dir='ltr'><strong>ut</strong></span> <span class='ocrx_word' id='word_1_655' title='bbox 2264 4222 2436 4294; x_wconf 83' lang='lat' dir='ltr'><strong>legem</strong></span> <span class='ocrx_word' id='word_1_656' title='bbox 2472 4223 2790 4294; x_wconf 87' lang='lat' dir='ltr'><strong>acciperet:</strong></span> <span class='ocrx_word' id='word_1_657' title='bbox 2833 4223 3073 4296; x_wconf 86' lang='lat' dir='ltr'><strong>quando,</strong></span> <span class='ocrx_word' id='word_1_658' title='bbox 3107 4223 3364 4296; x_wconf 85' lang='lat' dir='ltr'><strong>inquam.</strong></span> <span class='ocrx_word' id='word_1_659' title='bbox 3390 4227 3478 4282; x_wconf 85' lang='lat' dir='ltr'><strong>itt-</strong></span> 
     </span>
    </p>
   </div>
   <div class='ocr_carea' id='block_1_89' title="bbox 1899 4311 3474 4384">
    <p class='ocr_par' dir='ltr' id='par_1_89' title="bbox 1899 4311 3474 4384">
     <span class='ocr_line' id='line_1_89' title="bbox 1899 4311 3474 4384; baseline 0.001 -16"><span class='ocrx_word' id='word_1_660' title='bbox 1899 4321 2092 4384; x_wconf 80' lang='lat' dir='ltr'><strong>gratus</strong></span> <span class='ocrx_word' id='word_1_661' title='bbox 2139 4313 2378 4384; x_wconf 85' lang='lat' dir='ltr'><strong>populus</strong></span> <span class='ocrx_word' id='word_1_662' title='bbox 2411 4311 2681 4369; x_wconf 84' lang='lat' dir='ltr'><strong>adversus</strong></span> <span class='ocrx_word' id='word_1_663' title='bbox 2723 4311 2904 4367; x_wconf 78' lang='lat' dir='ltr'><strong>Aaron</strong></span> <span class='ocrx_word' id='word_1_664' title='bbox 2951 4313 3264 4384; x_wconf 86' lang='lat' dir='ltr'><strong>insurgens,</strong></span> <span class='ocrx_word' id='word_1_665' title='bbox 3293 4314 3474 4372; x_wconf 81' lang='lat' dir='ltr'><strong>dixit:</strong></span> 
     </span>
    </p>
   </div>
   <div class='ocr_carea' id='block_1_90' title="bbox 1905 4403 3475 4481">
    <p class='ocr_par' dir='ltr' id='par_1_90' title="bbox 1905 4403 3475 4481">
     <span class='ocr_line' id='line_1_90' title="bbox 1905 4403 3475 4481; baseline 0.001 -23"><span class='ocrx_word' id='word_1_666' title='bbox 1905 4404 2054 4460; x_wconf 70' lang='lat' dir='ltr'><strong>«Fac</strong></span> <span class='ocrx_word' id='word_1_667' title='bbox 2099 4405 2258 4481; x_wconf 83' lang='lat' dir='ltr'><strong>nobis</strong></span> <span class='ocrx_word' id='word_1_668' title='bbox 2308 4403 2440 4460; x_wconf 87' lang='lat' dir='ltr'><strong>deos</strong></span> <span class='ocrx_word' id='word_1_669' title='bbox 2503 4403 2598 4474; x_wconf 90' lang='lat' dir='ltr'><strong>qui</strong></span> <span class='ocrx_word' id='word_1_670' title='bbox 2633 4419 2736 4460; x_wconf 90' lang='lat' dir='ltr'><strong>nos</strong></span> <span class='ocrx_word' id='word_1_671' title='bbox 2768 4405 3100 4475; x_wconf 80' lang='lat' dir='ltr'><strong>praecedant.</strong></span> <span class='ocrx_word' id='word_1_672' title='bbox 3133 4404 3304 4478; x_wconf 80' lang='lat' dir='ltr'><strong>Moysi</strong></span> <span class='ocrx_word' id='word_1_673' title='bbox 3332 4409 3475 4463; x_wconf 84' lang='lat' dir='ltr'><strong>enim</strong></span> 
     </span>
    </p>
   </div>
   <div class='ocr_carea' id='block_1_91' title="bbox 1903 4493 3476 4565">
    <p class='ocr_par' dir='ltr' id='par_1_91' title="bbox 1903 4493 3476 4565">
     <span class='ocr_line' id='line_1_91' title="bbox 1903 4493 3476 4565; baseline 0.004 -16"><span class='ocrx_word' id='word_1_674' title='bbox 1903 4495 2033 4550; x_wconf 91' lang='lat' dir='ltr'><strong>huic</strong></span> <span class='ocrx_word' id='word_1_675' title='bbox 2054 4495 2175 4550; x_wconf 90' lang='lat' dir='ltr'><strong>viro</strong></span> <span class='ocrx_word' id='word_1_676' title='bbox 2197 4495 2518 4565; x_wconf 86' lang='lat' dir='ltr'><strong>ignoramus</strong></span> <span class='ocrx_word' id='word_1_677' title='bbox 2540 4493 2671 4564; x_wconf 90' lang='lat' dir='ltr'><strong>quid</strong></span> <span class='ocrx_word' id='word_1_678' title='bbox 2691 4494 2954 4550; x_wconf 89' lang='lat' dir='ltr'><strong>acciderit</strong></span> <span class='ocrx_word' id='word_1_679' title='bbox 2987 4495 3053 4549; x_wconf 81' lang='grc'><strong>³³.</strong></span> <span class='ocrx_word' id='word_1_680' title='bbox 3086 4515 3104 4549; x_wconf 81' lang='grc' dir='ltr'><strong>ι</strong></span> <span class='ocrx_word' id='word_1_681' title='bbox 3131 4496 3334 4554; x_wconf 86' lang='lat' dir='ltr'><strong>Deinde</strong></span> <span class='ocrx_word' id='word_1_682' title='bbox 3353 4513 3476 4556; x_wconf 84' lang='lat' dir='ltr'><strong>cunt</strong></span> 
     </span>
    </p>
   </div>
   <div class='ocr_carea' id='block_1_92' title="bbox 214 4580 1799 4665">
    <p class='ocr_par' dir='ltr' id='par_1_92' title="bbox 214 4587 1799 4665">
     <span class='ocr_line' id='line_1_92' title="bbox 214 4587 1799 4665; baseline 0.005 -23"><span class='ocrx_word' id='word_1_683' title='bbox 214 4588 358 4643; x_wconf 78' lang='grc' dir='ltr'>εἶλον</span> <span class='ocrx_word' id='word_1_684' title='bbox 386 4589 488 4642; x_wconf 80' lang='grc' dir='ltr'>τὸν</span> <span class='ocrx_word' id='word_1_685' title='bbox 516 4589 722 4658; x_wconf 82' lang='grc' dir='ltr'>κόσμον</span> <span class='ocrx_word' id='word_1_686' title='bbox 747 4587 858 4641; x_wconf 89' lang='grc' dir='ltr'><strong>τῶν</strong></span> <span class='ocrx_word' id='word_1_687' title='bbox 887 4590 1167 4657; x_wconf 81' lang='grc' dir='ltr'>γυναικῶν</span> <span class='ocrx_word' id='word_1_688' title='bbox 1193 4591 1398 4659; x_wconf 81' lang='grc' dir='ltr'>αὐτῶν,</span> <span class='ocrx_word' id='word_1_689' title='bbox 1436 4593 1532 4648; x_wconf 76' lang='grc' dir='ltr'>καὶ</span> <span class='ocrx_word' id='word_1_690' title='bbox 1566 4595 1799 4665; x_wconf 79' lang='grc' dir='ltr'>ἐχώνευ-</span> 
     </span>
    </p>
   </div>
   <div class='ocr_carea' id='block_1_93' title="bbox 1902 4580 3472 4665">
    <p class='ocr_par' dir='ltr' id='par_1_93' title="bbox 1905 4585 3472 4652">
     <span class='ocr_line' id='line_1_93' title="bbox 1905 4585 3472 4652; baseline 0.003 -10"><span class='ocrx_word' id='word_1_691' title='bbox 1905 4587 2090 4643; x_wconf 84' lang='lat' dir='ltr'><strong>ablato</strong></span> <span class='ocrx_word' id='word_1_692' title='bbox 2127 4585 2425 4642; x_wconf 76' lang='lat' dir='ltr'><strong>mulierum</strong></span> <span class='ocrx_word' id='word_1_693' title='bbox 2453 4601 2680 4642; x_wconf 87' lang='lat' dir='ltr'><strong>suarum</strong></span> <span class='ocrx_word' id='word_1_694' title='bbox 2711 4595 2936 4652; x_wconf 89' lang='lat' dir='ltr'><strong>ornatu,</strong></span> <span class='ocrx_word' id='word_1_695' title='bbox 2967 4588 3246 4646; x_wconf 83' lang='lat' dir='ltr'><strong>conﬂatile</strong></span> <span class='ocrx_word' id='word_1_696' title='bbox 3276 4589 3472 4648; x_wconf 86' lang='lat' dir='ltr'><strong>confe-</strong></span> 
     </span>
    </p>
   </div>
   <div class='ocr_carea' id='block_1_94' title="bbox 215 4680 1800 4756">
    <p class='ocr_par' dir='ltr' id='par_1_94' title="bbox 215 4680 1800 4756">
     <span class='ocr_line' id='line_1_94' title="bbox 215 4680 1800 4756; baseline 0.006 -23"><span class='ocrx_word' id='word_1_697' title='bbox 215 4697 338 4746; x_wconf 85' lang='grc' dir='ltr'>σαν,</span> <span class='ocrx_word' id='word_1_698' title='bbox 366 4681 471 4736; x_wconf 72' lang='grc' dir='ltr'>καὶ</span> <span class='ocrx_word' id='word_1_699' title='bbox 495 4680 720 4750; x_wconf 73' lang='grc' dir='ltr'>ἔφαγον,</span> <span class='ocrx_word' id='word_1_700' title='bbox 753 4681 850 4735; x_wconf 74' lang='grc' dir='ltr'>καὶ</span> <span class='ocrx_word' id='word_1_701' title='bbox 902 4680 1078 4746; x_wconf 79' lang='grc' dir='ltr'>ἔπιον,</span> <span class='ocrx_word' id='word_1_702' title='bbox 1111 4683 1208 4735; x_wconf 77' lang='grc' dir='ltr'>καὶ</span> <span class='ocrx_word' id='word_1_703' title='bbox 1269 4683 1654 4756; x_wconf 67' lang='grc' dir='ltr'>ἐμεθύσθησαν</span> <span class='ocrx_word' id='word_1_704' title='bbox 1695 4688 1800 4742; x_wconf 81' lang='grc' dir='ltr'>ὑπό</span> 
     </span>
    </p>
   </div>
   <div class='ocr_carea' id='block_1_95' title="bbox 213 4771 1796 4846">
    <p class='ocr_par' dir='ltr' id='par_1_95' title="bbox 213 4771 1796 4846">
     <span class='ocr_line' id='line_1_95' title="bbox 213 4771 1796 4846; baseline 0.004 -21"><span class='ocrx_word' id='word_1_705' title='bbox 213 4789 274 4825; x_wconf 86' lang='grc' dir='ltr'><strong>τε</strong></span> <span class='ocrx_word' id='word_1_706' title='bbox 300 4772 396 4828; x_wconf 87' lang='grc' dir='ltr'><strong>τοῦ</strong></span> <span class='ocrx_word' id='word_1_707' title='bbox 429 4772 583 4827; x_wconf 79' lang='grc' dir='ltr'>οῐνου</span> <span class='ocrx_word' id='word_1_708' title='bbox 613 4771 834 4843; x_wconf 76' lang='grc' dir='ltr'>καὶτῆς</span> <span class='ocrx_word' id='word_1_709' title='bbox 872 4771 1103 4844; x_wconf 83' lang='grc' dir='ltr'>πλάνης,</span> <span class='ocrx_word' id='word_1_710' title='bbox 1148 4773 1246 4828; x_wconf 77' lang='grc' dir='ltr'>καὶ</span> <span class='ocrx_word' id='word_1_711' title='bbox 1280 4773 1516 4846; x_wconf 67' lang='grc' dir='ltr'>ἤρξαντο</span> <span class='ocrx_word' id='word_1_712' title='bbox 1554 4778 1796 4846; x_wconf 77' lang='grc' dir='ltr'>παίζειν,</span> 
     </span>
    </p>
   </div>
   <div class='ocr_carea' id='block_1_96' title="bbox 211 4856 1790 4942">
    <p class='ocr_par' dir='ltr' id='par_1_96' title="bbox 211 4856 1790 4942">
     <span class='ocr_line' id='line_1_96' title="bbox 211 4856 1790 4942; baseline 0.006 -27"><span class='ocrx_word' id='word_1_713' title='bbox 211 4863 581 4936; x_wconf 71' lang='grc' dir='ltr'>ἐνάφροσύνῃ</span> <span class='ocrx_word' id='word_1_714' title='bbox 601 4863 851 4931; x_wconf 83' lang='grc' dir='ltr'>λέγοντες</span> <span class='ocrx_word' id='word_1_715' title='bbox 873 4879 888 4895; x_wconf 78' lang='grc'><strong><em>⁸</em></strong></span> <span class='ocrx_word' id='word_1_716' title='bbox 931 4856 1121 4918; x_wconf 77' lang='grc' dir='ltr'>«Οὗτοι</span> <span class='ocrx_word' id='word_1_717' title='bbox 1141 4866 1191 4918; x_wconf 88' lang='grc' dir='ltr'>οἱ</span> <span class='ocrx_word' id='word_1_718' title='bbox 1226 4865 1339 4920; x_wconf 88' lang='grc' dir='ltr'>θεοί</span> <span class='ocrx_word' id='word_1_719' title='bbox 1371 4884 1489 4934; x_wconf 91' lang='grc' dir='ltr'>σου,</span> <span class='ocrx_word' id='word_1_720' title='bbox 1520 4869 1790 4942; x_wconf 77' lang='grc' dir='ltr'>Ἰσραήλ.»</span> 
     </span>
    </p>
   </div>
   <div class='ocr_carea' id='block_1_97' title="bbox 228 4950 1796 5031">
    <p class='ocr_par' dir='ltr' id='par_1_97' title="bbox 228 4950 1796 5031">
     <span class='ocr_line' id='line_1_97' title="bbox 228 4950 1796 5031; baseline 0.005 -25"><span class='ocrx_word' id='word_1_721' title='bbox 228 4953 412 5024; x_wconf 81' lang='grc' dir='ltr'>Ὁρᾷς,</span> <span class='ocrx_word' id='word_1_722' title='bbox 441 4955 530 5006; x_wconf 80' lang='grc' dir='ltr'>ὅτι</span> <span class='ocrx_word' id='word_1_723' title='bbox 557 4951 712 5016; x_wconf 78' lang='grc' dir='ltr'>θεοὺς</span> <span class='ocrx_word' id='word_1_724' title='bbox 735 4950 883 5023; x_wconf 84' lang='grc' dir='ltr'>εῐχον</span> <span class='ocrx_word' id='word_1_725' title='bbox 921 4954 990 5008; x_wconf 79' lang='grc' dir='ltr'><strong>τά</strong></span> <span class='ocrx_word' id='word_1_726' title='bbox 1047 4953 1266 5031; x_wconf 82' lang='grc' dir='ltr'>εἴδωλα,</span> <span class='ocrx_word' id='word_1_727' title='bbox 1315 4954 1472 5011; x_wconf 76' lang='grc' dir='ltr'>ἅτινα</span> <span class='ocrx_word' id='word_1_728' title='bbox 1523 4956 1796 5030; x_wconf 80' lang='grc' dir='ltr'>δαιμόνων</span> 
     </span>
    </p>
   </div>
   <div class='ocr_carea' id='block_1_98' title="bbox 216 5041 1804 5123">
    <p class='ocr_par' dir='ltr' id='par_1_98' title="bbox 216 5041 1804 5123">
     <span class='ocr_line' id='line_1_98' title="bbox 216 5041 1804 5123; baseline 0.006 -24"><span class='ocrx_word' id='word_1_729' title='bbox 216 5041 357 5117; x_wconf 83' lang='grc' dir='ltr'>ἦσαν</span> <span class='ocrx_word' id='word_1_730' title='bbox 398 5046 834 5117; x_wconf 85' lang='grc' dir='ltr'>κατοικητήρια;</span> <span class='ocrx_word' id='word_1_731' title='bbox 877 5047 972 5100; x_wconf 78' lang='grc' dir='ltr'>καὶ</span> <span class='ocrx_word' id='word_1_732' title='bbox 1023 5047 1106 5101; x_wconf 80' lang='grc' dir='ltr'>ὅτι</span> <span class='ocrx_word' id='word_1_733' title='bbox 1153 5051 1220 5120; x_wconf 81' lang='grc' dir='ltr'>τῇ</span> <span class='ocrx_word' id='word_1_734' title='bbox 1269 5049 1445 5106; x_wconf 78' lang='grc' dir='ltr'>κτίσει</span> <span class='ocrx_word' id='word_1_735' title='bbox 1509 5053 1804 5123; x_wconf 74' lang='grc' dir='ltr'>ὲ“λὰτρευον</span> 
     </span>
    </p>
   </div>
   <div class='ocr_carea' id='block_1_99' title="bbox 218 5134 1806 5208">
    <p class='ocr_par' dir='ltr' id='par_1_99' title="bbox 218 5134 1806 5208">
     <span class='ocr_line' id='line_1_99' title="bbox 218 5134 1806 5208; baseline 0.008 -22"><span class='ocrx_word' id='word_1_736' title='bbox 218 5135 370 5207; x_wconf 85' lang='grc' dir='ltr'><strong>παρά</strong></span> <span class='ocrx_word' id='word_1_737' title='bbox 397 5137 490 5190; x_wconf 76' lang='grc' dir='ltr'><strong>τὸν</strong></span> <span class='ocrx_word' id='word_1_738' title='bbox 518 5134 830 5200; x_wconf 81' lang='grc' dir='ltr'>Κτίσαντα;</span> <span class='ocrx_word' id='word_1_739' title='bbox 873 5135 1072 5201; x_wconf 81' lang='grc' dir='ltr'>Καθὼς</span> <span class='ocrx_word' id='word_1_740' title='bbox 1100 5155 1234 5208; x_wconf 80' lang='grc' dir='ltr'>φησι</span> <span class='ocrx_word' id='word_1_741' title='bbox 1274 5140 1368 5194; x_wconf 80' lang='grc' dir='ltr'><strong>καὶ</strong></span> <span class='ocrx_word' id='word_1_742' title='bbox 1404 5143 1432 5194; x_wconf 89' lang='lat'><strong>6</strong></span> <span class='ocrx_word' id='word_1_743' title='bbox 1460 5141 1602 5208; x_wconf 86' lang='grc' dir='ltr'>θεῖος</span> <span class='ocrx_word' id='word_1_744' title='bbox 1639 5145 1806 5198; x_wconf 79' lang='grc' dir='ltr'>Ἀπό-</span> 
     </span>
    </p>
   </div>
   <div class='ocr_carea' id='block_1_100' title="bbox 222 5224 1800 5306">
    <p class='ocr_par' dir='ltr' id='par_1_100' title="bbox 222 5224 1800 5306">
     <span class='ocr_line' id='line_1_100' title="bbox 222 5224 1800 5306; baseline 0.008 -29"><span class='ocrx_word' id='word_1_745' title='bbox 222 5225 436 5289; x_wconf 88' lang='grc' dir='ltr'>στολος·</span> <span class='ocrx_word' id='word_1_746' title='bbox 470 5243 490 5277; x_wconf 80' lang='grc' dir='ltr'><strong>ι</strong></span> <span class='ocrx_word' id='word_1_747' title='bbox 523 5224 736 5288; x_wconf 78' lang='grc' dir='ltr'>οἵτινες</span> <span class='ocrx_word' id='word_1_748' title='bbox 761 5224 999 5296; x_wconf 71' lang='grc' dir='ltr'>ἧλλαξαν</span> <span class='ocrx_word' id='word_1_749' title='bbox 1044 5227 1146 5297; x_wconf 82' lang='grc' dir='ltr'><strong>τὴν</strong></span> <span class='ocrx_word' id='word_1_750' title='bbox 1177 5227 1337 5295; x_wconf 78' lang='grc' dir='ltr'>δόξαν</span> <span class='ocrx_word' id='word_1_751' title='bbox 1377 5231 1472 5284; x_wconf 88' lang='grc' dir='ltr'><strong>τοῦ</strong></span> <span class='ocrx_word' id='word_1_752' title='bbox 1520 5233 1800 5306; x_wconf 79' lang='grc' dir='ltr'>ἀφθάρτου</span> 
     </span>
    </p>
   </div>
   <div class='ocr_carea' id='block_1_101' title="bbox 173 5313 1797 5390">
    <p class='ocr_par' dir='ltr' id='par_1_101' title="bbox 173 5313 1797 5390">
     <span class='ocr_line' id='line_1_101' title="bbox 173 5313 1797 5390; baseline 0.009 -25"><span class='ocrx_word' id='word_1_753' title='bbox 173 5315 176 5317; x_wconf 81' lang='grc'><em>’</em></span> <span class='ocrx_word' id='word_1_754' title='bbox 219 5313 375 5380; x_wconf 83' lang='grc' dir='ltr'>Θεοῦ,</span> <span class='ocrx_word' id='word_1_755' title='bbox 391 5316 451 5368; x_wconf 75' lang='grc' dir='ltr'>ὲν</span> <span class='ocrx_word' id='word_1_756' title='bbox 478 5314 788 5386; x_wconf 83' lang='grc' dir='ltr'>ὁμοιώματι</span> <span class='ocrx_word' id='word_1_757' title='bbox 805 5313 1050 5385; x_wconf 82' lang='grc' dir='ltr'>φθαρτοῦ</span> <span class='ocrx_word' id='word_1_758' title='bbox 1071 5317 1490 5390; x_wconf 79' lang='grc' dir='ltr'>άνθρὼπου,καὶ</span> <span class='ocrx_word' id='word_1_759' title='bbox 1511 5325 1797 5389; x_wconf 86' lang='grc' dir='ltr'>πετεινῶν,</span> 
     </span>
    </p>
   </div>
   <div class='ocr_carea' id='block_1_102' title="bbox 217 5407 1790 5492">
    <p class='ocr_par' dir='ltr' id='par_1_102' title="bbox 217 5407 1790 5492">
     <span class='ocr_line' id='line_1_102' title="bbox 217 5407 1790 5492; baseline 0.009 -32"><span class='ocrx_word' id='word_1_760' title='bbox 217 5407 318 5460; x_wconf 75' lang='grc' dir='ltr'>καὶ</span> <span class='ocrx_word' id='word_1_761' title='bbox 365 5409 734 5480; x_wconf 82' lang='grc' dir='ltr'>τετραπόδων,</span> <span class='ocrx_word' id='word_1_762' title='bbox 779 5409 879 5462; x_wconf 80' lang='grc' dir='ltr'>καὶ</span> <span class='ocrx_word' id='word_1_763' title='bbox 909 5409 1181 5480; x_wconf 81' lang='grc' dir='ltr'>ἑρπετῶν,</span> <span class='ocrx_word' id='word_1_764' title='bbox 1209 5414 1304 5467; x_wconf 76' lang='grc' dir='ltr'>καὶ</span> <span class='ocrx_word' id='word_1_765' title='bbox 1354 5414 1690 5488; x_wconf 69' lang='grc' dir='ltr'>ἐλάτρευσαν</span> <span class='ocrx_word' id='word_1_766' title='bbox 1725 5421 1790 5492; x_wconf 81' lang='grc' dir='ltr'><strong>τῇ</strong></span> 
     </span>
    </p>
   </div>
   <div class='ocr_carea' id='block_1_103' title="bbox 285 5582 1799 5661">
    <p class='ocr_par' dir='ltr' id='par_1_103' title="bbox 285 5582 1774 5661">
     <span class='ocr_line' id='line_1_103' title="bbox 285 5582 1774 5661; baseline 0.008 -24"><span class='ocrx_word' id='word_1_767' title='bbox 285 5585 334 5618; x_wconf 84' lang='grc'><strong>³⁸</strong></span> <span class='ocrx_word' id='word_1_768' title='bbox 363 5582 740 5661; x_wconf 61' lang='lat' dir='ltr'><strong>Joan.__v_,_5£_l.</strong></span> <span class='ocrx_word' id='word_1_769' title='bbox 777 5654 793 5661; x_wconf 93' lang='lat'><em>_</em></span> <span class='ocrx_word' id='word_1_770' title='bbox 817 5585 862 5619; x_wconf 76' lang='grc'><strong>³³</strong></span> <span class='ocrx_word' id='word_1_771' title='bbox 890 5584 1061 5645; x_wconf 84' lang='lat' dir='ltr'><strong>llebr.</strong></span> <span class='ocrx_word' id='word_1_772' title='bbox 1102 5605 1179 5654; x_wconf 73' lang='lat' dir='ltr'><strong>rt,</strong></span> <span class='ocrx_word' id='word_1_773' title='bbox 1210 5589 1297 5647; x_wconf 84' lang='lat' dir='ltr'><strong>l8.</strong></span> <span class='ocrx_word' id='word_1_774' title='bbox 1373 5592 1421 5625; x_wconf 80' lang='lat'>”</span> <span class='ocrx_word' id='word_1_775' title='bbox 1449 5591 1616 5648; x_wconf 86' lang='lat' dir='ltr'><strong>Hebr.</strong></span> <span class='ocrx_word' id='word_1_776' title='bbox 1647 5609 1690 5661; x_wconf 90' lang='grc' dir='ltr'><strong>ι,</strong></span> <span class='ocrx_word' id='word_1_777' title='bbox 1722 5595 1774 5650; x_wconf 84' lang='lat' dir='ltr'><strong>l.</strong></span> 
     </span>
    </p>
   </div>
   <div class='ocr_carea' id='block_1_104' title="bbox 1902 5582 2954 5661">
    <p class='ocr_par' dir='ltr' id='par_1_104' title="bbox 1915 5589 2954 5661">
     <span class='ocr_line' id='line_1_104' title="bbox 1915 5589 2954 5661; baseline -0.007 -11"><span class='ocrx_word' id='word_1_778' title='bbox 1915 5593 2077 5651; x_wconf 84' lang='lat' dir='ltr'><strong>Joan.</strong></span> <span class='ocrx_word' id='word_1_779' title='bbox 2109 5611 2146 5661; x_wconf 84' lang='grc' dir='ltr'><strong>ι,</strong></span> <span class='ocrx_word' id='word_1_780' title='bbox 2187 5594 2274 5651; x_wconf 87' lang='lat' dir='ltr'><strong>l8.</strong></span> <span class='ocrx_word' id='word_1_781' title='bbox 2350 5593 2393 5626; x_wconf 82' lang='grc'><strong>⁸⁷</strong></span> <span class='ocrx_word' id='word_1_782' title='bbox 2433 5591 2605 5648; x_wconf 76' lang='lat' dir='ltr'><strong>Exod.</strong></span> <span class='ocrx_word' id='word_1_783' title='bbox 2633 5604 2832 5657; x_wconf 60' lang='grc' dir='ltr'>χχχιιι,</span> <span class='ocrx_word' id='word_1_784' title='bbox 2864 5589 2954 5644; x_wconf 74' lang='lat'><strong>‘20.</strong></span> 
     </span>
    </p>
   </div>
   <div class='ocr_carea' id='block_1_105' title="bbox 219 5654 824 5726">
    <p class='ocr_par' dir='ltr' id='par_1_105' title="bbox 219 5654 824 5726">
     <span class='ocr_line' id='line_1_105' title="bbox 219 5654 824 5726; baseline 0.003 -18"><span class='ocrx_word' id='word_1_785' title='bbox 219 5654 244 5708; x_wconf 71' lang='lat' dir='ltr'><strong>l</strong></span> <span class='ocrx_word' id='word_1_786' title='bbox 288 5671 443 5726; x_wconf 84' lang='lat' dir='ltr'><strong>seqq.</strong></span> <span class='ocrx_word' id='word_1_787' title='bbox 519 5655 566 5687; x_wconf 79' lang='lat'><strong>”</strong></span> <span class='ocrx_word' id='word_1_788' title='bbox 599 5657 736 5710; x_wconf 90' lang='lat' dir='ltr'><strong>ibid.</strong></span> <span class='ocrx_word' id='word_1_789' title='bbox 765 5654 824 5710; x_wconf 67' lang='grc'><strong>4.</strong></span> 
     </span>
    </p>
   </div>
   <div class='ocr_carea' id='block_1_106' title="bbox 1906 4675 3480 4750">
    <p class='ocr_par' dir='ltr' id='par_1_106' title="bbox 1906 4675 3480 4750">
     <span class='ocr_line' id='line_1_106' title="bbox 1906 4675 3480 4750; baseline 0.002 -17"><span class='ocrx_word' id='word_1_790' title='bbox 1906 4678 2136 4742; x_wconf 87' lang='lat' dir='ltr'><strong>eissent,</strong></span> <span class='ocrx_word' id='word_1_791' title='bbox 2186 4675 2548 4732; x_wconf 88' lang='lat' dir='ltr'><strong>comederunt</strong></span> <span class='ocrx_word' id='word_1_792' title='bbox 2605 4683 2662 4732; x_wconf 90' lang='lat' dir='ltr'><strong>et</strong></span> <span class='ocrx_word' id='word_1_793' title='bbox 2724 4677 3006 4746; x_wconf 84' lang='lat' dir='ltr'><strong>biberunt,</strong></span> <span class='ocrx_word' id='word_1_794' title='bbox 3071 4687 3236 4750; x_wconf 89' lang='lat' dir='ltr'><strong>atque</strong></span> <span class='ocrx_word' id='word_1_795' title='bbox 3290 4693 3480 4738; x_wconf 82' lang='lat' dir='ltr'><strong>errore</strong></span> 
     </span>
    </p>
   </div>
   <div class='ocr_carea' id='block_1_107' title="bbox 1905 4772 3480 4846">
    <p class='ocr_par' dir='ltr' id='par_1_107' title="bbox 1905 4772 3480 4846">
     <span class='ocr_line' id='line_1_107' title="bbox 1905 4772 3480 4846; baseline 0 -15"><span class='ocrx_word' id='word_1_796' title='bbox 1905 4789 2007 4832; x_wconf 89' lang='lat' dir='ltr'><strong>suo</strong></span> <span class='ocrx_word' id='word_1_797' title='bbox 2029 4787 2283 4845; x_wconf 64' lang='lat' dir='ltr'><strong>peraeque</strong></span> <span class='ocrx_word' id='word_1_798' title='bbox 2311 4787 2380 4828; x_wconf 90' lang='lat' dir='ltr'><strong>ac</strong></span> <span class='ocrx_word' id='word_1_799' title='bbox 2408 4773 2536 4828; x_wconf 86' lang='lat' dir='ltr'><strong>vino</strong></span> <span class='ocrx_word' id='word_1_800' title='bbox 2555 4772 2695 4828; x_wconf 87' lang='lat' dir='ltr'><strong>ebrii</strong></span> <span class='ocrx_word' id='word_1_801' title='bbox 2749 4783 3036 4843; x_wconf 61' lang='lat' dir='ltr'><strong>eruperunt</strong></span> <span class='ocrx_word' id='word_1_802' title='bbox 3062 4774 3272 4840; x_wconf 85' lang='lat' dir='ltr'><strong>ludere,</strong></span> <span class='ocrx_word' id='word_1_803' title='bbox 3286 4784 3340 4830; x_wconf 90' lang='lat' dir='ltr'><strong>et</strong></span> <span class='ocrx_word' id='word_1_804' title='bbox 3368 4790 3480 4846; x_wconf 76' lang='lat' dir='ltr'><strong>prae</strong></span> 
     </span>
    </p>
   </div>
   <div class='ocr_carea' id='block_1_108' title="bbox 1905 4864 3478 4929">
    <p class='ocr_par' dir='ltr' id='par_1_108' title="bbox 1905 4864 3478 4929">
     <span class='ocr_line' id='line_1_108' title="bbox 1905 4864 3478 4929; baseline 0.002 -9"><span class='ocrx_word' id='word_1_805' title='bbox 1905 4865 2142 4920; x_wconf 88' lang='lat' dir='ltr'><strong>amentia</strong></span> <span class='ocrx_word' id='word_1_806' title='bbox 2171 4865 2355 4921; x_wconf 90' lang='lat' dir='ltr'><strong>dicere</strong></span> <span class='ocrx_word' id='word_1_807' title='bbox 2386 4882 2403 4921; x_wconf 88' lang='lat'><strong>:</strong></span> <span class='ocrx_word' id='word_1_808' title='bbox 2437 4882 2458 4916; x_wconf 82' lang='grc' dir='ltr'><strong>ι</strong></span> <span class='ocrx_word' id='word_1_809' title='bbox 2491 4864 2556 4918; x_wconf 89' lang='lat' dir='ltr'><strong>lli</strong></span> <span class='ocrx_word' id='word_1_810' title='bbox 2591 4874 2720 4920; x_wconf 89' lang='lat' dir='ltr'><strong>sunt</strong></span> <span class='ocrx_word' id='word_1_811' title='bbox 2751 4865 2826 4920; x_wconf 92' lang='lat' dir='ltr'><strong>dii</strong></span> <span class='ocrx_word' id='word_1_812' title='bbox 2851 4864 2954 4929; x_wconf 91' lang='lat' dir='ltr'><strong>tui,</strong></span> <span class='ocrx_word' id='word_1_813' title='bbox 2989 4864 3242 4920; x_wconf 75' lang='lat' dir='ltr'><strong>Israel&quot;.</strong></span> <span class='ocrx_word' id='word_1_814' title='bbox 3267 4885 3288 4919; x_wconf 79' lang='grc' dir='ltr'><strong>ι</strong></span> <span class='ocrx_word' id='word_1_815' title='bbox 3311 4865 3478 4923; x_wconf 83' lang='lat' dir='ltr'><strong>Plane</strong></span> 
     </span>
    </p>
   </div>
   <div class='ocr_carea' id='block_1_109' title="bbox 1904 4956 3474 5028">
    <p class='ocr_par' dir='ltr' id='par_1_109' title="bbox 1904 4956 3474 5028">
     <span class='ocr_line' id='line_1_109' title="bbox 1904 4956 3474 5028; baseline -0.001 -15"><span class='ocrx_word' id='word_1_816' title='bbox 1904 4958 2058 5013; x_wconf 85' lang='lat' dir='ltr'><strong>vides</strong></span> <span class='ocrx_word' id='word_1_817' title='bbox 2115 4957 2264 5028; x_wconf 85' lang='lat' dir='ltr'><strong>quod</strong></span> <span class='ocrx_word' id='word_1_818' title='bbox 2323 4956 2642 5023; x_wconf 87' lang='lat' dir='ltr'><strong>simulacra,</strong></span> <span class='ocrx_word' id='word_1_819' title='bbox 2678 4971 2802 5027; x_wconf 64' lang='lat' dir='ltr'><strong>quae</strong></span> <span class='ocrx_word' id='word_1_820' title='bbox 2855 4956 3134 5012; x_wconf 86' lang='lat' dir='ltr'><strong>domicilia</strong></span> <span class='ocrx_word' id='word_1_821' title='bbox 3165 4957 3474 5013; x_wconf 55' lang='lat' dir='ltr'><strong>daemonum</strong></span> 
     </span>
    </p>
   </div>
   <div class='ocr_carea' id='block_1_110' title="bbox 1903 5047 3476 5120">
    <p class='ocr_par' dir='ltr' id='par_1_110' title="bbox 1903 5047 3476 5120">
     <span class='ocr_line' id='line_1_110' title="bbox 1903 5047 3476 5120; baseline 0 -14"><span class='ocrx_word' id='word_1_822' title='bbox 1903 5058 2080 5114; x_wconf 88' lang='lat' dir='ltr'><strong>erant,</strong></span> <span class='ocrx_word' id='word_1_823' title='bbox 2114 5064 2214 5119; x_wconf 89' lang='lat' dir='ltr'><strong>pro</strong></span> <span class='ocrx_word' id='word_1_824' title='bbox 2244 5047 2354 5105; x_wconf 88' lang='lat' dir='ltr'><strong>diis</strong></span> <span class='ocrx_word' id='word_1_825' title='bbox 2373 5049 2688 5116; x_wconf 82' lang='lat' dir='ltr'><strong>habuerint,</strong></span> <span class='ocrx_word' id='word_1_826' title='bbox 2714 5049 2974 5120; x_wconf 83' lang='lat' dir='ltr'><strong>quodque</strong></span> <span class='ocrx_word' id='word_1_827' title='bbox 2994 5056 3264 5106; x_wconf 80' lang='lat' dir='ltr'><strong>creaturae</strong></span> <span class='ocrx_word' id='word_1_828' title='bbox 3293 5050 3476 5120; x_wconf 89' lang='lat' dir='ltr'><strong>potius</strong></span> 
     </span>
    </p>
   </div>
   <div class='ocr_carea' id='block_1_111' title="bbox 1901 5141 3475 5213">
    <p class='ocr_par' dir='ltr' id='par_1_111' title="bbox 1901 5141 3475 5213">
     <span class='ocr_line' id='line_1_111' title="bbox 1901 5141 3475 5213; baseline -0.001 -17"><span class='ocrx_word' id='word_1_829' title='bbox 1901 5157 2066 5213; x_wconf 90' lang='lat' dir='ltr'><strong>quant</strong></span> <span class='ocrx_word' id='word_1_830' title='bbox 2097 5141 2344 5197; x_wconf 83' lang='lat' dir='ltr'><strong>Creatori</strong></span> <span class='ocrx_word' id='word_1_831' title='bbox 2376 5142 2695 5206; x_wconf 78' lang='lat' dir='ltr'><strong>servierint,</strong></span> <span class='ocrx_word' id='word_1_832' title='bbox 2715 5141 2874 5212; x_wconf 77' lang='lat' dir='ltr'><strong>juxta</strong></span> <span class='ocrx_word' id='word_1_833' title='bbox 2893 5151 3058 5212; x_wconf 88' lang='lat' dir='ltr'><strong>atque</strong></span> <span class='ocrx_word' id='word_1_834' title='bbox 3087 5141 3308 5198; x_wconf 75' lang='lat' dir='ltr'><strong>divinus</strong></span> <span class='ocrx_word' id='word_1_835' title='bbox 3328 5142 3475 5212; x_wconf 81' lang='lat' dir='ltr'><strong>Apo-</strong></span> 
     </span>
    </p>
   </div>
   <div class='ocr_carea' id='block_1_112' title="bbox 1901 5231 3472 5303">
    <p class='ocr_par' dir='ltr' id='par_1_112' title="bbox 1901 5231 3472 5303">
     <span class='ocr_line' id='line_1_112' title="bbox 1901 5231 3472 5303; baseline 0 -15"><span class='ocrx_word' id='word_1_836' title='bbox 1901 5232 2080 5288; x_wconf 78' lang='lat' dir='ltr'><strong>stolus</strong></span> <span class='ocrx_word' id='word_1_837' title='bbox 2112 5232 2190 5286; x_wconf 90' lang='lat' dir='ltr'><strong>ait</strong></span> <span class='ocrx_word' id='word_1_838' title='bbox 2228 5247 2242 5285; x_wconf 89' lang='lat'><strong>:</strong></span> <span class='ocrx_word' id='word_1_839' title='bbox 2286 5231 2432 5299; x_wconf 71' lang='lat' dir='ltr'><strong>«Qui</strong></span> <span class='ocrx_word' id='word_1_840' title='bbox 2465 5240 2829 5288; x_wconf 86' lang='lat' dir='ltr'><strong>mutaverunt</strong></span> <span class='ocrx_word' id='word_1_841' title='bbox 2891 5233 3123 5303; x_wconf 82' lang='lat' dir='ltr'><strong>gloriam</strong></span> <span class='ocrx_word' id='word_1_842' title='bbox 3181 5233 3472 5302; x_wconf 76' lang='lat' dir='ltr'><strong>incorrup-</strong></span> 
     </span>
    </p>
   </div>
   <div class='ocr_carea' id='block_1_113' title="bbox 1902 5320 3470 5392">
    <p class='ocr_par' dir='ltr' id='par_1_113' title="bbox 1902 5320 3470 5392">
     <span class='ocr_line' id='line_1_113' title="bbox 1902 5320 3470 5392; baseline 0.002 -15"><span class='ocrx_word' id='word_1_843' title='bbox 1902 5323 2074 5380; x_wconf 78' lang='lat' dir='ltr'><strong>tibilis</strong></span> <span class='ocrx_word' id='word_1_844' title='bbox 2102 5320 2202 5378; x_wconf 90' lang='lat' dir='ltr'><strong>Dei</strong></span> <span class='ocrx_word' id='word_1_845' title='bbox 2237 5324 2292 5378; x_wconf 90' lang='lat' dir='ltr'><strong>in</strong></span> <span class='ocrx_word' id='word_1_846' title='bbox 2327 5323 2747 5392; x_wconf 82' lang='lat' dir='ltr'><strong>similitudinem</strong></span> <span class='ocrx_word' id='word_1_847' title='bbox 2799 5322 3180 5392; x_wconf 83' lang='lat' dir='ltr'><strong>corruptibilis</strong></span> <span class='ocrx_word' id='word_1_848' title='bbox 3207 5323 3470 5388; x_wconf 82' lang='lat' dir='ltr'><strong>hominis,</strong></span> 
     </span>
    </p>
   </div>
   <div class='ocr_carea' id='block_1_114' title="bbox 1903 5414 3471 5488">
    <p class='ocr_par' dir='ltr' id='par_1_114' title="bbox 1903 5414 3471 5488">
     <span class='ocr_line' id='line_1_114' title="bbox 1903 5414 3471 5488; baseline -0.002 -14"><span class='ocrx_word' id='word_1_849' title='bbox 1903 5427 1957 5474; x_wconf 90' lang='lat' dir='ltr'><strong>et</strong></span> <span class='ocrx_word' id='word_1_850' title='bbox 1989 5417 2301 5483; x_wconf 86' lang='lat' dir='ltr'><strong>volucrum,</strong></span> <span class='ocrx_word' id='word_1_851' title='bbox 2335 5425 2390 5472; x_wconf 85' lang='lat' dir='ltr'><strong>et</strong></span> <span class='ocrx_word' id='word_1_852' title='bbox 2421 5414 2864 5488; x_wconf 82' lang='lat' dir='ltr'><strong>quadrupedum,</strong></span> <span class='ocrx_word' id='word_1_853' title='bbox 2909 5424 2964 5470; x_wconf 91' lang='lat' dir='ltr'><strong>et</strong></span> <span class='ocrx_word' id='word_1_854' title='bbox 2997 5417 3364 5487; x_wconf 83' lang='lat' dir='ltr'><strong>serpentium,</strong></span> <span class='ocrx_word' id='word_1_855' title='bbox 3413 5423 3471 5472; x_wconf 89' lang='lat' dir='ltr'><strong>ct</strong></span> 
     </span>
    </p>
   </div>
   <div class='ocr_carea' id='block_1_115' title="bbox 3035 5589 3471 5659">
    <p class='ocr_par' dir='ltr' id='par_1_115' title="bbox 3035 5589 3471 5659">
     <span class='ocr_line' id='line_1_115' title="bbox 3035 5589 3471 5659; baseline 0.002 -13"><span class='ocrx_word' id='word_1_856' title='bbox 3035 5592 3078 5624; x_wconf 88' lang='grc'>³⁸</span> <span class='ocrx_word' id='word_1_857' title='bbox 3101 5589 3270 5649; x_wconf 71' lang='lat' dir='ltr'><strong>Exod.</strong></span> <span class='ocrx_word' id='word_1_858' title='bbox 3292 5607 3471 5659; x_wconf 72' lang='lat' dir='ltr'><strong>usu,</strong></span> 
     </span>
    </p>
   </div>
   <div class='ocr_carea' id='block_1_116' title="bbox 1487 5748 2165 5812">
    <p class='ocr_par' dir='ltr' id='par_1_116' title="bbox 1487 5748 2165 5812">
     <span class='ocr_line' id='line_1_116' title="bbox 1487 5748 2165 5812; baseline 0.007 -8"><span class='ocrx_word' id='word_1_859' title='bbox 1487 5748 1721 5807; x_wconf 63' lang='lat' dir='ltr'><strong>VARIIE</strong></span> <span class='ocrx_word' id='word_1_860' title='bbox 1759 5749 2165 5812; x_wconf 82' lang='lat' dir='ltr'><strong>LECTIONES.</strong></span> 
     </span>
    </p>
   </div>
   <div class='ocr_carea' id='block_1_117' title="bbox 288 5841 930 5914">
    <p class='ocr_par' dir='ltr' id='par_1_117' title="bbox 288 5841 930 5914">
     <span class='ocr_line' id='line_1_117' title="bbox 288 5841 930 5914; baseline 0 -16"><span class='ocrx_word' id='word_1_861' title='bbox 288 5859 309 5884; x_wconf 81' lang='grc' dir='ltr'><strong>ο</strong></span> <span class='ocrx_word' id='word_1_862' title='bbox 334 5841 497 5900; x_wconf 80' lang='lat' dir='ltr'><strong>Forte</strong></span> <span class='ocrx_word' id='word_1_863' title='bbox 525 5842 816 5914; x_wconf 83' lang='lat' dir='ltr'><strong>legendum</strong></span> <span class='ocrx_word' id='word_1_864' title='bbox 851 5842 930 5898; x_wconf 80' lang='grc' dir='ltr'><strong>δέ.</strong></span> 
     </span>
    </p>
   </div>
   <div class='ocr_carea' id='block_1_118' title="bbox 551 5934 1244 6005">
    <p class='ocr_par' dir='ltr' id='par_1_118' title="bbox 551 5934 1244 6005">
     <span class='ocr_line' id='line_1_118' title="bbox 551 5934 1244 6005; baseline -0.013 0"><span class='ocrx_word' id='word_1_865' title='bbox 551 5939 826 6005; x_wconf 66' lang='lat' dir='ltr'><strong>Parnm.</strong></span> <span class='ocrx_word' id='word_1_866' title='bbox 872 5937 988 5998; x_wconf 80' lang='lat' dir='ltr'><strong>Gn.</strong></span> <span class='ocrx_word' id='word_1_867' title='bbox 1037 5934 1244 5996; x_wconf 80' lang='lat' dir='ltr'><strong>XCIV.</strong></span> 
     </span>
    </p>
   </div>
   <div class='ocr_carea' id='block_1_119' title="bbox 3067 5889 3226 5986">
    <p class='ocr_par' dir='ltr' id='par_1_119' title="bbox 3067 5889 3226 5986">
     <span class='ocr_line' id='line_1_119' title="bbox 3067 5889 3226 5986; baseline 0 -92"><span class='ocrx_word' id='word_1_868' title='bbox 3067 5889 3226 5986; x_wconf 44' lang='grc' dir='ltr'>μμ</span> 
     </span>
    </p>
   </div>
  </div>
