3904 6358
2931 277 3146 350 κιυις.
3176 261 3294 324 hii
3333 257 3402 316 iis
3435 256 3530 324 λιιι.
3565 251 3758 328 ﬁlim;
3835 279 3873 302 ,λι

3639 381 3810 450 1280

2251 507 2342 562 Ἐν
2369 508 2448 578 τῷ
2479 508 2579 578 τῆς
2607 505 2766 569 ὁσίας
2801 503 3024 576 Μαρίας
3052 503 3152 574 βίῳ
3191 500 3288 572 τῆς
3328 500 3650 568 Αἰγυπτίας
3693 502 3809 568 γέ-

2174 616 2445 672 γραπται,
2479 601 2546 670 τῇ
2576 598 2746 652 είκόνι
2796 597 2894 668 τῆς
2921 593 3225 664 Δεσποίνης
3271 592 3441 663 αὐτὴν
3478 591 3804 657 abimus,

2172 695 2270 750 καὶ
2291 693 2499 764 ταύτην
2539 692 2679 767 πρὸς
2708 690 2915 762 ἐγγύην
2943 685 3357 767 ὲ-ξαιτῄσ-ασραι,
3387 685 3482 740 καὶ
3507 684 3669 738 οὕτω
3688 702 3804 738 τυ-

2172 787 2289 856 χεῖν
2306 759 2412 856 τῆς
2444 756 2526 848 είς
2555 756 2649 838 τον
2679 756 3066 838 ναόξῖείσόδου.
3103 756 3220 874 θές.
3241 761 3302 846 ΓΔ(
3325 769 3453 862 κατ’]
3479 829 3498 835 _
3533 797 3566 846 ρ
3585 777 3707 864 L1,:

2185 897 2280 950 Ἐκ
2301 896 2410 951 τοῦ
2439 896 2858 966 Δειμωναρίουί
2875 891 3114 966 (Η)ξοιῖ
3135 855 3310 966 ἀπίου
3338 855 3566 966 Πατρός
3601 857 3804 959 Mur
3837 855 3840 860 Ι

2304 957 2656 1040 ngijgpgﬂou
2674 957 3157 1034 ἀρχιεπέιοθὲιῖπου
3184 957 3657 1030 ’Ἰεροσολύμωνζ

2253 1073 2274 1108 ι
2319 1057 2551 1124 Ἔλεγεν
2599 1056 2628 1109 ὁ
2659 1053 2837 1119 ἀὸδᾶς
2879 1053 3162 1125 Θεόδωρος
3206 1052 3236 1104 6
3264 1051 3552 1122 Αίλιώτης,
3583 1051 3681 1104 ὅτι
3713 1046 3798 1123 ἦν

2173 1164 2256 1211 τις
2284 1146 2596 1216 ἐγκλειστος
2628 1149 2686 1201 ὲν
2730 1147 2810 1218 τῷ
2867 1147 2987 1218 δρει
3016 1143 3417 1209 τῶν”Ελαιῶν,
3457 1144 3796 1221 αγωνιστὴς

2174 1239 2317 1293 πάνυ
2337 1255 2350 1269 ·
2381 1239 2642 1310 ἐπολέμει
2669 1239 2727 1293 δὲ
2755 1237 2906 1308 αὑτῷ
2943 1238 2971 1291 6
3008 1236 3220 1306 δαίμων
3251 1235 3353 1306 τῆς
3380 1235 3670 1305 πορνείας.
3688 1235 3790 1288 Ἑν

2613 291 2638 372 ἡ
2673 265 2870 354 μυωταὶ

494 393 632 459 1279
1680 397 1740 455 S.
1781 396 1815 457 J
1819 393 2022 455 OANN
2029 392 2103 452 IS
2152 390 2589 456 DAMASCENI

561 510 617 562 In
643 505 764 559 Vita
786 512 990 559 sancta:
1017 503 1207 559 Maria:
1227 502 1567 576 Egyptiacae
1593 504 1814 578 legitur.
1845 520 1966 561 eam
1996 503 2063 560 ad
2093 507 2142 565 Α

489 598 780 666 imaginem
831 594 1078 650 Dominae
1123 605 1326 650 nostrae
1377 597 1745 666 supplicasse,
1781 605 1836 653 et
1864 597 2069 668 elllagi-

485 701 656 751 tasse,
689 696 749 742 ut
777 702 879 758 pro
908 688 1030 757 ipsa
1077 687 1394 758 sponderet,
1439 697 1604 760 atque
1651 690 1756 744 hoc
1805 695 1969 759 pacto
2010 696 2071 743 ut

485 778 748 848 templum
786 763 1196 848 ingrederetur,
1224 779 1559 836 obtinuisse.
1873 783 1878 786 ’

485 890 572 946 Ea:
617 890 786 946 Prata
831 890 977 961 (cap.
1009 889 1193 960 45).S.
1239 890 1308 945 Ρ.
1348 889 1423 946 Ν.
1477 890 1764 958 Sophronii
1818 893 2072 950 Hieroso-

888 961 1151 1031 lymorum
1182 962 1563 1032 archiepiscopi
1600 963 1667 1018 ⁸⁸.

563 1068 581 1101 ι
621 1048 895 1105 Narrabat
920 1048 1245 1105 Theodorus
1287 1049 1548 1115 Eliotes,
1580 1050 1635 1105 in
1672 1058 1859 1108 monte
1887 1049 2070 1107 Oliva-

487 1157 608 1197 rum
656 1140 948 1211 quemdam
999 1141 1273 1196 inclusum
1325 1143 1636 1210 mansisse,
1670 1142 1762 1219 in
1796 1142 2068 1219 spirituali

467 1235 683 1311 gnilitia
714 1233 1075 1288 exercitatum
1122 1248 1330 1303 senem,
1364 1248 1526 1302 quem
1571 1217 1817 1288 libibinis
1857 1217 2072 1289 damon

488 1326 809 1395 impetebat.
844 1325 895 1380 Is
935 1339 1061 1378 cum
1120 1324 1210 1378 die
1242 1324 1478 1394 quadam
1511 1324 1892 1380 vehementius
1919 1323 2070 1380 illum

491 1428 734 1490 urgeret,
758 1419 1122 1488 conqueritur
1149 1434 1340 1483 senex,
1371 1425 1536 1488 atque
1573 1419 1719 1474 hunc
1755 1418 1812 1472 in
1851 1419 2070 1473 modum

492 1512 794 1566 daemonem
852 1511 1196 1579 alloquitur:
1245 1509 1549 1581 Quousque
1583 1508 1803 1565 tandem
1854 1523 1943 1564 me
1973 1523 2071 1564 ve-

487 1619 623 1659 xare
671 1618 782 1658 non
802 1603 1070 1660 desines?
1099 1603 1330 1660 Discede
1373 1603 1485 1674 jam
1533 1618 1565 1658 a
1622 1618 1709 1658 me
1759 1619 1775 1656 :
1815 1601 1885 1656 ad
1932 1603 2074 1656 hanc

492 1703 706 1751 aetatem
731 1696 1072 1753 consenuisti
1107 1711 1348 1752 mecum.
1393 1695 1495 1751 Cui
1536 1695 1750 1750 daemon
1783 1709 1908 1750 sese
1938 1707 2073 1750 con-

493 1789 746 1858 spicuum
776 1787 1027 1858 praebens
1062 1806 1076 1842 :
1109 1786 1269 1851 Jura,
1295 1786 1498 1858 inquit,
1537 1786 1671 1842 mihi
1701 1794 1756 1841 te
1782 1785 1990 1842 nemini
2017 1785 2072 1840 id

2180 1331 2279 1402 μιᾷ
2298 1325 2413 1394 οὖν,
2442 1329 2518 1394 ὡς
2543 1331 2797 1384 ἐπέκειτο
2821 1326 2972 1398 αύτῷ
2999 1328 3270 1398 σφοδρῶς,
3300 1325 3506 1398 ἦρξατο
3533 1329 3562 1380 ὁ
3588 1327 3790 1397 γέρων

2175 1421 2565 1494 ἀποδύρεσθαι,
2611 1419 2708 1474 καὶ
2753 1421 2903 1488 λέγει
2935 1418 3013 1490 τῷ
3038 1417 3253 1489 δαίμονι
3279 1432 3292 1445 ·
3327 1417 3472 1479 Ἕως
3504 1415 3645 1469 πότε
3676 1416 3786 1469 οὐκ

2175 1511 2392 1575 ὲνδίδως
2423 1527 2552 1582 μοις
2597 1511 2811 1565 ἀπόστα
2851 1509 3038 1564 λοιπὸν
3065 1508 3162 1563 ἀπ’
3189 1508 3347 1580 ἐμοῦ.
3375 1507 3784 1577 Συνεγήρασὰς

2179 1622 2292 1675 μοι.
2315 1604 2573 1659 Φαίνεται
2605 1601 2755 1672 αύτῷ
2780 1605 2808 1657 6
2832 1602 3042 1674 δαίμων
3065 1599 3524 1672 ὀφθαλμοφανῶς,
3561 1600 3776 1669 λέγων’

2179 1694 2417 1766 Ὀμοσόν
2455 1711 2548 1766 μοι
2597 1695 2682 1748 ὅτι
2722 1693 2900 1748 οὐδενὶ
2948 1693 3131 1762 λέγεις
3157 1692 3187 1746 ὅ
3224 1691 3406 1763 μέλλω
3437 1690 3627 1760 λέγειν
3667 1707 3780 1754 σοι,

2177 1787 2274 1839 καὶ
2302 1785 2485 1840 οὐκέτι
2517 1803 2599 1840 σοι
2641 1785 2887 1856 πολεμῶ.
2933 1785 3044 1840 Καὶ
3075 1783 3290 1856 ὤμοσεν
3327 1782 3475 1854 αὐτῷ
3503 1785 3533 1837 6
3561 1782 3781 1852 γέρων,

492 1849 883 1944 revelaturum,
930 1879 1078 1951 quod
1106 1881 1208 1934 tibi
1239 1849 1494 1936 dictarus
1538 1893 1682 1935 sum.
1721 1875 1940 1934 Iuravit
1987 1892 2074 1934 se-

2190 1879 2257 1932 5τι
2279 1878 2356 1949 μὰ
2379 1877 2472 1932 τὸν
2499 1849 2814 1934 ἐνοικοῦντα
2833 1879 2892 1931 ὲν
2915 1878 3029 1941 τοῖς
3052 1849 3319 1946 ὑψίστοις.
3339 1849 3616 1929 Ούκτεῐπιι»
3642 1849 3782 1935 τινὶ,

491 1987 620 2039 nex,
676 1987 777 2044 per
823 1987 950 2028 eum
995 1972 1092 2042 qui
1148 1971 1202 2026 in
1251 1971 1540 2028 altissimis
1571 1971 1820 2026 habitat:
1857 1969 2074 2026 Nemini

491 2079 726 2136 prorsus
751 2063 1020 2134 aperiam,
1050 2063 1253 2134 inquit,
1278 2061 1426 2133 quod
1452 2061 1588 2116 mihi
1619 2059 1849 2116 dixeris.
1877 2058 2073 2114 Statim

495 2155 710 2210 daemon
739 2173 753 2208 :
781 2152 860 2210 Ne
907 2153 1053 2208 ultra
1105 2153 1400 2224 imaginem
1436 2151 1583 2206 hanc
1618 2151 1851 2215 adores,
1883 2165 1982 2206 nec
2022 2159 2076 2206 te

491 2245 607 2316 jam
663 2247 718 2300 in
768 2253 1050 2316 posterum
1107 2243 1461 2314 impugnabo.
1512 2242 1700 2312 Imago
1748 2250 1929 2298 autem
1982 2240 2076 2296 illa

497 2337 742 2392 Dominae
772 2345 981 2392 nostra
1006 2342 1211 2392 sancta:
1244 2335 1430 2389 Maria:
1481 2333 1574 2389 Dei
1613 2331 1929 2398 Genitricls,
1965 2331 2074 2388 Do-

493 2431 705 2485 minum
735 2437 985 2483 nostrum
1017 2426 1201 2482 Jesum
1239 2425 1523 2481 Christum
1557 2425 1823 2496 gestantis
1848 2422 2076 2493 eﬂigiem

493 2520 790 2577 referebat.
845 2517 1100 2574 Inclusus
1165 2531 1334 2588 porro
1384 2515 1624 2570 daemoni
1685 2513 1865 2568 iniit:
1922 2511 2074 2578 Sine,

494 2613 787 2684 dispiciam
816 2611 948 2682 quid
979 2609 1126 2664 laeto
1153 2624 1293 2680 opus
1323 2607 1416 2664 sit.
1453 2607 1735 2664 Postridie
1777 2606 1946 2677 igitur
1981 2605 2079 2661 ab-

496 2706 678 2762 batem
715 2704 1069 2760 Theodorum
1097 2701 1382 2769 Eliotem,
1431 2701 1528 2772 qui
1573 2701 1628 2755 in
1675 2703 1829 2754 laura
1855 2699 2074 2755 Pharon

497 2809 632 2854 tunc
673 2797 940 2867 temporis
997 2795 1304 2860 habitabat,
1369 2793 1656 2849 accersit:
1691 2806 1932 2862 cumque
1986 2789 2078 2846 ille

497 2890 736 2956 adesset,
753 2889 802 2944 ei
834 2903 948 2943 rem
976 2901 1194 2942 omnem
1226 2885 1461 2956 aperuit.
1482 2885 1550 2938 At
1581 2885 1674 2940 ille
1697 2883 1815 2940 seni
1859 2882 2079 2938 incluso

498 2981 621 3034 ait:
655 2979 822 3034 Plane
868 2987 950 3040 tu,
983 2977 1148 3040 abba,
1179 2977 1410 3031 delusus
1460 2989 1542 3040 es,
1594 2974 1691 3044 qui
1744 2983 1798 3028 te
1841 2971 2077 3026 daemoni

497 3070 863 3126 obstrinxeris
889 3068 1225 3138 iuramento.
1261 3065 1417 3132 Quod
1446 3071 1628 3118 tamen
1654 3079 1768 3118 rem
1796 3063 2079 3134 aperueris

2176 1973 2315 2045 ὅπερ
2360 1973 2539 2042 λέγεις
2591 1991 2703 2044 μοι.
2756 1971 2894 2026 Τότε
2945 1970 3094 2040 λέγει
3142 1969 3290 2039 αὑτῷ
3323 1971 3353 2022 6
3401 1968 3643 2040 δαίμωνο
3675 1967 3778 2038 Μὴ

2178 2065 2564 2137 προσκυνήσῃς
2587 2063 2842 2136 ταύτῃτῇ
2869 2062 3058 2126 είκόνι,
3077 2061 3174 2115 καλ⁸
3189 2060 3374 2114 οὐκέτι
3401 2077 3480 2113 σοι
3508 2059 3781 2129 πολεμῶ.

2179 2150 2310 2226 Εἶχε
2336 2155 2394 2210 δὲ
2426 2156 2460 2224 ἡ
2491 2153 2660 2209 είκὼν
2691 2153 3000 2224 ὲκτύπωμα
3031 2152 3130 2224 τῆς
3154 2151 3458 2222 Δεσποίνης
3483 2149 3648 2220 ἡμῶν
3676 2149 3787 2220 τῆς

2175 2247 2344 2317 ἁγίας
2363 2245 2586 2316 Μαρίας
2611 2245 2713 2318 τῆς
2732 2245 3024 2311 Θεοτόκου,
3051 2243 3426 2316 βασταζούσης
3448 2244 3541 2298 τὸν
3565 2241 3788 2314 Κύριον

2179 2338 2336 2410 ἡμῶν
2378 2337 2588 2408 Ἰησοῦν
2619 2337 2880 2410 Χριστόν.
2925 2335 3089 2406 Λέγει
3131 2337 3160 2390 6
3197 2335 3513 2405 ἐγκλειστος
3543 2334 3625 2406 τῷ
3657 2335 3786 2390 δαί-

2182 2446 2337 2502 μονι·
2373 2431 2547 2499 Ἀφες
2572 2469 2588 2495 ,
2639 2428 2933 2498 σκέψομαι.
2966 2429 3045 2499 Τῇ
3077 2421 3170 2483 οὖν
3204 2425 3470 2498 ἐπαύριον
3513 2425 3676 2496 δηλοῖ
3702 2425 3787 2495 τῷ

2179 2521 2325 2592 ἁ66ᾷ
2350 2521 2614 2594 Θεοδώρῳ
2629 2521 2708 2592 τῷ
2728 2521 2987 2592 Λὶλιώτῃ,
3009 2519 3248 2575 οἰκοῦντι
3275 2520 3397 2573 τότε
3425 2519 3484 2571 ὲν
3507 2521 3571 2590 τῇ
3594 2517 3814 2598 Begu:
3843 2543 3848 2546 -
3871 2549 3873 2556 ι

2177 2611 2392 2684 Φαρὼν,
2425 2613 2521 2666 καὶ⁵
2543 2608 2698 2684 ἦλθε,
2731 2613 2829 2666 καὶ
2848 2612 3119 2683 διηγεῖται.
3150 2609 3314 2665 αὐτοῦ
3346 2610 3585 2664 ἅπαντα.
3635 2610 3699 2663 '0
3725 2611 3786 2664 δὲ

2179 2706 2357 2777 γέρων
2381 2704 2624 2775 λέγειτῷ
2640 2704 2938 2775 ὲγκλείστῳ
2960 2704 3128 2768 ὅντως
3176 2703 3344 2758 ἀ66ἄ’
3389 2702 3785 2774 Ἐνεπαίχοης,

2181 2797 2262 2850 ὅτι
2284 2797 2509 2867 ὤμοσας
2539 2795 2618 2867 τῷ
2653 2796 2904 2866 δαίμονιο
2938 2796 3081 2867 πλὴν
3118 2795 3302 2860 καλῶς
3335 2794 3602 2865 ἐποίησας
3636 2794 3788 2860 ἐξει-

2182 2889 2330 2943 πών*
2373 2891 2642 2960 συμφέρει
2672 2887 2730 2942 δέ
2764 2905 2868 2954 σοι,
2905 2888 2981 2960 μὴ
3014 2889 3176 2943 ἐᾶσαι
3221 2889 3301 2952 είς
3327 2887 3429 2959 τὴν
3457 2887 3616 2940 πόλιν
3641 2888 3786 2940 ταύ-

2180 2998 2282 3052 την
2311 2980 2518 3050 πόρνην
2547 2981 2626 3044 είς
2649 2979 2678 3034 ὃ
2709 2979 2784 3052 μὴ
2809 2980 3056 3054 είσὲρχῃ,
3084 2980 3118 3051 ἦ
3147 2981 3234 3034 ἵνα
3262 2964 3480 3052 ἀρνήσῃ
3515 2979 3577 3032 τὸ
3606 2997 3787 3048 προσ-

2183 3074 2366 3126 κυνεῖν
2389 3072 2467 3142 τῷ
2495 3071 2686 3143 Κυρίῳ
2713 3073 2809 3125 καὶ⁵
2835 3071 2956 3143 θεῷ
2980 3070 3143 3142 ἡμῶν
3190 3071 3368 3143 Ἰησοῦ
3389 3070 3608 3141 Χριστῷ
3637 3071 3786 3142 μετὰ

497 3159 659 3224 mihi,
705 3159 964 3213 consulto
991 3157 1175 3228 egisti.
1221 3154 1426 3210 Verum
1463 3155 1638 3211 satius
1673 3154 1816 3236 l'oret
1847 3155 1971 3224 tibi,
2034 3155 2080 3210 si

2190 3161 2286 3232 τῆς
2331 3161 2470 3225 ἰδίας
2515 3161 2683 3216 αὐτοῦ
2717 3161 2962 3233 Μητρός.
3020 3161 3288 3233 Στηρίξας
3334 3157 3430 3216 οὗν
3467 3161 3656 3223 αὑτὸν.
3687 3163 3786 3215 καὶ

497 3253 710 3308 nullum
743 3251 797 3305 in
843 3249 980 3305 urbe
1021 3248 1389 3320 prostibulum
1437 3248 1765 3314 omitteres,
1818 3248 1888 3302 ad
1937 3248 2086 3319 quod

497 3359 609 3399 non
635 3342 1019 3414 ingredereris,
1036 3357 1200 3412 quam
1225 3351 1282 3396 ut
1301 3340 1593 3395 Dominum
1617 3339 1787 3396 Deum
1808 3348 2084 3406 nostrum,

499 3441 844 3504 matremque
856 3432 977 3500 ejus
997 3431 1163 3503 329
1177 3431 1532 3486 adoraturum
1551 3438 1604 3485 te
1616 3445 1800 3502 neges.
1821 3428 1919 3485 His
1934 3430 2086 3485 illum

501 3524 866 3596 pluribusque
911 3523 1036 3577 aliis
1068 3523 1424 3579 sermonibus
1463 3521 1827 3586 confirmans,
1856 3521 1924 3576 ad
1957 3537 2089 3592 pro-

501 3617 622 3687 pria
663 3615 847 3670 rediit.
880 3615 1020 3669 Tum
1063 3614 1280 3670 daemon
1326 3629 1524 3669 rursus
1554 3613 1772 3668 incluso
1801 3628 1924 3669 sese
1955 3629 2083 3670 con-

500 3707 850 3778 Spiciendum
893 3706 1138 3776 praebet:
1171 3704 1383 3776 Ecquid
1414 3713 1522 3774 est,
1570 3704 1772 3775 inquit,
1804 3705 2083 3762 scelestis-

500 3801 640 3856 sime
667 3816 832 3854 senex
859 3799 883 3852 ’ἰ
910 3797 1101 3854 Nonne
1133 3798 1334 3868 jurasti
1366 3797 1502 3852 mihi
1541 3808 1592 3852 te
1616 3797 1670 3852 id
1703 3797 2078 3853 revelaturum

2187 3251 2578 3324 ὲνδυναμώσας
2625 3250 2834 3305 πλείοσι
2874 3251 3082 3320 λόγοις,
3120 3251 3366 3322 ἀπῆλθεν
3404 3255 3484 3317 εις
3526 3252 3616 3306 τὸν
3648 3253 3784 3307 [διον

2188 3341 2356 3397 αὑτοῦ
2378 3343 2564 3397 τόπον.
2595 3343 2848 3397 Φαίνεται
2877 3340 2972 3398 οὖν
2994 3343 3158 3398 πάλιν
3177 3346 3205 3398 6
3227 3344 3438 3414 δαίμων
3460 3345 3538 3416 τῷ
3567 3345 3785 3412 ἐγκλείο

2189 3451 2321 3506 amp,
2355 3433 2449 3488 καὶ
2471 3433 2620 3504 λέγει
2645 3434 2814 3506 αὐτῷ’
2841 3434 2908 3488 Τί
2941 3434 3042 3502 ἔνι,
3072 3435 3385 3507 κακόγηρε;
3429 3436 3529 3489 οὐκ
3554 3434 3784 3506 ὥμοσάς

2191 3544 2308 3598 μοι,
2365 3527 2450 3581 ὃτι
2497 3526 2672 3581 οὐδενὶ
2709 3527 2927 3597 λέγεις;
2961 3529 3055 3581 καὶ
3102 3527 3221 3590 πῶς
3251 3527 3431 3581 πάντα
3462 3527 3679 3591 ὲξεῖπες
3707 3526 3782 3599 τῷ

2188 3618 2396 3673 ἐλθόντι
2431 3625 2568 3692 πρὸς
2601 3619 2690 3672 σὲ.
2741 3619 2903 3687 Λέγω
2931 3637 3037 3683 σοι,
3089 3619 3390 3691 κακόγηρε,
3416 3619 3491 3683 ὡς
3521 3619 3783 3690 ἐπίορκος

2190 3707 2334 3780 ἔχεις
2366 3709 2624 3780 κριθῆναι
2650 3711 2708 3763 ὲν
2741 3713 2808 3782 τῇ
2838 3711 3026 3783 ἡμέρᾳ
3048 3711 3150 3780 τῆς
3183 3711 3439 3781 κρίσεως.
3475 3711 3782 3782 Ἀπεκρὲθη

2190 3799 2340 3870 αὐτῷ
2360 3801 2389 3853 6
2415 3799 2730 3868 ἔγκλειστος
2749 3844 2763 3868 ,
2801 3802 2976 3872 λέγων
2998 3819 3012 3832 ·
3057 3803 3126 3855 Ὅ
3152 3819 3204 3855 τι
3248 3803 3348 3873 μὲν
3386 3801 3594 3873 ὤμοσα,
3627 3801 3785 3873 ὡμο-

505 3891 744 3946 nemini?
777 3891 888 3944 Cur
913 3906 1043 3962 ergo
1075 3891 1259 3944 omnia
1289 3889 1527 3944 narrasti
1557 3887 1636 3942 illi
1679 3889 1774 3959 qui
1810 3889 1876 3944 ad
1911 3899 1965 3944 te
1992 3905 2081 3946 ve-

2193 3909 2291 3946 σαο
2325 3893 2420 3946 καὶ
2446 3894 2474 3947 ὃ
2499 3911 2552 3948 τι
2581 3894 2928 3966 ἐπιώρκησα,
2975 3893 3094 3950 οἶδα
3113 3913 3128 3926 ο
3165 3895 3260 3949 σοῦ
3287 3895 3347 3950 δὲ
3379 3897 3477 3949 οὐκ
3501 3894 3715 3950 ἀκούω.
3760 3915 3780 3949 ι

503 3980 766 4036 nitHam
803 3982 922 4048 tibi,
959 3982 1195 4052 pessime
1221 3980 1506 4048 monache,
1534 3979 1800 4035 denuntio
1846 3981 2069 4050 quidem
2110 3991 2162 4040 te
2199 3983 2279 4038 uti
2334 3985 2620 4056 periurum
2669 3986 2725 4040 in
2787 3987 2877 4042 die
2907 3985 3103 4055 judicii
3178 3985 3498 4040 damnatum
3575 3986 3671 4042 iri.
3718 3987 3787 4047 At

503 4073 802 4129 inclusus:
844 4072 949 4139 Me,
1005 4072 1204 4144 inquit,
1251 4071 1470 4141 jurasse
1531 4069 1738 4139 lateor,
1794 4077 1849 4126 et
1889 4081 2083 4126 contra
2121 4088 2287 4144 quam
2327 4075 2512 4146 juravi
2575 4077 2778 4133 fecisse
2824 4092 2935 4132 non
2985 4077 3177 4148 ignoro
3211 4077 3350 4132 :tibi
3412 4086 3591 4133 tamen
3673 4096 3784 4138 non

505 4171 908 4226 auscultavcro.
951 4189 970 4221 ι

577 4267 874 4322 Comment.
914 4263 1054 4320 l-linc
1111 4263 1278 4319 vides
1324 4261 1552 4333 imagini
1595 4261 1900 4316 exhibitam
1949 4261 2081 4318 ado-

2261 4265 2540 4333 Σχόλιον.
2575 4262 2760 4334 Ὁρᾷς,
2787 4263 2870 4316 ὅτι
2903 4260 3001 4332 τὴν
3023 4261 3122 4332 τῆς
3151 4260 3361 4326 εἰκόνος
3386 4261 3782 4334 προσκύνησιν,

505 4359 800 4423 rationem,
827 4355 896 4411 ad
929 4356 984 4410 id
1022 4355 1185 4424 cujus
1225 4362 1311 4409 est
1354 4355 1557 4423 imago,
1595 4351 1810 4416 referri,
1840 4361 1895 4407 et
1923 4353 2081 4423 quale

2191 4355 2285 4428 τοῦ
2329 4353 2738 4424 εἰκονιζομένου
2790 4349 2909 4434 εἶπε
2938 4371 2952 4419 ;
2982 4355 3076 4406 καὶ
3105 4351 3272 4405 πόσον
3303 4353 3470 4407 κακὸν
3497 4353 3560 4404 τὺ
3603 4355 3782 4426 ταύτῃ

505 4457 885 4520 quantumque
927 4448 998 4502 sit
1027 4447 1230 4500 malum
1263 4445 1330 4499 ab
1358 4444 1507 4498 illius
1537 4441 1857 4498 adoratione
1901 4458 2088 4498 cessa—

506 4556 586 4597 re.
614 4539 810 4595 Cernis
833 4554 938 4608 qua
973 4537 1188 4592 ratione
1215 4552 1280 4592 eo
1312 4537 1495 4607 potius
1519 4550 1683 4605 quam
1709 4534 1956 4592 libidinis
1983 4535 2092 4592 cri-

507 4632 655 4686 mine
684 4630 1014 4685 obstrictum
1047 4627 1322 4682 hominem
1356 4627 1612 4683 voluerit.

577 4723 716 4775 Cum
749 4721 938 4792 itaque
980 4719 1137 4774 multi
1167 4719 1403 4775 antehac
1427 4718 1765 4787 sacerdotes,
1813 4732 2089 4791 regesque

581 4902 626 4934 ¹⁸
658 4899 780 4956 νίιι.
812 4909 920 4956 act.
961 4865 1127 4956 ietl5
1159 4898 1409 4970 septima:
1463 4901 1680 4972 synodi.

2199 4447 2276 4519 μὴ
2303 4447 2636 4518 προσκυνεῖν
2663 4463 2678 4512 ;
2708 4447 2802 4499 καὶ
2827 4444 2945 4510 πῶς
2974 4445 3106 4498 αὐτὸ
3133 4443 3234 4513 τῆς
3270 4443 3524 4515 πορνείας
3557 4447 3784 4516 προετί-

2201 4557 2376 4612 μησεν
2399 4543 2427 4593 ὀ
2453 4539 2698 4610 δαίμων;

2269 4717 2489 4774 Πολλῶν
2517 4717 2697 4773 τοίνυν
2729 4715 2996 4772 ἀνέκαθεν
3044 4714 3237 4790 ἱερέων
3284 4733 3344 4772 τε
3393 4715 3487 4770 καὶ
3511 4715 3779 4786 βασιλέων

2024 5067 2256 5125 NOTAE.

586 5155 706 5231 (μ)Δ
743 5155 846 5231 Ἐκ
898 5157 1000 5213 τοῦ
1032 5161 1478 5231 Astutus-aptat).
1512 5159 1739 5216 Pratum
1807 5159 2092 5231 spirituale

521 5227 738 5302 scripsit
761 5227 1002 5302 Joannes
1030 5227 1318 5302 Moschus,
1353 5230 1598 5301 illudque
1628 5227 1965 5302 nuncupavit
1988 5231 2094 5302 $0-

515 5296 752 5372 phromo
784 5296 1056 5372 Sophislae
1079 5296 1356 5372 discipulo
1383 5296 1522 5372 suo;
1549 5296 1944 5372 itinerumque,
1983 5296 2095 5372 imo

515 5376 571 5421 ct
602 5369 786 5443 operis
818 5370 988 5443 socio,
1020 5369 1112 5437 qui
1146 5369 1387 5443 posthac
1409 5369 1924 5443 Hierosolymorum
1949 5370 2095 5443 anti-

514 5436 786 5493 stes'l‘uit.
825 5437 938 5494 Nec
965 5436 1085 5496 eam
1129 5436 1306 5496 solum
1339 5441 1410 5496 ob
1435 5436 1683 5497 causam'
1709 5457 1740 5496 a
1777 5442 1963 5497 multis
1993 5439 2094 5496 So-

514 5507 753 5582 phronio
784 5510 886 5579 ipsi
919 5512 1246 5566 attributum
1276 5521 1394 5579 est;
1432 5512 1524 5582 sed
1567 5513 1811 5582 insuper,
1839 5511 1969 5582 quia
1993 5509 2096 5566 So-

558 5578 787 5635 hronius
809 5578 956 5653 ’_hoc_
985 5578 1460 5653 opusqpubliﬁcum
1497 5581 1646 5648 fecit,
1686 5578 1746 5637 ut
1771 5583 1826 5653 in
1858 5578 2090 5653 prologo

566 5661 706 5727 ξιξερο
735 5649 1453 5727 qui-totioperi'prieiixits
1490 5663 1594 5717 est,
1627 5649 1991 5727 signiﬁcatur.
2029 5649 2092 5705 In

512 5714 993 5798 editiong'dloysii
1020 5714 1371 5798 llippo'mani,
1402 5714 1645 5798 Joannes
1667 5714 1875 5798 dicitur
1896 5737 2088 5798 cogno-

511 5792 680 5840 mento
704 5789 969 5848 Epirum:
988 5807 1008 5857 ,-
1029 5789 1242 5845 insulse
1260 5807 1511 5864 prorsus,
1549 5793 1794 5866 illudque
1826 5789 2086 5851 mendum

539 5645 555 5662 ν

2191 5163 2392 5232 corrigi
2451 5162 2615 5220 debet
2673 5179 2741 5218 ex
2795 5163 2956 5219 titulo
2993 5178 3154 5234 quem
3202 5162 3378 5219 edidit
3426 5161 3779 5227 Cotellerins,

2193 5243 2231 5289 t.
2263 5234 2306 5288 ll
2332 5235 2578 5289 Monum.
2629 5233 2836 5289 Eccles.
2864 5233 3037 5290 Graec.
3069 5251 3126 5290 ι).
3155 5233 3251 5289 διι
3286 5250 3300 5286 :
3353 5233 3462 5286 Τοῦ
3504 5235 3779 5290 μακαρίου

2216 5274 2231 5289 ο
2263 5249 2302 5288 ΙΙ
2332 5249 2381 5288 Μ
2397 5251 2578 5289 onum.
2629 5249 2836 5289 b06168.
2864 5249 3037 5289 braec.
3069 5251 3126 5289 D.
3155 5249 3251 5289 οι]
3286 5250 3300 5286 Ξ
3354 5249 3462 5286 ’1⁷ου
3504 5249 3779 5289 μακαριου

2204 5250 2231 5289 L.
2263 5250 2302 5288 ιι
2332 5250 2381 5288 ,ιι
2397 5251 2578 5289 onum.
2629 5250 2836 5289 naues.
2864 5250 3037 5290 braec.
3069 5251 3126 5303 p.
3155 5250 3251 5289 an
3286 5250 3300 5286 :
3354 5250 3386 5286 '1
3400 5251 3462 5286 ou
3504 5250 3778 5303 μακαριου

2204 5303 2910 5376 ἸωάννουῗτοῦίΕὐκρατᾶ
2958 5305 3176 5376 βίδλοςί,
3216 5306 3259 5376 νὴ
3315 5304 3778 5376 ἐπιγεγραμμένη

2189 5373 2435 5445 Λειμὼν,
2464 5375 2553 5427 διὰ
2585 5375 2648 5428 τὸ
2679 5372 2968 5444 πολυανθῆ
2993 5372 3400 5445 βίων-διήγησρ
3425 5372 3530 5441 τῆς
3548 5374 3780 5445 ούρανο-

2192 5441 2364 5528 πόρου
2395 5445 2643 5528 ροᾷρνιᾶς
2664 5445 2862 5528 ,ιρέρειν
2882 5461 2896 5474 °
2920 5441 3078 5528 Beati
3102 5441 3329 5528 {cannis
3351 5441 3775 5528 Quamquam,

2189 5513 2282 5583 qui
2318 5513 2624 5587 inscribitur
2652 5513 2900 5587 Pratum,
2923 5515 3064 5587 quod
3090 5515 3343 5587 tigridum
3377 5513 3513 5587 [erat
3550 5517 3779 5587 aiter-unt

2197 5582 2562 5638 narrationem
2609 5585 2833 5640 calcatis
2875 5582 3059 5640 rami.
3090 5582 3195 5640 Ἐκ
3254 5582 3384 5639 hac
3421 5582 3779 5652 inscriptione

2197 5653 2386 5710 Graeca
2415 5654 2667 5710 Latinam
2699 5656 2782 5709 sic
2813 5656 3095 5711 emendari
3121 5654 3326 5711 debere
3345 5668 3546 5708 censeo
3571 5651 3781 5709 {Ioan-

2199 5725 2280 5782 πίε
2313 5734 2654 5798 cognomento
2683 5723 2952 5792 Eucrata',
2983 5736 3081 5781 aut
3121 5725 3316 5782 saltem
3357 5723 3600 5779 Encrati.
