3904 6358
176 460 308 528 1281

1265 458 1362 520 DE
1397 454 1856 519 IMAGINIBUS
1885 454 2168 516 ORATIO
2202 451 2250 513 Ι.

3279 454 3419 522 1289.

101 621 116 656 θ
169 571 513 641 Χριστιανοϊς
549 539 964 640 δεδωρημένων,
1009 566 1175 638 σοφίᾳ
1202 583 1263 619 τε
1311 568 1404 620 καὶ
1435 565 1732 636 θεοσεϐείᾳ,

1855 561 2043 617 'ncrint
2071 579 2099 617 a
2136 562 2246 618 Deo
2285 561 2616 617 Christianis
2658 562 2934 628 concessi,
2967 565 3058 633 qui
3115 566 3418 636 sapientne,
3469 584 3475 589 ·

58 4996 118 5036 ’θ

165 664 256 720 καὶ
283 664 426 734 λόγῳ
453 663 551 716 καὶ
581 660 682 730 βίῳ
713 657 1130 730 διαπρεψάντων
1153 699 1168 724 ,
1207 658 1298 710 καὶ
1328 658 1561 711 συνόδων
1586 657 1739 708 πλεί-

166 772 306 810 στων
325 752 704 824 γεγενημένων
723 749 896 818 ἁγίων
921 749 1016 802 καὶ
1044 748 1418 800 θεοπνεύστων
1457 746 1738 816 Πατέρων,

163 847 216 900 τί
250 846 439 918 μηδεὶς
466 842 640 897 ταῦτα
693 841 829 912 δρᾷν
871 840 1266 910 ἑπεχείρησεν;
1317 839 1417 892 οῦκ
1441 837 1743 908 ἀνεξόμεθα

163 938 289 993 νέαν
329 937 510 990 πίστιν
535 931 904 989 διδάσκεσθαι.
941 950 960 984 ι
1005 931 1101 984 Ἐκ
1145 930 1256 1000 γὰρ
1297 929 1436 982 Σιὼν
1464 926 1744 994 ἐξελεύσε-

159 1045 252 1084 ται
281 1028 311 1080 6
346 1028 521 1096 νόμος,
565 1042 584 1075 ι
616 1019 973 1092 προφητικῶς
998 1018 1104 1089 ἔφη
1130 1017 1193 1072 τὸ
1227 1017 1452 1088 Πνεῦμα
1475 1015 1537 1068 τὸ
1565 1014 1742 1082 ἅγιον,

165 1137 186 1172 ι
210 1117 482 1184 καὶλόγος
508 1114 715 1185 Κυρίου
740 1109 802 1177 ἐξ
831 1111 1210 1182 Ἰερουσαλήμ.
1245 1129 1264 1162 ι
1302 1109 1416 1162 Ούκ
1442 1107 1745 1178 ἀνεξόμεθα

162 1210 354 1264 ἄλλοτε
378 1207 514 1262 ἄλλα
537 1205 779 1275 φρονεῖν,
809 1202 905 1256 καὶ⁵
925 1203 1139 1268 καιροῖς
1168 1199 1620 1270 μεταϐάλλεσθαι,
1650 1197 1746 1251 καὶ

159 1303 261 1372 τὴν
293 1299 476 1352 πίστιν
505 1297 616 1358 τοῖς
647 1292 846 1358 ἔξωθεν
894 1292 1110 1360 γέλωτα
1153 1291 1249 1344 καὶ
1291 1290 1544 1358 παίγνιον
1593 1288 1744 1358 γίνε-

161 1392 310 1444 σθαι.
350 1389 466 1442 Ούκ
505 1384 810 1455 ἀνεξόμεθα
863 1381 1129 1454 βασιλικῷ
1179 1381 1517 1434 ὑποκύπτειν
1557 1379 1746 1433 θεσπί-

161 1501 334 1555 σματι
360 1481 458 1552 τὴν
485 1482 551 1534 ἐκ
602 1478 862 1548 Πατέρων
892 1474 1222 1544 πειρωμένῳ
1256 1471 1584 1544 ἀνατρέπειν
1619 1487 1744 1522 συν-

158 1577 375 1645 ήθειαν.
395 1573 469 1626 Οὐ
501 1571 612 1641 γὰρ
640 1567 878 1622 εὐσεϐῶν
910 1566 1170 1637 βασιλέων
1194 1564 1520 1635 ἀνατρέπειν
1547 1561 1745 1631 ἐκκλη-

158 1665 479 1726 σιαστικοὺς
532 1659 791 1730 θεσμούς.
829 1655 1200 1736 (ξύ---πματρικᾲ
1242 1654 1447 1716 ταῦτα·
1477 1652 1748 1726 λῃστρικὰ

156 1759 271 1827 γὰρ
301 1755 369 1808 τὰ
392 1755 483 1825 βίᾳ
505 1753 601 1807 καὶ
629 1751 690 1806 ού
720 1750 902 1804 πειθοῖ
933 1749 1234 1819 γινόμεναο
1264 1747 1358 1800 καὶ
1391 1746 1602 1816 μάρτυς
1633 1746 1668 1815 ἡ
1689 1745 1747 1796 ὲν

1841 655 2152 724 religionis,
2189 653 2479 716 doctrinae,
2512 654 2831 708 sanctitatis
2875 654 3033 709 laude
3067 656 3419 724 claruerunt;

1842 746 2002 816 plura
2023 747 2152 800 item
2184 743 2419 800 concilia
2444 757 2472 796 a
2491 746 2699 801 sanctis
2722 745 3018 816 divinoque
3046 745 3256 818 Spiritu
3281 748 3426 802 aﬂln-

1845 837 1915 892 tis
1945 836 2208 892 Patribus
2234 837 2511 891 celebrata
2551 837 2684 903 sint,
2719 837 2986 908 quidnam
3013 853 3199 893 causa:
3229 846 3336 904 est,
3365 849 3427 892 ut

1845 943 2039 982 eorum
2089 942 2250 982 nemo
2307 927 2415 982 tale
2454 927 2586 998 quid
2628 944 2792 1000 agere
2840 943 3011 984 ausus
3062 929 3172 983 sit?
3217 927 3424 983 Novam

1845 1019 2032 1074 doceri
2064 1017 2226 1072 ﬁdem
2260 1020 2576 1089 neutiquam
2611 1021 2907 1088 patiemur.
2949 1035 2970 1070 ι
3005 1017 3082 1072 Ex
3117 1018 3248 1073 Sion
3281 1019 3427 1073 enim

1849 1108 2022 1164 exibit
2054 1107 2162 1170 lex,
2210 1116 2264 1162 et
2297 1108 2523 1163 verbum
2569 1110 2781 1164 Domini
2818 1109 2888 1165 de
2929 1107 3238 1164 Jerusalem
3295 1110 3362 1173 ",
3405 1129 3424 1160 ι

1847 1197 2310 1268 quemadmodum
2359 1215 2455 1268 per
2510 1200 2833 1270 prophetam
2894 1201 2971 1256 ait
3025 1199 3264 1271 Spiritus
3296 1215 3427 1255 san-

1847 1299 1992 1346 ctus.
2013 1288 2128 1344 Non
2146 1290 2554 1344 committemus
2578 1299 2636 1345 ut
2661 1291 2810 1346 aliud
2831 1291 2970 1347 alias
2993 1291 3302 1356 sentiendo,
3327 1306 3428 1362 pro

1849 1391 2159 1452 temporum
2193 1383 2409 1436 ratione
2440 1392 2737 1448 mutemur,
2775 1397 2954 1454 neque
2979 1393 3036 1438 ut
3079 1383 3214 1439 ﬁdes
3239 1391 3429 1437 nostra

1848 1475 1992 1546 apud
2023 1475 2147 1530 illos
2175 1474 2269 1544 qui
2307 1476 2376 1528 ab
2410 1489 2475 1528 ea
2524 1473 2688 1539 alieni
2736 1484 2903 1538 sunt,
2941 1475 3184 1530 ludibrio
3233 1475 3328 1530 ﬁat
3366 1489 3432 1529 ac

1850 1566 2136 1621 derisioni.
2175 1566 2532 1636 Imperatoris
2561 1564 2744 1620 edicto
2772 1566 3144 1636 obtemperari
3175 1582 3285 1622 non
3311 1583 3434 1636 per-

1853 1657 2165 1722 mittemus,
2193 1656 2419 1711 Patrum
2452 1654 2911 1711 consuetudinem
2946 1665 3193 1712 evertere
3227 1671 3436 1711 conan-

1852 1749 1941 1803 tis.
1975 1746 2162 1818 Neque
2193 1748 2340 1802 enim
2372 1747 2760 1817 religiosorum
2803 1745 2971 1802 fuerit
3000 1747 3426 1817 imperatorum,

169 1848 386 1918 Ἐφέσῳ
407 1848 464 1899 τὸ
481 1844 736 1916 δεύτερον
765 1841 1112 1912 γεγενημένη
1137 1838 1375 1901 σύνοδος,
1403 1839 1564 1906 μέχρι
1587 1833 1747 1906 δεῦρο

1855 1840 2260 1896 ecclesiasticas
2284 1839 2598 1894 convellere
2624 1838 2964 1894 sanctiones.
2991 1837 3435 1910 ll_aeg_pa,tern.a_r_u

153 1911 514 2020 A1739:ij
570 1911 873 2006 δεδεγμένη
927 1911 1029 2004 τὴν
1083 1929 1438 2002 ἐπωνυμίαν,
1489 1927 1749 2020 βασιλικῇ

1855 1934 2114 2013 pietatem
2169 1947 2284 1987 non
2338 1932 2580 2007 sapiunt.
2635 1931 2772 1986 Nam
2805 1947 2930 2002 qua:
2973 1946 3072 2001 per
3101 1934 3212 1985 vim
3239 1943 3294 1986 et
3325 1946 3438 1986 non

153 2017 308 2103 ἱεῖρὶ
331 2027 806 2091 ὲκδιασθεῖσα,δτε
829 2024 1126 2088 Φλαὸιανδς
1143 2025 1171 2077 6
1191 2022 1460 2094 μακάριος
1483 2019 1752 2074 ἁπεκτένι-

153 2139 304 2177 νυτο.
343 2119 587 2173 Συνόδων
614 2117 813 2182 ταῦτα,
832 2117 894 2170 οὐ
917 2115 1206 2186 βασιλέων,
1229 2113 1304 2178 ὡς
1329 2113 1357 2165 6
1386 2111 1592 2182 Κύριος
1613 2109 1751 2180 ἐφη-

155 2228 288 2266 σενο
337 2229 358 2262 ι
395 2212 572 2264 Ὅπου
605 2207 916 2278 συναχθῶσι
950 2205 1045 2260 δύο
1065 2206 1099 2276 ἢ
1132 2206 1283 2277 τρεῖς
1305 2203 1400 2256 ἐπὶ
1424 2201 1504 2273 τῷ
1525 2200 1754 2272 ὀνόματί

152 2321 292 2377 μου,
331 2305 451 2356 ἐκεῖ
483 2302 608 2372 εἰμι
655 2301 714 2354 ἐν
745 2297 1126 2382 μέσῳὶαύτῶν.
1162 2315 1181 2348 ι
1230 2297 1305 2349 Οὐ
1338 2294 1618 2366 βασιλεῦσι
1655 2289 1754 2345 τοῦ

149 2394 449 2466 δεσμεύειν
474 2395 570 2448 καὶ
589 2391 740 2445 λύειν
769 2391 870 2462 τὴν
907 2389 1160 2455 ἐξουσίαν
1186 2387 1418 2441 δέδωκεν
1440 2388 1468 2440 ό
1489 2383 1749 2456 Χριστὸς,

149 2487 272 2543 ἀλλ’
296 2485 643 2549 ἀποστόλοις,
685 2483 780 2536 καὶ
812 2483 928 2544 τοῖς
951 2479 1158 2534 τούτων
1179 2477 1466 2548 διαδόχοις,
1501 2477 1597 2530 καὶ
1625 2493 1750 2529 ποι-

154 2579 313 2651 μέσι,
355 2577 451 2630 καὶ
487 2573 850 2636 διδασκάλοις.
901 2589 921 2622 t
952 2570 1072 2625 Κᾶν
1100 2569 1352 2638 ἄγγελος,
1379 2568 1517 2640 φησὶ
1539 2567 1752 2630 Παῦλος

149 2673 180 2724 6
204 2669 546 2733 ἀπόστολος,
572 2666 996 2736 εὐαγγελίσηται
1025 2663 1173 2732 ὑμᾶς
1207 2660 1339 2733 παρ’
1387 2660 1416 2714 6
1443 2659 1751 2732 παρελάϐε-

149 2779 213 2817 τε
239 2779 256 2792 ⁸
295 2781 318 2816 ι
349 2761 447 2816 καὶ
471 2761 532 2814 τὸ
555 2759 681 2831 ἑξῆς
719 2754 1133 2827 σιωπησόμεθα,
1156 2753 1349 2823 φειδοῖ,
1374 2753 1474 2824 τὴν
1499 2753 1754 2823 ἐπιστρο-

150 2853 266 2926 φὴν
306 2851 683 2923 ἐκδεχόμενοι.
746 2852 847 2903 Ἂν
886 2847 946 2902 δὲ
1005 2846 1206 2914 ἴδωμεν
1265 2843 1364 2914 τὴν
1415 2844 1753 2916 διαστροφὴν

150 2945 586 3017 ἁνεπίστροφον,
628 2944 766 3014 ὅπερ
797 2940 872 3012 μὴ
903 2939 978 3011 δῷ
1004 2941 1032 2993 6
1066 2938 1292 3009 Κύριος,
1328 2938 1450 2992 τότε
1481 2938 1754 3010 ἐπάξομεν

152 3039 253 3092 καὶ
281 3037 348 3090 τὸ
374 3036 702 3108 λειπόμενον
725 3052 739 3066 ·
772 3033 910 3087 ἀλλά
931 3030 1202 3102 ἁπηύχθω
1231 3029 1410 3084 τοῦτο.

1855 2009 2346 2082 ἱὶὺει-αῂειιεείοιιε
2392 2031 2707 2096 patrantur,
2756 2023 3091 2094 praedatoria
3141 2035 3290 2079 sunt.
3321 2021 3440 2077 Hoc

1856 2125 2094 2174 testatur
2136 2116 2419 2172 celebrata
2469 2115 2722 2172 secundo
2762 2116 2960 2186 Ephesi
3001 2114 3269 2187 synodus,
3317 2131 3441 2186 quae

1857 2209 1926 2265 ad
1981 2209 2125 2264 hanc
2161 2224 2339 2279 usque
2386 2207 2529 2263 diem
2580 2206 2879 2262 Latrocinii
2933 2223 3133 2264 nomen
3191 2209 3436 2274 obtinet;

1857 2301 2063 2372 quippe
2109 2301 2201 2355 cui
2242 2299 2602 2370 imperatoris
2649 2315 2848 2355 manus
2895 2300 3006 2354 vim
3053 2300 3264 2365 intulit,
3313 2316 3438 2357 cum

1855 2394 2054 2450 beatus
2102 2399 2311 2462 martyr
2361 2389 2658 2444 Flavianus
2710 2390 3045 2446 interfectus
3081 2391 3202 2446 fuit.
3235 2390 3335 2446 His
3369 2391 3441 2447 de

1853 2487 2022 2542 rebus
2054 2484 2262 2556 aliquid
2314 2491 2581 2552 statuere,
2617 2497 2730 2538 non
2779 2483 2848 2538 ad
2897 2483 3268 2554 imperatores
3315 2499 3442 2552 spe-

1855 2586 1990 2638 ctat.
2026 2579 2122 2634 sed
2179 2577 2247 2632 ad
2305 2577 2544 2632 concilia
2589 2593 2606 2632 :
2655 2576 3126 2648 quemadmodum
3175 2577 3442 2634 Dominus

1856 2669 1933 2723 ait
1965 2685 1979 2722 :
2023 2687 2043 2722 t
2079 2666 2184 2723 Ubi
2216 2668 2326 2723 duo
2359 2667 2447 2722 vel
2494 2674 2608 2722 tres
2654 2667 2977 2738 congregati
3011 2666 3217 2723 fuerint
3247 2668 3304 2722 in
3335 2684 3442 2724 no-

1855 2761 2004 2816 mine
2045 2775 2190 2827 meo,
2230 2759 2305 2815 ibi
2337 2775 2459 2814 sum
2489 2759 2545 2813 in
2581 2758 2764 2814 medio
2791 2759 3014 2814 illorum
3047 2760 3114 2814 '°.
3153 2779 3172 2812 ι
3210 2759 3439 2828 Ligandi

1859 2864 2020 2925 atque
2072 2853 2318 2909 solvendi
2377 2859 2705 2924 potestatem
2769 2867 2879 2909 non
2935 2853 3164 2923 regibus
3214 2852 3443 2908 tradidit

1859 2943 2133 3006 Christus,
2177 2943 2274 2998 sed
2306 2943 2602 3013 apostolis,
2634 2957 2945 3012 eorumque
2991 2943 3438 3012 successoribus,

1861 3042 1914 3090 et
1952 3035 2271 3106 pastoribus
2295 3075 2310 3100 ,
2353 3041 2524 3104 atque
2579 3033 2907 3089 doctoribus
2959 3034 3028 3088 ἰ.
3066 3052 3085 3086 t
3128 3035 3287 3090 Licet
3317 3051 3442 3104 vos,

152 3132 347 3202 inquit
379 3129 586 3186 Paulus
632 3126 946 3199 apostolus,
981 3131 1080 3179 aut
1117 3122 1348 3191 angelus
1393 3122 1738 3194 evangelizet
1776 3137 1975 3197 praeter
2020 3127 2072 3182 id
2111 3127 2260 3198 qttod
2292 3127 2592 3197 accepistis
2614 3127 2700 3181 ":
2740 3144 2761 3178 ι
2799 3126 2946 3197 quod
2986 3127 3242 3198 sequitur
3279 3131 3444 3185 modo

151 3225 478 3280 tacebimus
517 3223 584 3285 ’³,
615 3227 906 3293 parcentes
958 3217 1106 3282 illis,
1142 3230 1378 3287 quorum
1430 3219 1852 3276 conversionem
1883 3237 2192 3291 speramus.
2231 3221 2330 3277 Sin
2398 3230 2607 3289 autem,
2677 3222 2824 3292 quod
2893 3231 3107 3279 avertat
3155 3227 3318 3291 Deus,
3384 3228 3444 3283 in

149 3315 434 3386 Opinione
479 3327 744 3384 perversa
795 3310 1110 3366 obstinatos
1183 3307 1514 3374 viderimus,
1592 3321 1709 3366 tum
1776 3312 1994 3384 reliqua
2053 3313 2562 3386 pronuntiabimus.
2634 3312 2853 3371 Verum.
2889 3316 2994 3372 hoc
3043 3332 3112 3374 ne
3157 3317 3444 3390 contingat

147 3422 449 3488 Optamus.

221 3553 299 3610 Et
334 3568 428 3614 τις
455 3545 690 3602 εἰσέλθοι
723 3545 804 3608 εἰς
839 3539 1009 3606 οἷκον,
1040 3540 1100 3593 ὲν
1129 3533 1174 3608 ᾧ
1221 3538 1513 3611 ζωγράφος
1549 3540 1607 3594 ἐν
1650 3539 1750 3594 τοι.

1939 3537 2097 3605 Quod
2137 3537 2185 3594 si
2216 3537 2344 3608 quis
2375 3536 2602 3592 domum
2643 3537 2951 3610 ingressus,
2983 3539 3144 3610 cujus
3173 3541 3228 3597 in
3255 3542 3444 3612 parie-

146 3664 274 3721 χοις
305 3639 562 3711 ἱστορίαν
578 3633 859 3696 Μωῦσέως
876 3632 972 3686 καὶ
990 3629 1193 3721 Φαραὼ
1212 3629 1422 3700 ἔγραψε
1447 3629 1756 3701 χρώμασιν,

149 3720 277 3792 εἶτα
312 3730 596 3805 ἐρωτήσει
622 3725 787 3796 τυχὸν
803 3722 935 3794 περὶ
956 3722 1089 3783 τῶν,
1114 3720 1190 3805 ὼς
1211 3721 1306 3774 ἐπὶ
1329 3721 1524 3791 ξηρὰν,
1553 3721 1758 3774 διοδευ-

149 3804 383 3884 σάντων
436 3821 540 3890 τὴν
585 3817 884 3878 θάλασσαν,
918 3811 1076 3875 Τίνες
1116 3804 1262 3864 οὗτοί
1307 3812 1479 3877 είσιν;
1512 3811 1578 3865 Τί
1616 3815 1760 3884 ὲρεῖς

147 3913 568 3989 ὲριιηώμενοςς
603 3906 724 3978 ούχ,
751 3904 873 3958 Υἱοὶ
897 3902 1150 3975 ἰσραήλ;
1181 3902 1279 3964 Τίς
1309 3903 1339 3955 ὁ
1371 3902 1552 3974 ράσδῳ
1583 3903 1760 3957 παίων

144 4009 254 4082 τῆν
283 4005 613 4066 θάλασσαν;
643 3997 780 4069 Οὐχὶ
808 3995 1050 4064 Μωῦσῆς
1073 4009 1090 4059 ;
1111 3991 1299 4056 Οῦτως
1323 3991 1378 4045 ei
1399 4009 1484 4056 τις
1503 3994 1595 4047 τὸν
1622 3993 1761 4082 ξρι-

144 4077 282 4154 στδν
311 4092 586 4151 εἰκονίσει
609 4086 1031 4160 σταυρούμενον,
1062 4083 1158 4138 καὶ
1187 4082 1461 4155 ἐρωτηθῇ,
1481 4083 1577 4147 Τις
1605 4077 1759 4149 οὗτός

139 4189 304 4244 ἐστιν
332 4203 351 4253 ;
395 4179 644 4254 Χριστὸς
668 4180 697 4231 6
718 4175 873 4243 Θεδς,
911 4175 1047 4245 ἐρεῖ,
1076 4174 1105 4226 6
1135 4171 1204 4226 δι’
1233 4172 1394 4242 ἡμᾶς
1427 4171 1758 4242 σαρκωθείς.

140 4279 286 4340 Ναὶ,
311 4275 601 4335 Δέσποτα,
633 4263 1054 4340 προσκυνοῦμεν
1073 4262 1254 4318 πάντα
1275 4262 1346 4317 τὰ
1374 4262 1464 4329 σὰ,
1491 4264 1584 4318 καὶ
1609 4264 1760 4332 πόθῳ

138 4371 351 4426 locqu
389 4359 914 4438 περιπτυσσόμεθα,
953 4357 1057 4429 τὴν
1086 4356 1350 4428 Θεὸτητα,
1377 4357 1478 4427 τὴν
1503 4356 1755 4427 δύναμιν,

137 4460 246 4531 τὴν
277 4456 636 4528 ἀγαθότητα,
671 4451 763 4504 τὸν
788 4447 919 4519 περὶ
952 4447 1104 4519 ἡμᾶς
1147 4445 1317 4511 ἔλεον,
1352 4443 1452 4516 τὴν
1481 4443 1758 4513 συγκατα-

141 4551 337 4616 σασιν,
369 4548 482 4620 τὴν
537 4543 849 4614 σάρκωσιν·
875 4539 971 4593 καὶ
1009 4537 1201 4610 ὥσπερ
1248 4537 1488 4608 ἅψασθαι
1533 4535 1755 4608 σιδήρου

138 4636 683 4714 πεπυρακτωμένου
713 4632 1054 4704 δεδοίκαμεν,
1089 4633 1150 4686 οὐ
1174 4629 1264 4684 διὰ
1290 4629 1388 4701 τὴν
1408 4628 1505 4683 τοῦ
1535 4629 1756 4700 σιδήρου

137 4732 334 4806 φύσιν,
373 4729 527 4785 ἀλλὰ
569 4724 660 4779 διὰ
698 4722 760 4777 τὸ
785 4722 1064 4795 ἡνωμένον
1108 4720 1259 4792 αὐτῷ
1297 4720 1449 4792 πῦρ’,
1483 4717 1630 4772 οὕτω
1656 4718 1758 4790 τὴν

136 4828 332 4898 σάρκα
365 4823 477 4893 τὴν
516 4816 619 4888 σὴν
652 4812 969 4887 προσκυνῶ,
1008 4812 1069 4865 οὐ
1123 4811 1212 4866 διὰ
1257 4811 1357 4882 τὴν
1397 4810 1502 4881 τῆς
1552 4809 1758 4880 σαρκὸς

1862 3629 2014 3684 tibus
2060 3628 2268 3699 Moysis
2315 3636 2370 3684 et
2428 3627 2740 3685 Pharaonis
2771 3630 3075 3698 gliistoriam
3125 3632 3307 3702 pictor
3339 3635 3444 3690 de-

1863 3718 2168 3788 scripserit,
2224 3716 2368 3774 forte
2406 3726 2643 3788 quaerat,
2679 3719 2906 3790 quinam
2965 3721 3001 3776 ii
3032 3721 3165 3786 sint,
3198 3723 3294 3793 qui
3343 3739 3444 3794 per

1862 3827 2036 3876 mare,
2067 3825 2132 3866 ac
2165 3811 2212 3866 si
2257 3825 2354 3881 per
2403 3811 2616 3866 aridam
2661 3818 2871 3868 terram
2931 3813 3275 3884 incederent,
3331 3815 3443 3870 iter

1863 3903 2131 3960 fecerunt.
2167 3903 2312 3969 Quid
2345 3903 2414 3958 ad
2449 3903 2565 3959 haec
2587 3904 2990 3975 respondebis?
3014 3904 3212 3962 Nonne
3244 3906 3300 3961 hi
3338 3907 3438 3962 lilii

1861 4003 1994 4051 sunt
2021 3994 2234 4050 Israel?
2261 3993 2467 4064 Ecquis
2507 3993 2601 4049 ille
2628 3995 2723 4064 qui
2755 3994 2910 4067 virga
2957 3995 3196 4066 percutit
3247 4011 3400 4053 mare
3419 3997 3446 4052 ἲ

1859 4084 2054 4142 Nonne
2103 4083 2314 4150 audiet,
2381 4083 2637 4156 Moyses?
2671 4084 2960 4142 Consimili
3011 4087 3198 4152 modo,
3231 4088 3283 4144 si
3315 4089 3443 4158 quis

1860 4179 2145 4235 Christum
2181 4179 2406 4234 allixum
2437 4180 2598 4234 cruci
2632 4179 2901 4250 pinxerit,
2931 4187 3328 4252 quaeraturque
3372 4180 3444 4236 ab

1860 4286 1927 4328 eo
1958 4271 2214 4342 quisnam
2251 4269 2346 4326 ille
2365 4270 2492 4327 est?
2523 4269 2722 4328 Nonne
2746 4272 3114 4342 respondebit
3139 4291 3153 4327 :
3182 4272 3444 4328 Christus

1859 4360 2009 4418 Deus
2062 4359 2238 4416 nostri
2289 4360 2468 4432 gratia
2519 4359 2888 4422 incarnatus?
2935 4362 3440 4433 EtiamuDomine,

1859 4451 2045 4506 omnia
2069 4468 2191 4524 quae
2213 4461 2310 4508 tua
2340 4461 2492 4522 sunt,
2517 4455 2841 4520 adoramus,
2884 4457 3216 4529 ardentique
3245 4458 3442 4514 aﬂ‘ectu

1859 4539 2128 4600 Deitatem
2177 4553 2353 4610 tuam,
2382 4545 2712 4616 potentiam,
2747 4545 3075 4612 bonitatem,
3117 4549 3444 4605 misericor-

1858 4633 2007 4688 diam
2035 4649 2164 4706 erga
2195 4649 2320 4701 nos,
2348 4636 2699 4699 descensum,
2731 4643 2787 4691 et
2816 4637 3256 4696 incarnationem
3287 4655 3442 4695 com-

1859 4725 2157 4796 plectimur
2215 4740 2232 4780 :
2289 4733 2344 4781 et
2398 4725 2865 4797 quemadmodum
2927 4728 3137 4784 ferrum
3206 4731 3441 4801 ignitum

1859 4817 2181 4889 contingere
2202 4832 2486 4884 veremur,
2520 4833 2631 4875 non
2661 4828 2888 4891 propter
2911 4819 3076 4891 330
3109 4821 3242 4876 ferri
3277 4828 3444 4876 natu-

135 4885 336 4991 φύσιν,
379 4885 536 4968 ἀλλὰ
561 4885 650 4964 διὰ
679 4885 778 4979 τὴν
807 4903 930 4959 καθ’
962 4903 1264 4958 ὑπόστασιν
1293 4901 1582 4991 ἡνωμένην
1613 4901 1750 4972 αὐτῇ

1858 4924 1999 4976 ram,
2049 4885 2150 4966 sed
2201 4917 2430 4982 propter
2478 4885 2701 4984 ignem,
2737 4885 2832 4984 q—ui
2879 4885 3304 4984 ferro'junctus
3331 4921 3441 4978 est,

133 4988 409 5079 θεότητα.
446 4998 886 5074 Προσκυνοῦμέν
922 5009 1017 5050 σου
1055 4995 1127 5050 τὰ
1163 4993 1337 5064 πάθη.
1376 4993 1474 5059 Τίς
1517 4988 1626 5047 εῐδε
1655 4992 1754 5047 θά-

131 5118 306 5156 νατον
339 5090 878 5170 προσκυνούμενον;
907 5086 994 5153 τίς
1015 5087 1166 5161 πάθη
1190 5085 1400 5154 σεπτά;
1439 5085 1556 5140 ἀλλ’
1586 5084 1755 5149 δντως

130 5188 589 5265 προσκυνοῦμεν
613 5183 708 5238 τὸν
735 5180 830 5236 τοῦ
864 5179 1000 5235 Θεοῦ
1024 5197 1125 5251 μου
1156 5177 1470 5251 σωματικὸν
1500 5177 1752 5238 θάνατον,

131 5285 234 5342 καὶ
253 5281 330 5338 τὰ
359 5279 628 5349 σωτήρια
649 5271 829 5344 πάθη·
855 5269 1274 5345 προσκυνοῦμέν
1304 5286 1400 5323 σου
1420 5269 1520 5342 τὴν
1543 5271 1752 5324 εἰκόναο

131 5377 326 5432 πάντα
349 5374 424 5428 τὰ
455 5367 564 5424 σοῦ
596 5363 1014 5440 προσκυνοῦμεν
1035 5379 1050 5394 ·
1079 5363 1207 5427 τοὺς
1237 5361 1596 5434 θεράποντας,
1626 5361 1756 5426 τοὺς

131 5471 362 5542 φίλους,
407 5463 516 5518 καὶ
553 5458 663 5529 πρὸ
684 5455 894 5512 τούτων
921 5453 1022 5528 τὴν
1057 5454 1292 5525 Μητέρα
1323 5452 1424 5524 τὴν
1467 5451 1752 5506 Θεοτόκον.

1853 5000 2046 5057 eadem
2081 5001 2298 5058 ratione
2331 5017 2556 5060 carnem
2584 5011 2738 5058 tuam
2769 5001 2967 5070 adoro,
3003 5017 3116 5059 non
3159 5002 3232 5059 ob
3254 5004 3442 5060 carnis

1853 5101 2134 5158 naturam,
2176 5092 2274 5149 sed
2310 5101 2534 5164 propter
2571 5093 2952 5161 divinitatem,
2993 5109 3118 5166 quas
3167 5107 3292 5151 curn
3346 5095 3442 5149 illa

1855 5183 2164 5240 secundum
2187 5184 2535 5256 bypostasim
2567 5183 2764 5254 juncta
2798 5191 2910 5242 est.
2937 5183 3262 5243 Passionem
3286 5194 3438 5240 tuam

1855 5273 2179 5331 adoramus.
2234 5274 2371 5341 Quis
2421 5289 2670 5345 unquam
2720 5285 2954 5333 mortem
2992 5277 3137 5333 vidit
3181 5275 3441 5332 adorari?

1863 5361 2001 5429 Quis
2039 5367 2324 5422 cruciatus
2363 5364 2562 5437 dignos
2601 5367 2754 5422 cultu
2792 5368 3049 5424 censuit?
3093 5367 3206 5422 Nos
3253 5374 3437 5422 tamen

1863 5457 2210 5527 corporalem
2259 5455 2358 5512 Dei
2407 5457 2516 5513 mei
2558 5467 2816 5525 mortem,
2865 5459 3278 5528 salutaremque
3311 5473 3440 5529 pas—

0 5531 8 5542 ,
49 5595 51 5597 ι
132 5531 363 5620 sionem
395 5567 546 5611 vere
582 5549 904 5604 adoramus.
931 5545 1244 5601 Adoramus
1274 5545 1594 5617 imaginem,
1622 5543 1920 5603 adoramus
1948 5549 2133 5603 omnia
2162 5564 2286 5620 quae
2322 5555 2419 5605 tua
2483 5560 2635 5614 sunt,
2702 5551 3014 5617 ministros,
3077 5551 3309 5621 amicos,
3372 5565 3438 5607 ac

3 5653 13 5724 ἦ
68 5694 73 5699 -
130 5670 252 5728 prae
293 5645 538 5707 cateris
571 5642 818 5698 divi-nam
853 5637 1084 5694 Matrem
1115 5645 1293 5692 tuam.

1 5735 12 5756 9

0 5801 12 5846 Ρ

211 5838 259 5869 η
303 5831 421 5889 lsa.
495 5840 565 5892 ιι,
599 5821 656 5878 3.
753 5821 799 5854 ¹⁰
829 5818 1024 5877 Matth.
1065 5833 1223 5882 xvm,
1255 5815 1346 5876 20.
1448 5817 1491 5850 "
1544 5815 1676 5872 ibid.
1709 5815 1795 5872 l8.
1877 5815 1921 5848 ²²
1946 5813 2106 5871 Galat
2143 5830 2181 5881 I,
2207 5813 2258 5881 8,
2290 5813 2366 5894 9._
2419 5815 2465 5847 "
2497 5813 2763 5871 Videlirct
2817 5812 3113 5870 Anathema
3157 5815 3253 5870 sit.
