3904 6358
518 408 654 474 1233
1662 426 1665 429 -
1710 393 1769 451 s.
1810 390 2132 453 JOANNIS
2169 386 2601 453 DAMASCENI
3656 376 3685 437 ι
3696 376 3821 439 gr;

587 514 957 571 Obsecremus
1016 508 1201 578 itaque
1259 502 1353 559 Dei
1408 501 1640 573 plebem,
1691 511 1912 571 gentem
1961 515 2090 553 san-

2262 495 2631 566 Δυσωποῦμεν
2649 492 2705 545 δὲ
2733 489 2938 544 καὶτὸν
2960 486 3054 542 τοῦ
3085 486 3221 540 Θεοῦ
3256 485 3405 553 λαὸν,
3444 485 3506 539 τὸ
3526 484 3727 548 ἔθνος
3759 491 3824 538 ea

517 616 684 669 utam,
742 610 800 657 ut
848 577 1244 656 ecclesiasticis
1298 593 1572 651 institutis
1608 591 1859 662 pressius
1902 589 2086 644 adluu-

2216 589 2367 657 ἱγιον,
2397 585 2507 639 τῶν
2538 578 3005 655 ὲκκλησιαστικῶν
3037 577 3357 649 ἀντέχεσθαι
3393 578 3817 650 παραδόσεων.

514 703 719 750 rescat.
744 689 1059 746 Priscarum
1084 688 1229 742 enim
1264 684 1548 756 abrogatio
1573 681 1933 737 traditionum
1965 695 2091 734 seu-

2216 679 2268 731 ii
2300 676 2408 747 γὰρ
2463 673 2605 729 κατὰ
2654 669 2889 742 σμικρὸν
2938 668 3048 722 τῶν
3094 666 3553 739 παραδεδομένων
3624 667 3819 736 ἀφαί-

517 786 623 841 sim
680 782 1021 847 introducta,
1074 790 1336 850 tanquam
1376 777 1423 833 si
1464 776 1533 831 ab
1560 772 1794 829 aedilicio
1828 772 2088 843 paulatim

2216 784 2366 832 ιεσις,
2416 766 2493 829 ὼς
2540 764 2601 831 ἐξ
2629 760 2923 831 οἰκοδομῆς
2964 758 3149 824 λίθων,
3186 757 3382 812 θᾶττον
3420 756 3679 813 ἃπασαν
3716 757 3821 827 τὴν

514 876 919 931 subtrahantur
972 848 1232 941 lapides,
1284 875 1626 923 structuram
1700 878 1924 921 omnem
1977 861 2093 915 cito

2216 856 2481 930 μίκοδομὴν
2533 854 3004 927 καταρῥήγνυσιν.
3038 849 3164 941 ΫΕῑη
3197 848 3257 902 δὲ
3297 849 3447 921 ἡμᾶς
3500 848 3816 921 ἑδραίους,

517 967 707 1022 diruit.
743 963 905 1020 Faxit
953 940 1101 1019 Deus
1151 970 1210 1016 ut
1259 959 1439 1023 firmi,
1483 956 1713 1013 stabiles
1755 962 1813 1009 et
1874 950 2089 1008 immoti

2216 951 2497 1021 ὶκαμπεῖς,
2528 945 2857 1014 ἀκλονήτους
2884 940 3185 1013 διαμένειν,
3218 940 3313 992 ἐπὶ
3341 940 3547 1011 πέτραν
3577 940 3817 1010 ὀχυρὰν

518 1075 867 1124 maneamus,
919 1070 1090 1126 supra
1145 1054 1361 1108 ﬁrmam
1421 1057 1632 1120 petram
1687 1044 1929 1108 fundati,
1969 1058 2091 1114 quas

2216 1038 2653 1111 ίστηριγμένους,
2671 1035 2795 1106 ἥτις
2814 1033 2962 1088 ἐστὶν
2995 1035 3025 1087 ὁ
3055 1031 3313 1105 Χριστὸς,
3333 1025 3378 1100 ᾧ
3405 1033 3620 1102 πρέπει
3642 1030 3813 1095 δόξα,

518 1157 778 1212 Christus
817 1121 905 1209 est
933 1169 948 1206 :
981 1121 1145 1223 quem
1180 1147 1340 1202 decet
1390 1143 1587 1214 gloria,
1624 1141 1800 1196 honor
1853 1146 1909 1194 et
1957 1136 2093 1192 ado-

2216 1130 2295 1185 ιαὶ
2322 1128 2478 1199 τιμὴ,
2542 1127 2637 1182 καὶ
2667 1123 3059 1198 προσκύνησις,
3109 1123 3208 1177 σὺν
3249 1121 3329 1194 τῷ
3357 1123 3535 1193 Πατρὶ
3579 1121 3693 1175 καὶ
3730 1121 3813 1191 τῷ

518 1250 660 1303 ratio
693 1261 818 1301 cum
866 1212 1029 1298 Patre
1079 1249 1134 1297 et
1186 1212 1413 1308 Spiritu
1444 1242 1658 1298 sancto,
1695 1246 1864 1295 nunc,
1901 1236 1956 1285 et
1996 1243 2093 1299 per

2216 1220 2500 1291 Πνεῦματι,
2531 1216 2628 1272 νῦν
2661 1216 2758 1270 καὶ
2800 1216 2907 1282 ἀεὶ,
2936 1216 3019 1279 είς
3046 1214 3175 1278 τοὺς
3208 1212 3555 1286 ἀπεράντους
3583 1213 3812 1275 αἰῶνα-ς

518 1339 735 1401 inﬁnita
768 1335 966 1392 saecula
994 1331 1346 1388 smcuiorum.
1376 1327 1571 1383 Amen.

2216 1312 2306 1371 πῶν
2327 1310 2559 1366 αἰώνων.
2594 1309 2788 1380 Ἀμήν.

2624 1454 2658 1478 θ

526 1486 2983 1536 _______________________._______.___

950 1658 1179 1751 ΤΟΥ
1256 1651 1590 1741 ΑΓΙΟΥ
1660 1646 2164 1736 ΙΩΑΝΝΟΥ
2235 1642 2466 1733 ΤΟΥ
2542 1638 3322 1735 ΔΑΜΑΣΚΗΝΟΥ

1832 1827 2049 1885 ΛΟΓΟΣ
2114 1823 2471 1879 ΔΕΥΤΕΡΟΣ

1336 1993 1526 2049 ΠΡΟΣ
1568 1991 1754 2051 ΤΟΥΣ
1783 1984 2330 2049 ΔΙΔΒΔΛΛΟΝΤΑΣ
2356 1983 2585 2039 ΔΓΙΑΣ
2646 1978 2972 2039 ΕικοΝΑΣ.

1226 2324 1351 2437 S.
1520 2316 2115 2438 JOANNIS
2271 2313 3089 2431 DAMASCENI

1990 2537 2251 2596 ORATIO
2288 2539 2333 2594 ll

1118 2704 1513 2769 ADVERSUS
1565 2702 1706 2765 EOS
1763 2700 1898 2781 QUI
1972 2699 2257 2762 SACRAS
2334 2697 2709 2768 IMAGINES
2777 2694 3204 2759 ABJICIUNT.

607 3006 660 3060 ί.
695 3003 956 3060 Poscenti
1003 3000 1221 3056 veniam
1257 2999 1551 3069 ignoscite,
1589 2999 1797 3055 domini
1827 3000 1960 3068 mei,
1984 3008 2040 3056 et
2076 3015 2107 3054 a

2278 2999 2350 3056 α’.
2392 2999 2523 3053 Δότε
2552 2998 2887 3068 συγγνώμην
2937 2995 3201 3059 αἰτοῦντι,
3247 2993 3511 3052 δεσπόται
3540 3009 3678 3063 μου,
3709 2993 3805 3047 καὶ

537 3110 627 3153 me
655 3093 837 3149 inutili
867 3092 1207 3160 minimoque
1237 3086 1333 3144 Dei
1369 3088 1578 3146 famulo
1606 3090 1988 3161 explicatioris
2018 3107 2111 3147 ve—

2216 3091 2437 3157 δέξασθε
2466 3089 2840 3170 πληροφορίας
2882 3088 3063 3163 λόγον,
3108 3085 3240 3158 παρ’
3262 3084 3399 3156 ἐμοῦ
3444 3084 3541 3138 τοῦ
3568 3084 3804 3157 ἀχρείου

537 3183 722 3241 ritatis
748 3181 916 3238 verba
951 3179 1239 3255 suscipite.
1282 3178 1405 3235 Non
1431 3180 1576 3236 enim
1617 3182 1805 3252 gloria:
1829 3183 2114 3255 captandas

2216 3187 2310 3241 καὶ
2337 3168 2623 3255 ἐλαχίστου
2654 3168 2843 3235 δούλου
2871 3170 2971 3252 τῆς
3000 3179 3096 3233 τοῦ
3127 3178 3260 3233 Θεοῦ
3313 3177 3675 3247 Ἑκκλησίας.
3728 3180 3805 3232 Οὐ

537 3276 744 3342 studio,
774 3276 882 3338 vel,
910 3282 968 3330 ut
991 3253 1198 3345 aliquid
1226 3289 1350 3331 esse
1375 3273 1565 3330 videar
1585 3273 1756 3344 (Deus
1794 3253 1953 3330 testis
1982 3277 2110 3346 est),

2216 3277 2323 3348 γὰρ
2351 3253 2509 3345 δόξής
2535 3272 2797 3344 ένεκεν,ἢ
2829 3270 3215 3358 emunctae?
3235 3269 3371 3342 πρὸς
3395 3268 3457 3322 τὺ
3478 3269 3673 3337 λέγειν
3698 3270 3805 3341 ὦρ-

538 3364 636 3421 sed
668 3362 916 3420 veritatis
953 3377 1223 3418 accensus
1254 3361 1373 3416 zelo
1396 3400 1412 3427 ,
1444 3361 1510 3416 ad
1541 3362 1839 3417 dicendum
1878 3363 2108 3419 accessi.

2218 3361 2368 3439 μησα
2390 3382 2405 3398 ·
2428 3365 2561 3429 Θεὸς
2587 3365 2798 3437 μάρτυς
2817 3380 2831 3394 ·
2861 3356 2997 3417 ἆλλὰ
3015 3362 3163 3434 ζήλῳ
3190 3361 3469 3432 ἀληθείας.
3697 3356 3881 3443 γὰρξ]

540 3456 598 3513 In
635 3457 739 3513 hoc
761 3454 912 3511 enim
944 3453 1141 3511 salutis
1167 3466 1300 3508 mea:
1320 3467 1471 3523 spem
1498 3452 1784 3517 collocavi,
1812 3460 1867 3509 et
1896 3467 2022 3507 cum
2048 3468 2114 3508 co

2218 3462 2380 3533 μόνον
2416 3457 2607 3512 ὲλπίδα
2655 3456 2932 3527 σωτηρίας
2991 3454 3288 3526 κέκτημαι,
3349 3453 3446 3541 καί.
3492 3454 3597 3507 σὺν
3653 3454 3803 3525 αὕτῴ

534 3549 760 3604 obviam
799 3561 888 3602 me
920 3544 1147 3601 Christo
1182 3543 1419 3600 Domino
1463 3544 1670 3598 iturum
1702 3559 1891 3616 spero,
1918 3544 2114 3600 arden-

2216 3551 2521 3622 ὑπαντῆσαι
2547 3547 2625 3619 τῷ
2646 3547 2889 3617 Δεσπότῃ
2918 3545 3161 3618 Χριστῷ,
3184 3545 3389 3610 ἐλπίζω
3409 3544 3509 3598 καὶ
3538 3545 3801 3617 εὔχομαι,
3830 3560 3882 3615 __‘

536 3641 701 3708 tique
739 3652 969 3709 prorsus
997 3635 1185 3693 studio
1222 3635 1520 3702 desidero;
1561 3650 1735 3692 meam
1767 3636 1911 3690 hanc
1941 3650 2114 3690 aemu-

2216 3641 2403 3695 τοῦτον
2431 3637 2582 3709 αὐτῷ
2629 3636 2976 3708 προσφέρων,
3021 3635 3131 3704 τῶν
3167 3636 3387 3710 ἀτόπως
3421 3652 3515 3705 μοι
3540 3638 3805 3709 πεπλημ-
3826 3642 3837 3651 ⁴
3880 3640 3881 3673 l

540 3728 803 3782 lationem
838 3726 944 3796 ipsi
987 3724 1233 3780 oﬁ‘erens
1266 3724 1321 3779 in
1356 3724 1729 3794 expiationem
1765 3740 1958 3781 eorum
1990 3739 2114 3796 quae

2218 3716 2542 3813 ιῖξλημένῶν
2571 3726 2827 3800 γενέσθαι
2857 3727 3119 3799 ὲξξλασμα
3141 3744 3156 3759 ·
3189 3729 3218 3781 ὁ
3250 3728 3349 3799 μὲν
3380 3730 3488 3800 γὰρ
3525 3728 3597 3782 τὰ
3638 3731 3799 3784 πέντε
3822 3718 3882 3794 τ’]

541 3819 732 3888 inique
783 3818 890 3889 egi.
936 3813 1075 3870 Nam
1118 3816 1216 3887 qui
1264 3828 1296 3869 a
1347 3813 1584 3871 Domino
1625 3816 1874 3888 quinque
1906 3817 2114 3872 talenta

541 3915 851 3982 acceperat,
879 3908 986 3963 alia
1019 3908 1271 3978 quinque
1320 3921 1445 3977 quae
1488 3906 1737 3964 lucratus
1775 3907 1979 3977 fuerat,
2010 3910 2113 3965 ob-

538 4002 667 4059 tulit
687 4001 780 4071 “;
809 4000 993 4071 et.qui
1026 3999 1159 4066 duo,
1188 4000 1415 4056 totidem
1436 4017 1451 4067 ;
1475 3999 1570 4071 qui
1593 4015 1725 4056 vero
1758 4016 1927 4061 unum
1949 4014 2114 4058 acce-

538 4099 714 4165 perat,
738 4106 868 4148 cnm
896 4090 1031 4147 illud
1050 4089 1202 4160 quod
1233 4090 1290 4145 in
1320 4099 1525 4145 terram
1557 4088 1790 4154 fuderat,
1813 4090 1933 4146 sine
1961 4107 2115 4148 emo-

540 4184 789 4240 lnmento
824 4182 1171 4253 protulisset,
1204 4195 1400 4236 servus
1431 4180 1611 4236 malus
1643 4179 1902 4248 audiens,
1936 4182 1993 4236 in
2018 4197 2117 4237 exv

538 4275 775 4332 teriores
806 4272 1062 4330 tenebras
1098 4272 1359 4328 detrusus
1400 4278 1508 4327 est.
1544 4270 1712 4341 Atqui
1758 4271 1816 4327 id
1865 4273 2115 4344 quidem,

2214 3808 2452 3879 ταλαντα
2475 3810 2626 3895 παρὰ
2638 3814 2741 3874 ’τοῦ
2767 3817 3039 3873 Δεσπότου
3054 3816 3260 3883 λαϐὼν,
3295 3817 3459 3887 ἕτερα
3480 3818 3653 3871 πέντε
3691 3835 3804 3889 κερ-

2214 3916 2402 3989 δήσας,
2435 3913 2777 3987 προσήγαγε’
2805 3911 2899 3963 καὶ
2927 3911 2955 3963 ὁ
2982 3908 3052 3962 τὰ
3073 3907 3187 3973 δύο,
3226 3908 3492 3987 ἰσάριθμα
3516 3908 3722 3962 δύο.’0
3753 3909 3803 3961 a

2214 4008 2276 4063 τὸ
2299 4005 2630 4079 ἐνείληφὼς,
2681 4002 3003 4076 κατορύξας,
3032 4002 3126 4057 καὶ
3150 4002 3396 4073 ἄκαρπον
3444 4000 3807 4074 τοῦτονπροε·

2215 4097 2462 4171 αγαγὼν,
2514 4096 2749 4170 πονηρὸς
2776 4095 2961 4160 δοῦλος
3000 4093 3258 4160 ἀκούσας,
3292 4094 3374 4157 εἰς
3415 4093 3476 4146 τὺ
3530 4091 3803 4167 ἐξώτερον

2216 4189 2613 4262 κατακέκριται
2634 4189 2847 4252 σκότος.
2882 4187 3063 4258 Ὀπερ
3099 4184 3212 4257 ἐγὼ
3246 4185 3324 4258 μὴ
3353 4185 3547 4239 παθεῖν
3577 4186 3805 4259 ὑφορώ-

2221 4299 2381 4356 μενος
2409 4281 2488 4355 τῷ
2542 4279 2856 4352 Δεσποτικῷ
2903 4279 3114 4334 ὑπείκω
3166 4278 3572 4347 προστάγματι,
3612 4280 3722 4332 καὶ
3754 4278 3805 4331 τὸ

540 4381 611 4423 ne
638 4366 774 4421 mihi
820 4364 1171 4435 contingeret
1200 4363 1437 4429 veritus,
1476 4363 1694 4418 Domini
1737 4362 1915 4434 jussis
1942 4365 2110 4422 obse-

2217 4350 2498 4443 δεδομένον
2548 4387 2639 4441 μοι
2665 4369 2796 4441 παρ’
2819 4350 2985 4424 αὑτοῦ
3014 4367 3110 4423 τοῦ
3138 4368 3300 4437 λόγου
3329 4367 3593 4421 τάλαντον
3611 4408 3631 4431 ,
3681 4371 3805 4440 ὑμῖν

539 4471 702 4528 quor,
732 4463 788 4511 et
824 4455 1104 4512 sermonis
1156 4453 1427 4511 talentum
1485 4454 1635 4524 quod
1689 4455 1828 4510 mihi
1879 4455 1950 4512 ab
1994 4456 2118 4528 ipso

539 4547 897 4604 commissum
942 4553 1049 4614 est,
1100 4545 1248 4618 apud
1302 4561 1403 4604 vos
1451 4541 1754 4618 prudentes
1803 4549 2119 4607 mensarios

539 4637 780 4710 depono,
823 4645 884 4693 ut
913 4652 1041 4693 cum
1086 4636 1354 4694 Dominus
1399 4652 1558 4694 meus
1597 4638 1905 4707 advenerit,
1945 4640 2121 4697 multo

538 4726 681 4783 illud
727 4727 1041 4785 animarum
1101 4726 1293 4785 fenore
1313 4735 1538 4785 auctum
1567 4770 1583 4796 ,
1644 4745 1843 4801 meque
1902 4730 2115 4787 ﬁdelem

538 4832 763 4877 servum
796 4818 1058 4889 inveniat,
1083 4819 1223 4875 etin
1243 4821 1654 4890 optatissimum
1684 4823 2115 4880 suavissimum-

540 4926 651 4981 que
680 4910 946 4981 gaudium
976 4926 1141 4989 suum
1178 4912 1521 4969 introdueat.
1548 4913 1680 4969 Mihi
1710 4916 1902 4987 itaque
1932 4924 2117 4972 atten-

540 5010 627 5058 tas
652 5017 819 5059 aures
846 5002 1087 5073 prabete
1113 5022 1129 5059 :
1162 5005 1426 5075 expansis
1457 5007 1709 5061 cordium
1740 5007 1965 5074 mensis,
1997 5024 2116 5064 ser-

540 5106 757 5148 monem
783 5108 967 5149 meum
1002 5094 1263 5165 excipite,
1290 5096 1699 5168 verborumque
1720 5114 1971 5154 nieorum
2005 5101 2112 5155 vim

536 5196 701 5252 atque
729 5184 1063 5255 sinceraque
1088 5186 1274 5243 animo
1310 5196 1561 5258 pensate.
1606 5188 1751 5255 Quin
1795 5197 1854 5244 ut
1880 5190 2111 5246 alteram

539 5270 685 5328 hanc
734 5288 836 5344 pro
892 5274 1227 5348 imaginibus
1275 5277 1728 5335 dissertationem
1787 5280 2108 5345 scriberem,

537 5359 677 5417 mihi
703 5377 1101 5435 suggesserunt
1117 5368 1341 5439 quidam
1369 5367 1630 5424 Ecclesiae
1658 5368 1754 5424 lilii
1784 5377 1839 5425 et
1865 5369 2109 5437 alumni;

435 5457 439 5460 '
536 5450 668 5521 quia
696 5451 1115 5524 intelligentiam
1147 5458 1350 5528 prioris
1380 5459 1539 5515 multi
1566 5460 1704 5517 satis
1737 5461 1979 5517 assecuti
2000 5476 2110 5517 non

538 5549 743 5596 essent.
781 5540 1148 5608 Quamobrem
1195 5547 1301 5603 hoc
1333 5549 1465 5603 item
1514 5549 1649 5605 mihi
1688 5549 1852 5607 velim
1900 5549 2111 5607 condo-

540 5636 687 5697 nate,
719 5631 1047 5689 obcdientiae
1078 5637 1269 5691 munia
1297 5637 1548 5693 obeunti.

601 5783 645 5815 ’⁸
667 5785 876 5845 Matth.
902 5803 1027 5857 xxv,
1053 5792 1147 5848 20.

2215 4460 2565 4532 παρατίθημι
2582 4463 2694 4525 τοῖς
2726 4460 3009 4533 φρονίμοις
3030 4458 3410 4533 τραπεζίταις·
3444 4458 3603 4522 ὅπως
3636 4460 3807 4513 ἐλθὼν

2214 4556 2243 4608 ὁ
2276 4553 2481 4626 Κύριός
2510 4570 2636 4625 μου,
2678 4552 2830 4626 εὖροι
2856 4551 3431 4624 πολυπλασιαζόμενον
3450 4591 3467 4616 ,
3499 4550 3597 4606 καὶ
3649 4554 3807 4607 τόκον

2214 4645 2601 4719 καρωφοροῦν
2630 4644 2842 4717 ψυχῶν,
2868 4647 2964 4699 καὶ
3005 4643 3191 4699 δοῦλον
3231 4642 3423 4697 πιστὸν
3453 4641 3670 4714 εὑρὼν,
3698 4646 3807 4697 εἰς·

2216 4738 2400 4808 αγάγῃ
2433 4752 2501 4807 με
2539 4736 2620 4800 είς
2639 4735 2737 4807 τὴν
2772 4733 3164 4807 πεποθημένην
3200 4750 3292 4804 μοι
3325 4731 3687 4803 γλυκυτάτην
3718 4751 3809 4804 χαο

2222 4814 2321 4901 ρὰν
2360 4825 2547 4883 αὐτοῦ.
2601 4826 2762 4881 Ἀλλὰ
2804 4825 2924 4881 δότε
2958 4843 3049 4897 μοι
3084 4820 3180 4890 οὖς
3208 4824 3548 4897 ἀκροάσεως,
3573 4826 3684 4877 καὶ
3714 4826 3808 4884 τὰς

2217 4920 2493 4993 τραπέζας
2513 4918 2623 4975 τῶν
2655 4919 2894 4991 καρδιῶν
2936 4915 3402 4981 ἀναπετάσαντες,
3432 4912 3671 4979 δέξασθέ
3704 4932 3805 4985 μον

2217 5013 2309 5067 τὸν
2331 5013 2511 5081 λόγον,
2537 5012 2633 5066 καὶ
2672 5010 2978 5085 εἰλικρινῶς
3003 5008 3315 5082 διακρίνατε
3349 5007 3460 5062 τῶν
3482 5005 3806 5078 λεγομένων

2218 5104 2317 5176 τὴν
2337 5103 2585 5174 δύναμιν.
2613 5103 2876 5174 Δεύτερον
2904 5101 2960 5155 δὲ
2980 5101 3169 5156 τοῦτον
3184 5101 3278 5157 τὸν
3305 5098 3462 5170 λόγον
3490 5098 3627 5171 περὶ
3655 5100 3805 5153 εἰκό-

2220 5215 2327 5251 νων
2351 5196 2639 5265 συνέταξα.
2666 5197 2823 5265 Τινὲς
2843 5197 2952 5269 γὰρ
2976 5196 3085 5251 τῶν
3108 5195 3317 5253 τέκνων
3331 5193 3431 5265 τῆς
3470 5190 3807 5266 Ἐκκλησίας

2218 5286 2480 5341 ὑπέθεντύ
2525 5304 2617 5359 μοι
2650 5288 2812 5342 τοῦτο
2835 5288 3082 5358 ποιῆσαι,
3122 5286 3212 5345 διὰ
3238 5285 3299 5338 τὸ
3334 5284 3415 5356 μὴ
3440 5282 3583 5337 πάνυ
3618 5283 3805 5339 εὐδιά-

2217 5392 2460 5444 γνωστον
2500 5380 2617 5442 τοῖς
2648 5376 2862 5442 πολλοῖς
2892 5377 2984 5431 τὸν
3007 5376 3225 5450 πρῶτον
3256 5370 3428 5431 εἶναι’
3457 5373 3594 5428 ἀλλὰ
3624 5377 3726 5429 καὶ
3749 5374 3804 5425 ἐν

2219 5463 2390 5532 τούτῳ
2412 5465 2689 5536 σύγγνωτέ
2719 5484 2831 5539 μοι,
2861 5467 3110 5538 ὑπακοὴν
3132 5460 3574 5543 ἐκπληρώσαντι.
