3904 6358
191 0 330 28 ῗὶῖξκῖ⁷
491 5 512 28 λ-
529 0 548 26 τ
562 0 698 44 ceu“).
733 0 933 31 «ψτδξιννι.
955 0 1094 16 Ἥ
1144 0 1332 44 Vm
1374 0 1426 16 νισι
1479 0 1501 18 Ἰ
1523 0 1588 16 PV
1603 0 1620 8 "
1663 0 1769 14 mu"
1785 3 1814 30 ν

144 88 232 130 tutu.
275 92 318 126 vl.
345 101 410 126 “ﬁ..-
447 113 476 121 _
512 97 529 118 ι
832 67 966 178 \jnk-
1009 63 1236 129 eum
1291 94 1328 114 «Α
1399 70 1430 118 3:
1459 61 1556 114 ‘i’l‘n
1583 81 1668 110 ιλιι

248 170 301 178 ..
372 143 795 178 .,.:t-t!.i'_
885 157 897 178 I
1053 157 1064 178 ι
1163 165 1200 178 .,
1335 153 1394 178 tt.
1476 153 1668 178 .-,.l.

241 171 256 187 μ
291 154 564 212 Latmia,—
592 156 624 209 ι,
657 127 798 212 and;
845 127 975 207 vim
1053 157 1127 251 ιχ
1163 153 1394 216 umque
1444 153 1614 215 ,ιω-,ιι
1666 127 1864 197 aliud

273 217 522 251 ἐἶη.
643 241 726 251 νη
847 247 893 251 ..
994 221 1098 251 -'iL
1257 238 1262 251 ι
1498 236 1506 251 ι
1603 228 1768 251 .'...,_

165 250 184 270 ’ί
219 221 381 276 ἀλλ’-ελ
433 239 484 270 '5"
520 249 604 296 "‘3‘?
641 241 726 272 ιη’*
763 256 812 282 ινε
847 221 1158 298 ν--ίι-υυκίχῖἱὲι
1200 238 1364 298 τιμίω-ιῖ
1409 236 1554 298 «επὶ-ι
1603 228 1665 280 ιιι-ἐ
1690 241 1768 296 ας(

224 435 361 499 1285

1429 437 1912 540 I_|If§!lﬂ\GlNlBUS
1950 437 2232 499 ORATIO
2269 441 2349 499 II.

3341 445 3476 514 1936

290 545 354 615 β’.
390 543 552 607 Ἐθος
579 544 750 608 ἐστὶν,
784 537 828 597 ὧ
857 548 1152 618 ἀγαπητοὶ,
1184 546 1262 618 τῷ
1699 547 1784 616 άρ-

1973 547 2030 599 2.
2070 547 2240 600 Invidi
2273 547 2564 615 serpentis,
2602 546 2957 616 omniumque
2992 550 3257 606 malorum
3287 567 3476 610 aucto-

219 637 435 708 χεκάκῳ
458 637 598 704 δφει,
625 634 702 705 τῷ
729 635 962 708 διαϐόλῳ
1006 639 1170 709 φημὶ,
1227 638 1580 709 πολυτρόπως
1633 639 1792 690 πολε-

221 728 340 796 μεῖν
367 725 446 796 τῷ
471 725 592 779 κατ’
631 725 820 780 εἰκόνα
855 725 993 780 Θεοῦ
1037 726 1544 800 πλαστουργηθέντι
1583 726 1794 797 ἀνθρώ-

216 833 322 886 πῳ,
355 817 449 868 καὶ
486 815 575 868 διὰ
609 816 720 870 τῶν
747 815 1008 870 ἐναντίων
1037 817 1127 870 τὸν
1162 817 1330 872 αὑτοῦ
1353 816 1794 889 κατεργάζεσθαι

216 906 462 960 θάνατον.
496 904 676 970 Εὐθὺς
723 907 823 976 μὲν
853 905 962 978 γάρ
995 906 1054 961 ὲν
1084 909 1228 979 ἀρχῇ
1259 907 1449 961 ἐλπίδα
1483 907 1580 961 καὶ
1608 908 1796 961 ἐπιθυ-

215 993 342 1064 μίαν
364 993 614 1058 θεὼσεως
639 993 791 1064 αύτῷ
824 995 1130 1065 ὲνέσπειρε,
1158 997 1254 1050 καὶ
1286 995 1354 1049 δι’
1378 995 1568 1066 αὐτῆς,
1598 997 1680 1059 είς
1703 997 1796 1051 τὸν

211 1088 319 1140 τῶν
367 1085 580 1154 ἀλόγων
633 1087 912 1156 κατήγαγε
943 1087 1172 1141 θάνατον
1201 1102 1214 1115 ⁸
1249 1087 1310 1138 οὑ
1363 1087 1492 1158 μὴν,
1529 1086 1667 1140 ἀλλά
1700 1087 1796 1140 καὶ

211 1179 466 1248 αἰσχραῖς
515 1175 609 1229 καὶ
642 1177 858 1244 ἀλόγοις
909 1178 1126 1249 ἡδοναῖς
1162 1178 1428 1241 πολλάκις
1469 1177 1632 1230 αὑτὸν
1677 1178 1793 1231 ἑδε-

209 1267 394 1322 λέασε.
421 1266 593 1320 Πόσον
622 1267 679 1321 δὲ
705 1267 769 1320 τὸ
803 1268 970 1338 μέσον
1008 1268 1280 1332 θεώσεως,
1325 1269 1420 1322 καὶ
1445 1267 1642 1337 ἀλόγου
1673 1269 1794 1320 ὲπι-

211 1360 436 1430 θυμίαςί
474 1359 588 1413 Καὶ
621 1359 753 1414 ποτὲ
791 1360 927 1430 μὲν,
969 1362 1048 1423 είς
1083 1359 1350 1430 ἀθεότητα
1379 1359 1579 1431 ἤγαγε,
1612 1358 1796 1421 καθώς

209 1467 378 1520 φησιν
419 1452 448 1504 ὁ
490 1451 780 1521 θεοπάτωρ
829 1449 1018 1504 Δαϐίδ·
1051 1468 1069 1501 ι
1105 1445 1270 1503 Εἶπεν
1301 1449 1489 1518 ἄφρων
1519 1450 1576 1502 ὲν
1600 1447 1796 1518 καρδίᾳ

211 1538 403 1593 αὑτοῦ·
445 1541 560 1592 Οὑκ
603 1538 720 1591 ἐστι
744 1539 899 1602 Θεός.
938 1559 955 1586 ι
990 1538 1129 1591 ΙΙοτὲ
1159 1538 1215 1591 δὲ
1241 1540 1320 1601 είς
1348 1537 1668 1592 πολυθεῖαν·
1701 1539 1796 1591 καὶ

211 1631 345 1684 ποτὲ
391 1630 512 1700 μὲν,
551 1629 684 1700 μηδὲ
714 1629 806 1682 τὸν
841 1629 1004 1698 φύσει
1040 1629 1172 1682 Θεὸν
1199 1630 1526 1699 προσκυνεῖν
1575 1627 1790 1680 ἔπεισε·

209 1722 346 1776 ποτὲ
374 1722 454 1787 δὲ,
481 1721 729 1792 δαίμοσιν
749 1737 763 1752 °
797 1722 880 1774 ἔτι
929 1722 987 1775 δὲ
1007 1762 1022 1788 ,
1055 1723 1272 1794 οὐρανῷ
1313 1739 1374 1774 τε
1404 1721 1500 1777 καὶ
1530 1723 1625 1792 γῇ,
1655 1720 1794 1792 ἡλίῳ

207 1831 269 1868 τε
308 1813 403 1867 καὶ
435 1813 659 1885 σελήνῃ,
711 1813 806 1867 καὶ
857 1813 1112 1884 ἄστρασι,
1146 1813 1240 1867 καὶ
1271 1815 1338 1883 τῇ
1390 1812 1551 1882 λοιπῇ
1593 1812 1792 1878 κτίσει,

1900 637 1977 693 ris
2002 637 2088 691 hic
2122 653 2242 692 mos
2283 647 2394 701 cst,
2429 637 2803 702 dilectissimi,
2847 649 2908 692 ut
2939 639 3006 693 ad
3039 640 3331 711 imaginem
3380 648 3474 703 Dei

1899 728 2194 783 formatum
2232 728 2510 784 hominem
2553 729 2736 785 modis
2771 730 2945 786 variis
2985 733 3293 804 impugnet,
3327 751 3476 791 mor-

1897 827 2116 889 temque
2175 821 2280 890 ipsi
2321 821 2621 875 contrariis
2681 821 2896 877 artibus
2958 821 3180 878 inferat.
3242 827 3301 880 In
3356 829 3478 898 ipso

1897 911 2174 978 siquidem
2221 927 2406 966 rerum
2455 913 2687 968 exordio
2738 927 2892 983 spem
2925 914 3002 968 illi
3032 923 3086 970 ct
3119 918 3478 987 cupiditatem

1898 1002 2219 1058 affectanda:
2272 1005 2580 1061 divinitatis
2620 1006 2938 1077 inspiras'it,
2987 1024 3086 1078 per
3137 1026 3300 1080 quam
3349 1029 3477 1068 eum

1896 1093 2054 1164 331
2094 1095 2147 1148 in
2182 1095 2468 1150 brutorum
2502 1099 2870 1154 animantium
2897 1108 3132 1156 mortem
3166 1104 3474 1172 pertraxit:

1897 1184 2078 1253 ipsum
2125 1200 2347 1256 quoque
2393 1187 2626 1258 impuris
2675 1189 3050 1262 belluinisqne
3100 1195 3478 1266 voluptatibus

1896 1274 2192 1344 deceptum
2223 1277 2430 1345 saepius
2463 1277 2658 1332 illexit.
2684 1277 2860 1343 Porro
2894 1295 3060 1350 quam
3094 1281 3352 1338 immanis
3383 1284 3478 1338 illa

1895 1366 2162 1422 distantia
2203 1368 2548 1424 divinitatem
2598 1370 2746 1426 inter
2785 1380 2837 1427 et
2871 1373 3094 1427 brutam
3144 1373 3468 1430 libidinem!

1896 1457 2211 1527 Aliquando
2235 1460 2458 1530 quidem
2495 1461 2544 1515 ci
2577 1463 2878 1531 persuasit,
2925 1472 2984 1518 ut
3016 1464 3186 1520 Deum
3231 1467 3475 1537 abnega-

1897 1558 2000 1604 ret.
2034 1550 2126 1604 Ait
2153 1551 2296 1605 enim
2336 1550 2428 1606 Dei
2462 1567 2665 1620 parens
2701 1550 2870 1606 David
2907 1570 2920 1607 :
2961 1571 2977 1603 ι
3021 1553 3168 1608 Dixit
3201 1555 3474 1625 insipiens

1897 1639 1956 1693 in
1999 1639 2167 1695 corde
2199 1655 2302 1696 suo
2331 1657 2344 1692 :
2373 1641 2495 1696 Non
2528 1649 2614 1698 est
2654 1640 2798 1696 Deus
2832 1643 2899 1697 “.
2953 1661 2971 1694 ›
3001 1642 3138 1697 Tum
3165 1645 3331 1700 etiam
3368 1645 3473 1699 ho-

1896 1731 2125 1798 minem,
2156 1741 2217 1787 ut
2264 1735 2451 1802 plures
2482 1734 2614 1788 deos
2649 1735 2882 1800 coleret,
2919 1734 3148 1789 adduxit
3175 1753 3190 1790 :
3221 1737 3474 1806 quando-

1896 1837 2004 1892 que
2039 1831 2244 1889 autem,
2288 1832 2347 1878 ut
2386 1840 2452 1879 ne
2477 1825 2557 1879 illi
2587 1826 2808 1895 quidem
2835 1826 2930 1896 qui
2960 1834 3161 1880 natura
3197 1825 3339 1883 Deus
3362 1840 3468 1893 est,

210 1903 376 1977 μέχρι
410 1904 504 1959 καὶ
529 1903 816 1958 κνωδάλων
857 1903 950 1956 καὶ
974 1903 1222 1974 ἑρπετῶν
1270 1904 1599 1974 προσκυνεῖν
1645 1920 1784 1974 παρ-

1893 1912 2230 1982 procideret,
2281 1913 2561 1983 persuasit
2593 1928 2608 1968 :
2643 1915 2920 1970 interdum
2969 1923 3030 1970 ut
3063 1915 3350 1973 daemones
3387 1921 3472 1986 ip-

40 2004 96 2032 ἀ)
139 2013 152 2021 ·
205 1993 528 2049 εσκεύασεν.
572 1994 808 2065 Ὁμοίως
846 1995 955 2063 γάρ
1004 1995 1120 2047 ἐστι
1153 1994 1411 2063 χαλεπὸν,
1469 1992 1655 2047 καὶτὸ
1683 1994 1784 2056 τοῖς

1893 2016 1984 2055 sos
2015 2002 2297 2064 adoraret,
2327 2019 2391 2059 ac
2420 2013 2689 2073 praeterea
2724 2006 2925 2062 crelum
2957 2013 3010 2061 et
3044 2017 3271 2074 terram,
3300 2009 3468 2063 solem

203 2087 412 2157 τιμίοις
439 2087 538 2158 τὴν
568 2085 928 2156 ὀφειλομένην
956 2086 1032 2156 μὴ
1063 2075 1364 2156 προσάγειν
1392 2087 1578 2156 τιμὴν,
1609 2084 1705 2140 καί¹
1733 2086 1784 2139 τὸ

1893 2099 1944 2145 ει
1992 2091 2198 2158 lunam,
2235 2093 2558 2164 stellasque,
2592 2108 2812 2149 omnem
2846 2095 3086 2166 denique
3133 2106 3468 2163 creaturam,

202 2182 322 2258 τοῖς
373 2178 595 2249 ἀτίμοις
641 2179 741 2250 τὴν
791 2178 867 2248 μὴ
908 2179 1298 2250 προσήκουσαν
1347 2177 1784 2248 ὑπερϐάλλουσαι

1893 2180 2186 2250 nequidem
2223 2160 2600 2239 animantibus
2630 2183 2768 2254 ipsis
2799 2193 2853 2238 et
2882 2160 3173 2254 rept-ilibus
3198 2160 3466 2257 exceptis.

201 2360 324 2431 Θεῷ
356 2361 457 2432 τὴν
486 2359 687 2412 κακίαν
721 2357 902 2427 λέγειν
929 2356 1154 2422 ἐδίδαξε.
1182 2356 1347 2419 Τινάς
1383 2356 1460 2421 δὲ,
1497 2350 1669 2409 αἴτιόν
1690 2355 1789 2424 τῆς

202 2452 410 2514 κακίας
442 2450 532 2503 τὸν
565 2448 725 2519 φύσει
750 2447 955 2517 ἀγαθὸν
977 2447 1112 2502 Θεὸν
1137 2446 1421 2517 ὁμολογεῖν
1450 2445 1785 2514 ἐξηπάτησεν

199 2543 296 2596 καὶ
325 2541 421 2605 οὓς
453 2541 570 2612 μὲν,
620 2541 751 2610 μίαν
804 2539 990 2610 φύσιν,
1038 2539 1135 2592 καὶ
1191 2537 1321 2607 μίαν
1366 2537 1664 2590 ὑπόστασιν
1691 2535 1788 2605 τῆς

200 2631 462 2701 θεότητος
511 2631 762 2699 ἀφρόνως
793 2629 974 2696 λέγειν
1005 2628 1343 2698 ἐπλάνησεν·
1389 2625 1484 2689 οὓς
1531 2625 1610 2688 δὲ,
1639 2625 1789 2695 τρεῖς

199 2721 400 2791 φύσεις
421 2722 516 2774 καὶ
548 2723 698 2790 τρεῖς
725 2719 1054 2781 ὑποστάσεις
1080 2717 1339 2788 ἀθέσμως
1363 2717 1544 2769 σέϐειν
1573 2714 1788 2786 £3605};-

157 2833 262 2883 ’σε
288 2832 302 2846 ·
331 2816 428 2867 καὶ
450 2814 566 2867 τισὶ
609 2812 746 2883 μὲν,
791 2812 918 2882 μίαν
964 2811 1263 2864 ὑπόστασιν
1310 2809 1404 2862 καὶ
1451 2808 1581 2878 μίαν
1629 2807 1791 2876 φύσιν

197 2877 294 2960 τ-οὖ
324 2906 536 2976 Κυρίου
561 2877 718 2976 ἡμῶν
762 2877 937 2973 ’ίησοῦ
957 2901 1218 2973 Χριστοῦ,
1242 2900 1336 2954 τοῦ
1366 2899 1484 2962 ἐνὸς
1512 2899 1610 2968 τῆς
1632 2898 1790 2966 ἁγίας

198 2997 458 3063 Τριάδος,
492 2995 605 3064 τισὶ
630 2994 688 3048 δὲ
713 2993 808 3047 δύο
838 2993 1049 3064 φύσεις,
1087 2993 1182 3046 καὶ
1209 2991 1303 3045 δύο
1338 2990 1666 3054 ὑποστάσεις
1691 2987 1785 3044 τοῦ

198 3088 369 3142 αὑτοῦ
401 3058 920 3164 δόξ’άῒεῗῖὑπέθετο.

143 2255 548 2342 τ’·’πβοσάπτειν
583 2270 764 2336 δόξαν.
805 2270 998 2331 Πάλιν,
1023 2268 1177 2332 τινὲς
1211 2269 1312 2338 μὲν
1354 2267 1690 2342 σρνάναρχον
1714 2265 1784 2337 τῷ

1893 2268 2076 2346 {Seque
2112 2271 2584 2350 enimdissimilis
2617 2284 2700 2328 est
2728 2274 2922 2345 ﬂagitii
2945 2276 3219 2333 honorem
3254 2279 3321 2333 iis
3339 2255 3465 2332 vnon

1893 2360 2178 2425 exhibere,
2230 2377 2352 2431 quae
2397 2363 2517 2432 ejus
2549 2360 2894 2434 digna‘sunt,
2931 2381 2994 2420 ac
3042 2368 3250 2424 nullius
3304 2369 3466 2438 pretii

1895 2451 2082 2516 rebus,
2135 2451 2361 2506 minime
2406 2464 2802 2522 congruentem
2855 2455 3322 2526 immodicamque
3351 2458 3470 2527 glo-

1895 2541 2034 2594 riam
2070 2541 2340 2596 tr’ibuere.
2367 2541 2507 2596 Aliis
2541 2542 2734 2608 Deum,
2773 2544 2868 2614 qu-i
2909 2553 3105 2615 suapte
3135 2557 3332 2600 natura
3368 2549 3468 2601 ho-

1895 2647 2002 2688 nus
2041 2639 2147 2697 est,
2182 2648 2308 2688 esse
2342 2641 2625 2689 auctorem
2672 2636 2825 2690 mali.
2876 2635 3186 2694 Nonnullos
3219 2639 3274 2693 in
3321 2639 3470 2693 hunc

1894 2737 2138 2778 errorem
2170 2724 2423 2790 adduxit,
2485 2734 2542 2779 ut
2580 2741 2877 2795 personam
2917 2699 3102 2783 unar’
3127 2730 3184 2784 in
3241 2731 3466 2792 dcitate,

1897 2813 2128 2882 perinde
2161 2822 2324 2883 atque
2365 2824 2624 2869 naturam
2653 2831 2820 2871 unam
2857 2819 3052 2874 insane
3080 2820 3463 2890 praedicarent.

1892 2900 2174 2966 Quosdam
2204 2903 2279 2957 ita
2308 2904 2550 2976 decepit,
2587 2915 2648 2960 ut
2682 2922 2790 2962 non
2832 2915 2948 2965 tres
2977 2925 3243 2979 personas
3280 2911 3465 2976 modo,

1891 3008 2085 3048 verum
2119 2995 2290 3050 etiam
2327 3003 2443 3050 tres
2477 3005 2709 3054 naturas
2737 2999 2948 3054 nefarie
2993 3001 3265 3057 colerent.
3325 3001 3470 3072 Sug-

1893 3085 2066 3157 gessit
2091 3087 2218 3142 aliis
2255 3093 2317 3141 ut
2343 3103 2511 3142 unam
2559 3087 2689 3146 Jesu
2735 3091 2944 3145 Christi
2999 3091 3216 3146 Domini
3264 3097 3465 3158 nostri,

198 3185 298 3254 qui
337 3200 489 3239 unus
517 3190 603 3239 est
635 3197 702 3239 ex
734 3189 928 3238 sancta
970 3181 1263 3246 Trinitate,
1292 3181 1443 3236 velut
1474 3193 1772 3249 personam
1813 3195 2007 3248 unam,
2030 3182 2111 3236 sic
2135 3197 2300 3236 unam
2333 3191 2592 3238 naturam
2661 3199 2788 3240 esse
2834 3185 3226 3242 existimarent
3251 3200 3273 3251 ;
3340 3187 3467 3240 aliis

200 3279 443 3349 denique
471 3279 550 3332 uti
579 3277 859 3346 duplicem
901 3275 959 3332 in
990 3291 1056 3332 eo
1083 3283 1364 3338 naturam,
1399 3274 1474 3327 ita
1509 3273 1783 3344 duplicem
1824 3289 2045 3344 quoque
2073 3290 2367 3345 personam
2392 3289 2516 3331 esse
2543 3276 2971 3332 arbitrarentur.

270 3377 344 3441 γ’.
384 3371 451 3424 Ἢ
477 3371 534 3425 δὲ
573 3369 820 3442 ἀλήθεια,
876 3370 1050 3440 μέσην
1092 3369 1210 3424 ὁδὸν
1243 3365 1547 3438 βαδίζουσα,
1601 3369 1781 3422 πάντα

1954 3371 2007 3424 5.
2049 3371 2117 3422 At
2155 3371 2360 3425 veritas
2400 3369 2577 3423 media
2611 3369 2695 3423 via
2732 3370 3015 3434 incedens,
3059 3370 3246 3425 omnia
3282 3371 3468 3427 isthmc

196 3460 380 3516 ταῦτα
408 3461 735 3531 ἀπαρνεῖται
762 3459 832 3520 τὰ
857 3459 1052 3523 ἄτοπα,
1085 3461 1179 3512 καὶ
1221 3459 1484 3522 διδάσκει,
1535 3459 1631 3512 ἕνα
1656 3460 1788 3513 Θεὸν

196 3552 513 3624 ὁμολογεῖν,
547 3550 676 3621 μίαν
707 3549 870 3620 φύσιν
917 3554 974 3604 ἐν
1002 3551 1182 3622 τρισὶν
1216 3550 1572 3614 ὑποστάσεσι,
1610 3550 1788 3622 Πατρὶ

197 3647 298 3700 καὶ
346 3643 465 3714 Υίῴ
504 3644 602 3696 καὶ¹
648 3642 788 3714 ἁγίῳ
839 3642 1117 3712 Πνεύματι
1147 3658 1160 3672 “
1193 3642 1292 3713 τὴν
1323 3642 1380 3696 δὲ
1416 3642 1635 3705 κακίαν,
1685 3643 1788 3696 οὑκ

196 3739 416 3800 οὐσίαν,
463 3736 604 3790 ἀλλὰ
647 3735 996 3806 συμϐεϐηκός
1028 3751 1213 3805 φησιν,
1267 3733 1476 3788 ἔννοιάν
1511 3751 1652 3798 τινα,
1693 3735 1788 3788 καὶ

197 3829 520 3899 λόγον,νκαλ.
558 3825 759 3898 πρᾶξιν
790 3826 943 3896 παρὰ
975 3827 1068 3879 τὸν
1118 3825 1281 3896 νόμον
1307 3823 1402 3877 τοῦ
1431 3823 1586 3887 Θεοῦ,
1619 3825 1677 3876 ὲν
1707 3822 1786 3893 τῷ

197 3920 530 3983 ἐννοεῖσθαι,
579 3919 672 3973 καὶ
720 3917 998 3987 λέγεσθαι,
1039 3917 1132 3969 καὶ
1162 3915 1496 3987 πράττεσθαι
1544 3914 1643 3986 τὴν
1678 3915 1784 3967 ῦπ-

196 4012 359 4083 αρξιν
389 4010 750 4082 ἔχουσαν,καὶ
775 4009 894 4078 ἃμα
917 4009 994 4079 τῷ
1021 4007 1332 4062 παύσασθαι
1358 4005 1783 4076 ἀφανιζομένην.

198 4105 326 4160 Ἔτι
347 4105 407 4159 δὲ
424 4104 525 4157 καὶ
542 4102 633 4156 τὸν
661 4102 756 4156 ’ἐνα
797 4104 897 4171 τῆς
939 4101 1099 4170 ἁγίας
1150 4099 1378 4171 Τριάδος
1404 4101 1496 4156 τὸν
1526 4099 1783 4172 Χριστὸν,

193 4197 292 4253 δύο
319 4195 519 4266 φύσεις
544 4192 828 4267 κηρύττει,
854 4194 949 4248 καὶ
973 4192 1098 4264 μίαν
1120 4193 1438 4247 ὑπόστασιν.

264 4375 328 4432 δ’.
371 4371 522 4429 Ἀλλ’
546 4373 576 4425 ό
604 4371 705 4442 τῆς
733 4371 996 4443 ἀληθείας
1020 4371 1114 4442 ὲχθ
1125 4371 1234 4444 ρὸς,
1259 4372 1353 4424 καὶ
1375 4371 1476 4441 τῆς
1508 4370 1784 4442 σωτηρίας

191 4468 304 4524 τῶν
327 4464 642 4538 ἀνθρώπων
663 4463 921 4534 πολέμιος
940 4463 1170 4534 δαίμων,
1190 4463 1282 4517 καὶ
1304 4462 1559 4534 φθαρτῶν
1579 4462 1674 4516 ἀνθ
1685 4461 1786 4532 ρώ-

191 4577 337 4624 πων,
370 4559 472 4612 κα¹ι
497 4553 784 4619 πετεινῶν,
807 4555 902 4607 καὶ
930 4553 1238 4617 κνωδάλων,
1288 4554 1381 4606 καὶ
1423 4553 1668 4623 ἑρπετῶν
1707 4554 1784 4605 εί-

191 4651 360 4713 κόνας
402 4649 610 4712 ποιεῖν,
657 4646 752 4698 καὶ
789 4644 1014 4708 ταύταις
1041 4645 1114 4708 ῶς
1149 4643 1291 4707 θεοῖς
1334 4647 1676 4713 προσκυνεῖν,
1719 4644 1780 4697 οὑ

194 4703 359 4812 μόνον
392 4738 466 4792 τά
493 4703 642 4808 ἔθνη,
671 4734 808 4788 ἀλλα
839 4734 936 4788 καὶ
963 4703 1287 4798 τοὺςνυίοὺς-
1311 4703 1528 4804 Ἰσραὴλ
1581 4703 1780 4788 πολλά-
1814 4703 1858 4758 D

192 4850 281 4896 κις
311 4831 628 4901 πλανήσας,
661 4826 759 4882 νῦν
826 4825 1213 4898 είρηνεύουσαν
1261 4827 1358 4898 τὴν
1391 4825 1486 4881 τοῦ
1539 4825 1780 4898 Χριστοῦ

203 4923 546 4992 Ἐκκλησίαν
562 4918 896 4992 συνταράξαι
922 4917 1234 4984 σπουδάζει,
1281 4918 1370 4972 διὰ
1411 4917 1635 4990 χειλέων
1665 4918 1783 4971 ἀδί-

193 5031 329 5080 κων,
359 5016 458 5067 καὶ
497 5010 748 5083 γλώσσης
791 5009 992 5074 δολίας,
1037 5009 1216 5080 λόγοις
1251 5010 1415 5074 θείοις
1442 5011 1541 5082 τὴν
1583 5010 1782 5065 κακίαν

151 5129 154 5132 ·
193 5103 564 5177 «emergam
587 5101 685 5155 καὶ
712 5100 920 5171 ταύτης
962 5100 1024 5153 τὸ
1052 5091 1301 5172 ἄσχημον
1358 5099 1454 5154 καὶ
1507 5101 1780 5155 σκοτεινὸν

195 5193 342 5262 εἶδος
394 5193 792 5249 ὲπικαλύπτειν
848 5195 1213 5265 πειρώμενος,
1269 5193 1501 5257 καὶτὰς
1558 5193 1786 5262 καρδίας

194 5287 308 5342 τῶν
337 5285 693 5357 ἀστηρίκτων
719 5285 964 5340 σαλεύειν
992 5289 1058 5340 ὲκ
1099 5285 1197 5356 τῆς
1264 5285 1496 5356 ἀληθοῦς
1544 5285 1638 5338 καὶ
1685 5304 1787 5355 πα-

193 5377 610 5454 τροπαραδότου
645 5377 954 5446 συνηθείας.
1007 5378 1338 5447 Ἀνέστησαν
1379 5379 1487 5448 γάρ
1510 5394 1654 5440 τινες
1698 5377 1784 5430 λέ-

196 5484 414 5538 γοντες,
445 5467 521 5529 ὡς
553 5465 614 5519 οὑ
645 5466 723 5519 δεῖ
743 5467 1026 5531 είκονίζειν
1059 5467 1153 5520 καὶ
1200 5465 1513 5538 προτιθέναι
1539 5468 1617 5529 εἰς
1648 5466 1783 5519 θεω-

202 5559 352 5630 ρίαν,
389 5556 490 5612 καὶ
522 5556 700 5622 δόξαν,
733 5558 826 5610 καὶ
851 5557 1057 5628 θαῦμα,
1082 5558 1175 5612 καὶ
1199 5557 1382 5628 ζῆλον,
1417 5557 1485 5611 τὰ
1512 5558 1606 5611 τοῦ
1644 5559 1782 5628 Χρισ-

201 5649 332 5704 στοῦ
361 5649 610 5720 σωτήρια
631 5648 908 5719 θαύματα,
933 5649 1024 5702 καὶ
1046 5647 1144 5714 τὰς
1173 5649 1282 5702 τῶν
1313 5649 1480 5717 ἁγίων
1506 5649 1778 5720 ἀνδραγα-

382 5825 538 5882 Psal.
579 5841 668 5890 xv,
699 5827 750 5880 1.
827 5827 874 5858 ’⁸
902 5825 1059 5882 Rom.
1087 5843 1123 5895 I,
1156 5825 1267 5896 2'5;
1299 5825 1497 5882 Ezech.
1524 5841 1643 5892 vm,
1686 5829 1768 5884 10.

1891 3460 2130 3514 absurda
2165 3467 2220 3514 et
2247 3459 2386 3514 falsa
2417 3459 2708 3528 reprobat;
2749 3461 3022 3530 docetque
3057 3476 3178 3525 nos,
3209 3469 3268 3514 ut
3298 3460 3465 3516 Deum

1889 3568 2058 3606 unum
2100 3552 2490 3617 confiteamur,
2515 3559 2768 3604 naturam
2792 3564 2956 3603 unam
3000 3551 3056 3604 in
3093 3551 3270 3606 tribus
3298 3551 3466 3622 hypo~

1889 3643 2155 3707 stasibns,
2191 3641 2352 3696 Patre
2382 3651 2433 3696 et
2474 3640 2613 3695 Filio
2653 3650 2706 3694 et
2731 3638 2938 3710 Spiritu
2975 3651 3172 3694 sancto
3208 3659 3222 3695 :
3260 3643 3464 3698 malum

1887 3747 2019 3786 vero
2078 3733 2447 3788 substantiam
2502 3745 2612 3785 non
2678 3743 2824 3793 esse,
2866 3729 2963 3784 sed
3024 3730 3306 3795 accidens,
3352 3733 3468 3787 sive

1889 3822 2185 3891 quamdam
2231 3821 2646 3892 cogitationem,
2707 3833 3019 3876 sermonem
3047 3828 3102 3875 et
3127 3821 3402 3877 actionem
3433 3837 3464 3876 a

1891 3912 1986 3968 Dei
2008 3914 2123 3983 lege
2165 3913 2543 3978 recedentem;
2577 3911 2740 3982 cujus
2773 3911 3096 3966 exsistentia
3139 3914 3192 3967 in
3225 3913 3328 3970 hoc
3362 3931 3462 3984 po-

1889 4005 1994 4059 sita
2056 4003 2149 4068 sit,
2205 4001 2352 4072 quod
2405 4003 2703 4072 cogitetur,
2757 4003 2978 4057 dicatur
3021 4011 3075 4059 et
3123 4013 3338 4075 agatur,
3405 4015 3465 4061 ut

1889 4095 2058 4152 simul
2087 4095 2190 4150 hac
2221 4105 2496 4158 cessatur,
2523 4110 2648 4150 esse
2669 4109 2901 4165 prorsus
2941 4095 3179 4151 desinat.
3211 4096 3292 4150 A‘d
3326 4098 3462 4162 haec,

1896 4187 2212 4252 Christum,
2254 4203 2422 4242 unum
2455 4187 2523 4243 de
2550 4193 2744 4242 sancta
2774 4185 3071 4252 Trinitate,
3111 4187 3331 4244 duabus
3368 4204 3466 4244 na-

1889 4278 2028 4333 turis
2061 4291 2341 4343 censure,
2370 4293 2653 4346 unamque
2690 4291 2986 4348 personam
3025 4292 3150 4333 esse
3179 4279 3461 4348 praedicat.

1957 4369 2010 4424 4.
2044 4369 2312 4424 Caeterum
2366 4368 2642 4433 diabolus,
2697 4367 2943 4422 veritatis
2976 4367 3254 4434 inimicus,
3285 4370 3464 4424 homi-

1888 4477 2129 4532 numque
2168 4461 2366 4517 salutis
2393 4461 2596 4527 hostis,
2628 4473 2756 4514 cum
2791 4473 2901 4512 non
2928 4465 3118 4530 gentes
3148 4459 3334 4525 modo,
3366 4460 3465 4515 sed

1886 4561 1940 4607 et
2015 4553 2282 4622 ipsosmet
2316 4551 2459 4607 filios
2494 4553 2662 4608 Israel
2702 4566 2847 4622 saepe
2885 4551 3222 4620 decepisset,
3253 4559 3313 4605 ut
3336 4567 3463 4607 cor—

1887 4641 2231 4710 ruptibilium
2278 4641 2566 4695 hominum
2598 4680 2613 4706 ,
2672 4641 2982 4706 volucrum,
3039 4640 3348 4695 belluarum
3402 4650 3456 4696 et

1889 4732 2226 4802 serpentium
2247 4730 2550 4787 conderent
2572 4731 2863 4804 imagines,
2884 4747 3023 4802 quas
3047 4739 3304 4800 tanquam
3326 4731 3460 4786 deos

1888 4823 2185 4879 adorarent
2223 4823 2317 4892 “;
2361 4838 2507 4877 nunc
2553 4821 2854 4878 Ecclesiam
2901 4821 3103 4879 Christi
3163 4823 3458 4891 tranquilla

1889 4928 2023 4984 pace
2082 4914 2355 4968 fruentem
2384 4915 2472 4969 his
2505 4915 2719 4971 artibus
2782 4915 3108 4984 perturbare
3142 4913 3359 4980 nititur,
3400 4923 3460 4969 ut

1889 5005 2051 5060 labiis
2078 5005 2286 5075 iniquis
2318 5011 2372 5058 et
2398 5005 2586 5074 lingua
2618 5005 2811 5060 dolosa
2842 5004 3086 5074 eloquiis
3112 5002 3316 5059 divinis
3345 5020 3459 5058 ma-

1884 5095 2060 5149 litiam
2105 5110 2422 5165 aspergcns,
2457 5094 2687 5150 deformi
2729 5106 2892 5165 atque
2923 5094 3269 5150 tenebricosa
3297 5094 3461 5165 hujus

1886 5194 2139 5248 obvelata
2185 5191 2359 5260 facie;
2405 5193 2752 5250 infirmorum
2809 5195 3026 5248 animos
3057 5206 3242 5247 avera
3296 5206 3462 5261 quam

1885 5285 2078 5342 Patres
2142 5287 2522 5348 instituerunt,
2563 5284 2966 5341 consuetudine
3011 5283 3273 5336 abducat.
3307 5278 3460 5335 Non-

1885 5378 2019 5432 nulli
2076 5379 2345 5448 siquidem
2380 5385 2766 5441 surrexm'unl.
2807 5375 2900 5446 (Ιιιῖ
2935 5382 3186 5429 θεείπθηι
3218 5388 3302 5438 ea,
3338 5387 3460 5443 ‘1"‘9

1885 5484 1988 5538 pro
2017 5478 2207 5523 nostra
2256 5470 2434 5526 salute
2473 5484 2502 5522 a
2531 5468 2757 5523 Christo
2812 5466 3159 5534 mirabiliter,
3191 5473 3244 5520 et
3274 5480 3302 5518 a
3330 5479 3460 5518 san-

1883 5557 1987 5612 ctis
2011 5556 2228 5612 fortiter
2263 5558 2530 5615 adversus
2571 5559 2852 5614 diabolum
2889 5564 3043 5628 gesta
3073 5565 3223 5623 sunt,
3252 5553 3461 5626 imagi-

1888 5648 2049 5704 nibus
2075 5649 2339 5720 piugenda
2371 5666 2476 5706 non
2507 5666 2650 5718 esse,
2670 5666 2790 5720 quae
2819 5649 3268 5721 contemplemur,
3303 5660 3461 5702 sene.
