3904 6358
41 119 50 156 )
111 135 118 160 ί
147 77 264 196 Win
289 135 302 188 I,
351 120 594 230 albula
729 77 902 178 ’Χελλχν
930 81 1125 230 ’ίὶῆ
1173 83 1316 160 llam.
1355 93 1476 203 Ῐῖτιίμ
1502 103 1628 174 ιι»,
1656 101 1807 155 [ενι.Ᾱο

116 221 138 230 ··
269 193 276 198 ’
487 227 490 230 ~
609 209 654 230 ir.
750 185 954 230 ".4.er
1007 191 1026 230 Α
1065 191 1070 200 ’
1105 193 1248 230 Ah};
1291 227 1297 230 _

1911 103 1914 106 .
1961 124 2062 216 αὐ]
2109 98 2272 196 mea;
2331 163 2338 172 ο
2369 117 2428 148 ’.ιβ
2479 129 2502 158 ο
2559 99 2848 186 ὶρίχ-,ρηυίλωξ
3069 155 3076 162 ,
3121 87 3232 161 ἕξινΔ

116 221 190 332 ”~\\
211 212 417 284 semet“
437 223 490 272 κη(
517 233 550 269 ’7

559 157 716 266 Leu
777 198 956 250 ωιπι
1007 157 1072 278 ἀςδ
1087 169 1248 248 (ἕψῃ,
1291 227 1297 233 .

239 457 374 524 1289

232 660 448 733 ἔρευνα.
495 660 632 712 Ἀλλ’
661 661 899 714 ἐνταῦθα
937 660 1206 731 νουνεχῶς
1261 661 1581 734 προσέχετε.
1655 657 1806 712 ’Δδύ-

231 767 412 815 νατον,
445 743 492 803 ὦ
513 749 813 820 ἀγαπητοὶ,
835 747 972 803 Θεὸν
1000 747 1328 818 ψεύσασθαι.
1361 744 1458 811 Εἷς
1489 746 1602 816 γάρ
1636 745 1657 766 ⁸
1692 745 1807 796 ἐστι
1843 795 1848 799 .

231 841 379 904 Θεὸς.
410 835 492 905 εἷς
519 841 820 912 νομοθέτης
847 840 1093 904 Παλαιᾶς
1123 841 1226 894 καὶ
1256 838 1468 909 Καινῆς
1509 835 1806 907 Διαθήκης,

229 935 259 987 6
279 933 447 988 πάλαι
477 935 715 1006 λαλήσας
769 933 1096 1006 πολυμερῶς
1141 933 1236 987 καὶ
1287 931 1642 1003 πολυτρόπως
1694 931 1808 992 τοῖς

231 1026 504 1095 πατράσιν
547 1028 606 1079 ὲν
631 1029 746 1090 τοῖς
781 1027 1113 1098 προφήταις,
1141 1024 1238 1078 καὶ
1271 1025 1358 1078 ἐπ’
1405 1021 1654 1093 ἐσχάτων
1698 1021 1808 1074 τῶν

227 1116 437 1188 χρόνων
473 1119 530 1170 ιν
560 1117 640 1188 τῷ
678 1119 958 1189 μονογενεῖ
978 1117 1143 1172 αὑτοῦ
1183 1115 1318 1188 Υίῷ.
1357 1115 1665 1185 Προσέχετε
1715 1114 1808 1168 τὸν

229 1207 355 1261 νοῦν
398 1207 537 1277 μετά
583 1208 903 1279 ἀκριϐείας·
946 1210 1047 1263 οὐκ
1097 1209 1230 1279 ἐμὸς
1271 1211 1299 1262 ό
1343 1207 1502 1277 λόγος
1551 1207 1668 1260 ἐστι
1699 1221 1713 1235 ·
1748 1206 1810 1258 τὸ

227 1297 458 1368 Πνεῦμα
489 1297 552 1352 τὸ
588 1298 747 1367 ἀγιον
775 1298 864 1352 διὰ
892 1299 1112 1352 Παύλου
1159 1299 1255 1353 τοῦ
1303 1298 1462 1368 ἀγίου
1503 1296 1805 1352 ἀποστόλου

226 1391 570 1462 ἀπεφήνατο,
613 1409 632 1443 ι
663 1391 993 1462 Πολυμερῶς
1020 1392 1116 1446 καὶ
1157 1391 1513 1463 πολυτρόπως
1567 1389 1736 1443 πάλαι
1777 1391 1806 1442 6

227 1481 361 1545 Θεὸς
392 1481 638 1552 λαλήσας
673 1485 786 1546 τοῖς
818 1483 1093 1553 πατράσιν
1128 1485 1189 1536 ἐν
1233 1484 1348 1546 τοῖς
1390 1482 1697 1553 προφήταις
1719 1521 1732 1535 .
1782 1498 1800 1532 ι

227 1573 375 1645 Ὅρα
421 1575 504 1628 ὅτι
556 1574 882 1645 πολυμερῶς
933 1576 1030 1628 καὶ
1081 1574 1434 1646 πολυτρόπως
1481 1573 1743 1646 ἐλάλησεν
1779 1576 1809 1626 ό

225 1663 381 1728 Θεός.
407 1667 624 1737 Ὠσπερ
656 1665 765 1736 γὰρ
808 1667 1132 1736 ἐπιστήμων
1167 1666 1349 1737 ἰατρὸς
1380 1666 1440 1719 οὐ
1474 1666 1535 1719 τὸ
1564 1665 1696 1718 αὐτὸ
1726 1663 1803 1718 εἷ-

225 1757 317 1820 δος
342 1756 744 1820 πᾶσινδίδωσιν,
770 1756 893 1810 οὐδὲ
941 1757 1196 1821 πάντοτε,
1236 1757 1354 1812 ἀλλ’
1395 1755 1612 1826 ἑκάστῳ
1663 1760 1806 1812 κατά

224 1846 328 1920 τὴν
353 1847 466 1914 ἕξιν
499 1848 733 1920 παρέχει
761 1848 822 1902 τὸ
855 1849 1166 1919 φάρμακον,
1196 1847 1512 1921 διακρίνων,
1544 1850 1638 1903 καὶ
1699 1849 1808 1920 χὼ-

229 1954 353 2010 ραν,
398 1939 494 1993 καὶ
530 1939 709 2003 νόσον,
736 1939 833 1994 καὶ
876 1938 1093 2010 καιρὸν,
1154 1941 1251 1994 καὶ
1279 1939 1530 2010 ήλικίαν·
1591 1940 1686 1994 καὶ
1729 1941 1807 2012 τῷ

229 2030 334 2100 μὲν
359 2030 561 2102 νηπίῳ,
593 2031 806 2102 ἕτερον,
845 2030 926 2101 τῷ
959 2030 1016 2084 δὲ
1041 2029 1234 2102 τελείῳ
1271 2029 1417 2098 κατά
1439 2017 1548 2102 τὴν
1567 2031 1806 2104 ἠλικίαν,

225 2123 448 2194 ἕτερον’
480 2122 610 2176 ἄλλο
633 2122 712 2194 τῷ
758 2122 998 2192 ἀσθενεῖ,
1047 2123 1146 2177 καὶ
1193 2122 1322 2179 άλλο
1362 2122 1440 2195 τῷ
1485 2125 1806 2193 ὑγιαίνοντι,

224 2216 322 2270 καὶ
342 2216 560 2288 ἑκάστῳ
585 2215 694 2270 τῶν
722 2215 1119 2282 ἀσθενούντων,
1145 2217 1206 2270 ού
1229 2215 1291 2269 τὸ
1313 2215 1470 2282 αὐτὸ,
1501 2215 1638 2270 ἀλλά
1671 2217 1809 2288 πρὸς

222 2308 326 2379 τὴν
356 2307 470 2373 ἕξιν
493 2308 588 2362 καὶ
617 2307 718 2380 τὴν
751 2308 907 2364 νόσον
929 2323 944 2339 ο
988 2307 1085 2362 καὶ
1110 2307 1242 2363 ἀλλο
1261 2306 1342 2378 τῷ
1374 2306 1547 2378 θέρει,
1574 2307 1672 2362 καὶ
1691 2327 1808 2380 χει-

227 2400 372 2472 μῶνι
400 2399 604 2471 ἕτερον,
639 2397 943 2471 μετοπώρῳ
963 2417 1026 2453 τε
1053 2399 1332 2484 καικῇρι,
1367 2399 1556 2484 κῇξιῌεν
1590 2400 1808 2472 ἑκάστῳ

221 2491 380 2564 τόπῳ
413 2492 556 2545 κατά
583 2491 684 2560 τὴν
706 2489 802 2544 τοῦ
831 2491 996 2544 τόπου
1029 2460 1505 2564 ιτξᾶῗῖἐὲίὸξηξθ
1523 2491 1670 2546 οὕτω
1713 2494 1808 2546 καὶ

221 2586 253 2639 6
285 2583 512 2654 ἀριστος
539 2581 650 2636 τῶν
678 2582 868 2653 ψυχῶν
898 2582 1102 2653 ἰατρὸς,
1126 2585 1240 2646 τοῖς
1286 2583 1370 2637 ἔτι
1419 2584 1657 2656 νηπίοις,
1710 2585 1808 2638 καὶ

222 2671 575 2746 ἀρρωστοῦσι
600 2671 702 2743 τὴν
727 2673 867 2744 πρὸς
904 2672 1351 2744 εἰδωλολατρείαν
1380 2673 1557 2738 νόσον,
1599 2675 1696 2728 καὶ
1737 2675 1806 2730 τά

222 2765 423 2820 εῐδωλα
453 2764 608 2827 θεοὺς
639 2765 989 2836 ήγουμὲνοις,
1023 2766 1120 2820 καὶ
1146 2765 1222 2830 ὡς
1246 2765 1390 2830 θεοῖς
1419 2767 1604 2832 αὐτοῖς
1635 2785 1806 2840 προσ-

221 2853 507 2920 κυνοῦσιν,
551 2857 646 2908 καὶ
667 2853 950 2909 ἀθετοῦσιν
990 2855 1092 2926 τὴν
1118 2855 1214 2910 τοῦ
1242 2856 1378 2911 Θεοῦ
1409 2857 1804 2932 προσκύνησιν,

223 2943 322 3003 καὶ
348 2944 450 3016 τὴν
479 2945 646 2998 αὑτοῦ
668 2945 828 3010 δόξαν
851 2949 920 3017 τῇ
947 2945 1124 3000 κτίσει
1159 2949 1552 3018 προσάγουσιν,
1594 2951 1806 3022 ἀπηγό-

226 3053 395 3110 ρευσε
419 3035 578 3091 τοῦτο
604 3041 804 3094 ποιεῖν.
835 3038 973 3092 Θεοῦ
1000 3041 1100 3111 μὲν
1119 3041 1228 3112 γὰρ
1240 3039 1340 3094 τοῦ
1359 3041 1682 3112 ἀσωμάτου,
1711 3044 1807 3099 καὶ

223 3128 490 3199 ἀοράτου,
523 3129 616 3183 καὶ
635 3129 825 3196 ἀΰλου,
877 3130 974 3186 καὶ
1013 3132 1152 3203 μήτε
1202 3132 1412 3204 σχῆμα,
1464 3135 1605 3206 μήτε
1651 3152 1808 3208 περι-

1327 459 1424 520 ΒΕ
1464 453 1923 518 IMAGINIBUS
1962 454 2349 520 ΟΒΑΤΙΟΠ.

132 547 140 628 ί
240 591 258 627 ι
294 571 573 646 Ἑρευνᾶτε
602 573 699 637 τὰς
720 572 979 644 Γραφάηκ
1013 590 1032 624 ι
1072 572 1230 644 Καλὴ
1253 572 1361 643 γὰρ
1384 573 1419 643 ἡ
1441 569 1551 624 τῶν
1577 567 1807 640 Γραφῶν

1910 573 2103 636 pturas
2132 567 2200 624 ³³.
2229 586 2248 620 ι
2294 565 2615 623 Laudabilis
2665 549 2866 638 quippe
2923 572 3010 622 est
3067 565 3482 638 Scripturarum

3295 496 3304 502 -
3343 455 3484 523 1290

1909 658 2298 727 perscrutatio.
2337 657 2444 714 Sed
2472 657 2564 713 hic
2584 657 2878 730 diligenter
2913 655 3158 711 animum
3190 659 3480 716 attendite.

1909 749 2252 821 lmpossibile
2280 759 2384 816 est,
2404 749 2773 817 dilectissimi,
2801 748 3022 804 mentiri
3044 747 3214 804 Deum
3240 749 3305 802 ³⁸.
3330 747 3484 808 Unus

1909 856 2078 910 porro
2143 839 2290 897 Dens
2323 849 2427 905 est,
2461 857 2606 897 unus
2636 839 2852 896 Veteris
2888 849 2944 896 ct
2973 839 3111 896 Novi
3140 838 3484 897 Testamenti

1908 930 2210 1001 legislator,
2243 931 2336 1002 qui
2372 931 2727 988 multifariam
2777 933 3082 1004 multisque
3139 933 3319 990 modis
3355 933 3484 988 olim

1910 1020 2130 1078 locutus
2164 1029 2248 1078 est
2276 1023 2529 1093 patribus
2568 1023 2624 1078 in
2657 1025 2966 1094 prophetis,
2997 1031 3054 1079 ct
3081 1024 3138 1078 in
3164 1023 3486 1081 novissimis

1909 1111 2247 1180 temporibus
2276 1113 2331 1168 in
2357 1111 2493 1168 Filio
2518 1128 2620 1169 suo
2645 1115 2954 1186 unigenito.
2973 1113 3230 1171 Vestrum
3261 1130 3484 1170 sensum
3557 1127 3562 1131 ‘

1909 1202 2186 1260 adhibete.
2226 1203 2345 1259 Non
2402 1220 2524 1262 mea
2558 1207 2722 1262 verba
2780 1214 2932 1274 sunt,
2963 1207 3060 1263 sed
3085 1222 3210 1278 quae
3246 1206 3488 1277 Spiritus

1910 1304 2134 1351 sanctus
2163 1311 2261 1366 per
2284 1305 2537 1352 sanctum
2559 1297 2879 1368 Apostolum
2911 1298 3110 1355 etfatus
3137 1307 3224 1354 est
3255 1313 3268 1350 :
3302 1318 3322 1352 ι
3346 1297 3489 1353 Mul-

1910 1385 2149 1441 tifariam
2196 1387 2494 1458 multisque
2529 1389 2711 1445 modis
2752 1390 2883 1444 olim
2949 1391 3183 1460 loquens
3213 1391 3360 1446 Deus
3386 1404 3489 1460 pa-

1910 1479 2090 1536 tribus
2136 1479 2191 1533 in
2228 1480 2594 1550 prephetis".
2633 1500 2652 1533 ι
2691 1480 2995 1536 Considera
3041 1473 3212 1538 Deum
3243 1483 3491 1538 multifa-

1911 1569 2046 1624 riam
2111 1569 2412 1640 multisque
2462 1566 2644 1626 modis
2705 1571 2950 1627 locutum
2982 1586 3127 1628 esse.
3155 1571 3313 1629 Sicut
3337 1573 3486 1629 enim

1910 1659 2122 1729 peritus
2164 1659 2412 1715 medicus
2445 1673 2556 1715 non
2608 1660 2888 1726 omnibus,
2927 1675 3028 1716 nec
3087 1677 3302 1733 semper
3341 1663 3489 1718 idem

1911 1751 2142 1806 remedii
2204 1751 2484 1806 ministrat
2541 1767 2746 1822 genus,
2793 1751 2890 1808 scd
2925 1760 3039 1807 tum
3070 1755 3339 1822 regionis,
3371 1764 3486 1810 tum

1911 1843 2112 1910 morbi,
2148 1849 2262 1898 tum
2312 1844 2600 1915 temporis,
2667 1851 2785 1898 tum
2829 1845 3010 1900 artatis
3052 1844 3241 1900 habita
3276 1847 3491 1902 ratione

1911 1933 2245 1990 medicinam
2307 1935 2515 2006 praebet
2549 1952 2565 1992 :
2595 1944 2762 2006 atque
2823 1937 2932 1991 alia
2965 1935 3188 2006 quidem
3209 1937 3372 2009 333
3398 1954 3492 1994 ra-

1910 2026 2059 2083 tione
2086 2026 2353 2084 infantem
2383 2034 2562 2092 curat.
2587 2028 2694 2083 alia
2726 2028 2909 2084 virum
2949 2035 3110 2084 aetate
3136 2037 3484 2100 provectum,

1911 2127 2264 2186 aegrotantem
2286 2118 2417 2186 alia,
2453 2119 2560 2174 alia
2586 2119 2826 2190 denique
2890 2134 3108 2187 sanum,
3143 2135 3248 2176 nec
3268 2123 3492 2192 mgrotis

1909 2208 2170 2265 omnibus
2219 2209 2410 2266 eodem
2459 2210 2710 2267 medetur
2731 2210 2932 2278 modo,
2963 2211 3064 2268 sed
3097 2219 3276 2268 status
3297 2227 3363 2269 ac
3393 2227 3492 2270 va-

1910 2301 2180 2359 letudinis
2233 2302 2510 2359 rationem
2559 2303 2684 2370 init,
2723 2311 2787 2360 ut
2841 2304 2992 2360 aliud
3041 2304 3266 2376 quidem
3299 2312 3492 2362 testate

1909 2393 2377 2450 medicamentum
2408 2394 2624 2462 all‘erat,
2657 2395 2804 2452 aliud
2849 2395 3049 2463 hieme,
3080 2397 3316 2454 alterum
3339 2413 3490 2463 vere.

1911 2491 2180 2548 autumno
2207 2486 2470 2553 alterum,
2523 2486 2676 2543 aliud
2709 2487 2930 2544 demum
2952 2503 3053 2560 pro
3082 2489 3227 2546 locis
3257 2489 3491 2560 singulis

1909 2574 2216 2632 secundum
2278 2577 2566 2650 regionum
2601 2577 2923 2635 discrimina
2956 2593 2974 2630 :
3004 2579 3369 2636 consimiliter
3388 2597 3489 2650 op-

1908 2667 2078 2724 timus
2106 2669 2418 2728 animorum
2449 2668 2719 2738 medicus,
2751 2669 3264 2729 iulantibusadbuc
3289 2683 3343 2730 et
3371 2673 3492 2729 ido~

1907 2760 2143 2816 lolatria:
2173 2762 2367 2818 morbo
2391 2761 2795 2830 laborantibus,
2848 2763 2966 2835 qui,
3021 2779 3147 2820 eum
3191 2766 3488 2822 simulacra

1906 2853 2042 2909 deos
2073 2867 2198 2910 esse
2246 2854 2667 2920 arbitrarentur,
2705 2867 2761 2911 et
2812 2864 3072 2927 tanquam
3129 2857 3262 2915 deos
3292 2859 3490 2915 adora-

1907 2952 2052 3010 rent,
2081 2945 2323 3000 debitam
2382 2944 2494 3002 Deo
2544 2948 2936 3015 reverentiam,
2995 2949 3170 3021 gloria
3209 2949 3386 3021 ipsius
3412 2957 3478 3009 ad

1907 3046 2212 3096 creaturam
2239 3040 2530 3107 translata,
2555 3041 2925 3112 denegabant,
2951 3041 3284 3114 imaginibus
3315 3044 3445 3100 inter
3462 3074 3488 3088 ο

1907 3131 2068 3187 dixit.
2124 3130 2423 3189 Enimvero
2467 3131 2559 3190 Dei
2615 3134 2714 3204 qui
2747 3143 2834 3191 est
2877 3134 3260 3205 incorporeus,
3291 3135 3488 3192 invisi-

221 3219 469 3290 γραφήν,
502 3221 642 3291 μήτε
688 3220 995 3292 κατάληψιν
1029 3222 1266 3292 ἔχοντος,
1311 3224 1575 3280 ἀδύνατον
1631 3231 1804 3283 ποιεῖν

1913 3220 2062 3286 bilis,
2119 3236 2150 3276 a
2199 3222 2428 3278 materia
2523 3223 2968 3289 remotissimus,
3027 3223 3217 3296 ﬁgura:
3268 3240 3487 3297 expers,

222 3311 435 3366 εἰκόνα.
457 3312 583 3376 Πῶς
603 3314 712 3384 γὰρ
729 3313 791 3366 τὸ
810 3313 887 3386 μὴ
905 3313 1105 3385 όραθὲν
1127 3315 1600 3388 είκονισθήσεται;
1625 3337 1645 3372 ι
1673 3319 1807 3374 Θεδν

221 3401 281 3456 δὲ
311 3401 490 3465 οὐδεὶς
515 3401 730 3473 ἑώρακε
769 3401 996 3457 πώποτε
1017 3419 1032 3434 ο
1073 3405 1104 3456 ό
1134 3406 1429 3477 μονογενὴς
1462 3407 1612 3476 Υιὺς,
1659 3411 1689 3462 6
1731 3407 1807 3464 ὧν

161 3512 164 3515 ·
221 3495 307 3557 εἰς
333 3493 430 3548 τὸν
455 3493 656 3548 κόλπον
688 3492 784 3547 τοῦ
821 3495 1056 3566 Πατρδς,
1080 3495 1242 3560 αὐτὸς
1263 3495 1590 3566 ἐξηγήσατο.
1623 3517 1642 3550 ι
1674 3499 1805 3567 Καὶ,

228 3603 251 3639 ι
278 3584 472 3647 Οὐδεὶς
523 3584 713 3655 δψεται
758 3585 821 3640 τὸ
875 3585 1168 3659 πρόσωπόν
1201 3603 1324 3658 μου,
1369 3588 1466 3643 καὶ
1495 3587 1742 3660 ζήσεται,
1782 3609 1804 3643 ι

219 3679 331 3753 εφη
362 3679 394 3734 ό
412 3679 565 3744 Θεός.

293 3827 374 3926 ηίί
403 3855 528 3908 Ὅτι
562 3853 622 3908 δὲ
659 3855 788 3923 τοῖςζ
829 3854 1068 3920 εἰδώλοις
1117 3856 1194 3921 ὡς
1223 3856 1366 3922 θεοῖς
1412 3859 1804 3932 προσεκύνουν,

218 3946 395 4001 ἄκουε
455 3947 506 4000 τί
535 3963 701 4017 φησιν
753 3949 788 4016 ἡ
843 3947 1038 4018 Γραφὴ
1100 3948 1159 4002 ἐν
1179 3951 1246 4021 τῇ
1293 3951 1492 4023 Ἐξόδῳ
1533 3953 1641 4006 τῶν
1675 3955 1807 4009 υἱῶν

233 4039 480 4112 Ἰσραὴλ,
507 4039 598 4094 ὅτε
625 4039 826 4111 ἀνῆλθε
860 4041 1103 4111 Μωῦσῆς
1140 4043 1223 4106 εἰς
1267 4044 1331 4096 τὸ
1361 4044 1488 4116 ὅρος
1524 4047 1678 4113 Σινᾶ,
1713 4049 1808 4103 καὶ

219 4133 476 4205 ὲχρόνισε
503 4132 884 4205 προσεδρεύων
930 4133 1012 4205 τῷ
1055 4133 1196 4206 Θεῷ,
1256 4135 1441 4191 λαϐεῖν
1497 4138 1589 4193 τὸν
1619 4141 1806 4211 νόμον,
1857 4193 1861 4197 .

217 4227 312 4278 ὅτε
344 4223 626 4294 ἐπανέστη
663 4225 692 4276 6
717 4223 991 4296 ἀγνώμων
1023 4223 1154 4289 λαὸς
1199 4226 1409 4298 ⁹Δαριῖιιν
1439 4228 1519 4300 τῷ
1543 4230 1640 4284 τοῦ
1668 4233 1806 4287 Θεοῦ

218 4316 547 4387 θεράποντι,
579 4314 862 4384 λίγοντεςυ
899 4333 919 4366 ι
957 4317 1190 4388 Ποίησον
1215 4319 1349 4390 ἡμῖν
1384 4319 1560 4389 θεοὺς,
1591 4324 1644 4377 οἳ
1673 4341 1806 4395 προ-

221 4409 598 4480 πορεύσονται
616 4407 801 4478 ήμῶν.
845 4408 904 4462 '0
941 4408 1052 4484 γὰρ
1088 4409 1376 4482 ἄνθρωπος
1403 4408 1558 4479 οὗτος
1585 4417 1615 4470 6
1637 4417 1806 4472 Μωῦ-

221 4505 346 4573 σῆς,
374 4502 484 4556 οὐκ
501 4499 722 4571 οἴδαμεν
756 4499 812 4554 τί
829 4500 1055 4570 γέγονεν
1100 4502 1269 4574 αὐτῷ.
1308 4523 1329 4556 ι
1362 4501 1500 4561 Εἶτα
1528 4507 1618 4562 ὅτε
1650 4526 1809 4578 περιο

1911 3312 2452 3382 incircumscriptus,
2507 3319 2562 3367 et
2627 3312 3237 3386 incomprehensibilis,
3309 3315 3489 3386 imago

1907 3404 2060 3459 nulla
2114 3402 2230 3459 ﬁeri
2280 3402 2478 3471 possit.
2527 3399 2664 3458 Nam
2703 3404 2982 3483 quomodo
3045 3404 3180 3460 illud
3233 3406 3378 3475 quod
3431 3407 3489 3461 in

1907 3502 2193 3567 aspectum
2224 3509 2335 3550 non
2369 3494 2543 3558 cadit,
2572 3496 2753 3565 imago
2780 3495 3192 3564 repraesentarit
3216 3496 3240 3550 ‘l
3267 3513 3285 3547 ι
3316 3496 3486 3551 Deum

1905 3594 2090 3643 autem
2109 3600 2271 3642 nemo
2310 3585 2448 3641 vidit
2490 3600 2730 3656 unquam
2765 3604 2780 3642 :
2813 3585 3134 3656 unigenitns
3167 3584 3362 3655 Filius,
3393 3587 3488 3658 qui

1904 3687 1992 3735 est
2037 3680 2091 3733 in
2127 3679 2251 3735 sinu
2281 3678 2488 3744 Patris,
2527 3678 2648 3748 ipse
2704 3678 3069 3734 enarravit".
3102 3696 3122 3731 ι
3149 3679 3236 3747 Et,
3271 3697 3292 3731 ι
3317 3678 3490 3737 Nemo

1907 3771 2118 3827 videbit
2169 3770 2366 3827 faciem
2418 3785 2618 3837 meam,
2646 3777 2702 3826 et
2733 3769 2937 3826 vivet"
2969 3809 2986 3835 ,
3019 3788 3040 3822 ι
3074 3769 3151 3824 ait
3177 3769 3345 3827 Deus.

1975 3863 2030 3920 8.
2062 3860 2232 3918 Porro
2252 3861 2397 3933 quod
2423 3861 2714 3918 simulacra
2739 3868 3002 3931 tanquam
3034 3861 3169 3919 deos
3197 3863 3487 3932 coluerint,

1907 3951 2036 4008 audi
2082 3951 2218 4022 quid
2271 3959 2460 4007 narret
2511 3949 2794 4021 Scriptura
2842 3951 2896 4006 in
2947 3949 3138 4009 Exodo
3181 3954 3272 4023 (id
3305 3964 3392 4012 est
3429 3955 3487 4010 in

1906 4042 2082 4116 exitu)
2141 4042 2376 4107 illioram
2425 4041 2616 4110 Israel,
2650 4042 2872 4114 quando
2902 4041 3116 4114 Moyses
3152 4045 3210 4099 in
3243 4053 3485 4101 montem

1909 4134 2064 4191 Sinai
2098 4134 2371 4201 ascendit,
2409 4135 2597 4205 ibique
2641 4134 2839 4190 sedens
2866 4148 2992 4189 cum
3022 4133 3135 4190 Deo
3178 4150 3484 4192 commora-

1907 4237 1998 4284 tus
2035 4235 2140 4295 est,
2172 4236 2230 4282 ut
2272 4227 2442 4298 legem
2480 4228 2796 4298 acciperet:
2839 4227 3080 4300 quando,
3115 4227 3371 4300 inquam,
3397 4231 3486 4286 in-

1907 4327 2099 4389 gratus
2146 4317 2385 4388 populus
2419 4315 2688 4373 adversus
2729 4316 2911 4371 Aaron
2959 4317 3271 4389 insurgens,
3300 4319 3482 4376 dixit:

1913 4409 2061 4464 «Fac
2107 4409 2266 4465 nobis
2315 4408 2448 4465 deos
2511 4407 2606 4478 qui
2640 4423 2743 4464 nos
2775 4410 3106 4479 praecedant.
3139 4409 3310 4482 Moysi
3340 4413 3483 4468 enim

1910 4499 2040 4555 huic
2061 4499 2182 4555 viro
2205 4499 2525 4570 ignoramus
2547 4497 2678 4569 quid
2697 4499 2962 4555 acciderit
2993 4499 3060 4555 ³⁸.
3093 4521 3112 4554 ι
3139 4501 3341 4559 Deinde
3360 4519 3482 4560 cum

215 4593 364 4648 εῖλον
393 4593 496 4647 τὸν
523 4593 730 4663 κόσμον
754 4591 865 4646 τῶν
895 4594 1174 4662 γυναικῶν
1201 4595 1406 4664 αὐτῶν,
1444 4598 1540 4652 καὶ
1574 4599 1807 4670 ἐχώνευ-

1913 4592 2096 4648 ablato
2134 4590 2432 4646 mulieran
2461 4605 2688 4646 suarum
2719 4599 2942 4656 ornatu,
2974 4592 3252 4650 conﬂatile
3283 4594 3480 4653 confe-

217 4701 343 4751 σαν,
372 4685 479 4740 καὶ
502 4684 728 4754 ἔφαγον,
761 4685 858 4739 καὶ⁸
910 4684 1086 4750 ἔπιον,
1119 4687 1216 4740 καὶ
1277 4687 1662 4761 ἐμεθύσθησαν
1702 4693 1808 4746 ὑπό

214 4794 278 4830 τε
304 4777 403 4833 τοῦ
438 4777 591 4831 οῐνου
621 4775 841 4848 καὶτῆς
880 4775 1111 4848 πλάνης,
1156 4778 1254 4832 καὶ
1287 4777 1525 4850 ἦρξαντο
1561 4782 1804 4851 παίζειν,

213 4867 589 4940 ἐειάφροσύνῃ
609 4867 859 4935 λέγοντες
881 4883 896 4898 ο
938 4860 1129 4922 ιυῦτοι
1149 4870 1200 4922 οἱ
1234 4869 1347 4924 θεοί
1379 4888 1497 4938 σου,
1528 4872 1798 4945 Ἰσραήλ.»

229 4958 420 5029 Ὁρᾷς,
449 4958 537 5011 ὅτι
564 4956 720 5020 θεοὺς
743 4953 891 5027 εἶχον
928 4958 998 5012 τὰ
1055 4957 1274 5034 εἴδωλα,
1323 4959 1480 5015 ἅτινα
1530 4960 1804 5034 δαιμόνων

108 5048 110 5055 ξ
216 5047 362 5123 ἦσαν
404 5050 842 5121 κατοικητήρια;
885 5051 980 5104 καὶ
1031 5051 1115 5105 ὅτι
1162 5055 1228 5123 τῇ
1277 5053 1452 5109 κτίσει
1517 5057 1811 5126 ἑλάτρευον

218 5140 376 5212 παρὰ
402 5141 498 5195 τὸν
526 5138 839 5205 κτίσαντας
881 5139 1081 5205 Καθὼς
1109 5158 1242 5212 φησι
1281 5144 1376 5197 καὶ¹
1411 5147 1440 5198 6
1468 5145 1610 5211 θεῖος
1647 5149 1813 5202 Ἀπόο

221 5231 408 5294 στολος
427 5247 444 5261 ο
477 5247 498 5282 ι
531 5229 744 5293 οἵτινες
769 5228 1008 5300 ήλλαξαν
1053 5231 1154 5301 τὴν
1185 5231 1346 5298 δόξαν
1383 5234 1479 5288 τοῦ
1527 5237 1806 5310 ἀφθάρτου

169 5323 172 5325 “
217 5319 380 5386 Θεοῦ,
397 5321 459 5372 ὲν
485 5319 796 5390 ὁμοιώματι
813 5317 1058 5390 φθαρτοῦ
1078 5320 1498 5393 ἀνθρώπου,καὶ
1519 5328 1805 5392 πετεινῶν,

216 5413 320 5467 καὶ
370 5413 742 5484 τετραπόδων,
787 5414 887 5466 καὶ
918 5413 1189 5484 ἑρπετῶν,
1217 5417 1312 5470 καὶ
1361 5418 1698 5492 ἐλάτρευσαν
1733 5426 1798 5497 τῇ

285 5591 338 5624 ³³
367 5588 748 5666 Joan.__v_,_
786 5659 801 5666 _
825 5590 870 5623 “
898 5589 1070 5649 llcbr.
1110 5608 1187 5658 γι,
1218 5593 1304 5650 l8.
1381 5596 1428 5629 ³⁸
1455 5595 1624 5653 Hebr.
1656 5615 1698 5666 ι,
1731 5599 1782 5655 l.

1922 5597 2084 5655 Joan.
2116 5616 2154 5665 ι,
2194 5599 2281 5655 l8.
2357 5598 2400 5630 ⁸⁷
2440 5595 2612 5652 Exod.
2642 5609 2840 5661 xxxtu,
2871 5593 2960 5649 20.

217 5661 243 5716 1
289 5677 449 5732 seqq.
527 5659 573 5691 ”
606 5661 744 5715 ibid.
773 5659 832 5714 ό.

1914 4683 2142 4747 eissent,
2193 4679 2555 4738 comederunt
2613 4687 2669 4736 et
2732 4681 3013 4751 biberunt,
3079 4692 3244 4755 atque
3297 4699 3488 4742 errore

1913 4793 2014 4836 suo
2037 4792 2290 4849 peraeque
2318 4791 2388 4833 ac
2415 4777 2543 4832 vino
2563 4776 2702 4832 ebrii
2756 4787 3044 4848 eruperunt
3069 4779 3279 4845 ludere,
3293 4789 3348 4836 et
3375 4795 3487 4850 pra:

1912 4869 2150 4924 amentia
2179 4869 2362 4926 dicere
2393 4886 2410 4926 :
2445 4887 2465 4920 ι
2499 4869 2564 4924 lli
2598 4878 2726 4925 sunt
2758 4869 2834 4924 dii
2859 4869 2961 4934 tui,
2996 4869 3164 4925 lsrael
3184 4871 3250 4925 ³⁸.
3274 4889 3294 4924 ι
3319 4869 3486 4928 Plain

1911 4962 2065 5018 vides
2121 4961 2272 5032 quod
2330 4961 2648 5028 simulacra,
2685 4976 2810 5032 quae
2861 4961 3141 5016 domicilia
3171 4961 3480 5018 dtemonum

1910 5062 2088 5118 erant,
2121 5068 2222 5124 pro
2251 5052 2362 5110 diis
2381 5054 2695 5120 habuerint,
2721 5053 2980 5124 quodque
3001 5061 3272 5110 creaturae
3300 5055 3484 5125 potius

1909 5161 2074 5217 quam
2104 5145 2352 5202 Creatori
2384 5146 2702 5211 servierint,
2722 5146 2881 5216 juxta
2901 5155 3065 5216 atque
3093 5146 3314 5202 divinus
3335 5147 3482 5216 Apo-

1909 5237 2088 5292 stolus
2119 5235 2198 5290 ait
2235 5251 2250 5288 :
2293 5255 2312 5289 ι
2335 5236 2438 5303 Qui
2473 5245 2836 5293 mutaverunt
2898 5237 3130 5314 gloriam
3189 5238 3479 5307 incorrup-

1910 5327 2084 5384 tibilis
2111 5324 2210 5382 Dei
2245 5327 2300 5382 in
2335 5326 2755 5396 similitudinem
2806 5326 3185 5398 corruptibilis
3214 5327 3476 5393 hominis,

1910 5431 1964 5478 et
1996 5421 2308 5488 volucrum,
2343 5430 2397 5476 et
2428 5418 2872 5492 quadrupedum,
2915 5429 2970 5474 et
3004 5421 3370 5491 serpentium,
3421 5427 3478 5476 et

3042 5596 3086 5627 ³⁸
3107 5593 3278 5653 Exod.
3299 5611 3478 5662 xxx",

1495 5752 1729 5812 VARI!)
1767 5753 2173 5816 LECTIONES.

289 5866 310 5890 ο
336 5846 504 5904 Forte
532 5845 724 5918 legend
737 5862 825 5902 um
859 5846 938 5903 δέ.

559 5943 835 6010 Parnm.
881 5941 996 6003 Gn.
1045 5939 1251 6001 XCIV.

3076 5894 3234 5974 ,μ
