  <div class='ocr_page' id='page_1' title='image "/cluster/home/n/w/nwhite01/storage/ocr_20150623/94/hvd.32044052838174/799.png"; bbox 0 0 3904 6358; ppageno 0'>
   <div class='ocr_carea' id='block_1_1' title="bbox 403 0 1900 88">
    <p class='ocr_par' dir='ltr' id='par_1_1' title="bbox 403 0 1900 88">
     <span class='ocr_line' id='line_1_1' title="bbox 403 0 1900 88; baseline -0.005 -20"><span class='ocrx_word' id='word_1_1' title='bbox 805 11 916 88; x_wconf 36' lang='grc' dir='ltr'>γε,</span> <span class='ocrx_word' id='word_1_2' title='bbox 970 0 1112 72; x_wconf 32' lang='lat' dir='ltr'><strong>lt...“</strong></span> <span class='ocrx_word' id='word_1_3' title='bbox 1151 30 1203 56; x_wconf 59' lang='grc' dir='ltr'><strong>ιι,</strong></span> <span class='ocrx_word' id='word_1_4' title='bbox 1259 5 1410 88; x_wconf 43' lang='grc' dir='ltr'>ξεί,</span> <span class='ocrx_word' id='word_1_5' title='bbox 1465 11 1554 82; x_wconf 48' lang='grc' dir='ltr'><strong>’τίς</strong></span> <span class='ocrx_word' id='word_1_6' title='bbox 1639 33 1692 68; x_wconf 53' lang='grc' dir='ltr'>ιι,</span> <span class='ocrx_word' id='word_1_7' title='bbox 1752 9 1818 71; x_wconf 53' lang='grc' dir='ltr'>ιω</span> <span class='ocrx_word' id='word_1_8' title='bbox 1863 35 1900 60; x_wconf 55' lang='grc' dir='ltr'><strong>κ.</strong></span> 
     </span>
    </p>
   </div>
   <div class='ocr_carea' id='block_1_2' title="bbox 477 379 616 444">
    <p class='ocr_par' dir='ltr' id='par_1_2' title="bbox 477 379 616 444">
     <span class='ocr_line' id='line_1_2' title="bbox 477 379 616 444; baseline 0.022 -3"><span class='ocrx_word' id='word_1_9' title='bbox 477 379 616 444; x_wconf 73' lang='grc'><strong>1299</strong></span> 
     </span>
    </p>
   </div>
   <div class='ocr_carea' id='block_1_3' title="bbox 1917 4 2223 66">
    <p class='ocr_par' dir='ltr' id='par_1_3' title="bbox 1917 4 2223 66">
     <span class='ocr_line' id='line_1_3' title="bbox 1917 4 2223 66; baseline -0.01 -8"><span class='ocrx_word' id='word_1_10' title='bbox 1917 33 1944 66; x_wconf 68' lang='lat' dir='ltr'><strong>f_</strong></span> <span class='ocrx_word' id='word_1_11' title='bbox 2199 23 2223 64; x_wconf 65' lang='grc' dir='ltr'><em>τ’</em></span> 
     </span>
    </p>
   </div>
   <div class='ocr_carea' id='block_1_4' title="bbox 1658 384 2546 451">
    <p class='ocr_par' dir='ltr' id='par_1_4' title="bbox 1658 384 2546 451">
     <span class='ocr_line' id='line_1_4' title="bbox 1658 384 2546 451; baseline 0.01 -8"><span class='ocrx_word' id='word_1_12' title='bbox 1658 384 1723 444; x_wconf 82' lang='grc'><strong>5.</strong></span> <span class='ocrx_word' id='word_1_13' title='bbox 1761 384 2082 445; x_wconf 81' lang='lat' dir='ltr'><strong>JOANNIS</strong></span> <span class='ocrx_word' id='word_1_14' title='bbox 2114 387 2546 451; x_wconf 81' lang='lat' dir='ltr'><strong>DAMASCENI</strong></span> 
     </span>
    </p>
   </div>
   <div class='ocr_carea' id='block_1_5' title="bbox 2233 2 2866 124">
    <p class='ocr_par' dir='ltr' id='par_1_5' title="bbox 2233 2 2866 124">
     <span class='ocr_line' id='line_1_5' title="bbox 2233 2 2866 124; baseline -0.008 -45"><span class='ocrx_word' id='word_1_15' title='bbox 2233 93 2236 100; x_wconf 39' lang='grc' dir='ltr'><strong>Ι</strong></span> <span class='ocrx_word' id='word_1_16' title='bbox 2299 2 2488 86; x_wconf 48' lang='grc' dir='ltr'>τίλελευιι</span> <span class='ocrx_word' id='word_1_17' title='bbox 2585 28 2812 124; x_wconf 37' lang='grc' dir='ltr'>Μικίμή</span> <span class='ocrx_word' id='word_1_18' title='bbox 2861 67 2866 74; x_wconf 91' lang='grc'>.</span> 
     </span>
    </p>
   </div>
   <div class='ocr_carea' id='block_1_6' title="bbox 3601 387 3767 451">
    <p class='ocr_par' dir='ltr' id='par_1_6' title="bbox 3601 387 3767 451">
     <span class='ocr_line' id='line_1_6' title="bbox 3601 387 3767 451; baseline -0.006 -1"><span class='ocrx_word' id='word_1_19' title='bbox 3601 387 3767 451; x_wconf 74' lang='lat' dir='ltr'><strong>I300</strong></span> 
     </span>
    </p>
   </div>
   <div class='ocr_carea' id='block_1_7' title="bbox 470 488 2037 578">
    <p class='ocr_par' dir='ltr' id='par_1_7' title="bbox 470 488 2037 561">
     <span class='ocr_line' id='line_1_7' title="bbox 470 488 2037 561; baseline 0 -17"><span class='ocrx_word' id='word_1_20' title='bbox 470 502 758 546; x_wconf 76' lang='lat' dir='ltr'><strong>coccinum</strong></span> <span class='ocrx_word' id='word_1_21' title='bbox 792 488 992 558; x_wconf 80' lang='lat' dir='ltr'><strong>duplex</strong></span> <span class='ocrx_word' id='word_1_22' title='bbox 1040 497 1251 554; x_wconf 89' lang='lat' dir='ltr'><strong>notum,</strong></span> <span class='ocrx_word' id='word_1_23' title='bbox 1299 498 1355 544; x_wconf 92' lang='lat' dir='ltr'><strong>et</strong></span> <span class='ocrx_word' id='word_1_24' title='bbox 1387 489 1614 561; x_wconf 85' lang='lat' dir='ltr'><strong>byssum</strong></span> <span class='ocrx_word' id='word_1_25' title='bbox 1663 497 1949 556; x_wconf 86' lang='lat' dir='ltr'><strong>retortam,</strong></span> <span class='ocrx_word' id='word_1_26' title='bbox 1985 498 2037 546; x_wconf 92' lang='lat' dir='ltr'><strong>et</strong></span> 
     </span>
    </p>
   </div>
   <div class='ocr_carea' id='block_1_8' title="bbox 2142 488 3765 578">
    <p class='ocr_par' dir='ltr' id='par_1_8' title="bbox 2146 494 3765 578">
     <span class='ocr_line' id='line_1_8' title="bbox 2146 494 3765 578; baseline -0.003 -26"><span class='ocrx_word' id='word_1_27' title='bbox 2146 499 2438 578; x_wconf 57' lang='lat' dir='ltr'><strong>mqpévov,</strong></span> <span class='ocrx_word' id='word_1_28' title='bbox 2469 500 2564 552; x_wconf 75' lang='grc' dir='ltr'>καὶ</span> <span class='ocrx_word' id='word_1_29' title='bbox 2591 498 2790 569; x_wconf 83' lang='grc' dir='ltr'>βύσσον</span> <span class='ocrx_word' id='word_1_30' title='bbox 2833 495 3246 568; x_wconf 75' lang='grc' dir='ltr'>κεκλωσμὲνην,</span> <span class='ocrx_word' id='word_1_31' title='bbox 3277 495 3375 549; x_wconf 74' lang='grc' dir='ltr'>καὶ</span> <span class='ocrx_word' id='word_1_32' title='bbox 3406 494 3605 566; x_wconf 81' lang='grc' dir='ltr'>τρίχας</span> <span class='ocrx_word' id='word_1_33' title='bbox 3651 497 3765 548; x_wconf 73' lang='lat' dir='ltr'><strong>ai-</strong></span> 
     </span>
    </p>
   </div>
   <div class='ocr_carea' id='block_1_9' title="bbox 471 579 2040 650">
    <p class='ocr_par' dir='ltr' id='par_1_9' title="bbox 471 579 2040 650">
     <span class='ocr_line' id='line_1_9' title="bbox 471 579 2040 650; baseline 0.001 -17"><span class='ocrx_word' id='word_1_34' title='bbox 471 579 615 650; x_wconf 86' lang='lat' dir='ltr'><strong>pilos</strong></span> <span class='ocrx_word' id='word_1_35' title='bbox 662 593 978 649; x_wconf 85' lang='lat' dir='ltr'><strong>caprarum,</strong></span> <span class='ocrx_word' id='word_1_36' title='bbox 1027 587 1082 634; x_wconf 91' lang='lat' dir='ltr'><strong>ct</strong></span> <span class='ocrx_word' id='word_1_37' title='bbox 1129 579 1296 650; x_wconf 86' lang='lat' dir='ltr'><strong>pelles</strong></span> <span class='ocrx_word' id='word_1_38' title='bbox 1351 581 1585 636; x_wconf 89' lang='lat' dir='ltr'><strong>arietum</strong></span> <span class='ocrx_word' id='word_1_39' title='bbox 1623 580 1956 647; x_wconf 86' lang='lat' dir='ltr'><strong>rubricatas,</strong></span> <span class='ocrx_word' id='word_1_40' title='bbox 1985 589 2040 636; x_wconf 91' lang='lat' dir='ltr'><strong>et</strong></span> 
     </span>
    </p>
   </div>
   <div class='ocr_carea' id='block_1_10' title="bbox 470 667 2038 742">
    <p class='ocr_par' dir='ltr' id='par_1_10' title="bbox 470 667 2038 742">
     <span class='ocr_line' id='line_1_10' title="bbox 470 667 2038 742; baseline 0.002 -20"><span class='ocrx_word' id='word_1_41' title='bbox 470 667 641 738; x_wconf 83' lang='lat' dir='ltr'><strong>pelles</strong></span> <span class='ocrx_word' id='word_1_42' title='bbox 672 667 1078 740; x_wconf 81' lang='lat' dir='ltr'><strong>hyacinthinas,</strong></span> <span class='ocrx_word' id='word_1_43' title='bbox 1107 677 1161 725; x_wconf 93' lang='lat' dir='ltr'><strong>et</strong></span> <span class='ocrx_word' id='word_1_44' title='bbox 1189 670 1334 742; x_wconf 75' lang='lat' dir='ltr'><strong>ligna</strong></span> <span class='ocrx_word' id='word_1_45' title='bbox 1360 670 1739 742; x_wconf 90' lang='lat' dir='ltr'><strong>imputribilia,</strong></span> <span class='ocrx_word' id='word_1_46' title='bbox 1779 680 1834 726; x_wconf 89' lang='lat' dir='ltr'><strong>et</strong></span> <span class='ocrx_word' id='word_1_47' title='bbox 1856 671 2038 726; x_wconf 90' lang='lat' dir='ltr'><strong>oleum</strong></span> 
     </span>
    </p>
   </div>
   <div class='ocr_carea' id='block_1_11' title="bbox 470 760 2039 834">
    <p class='ocr_par' dir='ltr' id='par_1_11' title="bbox 470 760 2039 834">
     <span class='ocr_line' id='line_1_11' title="bbox 470 760 2039 834; baseline 0.003 -19"><span class='ocrx_word' id='word_1_48' title='bbox 470 760 768 826; x_wconf 77' lang='lat' dir='ltr'><strong>unctionis,</strong></span> <span class='ocrx_word' id='word_1_49' title='bbox 801 770 858 816; x_wconf 88' lang='lat' dir='ltr'><strong>et</strong></span> <span class='ocrx_word' id='word_1_50' title='bbox 894 761 1197 834; x_wconf 87' lang='lat' dir='ltr'><strong>thymiama</strong></span> <span class='ocrx_word' id='word_1_51' title='bbox 1242 762 1686 834; x_wconf 79' lang='lat' dir='ltr'><strong>compositionis,</strong></span> <span class='ocrx_word' id='word_1_52' title='bbox 1733 769 1789 819; x_wconf 90' lang='lat' dir='ltr'><strong>et</strong></span> <span class='ocrx_word' id='word_1_53' title='bbox 1822 763 2039 833; x_wconf 89' lang='lat' dir='ltr'><strong>lapides</strong></span> 
     </span>
    </p>
   </div>
   <div class='ocr_carea' id='block_1_12' title="bbox 466 851 2038 926">
    <p class='ocr_par' dir='ltr' id='par_1_12' title="bbox 466 851 2038 926">
     <span class='ocr_line' id='line_1_12' title="bbox 466 851 2038 926; baseline 0 -17"><span class='ocrx_word' id='word_1_54' title='bbox 466 851 711 920; x_wconf 84' lang='lat' dir='ltr'><strong>sardios,</strong></span> <span class='ocrx_word' id='word_1_55' title='bbox 733 860 790 909; x_wconf 86' lang='lat' dir='ltr'><strong>et</strong></span> <span class='ocrx_word' id='word_1_56' title='bbox 830 852 1038 924; x_wconf 82' lang='lat' dir='ltr'><strong>lapides</strong></span> <span class='ocrx_word' id='word_1_57' title='bbox 1074 855 1128 910; x_wconf 89' lang='lat' dir='ltr'><strong>in</strong></span> <span class='ocrx_word' id='word_1_58' title='bbox 1163 856 1503 926; x_wconf 90' lang='lat' dir='ltr'><strong>sculpturam</strong></span> <span class='ocrx_word' id='word_1_59' title='bbox 1556 856 1624 910; x_wconf 87' lang='lat' dir='ltr'><strong>ad</strong></span> <span class='ocrx_word' id='word_1_60' title='bbox 1676 854 2038 926; x_wconf 87' lang='lat' dir='ltr'><strong>superhume-</strong></span> 
     </span>
    </p>
   </div>
   <div class='ocr_carea' id='block_1_13' title="bbox 466 943 2038 1017">
    <p class='ocr_par' dir='ltr' id='par_1_13' title="bbox 466 943 2038 1017">
     <span class='ocr_line' id='line_1_13' title="bbox 466 943 2038 1017; baseline 0.004 -20"><span class='ocrx_word' id='word_1_61' title='bbox 466 943 584 999; x_wconf 87' lang='lat' dir='ltr'><strong>rale</strong></span> <span class='ocrx_word' id='word_1_62' title='bbox 615 951 669 999; x_wconf 91' lang='lat' dir='ltr'><strong>et</strong></span> <span class='ocrx_word' id='word_1_63' title='bbox 698 943 952 1015; x_wconf 89' lang='lat' dir='ltr'><strong>poderem</strong></span> <span class='ocrx_word' id='word_1_64' title='bbox 985 963 1000 999; x_wconf 89' lang='lat'><strong>:</strong></span> <span class='ocrx_word' id='word_1_65' title='bbox 1037 952 1093 999; x_wconf 89' lang='lat' dir='ltr'><strong>et</strong></span> <span class='ocrx_word' id='word_1_66' title='bbox 1123 947 1380 1017; x_wconf 88' lang='lat' dir='ltr'><strong>quisquis</strong></span> <span class='ocrx_word' id='word_1_67' title='bbox 1417 955 1661 1002; x_wconf 89' lang='lat' dir='ltr'><strong>vestrum</strong></span> <span class='ocrx_word' id='word_1_68' title='bbox 1692 954 1779 1003; x_wconf 90' lang='lat' dir='ltr'><strong>est</strong></span> <span class='ocrx_word' id='word_1_69' title='bbox 1814 947 2038 1017; x_wconf 85' lang='lat' dir='ltr'><strong>sapiens</strong></span> 
     </span>
    </p>
   </div>
   <div class='ocr_carea' id='block_1_14' title="bbox 466 1027 2035 1107">
    <p class='ocr_par' dir='ltr' id='par_1_14' title="bbox 466 1027 2035 1107">
     <span class='ocr_line' id='line_1_14' title="bbox 466 1027 2035 1107; baseline 0 -18"><span class='ocrx_word' id='word_1_70' title='bbox 466 1027 653 1099; x_wconf 89' lang='lat' dir='ltr'><strong>corde,</strong></span> <span class='ocrx_word' id='word_1_71' title='bbox 685 1033 887 1097; x_wconf 80' lang='lat' dir='ltr'><strong>veniat,</strong></span> <span class='ocrx_word' id='word_1_72' title='bbox 907 1044 978 1089; x_wconf 59' lang='lat' dir='ltr'><strong>.et</strong></span> <span class='ocrx_word' id='word_1_73' title='bbox 1007 1034 1175 1089; x_wconf 81' lang='lat' dir='ltr'><strong>faciat</strong></span> <span class='ocrx_word' id='word_1_74' title='bbox 1197 1037 1378 1092; x_wconf 91' lang='lat' dir='ltr'><strong>omnia</strong></span> <span class='ocrx_word' id='word_1_75' title='bbox 1413 1052 1532 1106; x_wconf 75' lang='lat' dir='ltr'><strong>qnze</strong></span> <span class='ocrx_word' id='word_1_76' title='bbox 1575 1036 1832 1107; x_wconf 64' lang='lat' dir='ltr'><strong>praecepit</strong></span> <span class='ocrx_word' id='word_1_77' title='bbox 1858 1035 2000 1091; x_wconf 81' lang='lat' dir='ltr'><strong>Dens</strong></span> <span class='ocrx_word' id='word_1_78' title='bbox 2020 1076 2035 1100; x_wconf 92' lang='lat'><strong>,</strong></span> 
     </span>
    </p>
   </div>
   <div class='ocr_carea' id='block_1_15' title="bbox 467 1125 1182 1192">
    <p class='ocr_par' dir='ltr' id='par_1_15' title="bbox 467 1125 1182 1192">
     <span class='ocr_line' id='line_1_15' title="bbox 467 1125 1182 1192; baseline 0.003 -14"><span class='ocrx_word' id='word_1_79' title='bbox 467 1125 886 1181; x_wconf 85' lang='lat' dir='ltr'><strong>tabernaculum</strong></span> <span class='ocrx_word' id='word_1_80' title='bbox 914 1126 982 1192; x_wconf 85' lang='lat'><strong>“,</strong></span> <span class='ocrx_word' id='word_1_81' title='bbox 1023 1145 1040 1177; x_wconf 75' lang='grc' dir='ltr'><strong>ι</strong></span> <span class='ocrx_word' id='word_1_82' title='bbox 1072 1134 1182 1182; x_wconf 89' lang='lat' dir='ltr'><strong>etc.</strong></span> 
     </span>
    </p>
   </div>
   <div class='ocr_carea' id='block_1_16' title="bbox 539 1234 2037 1309">
    <p class='ocr_par' dir='ltr' id='par_1_16' title="bbox 539 1234 2037 1309">
     <span class='ocr_line' id='line_1_16' title="bbox 539 1234 2037 1309; baseline 0.003 -19"><span class='ocrx_word' id='word_1_83' title='bbox 539 1234 626 1292; x_wconf 72' lang='grc'><strong>14.</strong></span> <span class='ocrx_word' id='word_1_84' title='bbox 673 1237 751 1291; x_wconf 84' lang='grc' dir='ltr'>Εη</span> <span class='ocrx_word' id='word_1_85' title='bbox 797 1236 1049 1309; x_wconf 90' lang='lat' dir='ltr'><strong>profecto</strong></span> <span class='ocrx_word' id='word_1_86' title='bbox 1093 1239 1380 1293; x_wconf 87' lang='lat' dir='ltr'><strong>materiam</strong></span> <span class='ocrx_word' id='word_1_87' title='bbox 1434 1239 1756 1308; x_wconf 88' lang='lat' dir='ltr'><strong>pretiosam,</strong></span> <span class='ocrx_word' id='word_1_88' title='bbox 1820 1241 2037 1294; x_wconf 85' lang='lat' dir='ltr'><strong>tametsi</strong></span> 
     </span>
    </p>
   </div>
   <div class='ocr_carea' id='block_1_17' title="bbox 466 1328 2034 1402">
    <p class='ocr_par' dir='ltr' id='par_1_17' title="bbox 466 1328 2034 1402">
     <span class='ocr_line' id='line_1_17' title="bbox 466 1328 2034 1402; baseline -0.002 -17"><span class='ocrx_word' id='word_1_89' title='bbox 466 1329 592 1388; x_wconf 80' lang='lat' dir='ltr'><strong>vilis</strong></span> <span class='ocrx_word' id='word_1_90' title='bbox 625 1346 658 1387; x_wconf 89' lang='lat' dir='ltr'><strong>a</strong></span> <span class='ocrx_word' id='word_1_91' title='bbox 691 1331 843 1387; x_wconf 81' lang='lat' dir='ltr'><strong>vobis</strong></span> <span class='ocrx_word' id='word_1_92' title='bbox 867 1332 1190 1387; x_wconf 61' lang='lat' dir='ltr'><strong>aestimetur.</strong></span> <span class='ocrx_word' id='word_1_93' title='bbox 1221 1328 1363 1397; x_wconf 85' lang='lat' dir='ltr'><strong>Quid</strong></span> <span class='ocrx_word' id='word_1_94' title='bbox 1384 1331 1532 1386; x_wconf 88' lang='lat' dir='ltr'><strong>enim</strong></span> <span class='ocrx_word' id='word_1_95' title='bbox 1569 1331 1692 1401; x_wconf 88' lang='lat' dir='ltr'><strong>pilis</strong></span> <span class='ocrx_word' id='word_1_96' title='bbox 1721 1345 2034 1402; x_wconf 84' lang='lat' dir='ltr'><strong>caprarum,</strong></span> 
     </span>
    </p>
   </div>
   <div class='ocr_carea' id='block_1_18' title="bbox 465 1421 2040 1494">
    <p class='ocr_par' dir='ltr' id='par_1_18' title="bbox 465 1421 2040 1494">
     <span class='ocr_line' id='line_1_18' title="bbox 465 1421 2040 1494; baseline -0.001 -17"><span class='ocrx_word' id='word_1_97' title='bbox 465 1431 562 1478; x_wconf 88' lang='lat' dir='ltr'><strong>aut</strong></span> <span class='ocrx_word' id='word_1_98' title='bbox 607 1423 890 1482; x_wconf 88' lang='lat' dir='ltr'><strong>coloribus</strong></span> <span class='ocrx_word' id='word_1_99' title='bbox 939 1423 1407 1494; x_wconf 87' lang='lat' dir='ltr'><strong>contemptibilius</strong></span> <span class='ocrx_word' id='word_1_100' title='bbox 1448 1423 1560 1478; x_wconf 89' lang='lat' dir='ltr'><strong>sit?</strong></span> <span class='ocrx_word' id='word_1_101' title='bbox 1601 1421 1796 1478; x_wconf 82' lang='lat' dir='ltr'><strong>Nonne</strong></span> <span class='ocrx_word' id='word_1_102' title='bbox 1850 1422 2040 1477; x_wconf 87' lang='lat' dir='ltr'><strong>cocci-</strong></span> 
     </span>
    </p>
   </div>
   <div class='ocr_carea' id='block_1_19' title="bbox 466 1513 2039 1585">
    <p class='ocr_par' dir='ltr' id='par_1_19' title="bbox 466 1513 2039 1585">
     <span class='ocr_line' id='line_1_19' title="bbox 466 1513 2039 1585; baseline -0.002 -17"><span class='ocrx_word' id='word_1_103' title='bbox 466 1528 623 1580; x_wconf 86' lang='lat' dir='ltr'><strong>num,</strong></span> <span class='ocrx_word' id='word_1_104' title='bbox 675 1523 729 1570; x_wconf 91' lang='lat' dir='ltr'><strong>et</strong></span> <span class='ocrx_word' id='word_1_105' title='bbox 783 1530 1046 1585; x_wconf 88' lang='lat' dir='ltr'><strong>purpura,</strong></span> <span class='ocrx_word' id='word_1_106' title='bbox 1111 1523 1166 1570; x_wconf 90' lang='lat' dir='ltr'><strong>et</strong></span> <span class='ocrx_word' id='word_1_107' title='bbox 1219 1513 1547 1585; x_wconf 84' lang='lat' dir='ltr'><strong>hyacinthus</strong></span> <span class='ocrx_word' id='word_1_108' title='bbox 1600 1514 1819 1570; x_wconf 88' lang='lat' dir='ltr'><strong>colores</strong></span> <span class='ocrx_word' id='word_1_109' title='bbox 1863 1513 2039 1569; x_wconf 81' lang='lat' dir='ltr'><strong>sunt?</strong></span> 
     </span>
    </p>
   </div>
   <div class='ocr_carea' id='block_1_20' title="bbox 467 1601 2036 1673">
    <p class='ocr_par' dir='ltr' id='par_1_20' title="bbox 467 1601 2036 1673">
     <span class='ocr_line' id='line_1_20' title="bbox 467 1601 2036 1673; baseline -0.001 -17"><span class='ocrx_word' id='word_1_110' title='bbox 467 1601 611 1658; x_wconf 86' lang='lat' dir='ltr'><strong>Ecce</strong></span> <span class='ocrx_word' id='word_1_111' title='bbox 633 1610 919 1673; x_wconf 79' lang='lat' dir='ltr'><strong>praeterea,</strong></span> <span class='ocrx_word' id='word_1_112' title='bbox 955 1613 1070 1658; x_wconf 89' lang='lat' dir='ltr'><strong>tum</strong></span> <span class='ocrx_word' id='word_1_113' title='bbox 1099 1618 1240 1673; x_wconf 88' lang='lat' dir='ltr'><strong>opus</strong></span> <span class='ocrx_word' id='word_1_114' title='bbox 1278 1617 1539 1658; x_wconf 87' lang='lat' dir='ltr'><strong>manuum</strong></span> <span class='ocrx_word' id='word_1_115' title='bbox 1583 1601 1890 1666; x_wconf 86' lang='lat' dir='ltr'><strong>hominum,</strong></span> <span class='ocrx_word' id='word_1_116' title='bbox 1923 1610 2036 1656; x_wconf 90' lang='lat' dir='ltr'><strong>tum</strong></span> 
     </span>
    </p>
   </div>
   <div class='ocr_carea' id='block_1_21' title="bbox 465 1694 2036 1766">
    <p class='ocr_par' dir='ltr' id='par_1_21' title="bbox 465 1694 2036 1766">
     <span class='ocr_line' id='line_1_21' title="bbox 465 1694 2036 1766; baseline -0.003 -16"><span class='ocrx_word' id='word_1_117' title='bbox 465 1694 761 1750; x_wconf 88' lang='lat' dir='ltr'><strong>Cberubim</strong></span> <span class='ocrx_word' id='word_1_118' title='bbox 796 1696 1100 1766; x_wconf 81' lang='lat' dir='ltr'><strong>imagines:</strong></span> <span class='ocrx_word' id='word_1_119' title='bbox 1136 1695 1386 1766; x_wconf 90' lang='lat' dir='ltr'><strong>quinimo</strong></span> <span class='ocrx_word' id='word_1_120' title='bbox 1422 1702 1597 1749; x_wconf 85' lang='lat' dir='ltr'><strong>totum</strong></span> <span class='ocrx_word' id='word_1_121' title='bbox 1625 1694 2036 1752; x_wconf 84' lang='lat' dir='ltr'><strong>tabernaculum</strong></span> 
     </span>
    </p>
   </div>
   <div class='ocr_carea' id='block_1_22' title="bbox 468 1784 2036 1860">
    <p class='ocr_par' dir='ltr' id='par_1_22' title="bbox 468 1784 2036 1860">
     <span class='ocr_line' id='line_1_22' title="bbox 468 1784 2036 1860; baseline -0.001 -18"><span class='ocrx_word' id='word_1_122' title='bbox 468 1787 652 1860; x_wconf 77' lang='lat' dir='ltr'><strong>imago</strong></span> <span class='ocrx_word' id='word_1_123' title='bbox 709 1797 846 1844; x_wconf 88' lang='lat' dir='ltr'><strong>erat.</strong></span> <span class='ocrx_word' id='word_1_124' title='bbox 905 1807 924 1840; x_wconf 84' lang='grc' dir='ltr'><strong>ι</strong></span> <span class='ocrx_word' id='word_1_125' title='bbox 968 1786 1109 1843; x_wconf 84' lang='lat' dir='ltr'><strong>Vide</strong></span> <span class='ocrx_word' id='word_1_126' title='bbox 1147 1789 1317 1855; x_wconf 91' lang='lat' dir='ltr'><strong>enim,</strong></span> <span class='ocrx_word' id='word_1_127' title='bbox 1381 1787 1562 1858; x_wconf 89' lang='lat' dir='ltr'><strong>inquit</strong></span> <span class='ocrx_word' id='word_1_128' title='bbox 1614 1784 1761 1843; x_wconf 86' lang='lat' dir='ltr'><strong>Deus</strong></span> <span class='ocrx_word' id='word_1_129' title='bbox 1815 1785 2036 1857; x_wconf 85' lang='lat' dir='ltr'><strong>Moysen</strong></span> 
     </span>
    </p>
   </div>
   <div class='ocr_carea' id='block_1_23' title="bbox 465 1875 2038 1950">
    <p class='ocr_par' dir='ltr' id='par_1_23' title="bbox 465 1875 2038 1950">
     <span class='ocr_line' id='line_1_23' title="bbox 465 1875 2038 1950; baseline -0.001 -18"><span class='ocrx_word' id='word_1_130' title='bbox 465 1877 786 1948; x_wconf 77' lang='lat' dir='ltr'><strong>alloquens,</strong></span> <span class='ocrx_word' id='word_1_131' title='bbox 811 1879 996 1933; x_wconf 88' lang='lat' dir='ltr'><strong>omnia</strong></span> <span class='ocrx_word' id='word_1_132' title='bbox 1031 1877 1204 1934; x_wconf 80' lang='lat' dir='ltr'><strong>facias</strong></span> <span class='ocrx_word' id='word_1_133' title='bbox 1243 1878 1542 1934; x_wconf 92' lang='lat' dir='ltr'><strong>secundum</strong></span> <span class='ocrx_word' id='word_1_134' title='bbox 1583 1877 1863 1950; x_wconf 81' lang='lat' dir='ltr'><strong>exemplar</strong></span> <span class='ocrx_word' id='word_1_135' title='bbox 1892 1875 2038 1947; x_wconf 88' lang='lat' dir='ltr'><strong>quod</strong></span> 
     </span>
    </p>
   </div>
   <div class='ocr_carea' id='block_1_24' title="bbox 465 1965 2040 2026">
    <p class='ocr_par' dir='ltr' id='par_1_24' title="bbox 465 1965 2040 2026">
     <span class='ocr_line' id='line_1_24' title="bbox 465 1965 2040 2026; baseline 0.001 -3"><span class='ocrx_word' id='word_1_136' title='bbox 465 1969 570 2024; x_wconf 85' lang='lat' dir='ltr'><strong>tibi</strong></span> <span class='ocrx_word' id='word_1_137' title='bbox 590 1975 878 2026; x_wconf 85' lang='lat' dir='ltr'><strong>ostensum</strong></span> <span class='ocrx_word' id='word_1_138' title='bbox 904 1975 985 2024; x_wconf 86' lang='lat' dir='ltr'><strong>est</strong></span> <span class='ocrx_word' id='word_1_139' title='bbox 1035 1968 1092 2022; x_wconf 90' lang='lat' dir='ltr'><strong>in</strong></span> <span class='ocrx_word' id='word_1_140' title='bbox 1123 1977 1307 2024; x_wconf 91' lang='lat' dir='ltr'><strong>monte</strong></span> <span class='ocrx_word' id='word_1_141' title='bbox 1330 1969 1398 2022; x_wconf 82' lang='lat'><strong>&quot;.</strong></span> <span class='ocrx_word' id='word_1_142' title='bbox 1432 1986 1451 2019; x_wconf 71' lang='grc' dir='ltr'><strong>ι</strong></span> <span class='ocrx_word' id='word_1_143' title='bbox 1491 1966 1864 2024; x_wconf 87' lang='lat' dir='ltr'><strong>Nihilominus</strong></span> <span class='ocrx_word' id='word_1_144' title='bbox 1905 1965 2040 2025; x_wconf 82' lang='lat' dir='ltr'><strong>illud</strong></span> 
     </span>
    </p>
   </div>
   <div class='ocr_carea' id='block_1_25' title="bbox 467 2057 2038 2123">
    <p class='ocr_par' dir='ltr' id='par_1_25' title="bbox 467 2057 2038 2123">
     <span class='ocr_line' id='line_1_25' title="bbox 467 2057 2038 2123; baseline -0.001 -8"><span class='ocrx_word' id='word_1_145' title='bbox 467 2061 536 2117; x_wconf 86' lang='lat' dir='ltr'><strong>ab</strong></span> <span class='ocrx_word' id='word_1_146' title='bbox 563 2060 712 2116; x_wconf 88' lang='lat' dir='ltr'><strong>omni</strong></span> <span class='ocrx_word' id='word_1_147' title='bbox 749 2061 920 2116; x_wconf 84' lang='lat' dir='ltr'><strong>Israel</strong></span> <span class='ocrx_word' id='word_1_148' title='bbox 961 2061 1017 2115; x_wconf 88' lang='lat' dir='ltr'><strong>in</strong></span> <span class='ocrx_word' id='word_1_149' title='bbox 1072 2059 1311 2115; x_wconf 89' lang='lat' dir='ltr'><strong>circuitu</strong></span> <span class='ocrx_word' id='word_1_150' title='bbox 1363 2057 1718 2116; x_wconf 86' lang='lat' dir='ltr'><strong>adorabatur.</strong></span> <span class='ocrx_word' id='word_1_151' title='bbox 1774 2058 1855 2112; x_wconf 76' lang='grc' dir='ltr'><strong>Αιι</strong></span> <span class='ocrx_word' id='word_1_152' title='bbox 1902 2059 2038 2123; x_wconf 81' lang='lat' dir='ltr'><strong>haec,</strong></span> 
     </span>
    </p>
   </div>
   <div class='ocr_carea' id='block_1_26' title="bbox 469 2149 2040 2222">
    <p class='ocr_par' dir='ltr' id='par_1_26' title="bbox 469 2149 2040 2222">
     <span class='ocr_line' id='line_1_26' title="bbox 469 2149 2040 2222; baseline -0.001 -16"><span class='ocrx_word' id='word_1_153' title='bbox 469 2167 654 2208; x_wconf 88' lang='lat' dir='ltr'><strong>nonne</strong></span> <span class='ocrx_word' id='word_1_154' title='bbox 708 2149 1002 2208; x_wconf 83' lang='lat' dir='ltr'><strong>Cherubim</strong></span> <span class='ocrx_word' id='word_1_155' title='bbox 1033 2151 1090 2206; x_wconf 88' lang='lat' dir='ltr'><strong>in</strong></span> <span class='ocrx_word' id='word_1_156' title='bbox 1120 2158 1425 2222; x_wconf 89' lang='lat' dir='ltr'><strong>conspectu</strong></span> <span class='ocrx_word' id='word_1_157' title='bbox 1454 2150 1640 2221; x_wconf 85' lang='lat' dir='ltr'><strong>populi</strong></span> <span class='ocrx_word' id='word_1_158' title='bbox 1667 2150 1868 2206; x_wconf 85' lang='lat' dir='ltr'><strong>erant?</strong></span> <span class='ocrx_word' id='word_1_159' title='bbox 1897 2149 2040 2217; x_wconf 86' lang='lat' dir='ltr'><strong>Quin</strong></span> 
     </span>
    </p>
   </div>
   <div class='ocr_carea' id='block_1_27' title="bbox 467 2245 2038 2312">
    <p class='ocr_par' dir='ltr' id='par_1_27' title="bbox 467 2245 2038 2312">
     <span class='ocr_line' id='line_1_27' title="bbox 467 2245 2038 2312; baseline 0 -13"><span class='ocrx_word' id='word_1_160' title='bbox 467 2248 633 2299; x_wconf 88' lang='lat' dir='ltr'><strong>etiam</strong></span> <span class='ocrx_word' id='word_1_161' title='bbox 685 2260 835 2310; x_wconf 87' lang='lat' dir='ltr'><strong>arca,</strong></span> <span class='ocrx_word' id='word_1_162' title='bbox 884 2253 938 2301; x_wconf 91' lang='lat' dir='ltr'><strong>et</strong></span> <span class='ocrx_word' id='word_1_163' title='bbox 969 2245 1218 2312; x_wconf 88' lang='lat' dir='ltr'><strong>lucerna,</strong></span> <span class='ocrx_word' id='word_1_164' title='bbox 1247 2256 1299 2301; x_wconf 91' lang='lat' dir='ltr'><strong>et</strong></span> <span class='ocrx_word' id='word_1_165' title='bbox 1331 2259 1542 2308; x_wconf 88' lang='lat' dir='ltr'><strong>mensa,</strong></span> <span class='ocrx_word' id='word_1_166' title='bbox 1585 2251 1639 2300; x_wconf 92' lang='lat' dir='ltr'><strong>et</strong></span> <span class='ocrx_word' id='word_1_167' title='bbox 1670 2260 1808 2299; x_wconf 89' lang='lat' dir='ltr'><strong>urna</strong></span> <span class='ocrx_word' id='word_1_168' title='bbox 1851 2259 2038 2307; x_wconf 86' lang='lat' dir='ltr'><strong>aurea,</strong></span> 
     </span>
    </p>
   </div>
   <div class='ocr_carea' id='block_1_28' title="bbox 467 2334 2043 2407">
    <p class='ocr_par' dir='ltr' id='par_1_28' title="bbox 467 2334 2043 2407">
     <span class='ocr_line' id='line_1_28' title="bbox 467 2334 2043 2407; baseline 0.001 -18"><span class='ocrx_word' id='word_1_169' title='bbox 467 2343 522 2389; x_wconf 89' lang='lat' dir='ltr'><strong>et</strong></span> <span class='ocrx_word' id='word_1_170' title='bbox 553 2336 734 2407; x_wconf 69' lang='lat' dir='ltr'><strong>virga,</strong></span> <span class='ocrx_word' id='word_1_171' title='bbox 757 2335 824 2390; x_wconf 88' lang='lat' dir='ltr'><strong>ad</strong></span> <span class='ocrx_word' id='word_1_172' title='bbox 855 2351 978 2406; x_wconf 73' lang='lat' dir='ltr'><strong>quae</strong></span> <span class='ocrx_word' id='word_1_173' title='bbox 1004 2336 1308 2406; x_wconf 89' lang='lat' dir='ltr'><strong>respiciens</strong></span> <span class='ocrx_word' id='word_1_174' title='bbox 1347 2336 1580 2406; x_wconf 87' lang='lat' dir='ltr'><strong>populus</strong></span> <span class='ocrx_word' id='word_1_175' title='bbox 1605 2334 1889 2390; x_wconf 84' lang='lat' dir='ltr'><strong>adorabat.</strong></span> <span class='ocrx_word' id='word_1_176' title='bbox 1927 2335 2043 2390; x_wconf 80' lang='lat' dir='ltr'><strong>Ma-</strong></span> 
     </span>
    </p>
   </div>
   <div class='ocr_carea' id='block_1_29' title="bbox 468 2428 2040 2499">
    <p class='ocr_par' dir='ltr' id='par_1_29' title="bbox 468 2428 2040 2499">
     <span class='ocr_line' id='line_1_29' title="bbox 468 2428 2040 2499; baseline 0.001 -18"><span class='ocrx_word' id='word_1_177' title='bbox 468 2429 666 2484; x_wconf 89' lang='lat' dir='ltr'><strong>teriam</strong></span> <span class='ocrx_word' id='word_1_178' title='bbox 702 2443 812 2484; x_wconf 90' lang='lat' dir='ltr'><strong>non</strong></span> <span class='ocrx_word' id='word_1_179' title='bbox 855 2428 1049 2496; x_wconf 86' lang='lat' dir='ltr'><strong>adoro,</strong></span> <span class='ocrx_word' id='word_1_180' title='bbox 1101 2428 1198 2485; x_wconf 90' lang='lat' dir='ltr'><strong>sed</strong></span> <span class='ocrx_word' id='word_1_181' title='bbox 1240 2429 1482 2484; x_wconf 73' lang='lat' dir='ltr'><strong>materia:</strong></span> <span class='ocrx_word' id='word_1_182' title='bbox 1532 2428 1900 2493; x_wconf 86' lang='lat' dir='ltr'><strong>conditorem,</strong></span> <span class='ocrx_word' id='word_1_183' title='bbox 1945 2429 2040 2499; x_wconf 90' lang='lat' dir='ltr'><strong>qni</strong></span> 
     </span>
    </p>
   </div>
   <div class='ocr_carea' id='block_1_30' title="bbox 467 2519 2040 2591">
    <p class='ocr_par' dir='ltr' id='par_1_30' title="bbox 467 2519 2040 2591">
     <span class='ocr_line' id='line_1_30' title="bbox 467 2519 2040 2591; baseline -0.001 -16"><span class='ocrx_word' id='word_1_184' title='bbox 467 2529 696 2591; x_wconf 79' lang='lat' dir='ltr'><strong>propter</strong></span> <span class='ocrx_word' id='word_1_185' title='bbox 723 2535 809 2578; x_wconf 90' lang='lat' dir='ltr'><strong>me</strong></span> <span class='ocrx_word' id='word_1_186' title='bbox 842 2520 1076 2577; x_wconf 88' lang='lat' dir='ltr'><strong>materia</strong></span> <span class='ocrx_word' id='word_1_187' title='bbox 1110 2519 1290 2576; x_wconf 90' lang='lat' dir='ltr'><strong>factus</strong></span> <span class='ocrx_word' id='word_1_188' title='bbox 1318 2529 1424 2587; x_wconf 89' lang='lat' dir='ltr'><strong>est,</strong></span> <span class='ocrx_word' id='word_1_189' title='bbox 1475 2529 1529 2576; x_wconf 90' lang='lat' dir='ltr'><strong>et</strong></span> <span class='ocrx_word' id='word_1_190' title='bbox 1570 2519 1625 2575; x_wconf 90' lang='lat' dir='ltr'><strong>in</strong></span> <span class='ocrx_word' id='word_1_191' title='bbox 1679 2521 1906 2576; x_wconf 88' lang='lat' dir='ltr'><strong>materia</strong></span> <span class='ocrx_word' id='word_1_192' title='bbox 1938 2519 2040 2574; x_wconf 83' lang='lat' dir='ltr'><strong>do-</strong></span> 
     </span>
    </p>
   </div>
   <div class='ocr_carea' id='block_1_31' title="bbox 468 2611 2040 2684">
    <p class='ocr_par' dir='ltr' id='par_1_31' title="bbox 468 2611 2040 2684">
     <span class='ocr_line' id='line_1_31' title="bbox 468 2611 2040 2684; baseline 0 -18"><span class='ocrx_word' id='word_1_193' title='bbox 468 2611 737 2668; x_wconf 86' lang='lat' dir='ltr'><strong>micilium</strong></span> <span class='ocrx_word' id='word_1_194' title='bbox 796 2612 1004 2684; x_wconf 87' lang='lat' dir='ltr'><strong>posuit,</strong></span> <span class='ocrx_word' id='word_1_195' title='bbox 1070 2620 1236 2684; x_wconf 88' lang='lat' dir='ltr'><strong>atque</strong></span> <span class='ocrx_word' id='word_1_196' title='bbox 1301 2627 1398 2682; x_wconf 88' lang='lat' dir='ltr'><strong>per</strong></span> <span class='ocrx_word' id='word_1_197' title='bbox 1462 2611 1753 2668; x_wconf 87' lang='lat' dir='ltr'><strong>materiam</strong></span> <span class='ocrx_word' id='word_1_198' title='bbox 1804 2611 2040 2669; x_wconf 83' lang='lat' dir='ltr'><strong>salutem</strong></span> 
     </span>
    </p>
   </div>
   <div class='ocr_carea' id='block_1_32' title="bbox 467 2702 2044 2777">
    <p class='ocr_par' dir='ltr' id='par_1_32' title="bbox 467 2702 2044 2777">
     <span class='ocr_line' id='line_1_32' title="bbox 467 2702 2044 2777; baseline 0.002 -20"><span class='ocrx_word' id='word_1_199' title='bbox 467 2704 605 2760; x_wconf 83' lang='lat' dir='ltr'><strong>mihi</strong></span> <span class='ocrx_word' id='word_1_200' title='bbox 631 2707 890 2777; x_wconf 81' lang='lat' dir='ltr'><strong>patravit.</strong></span> <span class='ocrx_word' id='word_1_201' title='bbox 927 2722 947 2757; x_wconf 75' lang='grc' dir='ltr'><strong>ι</strong></span> <span class='ocrx_word' id='word_1_202' title='bbox 979 2702 1218 2760; x_wconf 86' lang='lat' dir='ltr'><strong>Verbum</strong></span> <span class='ocrx_word' id='word_1_203' title='bbox 1250 2706 1395 2760; x_wconf 87' lang='lat' dir='ltr'><strong>enim</strong></span> <span class='ocrx_word' id='word_1_204' title='bbox 1424 2719 1553 2760; x_wconf 87' lang='lat' dir='ltr'><strong>caro</strong></span> <span class='ocrx_word' id='word_1_205' title='bbox 1597 2704 1801 2762; x_wconf 84' lang='lat' dir='ltr'><strong>factum</strong></span> <span class='ocrx_word' id='word_1_206' title='bbox 1832 2713 1938 2771; x_wconf 89' lang='lat' dir='ltr'><strong>est,</strong></span> <span class='ocrx_word' id='word_1_207' title='bbox 1986 2713 2044 2761; x_wconf 83' lang='lat' dir='ltr'><strong>et</strong></span> 
     </span>
    </p>
   </div>
   <div class='ocr_carea' id='block_1_33' title="bbox 472 2796 2038 2869">
    <p class='ocr_par' dir='ltr' id='par_1_33' title="bbox 472 2796 2038 2869">
     <span class='ocr_line' id='line_1_33' title="bbox 472 2796 2038 2869; baseline 0.001 -18"><span class='ocrx_word' id='word_1_208' title='bbox 472 2797 741 2853; x_wconf 82' lang='lat' dir='ltr'><strong>habitavit</strong></span> <span class='ocrx_word' id='word_1_209' title='bbox 782 2799 836 2852; x_wconf 86' lang='lat' dir='ltr'><strong>in</strong></span> <span class='ocrx_word' id='word_1_210' title='bbox 894 2796 1053 2853; x_wconf 88' lang='lat' dir='ltr'><strong>nobis</strong></span> <span class='ocrx_word' id='word_1_211' title='bbox 1080 2797 1149 2852; x_wconf 81' lang='grc'><strong>⁸⁸.</strong></span> <span class='ocrx_word' id='word_1_212' title='bbox 1191 2815 1212 2849; x_wconf 75' lang='grc' dir='ltr'><strong>ι</strong></span> <span class='ocrx_word' id='word_1_213' title='bbox 1247 2796 1529 2852; x_wconf 83' lang='lat' dir='ltr'><strong>Neminem</strong></span> <span class='ocrx_word' id='word_1_214' title='bbox 1580 2812 1746 2868; x_wconf 90' lang='lat' dir='ltr'><strong>porro</strong></span> <span class='ocrx_word' id='word_1_215' title='bbox 1780 2797 2038 2869; x_wconf 66' lang='lat' dir='ltr'><strong>przeterit,</strong></span> 
     </span>
    </p>
   </div>
   <div class='ocr_carea' id='block_1_34' title="bbox 469 2887 2042 2960">
    <p class='ocr_par' dir='ltr' id='par_1_34' title="bbox 469 2887 2042 2960">
     <span class='ocr_line' id='line_1_34' title="bbox 469 2887 2042 2960; baseline -0.001 -15"><span class='ocrx_word' id='word_1_216' title='bbox 469 2889 620 2960; x_wconf 84' lang='lat' dir='ltr'><strong>quod</strong></span> <span class='ocrx_word' id='word_1_217' title='bbox 668 2902 800 2945; x_wconf 87' lang='lat' dir='ltr'><strong>caro</strong></span> <span class='ocrx_word' id='word_1_218' title='bbox 843 2889 1074 2944; x_wconf 88' lang='lat' dir='ltr'><strong>materia</strong></span> <span class='ocrx_word' id='word_1_219' title='bbox 1119 2895 1358 2952; x_wconf 86' lang='lat' dir='ltr'><strong>constet,</strong></span> <span class='ocrx_word' id='word_1_220' title='bbox 1395 2897 1692 2959; x_wconf 87' lang='lat' dir='ltr'><strong>creataque</strong></span> <span class='ocrx_word' id='word_1_221' title='bbox 1737 2889 1828 2945; x_wconf 90' lang='lat' dir='ltr'><strong>sit.</strong></span> <span class='ocrx_word' id='word_1_222' title='bbox 1870 2887 2042 2944; x_wconf 79' lang='lat' dir='ltr'><strong>Mate-</strong></span> 
     </span>
    </p>
   </div>
   <div class='ocr_carea' id='block_1_35' title="bbox 469 2979 2043 3052">
    <p class='ocr_par' dir='ltr' id='par_1_35' title="bbox 469 2979 2043 3052">
     <span class='ocr_line' id='line_1_35' title="bbox 469 2979 2043 3052; baseline -0.001 -17"><span class='ocrx_word' id='word_1_223' title='bbox 469 2982 604 3037; x_wconf 88' lang='lat' dir='ltr'><strong>riam</strong></span> <span class='ocrx_word' id='word_1_224' title='bbox 637 2981 830 3052; x_wconf 75' lang='lat' dir='ltr'><strong>igitur,</strong></span> <span class='ocrx_word' id='word_1_225' title='bbox 855 2995 954 3051; x_wconf 89' lang='lat' dir='ltr'><strong>per</strong></span> <span class='ocrx_word' id='word_1_226' title='bbox 989 2995 1155 3050; x_wconf 88' lang='lat' dir='ltr'><strong>quam</strong></span> <span class='ocrx_word' id='word_1_227' title='bbox 1196 2979 1331 3034; x_wconf 86' lang='lat' dir='ltr'><strong>mihi</strong></span> <span class='ocrx_word' id='word_1_228' title='bbox 1357 2988 1514 3050; x_wconf 88' lang='lat' dir='ltr'><strong>parta</strong></span> <span class='ocrx_word' id='word_1_229' title='bbox 1546 2988 1632 3036; x_wconf 92' lang='lat' dir='ltr'><strong>est</strong></span> <span class='ocrx_word' id='word_1_230' title='bbox 1661 2979 1836 3044; x_wconf 89' lang='lat' dir='ltr'><strong>salus,</strong></span> <span class='ocrx_word' id='word_1_231' title='bbox 1878 2995 2043 3034; x_wconf 76' lang='lat' dir='ltr'><strong>vene-</strong></span> 
     </span>
    </p>
   </div>
   <div class='ocr_carea' id='block_1_36' title="bbox 467 3068 2038 3138">
    <p class='ocr_par' dir='ltr' id='par_1_36' title="bbox 467 3068 2038 3138">
     <span class='ocr_line' id='line_1_36' title="bbox 467 3068 2038 3138; baseline -0.003 -12"><span class='ocrx_word' id='word_1_232' title='bbox 467 3086 584 3138; x_wconf 87' lang='lat' dir='ltr'><strong>ror,</strong></span> <span class='ocrx_word' id='word_1_233' title='bbox 614 3073 785 3126; x_wconf 87' lang='lat' dir='ltr'><strong>adoro</strong></span> <span class='ocrx_word' id='word_1_234' title='bbox 811 3078 865 3126; x_wconf 89' lang='lat' dir='ltr'><strong>et</strong></span> <span class='ocrx_word' id='word_1_235' title='bbox 895 3071 1017 3126; x_wconf 89' lang='lat' dir='ltr'><strong>colo</strong></span> <span class='ocrx_word' id='word_1_236' title='bbox 1063 3088 1076 3123; x_wconf 90' lang='lat'><strong>:</strong></span> <span class='ocrx_word' id='word_1_237' title='bbox 1111 3069 1254 3137; x_wconf 82' lang='lat' dir='ltr'><strong>colo,</strong></span> <span class='ocrx_word' id='word_1_238' title='bbox 1291 3068 1538 3138; x_wconf 87' lang='lat' dir='ltr'><strong>inquam,</strong></span> <span class='ocrx_word' id='word_1_239' title='bbox 1577 3083 1687 3124; x_wconf 94' lang='lat' dir='ltr'><strong>non</strong></span> <span class='ocrx_word' id='word_1_240' title='bbox 1727 3068 1806 3123; x_wconf 90' lang='lat' dir='ltr'><strong>uti</strong></span> <span class='ocrx_word' id='word_1_241' title='bbox 1846 3068 2038 3136; x_wconf 90' lang='lat' dir='ltr'><strong>Deum,</strong></span> 
     </span>
    </p>
   </div>
   <div class='ocr_carea' id='block_1_37' title="bbox 2076 1847 2118 1902">
    <p class='ocr_par' dir='ltr' id='par_1_37' title="bbox 2076 1847 2118 1902">
     <span class='ocr_line' id='line_1_37' title="bbox 2076 1847 2118 1902; baseline 0 0"><span class='ocrx_word' id='word_1_242' title='bbox 2076 1847 2118 1902; x_wconf 88' lang='lat' dir='ltr'><strong>B</strong></span> 
     </span>
    </p>
   </div>
   <div class='ocr_carea' id='block_1_38' title="bbox 2152 583 3762 659">
    <p class='ocr_par' dir='ltr' id='par_1_38' title="bbox 2152 583 3762 659">
     <span class='ocr_line' id='line_1_38' title="bbox 2152 583 3762 659; baseline -0.004 -17"><span class='ocrx_word' id='word_1_243' title='bbox 2152 591 2324 658; x_wconf 88' lang='grc' dir='ltr'>γείας,</span> <span class='ocrx_word' id='word_1_244' title='bbox 2375 590 2471 642; x_wconf 74' lang='grc' dir='ltr'>καὶ</span> <span class='ocrx_word' id='word_1_245' title='bbox 2522 589 2770 659; x_wconf 82' lang='grc' dir='ltr'>δέρματα</span> <span class='ocrx_word' id='word_1_246' title='bbox 2824 586 2997 658; x_wconf 88' lang='grc' dir='ltr'>κριῶν</span> <span class='ocrx_word' id='word_1_247' title='bbox 3051 583 3587 656; x_wconf 78' lang='grc' dir='ltr'>ὴρυθρωδανωμένα,</span> <span class='ocrx_word' id='word_1_248' title='bbox 3641 584 3762 636; x_wconf 65' lang='grc' dir='ltr'>καὶ</span> 
     </span>
    </p>
   </div>
   <div class='ocr_carea' id='block_1_39' title="bbox 2150 672 3762 748">
    <p class='ocr_par' dir='ltr' id='par_1_39' title="bbox 2150 672 3762 748">
     <span class='ocr_line' id='line_1_39' title="bbox 2150 672 3762 748; baseline -0.004 -16"><span class='ocrx_word' id='word_1_249' title='bbox 2150 679 2396 748; x_wconf 81' lang='grc' dir='ltr'>δέρματα</span> <span class='ocrx_word' id='word_1_250' title='bbox 2421 677 2728 743; x_wconf 86' lang='grc' dir='ltr'>ύακίνθινα,</span> <span class='ocrx_word' id='word_1_251' title='bbox 2753 676 2847 730; x_wconf 69' lang='grc' dir='ltr'>καὶ</span> <span class='ocrx_word' id='word_1_252' title='bbox 2875 674 3008 740; x_wconf 81' lang='grc' dir='ltr'>ξύλα</span> <span class='ocrx_word' id='word_1_253' title='bbox 3029 674 3268 746; x_wconf 73' lang='grc' dir='ltr'>ἄσηπτα,</span> <span class='ocrx_word' id='word_1_254' title='bbox 3299 673 3395 726; x_wconf 73' lang='grc' dir='ltr'>καὶ</span> <span class='ocrx_word' id='word_1_255' title='bbox 3425 672 3610 726; x_wconf 70' lang='grc' dir='ltr'>ἔλαιον</span> <span class='ocrx_word' id='word_1_256' title='bbox 3640 672 3762 742; x_wconf 80' lang='grc' dir='ltr'>τῆς</span> 
     </span>
    </p>
   </div>
   <div class='ocr_carea' id='block_1_40' title="bbox 2149 763 3758 841">
    <p class='ocr_par' dir='ltr' id='par_1_40' title="bbox 2149 763 3758 841">
     <span class='ocr_line' id='line_1_40' title="bbox 2149 763 3758 841; baseline -0.013 -5"><span class='ocrx_word' id='word_1_257' title='bbox 2149 771 2406 841; x_wconf 72' lang='grc' dir='ltr'>κρίσεως,</span> <span class='ocrx_word' id='word_1_258' title='bbox 2434 769 2529 823; x_wconf 68' lang='grc' dir='ltr'>καὶ</span> <span class='ocrx_word' id='word_1_259' title='bbox 2551 768 2614 823; x_wconf 75' lang='grc' dir='ltr'>τὸ</span> <span class='ocrx_word' id='word_1_260' title='bbox 2638 768 2895 840; x_wconf 84' lang='grc' dir='ltr'>θυμίαμα</span> <span class='ocrx_word' id='word_1_261' title='bbox 2932 767 3035 838; x_wconf 81' lang='grc' dir='ltr'>τῆς</span> <span class='ocrx_word' id='word_1_262' title='bbox 3074 765 3402 828; x_wconf 77' lang='grc' dir='ltr'><strong>συνθέσεως,</strong></span> <span class='ocrx_word' id='word_1_263' title='bbox 3432 767 3526 818; x_wconf 74' lang='grc' dir='ltr'>καὶ</span> <span class='ocrx_word' id='word_1_264' title='bbox 3545 763 3758 826; x_wconf 76' lang='grc' dir='ltr'>λίθους</span> 
     </span>
    </p>
   </div>
   <div class='ocr_carea' id='block_1_41' title="bbox 2151 856 3852 934">
    <p class='ocr_par' dir='ltr' id='par_1_41' title="bbox 2151 856 3852 934">
     <span class='ocr_line' id='line_1_41' title="bbox 2151 856 3852 934; baseline -0.003 -20"><span class='ocrx_word' id='word_1_265' title='bbox 2151 861 2422 932; x_wconf 83' lang='grc' dir='ltr'>σαρδίους,</span> <span class='ocrx_word' id='word_1_266' title='bbox 2461 862 2558 914; x_wconf 77' lang='grc' dir='ltr'>καὶ</span> <span class='ocrx_word' id='word_1_267' title='bbox 2608 862 2688 925; x_wconf 87' lang='grc' dir='ltr'><strong>είς</strong></span> <span class='ocrx_word' id='word_1_268' title='bbox 2729 860 2838 931; x_wconf 86' lang='grc' dir='ltr'>τὴν·</span> <span class='ocrx_word' id='word_1_269' title='bbox 2881 858 3111 930; x_wconf 75' lang='grc' dir='ltr'>γλυφὴν,</span> <span class='ocrx_word' id='word_1_270' title='bbox 3172 859 3256 921; x_wconf 87' lang='grc' dir='ltr'><strong>είς</strong></span> <span class='ocrx_word' id='word_1_271' title='bbox 3304 857 3405 926; x_wconf 80' lang='grc' dir='ltr'>τὴν</span> <span class='ocrx_word' id='word_1_272' title='bbox 3455 856 3750 934; x_wconf 52' lang='grc' dir='ltr'>ἐξωμίδα,</span> 
     </span>
    </p>
   </div>
   <div class='ocr_carea' id='block_1_42' title="bbox 2149 935 3746 1024">
    <p class='ocr_par' dir='ltr' id='par_1_42' title="bbox 2149 935 3746 1024">
     <span class='ocr_line' id='line_1_42' title="bbox 2149 935 3746 1024; baseline -0.004 -17"><span class='ocrx_word' id='word_1_273' title='bbox 2149 955 2243 1008; x_wconf 73' lang='grc' dir='ltr'>καὶ</span> <span class='ocrx_word' id='word_1_274' title='bbox 2273 955 2351 1016; x_wconf 86' lang='grc' dir='ltr'><strong>είς</strong></span> <span class='ocrx_word' id='word_1_275' title='bbox 2374 954 2467 1007; x_wconf 82' lang='grc' dir='ltr'>τὸν</span> <span class='ocrx_word' id='word_1_276' title='bbox 2501 952 2710 1024; x_wconf 81' lang='grc' dir='ltr'><strong>ποδήρη</strong></span> <span class='ocrx_word' id='word_1_277' title='bbox 2744 969 2758 984; x_wconf 77' lang='grc' dir='ltr'><strong><em>ο</em></strong></span> <span class='ocrx_word' id='word_1_278' title='bbox 2789 953 2886 1006; x_wconf 74' lang='grc' dir='ltr'>καὶ</span> <span class='ocrx_word' id='word_1_279' title='bbox 2919 952 3028 1014; x_wconf 83' lang='grc' dir='ltr'><strong>πᾶς</strong></span> <span class='ocrx_word' id='word_1_280' title='bbox 3058 949 3224 1018; x_wconf 80' lang='grc' dir='ltr'>σοφὸς</span> <span class='ocrx_word' id='word_1_281' title='bbox 3253 947 3457 1020; x_wconf 77' lang='grc' dir='ltr'><strong>καρδίᾳ</strong></span> <span class='ocrx_word' id='word_1_282' title='bbox 3495 935 3746 1017; x_wconf 37' lang='grc' dir='ltr'>ὲνχῦμῖν,</span> 
     </span>
    </p>
   </div>
   <div class='ocr_carea' id='block_1_43' title="bbox 2146 1037 3893 1118">
    <p class='ocr_par' dir='ltr' id='par_1_43' title="bbox 2146 1037 3893 1118">
     <span class='ocr_line' id='line_1_43' title="bbox 2146 1037 3893 1118; baseline -0.003 -22"><span class='ocrx_word' id='word_1_283' title='bbox 2146 1045 2317 1099; x_wconf 79' lang='grc' dir='ltr'>ἐλθὼν</span> <span class='ocrx_word' id='word_1_284' title='bbox 2346 1045 2669 1118; x_wconf 77' lang='grc' dir='ltr'>ὲργαζέσθω</span> <span class='ocrx_word' id='word_1_285' title='bbox 2699 1045 2880 1099; x_wconf 85' lang='grc' dir='ltr'>πάντα.</span> <span class='ocrx_word' id='word_1_286' title='bbox 2919 1042 3020 1095; x_wconf 78' lang='grc' dir='ltr'>ὅσα</span> <span class='ocrx_word' id='word_1_287' title='bbox 3075 1039 3335 1106; x_wconf 79' lang='grc' dir='ltr'><strong>συνέταξε</strong></span> <span class='ocrx_word' id='word_1_288' title='bbox 3366 1037 3590 1110; x_wconf 81' lang='grc' dir='ltr'>Κύριος,</span> <span class='ocrx_word' id='word_1_289' title='bbox 3625 1040 3745 1109; x_wconf 80' lang='grc' dir='ltr'>τὴν</span> <span class='ocrx_word' id='word_1_290' title='bbox 3783 1041 3860 1092; x_wconf 58' lang='lat'><strong>&quot;.5:</strong></span> <span class='ocrx_word' id='word_1_291' title='bbox 3887 1069 3893 1084; x_wconf 75' lang='grc' dir='ltr'>ι</span> 
     </span>
    </p>
   </div>
   <div class='ocr_carea' id='block_1_44' title="bbox 2146 1119 3830 1210">
    <p class='ocr_par' dir='ltr' id='par_1_44' title="bbox 2146 1119 3830 1210">
     <span class='ocr_line' id='line_1_44' title="bbox 2146 1119 3830 1210; baseline -0.004 -19"><span class='ocrx_word' id='word_1_292' title='bbox 2146 1139 2369 1210; x_wconf 77' lang='grc' dir='ltr'>σκηνήν.</span> <span class='ocrx_word' id='word_1_293' title='bbox 2386 1159 2402 1190; x_wconf 81' lang='grc' dir='ltr'><strong>ι</strong></span> <span class='ocrx_word' id='word_1_294' title='bbox 3781 1123 3792 1144; x_wconf 75' lang='grc'><em>’</em></span> <span class='ocrx_word' id='word_1_295' title='bbox 3809 1119 3830 1144; x_wconf 62' lang='grc'><strong>⁷”</strong></span> 
     </span>
    </p>
   </div>
   <div class='ocr_carea' id='block_1_45' title="bbox 2218 1239 3741 1317">
    <p class='ocr_par' dir='ltr' id='par_1_45' title="bbox 2218 1239 3741 1317">
     <span class='ocr_line' id='line_1_45' title="bbox 2218 1239 3741 1317; baseline -0.006 -16"><span class='ocrx_word' id='word_1_296' title='bbox 2218 1250 2299 1302; x_wconf 85' lang='grc' dir='ltr'>ιδ’.</span> <span class='ocrx_word' id='word_1_297' title='bbox 2353 1248 2481 1302; x_wconf 78' lang='grc' dir='ltr'>Ἰδοὺ</span> <span class='ocrx_word' id='word_1_298' title='bbox 2503 1247 2568 1317; x_wconf 82' lang='grc' dir='ltr'>δὴ</span> <span class='ocrx_word' id='word_1_299' title='bbox 2595 1246 2690 1298; x_wconf 71' lang='grc' dir='ltr'>καὶ</span> <span class='ocrx_word' id='word_1_300' title='bbox 2717 1247 2750 1315; x_wconf 78' lang='grc' dir='ltr'><strong>ἡ</strong></span> <span class='ocrx_word' id='word_1_301' title='bbox 2793 1243 2894 1314; x_wconf 83' lang='grc' dir='ltr'>ὕλη</span> <span class='ocrx_word' id='word_1_302' title='bbox 2928 1243 3177 1312; x_wconf 80' lang='grc' dir='ltr'><strong>τιμᾶται,</strong></span> <span class='ocrx_word' id='word_1_303' title='bbox 3203 1241 3236 1310; x_wconf 81' lang='grc' dir='ltr'><strong>ή</strong></span> <span class='ocrx_word' id='word_1_304' title='bbox 3280 1239 3410 1294; x_wconf 76' lang='grc' dir='ltr'>καθ’</span> <span class='ocrx_word' id='word_1_305' title='bbox 3435 1239 3583 1310; x_wconf 70' lang='grc' dir='ltr'>ὑμᾶς</span> <span class='ocrx_word' id='word_1_306' title='bbox 3612 1239 3741 1292; x_wconf 75' lang='grc' dir='ltr'>άτι-</span> 
     </span>
    </p>
   </div>
   <div class='ocr_carea' id='block_1_46' title="bbox 2151 1333 3740 1412">
    <p class='ocr_par' dir='ltr' id='par_1_46' title="bbox 2151 1333 3740 1412">
     <span class='ocr_line' id='line_1_46' title="bbox 2151 1333 3740 1412; baseline -0.008 -16"><span class='ocrx_word' id='word_1_307' title='bbox 2151 1360 2272 1412; x_wconf 91' lang='grc' dir='ltr'>μος.</span> <span class='ocrx_word' id='word_1_308' title='bbox 2302 1340 2368 1394; x_wconf 89' lang='grc' dir='ltr'>Τί</span> <span class='ocrx_word' id='word_1_309' title='bbox 2397 1339 2506 1411; x_wconf 84' lang='grc' dir='ltr'><strong>γὰρ</strong></span> <span class='ocrx_word' id='word_1_310' title='bbox 2539 1337 2742 1409; x_wconf 83' lang='grc' dir='ltr'>τριχῶν</span> <span class='ocrx_word' id='word_1_311' title='bbox 2787 1335 3013 1405; x_wconf 82' lang='grc' dir='ltr'>αἰγείων</span> <span class='ocrx_word' id='word_1_312' title='bbox 3041 1333 3446 1404; x_wconf 78' lang='grc' dir='ltr'><strong>εὐτελέστερον,</strong></span> <span class='ocrx_word' id='word_1_313' title='bbox 3470 1333 3566 1386; x_wconf 78' lang='grc' dir='ltr'>καὶ</span> <span class='ocrx_word' id='word_1_314' title='bbox 3586 1350 3740 1402; x_wconf 77' lang='grc' dir='ltr'><strong>χρω-</strong></span> 
     </span>
    </p>
   </div>
   <div class='ocr_carea' id='block_1_47' title="bbox 2148 1426 3737 1504">
    <p class='ocr_par' dir='ltr' id='par_1_47' title="bbox 2148 1426 3737 1504">
     <span class='ocr_line' id='line_1_47' title="bbox 2148 1426 3737 1504; baseline -0.006 -17"><span class='ocrx_word' id='word_1_315' title='bbox 2148 1433 2372 1504; x_wconf 84' lang='grc' dir='ltr'>μάτων;</span> <span class='ocrx_word' id='word_1_316' title='bbox 2409 1432 2441 1502; x_wconf 82' lang='grc' dir='ltr'>ἦ</span> <span class='ocrx_word' id='word_1_317' title='bbox 2469 1432 2533 1485; x_wconf 89' lang='grc' dir='ltr'><strong>ού</strong></span> <span class='ocrx_word' id='word_1_318' title='bbox 2562 1430 2832 1503; x_wconf 85' lang='grc' dir='ltr'>χρώματα</span> <span class='ocrx_word' id='word_1_319' title='bbox 2863 1428 2924 1480; x_wconf 80' lang='grc' dir='ltr'>τὸ</span> <span class='ocrx_word' id='word_1_320' title='bbox 2953 1427 3225 1491; x_wconf 81' lang='grc' dir='ltr'><strong>κόκκινον,</strong></span> <span class='ocrx_word' id='word_1_321' title='bbox 3259 1427 3353 1479; x_wconf 76' lang='grc' dir='ltr'>καὶ</span> <span class='ocrx_word' id='word_1_322' title='bbox 3383 1428 3416 1496; x_wconf 82' lang='grc' dir='ltr'><strong>ἡ</strong></span> <span class='ocrx_word' id='word_1_323' title='bbox 3449 1426 3737 1496; x_wconf 84' lang='grc' dir='ltr'>πορφύρα,</span> 
     </span>
    </p>
   </div>
   <div class='ocr_carea' id='block_1_48' title="bbox 2144 1519 3736 1600">
    <p class='ocr_par' dir='ltr' id='par_1_48' title="bbox 2144 1519 3736 1600">
     <span class='ocr_line' id='line_1_48' title="bbox 2144 1519 3736 1600; baseline -0.007 -18"><span class='ocrx_word' id='word_1_324' title='bbox 2144 1529 2239 1582; x_wconf 70' lang='grc' dir='ltr'>καὶ</span> <span class='ocrx_word' id='word_1_325' title='bbox 2266 1530 2300 1600; x_wconf 78' lang='grc' dir='ltr'><strong>ἡ</strong></span> <span class='ocrx_word' id='word_1_326' title='bbox 2328 1525 2613 1592; x_wconf 79' lang='grc' dir='ltr'>ύάκινθος;</span> <span class='ocrx_word' id='word_1_327' title='bbox 2661 1524 2790 1579; x_wconf 78' lang='grc' dir='ltr'>Ἰδοὺ</span> <span class='ocrx_word' id='word_1_328' title='bbox 2819 1523 2883 1596; x_wconf 80' lang='grc' dir='ltr'>δὴ</span> <span class='ocrx_word' id='word_1_329' title='bbox 2914 1523 3007 1576; x_wconf 75' lang='grc' dir='ltr'>καὶ</span> <span class='ocrx_word' id='word_1_330' title='bbox 3033 1521 3169 1593; x_wconf 78' lang='grc' dir='ltr'>ἔργα</span> <span class='ocrx_word' id='word_1_331' title='bbox 3191 1520 3396 1592; x_wconf 80' lang='grc' dir='ltr'>χειρῶν</span> <span class='ocrx_word' id='word_1_332' title='bbox 3425 1519 3736 1590; x_wconf 68' lang='grc' dir='ltr'>ἀνθρώπιον</span> 
     </span>
    </p>
   </div>
   <div class='ocr_carea' id='block_1_49' title="bbox 2145 1612 3738 1691">
    <p class='ocr_par' dir='ltr' id='par_1_49' title="bbox 2145 1612 3738 1691">
     <span class='ocr_line' id='line_1_49' title="bbox 2145 1612 3738 1691; baseline -0.006 -17"><span class='ocrx_word' id='word_1_333' title='bbox 2145 1621 2238 1674; x_wconf 78' lang='grc' dir='ltr'>καὶ</span> <span class='ocrx_word' id='word_1_334' title='bbox 2268 1620 2520 1691; x_wconf 83' lang='grc' dir='ltr'>ὁμοίωμα</span> <span class='ocrx_word' id='word_1_335' title='bbox 2539 1615 2818 1688; x_wconf 79' lang='grc' dir='ltr'>Χερουϐίμ</span> <span class='ocrx_word' id='word_1_336' title='bbox 2843 1631 2856 1644; x_wconf 79' lang='lat'><strong><em>°</em></strong></span> <span class='ocrx_word' id='word_1_337' title='bbox 2881 1614 2975 1668; x_wconf 75' lang='grc' dir='ltr'>καὶ</span> <span class='ocrx_word' id='word_1_338' title='bbox 3001 1612 3142 1684; x_wconf 82' lang='grc' dir='ltr'>αὑτὴ</span> <span class='ocrx_word' id='word_1_339' title='bbox 3195 1613 3252 1666; x_wconf 78' lang='grc' dir='ltr'>δὲ</span> <span class='ocrx_word' id='word_1_340' title='bbox 3286 1615 3321 1682; x_wconf 83' lang='grc' dir='ltr'><strong>ή</strong></span> <span class='ocrx_word' id='word_1_341' title='bbox 3346 1612 3519 1681; x_wconf 75' lang='grc' dir='ltr'>σκηνὴ</span> <span class='ocrx_word' id='word_1_342' title='bbox 3542 1612 3738 1665; x_wconf 65' lang='grc' dir='ltr'>ἅπασα</span> 
     </span>
    </p>
   </div>
   <div class='ocr_carea' id='block_1_50' title="bbox 2144 1703 3732 1791">
    <p class='ocr_par' dir='ltr' id='par_1_50' title="bbox 2144 1703 3732 1791">
     <span class='ocr_line' id='line_1_50' title="bbox 2144 1703 3732 1791; baseline -0.008 -26"><span class='ocrx_word' id='word_1_343' title='bbox 2144 1710 2308 1765; x_wconf 78' lang='grc' dir='ltr'>εἰκὼν</span> <span class='ocrx_word' id='word_1_344' title='bbox 2356 1705 2444 1781; x_wconf 83' lang='grc' dir='ltr'><strong>ἦν.</strong></span> <span class='ocrx_word' id='word_1_345' title='bbox 2487 1728 2506 1762; x_wconf 86' lang='grc' dir='ltr'><strong>ι</strong></span> <span class='ocrx_word' id='word_1_346' title='bbox 2537 1709 2683 1780; x_wconf 88' lang='grc' dir='ltr'>Ὅρα</span> <span class='ocrx_word' id='word_1_347' title='bbox 2729 1707 2838 1778; x_wconf 84' lang='grc' dir='ltr'>γὰρ</span> <span class='ocrx_word' id='word_1_348' title='bbox 2866 1749 2881 1772; x_wconf 88' lang='grc'><strong>,</strong></span> <span class='ocrx_word' id='word_1_349' title='bbox 2917 1705 3081 1775; x_wconf 68' lang='grc' dir='ltr'>φησὶν</span> <span class='ocrx_word' id='word_1_350' title='bbox 3115 1706 3143 1756; x_wconf 81' lang='grc' dir='ltr'><strong>ὁ</strong></span> <span class='ocrx_word' id='word_1_351' title='bbox 3186 1703 3319 1766; x_wconf 76' lang='grc' dir='ltr'>θεὸς</span> <span class='ocrx_word' id='word_1_352' title='bbox 3371 1703 3447 1773; x_wconf 83' lang='grc' dir='ltr'><strong>τῷ</strong></span> <span class='ocrx_word' id='word_1_353' title='bbox 3494 1703 3732 1791; x_wconf 43' lang='lat' dir='ltr'><strong>Myos?&quot;</strong></span> 
     </span>
    </p>
   </div>
   <div class='ocr_carea' id='block_1_51' title="bbox 2145 1793 3788 1873">
    <p class='ocr_par' dir='ltr' id='par_1_51' title="bbox 2145 1793 3788 1873">
     <span class='ocr_line' id='line_1_51' title="bbox 2145 1793 3788 1873; baseline -0.008 -17"><span class='ocrx_word' id='word_1_354' title='bbox 2145 1803 2394 1873; x_wconf 81' lang='grc' dir='ltr'><strong>ποιήσεις</strong></span> <span class='ocrx_word' id='word_1_355' title='bbox 2427 1801 2603 1854; x_wconf 83' lang='grc' dir='ltr'>πάντα</span> <span class='ocrx_word' id='word_1_356' title='bbox 2627 1798 2768 1852; x_wconf 72' lang='grc' dir='ltr'>κατὰ</span> <span class='ocrx_word' id='word_1_357' title='bbox 2791 1797 2884 1852; x_wconf 83' lang='grc' dir='ltr'>τὸν</span> <span class='ocrx_word' id='word_1_358' title='bbox 2919 1795 3086 1849; x_wconf 81' lang='grc' dir='ltr'><strong>τύπον</strong></span> <span class='ocrx_word' id='word_1_359' title='bbox 3119 1795 3210 1848; x_wconf 81' lang='grc' dir='ltr'><strong>τδν</strong></span> <span class='ocrx_word' id='word_1_360' title='bbox 3243 1793 3521 1864; x_wconf 82' lang='grc' dir='ltr'>δειχθέντα</span> <span class='ocrx_word' id='word_1_361' title='bbox 3557 1809 3640 1844; x_wconf 85' lang='grc' dir='ltr'><strong>σοι</strong></span> <span class='ocrx_word' id='word_1_362' title='bbox 3670 1795 3736 1846; x_wconf 85' lang='grc' dir='ltr'>ὲν</span> <span class='ocrx_word' id='word_1_363' title='bbox 3779 1857 3788 1864; x_wconf 30' lang='lat'><em>.</em></span> 
     </span>
    </p>
   </div>
   <div class='ocr_carea' id='block_1_52' title="bbox 2145 1883 3796 1968">
    <p class='ocr_par' dir='ltr' id='par_1_52' title="bbox 2145 1883 3796 1968">
     <span class='ocr_line' id='line_1_52' title="bbox 2145 1883 3796 1968; baseline -0.007 -20"><span class='ocrx_word' id='word_1_364' title='bbox 2145 1895 2225 1966; x_wconf 84' lang='grc' dir='ltr'><strong>τῷ</strong></span> <span class='ocrx_word' id='word_1_365' title='bbox 2266 1895 2404 1966; x_wconf 74' lang='grc' dir='ltr'>ὄρει.</span> <span class='ocrx_word' id='word_1_366' title='bbox 2450 1913 2468 1946; x_wconf 74' lang='grc' dir='ltr'><strong>ι</strong></span> <span class='ocrx_word' id='word_1_367' title='bbox 2513 1891 2626 1946; x_wconf 73' lang='grc' dir='ltr'><strong>Καὶ</strong></span> <span class='ocrx_word' id='word_1_368' title='bbox 2671 1891 2823 1960; x_wconf 84' lang='grc' dir='ltr'>ὅμως</span> <span class='ocrx_word' id='word_1_369' title='bbox 2873 1885 3136 1941; x_wconf 80' lang='grc' dir='ltr'>κυκλόθεν</span> <span class='ocrx_word' id='word_1_370' title='bbox 3191 1888 3578 1968; x_wconf 60' lang='grc' dir='ltr'>προσεκυνεζτο</span> <span class='ocrx_word' id='word_1_371' title='bbox 3625 1883 3738 1937; x_wconf 70' lang='grc' dir='ltr'><strong>ὑπὸ</strong></span> <span class='ocrx_word' id='word_1_372' title='bbox 3783 1903 3796 1914; x_wconf 90' lang='grc'>·</span> 
     </span>
    </p>
   </div>
   <div class='ocr_carea' id='block_1_53' title="bbox 2145 1967 3734 2054">
    <p class='ocr_par' dir='ltr' id='par_1_53' title="bbox 2145 1967 3734 2054">
     <span class='ocr_line' id='line_1_53' title="bbox 2145 1967 3734 2054; baseline -0.009 -14"><span class='ocrx_word' id='word_1_373' title='bbox 2145 1987 2344 2050; x_wconf 79' lang='grc' dir='ltr'>παντὸς</span> <span class='ocrx_word' id='word_1_374' title='bbox 2376 1984 2470 2038; x_wconf 81' lang='grc' dir='ltr'>τοῦ</span> <span class='ocrx_word' id='word_1_375' title='bbox 2497 1981 2735 2054; x_wconf 80' lang='grc' dir='ltr'>Ἰσραήλ.</span> <span class='ocrx_word' id='word_1_376' title='bbox 2754 1981 2876 2033; x_wconf 85' lang='grc' dir='ltr'>Ἔτι</span> <span class='ocrx_word' id='word_1_377' title='bbox 2905 1979 2963 2032; x_wconf 79' lang='grc' dir='ltr'>δὲ</span> <span class='ocrx_word' id='word_1_378' title='bbox 2992 1978 3059 2032; x_wconf 80' lang='grc' dir='ltr'>τὰ</span> <span class='ocrx_word' id='word_1_379' title='bbox 3085 1967 3462 2048; x_wconf 69' lang='grc' dir='ltr'>Χερουσὶμ,οὕ</span> <span class='ocrx_word' id='word_1_380' title='bbox 3486 1974 3734 2029; x_wconf 81' lang='grc' dir='ltr'>κατενώ-</span> 
     </span>
    </p>
   </div>
   <div class='ocr_carea' id='block_1_54' title="bbox 2143 2067 3734 2151">
    <p class='ocr_par' dir='ltr' id='par_1_54' title="bbox 2143 2067 3734 2151">
     <span class='ocr_line' id='line_1_54' title="bbox 2143 2067 3734 2151; baseline -0.011 -16"><span class='ocrx_word' id='word_1_381' title='bbox 2143 2098 2266 2135; x_wconf 80' lang='grc' dir='ltr'>πιον</span> <span class='ocrx_word' id='word_1_382' title='bbox 2295 2075 2435 2151; x_wconf 74' lang='grc' dir='ltr'>ἦσαν</span> <span class='ocrx_word' id='word_1_383' title='bbox 2469 2075 2564 2130; x_wconf 81' lang='grc' dir='ltr'>τοῦ</span> <span class='ocrx_word' id='word_1_384' title='bbox 2602 2074 2774 2140; x_wconf 58' lang='lat' dir='ltr'><strong>lam&quot;);</strong></span> <span class='ocrx_word' id='word_1_385' title='bbox 2807 2073 2919 2127; x_wconf 72' lang='grc' dir='ltr'><strong>Καὶ</strong></span> <span class='ocrx_word' id='word_1_386' title='bbox 2959 2073 2994 2142; x_wconf 83' lang='grc' dir='ltr'>ἡ</span> <span class='ocrx_word' id='word_1_387' title='bbox 3033 2069 3286 2134; x_wconf 76' lang='grc' dir='ltr'>κιϐωτὸς,</span> <span class='ocrx_word' id='word_1_388' title='bbox 3321 2068 3416 2123; x_wconf 74' lang='grc' dir='ltr'>καὶ</span> <span class='ocrx_word' id='word_1_389' title='bbox 3445 2069 3479 2138; x_wconf 78' lang='grc' dir='ltr'>ὴ</span> <span class='ocrx_word' id='word_1_390' title='bbox 3510 2067 3734 2137; x_wconf 81' lang='grc' dir='ltr'>λυχνία,</span> 
     </span>
    </p>
   </div>
   <div class='ocr_carea' id='block_1_55' title="bbox 2143 2159 3733 2242">
    <p class='ocr_par' dir='ltr' id='par_1_55' title="bbox 2143 2159 3733 2242">
     <span class='ocr_line' id='line_1_55' title="bbox 2143 2159 3733 2242; baseline -0.011 -14"><span class='ocrx_word' id='word_1_391' title='bbox 2143 2176 2238 2228; x_wconf 71' lang='grc' dir='ltr'>καὶ</span> <span class='ocrx_word' id='word_1_392' title='bbox 2292 2173 2324 2242; x_wconf 83' lang='grc' dir='ltr'>ἡ</span> <span class='ocrx_word' id='word_1_393' title='bbox 2382 2169 2648 2235; x_wconf 77' lang='grc' dir='ltr'>τράπεζα,</span> <span class='ocrx_word' id='word_1_394' title='bbox 2719 2166 2814 2221; x_wconf 74' lang='grc' dir='ltr'>καὶ</span> <span class='ocrx_word' id='word_1_395' title='bbox 2881 2167 2912 2235; x_wconf 84' lang='grc' dir='ltr'><strong>ἡ</strong></span> <span class='ocrx_word' id='word_1_396' title='bbox 2994 2163 3230 2233; x_wconf 79' lang='grc' dir='ltr'><strong>στάμνος</strong></span> <span class='ocrx_word' id='word_1_397' title='bbox 3290 2163 3324 2234; x_wconf 85' lang='grc' dir='ltr'><strong>ή</strong></span> <span class='ocrx_word' id='word_1_398' title='bbox 3389 2160 3587 2231; x_wconf 80' lang='grc' dir='ltr'>χρυσῆ,</span> <span class='ocrx_word' id='word_1_399' title='bbox 3633 2159 3733 2212; x_wconf 77' lang='grc' dir='ltr'>καὶ</span> 
     </span>
    </p>
   </div>
   <div class='ocr_carea' id='block_1_56' title="bbox 2141 2247 3732 2335">
    <p class='ocr_par' dir='ltr' id='par_1_56' title="bbox 2141 2247 3732 2335">
     <span class='ocr_line' id='line_1_56' title="bbox 2141 2247 3732 2335; baseline -0.013 -18"><span class='ocrx_word' id='word_1_400' title='bbox 2141 2267 2174 2335; x_wconf 79' lang='grc' dir='ltr'><strong>ἡ</strong></span> <span class='ocrx_word' id='word_1_401' title='bbox 2228 2261 2422 2335; x_wconf 77' lang='grc' dir='ltr'>ῥάϐδος</span> <span class='ocrx_word' id='word_1_402' title='bbox 2453 2299 2468 2324; x_wconf 94' lang='grc'><strong>,</strong></span> <span class='ocrx_word' id='word_1_403' title='bbox 2529 2258 2664 2329; x_wconf 83' lang='grc' dir='ltr'>πρὸς</span> <span class='ocrx_word' id='word_1_404' title='bbox 2728 2255 2764 2310; x_wconf 73' lang='grc' dir='ltr'>ἃ</span> <span class='ocrx_word' id='word_1_405' title='bbox 2827 2254 3040 2325; x_wconf 82' lang='grc' dir='ltr'>βλέπων</span> <span class='ocrx_word' id='word_1_406' title='bbox 3087 2254 3116 2306; x_wconf 83' lang='grc' dir='ltr'>ὁ</span> <span class='ocrx_word' id='word_1_407' title='bbox 3174 2251 3300 2314; x_wconf 80' lang='grc' dir='ltr'>λαὸς</span> <span class='ocrx_word' id='word_1_408' title='bbox 3356 2247 3732 2320; x_wconf 72' lang='grc' dir='ltr'>προσεκύνεις</span> 
     </span>
    </p>
   </div>
   <div class='ocr_carea' id='block_1_57' title="bbox 2146 2340 3734 2422">
    <p class='ocr_par' dir='ltr' id='par_1_57' title="bbox 2146 2340 3734 2422">
     <span class='ocr_line' id='line_1_57' title="bbox 2146 2340 3734 2422; baseline -0.011 -14"><span class='ocrx_word' id='word_1_409' title='bbox 2146 2356 2220 2408; x_wconf 83' lang='grc' dir='ltr'><strong>Οὐ</strong></span> <span class='ocrx_word' id='word_1_410' title='bbox 2269 2349 2560 2422; x_wconf 82' lang='grc' dir='ltr'><strong>προσκυνῶ</strong></span> <span class='ocrx_word' id='word_1_411' title='bbox 2587 2351 2654 2420; x_wconf 80' lang='grc' dir='ltr'><strong>τῇ</strong></span> <span class='ocrx_word' id='word_1_412' title='bbox 2711 2346 2834 2421; x_wconf 82' lang='grc' dir='ltr'>ὕλῃ,</span> <span class='ocrx_word' id='word_1_413' title='bbox 2873 2344 3158 2417; x_wconf 81' lang='grc' dir='ltr'>προσκυνῶ</span> <span class='ocrx_word' id='word_1_414' title='bbox 3201 2344 3258 2396; x_wconf 81' lang='grc' dir='ltr'>δὲ</span> <span class='ocrx_word' id='word_1_415' title='bbox 3293 2342 3383 2395; x_wconf 69' lang='grc' dir='ltr'>τὸν</span> <span class='ocrx_word' id='word_1_416' title='bbox 3436 2341 3533 2412; x_wconf 72' lang='grc' dir='ltr'>τῆς</span> <span class='ocrx_word' id='word_1_417' title='bbox 3595 2340 3734 2409; x_wconf 75' lang='grc' dir='ltr'>ὕλης</span> 
     </span>
    </p>
   </div>
   <div class='ocr_carea' id='block_1_58' title="bbox 2141 2422 3734 2517">
    <p class='ocr_par' dir='ltr' id='par_1_58' title="bbox 2141 2422 3734 2517">
     <span class='ocr_line' id='line_1_58' title="bbox 2141 2422 3734 2517; baseline -0.009 -19"><span class='ocrx_word' id='word_1_418' title='bbox 2141 2442 2514 2517; x_wconf 82' lang='grc' dir='ltr'>Δημιουργὸν,</span> <span class='ocrx_word' id='word_1_419' title='bbox 2571 2441 2664 2494; x_wconf 67' lang='grc' dir='ltr'>τὸν</span> <span class='ocrx_word' id='word_1_420' title='bbox 2713 2437 2846 2509; x_wconf 90' lang='grc' dir='ltr'>ὕλην</span> <span class='ocrx_word' id='word_1_421' title='bbox 2885 2437 2952 2492; x_wconf 87' lang='grc' dir='ltr'><strong>δι’</strong></span> <span class='ocrx_word' id='word_1_422' title='bbox 2994 2437 3093 2508; x_wconf 72' lang='grc' dir='ltr'><strong>ἐμὲ</strong></span> <span class='ocrx_word' id='word_1_423' title='bbox 3133 2422 3460 2505; x_wconf 76' lang='grc' dir='ltr'>γενόμενον,</span> <span class='ocrx_word' id='word_1_424' title='bbox 3519 2432 3612 2486; x_wconf 74' lang='grc' dir='ltr'>καὶ</span> <span class='ocrx_word' id='word_1_425' title='bbox 3668 2431 3734 2484; x_wconf 72' lang='grc' dir='ltr'>ἒν</span> 
     </span>
    </p>
   </div>
   <div class='ocr_carea' id='block_1_59' title="bbox 2145 2521 3731 2609">
    <p class='ocr_par' dir='ltr' id='par_1_59' title="bbox 2145 2521 3731 2609">
     <span class='ocr_line' id='line_1_59' title="bbox 2145 2521 3731 2609; baseline -0.012 -18"><span class='ocrx_word' id='word_1_426' title='bbox 2145 2538 2245 2609; x_wconf 77' lang='grc' dir='ltr'><strong>ὕλῃ</strong></span> <span class='ocrx_word' id='word_1_427' title='bbox 2295 2536 2391 2608; x_wconf 81' lang='grc' dir='ltr'>τὴν</span> <span class='ocrx_word' id='word_1_428' title='bbox 2439 2534 2755 2604; x_wconf 78' lang='grc' dir='ltr'>κατοίκησιν</span> <span class='ocrx_word' id='word_1_429' title='bbox 2807 2530 3053 2603; x_wconf 77' lang='grc' dir='ltr'>θέμενον,</span> <span class='ocrx_word' id='word_1_430' title='bbox 3106 2529 3199 2582; x_wconf 72' lang='grc' dir='ltr'>καὶ</span> <span class='ocrx_word' id='word_1_431' title='bbox 3231 2528 3299 2580; x_wconf 85' lang='grc' dir='ltr'>δι’</span> <span class='ocrx_word' id='word_1_432' title='bbox 3333 2525 3466 2594; x_wconf 87' lang='grc' dir='ltr'>ὕλης</span> <span class='ocrx_word' id='word_1_433' title='bbox 3492 2521 3593 2594; x_wconf 74' lang='grc' dir='ltr'>τὴν</span> <span class='ocrx_word' id='word_1_434' title='bbox 3621 2539 3731 2574; x_wconf 78' lang='grc' dir='ltr'><strong>σω-</strong></span> 
     </span>
    </p>
   </div>
   <div class='ocr_carea' id='block_1_60' title="bbox 2141 2617 3728 2704">
    <p class='ocr_par' dir='ltr' id='par_1_60' title="bbox 2141 2617 3728 2704">
     <span class='ocr_line' id='line_1_60' title="bbox 2141 2617 3728 2704; baseline -0.011 -18"><span class='ocrx_word' id='word_1_435' title='bbox 2141 2631 2340 2704; x_wconf 82' lang='grc' dir='ltr'>τηρίαν</span> <span class='ocrx_word' id='word_1_436' title='bbox 2365 2647 2468 2702; x_wconf 87' lang='grc' dir='ltr'><strong>μου</strong></span> <span class='ocrx_word' id='word_1_437' title='bbox 2497 2627 2897 2698; x_wconf 70' lang='grc' dir='ltr'>ἐργασάμενον.</span> <span class='ocrx_word' id='word_1_438' title='bbox 2930 2644 2949 2677; x_wconf 80' lang='grc' dir='ltr'><strong>ι</strong></span> <span class='ocrx_word' id='word_1_439' title='bbox 2997 2625 3055 2678; x_wconf 88' lang='grc' dir='ltr'><strong>Ὀ</strong></span> <span class='ocrx_word' id='word_1_440' title='bbox 3084 2623 3191 2694; x_wconf 86' lang='grc' dir='ltr'><strong>γὰρ</strong></span> <span class='ocrx_word' id='word_1_441' title='bbox 3225 2621 3396 2690; x_wconf 73' lang='grc' dir='ltr'>Λόγος</span> <span class='ocrx_word' id='word_1_442' title='bbox 3423 2617 3560 2690; x_wconf 78' lang='grc' dir='ltr'>σὰρξ</span> <span class='ocrx_word' id='word_1_443' title='bbox 3599 2617 3728 2684; x_wconf 75' lang='grc' dir='ltr'><strong>ὲγὲο</strong></span> 
     </span>
    </p>
   </div>
   <div class='ocr_carea' id='block_1_61' title="bbox 2143 2709 3726 2791">
    <p class='ocr_par' dir='ltr' id='par_1_61' title="bbox 2143 2709 3726 2791">
     <span class='ocr_line' id='line_1_61' title="bbox 2143 2709 3726 2791; baseline -0.013 -11"><span class='ocrx_word' id='word_1_444' title='bbox 2143 2741 2287 2788; x_wconf 89' lang='grc' dir='ltr'>νετο,</span> <span class='ocrx_word' id='word_1_445' title='bbox 2321 2722 2418 2778; x_wconf 73' lang='grc' dir='ltr'>καὶ</span> <span class='ocrx_word' id='word_1_446' title='bbox 2449 2721 2758 2791; x_wconf 76' lang='grc' dir='ltr'>ἐσκήνωσεν</span> <span class='ocrx_word' id='word_1_447' title='bbox 2785 2720 2842 2770; x_wconf 83' lang='grc' dir='ltr'>ὲν</span> <span class='ocrx_word' id='word_1_448' title='bbox 2870 2718 3022 2787; x_wconf 80' lang='grc' dir='ltr'>ἡμῖν.</span> <span class='ocrx_word' id='word_1_449' title='bbox 3067 2734 3083 2766; x_wconf 75' lang='grc' dir='ltr'><strong>ι</strong></span> <span class='ocrx_word' id='word_1_450' title='bbox 3121 2715 3260 2767; x_wconf 68' lang='lat' dir='ltr'><strong>nam</strong></span> <span class='ocrx_word' id='word_1_451' title='bbox 3293 2712 3348 2764; x_wconf 77' lang='grc' dir='ltr'>δὲ</span> <span class='ocrx_word' id='word_1_452' title='bbox 3379 2710 3557 2780; x_wconf 78' lang='grc' dir='ltr'>δῆλον,</span> <span class='ocrx_word' id='word_1_453' title='bbox 3586 2709 3726 2776; x_wconf 77' lang='grc' dir='ltr'><strong>ὅτιὴ</strong></span> 
     </span>
    </p>
   </div>
   <div class='ocr_carea' id='block_1_62' title="bbox 2147 2798 3725 2888">
    <p class='ocr_par' dir='ltr' id='par_1_62' title="bbox 2147 2798 3725 2888">
     <span class='ocr_line' id='line_1_62' title="bbox 2147 2798 3725 2888; baseline -0.013 -17"><span class='ocrx_word' id='word_1_454' title='bbox 2147 2815 2286 2888; x_wconf 80' lang='grc' dir='ltr'>σάρξ</span> <span class='ocrx_word' id='word_1_455' title='bbox 2310 2814 2410 2884; x_wconf 89' lang='grc' dir='ltr'><strong>ὕλη</strong></span> <span class='ocrx_word' id='word_1_456' title='bbox 2435 2813 2531 2868; x_wconf 73' lang='grc' dir='ltr'>καὶ</span> <span class='ocrx_word' id='word_1_457' title='bbox 2564 2811 2771 2881; x_wconf 83' lang='grc' dir='ltr'>κτίσμα</span> <span class='ocrx_word' id='word_1_458' title='bbox 2803 2808 2974 2862; x_wconf 81' lang='grc' dir='ltr'>ἐστίν.</span> <span class='ocrx_word' id='word_1_459' title='bbox 3020 2805 3170 2859; x_wconf 75' lang='grc' dir='ltr'><strong>Σέεω</strong></span> <span class='ocrx_word' id='word_1_460' title='bbox 3207 2798 3300 2857; x_wconf 73' lang='grc' dir='ltr'>οὖν</span> <span class='ocrx_word' id='word_1_461' title='bbox 3327 2802 3424 2872; x_wconf 81' lang='grc' dir='ltr'>τὴν</span> <span class='ocrx_word' id='word_1_462' title='bbox 3460 2800 3592 2871; x_wconf 82' lang='grc' dir='ltr'>ὕλην</span> <span class='ocrx_word' id='word_1_463' title='bbox 3626 2799 3725 2851; x_wconf 71' lang='grc' dir='ltr'>καὶ</span> 
     </span>
    </p>
   </div>
   <div class='ocr_carea' id='block_1_63' title="bbox 2143 2891 3726 2973">
    <p class='ocr_par' dir='ltr' id='par_1_63' title="bbox 2143 2891 3726 2973">
     <span class='ocr_line' id='line_1_63' title="bbox 2143 2891 3726 2973; baseline -0.013 -8"><span class='ocrx_word' id='word_1_464' title='bbox 2143 2912 2209 2965; x_wconf 82' lang='grc' dir='ltr'><strong>δι’</strong></span> <span class='ocrx_word' id='word_1_465' title='bbox 2234 2906 2416 2972; x_wconf 76' lang='grc' dir='ltr'>αἰδοῦς</span> <span class='ocrx_word' id='word_1_466' title='bbox 2437 2906 2577 2973; x_wconf 75' lang='grc' dir='ltr'>ἄγω,</span> <span class='ocrx_word' id='word_1_467' title='bbox 2611 2903 2703 2957; x_wconf 69' lang='grc' dir='ltr'>καὶ</span> <span class='ocrx_word' id='word_1_468' title='bbox 2731 2899 3025 2972; x_wconf 83' lang='grc' dir='ltr'>προσκυνῶ</span> <span class='ocrx_word' id='word_1_469' title='bbox 3045 2936 3060 2960; x_wconf 93' lang='grc'><strong>,</strong></span> <span class='ocrx_word' id='word_1_470' title='bbox 3093 2897 3161 2950; x_wconf 73' lang='grc' dir='ltr'>δι’</span> <span class='ocrx_word' id='word_1_471' title='bbox 3187 2891 3255 2968; x_wconf 77' lang='grc' dir='ltr'><strong>ἧς</strong></span> <span class='ocrx_word' id='word_1_472' title='bbox 3281 2895 3315 2965; x_wconf 83' lang='grc' dir='ltr'><strong>ἡ</strong></span> <span class='ocrx_word' id='word_1_473' title='bbox 3340 2891 3584 2962; x_wconf 83' lang='grc' dir='ltr'>σωτηρία</span> <span class='ocrx_word' id='word_1_474' title='bbox 3619 2905 3726 2959; x_wconf 88' lang='grc' dir='ltr'><strong>μου</strong></span> 
     </span>
    </p>
   </div>
   <div class='ocr_carea' id='block_1_64' title="bbox 2143 2983 3728 3072">
    <p class='ocr_par' dir='ltr' id='par_1_64' title="bbox 2143 2983 3728 3072">
     <span class='ocr_line' id='line_1_64' title="bbox 2143 2983 3728 3072; baseline -0.016 -15"><span class='ocrx_word' id='word_1_475' title='bbox 2143 3002 2358 3072; x_wconf 81' lang='grc' dir='ltr'>γέγονε.</span> <span class='ocrx_word' id='word_1_476' title='bbox 2387 2997 2539 3052; x_wconf 72' lang='grc' dir='ltr'><strong>Σέϐω</strong></span> <span class='ocrx_word' id='word_1_477' title='bbox 2567 2995 2644 3061; x_wconf 79' lang='grc' dir='ltr'>δὲ,</span> <span class='ocrx_word' id='word_1_478' title='bbox 2675 2995 2774 3064; x_wconf 82' lang='grc' dir='ltr'><strong>οὐχ</strong></span> <span class='ocrx_word' id='word_1_479' title='bbox 2801 2991 2879 3056; x_wconf 84' lang='grc' dir='ltr'>ὼς</span> <span class='ocrx_word' id='word_1_480' title='bbox 2925 2989 3060 3044; x_wconf 82' lang='grc' dir='ltr'>Θεὸν</span> <span class='ocrx_word' id='word_1_481' title='bbox 3079 3027 3095 3052; x_wconf 89' lang='grc'><strong>,</strong></span> <span class='ocrx_word' id='word_1_482' title='bbox 3117 2985 3233 3042; x_wconf 81' lang='grc' dir='ltr'>ἀλλ’</span> <span class='ocrx_word' id='word_1_483' title='bbox 3273 2986 3349 3048; x_wconf 86' lang='grc' dir='ltr'><strong>ὡς</strong></span> <span class='ocrx_word' id='word_1_484' title='bbox 3382 2983 3532 3072; x_wconf 85' lang='grc' dir='ltr'>θείας</span> <span class='ocrx_word' id='word_1_485' title='bbox 3568 2983 3728 3048; x_wconf 76' lang='grc' dir='ltr'>ἐνερ-</span> 
     </span>
    </p>
   </div>
   <div class='ocr_carea' id='block_1_65' title="bbox 2145 3071 3728 3163">
    <p class='ocr_par' dir='ltr' id='par_1_65' title="bbox 2145 3071 3728 3163">
     <span class='ocr_line' id='line_1_65' title="bbox 2145 3071 3728 3163; baseline -0.016 -15"><span class='ocrx_word' id='word_1_486' title='bbox 2145 3093 2298 3163; x_wconf 89' lang='grc' dir='ltr'>γείας</span> <span class='ocrx_word' id='word_1_487' title='bbox 2335 3089 2430 3145; x_wconf 73' lang='grc' dir='ltr'>καὶ</span> <span class='ocrx_word' id='word_1_488' title='bbox 2457 3087 2680 3159; x_wconf 87' lang='grc' dir='ltr'>χάριτος</span> <span class='ocrx_word' id='word_1_489' title='bbox 2701 3083 2971 3155; x_wconf 78' lang='grc' dir='ltr'>ἔμπλειον,</span> <span class='ocrx_word' id='word_1_490' title='bbox 3003 3075 3078 3133; x_wconf 83' lang='grc' dir='ltr'>Ἦ</span> <span class='ocrx_word' id='word_1_491' title='bbox 3102 3080 3200 3149; x_wconf 82' lang='grc' dir='ltr'>οὐχ</span> <span class='ocrx_word' id='word_1_492' title='bbox 3222 3077 3322 3142; x_wconf 82' lang='grc' dir='ltr'><strong>ὕλη</strong></span> <span class='ocrx_word' id='word_1_493' title='bbox 3349 3075 3412 3129; x_wconf 83' lang='grc' dir='ltr'>τὸ</span> <span class='ocrx_word' id='word_1_494' title='bbox 3443 3071 3534 3126; x_wconf 79' lang='grc' dir='ltr'>τοῦ</span> <span class='ocrx_word' id='word_1_495' title='bbox 3563 3088 3728 3163; x_wconf 67' lang='grc' dir='ltr'>σταυ-</span> 
     </span>
    </p>
   </div>
   <div class='ocr_carea' id='block_1_66' title="bbox 3845 985 3880 996">
    <p class='ocr_par' dir='ltr' id='par_1_66' title="bbox 3845 985 3880 996">
     <span class='ocr_line' id='line_1_66' title="bbox 3845 985 3880 996; baseline 0 0"><span class='ocrx_word' id='word_1_496' title='bbox 3845 985 3880 996; x_wconf 62' lang='grc' dir='ltr'><strong>-ιδ</strong></span> 
     </span>
    </p>
   </div>
   <div class='ocr_carea' id='block_1_67' title="bbox 467 3158 2037 3257">
    <p class='ocr_par' dir='ltr' id='par_1_67' title="bbox 467 3158 2037 3231">
     <span class='ocr_line' id='line_1_67' title="bbox 467 3158 2037 3231; baseline -0.003 -12"><span class='ocrx_word' id='word_1_497' title='bbox 467 3161 566 3219; x_wconf 89' lang='lat' dir='ltr'><strong>sed</strong></span> <span class='ocrx_word' id='word_1_498' title='bbox 597 3169 658 3217; x_wconf 91' lang='lat' dir='ltr'><strong>ut</strong></span> <span class='ocrx_word' id='word_1_499' title='bbox 683 3161 867 3216; x_wconf 88' lang='lat' dir='ltr'><strong>divina</strong></span> <span class='ocrx_word' id='word_1_500' title='bbox 901 3161 1114 3231; x_wconf 85' lang='lat' dir='ltr'><strong>plenam</strong></span> <span class='ocrx_word' id='word_1_501' title='bbox 1145 3158 1464 3214; x_wconf 81' lang='lat' dir='ltr'><strong>ellicacitate</strong></span> <span class='ocrx_word' id='word_1_502' title='bbox 1499 3168 1556 3214; x_wconf 90' lang='lat' dir='ltr'><strong>et</strong></span> <span class='ocrx_word' id='word_1_503' title='bbox 1580 3159 1780 3230; x_wconf 70' lang='lat' dir='ltr'><strong>gratia.</strong></span> <span class='ocrx_word' id='word_1_504' title='bbox 1816 3159 2037 3226; x_wconf 86' lang='lat' dir='ltr'><strong>Annon,</strong></span> 
     </span>
    </p>
   </div>
   <div class='ocr_carea' id='block_1_68' title="bbox 2142 3158 3726 3257">
    <p class='ocr_par' dir='ltr' id='par_1_68' title="bbox 2147 3158 3726 3257">
     <span class='ocr_line' id='line_1_68' title="bbox 2147 3158 3726 3257; baseline -0.016 -17"><span class='ocrx_word' id='word_1_505' title='bbox 2147 3158 2240 3257; x_wconf 81' lang='grc' dir='ltr'>ροῦ</span> <span class='ocrx_word' id='word_1_506' title='bbox 2292 3158 2484 3250; x_wconf 79' lang='grc' dir='ltr'>ξύλον,</span> <span class='ocrx_word' id='word_1_507' title='bbox 2514 3180 2577 3233; x_wconf 81' lang='grc' dir='ltr'>τὸ</span> <span class='ocrx_word' id='word_1_508' title='bbox 2621 3176 2924 3245; x_wconf 77' lang='grc' dir='ltr'>τρισόλϐιον</span> <span class='ocrx_word' id='word_1_509' title='bbox 2975 3172 3072 3227; x_wconf 71' lang='grc' dir='ltr'>καὶ</span> <span class='ocrx_word' id='word_1_510' title='bbox 3113 3168 3617 3242; x_wconf 73' lang='grc' dir='ltr'>τρισμακάριστονς</span> <span class='ocrx_word' id='word_1_511' title='bbox 3643 3158 3726 3257; x_wconf 41' lang='grc' dir='ltr'><strong>ΤΗ</strong></span> 
     </span>
    </p>
   </div>
   <div class='ocr_carea' id='block_1_69' title="bbox 468 3249 2044 3324">
    <p class='ocr_par' dir='ltr' id='par_1_69' title="bbox 468 3249 2044 3324">
     <span class='ocr_line' id='line_1_69' title="bbox 468 3249 2044 3324; baseline -0.005 -10"><span class='ocrx_word' id='word_1_512' title='bbox 468 3267 676 3324; x_wconf 67' lang='lat' dir='ltr'><strong>quaso,</strong></span> <span class='ocrx_word' id='word_1_513' title='bbox 707 3254 936 3308; x_wconf 84' lang='lat' dir='ltr'><strong>materia</strong></span> <span class='ocrx_word' id='word_1_514' title='bbox 965 3259 1050 3308; x_wconf 90' lang='lat' dir='ltr'><strong>est</strong></span> <span class='ocrx_word' id='word_1_515' title='bbox 1086 3251 1586 3308; x_wconf 80' lang='lat' dir='ltr'><strong>fortunatissimum</strong></span> <span class='ocrx_word' id='word_1_516' title='bbox 1621 3251 1753 3306; x_wconf 91' lang='lat' dir='ltr'><strong>illud</strong></span> <span class='ocrx_word' id='word_1_517' title='bbox 1782 3249 2044 3308; x_wconf 76' lang='lat' dir='ltr'><strong>felicissi—</strong></span> 
     </span>
    </p>
   </div>
   <div class='ocr_carea' id='block_1_70' title="bbox 471 3341 2044 3414">
    <p class='ocr_par' dir='ltr' id='par_1_70' title="bbox 471 3341 2044 3414">
     <span class='ocr_line' id='line_1_70' title="bbox 471 3341 2044 3414; baseline -0.001 -15"><span class='ocrx_word' id='word_1_518' title='bbox 471 3358 734 3414; x_wconf 85' lang='lat' dir='ltr'><strong>mumque</strong></span> <span class='ocrx_word' id='word_1_519' title='bbox 773 3344 982 3414; x_wconf 74' lang='lat' dir='ltr'><strong>lignum</strong></span> <span class='ocrx_word' id='word_1_520' title='bbox 1031 3342 1257 3399; x_wconf 86' lang='lat' dir='ltr'><strong>crucis?</strong></span> <span class='ocrx_word' id='word_1_521' title='bbox 1286 3341 1481 3397; x_wconf 92' lang='lat' dir='ltr'><strong>Nonne</strong></span> <span class='ocrx_word' id='word_1_522' title='bbox 1509 3341 1736 3396; x_wconf 85' lang='lat' dir='ltr'><strong>materia</strong></span> <span class='ocrx_word' id='word_1_523' title='bbox 1764 3349 1850 3397; x_wconf 88' lang='lat' dir='ltr'><strong>est</strong></span> <span class='ocrx_word' id='word_1_524' title='bbox 1884 3356 2044 3397; x_wconf 88' lang='lat' dir='ltr'><strong>mons</strong></span> 
     </span>
    </p>
   </div>
   <div class='ocr_carea' id='block_1_71' title="bbox 466 3432 2043 3500">
    <p class='ocr_par' dir='ltr' id='par_1_71' title="bbox 466 3432 2043 3500">
     <span class='ocr_line' id='line_1_71' title="bbox 466 3432 2043 3500; baseline -0.003 -7"><span class='ocrx_word' id='word_1_525' title='bbox 466 3435 816 3493; x_wconf 79' lang='lat' dir='ltr'><strong>venerandus</strong></span> <span class='ocrx_word' id='word_1_526' title='bbox 838 3443 898 3491; x_wconf 80' lang='lat' dir='ltr'><strong>et</strong></span> <span class='ocrx_word' id='word_1_527' title='bbox 922 3443 1152 3491; x_wconf 87' lang='lat' dir='ltr'><strong>sanctus</strong></span> <span class='ocrx_word' id='word_1_528' title='bbox 1173 3475 1190 3500; x_wconf 98' lang='lat'><strong>,</strong></span> <span class='ocrx_word' id='word_1_529' title='bbox 1216 3435 1308 3490; x_wconf 90' lang='lat' dir='ltr'><strong>ille</strong></span> <span class='ocrx_word' id='word_1_530' title='bbox 1334 3432 1600 3488; x_wconf 76' lang='lat' dir='ltr'><strong>Calvaria:</strong></span> <span class='ocrx_word' id='word_1_531' title='bbox 1630 3433 1784 3489; x_wconf 89' lang='lat' dir='ltr'><strong>locus</strong></span> <span class='ocrx_word' id='word_1_532' title='bbox 1804 3433 1829 3485; x_wconf 86' lang='lat'><strong>?</strong></span> <span class='ocrx_word' id='word_1_533' title='bbox 1851 3432 2043 3488; x_wconf 87' lang='lat' dir='ltr'><strong>Nonne</strong></span> 
     </span>
    </p>
   </div>
   <div class='ocr_carea' id='block_1_72' title="bbox 470 3526 2041 3597">
    <p class='ocr_par' dir='ltr' id='par_1_72' title="bbox 470 3526 2041 3597">
     <span class='ocr_line' id='line_1_72' title="bbox 470 3526 2041 3597; baseline -0.001 -14"><span class='ocrx_word' id='word_1_534' title='bbox 470 3528 703 3584; x_wconf 86' lang='lat' dir='ltr'><strong>materia</strong></span> <span class='ocrx_word' id='word_1_535' title='bbox 752 3536 860 3592; x_wconf 85' lang='lat' dir='ltr'><strong>est,</strong></span> <span class='ocrx_word' id='word_1_536' title='bbox 894 3526 1033 3581; x_wconf 89' lang='lat' dir='ltr'><strong>alma</strong></span> <span class='ocrx_word' id='word_1_537' title='bbox 1062 3526 1364 3597; x_wconf 82' lang='lat' dir='ltr'><strong>vitalisque</strong></span> <span class='ocrx_word' id='word_1_538' title='bbox 1409 3534 1586 3596; x_wconf 88' lang='lat' dir='ltr'><strong>petra,</strong></span> <span class='ocrx_word' id='word_1_539' title='bbox 1619 3534 2041 3582; x_wconf 90' lang='lat' dir='ltr'><strong>monumentum</strong></span> 
     </span>
    </p>
   </div>
   <div class='ocr_carea' id='block_1_73' title="bbox 469 3615 2043 3689">
    <p class='ocr_par' dir='ltr' id='par_1_73' title="bbox 469 3615 2043 3689">
     <span class='ocr_line' id='line_1_73' title="bbox 469 3615 2043 3689; baseline -0.002 -13"><span class='ocrx_word' id='word_1_540' title='bbox 469 3629 751 3682; x_wconf 83' lang='lat' dir='ltr'><strong>sanctum,</strong></span> <span class='ocrx_word' id='word_1_541' title='bbox 795 3618 1224 3675; x_wconf 87' lang='lat' dir='ltr'><strong>resurrectionis</strong></span> <span class='ocrx_word' id='word_1_542' title='bbox 1267 3626 1469 3674; x_wconf 71' lang='lat' dir='ltr'><strong>nostra:</strong></span> <span class='ocrx_word' id='word_1_543' title='bbox 1496 3617 1817 3689; x_wconf 71' lang='lat' dir='ltr'><strong>scaturigo?</strong></span> <span class='ocrx_word' id='word_1_544' title='bbox 1852 3615 2043 3673; x_wconf 87' lang='lat' dir='ltr'><strong>Nonne</strong></span> 
     </span>
    </p>
   </div>
   <div class='ocr_carea' id='block_1_74' title="bbox 467 3709 2046 3781">
    <p class='ocr_par' dir='ltr' id='par_1_74' title="bbox 467 3709 2046 3781">
     <span class='ocr_line' id='line_1_74' title="bbox 467 3709 2046 3781; baseline -0.002 -15"><span class='ocrx_word' id='word_1_545' title='bbox 467 3710 720 3774; x_wconf 80' lang='lat' dir='ltr'><strong>materia,</strong></span> <span class='ocrx_word' id='word_1_546' title='bbox 739 3717 1130 3775; x_wconf 79' lang='lat' dir='ltr'><strong>atramentum,</strong></span> <span class='ocrx_word' id='word_1_547' title='bbox 1161 3709 1702 3781; x_wconf 71' lang='lat' dir='ltr'><strong>Evangeliorumque</strong></span> <span class='ocrx_word' id='word_1_548' title='bbox 1729 3709 1850 3764; x_wconf 89' lang='lat' dir='ltr'><strong>libri</strong></span> <span class='ocrx_word' id='word_1_549' title='bbox 1879 3723 2046 3764; x_wconf 85' lang='lat' dir='ltr'><strong>mem-</strong></span> 
     </span>
    </p>
   </div>
   <div class='ocr_carea' id='block_1_75' title="bbox 467 3799 2040 3869">
    <p class='ocr_par' dir='ltr' id='par_1_75' title="bbox 467 3799 2040 3869">
     <span class='ocr_line' id='line_1_75' title="bbox 467 3799 2040 3869; baseline -0.004 -10"><span class='ocrx_word' id='word_1_550' title='bbox 467 3803 656 3859; x_wconf 69' lang='lat' dir='ltr'><strong>branae</strong></span> <span class='ocrx_word' id='word_1_551' title='bbox 671 3803 708 3856; x_wconf 75' lang='grc' dir='ltr'><strong>τ·</strong></span> <span class='ocrx_word' id='word_1_552' title='bbox 742 3801 936 3857; x_wconf 87' lang='lat' dir='ltr'><strong>Nonne</strong></span> <span class='ocrx_word' id='word_1_553' title='bbox 963 3801 1193 3856; x_wconf 84' lang='lat' dir='ltr'><strong>materia</strong></span> <span class='ocrx_word' id='word_1_554' title='bbox 1230 3800 1324 3854; x_wconf 90' lang='lat' dir='ltr'><strong>illa</strong></span> <span class='ocrx_word' id='word_1_555' title='bbox 1361 3815 1576 3862; x_wconf 90' lang='lat' dir='ltr'><strong>mensa,</strong></span> <span class='ocrx_word' id='word_1_556' title='bbox 1623 3814 1746 3869; x_wconf 67' lang='lat' dir='ltr'><strong>qua:</strong></span> <span class='ocrx_word' id='word_1_557' title='bbox 1784 3799 1907 3854; x_wconf 65' lang='lat' dir='ltr'><strong>vita:</strong></span> <span class='ocrx_word' id='word_1_558' title='bbox 1939 3813 2040 3868; x_wconf 83' lang='lat' dir='ltr'><strong>pa-</strong></span> 
     </span>
    </p>
   </div>
   <div class='ocr_carea' id='block_1_76' title="bbox 469 3890 2040 3955">
    <p class='ocr_par' dir='ltr' id='par_1_76' title="bbox 469 3890 2040 3955">
     <span class='ocr_line' id='line_1_76' title="bbox 469 3890 2040 3955; baseline -0.003 -5"><span class='ocrx_word' id='word_1_559' title='bbox 469 3909 595 3951; x_wconf 83' lang='lat' dir='ltr'><strong>nem</strong></span> <span class='ocrx_word' id='word_1_560' title='bbox 638 3893 802 3949; x_wconf 88' lang='lat' dir='ltr'><strong>nobis</strong></span> <span class='ocrx_word' id='word_1_561' title='bbox 849 3891 1278 3950; x_wconf 82' lang='lat' dir='ltr'><strong>subministrat?</strong></span> <span class='ocrx_word' id='word_1_562' title='bbox 1323 3891 1523 3946; x_wconf 84' lang='lat' dir='ltr'><strong>Annon</strong></span> <span class='ocrx_word' id='word_1_563' title='bbox 1557 3890 1811 3955; x_wconf 87' lang='lat' dir='ltr'><strong>materia,</strong></span> <span class='ocrx_word' id='word_1_564' title='bbox 1843 3905 2040 3945; x_wconf 88' lang='lat' dir='ltr'><strong>aurum</strong></span> 
     </span>
    </p>
   </div>
   <div class='ocr_carea' id='block_1_77' title="bbox 345 3979 2040 4056">
    <p class='ocr_par' dir='ltr' id='par_1_77' title="bbox 345 3979 2040 4056">
     <span class='ocr_line' id='line_1_77' title="bbox 345 3979 2040 4056; baseline -0.005 -12"><span class='ocrx_word' id='word_1_565' title='bbox 345 4037 354 4048; x_wconf 88' lang='lat'><strong>.</strong></span> <span class='ocrx_word' id='word_1_566' title='bbox 467 3995 524 4043; x_wconf 88' lang='lat' dir='ltr'><strong>et</strong></span> <span class='ocrx_word' id='word_1_567' title='bbox 557 3993 867 4056; x_wconf 69' lang='lat' dir='ltr'><strong>argentum,</strong></span> <span class='ocrx_word' id='word_1_568' title='bbox 889 3999 957 4040; x_wconf 86' lang='lat' dir='ltr'><strong>ex</strong></span> <span class='ocrx_word' id='word_1_569' title='bbox 976 3982 1177 4053; x_wconf 88' lang='lat' dir='ltr'><strong>quibus</strong></span> <span class='ocrx_word' id='word_1_570' title='bbox 1195 3989 1489 4047; x_wconf 88' lang='lat' dir='ltr'><strong>cruces,et</strong></span> <span class='ocrx_word' id='word_1_571' title='bbox 1517 3979 1658 4037; x_wconf 88' lang='lat' dir='ltr'><strong>disci</strong></span> <span class='ocrx_word' id='word_1_572' title='bbox 1689 3981 1888 4055; x_wconf 82' lang='lat' dir='ltr'><strong>sancti,</strong></span> <span class='ocrx_word' id='word_1_573' title='bbox 1905 3982 2040 4036; x_wconf 84' lang='lat' dir='ltr'><strong>cali-</strong></span> 
     </span>
    </p>
   </div>
   <div class='ocr_carea' id='block_1_78' title="bbox 467 4073 2042 4150">
    <p class='ocr_par' dir='ltr' id='par_1_78' title="bbox 467 4073 2042 4150">
     <span class='ocr_line' id='line_1_78' title="bbox 467 4073 2042 4150; baseline -0.003 -16"><span class='ocrx_word' id='word_1_574' title='bbox 467 4093 672 4150; x_wconf 74' lang='lat' dir='ltr'><strong>cesque</strong></span> <span class='ocrx_word' id='word_1_575' title='bbox 731 4076 1148 4133; x_wconf 78' lang='lat' dir='ltr'><strong>conﬁciuntur?</strong></span> <span class='ocrx_word' id='word_1_576' title='bbox 1200 4073 1414 4139; x_wconf 82' lang='lat' dir='ltr'><strong>Nonne,</strong></span> <span class='ocrx_word' id='word_1_577' title='bbox 1475 4073 1623 4144; x_wconf 86' lang='lat' dir='ltr'><strong>quod</strong></span> <span class='ocrx_word' id='word_1_578' title='bbox 1681 4073 1899 4143; x_wconf 88' lang='lat' dir='ltr'><strong>quidem</strong></span> <span class='ocrx_word' id='word_1_579' title='bbox 1953 4073 2042 4130; x_wconf 90' lang='lat' dir='ltr'><strong>his</strong></span> 
     </span>
    </p>
   </div>
   <div class='ocr_carea' id='block_1_79' title="bbox 471 4164 2041 4239">
    <p class='ocr_par' dir='ltr' id='par_1_79' title="bbox 471 4164 2041 4239">
     <span class='ocr_line' id='line_1_79' title="bbox 471 4164 2041 4239; baseline -0.001 -15"><span class='ocrx_word' id='word_1_580' title='bbox 471 4169 731 4225; x_wconf 89' lang='lat' dir='ltr'><strong>omnibus</strong></span> <span class='ocrx_word' id='word_1_581' title='bbox 759 4169 922 4239; x_wconf 74' lang='lat' dir='ltr'><strong>longe</strong></span> <span class='ocrx_word' id='word_1_582' title='bbox 945 4166 1306 4223; x_wconf 85' lang='lat' dir='ltr'><strong>excellentius</strong></span> <span class='ocrx_word' id='word_1_583' title='bbox 1335 4173 1447 4230; x_wconf 91' lang='lat' dir='ltr'><strong>est,</strong></span> <span class='ocrx_word' id='word_1_584' title='bbox 1476 4164 1705 4220; x_wconf 87' lang='lat' dir='ltr'><strong>materia</strong></span> <span class='ocrx_word' id='word_1_585' title='bbox 1729 4173 1812 4220; x_wconf 91' lang='lat' dir='ltr'><strong>est</strong></span> <span class='ocrx_word' id='word_1_586' title='bbox 1839 4177 2041 4236; x_wconf 89' lang='lat' dir='ltr'><strong>corpus</strong></span> 
     </span>
    </p>
   </div>
   <div class='ocr_carea' id='block_1_80' title="bbox 441 4255 2042 4328">
    <p class='ocr_par' dir='ltr' id='par_1_80' title="bbox 441 4255 2042 4328">
     <span class='ocr_line' id='line_1_80' title="bbox 441 4255 2042 4328; baseline -0.004 -11"><span class='ocrx_word' id='word_1_587' title='bbox 441 4271 524 4317; x_wconf 77' lang='lat' dir='ltr'><strong>et</strong></span> <span class='ocrx_word' id='word_1_588' title='bbox 551 4260 776 4328; x_wconf 73' lang='lat' dir='ltr'><strong>sanguis</strong></span> <span class='ocrx_word' id='word_1_589' title='bbox 809 4258 1025 4314; x_wconf 83' lang='lat' dir='ltr'><strong>Domini</strong></span> <span class='ocrx_word' id='word_1_590' title='bbox 1065 4259 1214 4313; x_wconf 78' lang='lat' dir='ltr'><strong>mei?</strong></span> <span class='ocrx_word' id='word_1_591' title='bbox 1257 4257 1367 4311; x_wconf 80' lang='lat' dir='ltr'><strong>Aut</strong></span> <span class='ocrx_word' id='word_1_592' title='bbox 1405 4257 1603 4312; x_wconf 88' lang='lat' dir='ltr'><strong>borum</strong></span> <span class='ocrx_word' id='word_1_593' title='bbox 1648 4256 1894 4311; x_wconf 87' lang='lat' dir='ltr'><strong>omnium</strong></span> <span class='ocrx_word' id='word_1_594' title='bbox 1924 4255 2042 4311; x_wconf 88' lang='lat' dir='ltr'><strong>cul-</strong></span> 
     </span>
    </p>
   </div>
   <div class='ocr_carea' id='block_1_81' title="bbox 469 4347 2042 4419">
    <p class='ocr_par' dir='ltr' id='par_1_81' title="bbox 469 4347 2042 4419">
     <span class='ocr_line' id='line_1_81' title="bbox 469 4347 2042 4419; baseline -0.004 -13"><span class='ocrx_word' id='word_1_595' title='bbox 469 4362 585 4407; x_wconf 90' lang='lat' dir='ltr'><strong>tum</strong></span> <span class='ocrx_word' id='word_1_596' title='bbox 618 4351 1106 4419; x_wconf 87' lang='lat' dir='ltr'><strong>adorationemque</strong></span> <span class='ocrx_word' id='word_1_597' title='bbox 1137 4347 1287 4412; x_wconf 87' lang='lat' dir='ltr'><strong>tolle,</strong></span> <span class='ocrx_word' id='word_1_598' title='bbox 1326 4354 1421 4400; x_wconf 89' lang='lat' dir='ltr'><strong>aut</strong></span> <span class='ocrx_word' id='word_1_599' title='bbox 1463 4347 1721 4409; x_wconf 87' lang='lat' dir='ltr'><strong>concede,</strong></span> <span class='ocrx_word' id='word_1_600' title='bbox 1758 4354 1819 4401; x_wconf 90' lang='lat' dir='ltr'><strong>ut</strong></span> <span class='ocrx_word' id='word_1_601' title='bbox 1842 4360 2042 4402; x_wconf 87' lang='lat' dir='ltr'><strong>secun-</strong></span> 
     </span>
    </p>
   </div>
   <div class='ocr_carea' id='block_1_82' title="bbox 469 4436 2038 4508">
    <p class='ocr_par' dir='ltr' id='par_1_82' title="bbox 469 4436 2038 4508">
     <span class='ocr_line' id='line_1_82' title="bbox 469 4436 2038 4508; baseline -0.003 -10"><span class='ocrx_word' id='word_1_602' title='bbox 469 4444 599 4498; x_wconf 93' lang='lat' dir='ltr'><strong>dum</strong></span> <span class='ocrx_word' id='word_1_603' title='bbox 638 4443 992 4497; x_wconf 85' lang='lat' dir='ltr'><strong>traditionem</strong></span> <span class='ocrx_word' id='word_1_604' title='bbox 1043 4439 1326 4502; x_wconf 69' lang='lat' dir='ltr'><strong>Ecclesiae,</strong></span> <span class='ocrx_word' id='word_1_605' title='bbox 1357 4438 1631 4508; x_wconf 77' lang='lat' dir='ltr'><strong>imagines</strong></span> <span class='ocrx_word' id='word_1_606' title='bbox 1685 4436 1780 4494; x_wconf 85' lang='lat' dir='ltr'><strong>Dei</strong></span> <span class='ocrx_word' id='word_1_607' title='bbox 1831 4439 2038 4494; x_wconf 88' lang='lat' dir='ltr'><strong>amico-</strong></span> 
     </span>
    </p>
   </div>
   <div class='ocr_carea' id='block_1_83' title="bbox 2147 3253 3726 3346">
    <p class='ocr_par' dir='ltr' id='par_1_83' title="bbox 2147 3253 3726 3346">
     <span class='ocr_line' id='line_1_83' title="bbox 2147 3253 3726 3346; baseline -0.017 -15"><span class='ocrx_word' id='word_1_608' title='bbox 2147 3253 2246 3346; x_wconf 79' lang='grc' dir='ltr'><strong>οὐχ</strong></span> <span class='ocrx_word' id='word_1_609' title='bbox 2271 3275 2372 3342; x_wconf 79' lang='grc' dir='ltr'><strong>ὕλη</strong></span> <span class='ocrx_word' id='word_1_610' title='bbox 2399 3271 2460 3326; x_wconf 83' lang='grc' dir='ltr'>τὸ</span> <span class='ocrx_word' id='word_1_611' title='bbox 2489 3271 2614 3340; x_wconf 76' lang='grc' dir='ltr'>ὅρος</span> <span class='ocrx_word' id='word_1_612' title='bbox 2648 3269 2707 3322; x_wconf 84' lang='grc' dir='ltr'>τὸ</span> <span class='ocrx_word' id='word_1_613' title='bbox 2741 3265 2940 3324; x_wconf 70' lang='grc' dir='ltr'>σεπτὸν</span> <span class='ocrx_word' id='word_1_614' title='bbox 2967 3265 3064 3318; x_wconf 75' lang='grc' dir='ltr'>καὶ</span> <span class='ocrx_word' id='word_1_615' title='bbox 3093 3263 3268 3330; x_wconf 74' lang='grc' dir='ltr'>ἅγιον,</span> <span class='ocrx_word' id='word_1_616' title='bbox 3301 3260 3327 3311; x_wconf 84' lang='grc' dir='ltr'>ὁ</span> <span class='ocrx_word' id='word_1_617' title='bbox 3352 3257 3445 3311; x_wconf 79' lang='grc' dir='ltr'>τοῦ</span> <span class='ocrx_word' id='word_1_618' title='bbox 3481 3253 3726 3325; x_wconf 79' lang='grc' dir='ltr'>Κρανίου</span> 
     </span>
    </p>
   </div>
   <div class='ocr_carea' id='block_1_84' title="bbox 2148 3346 3725 3433">
    <p class='ocr_par' dir='ltr' id='par_1_84' title="bbox 2148 3346 3725 3433">
     <span class='ocr_line' id='line_1_84' title="bbox 2148 3346 3725 3433; baseline -0.016 -11"><span class='ocrx_word' id='word_1_619' title='bbox 2148 3369 2348 3432; x_wconf 83' lang='grc' dir='ltr'>τόπος;</span> <span class='ocrx_word' id='word_1_620' title='bbox 2380 3361 2454 3417; x_wconf 84' lang='grc' dir='ltr'><strong>Ἦ</strong></span> <span class='ocrx_word' id='word_1_621' title='bbox 2500 3363 2600 3433; x_wconf 74' lang='grc' dir='ltr'><strong>οὐχ</strong></span> <span class='ocrx_word' id='word_1_622' title='bbox 2643 3360 2745 3430; x_wconf 87' lang='grc' dir='ltr'><strong>ὕλη</strong></span> <span class='ocrx_word' id='word_1_623' title='bbox 2771 3360 2806 3430; x_wconf 84' lang='grc' dir='ltr'>ἡ</span> <span class='ocrx_word' id='word_1_624' title='bbox 2858 3356 3142 3426; x_wconf 79' lang='grc' dir='ltr'>ζωηφόρος</span> <span class='ocrx_word' id='word_1_625' title='bbox 3179 3351 3352 3420; x_wconf 84' lang='grc' dir='ltr'>πέτρα</span> <span class='ocrx_word' id='word_1_626' title='bbox 3379 3391 3395 3414; x_wconf 91' lang='grc'><strong>,</strong></span> <span class='ocrx_word' id='word_1_627' title='bbox 3419 3351 3449 3402; x_wconf 85' lang='grc' dir='ltr'>ὁ</span> <span class='ocrx_word' id='word_1_628' title='bbox 3496 3347 3663 3414; x_wconf 72' lang='grc' dir='ltr'>τάφος</span> <span class='ocrx_word' id='word_1_629' title='bbox 3693 3346 3725 3396; x_wconf 82' lang='grc' dir='ltr'><strong>ό</strong></span> 
     </span>
    </p>
   </div>
   <div class='ocr_carea' id='block_1_85' title="bbox 2149 3435 3724 3528">
    <p class='ocr_par' dir='ltr' id='par_1_85' title="bbox 2149 3435 3724 3528">
     <span class='ocr_line' id='line_1_85' title="bbox 2149 3435 3724 3528; baseline -0.017 -15"><span class='ocrx_word' id='word_1_630' title='bbox 2149 3461 2324 3528; x_wconf 76' lang='grc' dir='ltr'>ἅγιος,</span> <span class='ocrx_word' id='word_1_631' title='bbox 2359 3457 2395 3526; x_wconf 72' lang='grc' dir='ltr'>ἡ</span> <span class='ocrx_word' id='word_1_632' title='bbox 2439 3453 2591 3524; x_wconf 80' lang='grc' dir='ltr'>πηγὴ</span> <span class='ocrx_word' id='word_1_633' title='bbox 2627 3455 2726 3522; x_wconf 83' lang='grc' dir='ltr'>τῆς</span> <span class='ocrx_word' id='word_1_634' title='bbox 2777 3448 2932 3520; x_wconf 72' lang='grc' dir='ltr'>ἡμῶν</span> <span class='ocrx_word' id='word_1_635' title='bbox 2964 3445 3312 3506; x_wconf 77' lang='grc' dir='ltr'>ἀναστάσεως</span> <span class='ocrx_word' id='word_1_636' title='bbox 3339 3435 3452 3528; x_wconf 50' lang='grc' dir='ltr'><strong>ςῖΗ</strong></span> <span class='ocrx_word' id='word_1_637' title='bbox 3493 3438 3591 3506; x_wconf 74' lang='grc' dir='ltr'>οὐχ</span> <span class='ocrx_word' id='word_1_638' title='bbox 3620 3435 3724 3528; x_wconf 79' lang='grc' dir='ltr'>ὕλη</span> 
     </span>
    </p>
   </div>
   <div class='ocr_carea' id='block_1_86' title="bbox 2146 3526 3721 3616">
    <p class='ocr_par' dir='ltr' id='par_1_86' title="bbox 2146 3526 3721 3616">
     <span class='ocr_line' id='line_1_86' title="bbox 2146 3526 3721 3616; baseline -0.017 -13"><span class='ocrx_word' id='word_1_639' title='bbox 2146 3526 2208 3603; x_wconf 62' lang='grc' dir='ltr'><strong>τό</strong></span> <span class='ocrx_word' id='word_1_640' title='bbox 2236 3547 2421 3616; x_wconf 82' lang='grc' dir='ltr'>μέλαν,</span> <span class='ocrx_word' id='word_1_641' title='bbox 2460 3545 2531 3599; x_wconf 86' lang='grc' dir='ltr'>τὰ</span> <span class='ocrx_word' id='word_1_642' title='bbox 2556 3543 2664 3598; x_wconf 88' lang='grc' dir='ltr'><strong>τῶν</strong></span> <span class='ocrx_word' id='word_1_643' title='bbox 2695 3539 3045 3610; x_wconf 82' lang='grc' dir='ltr'>Εὐαγγελίων</span> <span class='ocrx_word' id='word_1_644' title='bbox 3073 3535 3354 3606; x_wconf 77' lang='grc' dir='ltr'>δέρματα;</span> <span class='ocrx_word' id='word_1_645' title='bbox 3378 3527 3453 3584; x_wconf 83' lang='grc' dir='ltr'><strong>Ἦ</strong></span> <span class='ocrx_word' id='word_1_646' title='bbox 3490 3528 3588 3598; x_wconf 81' lang='grc' dir='ltr'><strong>οὐχ</strong></span> <span class='ocrx_word' id='word_1_647' title='bbox 3619 3526 3721 3597; x_wconf 84' lang='grc' dir='ltr'><strong>ὕλη</strong></span> 
     </span>
    </p>
   </div>
   <div class='ocr_carea' id='block_1_87' title="bbox 2146 3617 3722 3709">
    <p class='ocr_par' dir='ltr' id='par_1_87' title="bbox 2146 3617 3722 3709">
     <span class='ocr_line' id='line_1_87' title="bbox 2146 3617 3722 3709; baseline -0.015 -18"><span class='ocrx_word' id='word_1_648' title='bbox 2146 3640 2180 3709; x_wconf 77' lang='grc' dir='ltr'><strong>ἡ</strong></span> <span class='ocrx_word' id='word_1_649' title='bbox 2210 3635 2468 3702; x_wconf 78' lang='grc' dir='ltr'>ζωοποιὸς</span> <span class='ocrx_word' id='word_1_650' title='bbox 2488 3633 2756 3705; x_wconf 74' lang='grc' dir='ltr'>τράπεζα,</span> <span class='ocrx_word' id='word_1_651' title='bbox 2779 3632 2816 3701; x_wconf 75' lang='grc' dir='ltr'><strong>ἡ</strong></span> <span class='ocrx_word' id='word_1_652' title='bbox 2832 3628 2922 3682; x_wconf 75' lang='grc' dir='ltr'>τὸν</span> <span class='ocrx_word' id='word_1_653' title='bbox 2946 3628 3108 3698; x_wconf 77' lang='grc' dir='ltr'>ἄρτον</span> <span class='ocrx_word' id='word_1_654' title='bbox 3138 3625 3271 3696; x_wconf 80' lang='grc' dir='ltr'>ἡμῖν</span> <span class='ocrx_word' id='word_1_655' title='bbox 3296 3621 3394 3690; x_wconf 77' lang='grc' dir='ltr'>τῆς</span> <span class='ocrx_word' id='word_1_656' title='bbox 3414 3617 3560 3689; x_wconf 79' lang='grc' dir='ltr'><strong>ζωῆς</strong></span> <span class='ocrx_word' id='word_1_657' title='bbox 3591 3632 3722 3709; x_wconf 44' lang='grc' dir='ltr'>χορῗ</span> 
     </span>
    </p>
   </div>
   <div class='ocr_carea' id='block_1_88' title="bbox 2146 3707 3724 3797">
    <p class='ocr_par' dir='ltr' id='par_1_88' title="bbox 2146 3707 3724 3797">
     <span class='ocr_line' id='line_1_88' title="bbox 2146 3707 3724 3797; baseline -0.013 -15"><span class='ocrx_word' id='word_1_658' title='bbox 2146 3707 2391 3797; x_wconf 48' lang='lat' dir='ltr'><strong>fmina;</strong></span> <span class='ocrx_word' id='word_1_659' title='bbox 2413 3723 2492 3779; x_wconf 86' lang='grc' dir='ltr'><strong>Ἦ</strong></span> <span class='ocrx_word' id='word_1_660' title='bbox 2540 3724 2640 3793; x_wconf 82' lang='grc' dir='ltr'>οὐχ</span> <span class='ocrx_word' id='word_1_661' title='bbox 2704 3721 2806 3791; x_wconf 83' lang='grc' dir='ltr'><strong>ὕλη</strong></span> <span class='ocrx_word' id='word_1_662' title='bbox 2838 3722 2867 3774; x_wconf 86' lang='grc' dir='ltr'>ὁ</span> <span class='ocrx_word' id='word_1_663' title='bbox 2902 3717 3098 3791; x_wconf 86' lang='grc' dir='ltr'>χρυσός</span> <span class='ocrx_word' id='word_1_664' title='bbox 3131 3733 3193 3769; x_wconf 91' lang='grc' dir='ltr'>τε</span> <span class='ocrx_word' id='word_1_665' title='bbox 3236 3714 3331 3768; x_wconf 79' lang='grc' dir='ltr'>καὶ</span> <span class='ocrx_word' id='word_1_666' title='bbox 3371 3713 3630 3784; x_wconf 78' lang='grc' dir='ltr'>ἄργυρος,</span> <span class='ocrx_word' id='word_1_667' title='bbox 3659 3707 3724 3772; x_wconf 79' lang='grc' dir='ltr'>ἐξ</span> 
     </span>
    </p>
   </div>
   <div class='ocr_carea' id='block_1_89' title="bbox 2148 3798 3718 3886">
    <p class='ocr_par' dir='ltr' id='par_1_89' title="bbox 2148 3798 3718 3886">
     <span class='ocr_line' id='line_1_89' title="bbox 2148 3798 3718 3886; baseline -0.013 -15"><span class='ocrx_word' id='word_1_668' title='bbox 2148 3811 2224 3872; x_wconf 77' lang='grc' dir='ltr'><strong>ὧν</strong></span> <span class='ocrx_word' id='word_1_669' title='bbox 2255 3813 2478 3886; x_wconf 89' lang='grc' dir='ltr'>σταυροί</span> <span class='ocrx_word' id='word_1_670' title='bbox 2503 3829 2561 3866; x_wconf 89' lang='grc' dir='ltr'><strong>τε</strong></span> <span class='ocrx_word' id='word_1_671' title='bbox 2603 3812 2697 3866; x_wconf 76' lang='grc' dir='ltr'>καὶ</span> <span class='ocrx_word' id='word_1_672' title='bbox 2741 3811 2970 3871; x_wconf 83' lang='grc' dir='ltr'>πίνακες</span> <span class='ocrx_word' id='word_1_673' title='bbox 3013 3807 3156 3876; x_wconf 70' lang='grc' dir='ltr'>ἅγιοι</span> <span class='ocrx_word' id='word_1_674' title='bbox 3196 3798 3718 3862; x_wconf 73' lang='grc' dir='ltr'>κατασκευάζονται,</span> 
     </span>
    </p>
   </div>
   <div class='ocr_carea' id='block_1_90' title="bbox 2148 3889 3722 3976">
    <p class='ocr_par' dir='ltr' id='par_1_90' title="bbox 2148 3889 3722 3976">
     <span class='ocr_line' id='line_1_90' title="bbox 2148 3889 3722 3976; baseline -0.013 -14"><span class='ocrx_word' id='word_1_675' title='bbox 2148 3909 2244 3962; x_wconf 72' lang='grc' dir='ltr'>καὶ</span> <span class='ocrx_word' id='word_1_676' title='bbox 2273 3906 2504 3976; x_wconf 72' lang='grc' dir='ltr'>ποτήρια</span> <span class='ocrx_word' id='word_1_677' title='bbox 2527 3898 2654 3970; x_wconf 73' lang='grc' dir='ltr'><strong>;,Ἧ</strong></span> <span class='ocrx_word' id='word_1_678' title='bbox 2681 3902 2780 3972; x_wconf 83' lang='grc' dir='ltr'><strong>οὐχ</strong></span> <span class='ocrx_word' id='word_1_679' title='bbox 2809 3899 2909 3969; x_wconf 89' lang='grc' dir='ltr'><strong>ὕλη</strong></span> <span class='ocrx_word' id='word_1_680' title='bbox 2945 3896 3054 3968; x_wconf 79' lang='grc' dir='ltr'>πρὸ</span> <span class='ocrx_word' id='word_1_681' title='bbox 3086 3895 3295 3949; x_wconf 86' lang='grc' dir='ltr'>τούτων</span> <span class='ocrx_word' id='word_1_682' title='bbox 3338 3891 3591 3947; x_wconf 81' lang='grc' dir='ltr'>ἁπάντων</span> <span class='ocrx_word' id='word_1_683' title='bbox 3612 3932 3627 3953; x_wconf 94' lang='grc'><strong>,</strong></span> <span class='ocrx_word' id='word_1_684' title='bbox 3655 3889 3722 3942; x_wconf 57' lang='lat' dir='ltr'><strong>ab</strong></span> 
     </span>
    </p>
   </div>
   <div class='ocr_carea' id='block_1_91' title="bbox 2146 3982 3724 4066">
    <p class='ocr_par' dir='ltr' id='par_1_91' title="bbox 2146 3982 3724 4066">
     <span class='ocr_line' id='line_1_91' title="bbox 2146 3982 3724 4066; baseline -0.011 -16"><span class='ocrx_word' id='word_1_685' title='bbox 2146 3996 2239 4050; x_wconf 84' lang='grc' dir='ltr'>τοῦ</span> <span class='ocrx_word' id='word_1_686' title='bbox 2269 3993 2474 4066; x_wconf 81' lang='grc' dir='ltr'>Κυρίου</span> <span class='ocrx_word' id='word_1_687' title='bbox 2509 4010 2611 4064; x_wconf 91' lang='grc' dir='ltr'><strong>μου</strong></span> <span class='ocrx_word' id='word_1_688' title='bbox 2651 3991 2808 4060; x_wconf 80' lang='grc' dir='ltr'>σῶμα</span> <span class='ocrx_word' id='word_1_689' title='bbox 2838 3988 2932 4042; x_wconf 77' lang='grc' dir='ltr'>καὶ</span> <span class='ocrx_word' id='word_1_690' title='bbox 2958 3983 3097 4058; x_wconf 79' lang='grc' dir='ltr'>αἷμα</span> <span class='ocrx_word' id='word_1_691' title='bbox 3117 4003 3130 4054; x_wconf 91' lang='grc'><strong>;</strong></span> <span class='ocrx_word' id='word_1_692' title='bbox 3153 3985 3226 4038; x_wconf 89' lang='grc' dir='ltr'><strong><em>Ἦ</em></strong></span> <span class='ocrx_word' id='word_1_693' title='bbox 3259 3986 3476 4038; x_wconf 84' lang='grc' dir='ltr'>πάντων</span> <span class='ocrx_word' id='word_1_694' title='bbox 3513 3982 3724 4036; x_wconf 80' lang='grc' dir='ltr'>τούτων</span> 
     </span>
    </p>
   </div>
   <div class='ocr_carea' id='block_1_92' title="bbox 2147 4073 3725 4154">
    <p class='ocr_par' dir='ltr' id='par_1_92' title="bbox 2147 4073 3725 4154">
     <span class='ocr_line' id='line_1_92' title="bbox 2147 4073 3725 4154; baseline -0.013 -10"><span class='ocrx_word' id='word_1_695' title='bbox 2147 4088 2302 4144; x_wconf 76' lang='grc' dir='ltr'>ἄνελε</span> <span class='ocrx_word' id='word_1_696' title='bbox 2331 4085 2393 4140; x_wconf 84' lang='grc' dir='ltr'>τὸ</span> <span class='ocrx_word' id='word_1_697' title='bbox 2445 4083 2610 4149; x_wconf 75' lang='grc' dir='ltr'>σέϐας</span> <span class='ocrx_word' id='word_1_698' title='bbox 2638 4083 2734 4138; x_wconf 75' lang='grc' dir='ltr'>καὶ</span> <span class='ocrx_word' id='word_1_699' title='bbox 2766 4081 2865 4154; x_wconf 76' lang='grc' dir='ltr'>τὴν</span> <span class='ocrx_word' id='word_1_700' title='bbox 2911 4078 3306 4152; x_wconf 80' lang='grc' dir='ltr'>προσκύνησιν,</span> <span class='ocrx_word' id='word_1_701' title='bbox 3333 4076 3367 4148; x_wconf 78' lang='grc' dir='ltr'>ἢ</span> <span class='ocrx_word' id='word_1_702' title='bbox 3399 4073 3725 4145; x_wconf 81' lang='grc' dir='ltr'>παραχώρει</span> 
     </span>
    </p>
   </div>
   <div class='ocr_carea' id='block_1_93' title="bbox 2147 4164 3728 4251">
    <p class='ocr_par' dir='ltr' id='par_1_93' title="bbox 2147 4164 3728 4251">
     <span class='ocr_line' id='line_1_93' title="bbox 2147 4164 3728 4251; baseline -0.01 -18"><span class='ocrx_word' id='word_1_703' title='bbox 2147 4183 2214 4251; x_wconf 79' lang='grc' dir='ltr'>τῇ</span> <span class='ocrx_word' id='word_1_704' title='bbox 2251 4177 2679 4250; x_wconf 77' lang='grc' dir='ltr'>ὲκκλησιαστικῇ</span> <span class='ocrx_word' id='word_1_705' title='bbox 2715 4173 3010 4241; x_wconf 81' lang='grc' dir='ltr'>παραδόσει</span> <span class='ocrx_word' id='word_1_706' title='bbox 3065 4171 3162 4224; x_wconf 74' lang='grc' dir='ltr'>καὶ</span> <span class='ocrx_word' id='word_1_707' title='bbox 3209 4169 3310 4239; x_wconf 78' lang='grc' dir='ltr'>τὴν</span> <span class='ocrx_word' id='word_1_708' title='bbox 3344 4167 3454 4221; x_wconf 85' lang='grc' dir='ltr'><strong>τῶν</strong></span> <span class='ocrx_word' id='word_1_709' title='bbox 3496 4164 3728 4218; x_wconf 81' lang='grc' dir='ltr'>εἰκόνων</span> 
     </span>
    </p>
   </div>
   <div class='ocr_carea' id='block_1_94' title="bbox 2149 4254 3726 4341">
    <p class='ocr_par' dir='ltr' id='par_1_94' title="bbox 2149 4254 3726 4341">
     <span class='ocr_line' id='line_1_94' title="bbox 2149 4254 3726 4341; baseline -0.013 -17"><span class='ocrx_word' id='word_1_710' title='bbox 2149 4268 2536 4341; x_wconf 82' lang='grc' dir='ltr'>προσκύνησιν,</span> <span class='ocrx_word' id='word_1_711' title='bbox 2567 4265 2704 4319; x_wconf 79' lang='grc' dir='ltr'>Θεοῦ</span> <span class='ocrx_word' id='word_1_712' title='bbox 2749 4265 2846 4332; x_wconf 71' lang='grc' dir='ltr'>καὶ</span> <span class='ocrx_word' id='word_1_713' title='bbox 2874 4263 3060 4334; x_wconf 51' lang='grc' dir='ltr'>φίλων</span> <span class='ocrx_word' id='word_1_714' title='bbox 3072 4261 3210 4315; x_wconf 78' lang='grc' dir='ltr'>θεοῦ</span> <span class='ocrx_word' id='word_1_715' title='bbox 3243 4259 3468 4334; x_wconf 76' lang='grc' dir='ltr'>ὀνόματι</span> <span class='ocrx_word' id='word_1_716' title='bbox 3491 4254 3726 4326; x_wconf 71' lang='grc' dir='ltr'>ᾴγιαςρ-</span> 
     </span>
    </p>
   </div>
   <div class='ocr_carea' id='block_1_95' title="bbox 2151 4345 3729 4432">
    <p class='ocr_par' dir='ltr' id='par_1_95' title="bbox 2151 4345 3729 4432">
     <span class='ocr_line' id='line_1_95' title="bbox 2151 4345 3729 4432; baseline -0.01 -19"><span class='ocrx_word' id='word_1_717' title='bbox 2151 4359 2349 4432; x_wconf 79' lang='grc' dir='ltr'>μένων,</span> <span class='ocrx_word' id='word_1_718' title='bbox 2367 4357 2464 4411; x_wconf 77' lang='grc' dir='ltr'>καὶ</span> <span class='ocrx_word' id='word_1_719' title='bbox 2492 4357 2582 4411; x_wconf 83' lang='grc' dir='ltr'>διὰ</span> <span class='ocrx_word' id='word_1_720' title='bbox 2592 4355 2752 4410; x_wconf 78' lang='grc' dir='ltr'>τοῦτο</span> <span class='ocrx_word' id='word_1_721' title='bbox 2766 4355 2912 4408; x_wconf 86' lang='grc' dir='ltr'>θείου</span> <span class='ocrx_word' id='word_1_722' title='bbox 2928 4351 3068 4406; x_wconf 85' lang='grc' dir='ltr'>Πνεύ</span> <span class='ocrx_word' id='word_1_723' title='bbox 3078 4369 3108 4419; x_wconf 83' lang='grc' dir='ltr'><strong>μ</strong></span> <span class='ocrx_word' id='word_1_724' title='bbox 3119 4373 3150 4405; x_wconf 84' lang='grc' dir='ltr'><strong>α</strong></span> <span class='ocrx_word' id='word_1_725' title='bbox 3161 4367 3241 4412; x_wconf 80' lang='grc' dir='ltr'><strong>τος</strong></span> <span class='ocrx_word' id='word_1_726' title='bbox 3258 4345 3729 4417; x_wconf 68' lang='grc' dir='ltr'>ἑπισκιαξομένων</span> 
     </span>
    </p>
   </div>
   <div class='ocr_carea' id='block_1_96' title="bbox 2147 4437 3727 4521">
    <p class='ocr_par' dir='ltr' id='par_1_96' title="bbox 2147 4437 3727 4521">
     <span class='ocr_line' id='line_1_96' title="bbox 2147 4437 3727 4521; baseline -0.003 -18"><span class='ocrx_word' id='word_1_727' title='bbox 2147 4449 2437 4521; x_wconf 59' lang='lat' dir='ltr'><strong>pigitum</strong></span> <span class='ocrx_word' id='word_1_728' title='bbox 2463 4447 2552 4500; x_wconf 80' lang='grc' dir='ltr'><strong>διὰ</strong></span> <span class='ocrx_word' id='word_1_729' title='bbox 2594 4447 2686 4500; x_wconf 85' lang='grc' dir='ltr'>τὸν</span> <span class='ocrx_word' id='word_1_730' title='bbox 2719 4446 2888 4516; x_wconf 79' lang='grc' dir='ltr'>νόμον</span> <span class='ocrx_word' id='word_1_731' title='bbox 2919 4443 3019 4506; x_wconf 81' lang='grc' dir='ltr'>τὰς</span> <span class='ocrx_word' id='word_1_732' title='bbox 3071 4439 3288 4502; x_wconf 85' lang='grc' dir='ltr'>εἰκόνας</span> <span class='ocrx_word' id='word_1_733' title='bbox 3331 4437 3727 4508; x_wconf 73' lang='grc' dir='ltr'>ἀπαγορεύεις.</span> 
     </span>
    </p>
   </div>
   <div class='ocr_carea' id='block_1_97' title="bbox 469 4527 3730 4613">
    <p class='ocr_par' dir='ltr' id='par_1_97' title="bbox 469 4527 3730 4613">
     <span class='ocr_line' id='line_1_97' title="bbox 469 4527 3730 4613; baseline -0.007 -10"><span class='ocrx_word' id='word_1_734' title='bbox 469 4549 704 4610; x_wconf 60' lang='grc' dir='ltr'>τμῐιιίιιιε</span> <span class='ocrx_word' id='word_1_735' title='bbox 729 4533 852 4613; x_wconf 55' lang='lat' dir='ltr'><strong>ei“!</strong></span> <span class='ocrx_word' id='word_1_736' title='bbox 897 4532 1108 4587; x_wconf 71' lang='grc' dir='ltr'><strong>ηοωίηί</strong></span> <span class='ocrx_word' id='word_1_737' title='bbox 1147 4539 1506 4613; x_wconf 54' lang='grc' dir='ltr'><strong>ξφεθοηῑεθν</strong></span> <span class='ocrx_word' id='word_1_738' title='bbox 1539 4537 1708 4600; x_wconf 70' lang='grc' dir='ltr'>διαυο</span> <span class='ocrx_word' id='word_1_739' title='bbox 1752 4537 2044 4601; x_wconf 65' lang='lat' dir='ltr'><strong>propterea</strong></span> <span class='ocrx_word' id='word_1_740' title='bbox 2076 4539 2121 4595; x_wconf 68' lang='grc' dir='ltr'><strong>Β</strong></span> <span class='ocrx_word' id='word_1_741' title='bbox 2145 4542 2266 4613; x_wconf 84' lang='grc' dir='ltr'>ὥρα</span> <span class='ocrx_word' id='word_1_742' title='bbox 2295 4557 2379 4595; x_wconf 91' lang='grc' dir='ltr'><strong>σοι</strong></span> <span class='ocrx_word' id='word_1_743' title='bbox 2408 4540 2502 4594; x_wconf 64' lang='grc' dir='ltr'><strong>καὶ⁹</strong></span> <span class='ocrx_word' id='word_1_744' title='bbox 2535 4536 2885 4601; x_wconf 75' lang='grc' dir='ltr'>σαϐϐατίζειν</span> <span class='ocrx_word' id='word_1_745' title='bbox 2916 4533 3013 4590; x_wconf 63' lang='grc' dir='ltr'><strong>καὶ⁸</strong></span> <span class='ocrx_word' id='word_1_746' title='bbox 3048 4529 3502 4602; x_wconf 64' lang='grc' dir='ltr'>περιτέμνεσθαιυ</span> <span class='ocrx_word' id='word_1_747' title='bbox 3545 4527 3730 4580; x_wconf 80' lang='grc' dir='ltr'>ταῦτα</span> 
     </span>
    </p>
   </div>
   <div class='ocr_carea' id='block_1_98' title="bbox 467 4596 2039 4698">
    <p class='ocr_par' dir='ltr' id='par_1_98' title="bbox 467 4596 2039 4698">
     <span class='ocr_line' id='line_1_98' title="bbox 467 4596 2039 4698; baseline -0.004 -16"><span class='ocrx_word' id='word_1_748' title='bbox 467 4596 642 4683; x_wconf 77' lang='lat' dir='ltr'><strong>divini</strong></span> <span class='ocrx_word' id='word_1_749' title='bbox 679 4596 956 4698; x_wconf 38' lang='lat' dir='ltr'><strong>_Spiritus</strong></span> <span class='ocrx_word' id='word_1_750' title='bbox 1023 4596 1222 4696; x_wconf 42' lang='lat' dir='ltr'><strong>gratia&quot;</strong></span> <span class='ocrx_word' id='word_1_751' title='bbox 1277 4596 1656 4686; x_wconf 68' lang='lat' dir='ltr'><strong>obumbratae,</strong></span> <span class='ocrx_word' id='word_1_752' title='bbox 1718 4596 2039 4676; x_wconf 76' lang='lat' dir='ltr'><strong>adorentur.</strong></span> 
     </span>
    </p>
   </div>
   <div class='ocr_carea' id='block_1_99' title="bbox 467 4711 2040 4788">
    <p class='ocr_par' dir='ltr' id='par_1_99' title="bbox 467 4711 2040 4788">
     <span class='ocr_line' id='line_1_99' title="bbox 467 4711 2040 4788; baseline -0.004 -15"><span class='ocrx_word' id='word_1_753' title='bbox 467 4717 626 4786; x_wconf 76' lang='lat' dir='ltr'><strong>Quod</strong></span> <span class='ocrx_word' id='word_1_754' title='bbox 653 4717 699 4775; x_wconf 85' lang='lat' dir='ltr'><strong>si</strong></span> <span class='ocrx_word' id='word_1_755' title='bbox 739 4727 966 4788; x_wconf 90' lang='lat' dir='ltr'><strong>propter</strong></span> <span class='ocrx_word' id='word_1_756' title='bbox 988 4715 1125 4788; x_wconf 70' lang='lat' dir='ltr'><strong>legis</strong></span> <span class='ocrx_word' id='word_1_757' title='bbox 1152 4722 1486 4784; x_wconf 60' lang='lat' dir='ltr'><strong>praeceptum</strong></span> <span class='ocrx_word' id='word_1_758' title='bbox 1527 4711 1799 4783; x_wconf 76' lang='lat' dir='ltr'><strong>imagines</strong></span> <span class='ocrx_word' id='word_1_759' title='bbox 1845 4725 2040 4767; x_wconf 87' lang='lat' dir='ltr'><strong>censes</strong></span> 
     </span>
    </p>
   </div>
   <div class='ocr_carea' id='block_1_100' title="bbox 469 4802 2041 4882">
    <p class='ocr_par' dir='ltr' id='par_1_100' title="bbox 469 4802 2041 4882">
     <span class='ocr_line' id='line_1_100' title="bbox 469 4802 2041 4882; baseline -0.005 -18"><span class='ocrx_word' id='word_1_760' title='bbox 469 4809 821 4882; x_wconf 74' lang='lat' dir='ltr'><strong>abroganda</strong></span> <span class='ocrx_word' id='word_1_761' title='bbox 845 4850 862 4874; x_wconf 93' lang='lat'><strong>,</strong></span> <span class='ocrx_word' id='word_1_762' title='bbox 895 4807 1012 4879; x_wconf 85' lang='lat' dir='ltr'><strong>jam</strong></span> <span class='ocrx_word' id='word_1_763' title='bbox 1041 4807 1211 4863; x_wconf 86' lang='lat' dir='ltr'><strong>debes</strong></span> <span class='ocrx_word' id='word_1_764' title='bbox 1237 4814 1294 4862; x_wconf 90' lang='lat' dir='ltr'><strong>et</strong></span> <span class='ocrx_word' id='word_1_765' title='bbox 1327 4803 1626 4859; x_wconf 85' lang='lat' dir='ltr'><strong>Sabbatum</strong></span> <span class='ocrx_word' id='word_1_766' title='bbox 1656 4811 1712 4859; x_wconf 89' lang='lat' dir='ltr'><strong>et</strong></span> <span class='ocrx_word' id='word_1_767' title='bbox 1737 4802 2041 4858; x_wconf 84' lang='lat' dir='ltr'><strong>circumci-</strong></span> 
     </span>
    </p>
   </div>
   <div class='ocr_carea' id='block_1_101' title="bbox 469 4891 2042 4966">
    <p class='ocr_par' dir='ltr' id='par_1_101' title="bbox 469 4891 2042 4966">
     <span class='ocr_line' id='line_1_101' title="bbox 469 4891 2042 4966; baseline -0.006 -11"><span class='ocrx_word' id='word_1_768' title='bbox 469 4902 682 4955; x_wconf 81' lang='lat' dir='ltr'><strong>sionem</strong></span> <span class='ocrx_word' id='word_1_769' title='bbox 739 4899 1057 4962; x_wconf 81' lang='lat' dir='ltr'><strong>observare,</strong></span> <span class='ocrx_word' id='word_1_770' title='bbox 1103 4910 1226 4966; x_wconf 67' lang='lat' dir='ltr'><strong>qua</strong></span> <span class='ocrx_word' id='word_1_771' title='bbox 1272 4893 1688 4952; x_wconf 85' lang='lat' dir='ltr'><strong>districtissime</strong></span> <span class='ocrx_word' id='word_1_772' title='bbox 1728 4907 1760 4947; x_wconf 90' lang='lat' dir='ltr'><strong>a</strong></span> <span class='ocrx_word' id='word_1_773' title='bbox 1793 4893 1914 4964; x_wconf 71' lang='lat' dir='ltr'><strong>lege</strong></span> <span class='ocrx_word' id='word_1_774' title='bbox 1943 4891 2042 4947; x_wconf 92' lang='lat' dir='ltr'><strong>tibi</strong></span> 
     </span>
    </p>
   </div>
   <div class='ocr_carea' id='block_1_102' title="bbox 469 4984 2042 5058">
    <p class='ocr_par' dir='ltr' id='par_1_102' title="bbox 469 4984 2042 5058">
     <span class='ocr_line' id='line_1_102' title="bbox 469 4984 2042 5058; baseline -0.006 -9"><span class='ocrx_word' id='word_1_775' title='bbox 469 4992 682 5058; x_wconf 79' lang='lat' dir='ltr'><strong>sancita</strong></span> <span class='ocrx_word' id='word_1_776' title='bbox 717 5000 869 5053; x_wconf 85' lang='lat' dir='ltr'><strong>sunt,</strong></span> <span class='ocrx_word' id='word_1_777' title='bbox 898 5003 1116 5044; x_wconf 90' lang='lat' dir='ltr'><strong>necnon</strong></span> <span class='ocrx_word' id='word_1_778' title='bbox 1170 4995 1344 5042; x_wconf 90' lang='lat' dir='ltr'><strong>totam</strong></span> <span class='ocrx_word' id='word_1_779' title='bbox 1376 4987 1550 5058; x_wconf 72' lang='lat' dir='ltr'><strong>legem</strong></span> <span class='ocrx_word' id='word_1_780' title='bbox 1576 4984 1881 5052; x_wconf 90' lang='lat' dir='ltr'><strong>custodire,</strong></span> <span class='ocrx_word' id='word_1_781' title='bbox 1938 4998 2042 5040; x_wconf 91' lang='lat' dir='ltr'><strong>nec</strong></span> 
     </span>
    </p>
   </div>
   <div class='ocr_carea' id='block_1_103' title="bbox 471 5073 2040 5149">
    <p class='ocr_par' dir='ltr' id='par_1_103' title="bbox 471 5073 2040 5149">
     <span class='ocr_line' id='line_1_103' title="bbox 471 5073 2040 5149; baseline -0.006 -10"><span class='ocrx_word' id='word_1_782' title='bbox 471 5083 696 5140; x_wconf 67' lang='lat' dir='ltr'><strong>Pascha</strong></span> <span class='ocrx_word' id='word_1_783' title='bbox 726 5078 944 5136; x_wconf 87' lang='lat' dir='ltr'><strong>Domini</strong></span> <span class='ocrx_word' id='word_1_784' title='bbox 979 5077 1380 5134; x_wconf 87' lang='lat' dir='ltr'><strong>solemnitatem</strong></span> <span class='ocrx_word' id='word_1_785' title='bbox 1409 5085 1565 5133; x_wconf 74' lang='lat' dir='ltr'><strong>extra</strong></span> <span class='ocrx_word' id='word_1_786' title='bbox 1597 5073 2040 5149; x_wconf 78' lang='lat' dir='ltr'><strong>Hierosolymam</strong></span> 
     </span>
    </p>
   </div>
   <div class='ocr_carea' id='block_1_104' title="bbox 471 5169 2044 5248">
    <p class='ocr_par' dir='ltr' id='par_1_104' title="bbox 471 5169 2044 5248">
     <span class='ocr_line' id='line_1_104' title="bbox 471 5169 2044 5248; baseline -0.004 -18"><span class='ocrx_word' id='word_1_787' title='bbox 471 5187 658 5248; x_wconf 71' lang='lat' dir='ltr'><strong>agere.</strong></span> <span class='ocrx_word' id='word_1_788' title='bbox 688 5173 894 5230; x_wconf 83' lang='lat' dir='ltr'><strong>Verum</strong></span> <span class='ocrx_word' id='word_1_789' title='bbox 939 5170 1078 5226; x_wconf 92' lang='lat' dir='ltr'><strong>illud</strong></span> <span class='ocrx_word' id='word_1_790' title='bbox 1115 5171 1332 5235; x_wconf 86' lang='lat' dir='ltr'><strong>scitote,</strong></span> <span class='ocrx_word' id='word_1_791' title='bbox 1369 5169 1515 5241; x_wconf 88' lang='lat' dir='ltr'><strong>quod</strong></span> <span class='ocrx_word' id='word_1_792' title='bbox 1555 5169 1604 5226; x_wconf 87' lang='lat' dir='ltr'><strong>si</strong></span> <span class='ocrx_word' id='word_1_793' title='bbox 1641 5170 1813 5241; x_wconf 76' lang='lat' dir='ltr'><strong>legem</strong></span> <span class='ocrx_word' id='word_1_794' title='bbox 1845 5169 2044 5226; x_wconf 83' lang='lat' dir='ltr'><strong>obser-</strong></span> 
     </span>
    </p>
   </div>
   <div class='ocr_carea' id='block_1_105' title="bbox 472 5259 2042 5332">
    <p class='ocr_par' dir='ltr' id='par_1_105' title="bbox 472 5259 2042 5332">
     <span class='ocr_line' id='line_1_105' title="bbox 472 5259 2042 5332; baseline -0.003 -12"><span class='ocrx_word' id='word_1_795' title='bbox 472 5265 753 5332; x_wconf 82' lang='lat' dir='ltr'><strong>vaveritis,</strong></span> <span class='ocrx_word' id='word_1_796' title='bbox 805 5263 1064 5320; x_wconf 88' lang='lat' dir='ltr'><strong>Christus</strong></span> <span class='ocrx_word' id='word_1_797' title='bbox 1128 5259 1266 5316; x_wconf 90' lang='lat' dir='ltr'><strong>nihil</strong></span> <span class='ocrx_word' id='word_1_798' title='bbox 1317 5260 1476 5317; x_wconf 84' lang='lat' dir='ltr'><strong>vobis</strong></span> <span class='ocrx_word' id='word_1_799' title='bbox 1519 5261 1766 5332; x_wconf 86' lang='lat' dir='ltr'><strong>proderit</strong></span> <span class='ocrx_word' id='word_1_800' title='bbox 1787 5261 1852 5314; x_wconf 70' lang='grc' dir='ltr'><strong>θ’.</strong></span> <span class='ocrx_word' id='word_1_801' title='bbox 1921 5259 2042 5316; x_wconf 70' lang='lat' dir='ltr'><strong>Iam</strong></span> 
     </span>
    </p>
   </div>
   <div class='ocr_carea' id='block_1_106' title="bbox 469 5351 2043 5428">
    <p class='ocr_par' dir='ltr' id='par_1_106' title="bbox 469 5351 2043 5428">
     <span class='ocr_line' id='line_1_106' title="bbox 469 5351 2043 5428; baseline -0.004 -14"><span class='ocrx_word' id='word_1_802' title='bbox 469 5373 690 5428; x_wconf 78' lang='lat' dir='ltr'><strong>quoque</strong></span> <span class='ocrx_word' id='word_1_803' title='bbox 737 5356 1008 5413; x_wconf 88' lang='lat' dir='ltr'><strong>incumbit</strong></span> <span class='ocrx_word' id='word_1_804' title='bbox 1042 5353 1162 5418; x_wconf 88' lang='lat' dir='ltr'><strong>tibi,</strong></span> <span class='ocrx_word' id='word_1_805' title='bbox 1204 5361 1264 5408; x_wconf 89' lang='lat' dir='ltr'><strong>ut</strong></span> <span class='ocrx_word' id='word_1_806' title='bbox 1312 5351 1503 5409; x_wconf 77' lang='lat' dir='ltr'><strong>fratris</strong></span> <span class='ocrx_word' id='word_1_807' title='bbox 1567 5351 1742 5410; x_wconf 89' lang='lat' dir='ltr'><strong>ducas</strong></span> <span class='ocrx_word' id='word_1_808' title='bbox 1792 5366 2043 5418; x_wconf 88' lang='lat' dir='ltr'><strong>uxorem,</strong></span> 
     </span>
    </p>
   </div>
   <div class='ocr_carea' id='block_1_107' title="bbox 2148 4617 3730 4707">
    <p class='ocr_par' dir='ltr' id='par_1_107' title="bbox 2148 4617 3730 4707">
     <span class='ocr_line' id='line_1_107' title="bbox 2148 4617 3730 4707; baseline -0.013 -19"><span class='ocrx_word' id='word_1_809' title='bbox 2148 4633 2258 4707; x_wconf 83' lang='grc' dir='ltr'><strong>γὰρ</strong></span> <span class='ocrx_word' id='word_1_810' title='bbox 2279 4631 2734 4704; x_wconf 79' lang='grc' dir='ltr'>άπαραχωρήτως</span> <span class='ocrx_word' id='word_1_811' title='bbox 2761 4631 2790 4682; x_wconf 84' lang='grc' dir='ltr'><strong>ό</strong></span> <span class='ocrx_word' id='word_1_812' title='bbox 2818 4627 2981 4698; x_wconf 88' lang='grc' dir='ltr'>νόμος</span> <span class='ocrx_word' id='word_1_813' title='bbox 3011 4623 3226 4678; x_wconf 79' lang='grc' dir='ltr'>κελεύει</span> <span class='ocrx_word' id='word_1_814' title='bbox 3246 4639 3260 4652; x_wconf 94' lang='grc'><strong>·</strong></span> <span class='ocrx_word' id='word_1_815' title='bbox 3293 4622 3388 4674; x_wconf 69' lang='grc' dir='ltr'>καὶ</span> <span class='ocrx_word' id='word_1_816' title='bbox 3419 4620 3602 4672; x_wconf 79' lang='grc' dir='ltr'>πάντα</span> <span class='ocrx_word' id='word_1_817' title='bbox 3629 4617 3730 4669; x_wconf 66' lang='grc' dir='ltr'>τὸν</span> 
     </span>
    </p>
   </div>
   <div class='ocr_carea' id='block_1_108' title="bbox 2148 4707 3730 4795">
    <p class='ocr_par' dir='ltr' id='par_1_108' title="bbox 2148 4707 3730 4795">
     <span class='ocr_line' id='line_1_108' title="bbox 2148 4707 3730 4795; baseline -0.011 -18"><span class='ocrx_word' id='word_1_818' title='bbox 2148 4724 2312 4795; x_wconf 84' lang='grc' dir='ltr'>νόμον</span> <span class='ocrx_word' id='word_1_819' title='bbox 2339 4723 2548 4792; x_wconf 84' lang='grc' dir='ltr'>τηρεῖν,</span> <span class='ocrx_word' id='word_1_820' title='bbox 2581 4720 2674 4773; x_wconf 69' lang='grc' dir='ltr'>καὶ</span> <span class='ocrx_word' id='word_1_821' title='bbox 2733 4717 2808 4788; x_wconf 77' lang='grc' dir='ltr'>μὴ</span> <span class='ocrx_word' id='word_1_822' title='bbox 2838 4713 3120 4789; x_wconf 75' lang='grc' dir='ltr'>ἑορτάξειν</span> <span class='ocrx_word' id='word_1_823' title='bbox 3157 4711 3219 4766; x_wconf 73' lang='grc' dir='ltr'><strong>τὸ</strong></span> <span class='ocrx_word' id='word_1_824' title='bbox 3273 4711 3463 4779; x_wconf 82' lang='grc' dir='ltr'>Πάσχα</span> <span class='ocrx_word' id='word_1_825' title='bbox 3515 4707 3730 4777; x_wconf 78' lang='grc' dir='ltr'>Κυρίου</span> 
     </span>
    </p>
   </div>
   <div class='ocr_carea' id='block_1_109' title="bbox 2147 4797 3732 4884">
    <p class='ocr_par' dir='ltr' id='par_1_109' title="bbox 2147 4797 3732 4884">
     <span class='ocr_line' id='line_1_109' title="bbox 2147 4797 3732 4884; baseline -0.011 -17"><span class='ocrx_word' id='word_1_826' title='bbox 2147 4813 2254 4878; x_wconf 65' lang='grc' dir='ltr'><strong>ἔξω</strong></span> <span class='ocrx_word' id='word_1_827' title='bbox 2286 4809 2672 4884; x_wconf 78' lang='grc' dir='ltr'>Ἰερουσαλήμο</span> <span class='ocrx_word' id='word_1_828' title='bbox 2696 4807 2833 4862; x_wconf 80' lang='grc' dir='ltr'><strong>ἀλλὰ</strong></span> <span class='ocrx_word' id='word_1_829' title='bbox 2861 4805 3058 4875; x_wconf 86' lang='grc' dir='ltr'>γνῶτε,</span> <span class='ocrx_word' id='word_1_830' title='bbox 3088 4803 3166 4867; x_wconf 83' lang='grc' dir='ltr'><strong>ὡς</strong></span> <span class='ocrx_word' id='word_1_831' title='bbox 3194 4801 3290 4856; x_wconf 69' lang='grc' dir='ltr'><strong>εὰν</strong></span> <span class='ocrx_word' id='word_1_832' title='bbox 3326 4800 3417 4854; x_wconf 80' lang='grc' dir='ltr'>τὸν</span> <span class='ocrx_word' id='word_1_833' title='bbox 3443 4797 3606 4868; x_wconf 85' lang='grc' dir='ltr'>νόμον</span> <span class='ocrx_word' id='word_1_834' title='bbox 3630 4814 3732 4867; x_wconf 73' lang='grc' dir='ltr'><strong>τη⁴</strong></span> 
     </span>
    </p>
   </div>
   <div class='ocr_carea' id='block_1_110' title="bbox 2149 4891 3732 4976">
    <p class='ocr_par' dir='ltr' id='par_1_110' title="bbox 2149 4891 3732 4976">
     <span class='ocr_line' id='line_1_110' title="bbox 2149 4891 3732 4976; baseline -0.01 -19"><span class='ocrx_word' id='word_1_835' title='bbox 2149 4907 2292 4976; x_wconf 83' lang='grc' dir='ltr'>ρείτε</span> <span class='ocrx_word' id='word_1_836' title='bbox 2317 4943 2331 4966; x_wconf 93' lang='grc'><strong>,</strong></span> <span class='ocrx_word' id='word_1_837' title='bbox 2362 4899 2596 4973; x_wconf 79' lang='grc' dir='ltr'>Χριστὸς</span> <span class='ocrx_word' id='word_1_838' title='bbox 2638 4901 2784 4970; x_wconf 73' lang='grc' dir='ltr'>ὑμᾶς</span> <span class='ocrx_word' id='word_1_839' title='bbox 2830 4898 2984 4952; x_wconf 80' lang='grc' dir='ltr'>οὐδὲν</span> <span class='ocrx_word' id='word_1_840' title='bbox 3021 4894 3295 4965; x_wconf 84' lang='grc' dir='ltr'><strong>ὠφέλησε.</strong></span> <span class='ocrx_word' id='word_1_841' title='bbox 3334 4892 3477 4962; x_wconf 79' lang='grc' dir='ltr'>Ὦρα</span> <span class='ocrx_word' id='word_1_842' title='bbox 3506 4906 3593 4942; x_wconf 84' lang='grc' dir='ltr'><strong>σοι</strong></span> <span class='ocrx_word' id='word_1_843' title='bbox 3630 4891 3732 4942; x_wconf 73' lang='grc' dir='ltr'>καὶ</span> 
     </span>
    </p>
   </div>
   <div class='ocr_carea' id='block_1_111' title="bbox 2146 4980 3732 5063">
    <p class='ocr_par' dir='ltr' id='par_1_111' title="bbox 2146 4980 3732 5063">
     <span class='ocr_line' id='line_1_111' title="bbox 2146 4980 3732 5063; baseline -0.009 -18"><span class='ocrx_word' id='word_1_844' title='bbox 2146 4993 2246 5063; x_wconf 79' lang='grc' dir='ltr'>τὴν</span> <span class='ocrx_word' id='word_1_845' title='bbox 2273 4990 2368 5045; x_wconf 80' lang='grc' dir='ltr'><strong>τοῦ</strong></span> <span class='ocrx_word' id='word_1_846' title='bbox 2406 4987 2637 5058; x_wconf 75' lang='grc' dir='ltr'>ἀδελφοῦ</span> <span class='ocrx_word' id='word_1_847' title='bbox 2670 4989 2902 5058; x_wconf 77' lang='grc' dir='ltr'>γυναῖκα</span> <span class='ocrx_word' id='word_1_848' title='bbox 2951 4985 3089 5058; x_wconf 75' lang='grc' dir='ltr'>πρὸς</span> <span class='ocrx_word' id='word_1_849' title='bbox 3116 4985 3295 5055; x_wconf 82' lang='grc' dir='ltr'>γάμον</span> <span class='ocrx_word' id='word_1_850' title='bbox 3340 4980 3569 5050; x_wconf 73' lang='grc' dir='ltr'>ἄγεσθαι</span> <span class='ocrx_word' id='word_1_851' title='bbox 3588 5019 3604 5044; x_wconf 85' lang='grc'><strong>,</strong></span> <span class='ocrx_word' id='word_1_852' title='bbox 3628 4980 3732 5032; x_wconf 79' lang='grc' dir='ltr'>καὶ</span> 
     </span>
    </p>
   </div>
   <div class='ocr_carea' id='block_1_112' title="bbox 2147 5067 3732 5152">
    <p class='ocr_par' dir='ltr' id='par_1_112' title="bbox 2147 5067 3732 5152">
     <span class='ocr_line' id='line_1_112' title="bbox 2147 5067 3732 5152; baseline -0.009 -16"><span class='ocrx_word' id='word_1_853' title='bbox 2147 5083 2380 5152; x_wconf 67' lang='grc' dir='ltr'>ἂγείρειν</span> <span class='ocrx_word' id='word_1_854' title='bbox 2419 5080 2640 5150; x_wconf 73' lang='grc' dir='ltr'>σπέρμα</span> <span class='ocrx_word' id='word_1_855' title='bbox 2668 5077 2747 5148; x_wconf 84' lang='grc' dir='ltr'><strong>τῷ</strong></span> <span class='ocrx_word' id='word_1_856' title='bbox 2780 5077 3015 5148; x_wconf 80' lang='grc' dir='ltr'>ἀδελφῷ,</span> <span class='ocrx_word' id='word_1_857' title='bbox 3046 5077 3142 5132; x_wconf 74' lang='grc' dir='ltr'>καὶ</span> <span class='ocrx_word' id='word_1_858' title='bbox 3171 5074 3248 5146; x_wconf 75' lang='grc' dir='ltr'><strong>μὴ</strong></span> <span class='ocrx_word' id='word_1_859' title='bbox 3268 5073 3416 5146; x_wconf 74' lang='grc' dir='ltr'>ᾄδειν</span> <span class='ocrx_word' id='word_1_860' title='bbox 3440 5071 3537 5144; x_wconf 74' lang='grc' dir='ltr'>την</span> <span class='ocrx_word' id='word_1_861' title='bbox 3574 5067 3732 5148; x_wconf 68' lang='grc' dir='ltr'>ᾠδὴν</span> 
     </span>
    </p>
   </div>
   <div class='ocr_carea' id='block_1_113' title="bbox 2149 5161 3734 5246">
    <p class='ocr_par' dir='ltr' id='par_1_113' title="bbox 2149 5161 3734 5246">
     <span class='ocr_line' id='line_1_113' title="bbox 2149 5161 3734 5246; baseline -0.01 -19"><span class='ocrx_word' id='word_1_862' title='bbox 2149 5171 2356 5246; x_wconf 77' lang='grc' dir='ltr'>Κυρίου</span> <span class='ocrx_word' id='word_1_863' title='bbox 2393 5171 2488 5225; x_wconf 63' lang='grc' dir='ltr'><strong>ἐπὶ</strong></span> <span class='ocrx_word' id='word_1_864' title='bbox 2537 5170 2640 5240; x_wconf 84' lang='grc' dir='ltr'>γῆς</span> <span class='ocrx_word' id='word_1_865' title='bbox 2680 5167 2987 5240; x_wconf 79' lang='grc' dir='ltr'>ἀλλοτρίας.</span> <span class='ocrx_word' id='word_1_866' title='bbox 3029 5166 3171 5220; x_wconf 82' lang='grc' dir='ltr'><strong>Ἀλλ’</strong></span> <span class='ocrx_word' id='word_1_867' title='bbox 3199 5165 3384 5233; x_wconf 79' lang='grc' dir='ltr'>ἄπαγε</span> <span class='ocrx_word' id='word_1_868' title='bbox 3405 5180 3420 5194; x_wconf 76' lang='grc' dir='ltr'><strong>ο</strong></span> <span class='ocrx_word' id='word_1_869' title='bbox 3461 5182 3479 5214; x_wconf 90' lang='grc' dir='ltr'><strong>ι</strong></span> <span class='ocrx_word' id='word_1_870' title='bbox 3513 5161 3734 5225; x_wconf 67' lang='lat' dir='ltr'><strong>Dicm;</strong></span> 
     </span>
    </p>
   </div>
   <div class='ocr_carea' id='block_1_114' title="bbox 2149 5251 3728 5332">
    <p class='ocr_par' dir='ltr' id='par_1_114' title="bbox 2149 5251 3728 5332">
     <span class='ocr_line' id='line_1_114' title="bbox 2149 5251 3728 5332; baseline -0.007 -18"><span class='ocrx_word' id='word_1_871' title='bbox 2149 5261 2260 5332; x_wconf 82' lang='grc' dir='ltr'>γὰρ</span> <span class='ocrx_word' id='word_1_872' title='bbox 2322 5261 2379 5314; x_wconf 65' lang='grc' dir='ltr'>ἂν</span> <span class='ocrx_word' id='word_1_873' title='bbox 2427 5258 2576 5330; x_wconf 82' lang='grc' dir='ltr'>νόμῳ</span> <span class='ocrx_word' id='word_1_874' title='bbox 2627 5255 2986 5322; x_wconf 80' lang='grc' dir='ltr'>δικαιοῦσθε,</span> <span class='ocrx_word' id='word_1_875' title='bbox 3062 5257 3164 5326; x_wconf 84' lang='grc' dir='ltr'>τῆς</span> <span class='ocrx_word' id='word_1_876' title='bbox 3237 5254 3461 5326; x_wconf 84' lang='grc' dir='ltr'>χάριτος</span> <span class='ocrx_word' id='word_1_877' title='bbox 3535 5251 3728 5318; x_wconf 53' lang='lat' dir='ltr'><strong>{Eant-</strong></span> 
     </span>
    </p>
   </div>
   <div class='ocr_carea' id='block_1_115' title="bbox 2154 5370 2350 5407">
    <p class='ocr_par' dir='ltr' id='par_1_115' title="bbox 2154 5370 2350 5407">
     <span class='ocr_line' id='line_1_115' title="bbox 2154 5370 2350 5407; baseline -0.01 -1"><span class='ocrx_word' id='word_1_878' title='bbox 2154 5370 2297 5407; x_wconf 87' lang='grc' dir='ltr'>σετε.</span> <span class='ocrx_word' id='word_1_879' title='bbox 2329 5371 2350 5404; x_wconf 76' lang='grc' dir='ltr'><strong>ι</strong></span> 
     </span>
    </p>
   </div>
   <div class='ocr_carea' id='block_1_116' title="bbox 471 5437 3728 5519">
    <p class='ocr_par' dir='ltr' id='par_1_116' title="bbox 471 5437 3728 5519">
     <span class='ocr_line' id='line_1_116' title="bbox 471 5437 3728 5519; baseline -0.003 -15"><span class='ocrx_word' id='word_1_880' title='bbox 471 5463 580 5519; x_wconf 85' lang='lat' dir='ltr'><strong>quo</strong></span> <span class='ocrx_word' id='word_1_881' title='bbox 609 5463 796 5505; x_wconf 89' lang='lat' dir='ltr'><strong>semen</strong></span> <span class='ocrx_word' id='word_1_882' title='bbox 839 5448 917 5503; x_wconf 90' lang='lat' dir='ltr'><strong>illi</strong></span> <span class='ocrx_word' id='word_1_883' title='bbox 974 5447 1210 5504; x_wconf 85' lang='lat' dir='ltr'><strong>suscites</strong></span> <span class='ocrx_word' id='word_1_884' title='bbox 1234 5446 1302 5513; x_wconf 84' lang='lat'><strong>&quot;;</strong></span> <span class='ocrx_word' id='word_1_885' title='bbox 1364 5446 1495 5517; x_wconf 90' lang='lat' dir='ltr'><strong>quin</strong></span> <span class='ocrx_word' id='word_1_886' title='bbox 1537 5446 1705 5502; x_wconf 87' lang='lat' dir='ltr'><strong>etiam</strong></span> <span class='ocrx_word' id='word_1_887' title='bbox 1735 5459 1766 5500; x_wconf 90' lang='lat' dir='ltr'><strong>a</strong></span> <span class='ocrx_word' id='word_1_888' title='bbox 1807 5445 2026 5501; x_wconf 77' lang='lat' dir='ltr'><strong>cantico</strong></span> <span class='ocrx_word' id='word_1_889' title='bbox 2064 5444 2278 5501; x_wconf 86' lang='lat' dir='ltr'><strong>Domini</strong></span> <span class='ocrx_word' id='word_1_890' title='bbox 2343 5445 2400 5499; x_wconf 89' lang='lat' dir='ltr'><strong>in</strong></span> <span class='ocrx_word' id='word_1_891' title='bbox 2478 5452 2627 5500; x_wconf 87' lang='lat' dir='ltr'><strong>terra</strong></span> <span class='ocrx_word' id='word_1_892' title='bbox 2706 5441 2887 5498; x_wconf 87' lang='lat' dir='ltr'><strong>aliena</strong></span> <span class='ocrx_word' id='word_1_893' title='bbox 2941 5438 3294 5498; x_wconf 83' lang='lat' dir='ltr'><strong>concinendo</strong></span> <span class='ocrx_word' id='word_1_894' title='bbox 3347 5437 3728 5494; x_wconf 46' lang='lat' dir='ltr'><strong>abstineas&quot;:-</strong></span> 
     </span>
    </p>
   </div>
   <div class='ocr_carea' id='block_1_117' title="bbox 471 5537 2912 5613">
    <p class='ocr_par' dir='ltr' id='par_1_117' title="bbox 471 5537 2912 5613">
     <span class='ocr_line' id='line_1_117' title="bbox 471 5537 2912 5613; baseline -0.003 -15"><span class='ocrx_word' id='word_1_895' title='bbox 471 5541 579 5598; x_wconf 86' lang='lat' dir='ltr'><strong>Sed</strong></span> <span class='ocrx_word' id='word_1_896' title='bbox 603 5557 774 5613; x_wconf 77' lang='lat' dir='ltr'><strong>apage</strong></span> <span class='ocrx_word' id='word_1_897' title='bbox 801 5541 917 5598; x_wconf 67' lang='lat' dir='ltr'><strong>haec</strong></span> <span class='ocrx_word' id='word_1_898' title='bbox 941 5542 1165 5597; x_wconf 88' lang='lat' dir='ltr'><strong>omnia:</strong></span> <span class='ocrx_word' id='word_1_899' title='bbox 1226 5559 1243 5594; x_wconf 84' lang='grc' dir='ltr'><strong>ι</strong></span> <span class='ocrx_word' id='word_1_900' title='bbox 1273 5539 1394 5608; x_wconf 81' lang='lat' dir='ltr'><strong>Qui</strong></span> <span class='ocrx_word' id='word_1_901' title='bbox 1421 5539 1565 5597; x_wconf 88' lang='lat' dir='ltr'><strong>enim</strong></span> <span class='ocrx_word' id='word_1_902' title='bbox 1603 5540 1721 5611; x_wconf 69' lang='lat' dir='ltr'><strong>lege</strong></span> <span class='ocrx_word' id='word_1_903' title='bbox 1760 5539 2174 5612; x_wconf 78' lang='lat' dir='ltr'><strong>justiﬁeamini,</strong></span> <span class='ocrx_word' id='word_1_904' title='bbox 2205 5555 2234 5594; x_wconf 88' lang='lat' dir='ltr'><strong>a</strong></span> <span class='ocrx_word' id='word_1_905' title='bbox 2262 5540 2435 5611; x_wconf 76' lang='lat' dir='ltr'><strong>gratia</strong></span> <span class='ocrx_word' id='word_1_906' title='bbox 2458 5537 2747 5595; x_wconf 83' lang='lat' dir='ltr'><strong>excidistis</strong></span> <span class='ocrx_word' id='word_1_907' title='bbox 2787 5537 2851 5593; x_wconf 83' lang='lat'><strong>&quot;.</strong></span> <span class='ocrx_word' id='word_1_908' title='bbox 2891 5554 2912 5588; x_wconf 71' lang='grc' dir='ltr'><strong>ι</strong></span> 
     </span>
    </p>
   </div>
   <div class='ocr_carea' id='block_1_118' title="bbox 550 5704 1174 5776">
    <p class='ocr_par' dir='ltr' id='par_1_118' title="bbox 550 5704 1174 5776">
     <span class='ocr_line' id='line_1_118' title="bbox 550 5704 1174 5776; baseline 0 -7"><span class='ocrx_word' id='word_1_909' title='bbox 550 5704 784 5775; x_wconf 71' lang='lat' dir='ltr'><strong>&quot;Exod.</strong></span> <span class='ocrx_word' id='word_1_910' title='bbox 824 5731 984 5776; x_wconf 73' lang='lat' dir='ltr'><strong>xxxv,</strong></span> <span class='ocrx_word' id='word_1_911' title='bbox 1019 5717 1174 5773; x_wconf 75' lang='grc'><strong>4-10.</strong></span> 
     </span>
    </p>
   </div>
   <div class='ocr_carea' id='block_1_119' title="bbox 1255 5716 1795 5786">
    <p class='ocr_par' dir='ltr' id='par_1_119' title="bbox 1255 5716 1795 5786">
     <span class='ocr_line' id='line_1_119' title="bbox 1255 5716 1795 5786; baseline 0.006 -14"><span class='ocrx_word' id='word_1_912' title='bbox 1255 5718 1297 5747; x_wconf 86' lang='grc'><strong>⁸⁷</strong></span> <span class='ocrx_word' id='word_1_913' title='bbox 1340 5716 1512 5774; x_wconf 82' lang='lat' dir='ltr'><strong>Exod.</strong></span> <span class='ocrx_word' id='word_1_914' title='bbox 1541 5734 1669 5786; x_wconf 80' lang='lat' dir='ltr'><strong>xxv,</strong></span> <span class='ocrx_word' id='word_1_915' title='bbox 1705 5718 1795 5776; x_wconf 77' lang='grc'><strong>40.</strong></span> 
     </span>
    </p>
   </div>
   <div class='ocr_carea' id='block_1_120' title="bbox 464 5785 1250 5863">
    <p class='ocr_par' dir='ltr' id='par_1_120' title="bbox 464 5785 1250 5863">
     <span class='ocr_line' id='line_1_120' title="bbox 464 5785 1250 5863; baseline 0.008 -27"><span class='ocrx_word' id='word_1_916' title='bbox 464 5793 682 5863; x_wconf 65' lang='lat' dir='ltr'><strong>sua&quot;,</strong></span> <span class='ocrx_word' id='word_1_917' title='bbox 704 5785 760 5842; x_wconf 72' lang='grc' dir='ltr'><strong>ὅ.</strong></span> <span class='ocrx_word' id='word_1_918' title='bbox 833 5787 878 5818; x_wconf 78' lang='grc' dir='ltr'><strong>τ’</strong></span> <span class='ocrx_word' id='word_1_919' title='bbox 902 5785 1079 5842; x_wconf 79' lang='lat' dir='ltr'><strong>Galat.</strong></span> <span class='ocrx_word' id='word_1_920' title='bbox 1111 5801 1163 5851; x_wconf 79' lang='grc' dir='ltr'><strong>ν,</strong></span> <span class='ocrx_word' id='word_1_921' title='bbox 1193 5785 1250 5842; x_wconf 74' lang='grc'><strong>4.</strong></span> 
     </span>
    </p>
   </div>
   <div class='ocr_carea' id='block_1_121' title="bbox 1897 5713 3421 5782">
    <p class='ocr_par' dir='ltr' id='par_1_121' title="bbox 1897 5713 3421 5782">
     <span class='ocr_line' id='line_1_121' title="bbox 1897 5713 3421 5782; baseline -0.003 -7"><span class='ocrx_word' id='word_1_922' title='bbox 1897 5719 1941 5752; x_wconf 79' lang='grc'><strong>⁸⁸</strong></span> <span class='ocrx_word' id='word_1_923' title='bbox 1979 5719 2140 5775; x_wconf 85' lang='lat' dir='ltr'><strong>Joan.</strong></span> <span class='ocrx_word' id='word_1_924' title='bbox 2173 5736 2212 5782; x_wconf 82' lang='grc' dir='ltr'><strong>ι,</strong></span> <span class='ocrx_word' id='word_1_925' title='bbox 2263 5719 2340 5774; x_wconf 77' lang='grc' dir='ltr'><strong>Η.</strong></span> <span class='ocrx_word' id='word_1_926' title='bbox 2428 5718 2470 5751; x_wconf 77' lang='grc'><strong>⁸³</strong></span> <span class='ocrx_word' id='word_1_927' title='bbox 2505 5717 2682 5772; x_wconf 86' lang='lat' dir='ltr'><strong>Galat.</strong></span> <span class='ocrx_word' id='word_1_928' title='bbox 2717 5734 2771 5782; x_wconf 89' lang='lat' dir='ltr'><strong>v,</strong></span> <span class='ocrx_word' id='word_1_929' title='bbox 2799 5715 2853 5768; x_wconf 76' lang='grc'><strong>2.</strong></span> <span class='ocrx_word' id='word_1_930' title='bbox 2930 5717 2974 5748; x_wconf 78' lang='grc' dir='ltr'><strong>τ’</strong></span> <span class='ocrx_word' id='word_1_931' title='bbox 3014 5713 3171 5772; x_wconf 90' lang='lat' dir='ltr'><strong>Deut.</strong></span> <span class='ocrx_word' id='word_1_932' title='bbox 3205 5729 3336 5778; x_wconf 80' lang='lat' dir='ltr'><strong>xxv,</strong></span> <span class='ocrx_word' id='word_1_933' title='bbox 3371 5713 3421 5770; x_wconf 87' lang='lat'><strong>7.</strong></span> 
     </span>
    </p>
   </div>
   <div class='ocr_carea' id='block_1_122' title="bbox 3497 5711 3731 5771">
    <p class='ocr_par' dir='ltr' id='par_1_122' title="bbox 3497 5711 3731 5771">
     <span class='ocr_line' id='line_1_122' title="bbox 3497 5711 3731 5771; baseline -0.004 -1"><span class='ocrx_word' id='word_1_934' title='bbox 3497 5712 3536 5744; x_wconf 77' lang='lat'>&quot;</span> <span class='ocrx_word' id='word_1_935' title='bbox 3577 5711 3731 5771; x_wconf 60' lang='lat' dir='ltr'><strong>PsaL</strong></span> 
     </span>
    </p>
   </div>
  </div>
