3904 6358
306 354 433 417 1317

1415 373 1513 433 DE
1549 373 2011 439 IMAGINIBUS
2039 378 2320 440 ORATIO
2339 381 2434 441 III
2540 434 2549 443 .

3411 394 3568 456 13H

291 472 532 538 articuli,
574 493 593 526 ι
622 469 774 529 Οἶδα.
824 479 971 549 Πλὴν
1021 480 1111 534 τὶν
1147 482 1279 554 ἐμὸν
1326 485 1557 558 ποιητὴν
1595 486 1811 557 ὲπιώρκ

1913 497 1947 554 Α
1981 508 2000 542 ι
2036 489 2156 544 Non
2208 493 2421 561 ignoro.
2453 490 2727 551 Cmterum
2748 494 3023 554 factorem
3055 514 3234 557 meum
3270 505 3511 579 pejerari

291 581 358 617 σα
380 581 393 595 ·
432 565 526 619 σοῦ
554 567 610 621 δὲ
636 568 736 620 οὐκ
761 567 966 626 ἀκούω.
1003 591 1021 625 ι

359 662 406 712 Σ
407 662 540 729 χόλ.
585 662 769 734 Ὁρᾷς,
805 662 909 719 ὅτι.

353 752 570 810 Πολλῶν
599 738 803 823 τοίνυν,
831 773 885 810 κ.
908 775 957 811 τ.
987 759 1032 813 ἒ.

355 845 424 898 Εἴ
451 863 538 917 τις
564 846 821 914 εἰσέλθοι,
855 866 909 905 κ.
940 867 993 904 τ.
1025 851 1071 904 ὲ.

351 938 441 991 Διὸ
472 937 859 1010 δυσωποῦμεν,
888 958 941 995 κ.
975 956 1026 993 τ.
1056 941 1101 992 ἐ.

312 1161 1364 1179 υψωυἭ-...ο

1970 582 2071 637 tibi
2105 597 2238 637 vero
2277 598 2385 636 non
2421 585 2693 641 ausculto.
2747 608 2767 641 ι

2042 672 2337 728 Comment.
2372 673 2539 729 Vides
2572 678 2745 746 quod,
2777 688 2886 736 elc.

2039 764 2180 818 Cum
2218 764 2402 834 itaque
2433 765 2615 834 multi,
2654 776 2762 823 etc.

2038 853 2194 919 Quod
2232 853 2278 909 si
2308 854 2433 921 quis
2461 854 2709 923 domum,
2743 869 2846 914 etc.

2039 944 2411 1000 Ohsecramus
2444 944 2650 1016 itaque,
2692 959 2799 1004 etc.

2039 1168 2463 1181 m-

711 1327 939 1416 ΤΟΥ
1024 1330 1366 1423 ΑΓΙΟΥ
1437 1330 1941 1422 ΙΩΑΝΝΟΥ
2011 1334 2240 1422 ΤΟΥ
2330 1332 3107 1424 ΔΑΜΑΣΚΗΝΟΥ

1602 1516 1605 1519 ’
1635 1521 1858 1573 ΛΟΓΟΣ
1913 1521 2162 1576 ΤΡΙΤΟΣ

1012 1675 1208 1728 ΠΡΟΣ
1247 1676 1331 1728 ΤΟ
1345 1676 1433 1727 ΥΣ
1467 1676 2025 1732 ΔΙΑΒΛΑΛΟΝΤΑΣ
2062 1680 2198 1733 ΤΑΣ
2214 1680 2423 1733 ΑΓΙΑΣ
2450 1680 2791 1735 ΕἸΚΟΝΑΣ.

912 2018 1032 2137 s.
1155 1958 1844 2141 JOANNIS
1966 2025 2897 2143 DAMASCENI

1698 2247 1962 2305 ORATIO
1994 2250 2061 2305 lll

832 2405 1235 2471 ADVERSUS
1305 2408 1450 2470 EOS
1521 2410 1658 2481 QUI
1724 2409 2012 2472 SACRAS
2079 2409 2453 2472 IMAGINES
2530 2406 2951 2469 ABIICIUNT.

331 2702 401 2758 α’.
436 2702 597 2768 Ἐθος
623 2702 745 2756 ἐστὶ
772 2702 852 2774 τῷ
882 2704 1111 2776 πονηρῷ
1143 2705 1237 2760 καὶ
1264 2706 1559 2780 ἀρχεκάκῳ
1587 2709 1729 2779 ὄφει,
1760 2710 1811 2780 τέ

2011 2710 2086 2766 Ea
2124 2719 2210 2768 est
2249 2708 2522 2779 serpentis
2556 2707 2797 2775 improbi
2827 2707 3192 2778 omniumque
3242 2710 3514 2766 malorum

259 2795 490 2864 διαϐόλῳ
520 2794 685 2864 φημὶ,
716 2792 1074 2863 πολυτρόπως
1106 2797 1362 2867 πολεμεῖν
1392 2799 1469 2870 τῷ
1507 2803 1624 2853 κατ’
1655 2802 1811 2855 εἰκόνι

1940 2802 2250 2867 architecti,
2279 2799 2483 2855 diaboli
2521 2798 2760 2864 scilicet,
2798 2800 3164 2867 consuetudo,
3201 2808 3258 2855 ut
3288 2802 3354 2857 ad
3378 2805 3515 2856 ima-

258 2886 394 2939 Θεοῦ
427 2885 931 2967 πλαστουργηθέντι
965 2885 1239 2961 ἀνθρώπῳ
1282 2890 1377 2945 καὶ
1405 2890 1653 2963 ᾲῤ-ιὲᾦν-
1672 2893 1828 2960 ἐνεν-

1938 2894 2117 2963 ginem
2156 2890 2247 2946 Dei
2300 2890 2595 2945 formatum
2651 2889 2931 2944 hominem
2985 2891 3150 2946 nullis
3182 2907 3289 2946 non
3339 2907 3516 2963 oppu-

256 2977 388 3057 ’τίων
419 2976 510 3031 τὸν
560 2975 724 3030 αὑτοῦ
755 2977 1192 3048 κατεργάζεσθαι
1235 2980 1485 3035 θάνατον.
1522 2982 1699 3047 Εὐθὺς
1733 2982 1811 3053 μὲε

1936 2996 2062 3054 gnet
2098 2982 2315 3047 modis,
2359 2995 2469 3051 quo
2517 2987 2748 3035 mortem
2798 2981 2907 3050 ipsi
2951 2983 3246 3061 contrariis
3298 2984 3513 3039 artibus

253 3041 381 3057 ...η-.-

256 3068 365 3138 γάρ
390 3069 448 3121 ἐν
489 3069 654 3140 ἀρχῇ,
688 3067 879 3121 ἐλπίδα
914 3070 1009 3124 καὶ
1057 3070 1358 3142 ἐπιθυμίαν
1393 3071 1643 3137 θεώσεως
1682 3074 1811 3144 αὐτᾷ

1934 3078 2154 3133 inferat.
2190 3076 2389 3131 Statim
2424 3076 2629 3145 quippe
2660 3074 2715 3129 in
2746 3076 2983 3145 ipsemet
3040 3093 3223 3132 rerum
3280 3070 3513 3133 exordio

255 3161 500 3232 ἔσπειρε,
524 3162 621 3215 καὶ
644 3162 710 3216 δι’
732 3161 902 3232 αὐτῆς
937 3164 1016 3226 είς
1046 3164 1138 3221 τὸν
1168 3165 1278 3219 τῶν
1308 3165 1518 3234 ἀλόγων
1546 3167 1827 3238 κατήγαγε

255 3251 505 3306 θάνατον.
560 3252 636 3305 Οὐ
680 3252 809 3324 μὴν,
849 3253 987 3307 ἀλλά
1033 3257 1127 3308 καὶ
1159 3256 1413 3327 αἰσχραῖς
1469 3258 1562 3312 καὶ
1610 3258 1827 3326 ἀλόγοις

254 3344 471 3416 ἡδοναῖς
508 3344 771 3408 πολλάκις
803 3345 966 3398 αὐτὸν
998 3346 1252 3401 ὲδελέασε
1272 3362 1286 3375 '
1322 3348 1490 3403 πόσον
1521 3348 1578 3401 δὲ
1617 3349 1678 3416 τὸ
1709 3349 1825 3402 διά-

254 3452 476 3517 ων,
509 3434 756 3500 θεώσεως
790 3436 884 3489 καὶ
916 3437 1117 3505 ἀλόγου
1148 3438 1481 3509 ὲπιθυμίας;
1528 3440 1667 3494 Ποτὲ
1703 3440 1822 3511 μὲν,

252 3529 331 3588 είς
392 3528 661 3597 ἀθεότητα
739 3530 949 3599 ἤγαγε,
1010 3529 1193 3593 καθώς
1238 3546 1403 3600 φησιν
1451 3530 1479 3583 ὁ
1526 3531 1823 3602 Θεοπάτωρ

249 3620 440 3673 Δαϐίδ’
484 3640 502 3672 ι
530 3618 698 3674 Εἶπεν
740 3622 931 3693 ἄφρων
978 3623 1033 3677 ἐν
1078 3621 1277 3691 καρδίᾳ
1318 3621 1504 3688 αὐτοῦ,
1546 3622 1660 3676 Οὐκ
1707 3623 1822 3675 ἔστι

248 3711 383 3776 Θεός
404 3726 416 3741 ⁸
451 3731 469 3765 ι
509 3712 637 3767 ποτὲ
666 3712 746 3778 δὲ,
770 3713 851 3775 είς
876 3710 1172 3766 πολυθεῖαν
1194 3729 1207 3742 ο
1241 3712 1335 3773 καὶ
1365 3712 1497 3768 ποτὲ
1529 3712 1650 3783 μὲν,
1685 3714 1820 3784 μηδὲ

248 3803 323 3875 τῷ
356 3802 518 3871 φύσει
542 3805 869 3874 προσκυνεῖν
900 3802 1020 3872 Θεῷ
1051 3802 1261 3867 ἔπεισε,
1298 3804 1430 3858 ποτε
1455 3803 1511 3857 δὲ
1543 3804 1814 3874 δαίμοσιν.

252 3897 373 3950 Ἔτι
404 3896 460 3949 δὲ
493 3896 588 3948 καὶ
616 3895 831 3966 οὐρανῷ
853 3912 912 3947 τε
937 3895 1031 3947 καὶ
1060 3897 1154 3966 γῇ,
1183 3894 1321 3965 ἡλίῳ
1358 3895 1453 3949 καὶ
1490 3895 1687 3966 σελήνῃ
1723 3896 1817 3948 καὶ

1626 3414 1789 3429 h—

1931 3184 2080 3239 spem
2118 3168 2192 3223 illi
2236 3167 2711 3239 cupiditatemque
2761 3166 3067 3223 divinitatis
3125 3170 3512 3239 comparanda:

1929 3262 2245 3333 inspiravit,
2303 3277 2401 3331 per
2456 3274 2622 3328 quam
2684 3258 2738 3312 in
2797 3258 3083 3313 brutornm
3146 3264 3506 3316 animantium

1927 3363 2159 3409 mortem
2196 3352 2376 3422 ipsum
2408 3351 2679 3420 pertraxit
2705 3369 2719 3403 :
2748 3351 2883 3420 quin
2912 3351 3113 3420 saepius
3137 3352 3301 3407 etiam
3331 3355 3507 3421 turpi-

1927 3444 2032 3499 bus
2068 3444 2245 3504 illum,
2280 3442 2651 3510 helluinisque
2705 3440 3083 3509 voluptatibus
3120 3443 3316 3497 illexit.
3360 3442 3503 3497 Proh

1924 3534 2219 3588 immanem
2261 3530 2586 3585 distantiam
2628 3528 2789 3600 3&5
2826 3530 3166 3584 divinitatem
3199 3533 3363 3598 inter,
3393 3535 3505 3587 bel-

1924 3624 2245 3692 luinamque
2287 3619 2609 3676 libidinem!
2642 3618 2953 3688 Aliquando
2998 3621 3218 3689 quidem
3252 3636 3317 3677 eo
3345 3623 3499 3677 illum

1922 3713 2171 3776 adduxit,
2207 3721 2265 3766 ut
2306 3711 2475 3765 Deum
2509 3710 2825 3780 abnegarel.
2861 3709 2951 3763 Ait
2981 3711 3125 3765 enim
3163 3710 3256 3766 Dei
3300 3727 3502 3781 parens

1923 3804 2091 3861 David
2119 3824 2131 3859 :
2162 3803 2313 3857 Dixit
2337 3803 2584 3870 insipiens
2618 3803 2671 3855 in
2704 3801 2855 3856 corde
2876 3816 3009 3857 suo:
3038 3800 3159 3856 Non
3183 3810 3261 3857 est
3295 3803 3429 3857 Deus
3449 3806 3493 3859 '.

1919 3902 2058 3955 Tum
2108 3914 2261 3964 vero,
2301 3906 2361 3952 ut
2409 3898 2595 3966 plures
2648 3896 2784 3949 deos
2843 3897 3077 3959 coleret;
3118 3907 3284 3966 atque
3325 3896 3494 3952 inter-

245 3987 499 4057 ἀστράσι,
540 3986 634 4041 καὶ
664 3990 731 4058 τῇ
764 3986 928 4057 λοιπῇ
960 3985 1155 4051 κτίσει,
1187 3985 1352 4057 μέχρι
1392 3985 1681 4074 ξνωδάλων
1720 3986 1811 4038 καὶ

1917 3986 2069 4050 dum,
2101 3993 2160 4040 ut
2191 4002 2259 4041 ne
2287 3984 2505 4056 quidem
2537 3984 2639 4045 illi,
2672 3984 2763 4054 qui
2802 3995 2992 4053 suapte
3027 3993 3221 4039 natura
3245 3986 3388 4039 Deus
3410 3996 3494 4040 est

244 4078 490 4150 ἑρπετῶν
545 4078 871 4147 προσκυνεῖν
926 4074 1359 4146 παρεσκεύασεν.
1409 4050 1653 4146 ςΟμοίως
1702 4076 1808 4147 γάρ

1916 4078 2247 4151 procideret,
2283 4050 2597 4148 persuasit;
2637 4050 2918 4129 interdum
2946 4083 3003 4129 ut
3034 4077 3311 4132 daemones
3339 4078 3489 4146 ipsos

242 4172 358 4223 ἐστι
386 4168 641 4239 χαλεπὸν,
685 4168 779 4221 καὶ
811 4168 877 4221 τὸ
925 4170 1037 4231 τοῖς
1082 4166 1283 4237 τιμίοις
1310 4166 1409 4238 τὴν
1454 4166 1810 4239 ὀφειλομένην

243 4260 318 4331 μὴ
347 4260 645 4331 προσάγειν
665 4260 851 4329 τιμὴν,
884 4258 978 4313 καὶ
1012 4260 1124 4323 τοῖς
1150 4257 1365 4327 ἀτίμοις
1396 4258 1494 4327 τὴν
1537 4256 1611 4328 μὴ
1639 4274 1810 4327 προσ-

239 4354 477 4425 ήκουσαν
516 4350 853 4422 προσάπτειν
892 4348 1050 4416 δόξαν
1085 4350 1127 4403 ί.
1167 4349 1230 4401 Ἦ
1264 4348 1321 4402 δὲ
1365 4348 1600 4420 ἀλήθεια
1634 4350 1808 4419 μέσην

237 4444 353 4497 ὁδὸν
381 4441 698 4513 βαδίζουσα,
729 4442 908 4496 πάντα
938 4442 1268 4510 ἀπαρνεῖται
1295 4440 1367 4494 τά
1388 4440 1597 4494 ἄτοπα’
1631 4440 1691 4512 [υ
1714 4439 1807 4494 καί¹

235 4536 475 4590 διδάσκει
514 4534 609 4587 ἕνα
655 4533 789 4587 Θεὸν
814 4533 1120 4605 ὁμολογεῖν,
1169 4532 1297 4602 μίαν
1334 4531 1496 4600 φύσιν
1527 4534 1583 4584 ἐν
1629 4532 1807 4599 τρισὶν

237 4627 588 4691 ὑποστάσεσι,
621 4624 822 4693 Πατρὶ,
867 4623 964 4676 καὶ
1011 4621 1150 4692 Υίῷ,
1176 4622 1270 4675 καὶ
1301 4622 1441 4690 ἀγὶῳ
1489 4621 1801 4693 Πνεύματιο

235 4717 331 4787 τὴν
358 4716 417 4769 δὲ
446 4714 672 4777 κακίαν,
708 4713 807 4767 οὐκ
828 4712 1043 4774 οὐσίαν,
1074 4711 1211 4765 ἀλλά
1238 4709 1586 4780 συμϐεϐηκός
1616 4727 1800 4781 φησιν,

232 4806 442 4860 ἔννοιάν
473 4824 614 4869 τινα,
653 4806 750 4858 καὶ
778 4804 956 4871 λόγον,
983 4802 1079 4857 καὶ
1108 4802 1306 4871 πρᾶξιν
1338 4800 1491 4873 παρὰ.
1517 4801 1608 4854 τὸν
1638 4801 1802 4871 νόμον

233 4898 324 4952 τοῦ
353 4897 511 4965 Θεοῦ,
541 4899 599 4951 ὲν
630 4896 706 4967 τῷ
736 4894 1057 4961 ἐννοεῖσθαι,
1079 4892 1175 4947 καὶ
1198 4892 1593 4963 λέγεσθαικκαὶ
1626 4891 1802 4964 πράτ-

233 4988 444 5052 τεσθαι,
473 4989 570 5063 τὴν
616 4987 855 5059 ὓπαρξιν
894 4986 1146 5057 ἔχουσαν,
1176 4984 1273 5037 καὶ
1324 4985 1442 5053 ἅμα
1474 4982 1553 5053 τῷ
1588 4983 1802 5036 παύσας

230 5080 355 5133 σθαι
382 5078 810 5150 ἀφανιζομένην.
848 5079 971 5131 Ἔτι
1023 5076 1079 5129 δὲ
1114 5073 1331 5129 καὶτὸν
1380 5074 1477 5127 ἕνα
1515 5073 1613 5143 τῆς
1640 5074 1800 5143 ἁγίας

240 5172 456 5241 Γριάδος
479 5171 570 5224 τὸν
600 5170 857 5241 Χριστὸν,
889 5168 985 5223 δύο
1016 5169 1208 5238 φύσεις
1239 5164 1518 5237 κηρύττει,
1541 5164 1638 5217 καὶ
1672 5165 1799 5235 μίαν

231 5264 571 5340 inﬂigith
603 5263 743 5316 Ἀλλ’
787 5266 815 5318 ὁ
854 5263 954 5333 τῆς
1011 5259 1271 5337 ἀληθείας
1306 5257 1517 5329 ἐχθρὸς,
1554 5258 1646 5311 καί
1698 5257 1798 5325 τῆς

232 5356 502 5427 σωτηρίας
522 5356 632 5411 τῶν
662 5354 965 5426 ἀνθρώπων
998 5352 1277 5422 πολέμιος,
1305 5351 1334 5402 ό
1373 5350 1501 5402 ποτὲ
1526 5347 1796 5417 δαιμόνων

309 5532 333 5565 ’³
355 5534 497 5592 Psal.
533 5552 626 5603 ιιι,
662 5538 712 5591 1.

1912 4168 2186 4233 adoraret,
2215 4178 2326 4221 tum
2355 4166 2517 4221 etiam
2550 4174 2609 4219 ut
2633 4165 2831 4219 cmlum
2879 4173 2933 4220 ct
2970 4176 3193 4229 terram,
3224 4169 3393 4222 solem
3435 4178 3488 4222 et

1913 4264 2122 4326 lunam,
2160 4268 2215 4314 et
2248 4260 2462 4321 stellas,
2504 4272 2721 4311 omnem
2755 4257 2992 4325 denique
3030 4266 3360 4321 creaturam,
3392 4274 3486 4312 ne-

1908 4370 2183 4425 quaquam
2235 4351 2483 4421 exceptis
2515 4349 2891 4404 animantibus
2928 4364 2992 4405 ac
3030 4350 3343 4419 reptiiibus.
3374 4348 3481 4403 Ne-

1907 4460 2014 4514 que
2047 4443 2192 4498 enim
2224 4441 2515 4497 dissimilis
2547 4439 2735 4510 ﬂagitii
2762 4447 2871 4504 est,
2906 4440 3170 4495 honorem
3196 4440 3328 4508 illis,
3362 4455 3483 4511 quae

1906 4550 1969 4590 eo
2000 4534 2163 4604 digna
2205 4540 2358 4597 sunt,
2392 4546 2617 4603 negare,
2661 4540 2827 4601 atque
2871 4531 3075 4587 nullius
3109 4531 3267 4601 pretii
3294 4528 3479 4596 rebus.

1906 4626 2132 4680 minime
2188 4623 2603 4679 convenientem
2631 4623 3095 4692 immodicamque
3121 4624 3374 4694 gloriam.
3415 4624 3481 4677 At

1905 4717 2129 4781 veritas,
2181 4716 2357 4769 media
2400 4713 2664 4770 incedens
2710 4714 2822 4779 via,
2864 4715 3097 4769 absurda
3135 4729 3363 4783 quaeque
3392 4729 3480 4768 re-

1904 4806 2125 4876 probat,
2173 4803 2488 4875 [docelqttc,
2538 4811 2598 4858 ut
2642 4801 2811 4858 Deum
2871 4819 3039 4857 unum
3082 4804 3477 4866 conﬂteamur;

1903 4906 2157 4951 naturam
2189 4912 2353 4950 unam
2388 4897 2440 4949 in
2475 4896 2655 4951 tribus
2687 4895 2964 4964 personis,
2988 4893 3153 4949 Patre
3177 4905 3231 4949 et
3254 4892 3393 4949 Filio
3423 4903 3477 4947 et

1904 4988 2110 5059 Spiritu
2164 4998 2355 5043 sancto
2391 5008 2403 5042 :
2438 4989 2642 5042 malum
2675 4994 2854 5041 autem
2885 4986 3183 5041 essentiam
3217 4987 3476 5041 substan-

1901 5078 2103 5131 tiamve
2132 5092 2239 5131 non
2274 5093 2416 5141 esse,
2455 5077 2549 5131 sed
2592 5076 2852 5131 accidens
2902 5090 3133 5140 merum,
3171 5084 3300 5144 puta
3322 5076 3475 5145 cogi-

1901 5169 2164 5223 tationem
2191 5166 2512 5238 quamdam,
2546 5181 2973 5236 sermonemque
2997 5173 3049 5221 et
3089 5166 3357 5220 actionem
3384 5165 3472 5219 di-

1899 5259 2041 5315 vinae
2087 5259 2190 5329 legi
2224 5258 2583 5322 contrariam,
2624 5272 2726 5313 nec
2758 5257 2865 5312 nisi
2900 5258 2954 5311 in
2985 5271 3049 5311 eo
3088 5256 3232 5326 quod
3264 5256 3467 5321 cogita-

1900 5355 2012 5414 tur,
2044 5346 2248 5401 dicitur
2273 5352 2326 5402 et
2358 5345 2562 5416 agitur,
2598 5345 2806 5401 habens
2843 5355 2900 5399 ut
2952 5345 3200 5409 exsistat,
3225 5351 3277 5398 et
3303 5344 3467 5399 simul

1515 5691 1746 5750 VARUS
1784 5690 2184 5748 LECTIONES.

298 5798 315 5831 ί
354 5796 508 5852 Coll).
561 5794 741 5862 τιμήν.

820 5804 845 5830 υ
882 5788 1004 5845 ilazc
1030 5788 1309 5844 adduntur
1340 5794 1392 5847 in
1431 5787 1558 5843 cod.
1597 5784 1752 5841 Colh.
1794 5783 1981 5841 fersan
2021 5782 2333 5839 necessaria
2369 5798 2475 5838 non
2501 5782 2842 5839 videbuntur.
