3904 6358
461 322 606 386 1319

1636 314 1695 371 S.
1720 311 2043 373 JOANNIS
2082 308 2511 371 DAMASUENI

3596 304 3754 370 2320

446 455 514 493 ac
562 445 748 493 cessat
828 433 1002 497 actio,
1068 431 1122 484 in
1201 429 1435 485 nihilum
1527 426 1739 481 abiens.
1808 425 2036 495 Insuper

2153 423 2234 478 καὶ
2267 422 2483 477 ἀσεϐῶν
2512 421 2608 474 ἀνθ
2618 420 2838 491 ρώπων,
2860 420 2955 473 καὶ
2982 420 3264 485 πετεινῶν,
3284 418 3378 470 καὶ
3406 417 3751 486 κνωδάλων,

374 518 375 521 ¹
452 527 829 586 Cbristumde
857 524 1132 579 Trinitate
1165 535 1333 576 unum
1362 534 1508 583 esse,
1553 519 1803 589 duasque
1856 518 1913 572 in
1967 530 2035 572 eo

453 631 684 676 naturas
732 625 786 673 et
828 628 991 669 unam
1043 626 1338 683 personam
1387 608 1704 681 praedicam
1748 608 1856 663 Sed
1905 622 2032 663 cum

447 709 697 765 veritatis
746 704 1123 767 adversarius,
1172 701 1572 769 hominumque
1615 698 1816 755 salutis
1850 696 2038 750 inimi-

447 817 574 866 cus,
607 815 713 854 non
757 804 948 869 gentes
982 796 1169 858 modo,
1196 793 1295 850 sed
1319 801 1372 848 et
1404 793 1670 862 ipsosmet
1702 789 1846 844 ﬁlios
1870 787 2038 844 Israel

450 904 831 962 srepenumero
862 887 1179 950 delusisset,
1214 893 1275 939 ut
1314 883 1627 939 dmmouum
1653 888 1709 935 et
1737 880 2031 950 impiorum

448 983 760 1046 hominum,
802 979 1087 1033 volucrum
1125 989 1348 1045 quoque
1387 988 1453 1026 ac
1491 972 1822 1037 belluarnm,
1856 970 2033 1040 repti—

448 1075 699 1142 liumque
727 1070 1063 1145 fabricarent
1100 1064 1396 1135 imagines,
1434 1078 1572 1133 quas
1605 1071 1866 1131 tanquam
1899 1063 2034 1117 deos

451 1165 772 1226 adorarent,
799 1175 947 1215 nunc
974 1157 1281 1213 Ecclesiam
1317 1154 1526 1209 Christi
1561 1153 1858 1222 tranquilla
1899 1166 2037 1222 pace

452 1256 728 1311 fruentem
760 1251 1087 1322 perturbare
1122 1248 1325 1303 nititur
1360 1264 1372 1300 :
1410 1246 1483 1300 ita
1538 1253 1723 1299 tamen
1762 1251 1823 1297 ut
1876 1242 2038 1297 labiis

2138 515 2233 567 καὶ
2266 512 2514 585 ἑρπετῶν
2556 512 2770 573 εἰκόνας
2809 512 3003 575 ποιεῖν,
3046 511 3140 563 καὶ
3178 507 3405 571 ταύταις
3443 507 3524 572 ὡς
3576 508 3748 573 θεοῖς

2138 605 2488 675 προσκυνεῖν,
2521 603 2582 655 ού
2621 601 2783 672 μόνον
2817 598 2885 653 τὰ
2924 599 3073 670 ἔθνη,
3105 597 3243 651 ἀλλὰ
3280 598 3375 650 καὶ
3406 597 3536 659 τοὺς
3576 597 3751 660 υἱοὺς

2151 683 2668 765 Ἰσραὴλ’πολλάκις
2708 691 3011 761 πλανήσας,
3058 686 3151 742 νῦν
3209 687 3434 759 εἰρήνην
3489 685 3751 755 ἔχουσαν

2140 784 2241 853 τὴν
2268 783 2362 837 τοῦ
2393 782 2633 854 Χριστοῦ
2670 780 2999 851 Ἐκκλησίαν
3029 779 3364 850 συνταράξαι
3392 774 3745 839 στωυδάζει·

2141 874 2230 928 διὰ
2284 874 2510 945 χειλέων
2566 874 2770 927 ἀδίκων
2837 875 2932 925 καὶ
2977 871 3225 941 γλώττης
3272 868 3492 930 δολίας,
3539 868 3747 934 λόγοις

2141 963 2306 1027 θείοις
2338 966 2439 1036 τὴν
2470 964 2671 1019 κακίαν
2697 962 3060 1035 παραρτύων,
3087 962 3180 1015 καὶ
3215 958 3418 1029 ταύτης
3449 959 3516 1013 τὸ
3546 960 3742 1027 ἄσχη-

2144 1075 2243 1129 μον
2278 1058 2374 1112 καὶ
2417 1058 2692 1113 σκοτεινὸν
2725 1055 2868 1122 εἶδος
2915 1056 3313 1111 ὲπικαλύπτειν
3353 1057 3739 1126 πειρώμενος.

2142 1150 2239 1203 καὶ
2296 1150 2396 1213 τὰς
2446 1150 2678 1222 καρδίας
2708 1150 2819 1203 τῶν
2848 1150 3198 1220 ἀστηρίκτων
3241 1147 3495 1202 σαλεύειν
3529 1147 3601 1200 ὲκ
3636 1146 3743 1215 τῆς

2143 1241 2379 1313 ἀληθοῦς
2407 1242 2502 1296 καὶ
2534 1242 3023 1313 πατροπαραδότου
3054 1240 3363 1321 συνηθείας.

453 1346 660 1416 iniquis
692 1352 745 1399 et
773 1344 956 1412 lingua
1003 1339 1235 1395 dolosa‘l
1267 1338 1537 1392 malitiam
1571 1337 1775 1391 divinis
1840 1334 2067 1389 condiat
2136 1334 2416 1403 eloquiis,
2491 1334 2755 1405 illiusque
2831 1332 3134 1389 deformem
3202 1333 3744 1402 tenebricosamqne

455 1432 649 1493 faciem
696 1436 825 1491 fuco
870 1435 1085 1490 illinere
1132 1442 1374 1497 tentans,
1426 1429 1774 1485 infirmorum
1818 1428 2037 1481 animos
2074 1440 2104 1479 a
2138 1434 2289 1481 recta
2316 1434 2485 1497 atque
2514 1441 2545 1480 a
2578 1425 2839 1481 Patribus
2880 1433 3107 1494 accepta
3170 1423 3582 1479 consuetudine
3657 1421 3743 1475 di-

453 1537 689 1586 ιιιονειιῑ.

523 1623 577 1676 2.
613 1619 876 1676 Nonnulli
924 1619 1127 1689 quippe
1157 1621 1559 1678 surrexerunt,
1587 1618 1926 1674 asserentes,
1974 1625 2039 1665 ea

457 1733 583 1788 qua:
625 1730 728 1787 pro
754 1723 945 1771 nostra
975 1713 1152 1767 salute
1180 1726 1209 1763 a
1241 1708 1466 1764 Christo
1503 1706 1857 1769 mirabiliter,
1895 1718 2044 1773 quae-

453 1824 561 1878 que
594 1823 624 1863 a
652 1807 860 1863 sanctis
907 1804 1127 1859 fortiter
1162 1809 1357 1856 contra
1389 1799 1666 1854 diabolum
1704 1802 1857 1867 gesta
1892 1803 2042 1857 sunt,

452 1898 770 1955 exhibenda
820 1898 876 1951 in
911 1894 1247 1965 imaginibus
1297 1906 1405 1946 non
1439 1905 1584 1955 esse,
1619 1888 1675 1943 in
1713 1886 1913 1959 quibus
1953 1885 2046 1939 illa

466 1991 934 2060 contemplemur,
983 1998 1333 2049 veneremur,
1379 1982 1721 2037 admiremur
1773 1986 1831 2033 et
1867 1977 2048 2032 imite-

460 2097 613 2137 mur.
655 2080 792 2148 Quis
823 2088 1007 2134 autem
1061 2076 1399 2148 cogitatione
1436 2074 1622 2128 divina
1670 2080 1725 2127 et
1772 2068 2046 2140 spirituali

459 2174 829 2246 intelligentia
868 2173 1135 2237 imbutus,
1183 2170 1237 2224 id
1287 2174 1617 2238 suggerente
1673 2163 1898 2219 diabolo
1932 2176 2045 2216 non

460 2275 732 2338 agnoscat
755 2264 1078 2319 inventum?
1110 2261 1298 2331 Neque
1327 2260 1477 2315 enim
1521 2258 1617 2315 ille
1641 2254 1857 2313 cladem
1890 2254 2047 2324 igno-

456 2357 797 2425 miniamque
822 2369 980 2409 suam
1000 2353 1055 2407 in
1072 2353 1320 2407 omnium
1348 2355 1646 2418 conspectu
1666 2346 1881 2402 traduci
1898 2343 2045 2415 pati-

456 2456 568 2511 tur,
604 2458 709 2499 nec
738 2442 831 2497 Dei
864 2449 1294 2508 sanctorumque
1322 2440 1446 2509 ejus
1475 2436 1709 2508 gloriam
1741 2433 2036 2490 celebrari.

457 2539 520 2591 In
552 2534 706 2604 gravi
738 2533 963 2606 quidem
1001 2547 1354 2589 versaremur
1382 2545 1599 2594 errore,
1624 2529 1671 2585 si
1720 2527 1807 2584 vel
1844 2526 2046 2582 invisi-

454 2629 590 2685 bilis
621 2626 718 2683 Dei
753 2627 1065 2682 faceremus
1114 2624 1412 2695 imaginem
1443 2639 1459 2687 ;
1492 2621 1760 2693 quoniam
1808 2619 1860 2674 id
1897 2617 2044 2690 quod

456 2721 843 2790 incorporeum
880 2724 989 2784 est,
1014 2731 1116 2772 nec
1144 2715 1381 2780 visibile,
1419 2728 1521 2770 nec
1537 2711 2043 2781 circumscriptum,

459 2824 564 2865 nec
593 2809 909 2880 ﬁguratum,
950 2806 1129 2877 ellingi
1162 2820 1393 2875 prorsus
1445 2804 1662 2874 nequit.
1705 2803 1820 2858 Nec
1870 2804 2048 2857 minor

461 2898 605 2957 foret
636 2899 910 2970 impietas,
939 2897 988 2953 si
1009 2898 1311 2953 delineatas
1341 2910 1371 2949 a
1399 2896 1563 2951 nobis
1592 2894 1878 2949 hominum
1912 2893 2050 2946 ima-

461 2980 619 3064 gines
644 2990 1048 3046 arbitraremur
1076 3003 1203 3044 esse
1237 2987 1394 3049 deos,
1421 2988 1618 3057 eisque
1646 2993 1912 3055 tanquam
1939 2986 2048 3039 diis

2226 1605 2295 1677 β’.
2347 1606 2681 1677 Ἀνέστησαν
2732 1604 2843 1676 γάρ
2892 1620 3040 1666 τινες
3088 1602 3381 1671 λέγοντες,
3423 1602 3502 1662 ὡς
3547 1604 3613 1655 οὐ
3662 1602 3745 1655 δεῖ

2155 1696 2445 1759 εἰκονίζειν
2503 1698 2599 1750 καὶ¹
2650 1697 2969 1768 προτιθέναι
3013 1696 3094 1758 εἰς
3146 1695 3384 1765 Θεωρίαν
3428 1694 3528 1746 καὶ
3567 1694 3741 1758 δόξαν

2150 1790 2248 1844 καὶ
2280 1789 2468 1860 θαῦμα
2495 1791 2590 1844 καὶ
2624 1789 2788 1860 ζῆλον
2815 1789 2887 1842 τὰ
2916 1788 3013 1842 τοῦ
3044 1788 3286 1860 Χριστοῦ
3319 1789 3566 1859 σωτήρια
3596 1790 3743 1842 θαυ-

2150 1881 2299 1953 ματά
2327 1897 2389 1934 τε
2424 1881 2520 1936 καὶ
2543 1880 2693 1951 πάθη
2712 1918 2728 1945 ,
2761 1880 2857 1933 καὶ⁹
2880 1879 2979 1943 τὰς
3004 1878 3113 1932 τῶν
3152 1878 3338 1953 ἁγίωνΔ
3354 1878 3741 1950 ἀνδραγαθίας

2155 1941 2302 2027 κατὰ
2329 1972 2427 2027 τοῦ
2465 1941 2742 2028 διαϐόλούγ.
2773 1971 2886 2026 Καὶ
2913 1941 2999 2035 τίς
3045 1941 3426 2041 ἒχων-γνῶσιν
3450 1941 3611 2024 θείαν
3641 1974 3743 2026 καὶ

2147 2063 2367 2117 σύνεσιν
2407 2063 2827 2133 πνευματικὴν,
2881 2062 2983 2116 οὐκ
3027 2060 3426 2129 ἐπιγινώσκει,
3468 2060 3555 2113 ὅτι
3600 2062 3742 2113 ὕπο-

2152 2157 2285 2229 6ολὴ
2305 2157 2402 2211 τοῦ
2441 2158 2697 2211 διαϐόλου
2744 2157 2937 2223 ὲστίνς
2977 2157 3039 2210 οὐ
3092 2156 3238 2209 θέλει
3284 2156 3395 2225 γὰρ
3430 2154 3534 2225 τὴν
3560 2149 3742 2225 ἧτταν

2148 2250 2245 2304 καὶ
2288 2250 2388 2321 τὴν
2433 2250 2699 2322 αἰσχύνην
2748 2248 2916 2304 αὐτοῦ
2949 2246 3413 2320 δημοσιεύεσθαι,
3463 2247 3590 2299 οὐδὲ
3636 2248 3743 2319 τὴν

2145 2340 2240 2395 τοῦ
2267 2339 2403 2394 Θεοῦ
2429 2341 2523 2394 καὶ
2557 2340 2667 2393 τῶν
2704 2339 2879 2409 άγίων
2947 2340 3115 2395 αὑτοῦ
3161 2339 3330 2405 δόξαν
3374 2338 3742 2408 ἀνάγραπτον

2146 2430 2419 2499 γίνεσθαι.
2452 2431 2516 2484 Εἰ
2553 2430 2656 2500 μὲν
2685 2430 2795 2502 γὰρ
2822 2429 2918 2484 τοῦ
2963 2428 3100 2483 Θεοῦ
3138 2429 3235 2483 τοῦ
3274 2429 3512 2501 ἀοράτου
3549 2430 3740 2482 εἰκόνα

2147 2523 2478 2593 ἐποιοῦμεν,
2525 2523 2695 2586 δντως
2740 2521 3165 2593 ήμαρτάνομεν·
3210 2520 3474 2575 ἀδύνατον
3524 2521 3641 2591 γὰρ
3682 2521 3742 2573 τὸ

2147 2614 2445 2685 ἀσώματον
2479 2614 2576 2669 καὶ
2598 2613 3007 2685 ἀσχημάτιστον
3034 2614 3127 2667 καὶ
3155 2613 3389 2685 ἀόρατον
3428 2614 3529 2665 καὶ
3553 2612 3738 2683 ἀπερί-

2148 2726 2417 2782 γραπτον,
2454 2707 2845 2776 εἰκονισθῆναι.
2886 2706 2997 2760 Καὶ
3028 2705 3196 2758 πάλιν
3221 2746 3235 2772 ,
3265 2706 3315 2758 εἰ
3347 2704 3383 2759 ἃ.
3414 2703 3736 2775 ἐποιοῦμεν,

2149 2803 2308 2867 θεοὺς
2335 2801 2618 2874 ἡγούμεθα
2646 2842 2660 2865 ,
2698 2800 2793 2853 καὶ
2829 2799 2904 2864 ώς
2946 2799 3088 2862 θεοῖς
3114 2799 3480 2870 ὲλατρεύομεν
3507 2839 3523 2863 ,
3563 2798 3739 2860 ὅντως

2148 2894 2458 2966 ἢσεϐοῦμεν
2482 2909 2497 2924 ο
2548 2891 2663 2946 ἀλλ’
2697 2890 2849 2945 οὐδὲν
2889 2889 3097 2943 τούτων
3134 2889 3422 2961 ποιοῦμεν.
3453 2889 3597 2943 Θεοῦ
3626 2892 3736 2959 γὰρ

2152 2984 2544 3057 σαρκωθέντος
2577 2984 2673 3037 καὶ
2714 2980 2977 3049 ὀφθέντος
3014 2983 3107 3035 ἐπὶ
3139 2982 3240 3053 τῆς
3268 2982 3377 3051 γῆς
3420 2982 3612 3052 σαρκὶ,
3644 2983 3737 3035 καὶ

462 3079 685 3135 divinos
717 3080 957 3134 honores
988 3078 1377 3148 penderemus.
1402 3078 1472 3130 At
1497 3078 1639 3131 nihil
1672 3078 1780 3131 tale
1800 3076 2044 3131 admitti-

2155 3075 2468 3146 ἀνθρώποις
2494 3074 3036 3145 συναναστραφέντος
3066 3073 3133 3127 δι’
3157 3073 3365 3143 ἄφατον
3393 3074 3735 3144 ἀγαθότητα,

460 3186 589 3226 mus
624 3186 640 3225 :
673 3183 890 3236 verum,
923 3168 1146 3239 quando
1179 3168 1325 3223 Deus
1362 3182 1460 3237 pro
1486 3167 1855 3222 inenarrabili
1886 3166 2047 3221 boni-

461 3266 572 3316 tate
602 3275 705 3314 sua
735 3260 913 3316 factus
948 3267 1035 3314 est
1068 3274 1223 3325 caro,
1273 3267 1329 3314 et
1376 3274 1544 3315 carne
1590 3260 1646 3314 in
1694 3262 1862 3315 terris
1893 3260 2050 3315 visus

462 3357 571 3417 est,
600 3358 654 3406 et
680 3366 806 3405 cum
838 3350 1154 3406 hominibus
1190 3358 1554 3421 conversatus
1586 3358 1670 3405 est
1695 3352 1739 3416 ',
1772 3357 2053 3405 naturam-

463 3457 573 3511 que
625 3449 903 3507 nostram,
955 3456 1172 3496 necnon
1217 3441 1672 3512 spissitudinem,
1706 3450 1761 3498 et
1796 3444 2050 3512 ﬁguram,

463 3541 523 3589 et
554 3534 792 3588 colorem
834 3533 1021 3588 carnis
1058 3534 1380 3604 assumpsit,
1421 3549 1768 3604 nequaquam
1819 3535 2048 3589 aberra-

2148 3168 2242 3221 καὶ
2272 3166 2455 3235 φύσιν,
2481 3165 2576 3218 καὶ
2602 3165 2797 3235 πάχος,
2828 3166 2925 3219 καὶ
2953 3166 3161 3237 σχῆμα,
3204 3166 3302 3219 καὶ
3352 3165 3553 3237 χρῶμα
3600 3182 3737 3237 σαρο

2149 3257 2244 3318 κὸς
2274 3254 2664 3322 ἀναλαϐόντος,
2699 3259 2798 3325 τὴν
2845 3255 3033 3308 εἰκόνα
3086 3254 3366 3317 ποιοῦντες
3409 3256 3470 3307 ού
3499 3255 3738 3323 σφαλλό-

2154 3345 2314 3416 μεθα.
2347 3344 2635 3416 Ποθοῦμεν
2674 3345 2785 3418 γάρ
2833 3344 3002 3400 αὐτοῦ
3049 3346 3180 3399 ἰδεῖν
3215 3346 3307 3400 τὸν
3359 3346 3734 3417 χαρακτῆρα·

2150 3437 2227 3501 ὡς
2256 3438 2366 3509 γάρ
2401 3452 2568 3509 φησιν
2612 3439 2641 3492 ὁ
2689 3439 2831 3502 θεῖος
2877 3438 3239 3502 Ἀπόστολος,
3282 3457 3302 3491 ι
3350 3439 3439 3491 Ἐν
3481 3440 3761 3527 ἐσόπτρῳιι

2154 3529 2250 3582 καὶ
2282 3529 2339 3581 ἐν
2372 3529 2655 3599 αἰνίγματι
2685 3530 2782 3584 νῦν
2812 3528 3105 3601 βλέπομεν.
3144 3548 3165 3582 ι
3200 3530 3311 3584 Καὶ
3340 3528 3504 3583 εἰκὼν
3533 3531 3594 3583 δὲ
3657 3528 3779 3597 εει

466 3638 613 3689 mus,
641 3624 765 3692 ejus
812 3624 1111 3694 imaginem
1163 3623 1546 3693 exprimendo.
1593 3623 1854 3678 Formam
1902 3626 2045 3679 enim

2162 3620 2371 3691 οπτρόν
2404 3621 2523 3673 ἐστι
2558 3621 2654 3674 καὶ
2680 3621 2936 3693 αἴνιγμα,
2972 3621 3217 3692 ἁρμόζον
3246 3624 3314 3693 τῇ
3362 3621 3454 3674 τοῦ
3481 3610 3783 3691 σώματοςιῖ

466 3715 616 3770 illius
662 3714 849 3770 videre
891 3724 1276 3785 peroptamus.
1312 3714 1471 3777 Nam,
1514 3722 1575 3769 ut
1603 3716 1680 3769 ait
1708 3715 2045 3784 Apostolus:

2153 3713 2312 3785 ἡμῶν
2348 3713 2624 3786 παχύτητι
2649 3729 2666 3747 ο
2714 3714 2887 3769 πολλὰ
2909 3715 3018 3785 γὰρ
3048 3716 3273 3785 κάμνων
3301 3716 3331 3769 ὁ
3358 3714 3510 3782 νοῦς,
3552 3719 3613 3771 οὐ
3648 3719 3741 3773 δύο
3760 3698 3789 3779 δ,

480 3818 501 3852 ι
531 3803 793 3860 Videmus
837 3819 986 3859 nunc
1030 3805 1087 3860 in
1137 3805 1361 3875 speculo
1394 3814 1449 3861 et
1495 3804 1551 3859 in
1586 3804 1877 3876 aanigmate
1914 3805 1980 3859 ¹⁰.
2024 3823 2043 3856 ι

2153 3821 2316 3860 ναται
2347 3804 2577 3876 ἐκϐῆναι
2624 3805 2693 3860 τὰ
2721 3805 3045 3877 σωματικά,
3085 3798 3255 3877 φησὶν
3292 3808 3322 3861 ὁ
3349 3804 3495 3871 θεῖος
3523 3807 3737 3878 Γρηγὸ-

464 3891 639 3948 Porro
695 3894 877 3964 imago
931 3902 1018 3950 est
1071 3895 1356 3965 speculum
1393 3902 1447 3948 et
1500 3894 1754 3964 aenigma,
1800 3893 2050 3963 corporis
2154 3914 2294 3968 ριος.
2710 3908 2713 3911 ’
3704 3882 3799 3917 ’/

465 3987 646 4041 nostri
685 3987 1043 4043 crassitudini
1095 3986 1454 4042 conveniens.
1491 3985 1860 4052 Quantumvis
1910 3986 2055 4041 enim
2100 4006 2255 4046 niens
2289 4000 2479 4047 nostra
2507 3991 2774 4056 enitatur,
2804 3989 2969 4063 35.6
2992 4004 3055 4047 ea
3084 4004 3208 4061 qua:
3268 4004 3537 4060 corporea
3608 4002 3741 4047 sunt

467 4075 744 4130 transilire
788 4076 1113 4146 neutiquam
1142 4082 1346 4146 potest,
1385 4082 1446 4129 ut
1473 4075 1694 4131 divinus
1722 4074 1801 4127 ait
1831 4071 2132 4145 Gregorius
2172 4079 2238 4133 “.

534 4166 588 4219 3.
621 4167 808 4236 Apage
858 4175 947 4233 te,
988 4181 1021 4220 ο
1057 4166 1241 4221 invide
1293 4166 1534 4221 diabolc.
1594 4162 1765 4219 Nobis
1830 4163 2050 4219 invides

464 4258 614 4327 quod
644 4256 862 4311 Domini
891 4258 1073 4312 nostri
1095 4264 1461 4312 contueamur
1486 4253 1740 4325 clligiem,
1764 4268 1862 4323 per
1882 4268 2047 4323 quam

466 4348 847 4404 sanctimonia:
890 4358 1178 4418 compotes
1217 4347 1539 4402 elIiciamur.
1597 4345 1815 4400 [nvides
1860 4346 2047 4408 nobis,

465 4440 618 4511 quod
653 4441 953 4495 salutarem
983 4440 1161 4510 ipsius
1194 4439 1509 4511 passionem
1535 4447 1921 4503 contueamur,
1955 4437 2051 4491 de-

467 4546 727 4588 scensum
750 4532 818 4586 ad
845 4546 947 4586 nos
979 4531 1268 4598 miremur,
1290 4530 1558 4586 miracula
1584 4529 2045 4598 contemplemur,

2223 4174 2293 4237 γ’.
2346 4169 2411 4220 Ὢ
2442 4167 2552 4222 ἀπὸ
2602 4169 2721 4233 σοῦ,
2754 4168 2985 4240 φθονερὲ
3039 4168 3296 4223 διάϐολε’
3347 4170 3563 4239 φθονεῖς
3604 4174 3743 4245 ἡμῖν

2158 4259 2288 4313 ἰδεῖν
2316 4260 2379 4313 τὸ
2405 4260 2502 4315 τοῦ
2542 4260 2818 4313 Δεσπότου
2855 4259 3012 4330 ἡμῶν
3040 4260 3317 4331 ὁμοίωμα,
3349 4263 3443 4315 καὶ
3471 4262 3542 4316 δι’
3566 4264 3743 4319 αὑτοῦ

2153 4351 2480 4422 άγιασθῆναι
2504 4368 2519 4383 ’
2555 4351 2650 4405 καὶ
2685 4352 2815 4406 ἰδεῖν
2845 4349 3012 4406 αὐτοῦ
3039 4352 3111 4404 τά
3142 4354 3389 4423 σωτήρια
3424 4352 3611 4424 πάθη,
3646 4359 3745 4412 καὶ

2152 4444 2458 4515 θαυμάζειν
2507 4443 2672 4497 αὑτοῦ
2731 4444 2834 4515 τὴν
2890 4442 3331 4523 συγκατάϐασιν,
3378 4445 3469 4497 καὶ
3498 4444 3745 4520 θεωρεῖν

2153 4533 2319 4588 αὐτοῦ
2350 4534 2420 4587 τὰ
2454 4533 2731 4605 θαύματα,
2770 4533 2866 4588 καὶ
2899 4533 3307 4602 ἐπιγινώσκειν,
3358 4536 3451 4587 καὶ
3488 4534 3745 4601 δοξάζειν

466 4624 700 4693 ejusque
736 4622 1044 4677 divinitatis
1089 4624 1392 4693 potentiam
1437 4637 1829 4693 agnoscamus,
1854 4630 1908 4677 et
1934 4591 2045 4677 col-

2155 4623 2323 4679 αὐτοῦ
2357 4624 2453 4697 τὴν
2476 4591 2577 4696 τῆς
2599 4591 2854 4696 θεότητος
2886 4591 3140 4694 δύναμιν.
3168 4591 3389 4686 Φθονείς
3412 4626 3525 4687 ro't;
3558 4591 3747 4694 ἀγῖοις

470 4714 779 4772 laudemus.
836 4714 1058 4771 Sanctis
1106 4714 1318 4771 invides
1363 4715 1625 4770 collatum
1673 4715 1809 4785 ipsis
1857 4730 1888 4769 a
1947 4713 2056 4768 Deo

469 4806 759 4873 honorem,
805 4806 1146 4878 descriptam
1177 4822 1370 4863 eorum
1415 4807 1648 4879 gloriam
1681 4822 1712 4861 a
1741 4806 1901 4860 nobis
1930 4821 2056 4876 per-

2151 4719 2251 4789 τῆς
2288 4716 2442 4789 παρὰ
2473 4716 2609 4770 Θεοῦ
2645 4716 2939 4788 δεδομένης
2977 4717 3162 4780 αὐτοῖς
3206 4717 3395 4787 τιμῆς.
3442 4718 3518 4770 03
3561 4718 3749 4784 θέλεις

2150 4810 2285 4881 δρᾷν
2317 4810 2466 4882 ἡμᾶς
2495 4807 2596 4879 τὴν
2642 4808 2826 4864 αὐτῶν
2866 4807 3027 4875 δόξαν
3077 4808 3464 4881 ἀνάγραπτον,
3505 4812 3600 4863 καὶ
3646 4809 3753 4881 ξη-

471 4901 613 4970 spici
661 4915 773 4955 non
830 4900 1002 4966 sinis,
1039 4915 1108 4955 ne
1145 4900 1406 4954 virtutem
1458 4900 1705 4969 ipsorum
1763 4914 1827 4952 ac
1892 4900 2045 4952 (idem

2153 4902 2330 4966 λωτάς
2399 4900 2654 4969 γενέσθαι
2722 4901 2825 4970 τῆς
2894 4901 3076 4955 αὐτῶν
3151 4902 3405 4973 ἀνδρείας
3476 4903 3572 4956 καὶ
3650 4906 3752 4957 πί·

470 4991 816 5046 ωιιιυιοιιιυτ.
851 4990 1022 5048 Ferre
1057 5007 1166 5046 non
1217 5001 1396 5061 potes,
1444 5001 1693 5046 nostram
1748 5006 1876 5061 erga
1930 4990 2053 5045 illos

472 5082 658 5143 tidem.
708 5089 824 5137 tum
856 5083 1100 5151 corpori,
1142 5093 1255 5136 tum
1291 5083 1477 5136 animo
1522 5082 1809 5152 prodesse.
1852 5080 1921 5133 At
1953 5081 2052 5134 tibi

472 5186 582 5227 non
612 5172 1004 5243 obsequemur,
1027 5187 1060 5227 o
1082 5173 1297 5228 daemon
1319 5173 1500 5229 invide
1516 5182 1569 5228 et
1598 5188 1726 5228 osor
1740 5173 2045 5227 hominum.

485 5265 696 5331 Audite,
764 5268 980 5339 populi,
1029 5267 1232 5335 tribus,
1286 5267 1508 5337 linguae,
1580 5266 1704 5329 viri,
1766 5266 2050 5331 mulieres,

476 5356 658 5426 pueri,
689 5360 1096 5427 adolescentes,
1126 5360 1385 5425 infantes,
1410 5373 1544 5430 gens
1573 5367 1765 5413 sancta
1792 5355 2056 5412 Christia-

477 5463 671 5503 norum
706 5467 722 5508 :
754 5451 813 5506 Si
861 5453 987 5522 quis
1031 5453 1186 5509 vobis
1225 5452 1707 5523 evangelizaverit,
1759 5458 1958 5522 praeter
1998 5447 2053 5504 id

476 5540 622 5609 quod
643 5540 891 5598 Ecclesia
919 5553 1113 5600 sancta
1140 5546 1437 5613 catholica,
1468 5560 1499 5600 a
1530 5544 1737 5601 sanctis
1761 5543 2047 5615 apostolis,

544 5718 740 5780 'Psal.
769 5737 914 5790 exn,
948 5724 1001 5778 2.
1077 5728 1098 5758 ν
1130 5726 1346 5784 Barucb
1379 5742 1463 5786 tn.
1487 5728 1574 5783 58.

2154 5010 2344 5056 στεως.
2394 4994 2469 5045 os
2517 4993 2707 5064 φέρεις
2755 4986 2883 5065 τὴν“
2902 4998 2967 5047 ὲκ
3012 4995 3111 5065 τῆς
3148 4996 3228 5058 εἰς
3257 4995 3458 5058 αὐτοὺς
3496 4990 3775 5060 πίστεως

2156 5085 2601 5157 προσγενομένην
2656 5088 2787 5156 ἡμῖν
2842 5087 3167 5157 σωματικήν
3226 5103 3288 5139 τε
3347 5086 3444 5139 καὶ
3495 5086 3751 5159 ψυχικὴν

2156 5176 2444 5246 ὠφέλειαν.
2505 5179 2578 5231 Οὐ
2631 5176 2937 5247 πειθόμεθά
2973 5195 3077 5242 σοι,
3128 5179 3323 5248 δαῖμον
3366 5177 3596 5249 φθονερέ
3652 5160 3777 5235 xui;

2162 5267 2540 5355 μισάνθρωπε.
2582 5269 2899 5337 Ἀκούσατε,
2928 5270 3082 5335 λαοὶ,
3106 5271 3297 5341 φυλαὶ,
3330 5272 3607 5339 γλῶσσαι.
3650 5274 3748 5329 1v-

2158 5359 2305 5429 δρες,
2340 5362 2617 5428 γυναῖκες,
2668 5359 2880 5425 παῖδες,
2912 5359 3238 5431 πρεσϐῦται,
3288 5360 3602 5427 νεανίσκοι,
3650 5364 3751 5417 καὶ

2163 5453 2357 5522 νήπια,
2384 5452 2445 5505 τὸ
2468 5451 2623 5516 ἔθνος
2652 5451 3000 5523 Χριστιανῶν
3045 5452 3106 5506 τὸ
3139 5453 3295 5521 ἆγιον
3318 5468 3333 5482 ο
3366 5452 3420 5508 εῐ
3444 5469 3532 5518 τις
3573 5451 3749 5521 εὒαγο

2159 5544 2441 5613 γελίζεται
2474 5544 2620 5615 ὑμᾶς
2651 5545 2781 5615 παρ’
2816 5544 2846 5598 ὂ
2884 5544 3196 5617 παρέλαϐεν
3243 5547 3277 5617 ἡ
3312 5545 3442 5614 ἀγία
3470 5543 3748 5617 καθολικὴ

1682 5729 1725 5761 ὀ
1754 5727 1773 5783 1
1802 5727 1930 5785 Cor.
1956 5744 2075 5799 xm,
2112 5726 2199 5781 19..
2280 5729 2319 5759 ¹¹
2352 5727 2510 5801 Grcg.
2534 5725 2664 5782 Naz.
2701 5738 2847 5782 orat.
2883 5728 2917 5782 ε
2942 5727 3015 5782 De
3046 5725 3304 5796 Tlieolog.
