3904 6358
210 468 337 537 1321
1267 452 1365 512 DE
1405 442 1873 509 IMAGINIBUS
1922 445 2205 506 ORATIO
2271 442 2385 507 III.
3322 435 3457 497 1322

217 576 509 648 Ἐκκλησία
541 572 689 643 παρὰ
729 571 836 624 τῶν
869 566 1209 631 ἀποστόλων,
1256 564 1521 633 Πατέρων
1558 575 1644 621 τε,
1683 554 1779 609 καὶ

1898 550 2148 606 Patribus
2195 560 2251 607 ct
2284 550 2538 607 conciliis
2577 550 2810 620 accepit,
2865 558 2919 604 et
2964 548 3031 603 ad
3082 547 3227 602 hunc
3284 560 3459 616 usque

206 640 460 731 συνόδων,
486 665 582 719 καὶ
611 640 772 735 μέχρι
807 662 902 715 τοῦ
932 660 1026 715 νῦν
1049 655 1339 727 διεφύλαξε
1350 693 1361 718 ,
1402 653 1479 724 μὴ
1504 649 1777 719 ἀκούσητε

1898 643 2030 699 licm
2063 645 2327 709 servavit,
2362 659 2524 699 aures
2554 658 2627 697 ne
2659 640 3031 712 praebueritis,
3062 654 3201 695 neve
3234 653 3459 708 serpen-

206 761 368 817 αὐτοῦ
391 777 405 790 ·
447 728 528 828 ⁷μὴ
560 728 789 826 δέξτίξοε
824 752 924 823 τὴν
967 768 1031 803 συ
1043 746 1284 820 μϐουλὴν
1330 743 1426 797 τοῦ
1460 742 1635 811 ὄφεως
1659 777 1675 801 ,
1703 737 1778 799 ὼς

1898 735 1956 790 .is
1986 733 2273 790 suadelam
2313 734 2668 804 exceperitis,
2711 733 2789 788 uti
2822 732 3038 802 excepit
3074 731 3182 785 Eva
3218 730 3284 794 ¹²,
3315 728 3461 784 unde

203 850 415 915 ἐδέξατο
447 846 585 910 Εὔα,
635 844 732 899 καὶ
771 841 1048 913 ἐτρύγησε
1080 836 1331 891 θάνατον.
1378 832 1499 888 Κᾶν
1528 829 1777 899 ἄγγελος,

206 942 304 997 κᾶν
360 936 618 1010 βασιλεὺς
657 931 1083 1002 εύαγγελίζηται
1133 928 1284 999 ὑμᾶς
1317 925 1447 996 παρ’
1480 922 1508 975 ὃ
1542 919 1781 991 παρελά-

207 1032 322 1085 Seu
344 1071 359 1097 ,
417 1028 673 1083 κλείσατε
703 1024 802 1088 τὰς
834 1022 1003 1085 ἀκοάς
1031 1038 1043 1050 ·
1085 1019 1231 1075 ὀκνῶ
1275 1017 1384 1087 γὰρ
1416 1015 1555 1077 τέως
1584 1013 1779 1076 εἰπεῖν,

214 1119 274 1184 ὥς
301 1118 405 1189 ἔφη
429 1119 457 1181 ῥ
478 1117 621 1179 θεῖος
653 1111 996 1178 Ἀπόστολος,
1046 1108 1328 1178 Ἀνὰθεμα
1356 1105 1537 1170 ἔστω,
1564 1101 1781 1172 ἐκδεχό-

211 1228 365 1283 μενος
389 1211 489 1280 τὴν
510 1207 818 1280 διόρθωσιν.

274 1386 337 1440 δ’.
392 1383 553 1437 Ἀλλὰ
608 1381 861 1449 λέγουσιν
913 1379 965 1431 οἱ
1018 1377 1094 1448 μὴ
1141 1375 1476 1447 ἐρευνῶντες
1520 1371 1611 1426 τὸν
1657 1367 1781 1422 νοῦν

207 1480 301 1548 τῆς
349 1475 616 1548 Γραφῆς,
663 1474 746 1526 ὅτι
790 1466 944 1525 εἶπεν
991 1472 1019 1524 6
1054 1469 1184 1532 Θεὸς
1231 1466 1323 1521 διὰ
1354 1462 1634 1526 Μωῦσέως
1686 1458 1781 1514 τοῦ

208 1566 519 1638 νομοθέτου,
562 1583 580 1616 ι
633 1563 709 1616 Ού
752 1562 999 1632 ποιήσεις
1036 1560 1144 1613 πᾶν
1172 1556 1447 1628 ὁμοίωμα,
1489 1554 1591 1607 ὅσα
1618 1553 1676 1605 ὲν
1706 1549 1784 1622 τῷ

207 1658 450 1732 οὐρανῷ,
512 1658 607 1711 καὶ
655 1656 755 1709 ὅσα
812 1656 871 1707 ὲν
909 1654 977 1725 τῇ
1026 1653 1117 1723 γῇ.
1160 1670 1178 1704 ι
1211 1650 1323 1704 Καὶ
1351 1648 1439 1702 διὰ
1482 1644 1649 1699 Δαὸὶδ
1690 1642 1783 1695 τοῦ

208 1753 486 1824 προφήτου
514 1765 528 1780 ⁶
567 1767 585 1801 ι
614 1745 1084 1817 Αίσχυνθὴτωσαν
1114 1742 1315 1805 πάντες
1345 1742 1393 1793 οἱ
1419 1733 1785 1810 προσκυνοῦν-

207 1864 294 1910 τες
324 1846 438 1906 τοῖς
468 1842 756 1911 γλυπτοῖς,
786 1839 834 1891 οἱ
866 1835 1283 1907 ὲγκαυχώμενοι
1315 1834 1372 1885 ὲν
1401 1833 1515 1894 τοῖς
1542 1826 1784 1891 εἰδώλοις

1881 833 1935 881 et
1960 835 2191 881 mortem
2241 824 2621 880 vindemiavit.
2656 823 2810 879 Licet
2842 823 3095 894 angelus,
3124 821 3253 876 licet
3284 820 3461 890 impe-

1883 927 2035 973 rator
2080 916 2420 986 evangelizet
2460 916 2615 970 vobis
2648 923 2845 985 praeter
2879 914 2931 969 id
2967 914 3112 985 quod
3142 912 3459 982 accepistis,

1886 1024 2052 1064 aures
2089 1008 2367 1063 occludite
2401 1024 2413 1060 :
2441 1022 2509 1063 eo
2558 1008 2763 1077 quippe
2795 1022 2939 1061 nunc
2969 1005 3282 1070 abstinebo,
3317 1003 3465 1074 quod

1886 1098 2168 1170 subjungit
2234 1098 2516 1170 apostolus
2575 1097 2820 1163 Paulus;
2884 1111 3104 1166 nempe,
3168 1095 3466 1149 ΛιιαιΙιεηια

1894 1194 1964 1247 sit
2011 1192 2075 1257 ",
2107 1190 2328 1261 quando
2391 1189 2797 1246 emendationis
2858 1187 3246 1257 exspectandae
3309 1186 3466 1241 locus

1883 1291 1988 1338 88!.

1956 1379 2008 1431 4.
2039 1374 2122 1430 llli
2168 1390 2320 1440 vero,
2370 1374 2508 1430 nihil
2540 1375 2607 1430 de
2640 1372 2943 1444 Scriptura:
2990 1388 3157 1429 sensu
3210 1386 3469 1442 perscru-

1887 1468 2057 1524 tando
2075 1468 2320 1536 solliciti,
2350 1468 2644 1539 objiciunt,
2681 1468 2828 1539 quod
2858 1483 2953 1539 per
2984 1466 3220 1539 Moysem
3251 1467 3470 1537 legisla-

1888 1568 2063 1617 torem
2095 1563 2421 1633 praeceperit
2446 1562 2635 1618 Deus:
2673 1579 2691 1613 ι
2739 1559 2857 1616 Non
2902 1560 3074 1617 facies
3118 1562 3217 1616 tibi
3250 1576 3469 1616 omnem

1887 1651 2305 1708 similitudinem
2332 1667 2526 1708 eorum
2556 1667 2677 1722 qua:
2709 1651 2765 1705 in
2815 1650 2955 1706 coelo
3000 1662 3152 1715 sunt,
3182 1666 3372 1720 quaeve
3413 1651 3469 1704 in

1888 1753 2030 1799 terra
2053 1746 2115 1798 “.
2143 1762 2161 1796 ι
2193 1742 2259 1797 Ει
2289 1759 2384 1812 per
2408 1744 2727 1815 prophetam
2766 1742 2935 1797 David
2964 1760 2976 1795 :
3004 1760 3022 1793 ι
3049 1742 3473 1797 Confundantur

1888 1852 2081 1894 omnes
2115 1838 2212 1909 qui
2248 1838 2479 1909 adorant
2530 1836 2847 1908 sculptilis,
2900 1835 2994 1906 qui
3051 1836 3359 1906 gloriantur
3413 1836 3470 1889 in

210 1936 387 1991 αὐτῶν
413 1951 425 1964 ·
471 1952 489 1984 ι
534 1933 629 1986 καὶ
660 1928 888 1984 τοιαῦτα
920 1926 1093 1981 πολλὰ
1141 1925 1328 1996 ἕτερα.
1376 1923 1518 1976 Ὅσα
1570 1920 1679 1991 γὰρ
1722 1919 1788 1971 ἂν

1898 1929 2207 1986 simulacris
2255 1929 2374 1997 suis
2400 1930 2482 1994 '5;
2539 1948 2557 1979 ι
2613 1937 2669 1983 et
2717 1927 2825 1982 alia
2878 1927 3049 1981 multa
3104 1927 3191 1982 his
3244 1927 3469 1982 similia.

210 2030 271 2081 ἐκ
317 2026 419 2096 τῆς
464 2024 615 2087 θείας
646 2023 871 2093 Γραφῆς
896 2061 911 2086 .
961 2018 1057 2072 καὶ
1089 2019 1154 2070 ἐκ
1181 2014 1291 2068 τῶν
1328 2013 1499 2082 ἁγίων
1530 2009 1786 2079 Πατέρων

212 2117 644 2191 προσενέγκωσι,
681 2115 779 2185 τῆς
816 2109 988 2180 αὐτῆς
1027 2109 1233 2173 ἐννοίας
1267 2107 1393 2161 εἰσί.

279 2300 343 2353 Τί
381 2294 473 2352 οὖν
524 2297 685 2364 ἡμεῖς
708 2264 897 2364 ἷραμεν
933 2290 1069 2360 πρὸς
1100 2288 1313 2352 ταύτας
1357 2286 1423 2338 Τί
1448 2283 1598 2348 ἄλλο,
1627 2285 1674 2335 εί
1714 2281 1788 2352 μὴ

210 2395 269 2447 τὸ
298 2391 402 2444 ὑπὸ
430 2388 520 2443 τοῦ
548 2385 753 2458 Κυρίου
787 2382 1099 2455 εἰρημένον,
1127 2398 1145 2431 ι
1200 2377 1485 2449 Ἑρευνᾶτε
1515 2374 1615 2439 τὰς
1643 2375 1788 2445 Γρα-

213 2487 317 2556 φάς
345 2500 356 2513 ·
397 2504 415 2536 ι
461 2481 602 2551 καλὴ
635 2478 745 2550 γὰρ
777 2475 948 2548 ἡτῶν
984 2472 1220 2545 Γραφῶν
1268 2470 1465 2543 ἔρευνα
1487 2485 1499 2495 ·
1540 2467 1655 2523 ἀλλ’
1706 2469 1790 2520 ὲν-

210 2577 384 2632 ταῦθα
410 2572 677 2643 νουνεχῶς
711 2568 1034 2640 προσέχετε.
1076 2564 1388 2628 Ἀδύνατον,
1411 2559 1456 2615 ῶ
1490 2558 1788 2629 ἀγαπητοὶ,

211 2672 341 2724 Θεὸν
366 2665 673 2738 ψεύσασθαι
699 2680 711 2694 ·
747 2656 830 2726 εἷς
858 2660 966 2731 γάρ
997 2659 1114 2711 ἐστι
1141 2656 1296 2721 Θεὸς,
1332 2650 1413 2718 εἷς
1446 2652 1741 2723 νομοδότης
1763 2660 1789 2688 ν

213 2760 458 2822 Παλαιᾶς
505 2757 601 2810 καὶ
646 2752 860 2823 Καινῆς
912 2748 1228 2819 Διαθήκης,
1275 2749 1303 2800 6
1346 2744 1517 2799 πάλαι
1554 2743 1793 2813 λαλήσας

146 2906 147 2909 η
216 2847 539 2919 πολυμερῶς
571 2845 666 2898 καὶ
706 2842 1064 2912 πολυτρόπως
1104 2840 1218 2901 τοῖς
1260 2837 1535 2909 πατράσιν
1580 2837 1637 2887 ὲν
1681 2835 1793 2896 τοῖς

214 2941 524 3013 προφήταις
550 2977 566 3002 ,
614 2936 710 2990 καὶ
753 2934 842 2987 ἐπ’
878 2932 1124 3002 ἐσχάτων
1165 2929 1272 2983 τῶν
1324 2928 1567 2999 χρόνων,
1607 2927 1665 2978 ὲν
1716 2924 1794 2995 τῷ

219 3035 495 3108 μονογενεί
524 3029 694 3085 αὐτοῦ
730 3027 863 3099 Υίῷ.
907 3023 1216 3098 Προσέχετε
1256 3022 1440 3075 τοίνυν
1468 3019 1608 3092 μετὰ
1636 3019 1794 3087 ἀκρι-

217 3126 392 3191 ϐείας,
425 3123 526 3176 οὐκ
556 3119 689 3192 ἐμὸς
732 3119 759 3172 6
804 3116 966 3185 λόγος
996 3115 1113 3169 ἐστί
1140 3130 1154 3144 ⁸
1200 3113 1261 3165 τὸ
1287 3110 1515 3181 Πνεῦμα
1549 3109 1610 3162 τὸ
1639 3108 1794 3176 ἂγιον

216 3219 303 3272 διὰ
330 3215 547 3269 Παύλου
577 3210 673 3266 τοῦ
714 3208 872 3279 ἁγίου
902 3205 1209 3262 ἀποστόλου
1237 3202 1594 3273 ἀπεφήνατο·
1628 3219 1649 3251 ι
1689 3201 1787 3254 Πο‹

215 3311 278 3363 λυ
287 3308 467 3381 μερῶς
492 3305 585 3360 καὶ
613 3271 969 3375 πολυτρόπως
997 3298 1166 3353 πάλαι
1191 3298 1219 3350 6
1241 3271 1374 3359 Θεὸς
1414 3271 1655 3365 λαλήσας
1680 3295 1791 3355 τοῖς
1819 3271 1864 3330 α

218 3401 489 3474 πατράσιν
540 3398 599 3449 ὲν
637 3396 748 3456 τοῖς
793 3392 1126 3462 προφήταις.
1173 3408 1193 3441 ι
1252 3387 1396 3457 ’Ὀρα
1434 3385 1517 3439 ὅτι
1556 3383 1792 3454 πολυμε-

221 3495 326 3567 ρῶς
360 3492 453 3545 καὶ
496 3484 857 3557 πολυτρόπως
896 3482 1156 3551 ἐλάλησεν
1187 3483 1215 3534 6
1247 3480 1401 3543 Θεός.
1443 3480 1655 3547 Ὥσπερ
1682 3474 1791 3545 γὰρ

216 3585 536 3655 ἐπιστήμων
587 3576 768 3649 ἰατρὸς
820 3576 880 3629 οὐ
940 3575 1003 3627 τὸ
1049 3572 1184 3626 αύτὸ
1234 3567 1374 3634 εἶδος
1423 3571 1560 3623 πᾶσι
1608 3568 1793 3622 δίδωσι

217 3681 487 3743 πάντοσε,
527 3674 644 3729 ἀλλ’
693 3671 914 3740 ἑκάστῳ
969 3668 1031 3722 τὸ
1078 3665 1386 3734 ἐπιτήδειον
1433 3662 1664 3734 παρέχει
1700 3659 1793 3714 καὶ

22 3816 31 3835 η,
62 3810 67 3831 ε
98 3784 137 3817 τι
186 3836 187 3839 η
218 3770 530 3841 πρόσφορον
573 3764 867 3834 φάρμακον
890 3768 940 3823 ι,
989 3757 1286 3829 διακρίνων
1321 3755 1417 3809 καὶ
1469 3753 1651 3825 χώραν
1700 3751 1795 3805 καὶ

217 3865 372 3916 νόσον
412 3861 505 3914 καὶ
542 3856 713 3929 ὥραν,
751 3853 1021 3917 τουτέστι,
1052 3849 1243 3919 καιρὸν
1279 3848 1375 3902 xa‘t
1402 3848 1515 3914 ἕξιν
1555 3845 1649 3901 καὶ
1677 3846 1796 3916 ἠλι-

220 3954 379 4008 κίαν·
434 3952 528 4004 καὶ
574 3948 650 4020 τῷ
699 3947 798 4019 μὲν
849 3945 1067 4016 νηπίῳ,
1103 3942 1321 4013 ἕτερον,
1372 3938 1449 4010 τῷ
1500 3937 1557 3991 δὲ
1606 3936 1796 4006 τελείῳ

219 4047 362 4101 κατὰ
402 4045 500 4114 τὴν
540 4042 791 4114 ἡλικίαν,
837 4038 1057 4109 ἕτερον’
1110 4035 1237 4090 ἄλλο
1278 4033 1357 4104 τῷ
1406 4031 1658 4095 ἀσθενεῖ,
1702 4029 1797 4084 καὶ

223 4137 354 4191 ἄλλο
387 4134 464 4205 τῷ
492 4131 827 4201 ὑγιαίνοντιο
871 4127 965 4182 καὶ⁸
999 4125 1215 4196 ἑκάστῳ
1250 4123 1359 4177 τῶν
1400 4120 1794 4185 ἀσθενούντων,

222 4230 283 4282 οὐ
314 4227 375 4280 τὸ
406 4224 557 4287 αὐτὸ,
591 4222 728 4276 ἀλλὰ
760 4221 895 4293 πρὸς
921 4218 1022 4291 τὴν
1058 4217 1173 4284 ἕξιν
1204 4216 1300 4270 καὶ
1327 4213 1483 4268 νόσον
1505 4231 1517 4244 ·
1544 4213 1639 4268 καὶ
1669 4213 1796 4267 ἄλλο

220 4318 300 4389 τῷ
333 4318 502 4388 θέρει,
542 4317 638 4370 καὶ
670 4314 747 4384 τῷ
771 4310 1002 4383 χειμῶνι
1031 4310 1241 4378 ἕτερον,
1278 4305 1585 4376 μετοπώρῳ
1609 4321 1669 4356 τε
1700 4304 1797 4358 καὶ

220 4410 367 4481 ἔαρι,
399 4409 494 4462 καὶ
524 4408 582 4460 ὲν
621 4405 837 4475 ἑκάστῳ
864 4403 1036 4470 τόπῳ,
1070 4398 1214 4454 κατὰ
1242 4397 1342 4467 τὴν
1366 4396 1458 4450 τοῦ
1484 4399 1647 4450 τόπου
1677 4397 1798 4450 ὲπι-

218 4501 543 4571 τηδειότητα
566 4514 578 4526 ’
607 4495 750 4551 οὓτω
780 4495 874 4548 καὶ
902 4496 929 4547 6
962 4495 1181 4563 ἄριστος
1217 4490 1324 4543 τῶν
1368 4488 1555 4558 ψυχῶν
1592 4489 1795 4561 ἰατρὸς,

1891 2020 2265 2092 Quazcumque
2296 2021 2467 2087 enim,
2510 2028 2628 2075 tum
2669 2036 2736 2075 ex
2770 2019 3060 2091 Scriptura
3108 2018 3315 2083 divina,
3359 2027 3472 2073 tum

1888 2128 1961 2169 ex
1990 2112 2249 2170 Patribus
2275 2113 2631 2183 protulerint,
2672 2112 2866 2168 eodem
2901 2126 3067 2168 sensu
3117 2110 3473 2182 intelligenda

1896 2208 2140 2262 veniunt.
3260 2270 3267 2279 ,

1964 2298 2104 2366 Quid
2155 2298 2323 2369 igitur
2364 2299 2432 2352 ad
2485 2298 2600 2353 hazc
2650 2298 2937 2353 dicemus?
2982 2296 3125 2364 Quid
3180 2297 3350 2361 aliud,
3390 2298 3475 2351 in-

1891 2407 2080 2461 quam,
2114 2390 2222 2445 nisi
2274 2391 2426 2461 quod
2471 2388 2679 2445 Judaais
2724 2405 2755 2443 a
2798 2388 3034 2444 Domino
3081 2390 3289 2445 dictum
3348 2389 3469 2445 fuit.

1898 2502 1918 2535 ι
1946 2482 2281 2538 Scrutamini
2308 2481 2625 2552 Scripturas
2644 2481 2731 2535 “i
2757 2499 2776 2533 ι
2816 2479 3137 2536 Laudabilis
3161 2481 3364 2552 quippe
3389 2490 3475 2537 est

1896 2575 2303 2646 Scripturarum
2361 2574 2751 2645 perscrutatio.
2801 2573 2909 2630 Sed
2954 2574 3045 2629 hic
3099 2588 3223 2629 cum
3277 2590 3473 2643 magna

1895 2670 2155 2724 cautione
2201 2668 2448 2724 animum
2481 2667 2768 2724 attendite.
2810 2666 3159 2738 Impossibile
3189 2676 3296 2731 est,
3330 2668 3473 2725 dile-

1895 2762 2157 2825 ctissimi,
2202 2762 2423 2817 mentiri
2471 2760 2643 2816 Deum
2674 2762 2742 2816 ‘7.
2776 2759 2930 2817 Unus
2956 2760 3162 2832 quippe
3188 2761 3333 2817 Deus
3364 2769 3472 2826 est,

1896 2869 2065 2921 unus,
2092 2853 2338 2921 inquam,
2357 2868 2388 2906 a
2413 2867 2524 2923 quo
2547 2851 2719 2909 Vetus
2748 2859 2805 2908 et
2824 2851 3036 2908 Novum
3060 2851 3474 2910 Testamentum

1898 2943 2175 2999 sancitum
2213 2941 2354 3008 fuit;
2389 2942 2482 3011 qui
2535 2939 2895 2996 multifariam
2950 2941 3248 3012 multisque
3296 2942 3475 2998 modis

1896 3037 2028 3091 olim
2070 3036 2289 3092 locutus
2324 3044 2410 3092 est
2455 3034 2706 3106 patribus
2755 3036 2811 3089 in
2860 3035 3165 3106 prophetis,
3206 3044 3372 3107 atque
3419 3038 3475 3091 in

1898 3128 2220 3185 novissimis
2270 3127 2632 3198 temporibus,
2686 3127 2743 3181 in
2794 3127 3087 3199 unigenito
3144 3125 3286 3183 Filio
3349 3142 3474 3184 suo.

1897 3218 2332 3274 Auimadvertite
2377 3218 2563 3287 itaque
2596 3217 2923 3288 diligenter;
2974 3218 3146 3274 verba
3192 3219 3310 3274 haec
3360 3233 3473 3274 non

1896 3322 2017 3363 mea
2054 3316 2184 3363 sunt
2216 3324 2229 3360 :
2270 3305 2513 3376 Spiritus
2563 3316 2790 3362 sanctus
2825 3322 2923 3377 per
2957 3316 3210 3363 sanctum
3242 3310 3478 3379 Aposto-

1895 3399 2007 3453 lum
2041 3399 2452 3469 pronuntiavit:
2489 3418 2507 3451 ‹
2542 3398 2922 3463 Multifariam,
2956 3400 3259 3471 multisque
3296 3402 3477 3457 modis

1896 3492 2025 3547 olim
2047 3490 2192 3545 Deus
2225 3490 2456 3559 loquens
2487 3491 2738 3558 patribus
2772 3491 2826 3544 in
2862 3490 3149 3560 prophetis
3181 3492 3243 3546 ιδ.
3270 3510 3289 3543 ι
3330 3493 3478 3547 Con-

1896 3581 2082 3639 sidera
2110 3580 2309 3652 iDeum
2352 3579 2712 3635 multifariam
2773 3580 3075 3651 multisque
3126 3581 3304 3638 modis
3350 3597 3473 3639 esse

1896 3673 2164 3727 locutum.
2203 3670 2357 3725 Sicut
2400 3668 2547 3724 enim
2595 3670 2805 3740 peritus
2839 3670 3084 3726 medicus
3133 3684 3244 3724 non
3288 3670 3471 3726 omni-

1897 3764 2023 3828 bus,
2067 3776 2170 3817 nec
2220 3775 2440 3831 semper
2486 3760 2630 3815 idem
2680 3760 2909 3815 remedii
2945 3777 3120 3830 genus
3154 3761 3467 3830 ministrat,

1899 3869 2088 3909 verum
2141 3852 2326 3907 habita
2364 3851 2580 3907 ratione
2615 3859 2732 3905 tum
2782 3852 3043 3922 regionis,
3099 3862 3217 3907 tum
3277 3855 3475 3921 morbi,

1900 3956 2014 4003 tum
2055 3945 2340 4016 temporis,
2391 3952 2510 3999 tum
2564 3946 2784 4001 aetatis:
2838 3952 3003 4016 atque
3048 3946 3196 4001 aliud
3257 3948 3477 4018 quidem

1899 4038 2120 4103 infanti,
2156 4036 2309 4091 aliud
2332 4037 2451 4092 viro
2483 4039 2662 4094 aetatis
2692 4046 2940 4103 maturae,
2979 4041 3270 4111 aegrotanti
3305 4042 3476 4109 aliud,

1900 4134 2049 4188 aliud
2086 4147 2244 4199 sano,
2274 4149 2379 4188 nec
2402 4131 2624 4187 cunctis
2657 4130 2889 4202 perinde
2933 4133 3356 4203 mgrotantibus,
3382 4137 3478 4191 sed

1901 4227 2135 4296 singulis
2166 4240 2266 4295 pro
2290 4224 2564 4294 cujusque
2595 4231 2746 4279 statu
2774 4229 2834 4278 et
2868 4226 3062 4279 morbo
3092 4238 3106 4277 :
3138 4239 3479 4297 rursumque

1900 4319 2049 4375 aliud
2097 4318 2319 4390 quidem
2367 4315 2768 4382 aestate,aliud
2809 4316 3011 4381 hieme,
3047 4317 3282 4372 alterum
3328 4333 3476 4385 vere,

1902 4421 2170 4467 autumno
2222 4410 2479 4477 alterum,
2523 4408 2755 4463 alterum
2814 4407 3035 4463 tandem
3093 4423 3192 4479 pro
3243 4410 3479 4480 singulis

1901 4503 2061 4576 34⁵1
2093 4503 2252 4566 locis,
2284 4500 2589 4558 secundum
2620 4499 2800 4555 varias
2834 4499 3124 4571 regionum
3157 4501 3477 4571 qualitates.

219 4595 333 4656 τοῖς
364 4592 445 4644 ἔτι
476 4588 688 4660 νηπίοις
715 4587 809 4641 καὶ
836 4583 1182 4656 ἀρρωστοῦσι
1212 4584 1312 4654 τὴν
1347 4583 1487 4652 πρὸς
1514 4582 1610 4652 τὴν
1640 4582 1791 4635 εἰδω-

1904 4596 1995 4651 Sic
2033 4597 2276 4666 optimus
2309 4594 2473 4647 etiam
2502 4593 2815 4647 animorum
2857 4592 3129 4658 medicus,
3172 4592 3479 4650 infantibus

222 4684 512 4757 λολατρίαν
542 4682 732 4746 νόσον,
781 4680 878 4733 καὶ
915 4678 986 4731 τὰ
1034 4676 1228 4730 εἴδωλα
1257 4675 1413 4737 θεοὺς
1447 4674 1795 4745 ἡγουμένοις,

222 4781 319 4833 καλ⁸
355 4778 429 4841 ὡς
460 4778 600 4839 θεοῖς
634 4774 820 4835 αὐτοῖς
856 4768 1247 4844 προσκυνοῦσι,
1294 4769 1388 4821 καὶ
1419 4766 1673 4820 ἁθετοῦσι
1701 4767 1799 4839 τὴν

218 4869 318 4923 τοῦ
365 4866 499 4920 Θεοῦ
560 4862 972 4937 προσκύνησιν,
1016 4859 1111 4913 καὶ
1159 4857 1257 4929 τὴν
1311 4856 1475 4910 αὑτοῦ
1522 4857 1678 4922 δόξαν
1731 4861 1797 4930 τῇ

222 4963 400 5015 κτίσει
428 4958 819 5029 προσάγουσιν,
846 4952 1196 5024 ἀπηγόρευσε
1227 4949 1322 5004 τοῦ
1355 4952 1530 5004 ποιεῖν
1563 4951 1800 5016 είκόνας.

219 5053 361 5107 Θεοῦ
400 5052 500 5123 μὲν
527 5051 637 5123 γὰρ
658 5089 674 5115 ,
721 5049 817 5103 τοῦ
847 5048 1144 5119 ἀσωμάτου
1172 5086 1187 5112 ,
1240 5047 1333 5100 καὶ
1360 5048 1595 5119 ἀοράτου
1619 5052 1675 5084 ι’
1710 5047 1803 5101 καὶ

221 5144 389 5198 ἀῦλου
416 5183 431 5207 ,
468 5141 565 5195 καὶ
613 5143 749 5212 μήτε
789 5140 1015 5212 σχῆμα,
1056 5139 1197 5210 μήτε
1228 5139 1580 5212 περιγραφὴν
1605 5180 1621 5205 ,
1666 5144 1803 5211 μήτε

213 5233 534 5303 κατάληψιν
565 5232 782 5303 ἔχοντος
808 5232 1074 5286 ἀδύνατον
1109 5233 1283 5285 ποιεῖν
1309 5231 1515 5286 εἰκόνα.
1548 5232 1672 5296 Πῶς
1695 5233 1804 5304 γὰρ

215 5328 283 5379 τὸ
311 5326 385 5396 μὴ
415 5324 612 5396 όραθὲν
656 5322 1091 5393 εἰκονισοήσεται
1122 5339 1137 5388 ;
1174 5341 1192 5373 ι
1230 5321 1361 5376 Θεὸν
1402 5322 1458 5376 δὲ
1492 5323 1668 5387 οὐδεὶς
1701 5323 1802 5376 ἐώ-

222 5432 358 5486 ρακε
387 5413 607 5467 πώποτε
631 5428 646 5442 ’
678 5415 706 5466 6
735 5412 1032 5484 μονογενὴς
1061 5413 1221 5479 Υἱὸς,
1278 5415 1305 5466 ό
1336 5414 1412 5466 ῶν
1439 5416 1496 5467 ὲν
1525 5417 1637 5479 τοῖς
1677 5416 1804 5468 κόλ-

299 5575 343 5605 ¹²
371 5573 507 5629 Gen.
550 5589 631 5641 ut,
663 5574 718 5628 2.
811 5575 854 5606 ¹³
885 5575 1061 5631 Galat.
1094 5594 1133 5641 ι,
1174 5579 1227 5632 8.

1322 5577 1363 5608 '5
1396 5578 1564 5634 Exod.
1592 5596 1683 5642 1x,
1716 5582 1804 5635 Eli.

222 5644 269 5677 ’⁸
300 5643 466 5699 Hebr.
522 5662 557 5710 ι,
592 5648 643 5700 1.

1903 4688 2083 4743 adhuc
2120 4693 2174 4743 et
2204 4685 2534 4742 idololatriae
2555 4685 2746 4741 morbo
2773 4685 3178 4752 laborantibus,
3204 4686 3323 4755 qui,
3352 4702 3478 4740 cum

1902 4779 2200 4835 simulacra
2239 4776 2373 4833 deos
2422 4792 2549 4833 esse
2597 4784 2884 4849 putarent,
2938 4793 3004 4833 ac
3044 4785 3301 4848 tanquam
3349 4781 3482 4836 deos

1904 4869 2222 4933 adorarent,
2278 4867 2526 4923 debitum
2570 4867 2683 4925 Deo
2738 4869 2950 4923 cultum
2996 4877 3053 4924 et
3099 4868 3478 4927 adorationem

1903 4958 2264 5030 denegabant,
2300 4959 2582 5031 ipsiusque
2598 4960 2827 5030 gloriam
2859 4960 2928 5015 ad
2956 4968 3268 5016 creaturam
3303 4972 3484 5018 trans-

1905 5050 2176 5113 ferebant.
2208 5052 2295 5108 his
2331 5052 2599 5123 imagines
2641 5051 2823 5107 facere
2868 5055 3068 5110 vetuit.
3094 5052 3484 5110 Verumenim-

1904 5158 2036 5200 vero
2083 5142 2198 5212 Dei,
2252 5144 2346 5213 qui
2405 5144 2788 5215 incorporeus,
2826 5142 3161 5209 invisibilis,
3194 5160 3224 5197 a
3256 5144 3485 5198 materia

1907 5248 2172 5302 remotus,
2226 5251 2337 5290 non
2383 5235 2672 5308 ﬁguratus,
2716 5250 2817 5291 nec
2852 5236 3336 5305 circumscriptus,
3384 5250 3487 5291 nec

1908 5327 2425 5399 comprehensibilis
2473 5334 2578 5394 est,
2620 5327 2803 5397 imago
2845 5326 2997 5382 nulla
3037 5325 3236 5380 conﬁci
3278 5333 3483 5396 potest.

1905 5420 2191 5491 Quomodo
2232 5420 2378 5475 enim
2430 5418 2485 5474 id
2539 5418 2687 5489 quod
2722 5417 2781 5471 in
2827 5426 3111 5488 aspectum
3158 5434 3268 5471 non
3314 5418 3485 5483 cadit,

1902 5583 1941 5613 ιδ
1977 5583 2119 5638 [δεδι.
2164 5599 2306 5648 xcvi,
2345 5583 2397 5636 8.
2498 5582 2542 5613 ¹⁶
2567 5580 2726 5636 Joan.
2752 5596 2805 5643 ν,
2830 5579 2919 5635 59.
3020 5574 3261 5635 "’Ilebr.
3295 5594 3368 5642 τι,
3398 5576 3483 5632 18.

1544 5740 1777 5799 νΑιιιΑε
1821 5743 2111 5802 LECTION
2120 5746 2197 5801 ES
2212 5784 2226 5800 .

299 5827 506 5909 Y_Colb_.
538 5828 853 5909 νομοθέτης,
881 5836 939 5883 ut
965 5838 1019 5885 et
1057 5831 1110 5884 in
1140 5838 1279 5885 orat.
1314 5831 1367 5886 2.
1451 5843 1475 5872 ι
1506 5831 1662 5890 Colb.
1697 5844 1748 5890 et
1774 5845 1914 5891 orat.
1953 5838 1985 5889 εὶ
2016 5838 2154 5891 κατὰ
2180 5837 2279 5909 τὴν
2313 5837 2425 5901 ’ἐξιν
2445 5835 2677 5906 παρέχει
2700 5835 2759 5889 τὸ
2777 5835 3089 5907 φάρμακον.
3170 5830 3405 5904 ιῖῡοοιι
3430 5833 3493 5886 in

224 5899 384 5955 Coll).
417 5900 511 5953 καὶ
538 5899 793 5968 ἀοράτου.

590 5993 860 6055 Pauor"
899 5996 1013 6056 Gn.
1048 5995 1243 6056 XCIV.

2968 5992 3046 6055 42
